  <div class='ocr_page' id='page_1' title='image "/cluster/home/n/w/nwhite01/storage/ocr_20150623/99/hvd.32044024464356/611.png"; bbox 0 0 4054 6364; ppageno 0'>
   <div class='ocr_carea' id='block_1_1' title="bbox 544 299 679 384">
    <p class='ocr_par' dir='ltr' id='par_1_1' title="bbox 544 299 679 384">
     <span class='ocr_line' id='line_1_1' title="bbox 544 299 679 384; baseline -0.03 -1"><span class='ocrx_word' id='word_1_1' title='bbox 544 299 679 384; x_wconf 71' lang='lat'><strong>1201</strong></span> 
     </span>
    </p>
   </div>
   <div class='ocr_carea' id='block_1_2' title="bbox 1731 315 2599 380">
    <p class='ocr_par' dir='ltr' id='par_1_2' title="bbox 1731 315 2599 380">
     <span class='ocr_line' id='line_1_2' title="bbox 1731 315 2599 380; baseline 0.005 -4"><span class='ocrx_word' id='word_1_2' title='bbox 1731 315 1794 376; x_wconf 84' lang='lat'><strong>8.</strong></span> <span class='ocrx_word' id='word_1_3' title='bbox 1833 315 2224 377; x_wconf 84' lang='lat' dir='ltr'><strong>THEODORI</strong></span> <span class='ocrx_word' id='word_1_4' title='bbox 2253 317 2599 380; x_wconf 61' lang='lat' dir='ltr'><strong>STUDITE</strong></span> 
     </span>
    </p>
   </div>
   <div class='ocr_carea' id='block_1_3' title="bbox 3651 320 3801 385">
    <p class='ocr_par' dir='ltr' id='par_1_3' title="bbox 3651 320 3801 385">
     <span class='ocr_line' id='line_1_3' title="bbox 3651 320 3801 385; baseline 0.013 -1"><span class='ocrx_word' id='word_1_5' title='bbox 3651 320 3801 385; x_wconf 74' lang='lat'><strong>1208</strong></span> 
     </span>
    </p>
   </div>
   <div class='ocr_carea' id='block_1_4' title="bbox 536 415 2111 499">
    <p class='ocr_par' dir='ltr' id='par_1_4' title="bbox 536 415 2111 493">
     <span class='ocr_line' id='line_1_4' title="bbox 536 415 2111 493; baseline 0.001 -14"><span class='ocrx_word' id='word_1_6' title='bbox 536 425 644 490; x_wconf 80' lang='lat' dir='ltr'><strong>fra,</strong></span> <span class='ocrx_word' id='word_1_7' title='bbox 673 425 836 490; x_wconf 91' lang='lat' dir='ltr'><strong>intra,</strong></span> <span class='ocrx_word' id='word_1_8' title='bbox 896 433 1070 488; x_wconf 78' lang='lat' dir='ltr'><strong>extra,</strong></span> <span class='ocrx_word' id='word_1_9' title='bbox 1105 423 1478 492; x_wconf 78' lang='lat' dir='ltr'><strong>dextrorsum,</strong></span> <span class='ocrx_word' id='word_1_10' title='bbox 1513 425 1918 493; x_wconf 83' lang='lat' dir='ltr'><strong>sinistrorsum,</strong></span> <span class='ocrx_word' id='word_1_11' title='bbox 1946 427 2001 482; x_wconf 91' lang='lat' dir='ltr'><strong>in</strong></span> <span class='ocrx_word' id='word_1_12' title='bbox 2031 415 2111 484; x_wconf 88' lang='lat' dir='ltr'><strong>or-</strong></span> 
     </span>
    </p>
   </div>
   <div class='ocr_carea' id='block_1_5' title="bbox 2211 415 3800 499">
    <p class='ocr_par' dir='ltr' id='par_1_5' title="bbox 2225 426 3800 499">
     <span class='ocr_line' id='line_1_5' title="bbox 2225 426 3800 499; baseline 0.004 -21"><span class='ocrx_word' id='word_1_13' title='bbox 2225 426 2507 499; x_wconf 84' lang='grc' dir='ltr'>ἀχθηδόσι,</span> <span class='ocrx_word' id='word_1_14' title='bbox 2537 427 2635 483; x_wconf 75' lang='grc' dir='ltr'>καὶ</span> <span class='ocrx_word' id='word_1_15' title='bbox 2659 431 2774 494; x_wconf 77' lang='grc' dir='ltr'>τοῖς</span> <span class='ocrx_word' id='word_1_16' title='bbox 2817 428 2998 494; x_wconf 72' lang='grc' dir='ltr'>ἄλλοις</span> <span class='ocrx_word' id='word_1_17' title='bbox 3045 428 3394 499; x_wconf 74' lang='grc' dir='ltr'>ἀδιασλήτοις</span> <span class='ocrx_word' id='word_1_18' title='bbox 3437 427 3701 494; x_wconf 79' lang='grc' dir='ltr'>πάθεσιν,</span> <span class='ocrx_word' id='word_1_19' title='bbox 3733 432 3800 484; x_wconf 80' lang='grc' dir='ltr'>οὐ</span> 
     </span>
    </p>
   </div>
   <div class='ocr_carea' id='block_1_6' title="bbox 533 516 2125 589">
    <p class='ocr_par' dir='ltr' id='par_1_6' title="bbox 533 516 2125 589">
     <span class='ocr_line' id='line_1_6' title="bbox 533 516 2125 589; baseline 0.002 -13"><span class='ocrx_word' id='word_1_20' title='bbox 533 517 660 576; x_wconf 78' lang='lat' dir='ltr'><strong>bern</strong></span> <span class='ocrx_word' id='word_1_21' title='bbox 678 559 695 584; x_wconf 92' lang='lat'><strong>,</strong></span> <span class='ocrx_word' id='word_1_22' title='bbox 724 516 1098 588; x_wconf 87' lang='lat' dir='ltr'><strong>deprehensus</strong></span> <span class='ocrx_word' id='word_1_23' title='bbox 1125 518 1250 575; x_wconf 85' lang='lat' dir='ltr'><strong>est?</strong></span> <span class='ocrx_word' id='word_1_24' title='bbox 1289 518 1430 589; x_wconf 92' lang='lat' dir='ltr'><strong>quod</strong></span> <span class='ocrx_word' id='word_1_25' title='bbox 1465 519 1743 575; x_wconf 84' lang='lat' dir='ltr'><strong>laboribus</strong></span> <span class='ocrx_word' id='word_1_26' title='bbox 1771 535 1836 576; x_wconf 92' lang='lat' dir='ltr'><strong>ac</strong></span> <span class='ocrx_word' id='word_1_27' title='bbox 1857 521 2125 579; x_wconf 89' lang='lat' dir='ltr'><strong>molestiis</strong></span> 
     </span>
    </p>
   </div>
   <div class='ocr_carea' id='block_1_7' title="bbox 533 608 2123 682">
    <p class='ocr_par' dir='ltr' id='par_1_7' title="bbox 533 608 2123 682">
     <span class='ocr_line' id='line_1_7' title="bbox 533 608 2123 682; baseline 0.002 -15"><span class='ocrx_word' id='word_1_28' title='bbox 533 608 770 678; x_wconf 83' lang='lat' dir='ltr'><strong>aliisque</strong></span> <span class='ocrx_word' id='word_1_29' title='bbox 797 608 1198 678; x_wconf 70' lang='lat' dir='ltr'><strong>affectionibus,</strong></span> <span class='ocrx_word' id='word_1_30' title='bbox 1225 626 1346 682; x_wconf 69' lang='lat' dir='ltr'><strong>qua:</strong></span> <span class='ocrx_word' id='word_1_31' title='bbox 1393 611 1552 680; x_wconf 86' lang='lat' dir='ltr'><strong>culpa</strong></span> <span class='ocrx_word' id='word_1_32' title='bbox 1608 621 1819 676; x_wconf 88' lang='lat' dir='ltr'><strong>vacant,</strong></span> <span class='ocrx_word' id='word_1_33' title='bbox 1850 612 2123 670; x_wconf 83' lang='lat' dir='ltr'><strong>obnoxius</strong></span> 
     </span>
    </p>
   </div>
   <div class='ocr_carea' id='block_1_8' title="bbox 536 700 2120 772">
    <p class='ocr_par' dir='ltr' id='par_1_8' title="bbox 536 700 2120 772">
     <span class='ocr_line' id='line_1_8' title="bbox 536 700 2120 772; baseline 0.003 -13"><span class='ocrx_word' id='word_1_34' title='bbox 536 716 650 759; x_wconf 86' lang='lat' dir='ltr'><strong>non</strong></span> <span class='ocrx_word' id='word_1_35' title='bbox 694 700 846 770; x_wconf 90' lang='lat' dir='ltr'><strong>fuit;</strong></span> <span class='ocrx_word' id='word_1_36' title='bbox 917 703 1112 772; x_wconf 83' lang='lat' dir='ltr'><strong>capitis</strong></span> <span class='ocrx_word' id='word_1_37' title='bbox 1153 719 1368 758; x_wconf 83' lang='lat' dir='ltr'><strong>comam</strong></span> <span class='ocrx_word' id='word_1_38' title='bbox 1419 704 1670 760; x_wconf 79' lang='lat' dir='ltr'><strong>nutriens</strong></span> <span class='ocrx_word' id='word_1_39' title='bbox 1699 744 1714 769; x_wconf 92' lang='lat'><strong>,</strong></span> <span class='ocrx_word' id='word_1_40' title='bbox 1775 714 1830 760; x_wconf 92' lang='lat' dir='ltr'><strong>et</strong></span> <span class='ocrx_word' id='word_1_41' title='bbox 1877 707 2120 763; x_wconf 86' lang='lat' dir='ltr'><strong>vestibus</strong></span> 
     </span>
    </p>
   </div>
   <div class='ocr_carea' id='block_1_9' title="bbox 535 795 2118 866">
    <p class='ocr_par' dir='ltr' id='par_1_9' title="bbox 535 795 2118 866">
     <span class='ocr_line' id='line_1_9' title="bbox 535 795 2118 866; baseline 0.004 -18"><span class='ocrx_word' id='word_1_42' title='bbox 535 795 855 855; x_wconf 82' lang='lat' dir='ltr'><strong>universum</strong></span> <span class='ocrx_word' id='word_1_43' title='bbox 886 810 1086 866; x_wconf 88' lang='lat' dir='ltr'><strong>corpus</strong></span> <span class='ocrx_word' id='word_1_44' title='bbox 1109 795 1369 850; x_wconf 82' lang='lat' dir='ltr'><strong>obvelans</strong></span> <span class='ocrx_word' id='word_1_45' title='bbox 1397 795 1421 848; x_wconf 64' lang='grc' dir='ltr'><strong>ἰ</strong></span> <span class='ocrx_word' id='word_1_46' title='bbox 1453 795 1546 850; x_wconf 92' lang='lat' dir='ltr'><strong>Sin</strong></span> <span class='ocrx_word' id='word_1_47' title='bbox 1566 807 1748 852; x_wconf 84' lang='lat' dir='ltr'><strong>autem</strong></span> <span class='ocrx_word' id='word_1_48' title='bbox 1783 798 1838 853; x_wconf 92' lang='lat' dir='ltr'><strong>in</strong></span> <span class='ocrx_word' id='word_1_49' title='bbox 1863 799 2118 855; x_wconf 90' lang='lat' dir='ltr'><strong>confesso</strong></span> 
     </span>
    </p>
   </div>
   <div class='ocr_carea' id='block_1_10' title="bbox 535 883 2115 956">
    <p class='ocr_par' dir='ltr' id='par_1_10' title="bbox 535 883 2115 956">
     <span class='ocr_line' id='line_1_10' title="bbox 535 883 2115 956; baseline 0.003 -16"><span class='ocrx_word' id='word_1_50' title='bbox 535 893 623 940; x_wconf 85' lang='lat' dir='ltr'><strong>est</strong></span> <span class='ocrx_word' id='word_1_51' title='bbox 670 884 848 939; x_wconf 83' lang='lat' dir='ltr'><strong>visum</strong></span> <span class='ocrx_word' id='word_1_52' title='bbox 873 883 930 950; x_wconf 80' lang='lat' dir='ltr'><strong>in</strong></span> <span class='ocrx_word' id='word_1_53' title='bbox 951 884 1038 939; x_wconf 89' lang='lat' dir='ltr'><strong>his</strong></span> <span class='ocrx_word' id='word_1_54' title='bbox 1068 900 1192 954; x_wconf 77' lang='lat' dir='ltr'><strong>qua:</strong></span> <span class='ocrx_word' id='word_1_55' title='bbox 1236 884 1556 954; x_wconf 79' lang='lat' dir='ltr'><strong>collegimus</strong></span> <span class='ocrx_word' id='word_1_56' title='bbox 1602 887 1876 942; x_wconf 87' lang='lat' dir='ltr'><strong>hominem</strong></span> <span class='ocrx_word' id='word_1_57' title='bbox 1906 903 2115 956; x_wconf 90' lang='lat' dir='ltr'><strong>verum,</strong></span> 
     </span>
    </p>
   </div>
   <div class='ocr_carea' id='block_1_11' title="bbox 535 973 2119 1047">
    <p class='ocr_par' dir='ltr' id='par_1_11' title="bbox 535 973 2119 1047">
     <span class='ocr_line' id='line_1_11' title="bbox 535 973 2119 1047; baseline 0.004 -21"><span class='ocrx_word' id='word_1_58' title='bbox 535 973 696 1041; x_wconf 85' lang='lat' dir='ltr'><strong>cujus</strong></span> <span class='ocrx_word' id='word_1_59' title='bbox 721 973 838 1043; x_wconf 77' lang='lat' dir='ltr'><strong>fieri</strong></span> <span class='ocrx_word' id='word_1_60' title='bbox 865 973 1156 1029; x_wconf 88' lang='lat' dir='ltr'><strong>delineatio</strong></span> <span class='ocrx_word' id='word_1_61' title='bbox 1181 973 1354 1043; x_wconf 84' lang='lat' dir='ltr'><strong>possit</strong></span> <span class='ocrx_word' id='word_1_62' title='bbox 1379 974 1556 1044; x_wconf 80' lang='lat' dir='ltr'><strong>quoad</strong></span> <span class='ocrx_word' id='word_1_63' title='bbox 1592 973 1826 1029; x_wconf 89' lang='lat' dir='ltr'><strong>formam</strong></span> <span class='ocrx_word' id='word_1_64' title='bbox 1861 991 2119 1047; x_wconf 90' lang='lat' dir='ltr'><strong>corpora-</strong></span> 
     </span>
    </p>
   </div>
   <div class='ocr_carea' id='block_1_12' title="bbox 538 1067 2119 1138">
    <p class='ocr_par' dir='ltr' id='par_1_12' title="bbox 538 1067 2119 1138">
     <span class='ocr_line' id='line_1_12' title="bbox 538 1067 2119 1138; baseline 0.002 -17"><span class='ocrx_word' id='word_1_65' title='bbox 538 1068 642 1121; x_wconf 89' lang='lat' dir='ltr'><strong>lem</strong></span> <span class='ocrx_word' id='word_1_66' title='bbox 676 1108 694 1135; x_wconf 94' lang='lat'><strong>,</strong></span> <span class='ocrx_word' id='word_1_67' title='bbox 727 1081 1003 1138; x_wconf 80' lang='lat' dir='ltr'><strong>veraxque</strong></span> <span class='ocrx_word' id='word_1_68' title='bbox 1061 1067 1294 1136; x_wconf 83' lang='lat' dir='ltr'><strong>pictura,</strong></span> <span class='ocrx_word' id='word_1_69' title='bbox 1332 1069 1452 1122; x_wconf 88' lang='lat' dir='ltr'><strong>sine</strong></span> <span class='ocrx_word' id='word_1_70' title='bbox 1482 1082 1592 1136; x_wconf 90' lang='lat' dir='ltr'><strong>qua</strong></span> <span class='ocrx_word' id='word_1_71' title='bbox 1622 1081 1723 1123; x_wconf 91' lang='lat' dir='ltr'><strong>nec</strong></span> <span class='ocrx_word' id='word_1_72' title='bbox 1751 1077 2001 1124; x_wconf 82' lang='lat' dir='ltr'><strong>constare</strong></span> <span class='ocrx_word' id='word_1_73' title='bbox 2031 1071 2119 1124; x_wconf 89' lang='lat' dir='ltr'><strong>ul-</strong></span> 
     </span>
    </p>
   </div>
   <div class='ocr_carea' id='block_1_13' title="bbox 535 1155 2115 1226">
    <p class='ocr_par' dir='ltr' id='par_1_13' title="bbox 535 1155 2115 1226">
     <span class='ocr_line' id='line_1_13' title="bbox 535 1155 2115 1226; baseline -0.001 -12"><span class='ocrx_word' id='word_1_74' title='bbox 535 1157 647 1214; x_wconf 88' lang='lat' dir='ltr'><strong>lum</strong></span> <span class='ocrx_word' id='word_1_75' title='bbox 687 1169 890 1226; x_wconf 87' lang='lat' dir='ltr'><strong>corpus</strong></span> <span class='ocrx_word' id='word_1_76' title='bbox 937 1156 1306 1225; x_wconf 88' lang='lat' dir='ltr'><strong>compositum</strong></span> <span class='ocrx_word' id='word_1_77' title='bbox 1353 1156 1570 1224; x_wconf 90' lang='lat' dir='ltr'><strong>possit:</strong></span> <span class='ocrx_word' id='word_1_78' title='bbox 1640 1155 1909 1226; x_wconf 89' lang='lat' dir='ltr'><strong>siquidem</strong></span> <span class='ocrx_word' id='word_1_79' title='bbox 1968 1165 2115 1214; x_wconf 88' lang='lat' dir='ltr'><strong>tactu</strong></span> 
     </span>
    </p>
   </div>
   <div class='ocr_carea' id='block_1_14' title="bbox 466 1245 2114 1321">
    <p class='ocr_par' dir='ltr' id='par_1_14' title="bbox 466 1245 2114 1321">
     <span class='ocr_line' id='line_1_14' title="bbox 466 1245 2114 1321; baseline 0.003 -20"><span class='ocrx_word' id='word_1_80' title='bbox 466 1263 477 1321; x_wconf 62' lang='grc' dir='ltr'><strong>ι</strong></span> <span class='ocrx_word' id='word_1_81' title='bbox 531 1255 591 1302; x_wconf 79' lang='lat' dir='ltr'><strong>et</strong></span> <span class='ocrx_word' id='word_1_82' title='bbox 620 1245 804 1301; x_wconf 87' lang='lat' dir='ltr'><strong>colore</strong></span> <span class='ocrx_word' id='word_1_83' title='bbox 861 1245 1219 1307; x_wconf 86' lang='lat' dir='ltr'><strong>continetur:</strong></span> <span class='ocrx_word' id='word_1_84' title='bbox 1257 1261 1380 1317; x_wconf 79' lang='lat' dir='ltr'><strong>quae</strong></span> <span class='ocrx_word' id='word_1_85' title='bbox 1407 1246 1604 1318; x_wconf 83' lang='lat' dir='ltr'><strong>ingens</strong></span> <span class='ocrx_word' id='word_1_86' title='bbox 1630 1247 1721 1303; x_wconf 89' lang='lat' dir='ltr'><strong>illa</strong></span> <span class='ocrx_word' id='word_1_87' title='bbox 1761 1249 1976 1305; x_wconf 76' lang='lat' dir='ltr'><strong>czecitas</strong></span> <span class='ocrx_word' id='word_1_88' title='bbox 2008 1259 2114 1321; x_wconf 89' lang='lat' dir='ltr'><strong>est,</strong></span> 
     </span>
    </p>
   </div>
   <div class='ocr_carea' id='block_1_15' title="bbox 470 1319 2116 1422">
    <p class='ocr_par' dir='ltr' id='par_1_15' title="bbox 470 1319 2116 1422">
     <span class='ocr_line' id='line_1_15' title="bbox 470 1319 2116 1422; baseline 0.004 -28"><span class='ocrx_word' id='word_1_89' title='bbox 470 1319 482 1422; x_wconf 53' lang='grc' dir='ltr'>ξ</span> <span class='ocrx_word' id='word_1_90' title='bbox 535 1337 815 1408; x_wconf 85' lang='lat' dir='ltr'><strong>impiaque</strong></span> <span class='ocrx_word' id='word_1_91' title='bbox 861 1339 1168 1405; x_wconf 85' lang='lat' dir='ltr'><strong>altercatio,</strong></span> <span class='ocrx_word' id='word_1_92' title='bbox 1209 1347 1270 1394; x_wconf 93' lang='lat' dir='ltr'><strong>ut</strong></span> <span class='ocrx_word' id='word_1_93' title='bbox 1299 1338 1603 1404; x_wconf 84' lang='lat' dir='ltr'><strong>Christum,</strong></span> <span class='ocrx_word' id='word_1_94' title='bbox 1641 1339 1737 1410; x_wconf 89' lang='lat' dir='ltr'><strong>qui</strong></span> <span class='ocrx_word' id='word_1_95' title='bbox 1795 1341 1954 1398; x_wconf 90' lang='lat' dir='ltr'><strong>nobis</strong></span> <span class='ocrx_word' id='word_1_96' title='bbox 1982 1319 2116 1400; x_wconf 42' lang='lat' dir='ltr'><strong>cons</strong></span> 
     </span>
    </p>
   </div>
   <div class='ocr_carea' id='block_1_16' title="bbox 468 1423 2116 1509">
    <p class='ocr_par' dir='ltr' id='par_1_16' title="bbox 468 1423 2116 1509">
     <span class='ocr_line' id='line_1_16' title="bbox 468 1423 2116 1509; baseline 0.004 -24"><span class='ocrx_word' id='word_1_97' title='bbox 468 1423 482 1509; x_wconf 60' lang='grc' dir='ltr'><strong>ἰ</strong></span> <span class='ocrx_word' id='word_1_98' title='bbox 531 1429 916 1492; x_wconf 79' lang='lat' dir='ltr'><strong>substantialis</strong></span> <span class='ocrx_word' id='word_1_99' title='bbox 963 1430 1237 1500; x_wconf 81' lang='lat' dir='ltr'><strong>apparuit,</strong></span> <span class='ocrx_word' id='word_1_100' title='bbox 1267 1446 1332 1486; x_wconf 88' lang='lat' dir='ltr'><strong>ac</strong></span> <span class='ocrx_word' id='word_1_101' title='bbox 1363 1446 1460 1501; x_wconf 90' lang='lat' dir='ltr'><strong>per</strong></span> <span class='ocrx_word' id='word_1_102' title='bbox 1488 1431 1670 1486; x_wconf 87' lang='lat' dir='ltr'><strong>omnia</strong></span> <span class='ocrx_word' id='word_1_103' title='bbox 1702 1431 1916 1498; x_wconf 87' lang='lat' dir='ltr'><strong>similis,</strong></span> <span class='ocrx_word' id='word_1_104' title='bbox 1968 1435 2116 1506; x_wconf 85' lang='lat' dir='ltr'><strong>pingi</strong></span> 
     </span>
    </p>
   </div>
   <div class='ocr_carea' id='block_1_17' title="bbox 477 1519 2116 1591">
    <p class='ocr_par' dir='ltr' id='par_1_17' title="bbox 477 1519 2116 1591">
     <span class='ocr_line' id='line_1_17' title="bbox 477 1519 2116 1591; baseline 0.004 -21"><span class='ocrx_word' id='word_1_105' title='bbox 477 1519 484 1570; x_wconf 71' lang='lat'><em>3</em></span> <span class='ocrx_word' id='word_1_106' title='bbox 533 1534 642 1582; x_wconf 82' lang='lat' dir='ltr'><strong>non</strong></span> <span class='ocrx_word' id='word_1_107' title='bbox 677 1535 840 1590; x_wconf 86' lang='lat' dir='ltr'><strong>posse</strong></span> <span class='ocrx_word' id='word_1_108' title='bbox 863 1520 1203 1586; x_wconf 78' lang='lat' dir='ltr'><strong>contendat?</strong></span> <span class='ocrx_word' id='word_1_109' title='bbox 1233 1519 1524 1586; x_wconf 85' lang='lat' dir='ltr'><strong>Quomodo</strong></span> <span class='ocrx_word' id='word_1_110' title='bbox 1557 1535 1706 1586; x_wconf 91' lang='lat' dir='ltr'><strong>vero,</strong></span> <span class='ocrx_word' id='word_1_111' title='bbox 1735 1535 1802 1575; x_wconf 92' lang='lat' dir='ltr'><strong>eo</strong></span> <span class='ocrx_word' id='word_1_112' title='bbox 1855 1533 2116 1591; x_wconf 87' lang='lat' dir='ltr'><strong>pereunte</strong></span> 
     </span>
    </p>
   </div>
   <div class='ocr_carea' id='block_1_18' title="bbox 531 1611 2114 1684">
    <p class='ocr_par' dir='ltr' id='par_1_18' title="bbox 531 1611 2114 1684">
     <span class='ocr_line' id='line_1_18' title="bbox 531 1611 2114 1684; baseline 0.005 -20"><span class='ocrx_word' id='word_1_113' title='bbox 531 1611 678 1680; x_wconf 81' lang='lat' dir='ltr'><strong>quod</strong></span> <span class='ocrx_word' id='word_1_114' title='bbox 710 1613 860 1684; x_wconf 82' lang='lat' dir='ltr'><strong>pingi</strong></span> <span class='ocrx_word' id='word_1_115' title='bbox 891 1619 1088 1683; x_wconf 89' lang='lat' dir='ltr'><strong>potest,</strong></span> <span class='ocrx_word' id='word_1_116' title='bbox 1119 1627 1228 1666; x_wconf 89' lang='lat' dir='ltr'><strong>non</strong></span> <span class='ocrx_word' id='word_1_117' title='bbox 1261 1627 1365 1666; x_wconf 87' lang='lat' dir='ltr'><strong>una</strong></span> <span class='ocrx_word' id='word_1_118' title='bbox 1399 1613 1578 1681; x_wconf 88' lang='lat' dir='ltr'><strong>perire</strong></span> <span class='ocrx_word' id='word_1_119' title='bbox 1622 1629 1846 1670; x_wconf 85' lang='lat' dir='ltr'><strong>necesse</strong></span> <span class='ocrx_word' id='word_1_120' title='bbox 1873 1624 1958 1672; x_wconf 94' lang='lat' dir='ltr'><strong>est</strong></span> <span class='ocrx_word' id='word_1_121' title='bbox 2020 1633 2114 1672; x_wconf 89' lang='lat' dir='ltr'><strong>co-</strong></span> 
     </span>
    </p>
   </div>
   <div class='ocr_carea' id='block_1_19' title="bbox 2223 519 3802 595">
    <p class='ocr_par' dir='ltr' id='par_1_19' title="bbox 2223 519 3802 595">
     <span class='ocr_line' id='line_1_19' title="bbox 2223 519 3802 595; baseline 0.003 -22"><span class='ocrx_word' id='word_1_122' title='bbox 2223 519 2610 576; x_wconf 73' lang='lat' dir='ltr'><strong>ouvouofwrat&#39;</strong></span> <span class='ocrx_word' id='word_1_123' title='bbox 2642 521 2787 593; x_wconf 79' lang='grc' dir='ltr'>θριξὶ</span> <span class='ocrx_word' id='word_1_124' title='bbox 2815 521 2916 595; x_wconf 80' lang='grc' dir='ltr'>τὴν</span> <span class='ocrx_word' id='word_1_125' title='bbox 2947 521 3191 594; x_wconf 75' lang='grc' dir='ltr'>κεφαλὴν</span> <span class='ocrx_word' id='word_1_126' title='bbox 3221 519 3434 591; x_wconf 81' lang='grc' dir='ltr'><strong>κομῶν,</strong></span> <span class='ocrx_word' id='word_1_127' title='bbox 3467 522 3563 576; x_wconf 72' lang='lat' dir='ltr'><strong>xui.</strong></span> <span class='ocrx_word' id='word_1_128' title='bbox 3591 523 3802 592; x_wconf 80' lang='grc' dir='ltr'>χιτῶσι</span> 
     </span>
    </p>
   </div>
   <div class='ocr_carea' id='block_1_20' title="bbox 2217 610 3804 684">
    <p class='ocr_par' dir='ltr' id='par_1_20' title="bbox 2217 610 3804 684">
     <span class='ocr_line' id='line_1_20' title="bbox 2217 610 3804 684; baseline -0.001 -17"><span class='ocrx_word' id='word_1_129' title='bbox 2217 610 2281 667; x_wconf 76' lang='grc' dir='ltr'>τὸ</span> <span class='ocrx_word' id='word_1_130' title='bbox 2317 611 2438 665; x_wconf 85' lang='grc' dir='ltr'>ὅλον</span> <span class='ocrx_word' id='word_1_131' title='bbox 2467 613 2628 682; x_wconf 89' lang='grc' dir='ltr'>σῶμα</span> <span class='ocrx_word' id='word_1_132' title='bbox 2663 613 3035 684; x_wconf 85' lang='grc' dir='ltr'>σκεπόμενος;</span> <span class='ocrx_word' id='word_1_133' title='bbox 3065 613 3127 666; x_wconf 89' lang='grc' dir='ltr'>Εἰ</span> <span class='ocrx_word' id='word_1_134' title='bbox 3163 613 3220 666; x_wconf 81' lang='grc' dir='ltr'>δὲ</span> <span class='ocrx_word' id='word_1_135' title='bbox 3251 615 3310 668; x_wconf 84' lang='grc' dir='ltr'>ὲν</span> <span class='ocrx_word' id='word_1_136' title='bbox 3352 613 3565 677; x_wconf 86' lang='grc' dir='ltr'>τούτοις</span> <span class='ocrx_word' id='word_1_137' title='bbox 3594 613 3804 684; x_wconf 81' lang='grc' dir='ltr'>ὁμολο-</span> 
     </span>
    </p>
   </div>
   <div class='ocr_carea' id='block_1_21' title="bbox 2217 689 3802 777">
    <p class='ocr_par' dir='ltr' id='par_1_21' title="bbox 2217 689 3802 777">
     <span class='ocr_line' id='line_1_21' title="bbox 2217 689 3802 777; baseline -0.001 -20"><span class='ocrx_word' id='word_1_138' title='bbox 2217 704 2502 776; x_wconf 80' lang='grc' dir='ltr'>γουμένως</span> <span class='ocrx_word' id='word_1_139' title='bbox 2529 699 2730 770; x_wconf 80' lang='grc' dir='ltr'>ὦπται,</span> <span class='ocrx_word' id='word_1_140' title='bbox 2767 699 2842 760; x_wconf 80' lang='grc' dir='ltr'>ὧν</span> <span class='ocrx_word' id='word_1_141' title='bbox 2871 708 2906 777; x_wconf 76' lang='grc' dir='ltr'>ἡ</span> <span class='ocrx_word' id='word_1_142' title='bbox 2942 705 3206 776; x_wconf 81' lang='grc' dir='ltr'>ἄθροισις,</span> <span class='ocrx_word' id='word_1_143' title='bbox 3238 689 3527 776; x_wconf 67' lang='grc' dir='ltr'>ἄνθρωπος</span> <span class='ocrx_word' id='word_1_144' title='bbox 3557 704 3802 776; x_wconf 68' lang='grc' dir='ltr'>ἀληθὴς,</span> 
     </span>
    </p>
   </div>
   <div class='ocr_carea' id='block_1_22' title="bbox 2218 790 3804 869">
    <p class='ocr_par' dir='ltr' id='par_1_22' title="bbox 2218 790 3804 869">
     <span class='ocr_line' id='line_1_22' title="bbox 2218 790 3804 869; baseline -0.001 -19"><span class='ocrx_word' id='word_1_145' title='bbox 2218 797 2310 850; x_wconf 77' lang='grc' dir='ltr'><strong>καί</strong></span> <span class='ocrx_word' id='word_1_146' title='bbox 2341 790 2400 850; x_wconf 74' lang='grc' dir='ltr'><strong>οῦ</strong></span> <span class='ocrx_word' id='word_1_147' title='bbox 2427 799 2461 868; x_wconf 82' lang='grc' dir='ltr'>ἡ</span> <span class='ocrx_word' id='word_1_148' title='bbox 2502 796 2647 851; x_wconf 85' lang='grc' dir='ltr'><strong>κατά</strong></span> <span class='ocrx_word' id='word_1_149' title='bbox 2686 798 2778 852; x_wconf 80' lang='grc' dir='ltr'>τὸν</span> <span class='ocrx_word' id='word_1_150' title='bbox 2811 798 3127 868; x_wconf 79' lang='grc' dir='ltr'>σωματικὸν</span> <span class='ocrx_word' id='word_1_151' title='bbox 3171 797 3500 869; x_wconf 75' lang='grc' dir='ltr'>χαρακτῆρα</span> <span class='ocrx_word' id='word_1_152' title='bbox 3529 795 3804 862; x_wconf 70' lang='grc' dir='ltr'>ὲξεικόνιο</span> 
     </span>
    </p>
   </div>
   <div class='ocr_carea' id='block_1_23' title="bbox 2218 882 3804 959">
    <p class='ocr_par' dir='ltr' id='par_1_23' title="bbox 2218 882 3804 959">
     <span class='ocr_line' id='line_1_23' title="bbox 2218 882 3804 959; baseline 0.001 -21"><span class='ocrx_word' id='word_1_153' title='bbox 2218 903 2323 950; x_wconf 87' lang='grc' dir='ltr'>σις,</span> <span class='ocrx_word' id='word_1_154' title='bbox 2352 888 2558 957; x_wconf 69' lang='grc' dir='ltr'>γραφὶς</span> <span class='ocrx_word' id='word_1_155' title='bbox 2609 887 2881 958; x_wconf 72' lang='grc' dir='ltr'>ἀψευδήςο</span> <span class='ocrx_word' id='word_1_156' title='bbox 2913 889 3007 942; x_wconf 78' lang='grc' dir='ltr'>καὶ</span> <span class='ocrx_word' id='word_1_157' title='bbox 3059 882 3128 959; x_wconf 79' lang='grc' dir='ltr'>ἧς</span> <span class='ocrx_word' id='word_1_158' title='bbox 3165 889 3298 942; x_wconf 82' lang='grc' dir='ltr'>ἄνευ</span> <span class='ocrx_word' id='word_1_159' title='bbox 3342 888 3464 942; x_wconf 74' lang='grc' dir='ltr'>οὐδὲ</span> <span class='ocrx_word' id='word_1_160' title='bbox 3522 888 3804 958; x_wconf 76' lang='grc' dir='ltr'><strong>συστῆναι</strong></span> 
     </span>
    </p>
   </div>
   <div class='ocr_carea' id='block_1_24' title="bbox 2216 975 3804 1052">
    <p class='ocr_par' dir='ltr' id='par_1_24' title="bbox 2216 975 3804 1052">
     <span class='ocr_line' id='line_1_24' title="bbox 2216 975 3804 1052; baseline 0 -21"><span class='ocrx_word' id='word_1_161' title='bbox 2216 981 2327 1032; x_wconf 84' lang='grc' dir='ltr'><strong>πᾶν</strong></span> <span class='ocrx_word' id='word_1_162' title='bbox 2371 978 2530 1049; x_wconf 86' lang='grc' dir='ltr'>σῶμα</span> <span class='ocrx_word' id='word_1_163' title='bbox 2588 979 2846 1034; x_wconf 88' lang='grc' dir='ltr'>σύνθετον</span> <span class='ocrx_word' id='word_1_164' title='bbox 2894 975 3008 1033; x_wconf 78' lang='grc' dir='ltr'>οἷόν</span> <span class='ocrx_word' id='word_1_165' title='bbox 3074 995 3171 1033; x_wconf 78' lang='grc' dir='ltr'>τεο</span> <span class='ocrx_word' id='word_1_166' title='bbox 3226 979 3388 1052; x_wconf 82' lang='grc' dir='ltr'>εἴπερ</span> <span class='ocrx_word' id='word_1_167' title='bbox 3447 981 3504 1032; x_wconf 86' lang='grc' dir='ltr'>ὲν</span> <span class='ocrx_word' id='word_1_168' title='bbox 3543 981 3657 1050; x_wconf 75' lang='grc' dir='ltr'><strong>ἀφῇ</strong></span> <span class='ocrx_word' id='word_1_169' title='bbox 3698 980 3804 1033; x_wconf 73' lang='grc' dir='ltr'>καὶ</span> 
     </span>
    </p>
   </div>
   <div class='ocr_carea' id='block_1_25' title="bbox 2215 1065 3806 1141">
    <p class='ocr_par' dir='ltr' id='par_1_25' title="bbox 2215 1065 3806 1141">
     <span class='ocr_line' id='line_1_25' title="bbox 2215 1065 3806 1141; baseline -0.001 -19"><span class='ocrx_word' id='word_1_170' title='bbox 2215 1071 2375 1140; x_wconf 82' lang='grc' dir='ltr'>χροιᾷ</span> <span class='ocrx_word' id='word_1_171' title='bbox 2406 1070 2470 1124; x_wconf 82' lang='grc' dir='ltr'>τὸ</span> <span class='ocrx_word' id='word_1_172' title='bbox 2497 1069 2739 1124; x_wconf 90' lang='grc' dir='ltr'>τοιοῦτον</span> <span class='ocrx_word' id='word_1_173' title='bbox 2758 1087 2774 1103; x_wconf 78' lang='grc'><strong><em>⁸</em></strong></span> <span class='ocrx_word' id='word_1_174' title='bbox 2803 1071 2890 1134; x_wconf 83' lang='grc' dir='ltr'><strong>τίς</strong></span> <span class='ocrx_word' id='word_1_175' title='bbox 2927 1072 2961 1141; x_wconf 78' lang='grc' dir='ltr'><strong>ἡ</strong></span> <span class='ocrx_word' id='word_1_176' title='bbox 3019 1065 3161 1140; x_wconf 71' lang='grc' dir='ltr'>ἆγσῖν</span> <span class='ocrx_word' id='word_1_177' title='bbox 3202 1070 3477 1140; x_wconf 74' lang='grc' dir='ltr'><strong>τυφλότης</strong></span> <span class='ocrx_word' id='word_1_178' title='bbox 3507 1071 3602 1125; x_wconf 71' lang='grc' dir='ltr'>καὶ</span> <span class='ocrx_word' id='word_1_179' title='bbox 3629 1069 3806 1134; x_wconf 77' lang='grc' dir='ltr'>ἄθεος</span> 
     </span>
    </p>
   </div>
   <div class='ocr_carea' id='block_1_26' title="bbox 2215 1157 3804 1232">
    <p class='ocr_par' dir='ltr' id='par_1_26' title="bbox 2215 1157 3804 1232">
     <span class='ocr_line' id='line_1_26' title="bbox 2215 1157 3804 1232; baseline 0.001 -22"><span class='ocrx_word' id='word_1_180' title='bbox 2215 1157 2334 1228; x_wconf 81' lang='grc' dir='ltr'>ἔρις</span> <span class='ocrx_word' id='word_1_181' title='bbox 2357 1197 2374 1222; x_wconf 92' lang='grc'><strong>,</strong></span> <span class='ocrx_word' id='word_1_182' title='bbox 2425 1159 2518 1212; x_wconf 76' lang='grc' dir='ltr'>τὸν</span> <span class='ocrx_word' id='word_1_183' title='bbox 2552 1159 2687 1230; x_wconf 76' lang='grc' dir='ltr'>ἡμῖν</span> <span class='ocrx_word' id='word_1_184' title='bbox 2727 1159 3015 1230; x_wconf 86' lang='grc' dir='ltr'>ὁμοούσιον</span> <span class='ocrx_word' id='word_1_185' title='bbox 3069 1160 3165 1214; x_wconf 70' lang='grc' dir='ltr'>καὶ</span> <span class='ocrx_word' id='word_1_186' title='bbox 3189 1161 3377 1232; x_wconf 86' lang='grc' dir='ltr'>ὅμοιον</span> <span class='ocrx_word' id='word_1_187' title='bbox 3428 1161 3572 1215; x_wconf 84' lang='grc' dir='ltr'><strong>κατά</strong></span> <span class='ocrx_word' id='word_1_188' title='bbox 3605 1159 3804 1215; x_wconf 81' lang='grc' dir='ltr'>πάντα</span> 
     </span>
    </p>
   </div>
   <div class='ocr_carea' id='block_1_27' title="bbox 2215 1247 3805 1320">
    <p class='ocr_par' dir='ltr' id='par_1_27' title="bbox 2215 1247 3805 1320">
     <span class='ocr_line' id='line_1_27' title="bbox 2215 1247 3805 1320; baseline 0.003 -20"><span class='ocrx_word' id='word_1_189' title='bbox 2215 1247 2528 1318; x_wconf 71' lang='grc' dir='ltr'>πεφηνότα,</span> <span class='ocrx_word' id='word_1_190' title='bbox 2564 1247 2847 1320; x_wconf 84' lang='grc' dir='ltr'>ἄγραπτον</span> <span class='ocrx_word' id='word_1_191' title='bbox 2899 1248 3138 1320; x_wconf 78' lang='grc' dir='ltr'>Χριστὸν</span> <span class='ocrx_word' id='word_1_192' title='bbox 3169 1248 3384 1319; x_wconf 82' lang='grc' dir='ltr'>λέγειν;</span> <span class='ocrx_word' id='word_1_193' title='bbox 3437 1249 3563 1316; x_wconf 85' lang='grc' dir='ltr'><strong>Πῶς</strong></span> <span class='ocrx_word' id='word_1_194' title='bbox 3601 1250 3664 1304; x_wconf 74' lang='grc' dir='ltr'>δὲ</span> <span class='ocrx_word' id='word_1_195' title='bbox 3697 1250 3805 1305; x_wconf 73' lang='grc' dir='ltr'>καὶ</span> 
     </span>
    </p>
   </div>
   <div class='ocr_carea' id='block_1_28' title="bbox 2212 1337 3804 1412">
    <p class='ocr_par' dir='ltr' id='par_1_28' title="bbox 2212 1337 3804 1412">
     <span class='ocr_line' id='line_1_28' title="bbox 2212 1337 3804 1412; baseline 0.002 -21"><span class='ocrx_word' id='word_1_196' title='bbox 2212 1337 2307 1392; x_wconf 77' lang='grc' dir='ltr'><strong>τοῦ</strong></span> <span class='ocrx_word' id='word_1_197' title='bbox 2339 1337 2594 1410; x_wconf 87' lang='grc' dir='ltr'>γραπτοῦ</span> <span class='ocrx_word' id='word_1_198' title='bbox 2627 1340 2938 1410; x_wconf 77' lang='grc' dir='ltr'>οἰχομένου,</span> <span class='ocrx_word' id='word_1_199' title='bbox 2965 1341 3028 1393; x_wconf 87' lang='grc' dir='ltr'><strong>ού</strong></span> <span class='ocrx_word' id='word_1_200' title='bbox 3053 1342 3440 1412; x_wconf 79' lang='grc' dir='ltr'>συνοιχήσεται</span> <span class='ocrx_word' id='word_1_201' title='bbox 3473 1342 3695 1396; x_wconf 76' lang='grc' dir='ltr'>ἅπαντα</span> <span class='ocrx_word' id='word_1_202' title='bbox 3725 1341 3804 1395; x_wconf 80' lang='grc' dir='ltr'>τὰ</span> 
     </span>
    </p>
   </div>
   <div class='ocr_carea' id='block_1_29' title="bbox 2215 1431 3804 1504">
    <p class='ocr_par' dir='ltr' id='par_1_29' title="bbox 2215 1431 3804 1504">
     <span class='ocr_line' id='line_1_29' title="bbox 2215 1431 3804 1504; baseline 0.001 -20"><span class='ocrx_word' id='word_1_203' title='bbox 2215 1431 2476 1502; x_wconf 80' lang='grc' dir='ltr'><strong>σύστοιχα</strong></span> <span class='ocrx_word' id='word_1_204' title='bbox 2520 1431 2820 1503; x_wconf 85' lang='grc' dir='ltr'>ἰδιώματα;</span> <span class='ocrx_word' id='word_1_205' title='bbox 2856 1433 2921 1486; x_wconf 88' lang='grc' dir='ltr'><strong>Ἦ</strong></span> <span class='ocrx_word' id='word_1_206' title='bbox 2947 1433 3060 1504; x_wconf 76' lang='grc' dir='ltr'>γὰρ</span> <span class='ocrx_word' id='word_1_207' title='bbox 3095 1433 3321 1504; x_wconf 84' lang='grc' dir='ltr'>ἰδιότης,</span> <span class='ocrx_word' id='word_1_208' title='bbox 3349 1435 3516 1504; x_wconf 79' lang='grc' dir='ltr'>φησὶν</span> <span class='ocrx_word' id='word_1_209' title='bbox 3544 1437 3574 1488; x_wconf 82' lang='grc' dir='ltr'>ὁ</span> <span class='ocrx_word' id='word_1_210' title='bbox 3596 1433 3804 1488; x_wconf 68' lang='lat'><strong>85016-</strong></span> 
     </span>
    </p>
   </div>
   <div class='ocr_carea' id='block_1_30' title="bbox 2211 1525 3797 1598">
    <p class='ocr_par' dir='ltr' id='par_1_30' title="bbox 2211 1525 3797 1598">
     <span class='ocr_line' id='line_1_30' title="bbox 2211 1525 3797 1598; baseline 0.003 -20"><span class='ocrx_word' id='word_1_211' title='bbox 2211 1541 2329 1594; x_wconf 84' lang='grc' dir='ltr'>γος,</span> <span class='ocrx_word' id='word_1_212' title='bbox 2383 1525 2664 1596; x_wconf 84' lang='grc' dir='ltr'>ἀκίνητος,</span> <span class='ocrx_word' id='word_1_213' title='bbox 2701 1526 2734 1597; x_wconf 85' lang='grc' dir='ltr'>ἢ</span> <span class='ocrx_word' id='word_1_214' title='bbox 2770 1525 2889 1590; x_wconf 85' lang='grc' dir='ltr'><strong>πῶς</strong></span> <span class='ocrx_word' id='word_1_215' title='bbox 2937 1527 3090 1596; x_wconf 82' lang='grc' dir='ltr'>μένοι</span> <span class='ocrx_word' id='word_1_216' title='bbox 3138 1527 3338 1596; x_wconf 87' lang='grc' dir='ltr'>ἰδιότης</span> <span class='ocrx_word' id='word_1_217' title='bbox 3363 1527 3659 1598; x_wconf 83' lang='grc' dir='ltr'><strong>κινουμένη</strong></span> <span class='ocrx_word' id='word_1_218' title='bbox 3698 1527 3797 1584; x_wconf 77' lang='grc' dir='ltr'>καὶ</span> 
     </span>
    </p>
   </div>
   <div class='ocr_carea' id='block_1_31' title="bbox 2214 1618 3408 1690">
    <p class='ocr_par' dir='ltr' id='par_1_31' title="bbox 2214 1618 3408 1690">
     <span class='ocr_line' id='line_1_31' title="bbox 2214 1618 3408 1690; baseline 0.003 -20"><span class='ocrx_word' id='word_1_219' title='bbox 2214 1618 2668 1690; x_wconf 86' lang='grc' dir='ltr'>μεταπίπτουσα;</span> <span class='ocrx_word' id='word_1_220' title='bbox 2702 1619 2925 1672; x_wconf 82' lang='grc' dir='ltr'>Εἰπάτω</span> <span class='ocrx_word' id='word_1_221' title='bbox 2949 1619 2978 1672; x_wconf 85' lang='grc' dir='ltr'><strong>ό</strong></span> <span class='ocrx_word' id='word_1_222' title='bbox 3005 1619 3408 1687; x_wconf 80' lang='grc' dir='ltr'>ἀντικείμενος.</span> 
     </span>
    </p>
   </div>
   <div class='ocr_carea' id='block_1_32' title="bbox 531 1705 3798 1786">
    <p class='ocr_par' dir='ltr' id='par_1_32' title="bbox 531 1705 3798 1786">
     <span class='ocr_line' id='line_1_32' title="bbox 531 1705 3798 1786; baseline 0.002 -24"><span class='ocrx_word' id='word_1_223' title='bbox 531 1715 729 1773; x_wconf 73' lang='lat' dir='ltr'><strong>gnatas</strong></span> <span class='ocrx_word' id='word_1_224' title='bbox 773 1722 966 1764; x_wconf 89' lang='lat' dir='ltr'><strong>omnes</strong></span> <span class='ocrx_word' id='word_1_225' title='bbox 995 1706 1406 1778; x_wconf 86' lang='lat' dir='ltr'><strong>proprietates?</strong></span> <span class='ocrx_word' id='word_1_226' title='bbox 1432 1705 1530 1769; x_wconf 80' lang='lat' dir='ltr'><strong>Est</strong></span> <span class='ocrx_word' id='word_1_227' title='bbox 1559 1707 1704 1762; x_wconf 90' lang='lat' dir='ltr'><strong>enim</strong></span> <span class='ocrx_word' id='word_1_228' title='bbox 1752 1708 2112 1768; x_wconf 82' lang='lat' dir='ltr'><strong>immutabilis</strong></span> <span class='ocrx_word' id='word_1_229' title='bbox 2151 1713 2476 1783; x_wconf 85' lang='lat' dir='ltr'><strong>proprietas,</strong></span> <span class='ocrx_word' id='word_1_230' title='bbox 2537 1713 2616 1768; x_wconf 89' lang='lat' dir='ltr'><strong>ait</strong></span> <span class='ocrx_word' id='word_1_231' title='bbox 2680 1710 3034 1784; x_wconf 84' lang='lat' dir='ltr'><strong>Theologus;</strong></span> <span class='ocrx_word' id='word_1_232' title='bbox 3080 1721 3176 1768; x_wconf 88' lang='lat' dir='ltr'><strong>aut</strong></span> <span class='ocrx_word' id='word_1_233' title='bbox 3201 1713 3477 1784; x_wconf 87' lang='lat' dir='ltr'><strong>quomodo</strong></span> <span class='ocrx_word' id='word_1_234' title='bbox 3510 1720 3798 1786; x_wconf 81' lang='lat' dir='ltr'><strong>permanet</strong></span> 
     </span>
    </p>
   </div>
   <div class='ocr_carea' id='block_1_33' title="bbox 534 1798 2774 1872">
    <p class='ocr_par' dir='ltr' id='par_1_33' title="bbox 534 1798 2774 1872">
     <span class='ocr_line' id='line_1_33' title="bbox 534 1798 2774 1872; baseline 0.006 -22"><span class='ocrx_word' id='word_1_235' title='bbox 534 1806 744 1866; x_wconf 76' lang='lat' dir='ltr'><strong>mutata</strong></span> <span class='ocrx_word' id='word_1_236' title='bbox 775 1811 1214 1866; x_wconf 83' lang='lat' dir='ltr'><strong>evanescensque</strong></span> <span class='ocrx_word' id='word_1_237' title='bbox 1241 1798 1552 1869; x_wconf 89' lang='lat' dir='ltr'><strong>proprietas</strong></span> <span class='ocrx_word' id='word_1_238' title='bbox 1579 1799 1602 1852; x_wconf 69' lang='grc' dir='ltr'><strong>ἰ</strong></span> <span class='ocrx_word' id='word_1_239' title='bbox 1632 1798 1983 1872; x_wconf 79' lang='lat' dir='ltr'><strong>Respondeat</strong></span> <span class='ocrx_word' id='word_1_240' title='bbox 2011 1805 2385 1863; x_wconf 87' lang='lat' dir='ltr'><strong>adversarius.</strong></span> <span class='ocrx_word' id='word_1_241' title='bbox 2765 1812 2774 1820; x_wconf 87' lang='lat'><strong><em>&#39;</em></strong></span> 
     </span>
    </p>
   </div>
   <div class='ocr_carea' id='block_1_34' title="bbox 903 1909 1777 1986">
    <p class='ocr_par' dir='ltr' id='par_1_34' title="bbox 903 1909 1777 1986">
     <span class='ocr_line' id='line_1_34' title="bbox 903 1909 1777 1986; baseline 0.002 -19"><span class='ocrx_word' id='word_1_242' title='bbox 903 1910 1148 1968; x_wconf 79' lang='lat' dir='ltr'><strong>XXXIV.</strong></span> <span class='ocrx_word' id='word_1_243' title='bbox 1189 1941 1260 1955; x_wconf 88' lang='lat'><strong><em>—</em></strong></span> <span class='ocrx_word' id='word_1_244' title='bbox 1304 1909 1610 1968; x_wconf 78' lang='lat' dir='ltr'><strong>Naucratio</strong></span> <span class='ocrx_word' id='word_1_245' title='bbox 1641 1915 1777 1986; x_wconf 83' lang='lat' dir='ltr'><strong>ﬁlio.</strong></span> 
     </span>
    </p>
   </div>
   <div class='ocr_carea' id='block_1_35' title="bbox 2528 1919 3572 1994">
    <p class='ocr_par' dir='ltr' id='par_1_35' title="bbox 2528 1919 3572 1994">
     <span class='ocr_line' id='line_1_35' title="bbox 2528 1919 3572 1994; baseline -0.001 -19"><span class='ocrx_word' id='word_1_246' title='bbox 2528 1922 2650 1979; x_wconf 82' lang='lat' dir='ltr'><strong>AA&#39;.</strong></span> <span class='ocrx_word' id='word_1_247' title='bbox 2689 1919 2858 1994; x_wconf 84' lang='grc' dir='ltr'><strong>[ΤΕ¹.]</strong></span> <span class='ocrx_word' id='word_1_248' title='bbox 2887 1953 2956 1964; x_wconf 89' lang='lat'><strong>-—</strong></span> <span class='ocrx_word' id='word_1_249' title='bbox 2989 1920 3338 1989; x_wconf 78' lang='grc' dir='ltr'>Ναυκρατίῳ</span> <span class='ocrx_word' id='word_1_250' title='bbox 3363 1919 3572 1988; x_wconf 79' lang='grc' dir='ltr'>τέκνῳ.</span> 
     </span>
    </p>
   </div>
   <div class='ocr_carea' id='block_1_36' title="bbox 655 2005 3668 2080">
    <p class='ocr_par' dir='ltr' id='par_1_36' title="bbox 655 2005 3668 2080">
     <span class='ocr_line' id='line_1_36' title="bbox 655 2005 3668 2080; baseline 0.002 -25"><span class='ocrx_word' id='word_1_251' title='bbox 655 2005 862 2056; x_wconf 76' lang='lat' dir='ltr'><strong>Carcere</strong></span> <span class='ocrx_word' id='word_1_252' title='bbox 898 2006 1144 2055; x_wconf 87' lang='lat' dir='ltr'><strong>inclusum</strong></span> <span class='ocrx_word' id='word_1_253' title='bbox 1167 2007 1486 2056; x_wconf 86' lang='lat' dir='ltr'><strong>cohortatur:</strong></span> <span class='ocrx_word' id='word_1_254' title='bbox 1524 2015 1644 2068; x_wconf 89' lang='lat' dir='ltr'><strong>tum,</strong></span> <span class='ocrx_word' id='word_1_255' title='bbox 1668 2023 1780 2071; x_wconf 64' lang='lat' dir='ltr'><strong>quae</strong></span> <span class='ocrx_word' id='word_1_256' title='bbox 1815 2017 1868 2060; x_wconf 85' lang='lat' dir='ltr'><strong>et</strong></span> <span class='ocrx_word' id='word_1_257' title='bbox 1890 2010 1999 2075; x_wconf 88' lang='lat' dir='ltr'><strong>ipse</strong></span> <span class='ocrx_word' id='word_1_258' title='bbox 2023 2015 2070 2064; x_wconf 89' lang='lat' dir='ltr'><strong>in</strong></span> <span class='ocrx_word' id='word_1_259' title='bbox 2103 2027 2194 2064; x_wconf 90' lang='lat' dir='ltr'><strong>suo</strong></span> <span class='ocrx_word' id='word_1_260' title='bbox 2239 2026 2437 2066; x_wconf 85' lang='lat' dir='ltr'><strong>carcere</strong></span> <span class='ocrx_word' id='word_1_261' title='bbox 2471 2020 2746 2077; x_wconf 89' lang='lat' dir='ltr'><strong>pateretur,</strong></span> <span class='ocrx_word' id='word_1_262' title='bbox 2781 2014 3006 2071; x_wconf 75' lang='lat' dir='ltr'><strong>exponit.</strong></span> <span class='ocrx_word' id='word_1_263' title='bbox 3034 2016 3236 2080; x_wconf 82' lang='lat' dir='ltr'><strong>(Baron.</strong></span> <span class='ocrx_word' id='word_1_264' title='bbox 3270 2029 3353 2064; x_wconf 91' lang='lat' dir='ltr'><strong>an.</strong></span> <span class='ocrx_word' id='word_1_265' title='bbox 3387 2013 3568 2073; x_wconf 90' lang='lat' dir='ltr'><strong>8l6,u.</strong></span> <span class='ocrx_word' id='word_1_266' title='bbox 3593 2013 3668 2076; x_wconf 90' lang='lat'><strong>8.)</strong></span> 
     </span>
    </p>
   </div>
   <div class='ocr_carea' id='block_1_37' title="bbox 643 2114 2111 2200">
    <p class='ocr_par' dir='ltr' id='par_1_37' title="bbox 643 2114 2104 2194">
     <span class='ocr_line' id='line_1_37' title="bbox 643 2114 2104 2194; baseline 0.012 -29"><span class='ocrx_word' id='word_1_267' title='bbox 643 2115 778 2179; x_wconf 85' lang='lat' dir='ltr'><strong>Quid</strong></span> <span class='ocrx_word' id='word_1_268' title='bbox 799 2114 1096 2184; x_wconf 86' lang='lat' dir='ltr'><strong>jucundius</strong></span> <span class='ocrx_word' id='word_1_269' title='bbox 1152 2118 1342 2174; x_wconf 90' lang='lat' dir='ltr'><strong>audire</strong></span> <span class='ocrx_word' id='word_1_270' title='bbox 1371 2135 1470 2189; x_wconf 90' lang='lat' dir='ltr'><strong>ego</strong></span> <span class='ocrx_word' id='word_1_271' title='bbox 1510 2133 1762 2192; x_wconf 86' lang='lat' dir='ltr'><strong>peccator</strong></span> <span class='ocrx_word' id='word_1_272' title='bbox 1806 2135 2050 2194; x_wconf 88' lang='lat' dir='ltr'><strong>poteram</strong></span> <span class='ocrx_word' id='word_1_273' title='bbox 2089 2167 2104 2192; x_wconf 94' lang='lat'><strong>,</strong></span> 
     </span>
    </p>
   </div>
   <div class='ocr_carea' id='block_1_38' title="bbox 2211 2114 3794 2200">
    <p class='ocr_par' dir='ltr' id='par_1_38' title="bbox 2280 2125 3794 2200">
     <span class='ocr_line' id='line_1_38' title="bbox 2280 2125 3794 2200; baseline -0.002 -20"><span class='ocrx_word' id='word_1_274' title='bbox 2280 2127 2347 2182; x_wconf 82' lang='grc' dir='ltr'>Τί</span> <span class='ocrx_word' id='word_1_275' title='bbox 2373 2127 2567 2181; x_wconf 88' lang='grc' dir='ltr'>τούτου</span> <span class='ocrx_word' id='word_1_276' title='bbox 2596 2129 2972 2200; x_wconf 82' lang='grc' dir='ltr'>χαριέστερον,</span> <span class='ocrx_word' id='word_1_277' title='bbox 3003 2127 3100 2181; x_wconf 91' lang='grc' dir='ltr'><strong>τοῦ</strong></span> <span class='ocrx_word' id='word_1_278' title='bbox 3121 2127 3351 2182; x_wconf 84' lang='grc' dir='ltr'>ἀκοῦσαί</span> <span class='ocrx_word' id='word_1_279' title='bbox 3379 2144 3445 2197; x_wconf 87' lang='grc' dir='ltr'><strong>με</strong></span> <span class='ocrx_word' id='word_1_280' title='bbox 3473 2127 3566 2180; x_wconf 68' lang='grc' dir='ltr'><strong>τὸν</strong></span> <span class='ocrx_word' id='word_1_281' title='bbox 3597 2125 3794 2196; x_wconf 83' lang='grc' dir='ltr'>ἁμαρ-</span> 
     </span>
    </p>
   </div>
   <div class='ocr_carea' id='block_1_39' title="bbox 533 2207 2109 2290">
    <p class='ocr_par' dir='ltr' id='par_1_39' title="bbox 533 2207 2109 2290">
     <span class='ocr_line' id='line_1_39' title="bbox 533 2207 2109 2290; baseline 0.01 -30"><span class='ocrx_word' id='word_1_282' title='bbox 533 2223 700 2277; x_wconf 88' lang='lat' dir='ltr'><strong>quam</strong></span> <span class='ocrx_word' id='word_1_283' title='bbox 725 2217 776 2261; x_wconf 89' lang='lat' dir='ltr'><strong>te</strong></span> <span class='ocrx_word' id='word_1_284' title='bbox 804 2207 1062 2266; x_wconf 89' lang='lat' dir='ltr'><strong>dilectum</strong></span> <span class='ocrx_word' id='word_1_285' title='bbox 1101 2210 1268 2265; x_wconf 88' lang='lat' dir='ltr'><strong>filium</strong></span> <span class='ocrx_word' id='word_1_286' title='bbox 1323 2229 1526 2278; x_wconf 91' lang='lat' dir='ltr'><strong>meum,</strong></span> <span class='ocrx_word' id='word_1_287' title='bbox 1564 2231 1689 2270; x_wconf 89' lang='lat' dir='ltr'><strong>cum</strong></span> <span class='ocrx_word' id='word_1_288' title='bbox 1744 2217 1868 2272; x_wconf 90' lang='lat' dir='ltr'><strong>aliis</strong></span> <span class='ocrx_word' id='word_1_289' title='bbox 1901 2229 2109 2290; x_wconf 87' lang='lat' dir='ltr'><strong>septem</strong></span> 
     </span>
    </p>
   </div>
   <div class='ocr_carea' id='block_1_40' title="bbox 535 2297 2109 2377">
    <p class='ocr_par' dir='ltr' id='par_1_40' title="bbox 535 2297 2109 2377">
     <span class='ocr_line' id='line_1_40' title="bbox 535 2297 2109 2377; baseline 0.008 -25"><span class='ocrx_word' id='word_1_290' title='bbox 535 2298 796 2359; x_wconf 83' lang='lat' dir='ltr'><strong>fratribus</strong></span> <span class='ocrx_word' id='word_1_291' title='bbox 829 2297 956 2362; x_wconf 87' lang='lat' dir='ltr'><strong>tuis,</strong></span> <span class='ocrx_word' id='word_1_292' title='bbox 985 2316 1206 2370; x_wconf 85' lang='lat' dir='ltr'><strong>quorum</strong></span> <span class='ocrx_word' id='word_1_293' title='bbox 1238 2303 1452 2362; x_wconf 80' lang='lat' dir='ltr'><strong>numina</strong></span> <span class='ocrx_word' id='word_1_294' title='bbox 1486 2315 1609 2356; x_wconf 84' lang='lat' dir='ltr'><strong>sunt</strong></span> <span class='ocrx_word' id='word_1_295' title='bbox 1638 2306 1842 2360; x_wconf 79' lang='lat' dir='ltr'><strong>inlibro</strong></span> <span class='ocrx_word' id='word_1_296' title='bbox 1877 2309 1998 2364; x_wconf 58' lang='lat' dir='ltr'><strong>vitae</strong></span> <span class='ocrx_word' id='word_1_297' title='bbox 2026 2312 2073 2342; x_wconf 72' lang='grc'><strong>⁸³</strong></span> <span class='ocrx_word' id='word_1_298' title='bbox 2093 2353 2109 2377; x_wconf 89' lang='grc'><strong>,</strong></span> 
     </span>
    </p>
   </div>
   <div class='ocr_carea' id='block_1_41' title="bbox 534 2387 2113 2466">
    <p class='ocr_par' dir='ltr' id='par_1_41' title="bbox 534 2387 2113 2466">
     <span class='ocr_line' id='line_1_41' title="bbox 534 2387 2113 2466; baseline 0.008 -22"><span class='ocrx_word' id='word_1_299' title='bbox 534 2406 633 2460; x_wconf 81' lang='lat' dir='ltr'><strong>pro</strong></span> <span class='ocrx_word' id='word_1_300' title='bbox 661 2387 878 2444; x_wconf 81' lang='lat' dir='ltr'><strong>Christo</strong></span> <span class='ocrx_word' id='word_1_301' title='bbox 900 2391 1107 2458; x_wconf 89' lang='lat' dir='ltr'><strong>optimo</strong></span> <span class='ocrx_word' id='word_1_302' title='bbox 1129 2389 1238 2445; x_wconf 89' lang='lat' dir='ltr'><strong>Deo</strong></span> <span class='ocrx_word' id='word_1_303' title='bbox 1261 2403 1450 2448; x_wconf 89' lang='lat' dir='ltr'><strong>nostro</strong></span> <span class='ocrx_word' id='word_1_304' title='bbox 1474 2393 1659 2466; x_wconf 87' lang='lat' dir='ltr'><strong>flagris</strong></span> <span class='ocrx_word' id='word_1_305' title='bbox 1683 2415 1885 2455; x_wconf 64' lang='lat' dir='ltr'><strong>casum</strong></span> <span class='ocrx_word' id='word_1_306' title='bbox 1905 2399 2113 2458; x_wconf 86' lang='lat' dir='ltr'><strong>fuisse?</strong></span> 
     </span>
    </p>
   </div>
   <div class='ocr_carea' id='block_1_42' title="bbox 534 2481 2112 2552">
    <p class='ocr_par' dir='ltr' id='par_1_42' title="bbox 534 2481 2112 2552">
     <span class='ocr_line' id='line_1_42' title="bbox 534 2481 2112 2552; baseline 0.013 -23"><span class='ocrx_word' id='word_1_307' title='bbox 534 2481 678 2536; x_wconf 68' lang='lat' dir='ltr'><strong>Laus</strong></span> <span class='ocrx_word' id='word_1_308' title='bbox 699 2481 748 2535; x_wconf 88' lang='lat' dir='ltr'><strong>ei</strong></span> <span class='ocrx_word' id='word_1_309' title='bbox 788 2481 883 2550; x_wconf 90' lang='lat' dir='ltr'><strong>qui</strong></span> <span class='ocrx_word' id='word_1_310' title='bbox 917 2496 1015 2540; x_wconf 77' lang='lat' dir='ltr'><strong>vos</strong></span> <span class='ocrx_word' id='word_1_311' title='bbox 1047 2485 1260 2538; x_wconf 88' lang='lat' dir='ltr'><strong>vocavit</strong></span> <span class='ocrx_word' id='word_1_312' title='bbox 1306 2485 1373 2544; x_wconf 86' lang='lat' dir='ltr'><strong>ad</strong></span> <span class='ocrx_word' id='word_1_313' title='bbox 1404 2486 1809 2546; x_wconf 84' lang='lat' dir='ltr'><strong>confessionem</strong></span> <span class='ocrx_word' id='word_1_314' title='bbox 1863 2494 2112 2552; x_wconf 86' lang='lat' dir='ltr'><strong>veritatis</strong></span> 
     </span>
    </p>
   </div>
   <div class='ocr_carea' id='block_1_43' title="bbox 532 2572 2112 2643">
    <p class='ocr_par' dir='ltr' id='par_1_43' title="bbox 532 2572 2112 2643">
     <span class='ocr_line' id='line_1_43' title="bbox 532 2572 2112 2643; baseline 0.011 -18"><span class='ocrx_word' id='word_1_315' title='bbox 532 2589 646 2631; x_wconf 72' lang='lat' dir='ltr'><strong>sua:</strong></span> <span class='ocrx_word' id='word_1_316' title='bbox 676 2593 690 2628; x_wconf 92' lang='lat'><strong>:</strong></span> <span class='ocrx_word' id='word_1_317' title='bbox 721 2572 839 2627; x_wconf 89' lang='lat' dir='ltr'><strong>laus</strong></span> <span class='ocrx_word' id='word_1_318' title='bbox 875 2573 924 2626; x_wconf 87' lang='lat' dir='ltr'><strong>ci</strong></span> <span class='ocrx_word' id='word_1_319' title='bbox 950 2573 1042 2643; x_wconf 87' lang='lat' dir='ltr'><strong>qui</strong></span> <span class='ocrx_word' id='word_1_320' title='bbox 1076 2573 1424 2634; x_wconf 83' lang='lat' dir='ltr'><strong>lmnorandas</strong></span> <span class='ocrx_word' id='word_1_321' title='bbox 1477 2583 1691 2636; x_wconf 88' lang='lat' dir='ltr'><strong>animas</strong></span> <span class='ocrx_word' id='word_1_322' title='bbox 1724 2592 1932 2640; x_wconf 86' lang='lat' dir='ltr'><strong>vestras</strong></span> <span class='ocrx_word' id='word_1_323' title='bbox 1989 2603 2112 2642; x_wconf 90' lang='lat' dir='ltr'><strong>cor-</strong></span> 
     </span>
    </p>
   </div>
   <div class='ocr_carea' id='block_1_44' title="bbox 531 2664 2109 2732">
    <p class='ocr_par' dir='ltr' id='par_1_44' title="bbox 531 2664 2109 2732">
     <span class='ocr_line' id='line_1_44' title="bbox 531 2664 2109 2732; baseline 0.009 -14"><span class='ocrx_word' id='word_1_324' title='bbox 531 2664 832 2730; x_wconf 79' lang='lat' dir='ltr'><strong>roboravit,</strong></span> <span class='ocrx_word' id='word_1_325' title='bbox 863 2673 922 2718; x_wconf 92' lang='lat' dir='ltr'><strong>ut</strong></span> <span class='ocrx_word' id='word_1_326' title='bbox 944 2673 1069 2725; x_wconf 84' lang='lat' dir='ltr'><strong>ante</strong></span> <span class='ocrx_word' id='word_1_327' title='bbox 1095 2665 1237 2721; x_wconf 79' lang='lat' dir='ltr'><strong>alios</strong></span> <span class='ocrx_word' id='word_1_328' title='bbox 1263 2677 1542 2724; x_wconf 88' lang='lat' dir='ltr'><strong>certamen</strong></span> <span class='ocrx_word' id='word_1_329' title='bbox 1587 2673 1830 2728; x_wconf 76' lang='lat' dir='ltr'><strong>subirent</strong></span> <span class='ocrx_word' id='word_1_330' title='bbox 1865 2694 1877 2730; x_wconf 92' lang='lat'><strong>:</strong></span> <span class='ocrx_word' id='word_1_331' title='bbox 1916 2685 1976 2732; x_wconf 93' lang='lat' dir='ltr'><strong>ut</strong></span> <span class='ocrx_word' id='word_1_332' title='bbox 2003 2694 2109 2732; x_wconf 90' lang='lat' dir='ltr'><strong>non</strong></span> 
     </span>
    </p>
   </div>
   <div class='ocr_carea' id='block_1_45' title="bbox 532 2753 2108 2838">
    <p class='ocr_par' dir='ltr' id='par_1_45' title="bbox 532 2753 2108 2838">
     <span class='ocr_line' id='line_1_45' title="bbox 532 2753 2108 2838; baseline 0.008 -30"><span class='ocrx_word' id='word_1_333' title='bbox 532 2753 986 2820; x_wconf 87' lang='lat' dir='ltr'><strong>reformidarent,</strong></span> <span class='ocrx_word' id='word_1_334' title='bbox 1013 2771 1112 2824; x_wconf 86' lang='lat' dir='ltr'><strong>nec</strong></span> <span class='ocrx_word' id='word_1_335' title='bbox 1146 2754 1463 2826; x_wconf 78' lang='lat' dir='ltr'><strong>refugerent</strong></span> <span class='ocrx_word' id='word_1_336' title='bbox 1492 2775 1521 2813; x_wconf 91' lang='lat' dir='ltr'><strong>a</strong></span> <span class='ocrx_word' id='word_1_337' title='bbox 1573 2773 1868 2832; x_wconf 87' lang='lat' dir='ltr'><strong>conspectu</strong></span> <span class='ocrx_word' id='word_1_338' title='bbox 1927 2766 2108 2838; x_wconf 87' lang='lat' dir='ltr'><strong>impii,</strong></span> 
     </span>
    </p>
   </div>
   <div class='ocr_carea' id='block_1_46' title="bbox 532 2843 2113 2920">
    <p class='ocr_par' dir='ltr' id='par_1_46' title="bbox 532 2843 2113 2920">
     <span class='ocr_line' id='line_1_46' title="bbox 532 2843 2113 2920; baseline 0.007 -20"><span class='ocrx_word' id='word_1_339' title='bbox 532 2846 628 2900; x_wconf 82' lang='lat' dir='ltr'><strong>sed</strong></span> <span class='ocrx_word' id='word_1_340' title='bbox 675 2843 961 2915; x_wconf 90' lang='lat' dir='ltr'><strong>pulchram</strong></span> <span class='ocrx_word' id='word_1_341' title='bbox 1025 2844 1424 2903; x_wconf 78' lang='lat' dir='ltr'><strong>confessionem</strong></span> <span class='ocrx_word' id='word_1_342' title='bbox 1493 2862 1724 2906; x_wconf 77' lang='lat' dir='ltr'><strong>vestram</strong></span> <span class='ocrx_word' id='word_1_343' title='bbox 1775 2854 2008 2920; x_wconf 86' lang='lat' dir='ltr'><strong>obirent,</strong></span> <span class='ocrx_word' id='word_1_344' title='bbox 2059 2865 2113 2912; x_wconf 86' lang='lat' dir='ltr'><strong>ct</strong></span> 
     </span>
    </p>
   </div>
   <div class='ocr_carea' id='block_1_47' title="bbox 529 2937 2111 3018">
    <p class='ocr_par' dir='ltr' id='par_1_47' title="bbox 529 2937 2111 3018">
     <span class='ocr_line' id='line_1_47' title="bbox 529 2937 2111 3018; baseline 0.008 -28"><span class='ocrx_word' id='word_1_345' title='bbox 529 2949 750 3010; x_wconf 85' lang='lat' dir='ltr'><strong>propter</strong></span> <span class='ocrx_word' id='word_1_346' title='bbox 775 2951 894 2991; x_wconf 87' lang='lat' dir='ltr'><strong>eam</strong></span> <span class='ocrx_word' id='word_1_347' title='bbox 919 2937 1142 2994; x_wconf 88' lang='lat' dir='ltr'><strong>dorsum</strong></span> <span class='ocrx_word' id='word_1_348' title='bbox 1193 2941 1510 3007; x_wconf 77' lang='lat' dir='ltr'><strong>verberibus</strong></span> <span class='ocrx_word' id='word_1_349' title='bbox 1539 2959 1664 2997; x_wconf 91' lang='lat' dir='ltr'><strong>cum</strong></span> <span class='ocrx_word' id='word_1_350' title='bbox 1722 2944 1944 3002; x_wconf 86' lang='lat' dir='ltr'><strong>Christo</strong></span> <span class='ocrx_word' id='word_1_351' title='bbox 1975 2964 2111 3018; x_wconf 80' lang='lat' dir='ltr'><strong>prae-</strong></span> 
     </span>
    </p>
   </div>
   <div class='ocr_carea' id='block_1_48' title="bbox 533 3026 2112 3096">
    <p class='ocr_par' dir='ltr' id='par_1_48' title="bbox 533 3026 2112 3096">
     <span class='ocr_line' id='line_1_48' title="bbox 533 3026 2112 3096; baseline 0.008 -13"><span class='ocrx_word' id='word_1_352' title='bbox 533 3030 744 3094; x_wconf 84' lang='lat' dir='ltr'><strong>berent.</strong></span> <span class='ocrx_word' id='word_1_353' title='bbox 799 3026 912 3084; x_wconf 79' lang='lat' dir='ltr'><strong>Vos</strong></span> <span class='ocrx_word' id='word_1_354' title='bbox 977 3031 1181 3096; x_wconf 89' lang='lat' dir='ltr'><strong>chorus</strong></span> <span class='ocrx_word' id='word_1_355' title='bbox 1240 3033 1381 3088; x_wconf 87' lang='lat' dir='ltr'><strong>alius</strong></span> <span class='ocrx_word' id='word_1_356' title='bbox 1430 3036 1794 3093; x_wconf 83' lang='lat' dir='ltr'><strong>confessionis</strong></span> <span class='ocrx_word' id='word_1_357' title='bbox 1855 3040 2112 3096; x_wconf 68' lang='lat' dir='ltr'><strong>Ecclesiae</strong></span> 
     </span>
    </p>
   </div>
   <div class='ocr_carea' id='block_1_49' title="bbox 532 3117 2109 3201">
    <p class='ocr_par' dir='ltr' id='par_1_49' title="bbox 532 3117 2109 3201">
     <span class='ocr_line' id='line_1_49' title="bbox 532 3117 2109 3201; baseline 0.01 -30"><span class='ocrx_word' id='word_1_358' title='bbox 532 3117 628 3176; x_wconf 81' lang='lat' dir='ltr'><strong>Dei</strong></span> <span class='ocrx_word' id='word_1_359' title='bbox 673 3117 869 3187; x_wconf 72' lang='lat' dir='ltr'><strong>adiecti</strong></span> <span class='ocrx_word' id='word_1_360' title='bbox 908 3119 1074 3174; x_wconf 84' lang='lat' dir='ltr'><strong>estis:</strong></span> <span class='ocrx_word' id='word_1_361' title='bbox 1104 3117 1201 3180; x_wconf 83' lang='lat' dir='ltr'><strong>vos</strong></span> <span class='ocrx_word' id='word_1_362' title='bbox 1249 3121 1607 3182; x_wconf 81' lang='lat' dir='ltr'><strong>fraternitatis</strong></span> <span class='ocrx_word' id='word_1_363' title='bbox 1644 3127 1697 3180; x_wconf 91' lang='lat' dir='ltr'><strong>in</strong></span> <span class='ocrx_word' id='word_1_364' title='bbox 1744 3127 1962 3185; x_wconf 87' lang='lat' dir='ltr'><strong>Christo</strong></span> <span class='ocrx_word' id='word_1_365' title='bbox 1991 3132 2109 3201; x_wconf 87' lang='lat' dir='ltr'><strong>glo-</strong></span> 
     </span>
    </p>
   </div>
   <div class='ocr_carea' id='block_1_50' title="bbox 531 3209 2112 3282">
    <p class='ocr_par' dir='ltr' id='par_1_50' title="bbox 531 3209 2112 3282">
     <span class='ocr_line' id='line_1_50' title="bbox 531 3209 2112 3282; baseline 0.01 -22"><span class='ocrx_word' id='word_1_366' title='bbox 531 3210 674 3262; x_wconf 85' lang='lat' dir='ltr'><strong>riam</strong></span> <span class='ocrx_word' id='word_1_367' title='bbox 733 3209 986 3264; x_wconf 79' lang='lat' dir='ltr'><strong>auxistis.</strong></span> <span class='ocrx_word' id='word_1_368' title='bbox 1040 3209 1190 3265; x_wconf 90' lang='lat' dir='ltr'><strong>Beati</strong></span> <span class='ocrx_word' id='word_1_369' title='bbox 1239 3214 1484 3279; x_wconf 90' lang='lat' dir='ltr'><strong>omnino,</strong></span> <span class='ocrx_word' id='word_1_370' title='bbox 1517 3216 1695 3270; x_wconf 84' lang='lat' dir='ltr'><strong>dilecti</strong></span> <span class='ocrx_word' id='word_1_371' title='bbox 1760 3219 1890 3282; x_wconf 90' lang='lat' dir='ltr'><strong>mei,</strong></span> <span class='ocrx_word' id='word_1_372' title='bbox 1926 3231 1980 3274; x_wconf 89' lang='lat' dir='ltr'><strong>et</strong></span> <span class='ocrx_word' id='word_1_373' title='bbox 2031 3232 2112 3276; x_wconf 88' lang='lat' dir='ltr'><strong>ter</strong></span> 
     </span>
    </p>
   </div>
   <div class='ocr_carea' id='block_1_51' title="bbox 533 3301 2109 3374">
    <p class='ocr_par' dir='ltr' id='par_1_51' title="bbox 533 3301 2109 3374">
     <span class='ocr_line' id='line_1_51' title="bbox 533 3301 2109 3374; baseline 0.011 -23"><span class='ocrx_word' id='word_1_374' title='bbox 533 3301 673 3364; x_wconf 84' lang='lat' dir='ltr'><strong>beati</strong></span> <span class='ocrx_word' id='word_1_375' title='bbox 701 3319 715 3354; x_wconf 89' lang='lat'><strong>:</strong></span> <span class='ocrx_word' id='word_1_376' title='bbox 743 3301 874 3370; x_wconf 88' lang='lat' dir='ltr'><strong>quin</strong></span> <span class='ocrx_word' id='word_1_377' title='bbox 907 3311 963 3356; x_wconf 89' lang='lat' dir='ltr'><strong>et</strong></span> <span class='ocrx_word' id='word_1_378' title='bbox 995 3301 1137 3358; x_wconf 89' lang='lat' dir='ltr'><strong>beati</strong></span> <span class='ocrx_word' id='word_1_379' title='bbox 1168 3314 1388 3360; x_wconf 77' lang='lat' dir='ltr'><strong>ventres</strong></span> <span class='ocrx_word' id='word_1_380' title='bbox 1425 3306 1518 3374; x_wconf 87' lang='lat' dir='ltr'><strong>qui</strong></span> <span class='ocrx_word' id='word_1_381' title='bbox 1553 3307 1606 3360; x_wconf 91' lang='lat' dir='ltr'><strong>in</strong></span> <span class='ocrx_word' id='word_1_382' title='bbox 1665 3310 1837 3373; x_wconf 80' lang='lat' dir='ltr'><strong>lucem</strong></span> <span class='ocrx_word' id='word_1_383' title='bbox 1863 3327 1960 3367; x_wconf 83' lang='lat' dir='ltr'><strong>vos</strong></span> <span class='ocrx_word' id='word_1_384' title='bbox 1993 3313 2109 3368; x_wconf 88' lang='lat' dir='ltr'><strong>edi-</strong></span> 
     </span>
    </p>
   </div>
   <div class='ocr_carea' id='block_1_52' title="bbox 530 3393 2107 3474">
    <p class='ocr_par' dir='ltr' id='par_1_52' title="bbox 530 3393 2107 3474">
     <span class='ocr_line' id='line_1_52' title="bbox 530 3393 2107 3474; baseline 0.009 -27"><span class='ocrx_word' id='word_1_385' title='bbox 530 3393 750 3447; x_wconf 87' lang='lat' dir='ltr'><strong>derunt.</strong></span> <span class='ocrx_word' id='word_1_386' title='bbox 784 3393 937 3458; x_wconf 86' lang='lat' dir='ltr'><strong>Quod</strong></span> <span class='ocrx_word' id='word_1_387' title='bbox 964 3394 1010 3448; x_wconf 92' lang='lat' dir='ltr'><strong>si</strong></span> <span class='ocrx_word' id='word_1_388' title='bbox 1043 3395 1110 3448; x_wconf 90' lang='lat' dir='ltr'><strong>de</strong></span> <span class='ocrx_word' id='word_1_389' title='bbox 1137 3410 1224 3448; x_wconf 88' lang='lat' dir='ltr'><strong>me</strong></span> <span class='ocrx_word' id='word_1_390' title='bbox 1252 3397 1453 3466; x_wconf 90' lang='lat' dir='ltr'><strong>aliquid</strong></span> <span class='ocrx_word' id='word_1_391' title='bbox 1482 3401 1643 3454; x_wconf 89' lang='lat' dir='ltr'><strong>etiam</strong></span> <span class='ocrx_word' id='word_1_392' title='bbox 1674 3403 1962 3470; x_wconf 78' lang='lat' dir='ltr'><strong>dicendum</strong></span> <span class='ocrx_word' id='word_1_393' title='bbox 1989 3417 2107 3474; x_wconf 87' lang='lat' dir='ltr'><strong>est;</strong></span> 
     </span>
    </p>
   </div>
   <div class='ocr_carea' id='block_1_53' title="bbox 530 3467 2184 3566">
    <p class='ocr_par' dir='ltr' id='par_1_53' title="bbox 530 3467 2184 3566">
     <span class='ocr_line' id='line_1_53' title="bbox 530 3467 2184 3566; baseline 0.011 -28"><span class='ocrx_word' id='word_1_394' title='bbox 530 3485 726 3556; x_wconf 73' lang='lat' dir='ltr'><strong>beatus</strong></span> <span class='ocrx_word' id='word_1_395' title='bbox 747 3501 850 3556; x_wconf 83' lang='lat' dir='ltr'><strong>ego</strong></span> <span class='ocrx_word' id='word_1_396' title='bbox 877 3501 1096 3556; x_wconf 88' lang='lat' dir='ltr'><strong>quoque</strong></span> <span class='ocrx_word' id='word_1_397' title='bbox 1117 3486 1304 3546; x_wconf 81' lang='lat' dir='ltr'><strong>infelix</strong></span> <span class='ocrx_word' id='word_1_398' title='bbox 1335 3504 1400 3544; x_wconf 92' lang='lat' dir='ltr'><strong>ac</strong></span> <span class='ocrx_word' id='word_1_399' title='bbox 1470 3494 1654 3557; x_wconf 87' lang='lat' dir='ltr'><strong>miser,</strong></span> <span class='ocrx_word' id='word_1_400' title='bbox 1687 3499 1781 3566; x_wconf 88' lang='lat' dir='ltr'><strong>qui</strong></span> <span class='ocrx_word' id='word_1_401' title='bbox 1825 3467 2107 3556; x_wconf 81' lang='lat' dir='ltr'><strong>tantorum</strong></span> <span class='ocrx_word' id='word_1_402' title='bbox 2138 3467 2184 3528; x_wconf 64' lang='grc' dir='ltr'>ο</span> 
     </span>
    </p>
   </div>
   <div class='ocr_carea' id='block_1_54' title="bbox 533 3578 2111 3650">
    <p class='ocr_par' dir='ltr' id='par_1_54' title="bbox 533 3578 2111 3650">
     <span class='ocr_line' id='line_1_54' title="bbox 533 3578 2111 3650; baseline 0.01 -18"><span class='ocrx_word' id='word_1_403' title='bbox 533 3578 700 3646; x_wconf 78' lang='lat' dir='ltr'><strong>audio</strong></span> <span class='ocrx_word' id='word_1_404' title='bbox 728 3587 882 3650; x_wconf 85' lang='lat' dir='ltr'><strong>pater</strong></span> <span class='ocrx_word' id='word_1_405' title='bbox 906 3580 1164 3646; x_wconf 81' lang='lat' dir='ltr'><strong>filiorum,</strong></span> <span class='ocrx_word' id='word_1_406' title='bbox 1200 3581 1290 3635; x_wconf 88' lang='lat' dir='ltr'><strong>Dei</strong></span> <span class='ocrx_word' id='word_1_407' title='bbox 1318 3583 1550 3642; x_wconf 82' lang='lat' dir='ltr'><strong>filiorum</strong></span> <span class='ocrx_word' id='word_1_408' title='bbox 1570 3597 1622 3640; x_wconf 91' lang='lat' dir='ltr'><strong>et</strong></span> <span class='ocrx_word' id='word_1_409' title='bbox 1653 3589 1928 3644; x_wconf 76' lang='lat' dir='ltr'><strong>limredum</strong></span> <span class='ocrx_word' id='word_1_410' title='bbox 1953 3593 2111 3647; x_wconf 88' lang='lat' dir='ltr'><strong>Chri-</strong></span> 
     </span>
    </p>
   </div>
   <div class='ocr_carea' id='block_1_55' title="bbox 531 3670 2110 3753">
    <p class='ocr_par' dir='ltr' id='par_1_55' title="bbox 531 3670 2110 3753">
     <span class='ocr_line' id='line_1_55' title="bbox 531 3670 2110 3753; baseline 0.011 -29"><span class='ocrx_word' id='word_1_411' title='bbox 531 3672 622 3725; x_wconf 78' lang='lat' dir='ltr'><strong>sti.</strong></span> <span class='ocrx_word' id='word_1_412' title='bbox 657 3670 943 3737; x_wconf 85' lang='lat' dir='ltr'><strong>Quodnam</strong></span> <span class='ocrx_word' id='word_1_413' title='bbox 1007 3670 1113 3726; x_wconf 89' lang='lat' dir='ltr'><strong>boc</strong></span> <span class='ocrx_word' id='word_1_414' title='bbox 1147 3675 1402 3744; x_wconf 81' lang='lat' dir='ltr'><strong>gaudium</strong></span> <span class='ocrx_word' id='word_1_415' title='bbox 1434 3677 1458 3730; x_wconf 89' lang='lat'><strong>?</strong></span> <span class='ocrx_word' id='word_1_416' title='bbox 1502 3680 1697 3733; x_wconf 75' lang='lat' dir='ltr'><strong>Annon</strong></span> <span class='ocrx_word' id='word_1_417' title='bbox 1734 3683 1882 3736; x_wconf 90' lang='lat' dir='ltr'><strong>omni</strong></span> <span class='ocrx_word' id='word_1_418' title='bbox 1913 3687 2110 3753; x_wconf 82' lang='lat' dir='ltr'><strong>gaudio</strong></span> 
     </span>
    </p>
   </div>
   <div class='ocr_carea' id='block_1_56' title="bbox 531 3763 2108 3838">
    <p class='ocr_par' dir='ltr' id='par_1_56' title="bbox 531 3763 2108 3838">
     <span class='ocr_line' id='line_1_56' title="bbox 531 3763 2108 3838; baseline 0.01 -20"><span class='ocrx_word' id='word_1_419' title='bbox 531 3763 907 3820; x_wconf 83' lang='lat' dir='ltr'><strong>delectabilius</strong></span> <span class='ocrx_word' id='word_1_420' title='bbox 928 3763 951 3817; x_wconf 90' lang='lat'><strong>?</strong></span> <span class='ocrx_word' id='word_1_421' title='bbox 972 3765 1230 3838; x_wconf 68' lang='lat' dir='ltr'><strong>Quaenam</strong></span> <span class='ocrx_word' id='word_1_422' title='bbox 1255 3768 1423 3836; x_wconf 84' lang='lat' dir='ltr'><strong>gloria</strong></span> <span class='ocrx_word' id='word_1_423' title='bbox 1459 3770 1574 3824; x_wconf 76' lang='lat' dir='ltr'><strong>inec</strong></span> <span class='ocrx_word' id='word_1_424' title='bbox 1594 3771 1617 3824; x_wconf 89' lang='lat'><strong>?</strong></span> <span class='ocrx_word' id='word_1_425' title='bbox 1635 3772 1828 3831; x_wconf 78' lang='lat' dir='ltr'><strong>Annon</strong></span> <span class='ocrx_word' id='word_1_426' title='bbox 1859 3775 2108 3833; x_wconf 86' lang='lat' dir='ltr'><strong>diadema</strong></span> 
     </span>
    </p>
   </div>
   <div class='ocr_carea' id='block_1_57' title="bbox 532 3853 2108 3935">
    <p class='ocr_par' dir='ltr' id='par_1_57' title="bbox 532 3853 2108 3935">
     <span class='ocr_line' id='line_1_57' title="bbox 532 3853 2108 3935; baseline 0.012 -30"><span class='ocrx_word' id='word_1_427' title='bbox 532 3853 862 3922; x_wconf 70' lang='lat' dir='ltr'><strong>gestantium</strong></span> <span class='ocrx_word' id='word_1_428' title='bbox 899 3855 1071 3924; x_wconf 84' lang='lat' dir='ltr'><strong>gloria</strong></span> <span class='ocrx_word' id='word_1_429' title='bbox 1127 3858 1451 3928; x_wconf 81' lang='lat' dir='ltr'><strong>mirabilior,</strong></span> <span class='ocrx_word' id='word_1_430' title='bbox 1485 3861 1624 3916; x_wconf 85' lang='lat' dir='ltr'><strong>ferre</strong></span> <span class='ocrx_word' id='word_1_431' title='bbox 1660 3865 1912 3935; x_wconf 84' lang='lat' dir='ltr'><strong>stigmata</strong></span> <span class='ocrx_word' id='word_1_432' title='bbox 1950 3869 2108 3924; x_wconf 91' lang='lat' dir='ltr'><strong>Chri-</strong></span> 
     </span>
    </p>
   </div>
   <div class='ocr_carea' id='block_1_58' title="bbox 532 3941 1827 4018">
    <p class='ocr_par' dir='ltr' id='par_1_58' title="bbox 532 3941 1827 4018">
     <span class='ocr_line' id='line_1_58' title="bbox 532 3941 1827 4018; baseline 0.008 -20"><span class='ocrx_word' id='word_1_433' title='bbox 532 3941 642 3998; x_wconf 69' lang='lat' dir='ltr'><strong>sti:</strong></span> <span class='ocrx_word' id='word_1_434' title='bbox 672 3943 914 4002; x_wconf 87' lang='lat' dir='ltr'><strong>viviticas</strong></span> <span class='ocrx_word' id='word_1_435' title='bbox 943 3943 1064 4016; x_wconf 83' lang='lat' dir='ltr'><strong>ejus</strong></span> <span class='ocrx_word' id='word_1_436' title='bbox 1107 3950 1410 4018; x_wconf 83' lang='lat' dir='ltr'><strong>passiones,</strong></span> <span class='ocrx_word' id='word_1_437' title='bbox 1438 3968 1533 4007; x_wconf 87' lang='lat' dir='ltr'><strong>ceu</strong></span> <span class='ocrx_word' id='word_1_438' title='bbox 1557 3957 1827 4010; x_wconf 82' lang='lat' dir='ltr'><strong>coronas?</strong></span> 
     </span>
    </p>
   </div>
   <div class='ocr_carea' id='block_1_59' title="bbox 635 4120 2105 4200">
    <p class='ocr_par' dir='ltr' id='par_1_59' title="bbox 635 4120 2105 4200">
     <span class='ocr_line' id='line_1_59' title="bbox 635 4120 2105 4200; baseline 0.009 -26"><span class='ocrx_word' id='word_1_439' title='bbox 635 4120 729 4176; x_wconf 87' lang='lat' dir='ltr'><strong>Sic</strong></span> <span class='ocrx_word' id='word_1_440' title='bbox 762 4121 928 4192; x_wconf 78' lang='lat' dir='ltr'><strong>igitur</strong></span> <span class='ocrx_word' id='word_1_441' title='bbox 949 4133 1130 4181; x_wconf 87' lang='lat' dir='ltr'><strong>vestra</strong></span> <span class='ocrx_word' id='word_1_442' title='bbox 1160 4140 1220 4180; x_wconf 92' lang='lat' dir='ltr'><strong>se</strong></span> <span class='ocrx_word' id='word_1_443' title='bbox 1251 4126 1475 4193; x_wconf 83' lang='lat' dir='ltr'><strong>habent,</strong></span> <span class='ocrx_word' id='word_1_444' title='bbox 1502 4145 1624 4200; x_wconf 83' lang='lat' dir='ltr'><strong>quae</strong></span> <span class='ocrx_word' id='word_1_445' title='bbox 1651 4139 1706 4185; x_wconf 89' lang='lat' dir='ltr'><strong>et</strong></span> <span class='ocrx_word' id='word_1_446' title='bbox 1737 4132 1936 4188; x_wconf 86' lang='lat' dir='ltr'><strong>coelum</strong></span> <span class='ocrx_word' id='word_1_447' title='bbox 1981 4133 2105 4190; x_wconf 87' lang='lat' dir='ltr'><strong>lau-</strong></span> 
     </span>
    </p>
   </div>
   <div class='ocr_carea' id='block_1_60' title="bbox 529 4211 2106 4291">
    <p class='ocr_par' dir='ltr' id='par_1_60' title="bbox 529 4211 2106 4291">
     <span class='ocr_line' id='line_1_60' title="bbox 529 4211 2106 4291; baseline 0.008 -24"><span class='ocrx_word' id='word_1_448' title='bbox 529 4211 701 4281; x_wconf 80' lang='lat' dir='ltr'><strong>davit,</strong></span> <span class='ocrx_word' id='word_1_449' title='bbox 731 4225 788 4268; x_wconf 85' lang='lat' dir='ltr'><strong>et</strong></span> <span class='ocrx_word' id='word_1_450' title='bbox 826 4224 970 4271; x_wconf 90' lang='lat' dir='ltr'><strong>terra</strong></span> <span class='ocrx_word' id='word_1_451' title='bbox 1022 4217 1251 4274; x_wconf 82' lang='lat' dir='ltr'><strong>audivit.</strong></span> <span class='ocrx_word' id='word_1_452' title='bbox 1299 4219 1494 4276; x_wconf 87' lang='lat' dir='ltr'><strong>Nostra</strong></span> <span class='ocrx_word' id='word_1_453' title='bbox 1542 4238 1672 4278; x_wconf 84' lang='lat' dir='ltr'><strong>vero</strong></span> <span class='ocrx_word' id='word_1_454' title='bbox 1717 4226 1920 4282; x_wconf 88' lang='lat' dir='ltr'><strong>nullius</strong></span> <span class='ocrx_word' id='word_1_455' title='bbox 1977 4236 2106 4291; x_wconf 88' lang='lat' dir='ltr'><strong>sunt</strong></span> 
     </span>
    </p>
   </div>
   <div class='ocr_carea' id='block_1_61' title="bbox 529 4307 2103 4382">
    <p class='ocr_par' dir='ltr' id='par_1_61' title="bbox 529 4307 2103 4382">
     <span class='ocr_line' id='line_1_61' title="bbox 529 4307 2103 4382; baseline 0.009 -24"><span class='ocrx_word' id='word_1_456' title='bbox 529 4307 813 4370; x_wconf 81' lang='lat' dir='ltr'><strong>momenti,</strong></span> <span class='ocrx_word' id='word_1_457' title='bbox 846 4316 900 4362; x_wconf 91' lang='lat' dir='ltr'><strong>et</strong></span> <span class='ocrx_word' id='word_1_458' title='bbox 933 4308 1088 4378; x_wconf 87' lang='lat' dir='ltr'><strong>plena</strong></span> <span class='ocrx_word' id='word_1_459' title='bbox 1117 4312 1378 4379; x_wconf 88' lang='lat' dir='ltr'><strong>peccatis,</strong></span> <span class='ocrx_word' id='word_1_460' title='bbox 1407 4314 1586 4382; x_wconf 85' lang='lat' dir='ltr'><strong>qualia</strong></span> <span class='ocrx_word' id='word_1_461' title='bbox 1623 4317 1880 4372; x_wconf 87' lang='lat' dir='ltr'><strong>nimirum</strong></span> <span class='ocrx_word' id='word_1_462' title='bbox 1904 4318 2103 4372; x_wconf 87' lang='lat' dir='ltr'><strong>Adria-</strong></span> 
     </span>
    </p>
   </div>
   <div class='ocr_carea' id='block_1_62' title="bbox 531 4397 2098 4465">
    <p class='ocr_par' dir='ltr' id='par_1_62' title="bbox 531 4397 2098 4465">
     <span class='ocr_line' id='line_1_62' title="bbox 531 4397 2098 4465; baseline 0.01 -18"><span class='ocrx_word' id='word_1_463' title='bbox 531 4412 636 4460; x_wconf 83' lang='lat' dir='ltr'><strong>nus</strong></span> <span class='ocrx_word' id='word_1_464' title='bbox 691 4397 858 4452; x_wconf 86' lang='lat' dir='ltr'><strong>frater</strong></span> <span class='ocrx_word' id='word_1_465' title='bbox 882 4399 1154 4455; x_wconf 89' lang='lat' dir='ltr'><strong>nuntiavit</strong></span> <span class='ocrx_word' id='word_1_466' title='bbox 1184 4418 1198 4455; x_wconf 94' lang='lat'><strong>:</strong></span> <span class='ocrx_word' id='word_1_467' title='bbox 1231 4405 1456 4462; x_wconf 84' lang='lat' dir='ltr'><strong>omnino</strong></span> <span class='ocrx_word' id='word_1_468' title='bbox 1486 4406 1632 4460; x_wconf 89' lang='lat' dir='ltr'><strong>enim</strong></span> <span class='ocrx_word' id='word_1_469' title='bbox 1671 4409 1855 4464; x_wconf 86' lang='lat' dir='ltr'><strong>salvus</strong></span> <span class='ocrx_word' id='word_1_470' title='bbox 1904 4413 2098 4465; x_wconf 89' lang='lat' dir='ltr'><strong>evasit.</strong></span> 
     </span>
    </p>
   </div>
   <div class='ocr_carea' id='block_1_63' title="bbox 529 4489 2102 4571">
    <p class='ocr_par' dir='ltr' id='par_1_63' title="bbox 529 4489 2102 4571">
     <span class='ocr_line' id='line_1_63' title="bbox 529 4489 2102 4571; baseline 0.011 -28"><span class='ocrx_word' id='word_1_471' title='bbox 529 4489 686 4556; x_wconf 88' lang='lat' dir='ltr'><strong>Quod</strong></span> <span class='ocrx_word' id='word_1_472' title='bbox 733 4490 780 4546; x_wconf 86' lang='lat' dir='ltr'><strong>si</strong></span> <span class='ocrx_word' id='word_1_473' title='bbox 809 4490 938 4560; x_wconf 88' lang='lat' dir='ltr'><strong>quid</strong></span> <span class='ocrx_word' id='word_1_474' title='bbox 971 4491 1133 4562; x_wconf 89' lang='lat' dir='ltr'><strong>adjici</strong></span> <span class='ocrx_word' id='word_1_475' title='bbox 1161 4506 1412 4564; x_wconf 88' lang='lat' dir='ltr'><strong>oporteat</strong></span> <span class='ocrx_word' id='word_1_476' title='bbox 1443 4514 1456 4551; x_wconf 90' lang='lat'><strong>:</strong></span> <span class='ocrx_word' id='word_1_477' title='bbox 1495 4496 1609 4552; x_wconf 55' lang='lat' dir='ltr'><strong>haec</strong></span> <span class='ocrx_word' id='word_1_478' title='bbox 1641 4514 1862 4571; x_wconf 91' lang='lat' dir='ltr'><strong>quoque</strong></span> <span class='ocrx_word' id='word_1_479' title='bbox 1887 4502 2102 4560; x_wconf 79' lang='lat' dir='ltr'><strong>indica—</strong></span> 
     </span>
    </p>
   </div>
   <div class='ocr_carea' id='block_1_64' title="bbox 531 4582 2102 4652">
    <p class='ocr_par' dir='ltr' id='par_1_64' title="bbox 531 4582 2102 4652">
     <span class='ocr_line' id='line_1_64' title="bbox 531 4582 2102 4652; baseline 0.012 -19"><span class='ocrx_word' id='word_1_480' title='bbox 531 4582 731 4639; x_wconf 85' lang='lat' dir='ltr'><strong>bimus.</strong></span> <span class='ocrx_word' id='word_1_481' title='bbox 767 4583 900 4638; x_wconf 89' lang='lat' dir='ltr'><strong>Post</strong></span> <span class='ocrx_word' id='word_1_482' title='bbox 927 4584 1339 4642; x_wconf 89' lang='lat' dir='ltr'><strong>dilaniationem</strong></span> <span class='ocrx_word' id='word_1_483' title='bbox 1394 4589 1735 4646; x_wconf 86' lang='lat' dir='ltr'><strong>incluserunt</strong></span> <span class='ocrx_word' id='word_1_484' title='bbox 1785 4609 1886 4648; x_wconf 92' lang='lat' dir='ltr'><strong>nos</strong></span> <span class='ocrx_word' id='word_1_485' title='bbox 1939 4596 2102 4652; x_wconf 90' lang='lat' dir='ltr'><strong>ambo</strong></span> 
     </span>
    </p>
   </div>
   <div class='ocr_carea' id='block_1_65' title="bbox 529 4672 2102 4750">
    <p class='ocr_par' dir='ltr' id='par_1_65' title="bbox 529 4672 2102 4750">
     <span class='ocr_line' id='line_1_65' title="bbox 529 4672 2102 4750; baseline 0.008 -20"><span class='ocrx_word' id='word_1_486' title='bbox 529 4676 582 4730; x_wconf 86' lang='lat' dir='ltr'><strong>in</strong></span> <span class='ocrx_word' id='word_1_487' title='bbox 609 4672 831 4745; x_wconf 87' lang='lat' dir='ltr'><strong>sublimi</strong></span> <span class='ocrx_word' id='word_1_488' title='bbox 857 4674 994 4740; x_wconf 91' lang='lat' dir='ltr'><strong>loco,</strong></span> <span class='ocrx_word' id='word_1_489' title='bbox 1026 4675 1250 4744; x_wconf 87' lang='lat' dir='ltr'><strong>januam</strong></span> <span class='ocrx_word' id='word_1_490' title='bbox 1285 4679 1630 4736; x_wconf 90' lang='lat' dir='ltr'><strong>obstruentes</strong></span> <span class='ocrx_word' id='word_1_491' title='bbox 1663 4693 1774 4750; x_wconf 89' lang='lat' dir='ltr'><strong>:ct,</strong></span> <span class='ocrx_word' id='word_1_492' title='bbox 1798 4685 1960 4741; x_wconf 89' lang='lat' dir='ltr'><strong>scalis</strong></span> <span class='ocrx_word' id='word_1_493' title='bbox 2013 4702 2102 4743; x_wconf 86' lang='lat' dir='ltr'><strong>re-</strong></span> 
     </span>
    </p>
   </div>
   <div class='ocr_carea' id='block_1_66' title="bbox 529 4767 2099 4852">
    <p class='ocr_par' dir='ltr' id='par_1_66' title="bbox 529 4767 2099 4852">
     <span class='ocr_line' id='line_1_66' title="bbox 529 4767 2099 4852; baseline 0.011 -34"><span class='ocrx_word' id='word_1_494' title='bbox 529 4767 712 4829; x_wconf 75' lang='lat' dir='ltr'><strong>motis.</strong></span> <span class='ocrx_word' id='word_1_495' title='bbox 751 4768 916 4834; x_wconf 87' lang='lat' dir='ltr'><strong>additi</strong></span> <span class='ocrx_word' id='word_1_496' title='bbox 945 4771 1520 4843; x_wconf 83' lang='lat' dir='ltr'><strong>suntcircumquaque</strong></span> <span class='ocrx_word' id='word_1_497' title='bbox 1553 4779 1826 4852; x_wconf 80' lang='lat' dir='ltr'><strong>custodes,</strong></span> <span class='ocrx_word' id='word_1_498' title='bbox 1864 4795 1931 4833; x_wconf 90' lang='lat' dir='ltr'><strong>ne</strong></span> <span class='ocrx_word' id='word_1_499' title='bbox 1975 4781 2099 4850; x_wconf 90' lang='lat' dir='ltr'><strong>quis</strong></span> 
     </span>
    </p>
   </div>
   <div class='ocr_carea' id='block_1_67' title="bbox 529 4858 2106 4936">
    <p class='ocr_par' dir='ltr' id='par_1_67' title="bbox 529 4858 2106 4936">
     <span class='ocr_line' id='line_1_67' title="bbox 529 4858 2106 4936; baseline 0.011 -28"><span class='ocrx_word' id='word_1_500' title='bbox 529 4858 754 4934; x_wconf 79' lang='lat' dir='ltr'><strong>propius</strong></span> <span class='ocrx_word' id='word_1_501' title='bbox 779 4861 1022 4922; x_wconf 82' lang='lat' dir='ltr'><strong>accedat,</strong></span> <span class='ocrx_word' id='word_1_502' title='bbox 1051 4865 1437 4934; x_wconf 80' lang='lat' dir='ltr'><strong>contingatque</strong></span> <span class='ocrx_word' id='word_1_503' title='bbox 1483 4867 1842 4924; x_wconf 90' lang='lat' dir='ltr'><strong>domicilium.</strong></span> <span class='ocrx_word' id='word_1_504' title='bbox 1879 4869 2021 4936; x_wconf 83' lang='lat' dir='ltr'><strong>Quin</strong></span> <span class='ocrx_word' id='word_1_505' title='bbox 2052 4883 2106 4926; x_wconf 90' lang='lat' dir='ltr'><strong>et</strong></span> 
     </span>
    </p>
   </div>
   <div class='ocr_carea' id='block_1_68' title="bbox 529 4950 2104 5024">
    <p class='ocr_par' dir='ltr' id='par_1_68' title="bbox 529 4950 2104 5024">
     <span class='ocr_line' id='line_1_68' title="bbox 529 4950 2104 5024; baseline 0.008 -19"><span class='ocrx_word' id='word_1_506' title='bbox 529 4958 773 5005; x_wconf 75' lang='lat' dir='ltr'><strong>rastrum</strong></span> <span class='ocrx_word' id='word_1_507' title='bbox 821 4950 1190 5021; x_wconf 84' lang='lat' dir='ltr'><strong>ingredientes</strong></span> <span class='ocrx_word' id='word_1_508' title='bbox 1218 4955 1462 5024; x_wconf 86' lang='lat' dir='ltr'><strong>singulos</strong></span> <span class='ocrx_word' id='word_1_509' title='bbox 1515 4960 1660 5015; x_wconf 86' lang='lat' dir='ltr'><strong>obvii</strong></span> <span class='ocrx_word' id='word_1_510' title='bbox 1712 4965 1962 5017; x_wconf 82' lang='lat' dir='ltr'><strong>custodes</strong></span> <span class='ocrx_word' id='word_1_511' title='bbox 2003 4965 2104 5018; x_wconf 91' lang='lat' dir='ltr'><strong>ob-</strong></span> 
     </span>
    </p>
   </div>
   <div class='ocr_carea' id='block_1_69' title="bbox 528 5043 2105 5125">
    <p class='ocr_par' dir='ltr' id='par_1_69' title="bbox 528 5043 2105 5125">
     <span class='ocr_line' id='line_1_69' title="bbox 528 5043 2105 5125; baseline 0.011 -33"><span class='ocrx_word' id='word_1_512' title='bbox 528 5049 771 5106; x_wconf 70' lang='lat' dir='ltr'><strong>servant,</strong></span> <span class='ocrx_word' id='word_1_513' title='bbox 805 5056 906 5097; x_wconf 89' lang='lat' dir='ltr'><strong>nec</strong></span> <span class='ocrx_word' id='word_1_514' title='bbox 939 5043 1048 5100; x_wconf 87' lang='lat' dir='ltr'><strong>alio</strong></span> <span class='ocrx_word' id='word_1_515' title='bbox 1072 5045 1341 5103; x_wconf 88' lang='lat' dir='ltr'><strong>divertere</strong></span> <span class='ocrx_word' id='word_1_516' title='bbox 1405 5051 1592 5105; x_wconf 89' lang='lat' dir='ltr'><strong>sinunt</strong></span> <span class='ocrx_word' id='word_1_517' title='bbox 1637 5068 1799 5122; x_wconf 86' lang='lat' dir='ltr'><strong>quam</strong></span> <span class='ocrx_word' id='word_1_518' title='bbox 1857 5055 1921 5109; x_wconf 89' lang='lat' dir='ltr'><strong>ad</strong></span> <span class='ocrx_word' id='word_1_519' title='bbox 1980 5071 2105 5125; x_wconf 87' lang='lat' dir='ltr'><strong>pro-</strong></span> 
     </span>
    </p>
   </div>
   <div class='ocr_carea' id='block_1_70' title="bbox 528 5130 2106 5212">
    <p class='ocr_par' dir='ltr' id='par_1_70' title="bbox 528 5130 2106 5212">
     <span class='ocr_line' id='line_1_70' title="bbox 528 5130 2106 5212; baseline 0.015 -31"><span class='ocrx_word' id='word_1_520' title='bbox 528 5130 674 5209; x_wconf 80' lang='lat' dir='ltr'><strong>prias</strong></span> <span class='ocrx_word' id='word_1_521' title='bbox 707 5130 924 5200; x_wconf 90' lang='lat' dir='ltr'><strong>domos,</strong></span> <span class='ocrx_word' id='word_1_522' title='bbox 960 5137 1140 5204; x_wconf 88' lang='lat' dir='ltr'><strong>quoad</strong></span> <span class='ocrx_word' id='word_1_523' title='bbox 1179 5137 1254 5192; x_wconf 91' lang='lat' dir='ltr'><strong>illi</strong></span> <span class='ocrx_word' id='word_1_524' title='bbox 1279 5155 1498 5195; x_wconf 84' lang='lat' dir='ltr'><strong>rursum</strong></span> <span class='ocrx_word' id='word_1_525' title='bbox 1533 5145 1900 5212; x_wconf 86' lang='lat' dir='ltr'><strong>egrediantur.</strong></span> <span class='ocrx_word' id='word_1_526' title='bbox 1931 5145 2106 5203; x_wconf 83' lang='lat' dir='ltr'><strong>Inter-</strong></span> 
     </span>
    </p>
   </div>
   <div class='ocr_carea' id='block_1_71' title="bbox 527 5223 2104 5307">
    <p class='ocr_par' dir='ltr' id='par_1_71' title="bbox 527 5223 2104 5307">
     <span class='ocr_line' id='line_1_71' title="bbox 527 5223 2104 5307; baseline 0.012 -32"><span class='ocrx_word' id='word_1_527' title='bbox 527 5223 736 5292; x_wconf 63' lang='lat' dir='ltr'><strong>qtictum</strong></span> <span class='ocrx_word' id='word_1_528' title='bbox 767 5231 852 5279; x_wconf 89' lang='lat' dir='ltr'><strong>est</strong></span> <span class='ocrx_word' id='word_1_529' title='bbox 883 5241 1090 5294; x_wconf 78' lang='lat' dir='ltr'><strong>severe,</strong></span> <span class='ocrx_word' id='word_1_530' title='bbox 1144 5243 1211 5284; x_wconf 91' lang='lat' dir='ltr'><strong>ne</strong></span> <span class='ocrx_word' id='word_1_531' title='bbox 1268 5232 1399 5301; x_wconf 87' lang='lat' dir='ltr'><strong>quid</strong></span> <span class='ocrx_word' id='word_1_532' title='bbox 1451 5235 1608 5290; x_wconf 87' lang='lat' dir='ltr'><strong>nobis</strong></span> <span class='ocrx_word' id='word_1_533' title='bbox 1679 5237 1843 5293; x_wconf 89' lang='lat' dir='ltr'><strong>detur</strong></span> <span class='ocrx_word' id='word_1_534' title='bbox 1907 5249 2104 5307; x_wconf 67' lang='lat' dir='ltr'><strong>praeter</strong></span> 
     </span>
    </p>
   </div>
   <div class='ocr_carea' id='block_1_72' title="bbox 528 5315 2102 5400">
    <p class='ocr_par' dir='ltr' id='par_1_72' title="bbox 528 5315 2102 5400">
     <span class='ocr_line' id='line_1_72' title="bbox 528 5315 2102 5400; baseline 0.013 -34"><span class='ocrx_word' id='word_1_535' title='bbox 528 5329 726 5392; x_wconf 67' lang='lat' dir='ltr'><strong>aquam</strong></span> <span class='ocrx_word' id='word_1_536' title='bbox 752 5315 932 5371; x_wconf 91' lang='lat' dir='ltr'><strong>solum</strong></span> <span class='ocrx_word' id='word_1_537' title='bbox 958 5325 1012 5372; x_wconf 88' lang='lat' dir='ltr'><strong>et</strong></span> <span class='ocrx_word' id='word_1_538' title='bbox 1040 5319 1269 5390; x_wconf 74' lang='lat' dir='ltr'><strong>lignum.</strong></span> <span class='ocrx_word' id='word_1_539' title='bbox 1305 5321 1382 5377; x_wconf 91' lang='lat' dir='ltr'><strong>lta</strong></span> <span class='ocrx_word' id='word_1_540' title='bbox 1407 5341 1510 5381; x_wconf 89' lang='lat' dir='ltr'><strong>nos</strong></span> <span class='ocrx_word' id='word_1_541' title='bbox 1552 5326 1712 5398; x_wconf 87' lang='lat' dir='ltr'><strong>plane</strong></span> <span class='ocrx_word' id='word_1_542' title='bbox 1745 5337 2004 5400; x_wconf 88' lang='lat' dir='ltr'><strong>tanquam</strong></span> <span class='ocrx_word' id='word_1_543' title='bbox 2046 5333 2102 5386; x_wconf 90' lang='lat' dir='ltr'><strong>in</strong></span> 
     </span>
    </p>
   </div>
   <div class='ocr_carea' id='block_1_73' title="bbox 527 5407 2100 5477">
    <p class='ocr_par' dir='ltr' id='par_1_73' title="bbox 527 5407 2100 5477">
     <span class='ocr_line' id='line_1_73' title="bbox 527 5407 2100 5477; baseline 0.013 -20"><span class='ocrx_word' id='word_1_544' title='bbox 527 5407 776 5476; x_wconf 56' lang='lat' dir='ltr'><strong>stipula-.0</strong></span> <span class='ocrx_word' id='word_1_545' title='bbox 835 5407 1105 5477; x_wconf 89' lang='lat' dir='ltr'><strong>locarunt,</strong></span> <span class='ocrx_word' id='word_1_546' title='bbox 1163 5420 1222 5467; x_wconf 94' lang='lat' dir='ltr'><strong>ut</strong></span> <span class='ocrx_word' id='word_1_547' title='bbox 1274 5427 1501 5472; x_wconf 89' lang='lat' dir='ltr'><strong>enecent</strong></span> <span class='ocrx_word' id='word_1_548' title='bbox 1537 5434 1659 5474; x_wconf 92' lang='lat' dir='ltr'><strong>nos.</strong></span> <span class='ocrx_word' id='word_1_549' title='bbox 1719 5419 1864 5476; x_wconf 89' lang='lat' dir='ltr'><strong>Deus</strong></span> <span class='ocrx_word' id='word_1_550' title='bbox 1920 5431 2100 5477; x_wconf 91' lang='lat' dir='ltr'><strong>autem</strong></span> 
     </span>
    </p>
   </div>
   <div class='ocr_carea' id='block_1_74' title="bbox 527 5495 2101 5583">
    <p class='ocr_par' dir='ltr' id='par_1_74' title="bbox 527 5495 2101 5583">
     <span class='ocr_line' id='line_1_74' title="bbox 527 5495 2101 5583; baseline 0.013 -36"><span class='ocrx_word' id='word_1_551' title='bbox 527 5495 879 5565; x_wconf 79' lang='lat' dir='ltr'><strong>t-enignitatis</strong></span> <span class='ocrx_word' id='word_1_552' title='bbox 917 5515 1033 5555; x_wconf 74' lang='lat' dir='ltr'><strong>sua:</strong></span> <span class='ocrx_word' id='word_1_553' title='bbox 1089 5501 1490 5572; x_wconf 90' lang='lat' dir='ltr'><strong>misericordia,</strong></span> <span class='ocrx_word' id='word_1_554' title='bbox 1522 5523 1617 5579; x_wconf 84' lang='lat' dir='ltr'><strong>per</strong></span> <span class='ocrx_word' id='word_1_555' title='bbox 1648 5524 1711 5566; x_wconf 90' lang='lat' dir='ltr'><strong>ea</strong></span> <span class='ocrx_word' id='word_1_556' title='bbox 1757 5527 1879 5583; x_wconf 77' lang='lat' dir='ltr'><strong>qua:</strong></span> <span class='ocrx_word' id='word_1_557' title='bbox 1911 5514 2101 5569; x_wconf 92' lang='lat' dir='ltr'><strong>intuli-</strong></span> 
     </span>
    </p>
   </div>
   <div class='ocr_carea' id='block_1_75' title="bbox 527 5593 2102 5674">
    <p class='ocr_par' dir='ltr' id='par_1_75' title="bbox 527 5593 2102 5674">
     <span class='ocr_line' id='line_1_75' title="bbox 527 5593 2102 5674; baseline 0.013 -30"><span class='ocrx_word' id='word_1_558' title='bbox 527 5602 650 5658; x_wconf 69' lang='lat' dir='ltr'><strong>mus</strong></span> <span class='ocrx_word' id='word_1_559' title='bbox 679 5593 1015 5659; x_wconf 86' lang='lat' dir='ltr'><strong>necessaria,</strong></span> <span class='ocrx_word' id='word_1_560' title='bbox 1045 5603 1099 5650; x_wconf 90' lang='lat' dir='ltr'><strong>et</strong></span> <span class='ocrx_word' id='word_1_561' title='bbox 1129 5597 1276 5666; x_wconf 89' lang='lat' dir='ltr'><strong>quod</strong></span> <span class='ocrx_word' id='word_1_562' title='bbox 1306 5597 1529 5670; x_wconf 79' lang='lat' dir='ltr'><strong>insuper</strong></span> <span class='ocrx_word' id='word_1_563' title='bbox 1560 5601 1629 5656; x_wconf 82' lang='lat' dir='ltr'><strong>ab</strong></span> <span class='ocrx_word' id='word_1_564' title='bbox 1660 5618 1746 5662; x_wconf 79' lang='lat' dir='ltr'><strong>co,</strong></span> <span class='ocrx_word' id='word_1_565' title='bbox 1777 5605 1869 5674; x_wconf 89' lang='lat' dir='ltr'><strong>qui</strong></span> <span class='ocrx_word' id='word_1_566' title='bbox 1916 5606 2102 5664; x_wconf 85' lang='lat' dir='ltr'><strong>admo-</strong></span> 
     </span>
    </p>
   </div>
   <div class='ocr_carea' id='block_1_76' title="bbox 615 5746 1154 5820">
    <p class='ocr_par' dir='ltr' id='par_1_76' title="bbox 615 5746 1154 5820">
     <span class='ocr_line' id='line_1_76' title="bbox 615 5746 1154 5820; baseline 0.019 -23"><span class='ocrx_word' id='word_1_567' title='bbox 615 5746 660 5784; x_wconf 77' lang='lat'>”</span> <span class='ocrx_word' id='word_1_568' title='bbox 709 5746 938 5820; x_wconf 73' lang='lat' dir='ltr'><strong>Philipp.</strong></span> <span class='ocrx_word' id='word_1_569' title='bbox 978 5768 1048 5818; x_wconf 79' lang='lat' dir='ltr'><strong>tv,</strong></span> <span class='ocrx_word' id='word_1_570' title='bbox 1103 5755 1154 5809; x_wconf 80' lang='grc'>5.</span> 
     </span>
    </p>
   </div>
   <div class='ocr_carea' id='block_1_77' title="bbox 2211 2217 3793 2290">
    <p class='ocr_par' dir='ltr' id='par_1_77' title="bbox 2211 2217 3793 2290">
     <span class='ocr_line' id='line_1_77' title="bbox 2211 2217 3793 2290; baseline 0 -20"><span class='ocrx_word' id='word_1_571' title='bbox 2211 2217 2402 2284; x_wconf 85' lang='grc' dir='ltr'>τωλδν,</span> <span class='ocrx_word' id='word_1_572' title='bbox 2420 2219 2614 2288; x_wconf 83' lang='grc' dir='ltr'>ὅτιπερ</span> <span class='ocrx_word' id='word_1_573' title='bbox 2652 2220 2718 2272; x_wconf 83' lang='grc' dir='ltr'>σὺ</span> <span class='ocrx_word' id='word_1_574' title='bbox 2751 2221 2780 2272; x_wconf 88' lang='grc' dir='ltr'>ὁ</span> <span class='ocrx_word' id='word_1_575' title='bbox 2811 2219 3098 2290; x_wconf 85' lang='grc' dir='ltr'>ἀγαπητός</span> <span class='ocrx_word' id='word_1_576' title='bbox 3129 2236 3230 2290; x_wconf 88' lang='grc' dir='ltr'><strong>μου</strong></span> <span class='ocrx_word' id='word_1_577' title='bbox 3269 2219 3405 2283; x_wconf 76' lang='grc' dir='ltr'>υίὸς,</span> <span class='ocrx_word' id='word_1_578' title='bbox 3435 2217 3557 2288; x_wconf 82' lang='grc' dir='ltr'>μεθ’</span> <span class='ocrx_word' id='word_1_579' title='bbox 3587 2219 3793 2288; x_wconf 75' lang='grc' dir='ltr'>ἐτέρων</span> 
     </span>
    </p>
   </div>
   <div class='ocr_carea' id='block_1_78' title="bbox 2213 2302 3791 2381">
    <p class='ocr_par' dir='ltr' id='par_1_78' title="bbox 2213 2302 3791 2381">
     <span class='ocr_line' id='line_1_78' title="bbox 2213 2302 3791 2381; baseline 0.005 -19"><span class='ocrx_word' id='word_1_580' title='bbox 2213 2310 2354 2363; x_wconf 81' lang='grc' dir='ltr'>ἐπτά</span> <span class='ocrx_word' id='word_1_581' title='bbox 2377 2309 2624 2381; x_wconf 79' lang='grc' dir='ltr'><strong>ἀδελφῶν</strong></span> <span class='ocrx_word' id='word_1_582' title='bbox 2653 2327 2772 2378; x_wconf 90' lang='grc' dir='ltr'>σου,</span> <span class='ocrx_word' id='word_1_583' title='bbox 2793 2302 2882 2365; x_wconf 80' lang='grc' dir='ltr'><strong>ὧν</strong></span> <span class='ocrx_word' id='word_1_584' title='bbox 2915 2313 2991 2366; x_wconf 82' lang='grc' dir='ltr'>τὰ</span> <span class='ocrx_word' id='word_1_585' title='bbox 3011 2311 3274 2380; x_wconf 76' lang='grc' dir='ltr'>ὀνόματα</span> <span class='ocrx_word' id='word_1_586' title='bbox 3301 2309 3372 2366; x_wconf 77' lang='grc' dir='ltr'><strong>ἐν</strong></span> <span class='ocrx_word' id='word_1_587' title='bbox 3398 2311 3594 2376; x_wconf 79' lang='grc' dir='ltr'>βίϐλῳ</span> <span class='ocrx_word' id='word_1_588' title='bbox 3617 2307 3791 2376; x_wconf 74' lang='grc' dir='ltr'>ζωῆς,</span> 
     </span>
    </p>
   </div>
   <div class='ocr_carea' id='block_1_79' title="bbox 2213 2399 3786 2476">
    <p class='ocr_par' dir='ltr' id='par_1_79' title="bbox 2213 2399 3786 2476">
     <span class='ocr_line' id='line_1_79' title="bbox 2213 2399 3786 2476; baseline 0 -22"><span class='ocrx_word' id='word_1_589' title='bbox 2213 2401 2588 2473; x_wconf 80' lang='grc' dir='ltr'>ὲμαστίχθητε</span> <span class='ocrx_word' id='word_1_590' title='bbox 2619 2403 2759 2476; x_wconf 80' lang='grc' dir='ltr'>ὑπὲρ</span> <span class='ocrx_word' id='word_1_591' title='bbox 2782 2401 3021 2474; x_wconf 86' lang='grc' dir='ltr'>Χριστοῦ</span> <span class='ocrx_word' id='word_1_592' title='bbox 3049 2400 3147 2456; x_wconf 87' lang='grc' dir='ltr'><strong>τοῦ</strong></span> <span class='ocrx_word' id='word_1_593' title='bbox 3185 2401 3397 2471; x_wconf 80' lang='grc' dir='ltr'>ἀγαθοῦ</span> <span class='ocrx_word' id='word_1_594' title='bbox 3431 2403 3592 2472; x_wconf 75' lang='grc' dir='ltr'>ἡμῶν</span> <span class='ocrx_word' id='word_1_595' title='bbox 3614 2399 3786 2468; x_wconf 76' lang='grc' dir='ltr'>Θεοῦς</span> 
     </span>
    </p>
   </div>
   <div class='ocr_carea' id='block_1_80' title="bbox 2212 2490 3788 2565">
    <p class='ocr_par' dir='ltr' id='par_1_80' title="bbox 2212 2490 3788 2565">
     <span class='ocr_line' id='line_1_80' title="bbox 2212 2490 3788 2565; baseline 0 -20"><span class='ocrx_word' id='word_1_596' title='bbox 2212 2490 2351 2558; x_wconf 79' lang='grc' dir='ltr'>Δόξα</span> <span class='ocrx_word' id='word_1_597' title='bbox 2403 2492 2481 2565; x_wconf 82' lang='grc' dir='ltr'>τῷ</span> <span class='ocrx_word' id='word_1_598' title='bbox 2530 2492 2825 2547; x_wconf 80' lang='grc' dir='ltr'>καλέσαντι</span> <span class='ocrx_word' id='word_1_599' title='bbox 2873 2493 3019 2564; x_wconf 82' lang='grc' dir='ltr'>ὑμᾶς</span> <span class='ocrx_word' id='word_1_600' title='bbox 3081 2493 3161 2557; x_wconf 91' lang='grc' dir='ltr'><strong>εἰς</strong></span> <span class='ocrx_word' id='word_1_601' title='bbox 3207 2493 3308 2563; x_wconf 81' lang='grc' dir='ltr'>τὴν</span> <span class='ocrx_word' id='word_1_602' title='bbox 3353 2491 3652 2561; x_wconf 72' lang='grc' dir='ltr'>ὁμολογίαν</span> <span class='ocrx_word' id='word_1_603' title='bbox 3691 2493 3788 2564; x_wconf 83' lang='grc' dir='ltr'>τῆς</span> 
     </span>
    </p>
   </div>
   <div class='ocr_carea' id='block_1_81' title="bbox 2212 2581 3790 2656">
    <p class='ocr_par' dir='ltr' id='par_1_81' title="bbox 2212 2581 3790 2656">
     <span class='ocr_line' id='line_1_81' title="bbox 2212 2581 3790 2656; baseline -0.001 -19"><span class='ocrx_word' id='word_1_604' title='bbox 2212 2583 2474 2654; x_wconf 82' lang='grc' dir='ltr'><strong>ἀληθείας</strong></span> <span class='ocrx_word' id='word_1_605' title='bbox 2502 2583 2670 2638; x_wconf 84' lang='grc' dir='ltr'>αὐτοῦ</span> <span class='ocrx_word' id='word_1_606' title='bbox 2707 2601 2720 2614; x_wconf 78' lang='grc'><strong>’</strong></span> <span class='ocrx_word' id='word_1_607' title='bbox 2753 2583 2880 2651; x_wconf 77' lang='grc' dir='ltr'>δόξα</span> <span class='ocrx_word' id='word_1_608' title='bbox 2909 2583 2990 2656; x_wconf 81' lang='grc' dir='ltr'><strong>τῷ</strong></span> <span class='ocrx_word' id='word_1_609' title='bbox 3032 2583 3440 2655; x_wconf 85' lang='grc' dir='ltr'>σταθερώσαντι</span> <span class='ocrx_word' id='word_1_610' title='bbox 3468 2581 3571 2647; x_wconf 81' lang='grc' dir='ltr'>τὰς</span> <span class='ocrx_word' id='word_1_611' title='bbox 3603 2584 3790 2653; x_wconf 85' lang='grc' dir='ltr'>τιμίας</span> 
     </span>
    </p>
   </div>
   <div class='ocr_carea' id='block_1_82' title="bbox 2213 2675 3786 2749">
    <p class='ocr_par' dir='ltr' id='par_1_82' title="bbox 2213 2675 3786 2749">
     <span class='ocr_line' id='line_1_82' title="bbox 2213 2675 3786 2749; baseline 0 -21"><span class='ocrx_word' id='word_1_612' title='bbox 2213 2675 2367 2746; x_wconf 85' lang='grc' dir='ltr'>ὑμῶν</span> <span class='ocrx_word' id='word_1_613' title='bbox 2403 2675 2583 2748; x_wconf 73' lang='grc' dir='ltr'>ψυχὰς</span> <span class='ocrx_word' id='word_1_614' title='bbox 2627 2677 2736 2730; x_wconf 90' lang='grc' dir='ltr'><strong>τῶν</strong></span> <span class='ocrx_word' id='word_1_615' title='bbox 2772 2675 2950 2732; x_wconf 85' lang='grc' dir='ltr'>ἄλλων</span> <span class='ocrx_word' id='word_1_616' title='bbox 2989 2675 3447 2749; x_wconf 80' lang='grc' dir='ltr'>προκινδυνεῦσαι</span> <span class='ocrx_word' id='word_1_617' title='bbox 3487 2677 3569 2740; x_wconf 90' lang='grc' dir='ltr'><strong>εἰς</strong></span> <span class='ocrx_word' id='word_1_618' title='bbox 3615 2677 3676 2728; x_wconf 78' lang='grc' dir='ltr'>τὸ</span> <span class='ocrx_word' id='word_1_619' title='bbox 3715 2675 3786 2746; x_wconf 83' lang='grc' dir='ltr'>μὴ</span> 
     </span>
    </p>
   </div>
   <div class='ocr_carea' id='block_1_83' title="bbox 2213 2768 3783 2841">
    <p class='ocr_par' dir='ltr' id='par_1_83' title="bbox 2213 2768 3783 2841">
     <span class='ocr_line' id='line_1_83' title="bbox 2213 2768 3783 2841; baseline 0 -19"><span class='ocrx_word' id='word_1_620' title='bbox 2213 2768 2438 2838; x_wconf 80' lang='grc' dir='ltr'>πτῆξαι,</span> <span class='ocrx_word' id='word_1_621' title='bbox 2470 2769 2606 2840; x_wconf 77' lang='grc' dir='ltr'>μηδὲ</span> <span class='ocrx_word' id='word_1_622' title='bbox 2634 2770 2992 2841; x_wconf 80' lang='grc' dir='ltr'>ὑποχωρῆσαι</span> <span class='ocrx_word' id='word_1_623' title='bbox 3030 2768 3138 2824; x_wconf 81' lang='grc' dir='ltr'>ἀπὸ</span> <span class='ocrx_word' id='word_1_624' title='bbox 3185 2768 3484 2841; x_wconf 79' lang='grc' dir='ltr'>προσώπου</span> <span class='ocrx_word' id='word_1_625' title='bbox 3516 2769 3612 2822; x_wconf 89' lang='grc' dir='ltr'><strong>τοῦ</strong></span> <span class='ocrx_word' id='word_1_626' title='bbox 3649 2769 3783 2822; x_wconf 74' lang='grc' dir='ltr'>ἀλά-</span> 
     </span>
    </p>
   </div>
   <div class='ocr_carea' id='block_1_84' title="bbox 2215 2858 3786 2934">
    <p class='ocr_par' dir='ltr' id='par_1_84' title="bbox 2215 2858 3786 2934">
     <span class='ocr_line' id='line_1_84' title="bbox 2215 2858 3786 2934; baseline 0 -22"><span class='ocrx_word' id='word_1_627' title='bbox 2215 2877 2405 2931; x_wconf 87' lang='grc' dir='ltr'>στορος</span> <span class='ocrx_word' id='word_1_628' title='bbox 2437 2877 2451 2889; x_wconf 90' lang='grc'><strong>·</strong></span> <span class='ocrx_word' id='word_1_629' title='bbox 2508 2859 2651 2916; x_wconf 82' lang='grc' dir='ltr'><strong>ἀλλά</strong></span> <span class='ocrx_word' id='word_1_630' title='bbox 2685 2859 2786 2934; x_wconf 79' lang='grc' dir='ltr'>τὴν</span> <span class='ocrx_word' id='word_1_631' title='bbox 2843 2859 3014 2931; x_wconf 82' lang='grc' dir='ltr'>καλὴν</span> <span class='ocrx_word' id='word_1_632' title='bbox 3043 2859 3198 2929; x_wconf 84' lang='grc' dir='ltr'>ὑμῶν</span> <span class='ocrx_word' id='word_1_633' title='bbox 3249 2858 3547 2930; x_wconf 80' lang='grc' dir='ltr'>ὁμολογίαν</span> <span class='ocrx_word' id='word_1_634' title='bbox 3594 2861 3786 2930; x_wconf 70' lang='grc' dir='ltr'>ὁμολο-</span> 
     </span>
    </p>
   </div>
   <div class='ocr_carea' id='block_1_85' title="bbox 2212 2949 3786 3022">
    <p class='ocr_par' dir='ltr' id='par_1_85' title="bbox 2212 2949 3786 3022">
     <span class='ocr_line' id='line_1_85' title="bbox 2212 2949 3786 3022; baseline 0.002 -20"><span class='ocrx_word' id='word_1_635' title='bbox 2212 2950 2386 3020; x_wconf 78' lang='grc' dir='ltr'>γῆσαι</span> <span class='ocrx_word' id='word_1_636' title='bbox 2408 2990 2423 3014; x_wconf 95' lang='grc'><strong>,</strong></span> <span class='ocrx_word' id='word_1_637' title='bbox 2455 2951 2552 3004; x_wconf 75' lang='grc' dir='ltr'>καὶ</span> <span class='ocrx_word' id='word_1_638' title='bbox 2574 2951 2664 3006; x_wconf 81' lang='grc' dir='ltr'>διὰ</span> <span class='ocrx_word' id='word_1_639' title='bbox 2695 2951 2905 3020; x_wconf 85' lang='grc' dir='ltr'>ταύτην</span> <span class='ocrx_word' id='word_1_640' title='bbox 2940 2952 3038 3004; x_wconf 84' lang='grc' dir='ltr'>σὺν</span> <span class='ocrx_word' id='word_1_641' title='bbox 3083 2951 3308 3022; x_wconf 81' lang='grc' dir='ltr'>Χριστῷ</span> <span class='ocrx_word' id='word_1_642' title='bbox 3337 2949 3520 3005; x_wconf 88' lang='grc' dir='ltr'>δοῦναι</span> <span class='ocrx_word' id='word_1_643' title='bbox 3549 2952 3642 3004; x_wconf 76' lang='grc' dir='ltr'><strong>τὸν</strong></span> <span class='ocrx_word' id='word_1_644' title='bbox 3684 2952 3786 3006; x_wconf 86' lang='grc' dir='ltr'>νῶ-</span> 
     </span>
    </p>
   </div>
   <div class='ocr_carea' id='block_1_86' title="bbox 2211 3041 3785 3114">
    <p class='ocr_par' dir='ltr' id='par_1_86' title="bbox 2211 3041 3785 3114">
     <span class='ocr_line' id='line_1_86' title="bbox 2211 3041 3785 3114; baseline 0.001 -19"><span class='ocrx_word' id='word_1_645' title='bbox 2211 3059 2303 3095; x_wconf 86' lang='grc' dir='ltr'><strong>τον</strong></span> <span class='ocrx_word' id='word_1_646' title='bbox 2329 3043 2409 3106; x_wconf 86' lang='grc' dir='ltr'><strong>εἰς</strong></span> <span class='ocrx_word' id='word_1_647' title='bbox 2446 3043 2743 3114; x_wconf 86' lang='grc' dir='ltr'>μάστιγας.</span> <span class='ocrx_word' id='word_1_648' title='bbox 2789 3043 3167 3114; x_wconf 78' lang='grc' dir='ltr'>Προσετέθητε</span> <span class='ocrx_word' id='word_1_649' title='bbox 3199 3043 3362 3114; x_wconf 77' lang='grc' dir='ltr'>χορὸς</span> <span class='ocrx_word' id='word_1_650' title='bbox 3393 3041 3558 3106; x_wconf 72' lang='grc' dir='ltr'>ἄλλος</span> <span class='ocrx_word' id='word_1_651' title='bbox 3587 3042 3785 3114; x_wconf 64' lang='grc' dir='ltr'>ὁμολοη</span> 
     </span>
    </p>
   </div>
   <div class='ocr_carea' id='block_1_87' title="bbox 2213 3134 3786 3208">
    <p class='ocr_par' dir='ltr' id='par_1_87' title="bbox 2213 3134 3786 3208">
     <span class='ocr_line' id='line_1_87' title="bbox 2213 3134 3786 3208; baseline 0.001 -22"><span class='ocrx_word' id='word_1_652' title='bbox 2213 3134 2339 3204; x_wconf 89' lang='grc' dir='ltr'>γίας</span> <span class='ocrx_word' id='word_1_653' title='bbox 2385 3137 2451 3205; x_wconf 82' lang='grc' dir='ltr'>τῇ</span> <span class='ocrx_word' id='word_1_654' title='bbox 2505 3134 2803 3208; x_wconf 66' lang='grc' dir='ltr'>Ἐκκλησία</span> <span class='ocrx_word' id='word_1_655' title='bbox 2845 3134 2942 3189; x_wconf 88' lang='grc' dir='ltr'><strong>τοῦ</strong></span> <span class='ocrx_word' id='word_1_656' title='bbox 2977 3134 3135 3190; x_wconf 86' lang='grc' dir='ltr'>Θεοῦ.</span> <span class='ocrx_word' id='word_1_657' title='bbox 3190 3135 3480 3206; x_wconf 76' lang='grc' dir='ltr'>Ηύξήσατρ</span> <span class='ocrx_word' id='word_1_658' title='bbox 3523 3135 3585 3194; x_wconf 69' lang='grc' dir='ltr'>τὸ</span> <span class='ocrx_word' id='word_1_659' title='bbox 3631 3135 3786 3198; x_wconf 79' lang='grc' dir='ltr'>κλέος</span> 
     </span>
    </p>
   </div>
   <div class='ocr_carea' id='block_1_88' title="bbox 2213 3225 3780 3298">
    <p class='ocr_par' dir='ltr' id='par_1_88' title="bbox 2213 3225 3780 3298">
     <span class='ocr_line' id='line_1_88' title="bbox 2213 3225 3780 3298; baseline 0.001 -20"><span class='ocrx_word' id='word_1_660' title='bbox 2213 3226 2312 3296; x_wconf 81' lang='grc' dir='ltr'>τῆς</span> <span class='ocrx_word' id='word_1_661' title='bbox 2343 3226 2403 3279; x_wconf 81' lang='grc' dir='ltr'>ὲν</span> <span class='ocrx_word' id='word_1_662' title='bbox 2447 3225 2670 3298; x_wconf 85' lang='grc' dir='ltr'>Χριστῴ</span> <span class='ocrx_word' id='word_1_663' title='bbox 2715 3226 3100 3298; x_wconf 77' lang='grc' dir='ltr'>ἀδελφότητος.</span> <span class='ocrx_word' id='word_1_664' title='bbox 3146 3227 3429 3296; x_wconf 73' lang='grc' dir='ltr'>Μακάριοι</span> <span class='ocrx_word' id='word_1_665' title='bbox 3454 3225 3649 3292; x_wconf 78' lang='grc' dir='ltr'>ὅντως,</span> <span class='ocrx_word' id='word_1_666' title='bbox 3683 3243 3780 3280; x_wconf 78' lang='grc' dir='ltr'>πο-</span> 
     </span>
    </p>
   </div>
   <div class='ocr_carea' id='block_1_89' title="bbox 2215 3316 3780 3392">
    <p class='ocr_par' dir='ltr' id='par_1_89' title="bbox 2215 3316 3780 3392">
     <span class='ocr_line' id='line_1_89' title="bbox 2215 3316 3780 3392; baseline 0.001 -22"><span class='ocrx_word' id='word_1_667' title='bbox 2215 3316 2368 3388; x_wconf 87' lang='grc' dir='ltr'>θητοί</span> <span class='ocrx_word' id='word_1_668' title='bbox 2393 3335 2517 3389; x_wconf 89' lang='grc' dir='ltr'>μου,</span> <span class='ocrx_word' id='word_1_669' title='bbox 2546 3319 2640 3372; x_wconf 79' lang='grc' dir='ltr'>καὶ</span> <span class='ocrx_word' id='word_1_670' title='bbox 2669 3318 3086 3391; x_wconf 77' lang='grc' dir='ltr'>τρισμακάριοι,</span> <span class='ocrx_word' id='word_1_671' title='bbox 3130 3319 3400 3392; x_wconf 80' lang='grc' dir='ltr'>μακάριαι</span> <span class='ocrx_word' id='word_1_672' title='bbox 3449 3319 3544 3374; x_wconf 77' lang='grc' dir='ltr'>καὶ</span> <span class='ocrx_word' id='word_1_673' title='bbox 3577 3321 3635 3372; x_wconf 88' lang='grc' dir='ltr'><strong>αἰ</strong></span> <span class='ocrx_word' id='word_1_674' title='bbox 3665 3337 3780 3374; x_wconf 82' lang='grc' dir='ltr'>κοι-</span> 
     </span>
    </p>
   </div>
   <div class='ocr_carea' id='block_1_90' title="bbox 2214 3409 3787 3484">
    <p class='ocr_par' dir='ltr' id='par_1_90' title="bbox 2214 3409 3787 3484">
     <span class='ocr_line' id='line_1_90' title="bbox 2214 3409 3787 3484; baseline 0.004 -23"><span class='ocrx_word' id='word_1_675' title='bbox 2214 3409 2360 3472; x_wconf 85' lang='grc' dir='ltr'>λίαι,</span> <span class='ocrx_word' id='word_1_676' title='bbox 2393 3409 2450 3462; x_wconf 88' lang='grc' dir='ltr'>αἳ</span> <span class='ocrx_word' id='word_1_677' title='bbox 2495 3413 2574 3474; x_wconf 84' lang='grc' dir='ltr'><strong>είς</strong></span> <span class='ocrx_word' id='word_1_678' title='bbox 2641 3411 2758 3481; x_wconf 79' lang='grc' dir='ltr'>φῶς</span> <span class='ocrx_word' id='word_1_679' title='bbox 2815 3413 2961 3482; x_wconf 81' lang='grc' dir='ltr'>ὑμᾶς</span> <span class='ocrx_word' id='word_1_680' title='bbox 3003 3412 3234 3482; x_wconf 78' lang='grc' dir='ltr'>ἣγαγον.</span> <span class='ocrx_word' id='word_1_681' title='bbox 3274 3412 3420 3466; x_wconf 82' lang='grc' dir='ltr'>Εἰδὲ</span> <span class='ocrx_word' id='word_1_682' title='bbox 3449 3431 3504 3466; x_wconf 92' lang='grc' dir='ltr'><strong>τι</strong></span> <span class='ocrx_word' id='word_1_683' title='bbox 3533 3414 3631 3467; x_wconf 78' lang='grc' dir='ltr'>καὶ</span> <span class='ocrx_word' id='word_1_684' title='bbox 3663 3417 3787 3484; x_wconf 76' lang='grc' dir='ltr'>περὶ</span> 
     </span>
    </p>
   </div>
   <div class='ocr_carea' id='block_1_91' title="bbox 2215 3499 3784 3575">
    <p class='ocr_par' dir='ltr' id='par_1_91' title="bbox 2215 3499 3784 3575">
     <span class='ocr_line' id='line_1_91' title="bbox 2215 3499 3784 3575; baseline 0.003 -22"><span class='ocrx_word' id='word_1_685' title='bbox 2215 3499 2380 3571; x_wconf 81' lang='grc' dir='ltr'>ἐμοῦ·</span> <span class='ocrx_word' id='word_1_686' title='bbox 2416 3503 2687 3572; x_wconf 82' lang='grc' dir='ltr'>μακάριος</span> <span class='ocrx_word' id='word_1_687' title='bbox 2735 3501 2890 3571; x_wconf 73' lang='grc' dir='ltr'>κάγὼ</span> <span class='ocrx_word' id='word_1_688' title='bbox 2943 3504 2972 3556; x_wconf 85' lang='grc' dir='ltr'>ὁ</span> <span class='ocrx_word' id='word_1_689' title='bbox 3019 3503 3399 3575; x_wconf 77' lang='grc' dir='ltr'>ἁμακάριστος</span> <span class='ocrx_word' id='word_1_690' title='bbox 3437 3504 3535 3558; x_wconf 76' lang='grc' dir='ltr'>καὶ</span> <span class='ocrx_word' id='word_1_691' title='bbox 3563 3504 3748 3569; x_wconf 79' lang='grc' dir='ltr'>ἄθλιος</span> <span class='ocrx_word' id='word_1_692' title='bbox 3773 3526 3784 3538; x_wconf 84' lang='lat'><strong><em>-</em></strong></span> 
     </span>
    </p>
   </div>
   <div class='ocr_carea' id='block_1_92' title="bbox 2215 3594 3785 3665">
    <p class='ocr_par' dir='ltr' id='par_1_92' title="bbox 2215 3594 3785 3665">
     <span class='ocr_line' id='line_1_92' title="bbox 2215 3594 3785 3665; baseline 0.002 -17"><span class='ocrx_word' id='word_1_693' title='bbox 2215 3595 2297 3648; x_wconf 80' lang='grc' dir='ltr'>ὅτι</span> <span class='ocrx_word' id='word_1_694' title='bbox 2327 3594 2664 3665; x_wconf 73' lang='grc' dir='ltr'>τηλικούτων</span> <span class='ocrx_word' id='word_1_695' title='bbox 2702 3595 2908 3660; x_wconf 85' lang='grc' dir='ltr'>ἀκούω,</span> <span class='ocrx_word' id='word_1_696' title='bbox 2957 3595 3148 3665; x_wconf 77' lang='grc' dir='ltr'>Πατὴρ</span> <span class='ocrx_word' id='word_1_697' title='bbox 3193 3596 3426 3662; x_wconf 81' lang='grc' dir='ltr'>τέκνων,</span> <span class='ocrx_word' id='word_1_698' title='bbox 3461 3597 3599 3652; x_wconf 85' lang='grc' dir='ltr'>Θεοῦ</span> <span class='ocrx_word' id='word_1_699' title='bbox 3635 3599 3785 3664; x_wconf 87' lang='grc' dir='ltr'>υἰῶν,</span> 
     </span>
    </p>
   </div>
   <div class='ocr_carea' id='block_1_93' title="bbox 2215 3686 3786 3763">
    <p class='ocr_par' dir='ltr' id='par_1_93' title="bbox 2215 3686 3786 3763">
     <span class='ocr_line' id='line_1_93' title="bbox 2215 3686 3786 3763; baseline 0.003 -23"><span class='ocrx_word' id='word_1_700' title='bbox 2215 3687 2309 3741; x_wconf 79' lang='grc' dir='ltr'>καὶ</span> <span class='ocrx_word' id='word_1_701' title='bbox 2341 3687 2694 3758; x_wconf 87' lang='grc' dir='ltr'>κληρονόμων</span> <span class='ocrx_word' id='word_1_702' title='bbox 2741 3686 3003 3758; x_wconf 84' lang='grc' dir='ltr'>Χριστοῦ.</span> <span class='ocrx_word' id='word_1_703' title='bbox 3041 3687 3141 3752; x_wconf 83' lang='grc' dir='ltr'>Τίς</span> <span class='ocrx_word' id='word_1_704' title='bbox 3182 3691 3216 3759; x_wconf 68' lang='grc' dir='ltr'><strong>η</strong></span> <span class='ocrx_word' id='word_1_705' title='bbox 3247 3689 3398 3760; x_wconf 78' lang='grc' dir='ltr'>χαρὰ</span> <span class='ocrx_word' id='word_1_706' title='bbox 3445 3690 3630 3763; x_wconf 79' lang='grc' dir='ltr'>αῦτη;</span> <span class='ocrx_word' id='word_1_707' title='bbox 3673 3692 3786 3745; x_wconf 77' lang='grc' dir='ltr'>ἀλλ’</span> 
     </span>
    </p>
   </div>
   <div class='ocr_carea' id='block_1_94' title="bbox 2214 3778 3782 3855">
    <p class='ocr_par' dir='ltr' id='par_1_94' title="bbox 2214 3778 3782 3855">
     <span class='ocr_line' id='line_1_94' title="bbox 2214 3778 3782 3855; baseline 0.016 -25"><span class='ocrx_word' id='word_1_708' title='bbox 2214 3778 2334 3848; x_wconf 81' lang='grc' dir='ltr'><strong>ούχί</strong></span> <span class='ocrx_word' id='word_1_709' title='bbox 2361 3779 2546 3850; x_wconf 81' lang='grc' dir='ltr'>πάσης</span> <span class='ocrx_word' id='word_1_710' title='bbox 2567 3780 2740 3850; x_wconf 79' lang='grc' dir='ltr'>χαρᾶς</span> <span class='ocrx_word' id='word_1_711' title='bbox 2791 3779 3224 3851; x_wconf 70' lang='grc' dir='ltr'>θυμηρεστέραὶ</span> <span class='ocrx_word' id='word_1_712' title='bbox 3266 3779 3362 3845; x_wconf 83' lang='grc' dir='ltr'><strong>Τίς</strong></span> <span class='ocrx_word' id='word_1_713' title='bbox 3393 3784 3428 3852; x_wconf 80' lang='grc' dir='ltr'>ὴ</span> <span class='ocrx_word' id='word_1_714' title='bbox 3462 3783 3589 3851; x_wconf 74' lang='grc' dir='ltr'>δόξα</span> <span class='ocrx_word' id='word_1_715' title='bbox 3611 3784 3782 3855; x_wconf 54' lang='lat' dir='ltr'><strong>«ita;</strong></span> 
     </span>
    </p>
   </div>
   <div class='ocr_carea' id='block_1_95' title="bbox 2213 3870 3785 3943">
    <p class='ocr_par' dir='ltr' id='par_1_95' title="bbox 2213 3870 3785 3943">
     <span class='ocr_line' id='line_1_95' title="bbox 2213 3870 3785 3943; baseline 0.004 -21"><span class='ocrx_word' id='word_1_716' title='bbox 2213 3870 2327 3924; x_wconf 85' lang='grc' dir='ltr'>ἀλλ’</span> <span class='ocrx_word' id='word_1_717' title='bbox 2355 3870 2475 3940; x_wconf 76' lang='grc' dir='ltr'>οὐχὶ</span> <span class='ocrx_word' id='word_1_718' title='bbox 2529 3872 2638 3925; x_wconf 87' lang='grc' dir='ltr'><strong>τῶν</strong></span> <span class='ocrx_word' id='word_1_719' title='bbox 2665 3870 2734 3925; x_wconf 88' lang='grc' dir='ltr'><strong>τά</strong></span> <span class='ocrx_word' id='word_1_720' title='bbox 2775 3870 3086 3942; x_wconf 76' lang='grc' dir='ltr'>διαδήματα</span> <span class='ocrx_word' id='word_1_721' title='bbox 3120 3872 3435 3943; x_wconf 83' lang='grc' dir='ltr'>φορούντων</span> <span class='ocrx_word' id='word_1_722' title='bbox 3466 3875 3785 3942; x_wconf 78' lang='grc' dir='ltr'>θαυμασιωο</span> 
     </span>
    </p>
   </div>
   <div class='ocr_carea' id='block_1_96' title="bbox 2212 3962 3783 4036">
    <p class='ocr_par' dir='ltr' id='par_1_96' title="bbox 2212 3962 3783 4036">
     <span class='ocr_line' id='line_1_96' title="bbox 2212 3962 3783 4036; baseline 0.004 -20"><span class='ocrx_word' id='word_1_723' title='bbox 2212 3962 2369 4030; x_wconf 81' lang='grc' dir='ltr'>τέρα,</span> <span class='ocrx_word' id='word_1_724' title='bbox 2399 3963 2675 4033; x_wconf 87' lang='grc' dir='ltr'>στίγματα</span> <span class='ocrx_word' id='word_1_725' title='bbox 2731 3964 2920 4034; x_wconf 74' lang='grc' dir='ltr'>φέρειν</span> <span class='ocrx_word' id='word_1_726' title='bbox 2967 3964 3061 4019; x_wconf 89' lang='grc' dir='ltr'><strong>τοῦ</strong></span> <span class='ocrx_word' id='word_1_727' title='bbox 3093 3965 3360 4036; x_wconf 76' lang='grc' dir='ltr'>Χριστοῦ,</span> <span class='ocrx_word' id='word_1_728' title='bbox 3429 3967 3500 4020; x_wconf 74' lang='grc' dir='ltr'><strong>τὰ</strong></span> <span class='ocrx_word' id='word_1_729' title='bbox 3546 3967 3783 4032; x_wconf 75' lang='grc' dir='ltr'>ζωοποιὰ</span> 
     </span>
    </p>
   </div>
   <div class='ocr_carea' id='block_1_97' title="bbox 2211 4052 2930 4126">
    <p class='ocr_par' dir='ltr' id='par_1_97' title="bbox 2211 4052 2930 4126">
     <span class='ocr_line' id='line_1_97' title="bbox 2211 4052 2930 4126; baseline 0.022 -21"><span class='ocrx_word' id='word_1_730' title='bbox 2211 4052 2375 4122; x_wconf 82' lang='grc' dir='ltr'>αὐτοῦ</span> <span class='ocrx_word' id='word_1_731' title='bbox 2405 4053 2584 4122; x_wconf 87' lang='grc' dir='ltr'>πάθη,</span> <span class='ocrx_word' id='word_1_732' title='bbox 2617 4054 2692 4116; x_wconf 84' lang='grc' dir='ltr'><strong>ὡς</strong></span> <span class='ocrx_word' id='word_1_733' title='bbox 2725 4055 2930 4126; x_wconf 72' lang='grc' dir='ltr'><strong>στέφηῖ</strong></span> 
     </span>
    </p>
   </div>
   <div class='ocr_carea' id='block_1_98' title="bbox 2281 4139 3779 4220">
    <p class='ocr_par' dir='ltr' id='par_1_98' title="bbox 2281 4139 3779 4220">
     <span class='ocr_line' id='line_1_98' title="bbox 2281 4139 3779 4220; baseline 0.007 -26"><span class='ocrx_word' id='word_1_734' title='bbox 2281 4141 2469 4207; x_wconf 74' lang='grc' dir='ltr'>Οὕτως</span> <span class='ocrx_word' id='word_1_735' title='bbox 2514 4143 2612 4212; x_wconf 80' lang='grc' dir='ltr'>μὲν</span> <span class='ocrx_word' id='word_1_736' title='bbox 2666 4139 2758 4198; x_wconf 84' lang='grc' dir='ltr'><strong>οῦν</strong></span> <span class='ocrx_word' id='word_1_737' title='bbox 2808 4145 2909 4207; x_wconf 74' lang='grc' dir='ltr'><strong>τὰς</strong></span> <span class='ocrx_word' id='word_1_738' title='bbox 2956 4143 3081 4200; x_wconf 81' lang='grc' dir='ltr'>καθ’</span> <span class='ocrx_word' id='word_1_739' title='bbox 3126 4146 3314 4214; x_wconf 77' lang='grc' dir='ltr'>ὑμᾶς’</span> <span class='ocrx_word' id='word_1_740' title='bbox 3359 4147 3396 4202; x_wconf 77' lang='grc' dir='ltr'>ἃ</span> <span class='ocrx_word' id='word_1_741' title='bbox 3426 4149 3520 4202; x_wconf 74' lang='grc' dir='ltr'><strong>καὶ</strong></span> <span class='ocrx_word' id='word_1_742' title='bbox 3550 4149 3779 4220; x_wconf 77' lang='grc' dir='ltr'>οὐρανὸς</span> 
     </span>
    </p>
   </div>
   <div class='ocr_carea' id='block_1_99' title="bbox 2211 4236 3777 4314">
    <p class='ocr_par' dir='ltr' id='par_1_99' title="bbox 2211 4236 3777 4314">
     <span class='ocr_line' id='line_1_99' title="bbox 2211 4236 3777 4314; baseline 0.005 -26"><span class='ocrx_word' id='word_1_743' title='bbox 2211 4237 2405 4308; x_wconf 68' lang='grc' dir='ltr'><strong>⁴ἰξνεσε,</strong></span> <span class='ocrx_word' id='word_1_744' title='bbox 2453 4236 2550 4289; x_wconf 68' lang='grc' dir='ltr'>καὶ</span> <span class='ocrx_word' id='word_1_745' title='bbox 2583 4238 2652 4307; x_wconf 84' lang='grc' dir='ltr'>γῆ</span> <span class='ocrx_word' id='word_1_746' title='bbox 2703 4237 3026 4310; x_wconf 76' lang='grc' dir='ltr'>ὴκουτίσθη.</span> <span class='ocrx_word' id='word_1_747' title='bbox 3079 4239 3160 4294; x_wconf 83' lang='grc' dir='ltr'><strong>Τὰ</strong></span> <span class='ocrx_word' id='word_1_748' title='bbox 3207 4239 3264 4294; x_wconf 82' lang='grc' dir='ltr'>δὲ</span> <span class='ocrx_word' id='word_1_749' title='bbox 3315 4241 3566 4313; x_wconf 75' lang='grc' dir='ltr'>ἡμέτερα</span> <span class='ocrx_word' id='word_1_750' title='bbox 3608 4244 3777 4314; x_wconf 79' lang='grc' dir='ltr'>μηδα-</span> 
     </span>
    </p>
   </div>
   <div class='ocr_carea' id='block_1_100' title="bbox 2212 4329 3772 4406">
    <p class='ocr_par' dir='ltr' id='par_1_100' title="bbox 2212 4329 3772 4406">
     <span class='ocr_line' id='line_1_100' title="bbox 2212 4329 3772 4406; baseline 0.005 -25"><span class='ocrx_word' id='word_1_751' title='bbox 2212 4330 2344 4399; x_wconf 74' lang='grc' dir='ltr'>μινὰ</span> <span class='ocrx_word' id='word_1_752' title='bbox 2372 4329 2464 4382; x_wconf 76' lang='grc' dir='ltr'>καὶ</span> <span class='ocrx_word' id='word_1_753' title='bbox 2490 4329 2793 4400; x_wconf 81' lang='grc' dir='ltr'>ἀμαρτωλά</span> <span class='ocrx_word' id='word_1_754' title='bbox 2818 4348 2833 4362; x_wconf 82' lang='lat'><strong><em>°</em></strong></span> <span class='ocrx_word' id='word_1_755' title='bbox 2861 4330 3004 4402; x_wconf 75' lang='grc' dir='ltr'>πλὴν</span> <span class='ocrx_word' id='word_1_756' title='bbox 3033 4331 3108 4395; x_wconf 84' lang='grc' dir='ltr'><strong>ὡς</strong></span> <span class='ocrx_word' id='word_1_757' title='bbox 3135 4333 3472 4403; x_wconf 81' lang='grc' dir='ltr'>ἀπήγγειλεν</span> <span class='ocrx_word' id='word_1_758' title='bbox 3499 4337 3527 4389; x_wconf 79' lang='grc' dir='ltr'><strong>ὁ</strong></span> <span class='ocrx_word' id='word_1_759' title='bbox 3551 4338 3772 4406; x_wconf 71' lang='grc' dir='ltr'>ἀδελφὸς</span> 
     </span>
    </p>
   </div>
   <div class='ocr_carea' id='block_1_101' title="bbox 2220 4422 3773 4495">
    <p class='ocr_par' dir='ltr' id='par_1_101' title="bbox 2220 4422 3773 4495">
     <span class='ocr_line' id='line_1_101' title="bbox 2220 4422 3773 4495; baseline 0.006 -21"><span class='ocrx_word' id='word_1_760' title='bbox 2220 4422 2498 4493; x_wconf 71' lang='grc' dir='ltr'>Ἀδριανός</span> <span class='ocrx_word' id='word_1_761' title='bbox 2519 4439 2533 4454; x_wconf 77' lang='grc' dir='ltr'><strong>ο</strong></span> <span class='ocrx_word' id='word_1_762' title='bbox 2577 4423 2798 4486; x_wconf 80' lang='grc' dir='ltr'>πάντως</span> <span class='ocrx_word' id='word_1_763' title='bbox 2821 4425 2932 4495; x_wconf 81' lang='grc' dir='ltr'><strong>γὰρ</strong></span> <span class='ocrx_word' id='word_1_764' title='bbox 2973 4425 3381 4482; x_wconf 86' lang='grc' dir='ltr'>ἀποσέσωσται.</span> <span class='ocrx_word' id='word_1_765' title='bbox 3414 4427 3478 4480; x_wconf 87' lang='grc' dir='ltr'>Εί</span> <span class='ocrx_word' id='word_1_766' title='bbox 3511 4429 3569 4481; x_wconf 87' lang='grc' dir='ltr'><em>δέ</em></span> <span class='ocrx_word' id='word_1_767' title='bbox 3592 4448 3646 4482; x_wconf 83' lang='grc' dir='ltr'><strong>τι</strong></span> <span class='ocrx_word' id='word_1_768' title='bbox 3669 4431 3773 4484; x_wconf 79' lang='grc' dir='ltr'>δέοι</span> 
     </span>
    </p>
   </div>
   <div class='ocr_carea' id='block_1_102' title="bbox 2207 4513 3770 4589">
    <p class='ocr_par' dir='ltr' id='par_1_102' title="bbox 2207 4513 3770 4589">
     <span class='ocr_line' id='line_1_102' title="bbox 2207 4513 3770 4589; baseline 0.004 -21"><span class='ocrx_word' id='word_1_769' title='bbox 2207 4517 2304 4582; x_wconf 75' lang='grc' dir='ltr'>καὶ</span> <span class='ocrx_word' id='word_1_770' title='bbox 2346 4513 2696 4584; x_wconf 84' lang='grc' dir='ltr'>προσθεῖναι,</span> <span class='ocrx_word' id='word_1_771' title='bbox 2734 4515 2904 4568; x_wconf 88' lang='grc' dir='ltr'>ταῦτα</span> <span class='ocrx_word' id='word_1_772' title='bbox 2955 4517 3052 4570; x_wconf 77' lang='grc' dir='ltr'>καὶ</span> <span class='ocrx_word' id='word_1_773' title='bbox 3102 4516 3440 4589; x_wconf 87' lang='grc' dir='ltr'>δηλώσομεν.</span> <span class='ocrx_word' id='word_1_774' title='bbox 3491 4521 3649 4575; x_wconf 79' lang='grc' dir='ltr'>Μετὰ</span> <span class='ocrx_word' id='word_1_775' title='bbox 3688 4523 3770 4574; x_wconf 74' lang='grc' dir='ltr'>τὸν</span> 
     </span>
    </p>
   </div>
   <div class='ocr_carea' id='block_1_103' title="bbox 2205 4605 3770 4678">
    <p class='ocr_par' dir='ltr' id='par_1_103' title="bbox 2205 4605 3770 4678">
     <span class='ocr_line' id='line_1_103' title="bbox 2205 4605 3770 4678; baseline 0.004 -20"><span class='ocrx_word' id='word_1_776' title='bbox 2205 4606 2413 4677; x_wconf 74' lang='grc' dir='ltr'>δαρμὸν</span> <span class='ocrx_word' id='word_1_777' title='bbox 2443 4605 2694 4668; x_wconf 79' lang='grc' dir='ltr'>ἔκλεισαν</span> <span class='ocrx_word' id='word_1_778' title='bbox 2732 4608 2883 4675; x_wconf 75' lang='grc' dir='ltr'>ἡμᾶς</span> <span class='ocrx_word' id='word_1_779' title='bbox 2913 4607 3041 4672; x_wconf 79' lang='grc' dir='ltr'>τοὺς</span> <span class='ocrx_word' id='word_1_780' title='bbox 3076 4607 3171 4661; x_wconf 87' lang='grc' dir='ltr'><strong>δύο</strong></span> <span class='ocrx_word' id='word_1_781' title='bbox 3199 4611 3280 4672; x_wconf 87' lang='grc' dir='ltr'><strong>εἰς</strong></span> <span class='ocrx_word' id='word_1_782' title='bbox 3311 4610 3574 4678; x_wconf 84' lang='grc' dir='ltr'>ἀνώγεων</span> <span class='ocrx_word' id='word_1_783' title='bbox 3596 4654 3611 4676; x_wconf 95' lang='grc'><strong>,</strong></span> <span class='ocrx_word' id='word_1_784' title='bbox 3645 4614 3770 4666; x_wconf 79' lang='grc' dir='ltr'>ἀνα-</span> 
     </span>
    </p>
   </div>
   <div class='ocr_carea' id='block_1_104' title="bbox 2207 4697 3768 4776">
    <p class='ocr_par' dir='ltr' id='par_1_104' title="bbox 2207 4697 3768 4776">
     <span class='ocr_line' id='line_1_104' title="bbox 2207 4697 3768 4776; baseline 0.005 -25"><span class='ocrx_word' id='word_1_785' title='bbox 2207 4698 2515 4766; x_wconf 80' lang='grc' dir='ltr'>φράξαντες</span> <span class='ocrx_word' id='word_1_786' title='bbox 2566 4698 2666 4769; x_wconf 80' lang='grc' dir='ltr'>τὴν</span> <span class='ocrx_word' id='word_1_787' title='bbox 2697 4697 2890 4770; x_wconf 85' lang='grc' dir='ltr'>θύραν,</span> <span class='ocrx_word' id='word_1_788' title='bbox 2933 4699 3028 4752; x_wconf 67' lang='grc' dir='ltr'>καὶ</span> <span class='ocrx_word' id='word_1_789' title='bbox 3075 4701 3309 4773; x_wconf 84' lang='grc' dir='ltr'>ἄραντες</span> <span class='ocrx_word' id='word_1_790' title='bbox 3361 4704 3461 4775; x_wconf 80' lang='grc' dir='ltr'>τὴν</span> <span class='ocrx_word' id='word_1_791' title='bbox 3495 4704 3768 4776; x_wconf 80' lang='grc' dir='ltr'>κλίμακα·</span> 
     </span>
    </p>
   </div>
   <div class='ocr_carea' id='block_1_105' title="bbox 2209 4790 3766 4871">
    <p class='ocr_par' dir='ltr' id='par_1_105' title="bbox 2209 4790 3766 4871">
     <span class='ocr_line' id='line_1_105' title="bbox 2209 4790 3766 4871; baseline 0.006 -27"><span class='ocrx_word' id='word_1_792' title='bbox 2209 4791 2469 4844; x_wconf 85' lang='grc' dir='ltr'>κυκλόθεν</span> <span class='ocrx_word' id='word_1_793' title='bbox 2499 4790 2740 4860; x_wconf 80' lang='grc' dir='ltr'>φύλακες</span> <span class='ocrx_word' id='word_1_794' title='bbox 2763 4809 2776 4822; x_wconf 75' lang='grc' dir='ltr'><strong>ο</strong></span> <span class='ocrx_word' id='word_1_795' title='bbox 2814 4795 2887 4863; x_wconf 83' lang='grc' dir='ltr'>μή</span> <span class='ocrx_word' id='word_1_796' title='bbox 2931 4794 3014 4856; x_wconf 84' lang='grc' dir='ltr'><strong>τίς</strong></span> <span class='ocrx_word' id='word_1_797' title='bbox 3060 4812 3164 4847; x_wconf 85' lang='grc' dir='ltr'><strong>που</strong></span> <span class='ocrx_word' id='word_1_798' title='bbox 3214 4795 3365 4869; x_wconf 79' lang='grc' dir='ltr'>θίγῃ,</span> <span class='ocrx_word' id='word_1_799' title='bbox 3398 4797 3536 4868; x_wconf 74' lang='grc' dir='ltr'>μηδὲ</span> <span class='ocrx_word' id='word_1_800' title='bbox 3567 4799 3766 4871; x_wconf 60' lang='grc' dir='ltr'>ἅψηται</span> 
     </span>
    </p>
   </div>
   <div class='ocr_carea' id='block_1_106' title="bbox 2204 4881 3763 4960">
    <p class='ocr_par' dir='ltr' id='par_1_106' title="bbox 2204 4881 3763 4960">
     <span class='ocr_line' id='line_1_106' title="bbox 2204 4881 3763 4960; baseline 0.006 -26"><span class='ocrx_word' id='word_1_801' title='bbox 2204 4881 2300 4934; x_wconf 88' lang='grc' dir='ltr'><strong>τοῦ</strong></span> <span class='ocrx_word' id='word_1_802' title='bbox 2331 4882 2604 4952; x_wconf 80' lang='grc' dir='ltr'>δωματίου</span> <span class='ocrx_word' id='word_1_803' title='bbox 2631 4897 2644 4913; x_wconf 73' lang='grc'><strong>⁸</strong></span> <span class='ocrx_word' id='word_1_804' title='bbox 2679 4883 2814 4935; x_wconf 70' lang='grc' dir='ltr'>ἀλλὰ</span> <span class='ocrx_word' id='word_1_805' title='bbox 2869 4885 2965 4937; x_wconf 71' lang='grc' dir='ltr'>καὶ</span> <span class='ocrx_word' id='word_1_806' title='bbox 3008 4888 3191 4943; x_wconf 69' lang='grc' dir='ltr'>πάντα</span> <span class='ocrx_word' id='word_1_807' title='bbox 3241 4886 3334 4940; x_wconf 83' lang='grc' dir='ltr'>τὸν</span> <span class='ocrx_word' id='word_1_808' title='bbox 3376 4889 3763 4960; x_wconf 74' lang='grc' dir='ltr'>εἰσερχόμενον</span> 
     </span>
    </p>
   </div>
   <div class='ocr_carea' id='block_1_107' title="bbox 2204 4973 3767 5049">
    <p class='ocr_par' dir='ltr' id='par_1_107' title="bbox 2204 4973 3767 5049">
     <span class='ocr_line' id='line_1_107' title="bbox 2204 4973 3767 5049; baseline 0.005 -23"><span class='ocrx_word' id='word_1_809' title='bbox 2204 4975 2282 5036; x_wconf 82' lang='grc' dir='ltr'><strong>εἰς</strong></span> <span class='ocrx_word' id='word_1_810' title='bbox 2318 4973 2379 5026; x_wconf 79' lang='grc' dir='ltr'>τὸ</span> <span class='ocrx_word' id='word_1_811' title='bbox 2434 4973 2692 5045; x_wconf 84' lang='grc' dir='ltr'>κὰστρον,</span> <span class='ocrx_word' id='word_1_812' title='bbox 2749 4977 3206 5048; x_wconf 84' lang='grc' dir='ltr'>προῦπαντῶντες</span> <span class='ocrx_word' id='word_1_813' title='bbox 3242 4981 3292 5032; x_wconf 87' lang='grc' dir='ltr'><strong>οἰ</strong></span> <span class='ocrx_word' id='word_1_814' title='bbox 3350 4978 3618 5049; x_wconf 82' lang='grc' dir='ltr'>φύλακες,</span> <span class='ocrx_word' id='word_1_815' title='bbox 3675 4982 3767 5034; x_wconf 70' lang='grc' dir='ltr'>οὐκ</span> 
     </span>
    </p>
   </div>
   <div class='ocr_carea' id='block_1_108' title="bbox 2203 5065 3767 5138">
    <p class='ocr_par' dir='ltr' id='par_1_108' title="bbox 2203 5065 3767 5138">
     <span class='ocr_line' id='line_1_108' title="bbox 2203 5065 3767 5138; baseline 0.006 -22"><span class='ocrx_word' id='word_1_816' title='bbox 2203 5065 2331 5117; x_wconf 76' lang='grc' dir='ltr'>ἐῶσί</span> <span class='ocrx_word' id='word_1_817' title='bbox 2359 5082 2462 5118; x_wconf 89' lang='grc' dir='ltr'><strong>που</strong></span> <span class='ocrx_word' id='word_1_818' title='bbox 2513 5065 2790 5137; x_wconf 79' lang='grc' dir='ltr'>τραπῆναι</span> <span class='ocrx_word' id='word_1_819' title='bbox 2828 5067 3006 5138; x_wconf 85' lang='grc' dir='ltr'>πάρεξ</span> <span class='ocrx_word' id='word_1_820' title='bbox 3050 5068 3148 5122; x_wconf 86' lang='grc' dir='ltr'><strong>τοῦ</strong></span> <span class='ocrx_word' id='word_1_821' title='bbox 3184 5069 3316 5124; x_wconf 81' lang='grc' dir='ltr'>ἰδίου</span> <span class='ocrx_word' id='word_1_822' title='bbox 3360 5073 3538 5137; x_wconf 75' lang='grc' dir='ltr'>οἴκου,</span> <span class='ocrx_word' id='word_1_823' title='bbox 3566 5073 3674 5136; x_wconf 73' lang='grc' dir='ltr'>ἕως</span> <span class='ocrx_word' id='word_1_824' title='bbox 3705 5074 3767 5127; x_wconf 83' lang='grc' dir='ltr'>Ξιν</span> 
     </span>
    </p>
   </div>
   <div class='ocr_carea' id='block_1_109' title="bbox 2200 5149 3765 5234">
    <p class='ocr_par' dir='ltr' id='par_1_109' title="bbox 2200 5149 3765 5234">
     <span class='ocr_line' id='line_1_109' title="bbox 2200 5149 3765 5234; baseline 0.008 -29"><span class='ocrx_word' id='word_1_825' title='bbox 2200 5149 2356 5217; x_wconf 81' lang='grc' dir='ltr'>αὖθις</span> <span class='ocrx_word' id='word_1_826' title='bbox 2412 5153 2476 5228; x_wconf 75' lang='grc' dir='ltr'><strong>[ἰ.</strong></span> <span class='ocrx_word' id='word_1_827' title='bbox 2506 5152 2683 5226; x_wconf 71' lang='grc' dir='ltr'>αὖτις]</span> <span class='ocrx_word' id='word_1_828' title='bbox 2731 5153 2960 5222; x_wconf 75' lang='grc' dir='ltr'>ἐξέλθοι.</span> <span class='ocrx_word' id='word_1_829' title='bbox 3001 5157 3356 5228; x_wconf 81' lang='grc' dir='ltr'>Παραγγελία</span> <span class='ocrx_word' id='word_1_830' title='bbox 3405 5165 3665 5232; x_wconf 78' lang='grc' dir='ltr'>κραταιὰ,</span> <span class='ocrx_word' id='word_1_831' title='bbox 3695 5163 3765 5234; x_wconf 75' lang='grc' dir='ltr'>μὴ</span> 
     </span>
    </p>
   </div>
   <div class='ocr_carea' id='block_1_110' title="bbox 2201 5244 3760 5321">
    <p class='ocr_par' dir='ltr' id='par_1_110' title="bbox 2201 5244 3760 5321">
     <span class='ocr_line' id='line_1_110' title="bbox 2201 5244 3760 5321; baseline 0.01 -26"><span class='ocrx_word' id='word_1_832' title='bbox 2201 5244 2675 5316; x_wconf 76' lang='grc' dir='ltr'>ὲπιδοθῆναιήμῖν</span> <span class='ocrx_word' id='word_1_833' title='bbox 2725 5263 2778 5298; x_wconf 85' lang='grc' dir='ltr'><strong>τι</strong></span> <span class='ocrx_word' id='word_1_834' title='bbox 2803 5246 2981 5318; x_wconf 80' lang='grc' dir='ltr'>πάρεξ</span> <span class='ocrx_word' id='word_1_835' title='bbox 3013 5247 3204 5312; x_wconf 74' lang='grc' dir='ltr'>ὕδατος</span> <span class='ocrx_word' id='word_1_836' title='bbox 3256 5252 3418 5321; x_wconf 81' lang='grc' dir='ltr'>μόνου</span> <span class='ocrx_word' id='word_1_837' title='bbox 3472 5255 3567 5307; x_wconf 68' lang='grc' dir='ltr'><strong>καὶ</strong></span> <span class='ocrx_word' id='word_1_838' title='bbox 3591 5253 3760 5319; x_wconf 81' lang='grc' dir='ltr'>ξύλου.</span> 
     </span>
    </p>
   </div>
   <div class='ocr_carea' id='block_1_111' title="bbox 2203 5336 3759 5414">
    <p class='ocr_par' dir='ltr' id='par_1_111' title="bbox 2203 5336 3759 5414">
     <span class='ocr_line' id='line_1_111' title="bbox 2203 5336 3759 5414; baseline 0.008 -26"><span class='ocrx_word' id='word_1_839' title='bbox 2203 5336 2390 5400; x_wconf 75' lang='grc' dir='ltr'>Οὕτως</span> <span class='ocrx_word' id='word_1_840' title='bbox 2438 5336 2623 5402; x_wconf 77' lang='grc' dir='ltr'>ἁπλῶς</span> <span class='ocrx_word' id='word_1_841' title='bbox 2663 5337 2883 5410; x_wconf 81' lang='grc' dir='ltr'>θέμενοι</span> <span class='ocrx_word' id='word_1_842' title='bbox 2921 5337 3000 5403; x_wconf 84' lang='grc' dir='ltr'>ὼς</span> <span class='ocrx_word' id='word_1_843' title='bbox 3051 5342 3108 5392; x_wconf 80' lang='grc' dir='ltr'>ἐν</span> <span class='ocrx_word' id='word_1_844' title='bbox 3164 5342 3340 5413; x_wconf 69' lang='grc' dir='ltr'>τάφῳ,</span> <span class='ocrx_word' id='word_1_845' title='bbox 3395 5346 3492 5397; x_wconf 80' lang='grc' dir='ltr'>καὶ</span> <span class='ocrx_word' id='word_1_846' title='bbox 3540 5347 3678 5414; x_wconf 78' lang='grc' dir='ltr'>πρὸς</span> <span class='ocrx_word' id='word_1_847' title='bbox 3702 5347 3759 5400; x_wconf 80' lang='grc' dir='ltr'>τὸ</span> 
     </span>
    </p>
   </div>
   <div class='ocr_carea' id='block_1_112' title="bbox 2202 5428 3758 5502">
    <p class='ocr_par' dir='ltr' id='par_1_112' title="bbox 2202 5428 3758 5502">
     <span class='ocr_line' id='line_1_112' title="bbox 2202 5428 3758 5502; baseline 0.004 -22"><span class='ocrx_word' id='word_1_848' title='bbox 2202 5429 2606 5497; x_wconf 79' lang='grc' dir='ltr'>κτεῖναιὴμᾶς.</span> <span class='ocrx_word' id='word_1_849' title='bbox 2651 5428 2710 5480; x_wconf 86' lang='grc'><strong>’0</strong></span> <span class='ocrx_word' id='word_1_850' title='bbox 2749 5428 2806 5480; x_wconf 84' lang='grc' dir='ltr'>δὲ</span> <span class='ocrx_word' id='word_1_851' title='bbox 2850 5429 2982 5492; x_wconf 78' lang='grc' dir='ltr'>Θεὸς</span> <span class='ocrx_word' id='word_1_852' title='bbox 3015 5429 3154 5484; x_wconf 79' lang='grc' dir='ltr'>ἐλέει</span> <span class='ocrx_word' id='word_1_853' title='bbox 3201 5432 3618 5502; x_wconf 79' lang='grc' dir='ltr'>φιλανθρωπίας</span> <span class='ocrx_word' id='word_1_854' title='bbox 3669 5438 3758 5490; x_wconf 74' lang='grc' dir='ltr'>αύ-</span> 
     </span>
    </p>
   </div>
   <div class='ocr_carea' id='block_1_113' title="bbox 2199 5513 3758 5594">
    <p class='ocr_par' dir='ltr' id='par_1_113' title="bbox 2199 5513 3758 5594">
     <span class='ocr_line' id='line_1_113' title="bbox 2199 5513 3758 5594; baseline 0.006 -23"><span class='ocrx_word' id='word_1_855' title='bbox 2199 5519 2294 5572; x_wconf 91' lang='grc' dir='ltr'><strong>τοῦ</strong></span> <span class='ocrx_word' id='word_1_856' title='bbox 2315 5535 2330 5550; x_wconf 75' lang='grc' dir='ltr'><strong>ο</strong></span> <span class='ocrx_word' id='word_1_857' title='bbox 2370 5519 2434 5572; x_wconf 82' lang='grc' dir='ltr'>δι’</span> <span class='ocrx_word' id='word_1_858' title='bbox 2467 5513 2543 5572; x_wconf 82' lang='grc' dir='ltr'>ὧν</span> <span class='ocrx_word' id='word_1_859' title='bbox 2573 5519 3082 5592; x_wconf 81' lang='grc' dir='ltr'>προεισηνέγκαμεν</span> <span class='ocrx_word' id='word_1_860' title='bbox 3110 5519 3308 5594; x_wconf 85' lang='grc' dir='ltr'>χρειῶν</span> <span class='ocrx_word' id='word_1_861' title='bbox 3335 5540 3350 5556; x_wconf 83' lang='grc'><em>’</em></span> <span class='ocrx_word' id='word_1_862' title='bbox 3381 5528 3477 5579; x_wconf 75' lang='grc' dir='ltr'>καὶ</span> <span class='ocrx_word' id='word_1_863' title='bbox 3505 5525 3588 5580; x_wconf 77' lang='grc' dir='ltr'>ἔτι</span> <span class='ocrx_word' id='word_1_864' title='bbox 3609 5527 3675 5586; x_wconf 88' lang='grc' dir='ltr'><strong>δι’</strong></span> <span class='ocrx_word' id='word_1_865' title='bbox 3703 5521 3758 5588; x_wconf 63' lang='grc' dir='ltr'><strong>οὗ</strong></span> 
     </span>
    </p>
   </div>
   <div class='ocr_carea' id='block_1_114' title="bbox 2202 5609 3758 5705">
    <p class='ocr_par' dir='ltr' id='par_1_114' title="bbox 2202 5609 3758 5696">
     <span class='ocr_line' id='line_1_114' title="bbox 2202 5609 3758 5696; baseline 0.005 -32"><span class='ocrx_word' id='word_1_866' title='bbox 2202 5609 2502 5665; x_wconf 74' lang='grc' dir='ltr'>ἑπιδέδοται</span> <span class='ocrx_word' id='word_1_867' title='bbox 2529 5612 2664 5681; x_wconf 76' lang='grc' dir='ltr'>ἡμῖν</span> <span class='ocrx_word' id='word_1_868' title='bbox 2695 5611 2756 5665; x_wconf 79' lang='grc' dir='ltr'>τὸ</span> <span class='ocrx_word' id='word_1_869' title='bbox 2803 5612 3142 5685; x_wconf 79' lang='grc' dir='ltr'>προσταχθὲν</span> <span class='ocrx_word' id='word_1_870' title='bbox 3187 5615 3255 5670; x_wconf 83' lang='grc' dir='ltr'><strong>δι’</strong></span> <span class='ocrx_word' id='word_1_871' title='bbox 3281 5617 3417 5693; x_wconf 79' lang='grc' dir='ltr'>ὀπῆς</span> <span class='ocrx_word' id='word_1_872' title='bbox 3464 5618 3570 5696; x_wconf 76' lang='grc' dir='ltr'>τῆς</span> <span class='ocrx_word' id='word_1_873' title='bbox 3621 5619 3758 5694; x_wconf 67' lang='grc' dir='ltr'>θυρί-</span> 
     </span>
    </p>
   </div>
  </div>
