4054 6364
244 365 390 432 1209

1431 367 1973 431 EPISTOLARUM
2034 367 2182 431 LIB.
2219 367 2304 429 II.

3361 372 3497 439 1210

238 482 354 547 δος,
385 476 478 532 ἐπὶ
505 475 776 550 κλίμακος
802 477 1045 543 ἀνιόντος
1069 477 1211 534 κατὰ
1239 478 1342 553 τὴν
1376 479 1526 552 ὥραν
1566 480 1812 552 ἑστώσης

1919 481 1988 535 tis
2021 489 2164 536 stata
2215 478 2354 534 liora
2389 477 2553 536 scalis
2599 478 2761 544 redit,
2793 479 2954 536 nobis
2987 481 3245 537 tribuitur
3265 481 3502 556 impera-

239 569 546 643 διατρέφει.
575 569 650 624 Οὐ
671 567 962 643 τολμῶμεν
987 569 1162 640 φῆσαι
1193 571 1370 624 ἐκεῖνο
1393 572 1422 625 δ
1451 589 1586 644 φησι
1616 573 1818 643 Δανιὴλ

240 664 542 736 δεξάμενος
567 661 722 733 παρὰ
737 661 831 715 τοῦ
875 661 1205 734 Ἀμϐακοῦμ
1224 663 1284 716 τὸ
1309 663 1531 735 ἄριστον
1555 677 1571 692 ⁸
1602 663 1823 734 Ἐμνήο

241 757 364 824 σθη
400 753 512 825 γάρ
545 770 664 822 μου
695 755 728 807 ὁ
766 752 935 820 Θεός.
969 753 1118 824 Πλὴν
1143 753 1226 807 ὃτι
1255 754 1505 826 ἐμνήσθη
1535 755 1632 812 καὶ
1663 756 1823 828 ὴμῶν

241 848 355 903 τῶν
386 846 734 920 ἁμαρτωλῶν
760 863 775 878 ·
807 847 904 900 καὶ
947 846 1110 912 ἐλεεῖ,
1134 849 1228 901 καὶ
1253 849 1526 920 περιέπει,
1560 851 1651 904 καὶ
1697 849 1824 903 σκέ-

239 960 359 998 πει.
387 940 534 1006 Ἕως
563 939 628 994 ἂν
655 935 748 995 οῦν
778 941 1044 1010 πάρεστιν
1083 942 1232 1012 ἡμᾶς
1265 943 1566 1013 τρέφεσθαι
1619 943 1683 996 ἐκ
1711 943 1820 996 τῶν

239 1037 390 1091 ἔνδον
414 1049 428 1064 ⁶
464 1034 498 1108 ἦ
544 1034 694 1097 ὅπως
742 1033 872 1086 ποτὲ
929 1033 1049 1098 ἐνὸς
1087 1033 1198 1087 τῶν
1249 1033 1564 1106 πορταρίων
1603 1035 1818 1089 οἴκοθεν

238 1128 418 1200 λάθρα
447 1125 780 1190 ἐπιδιδόντος
832 1124 928 1180 τοῦ
981 1128 1078 1179 καὶ
1128 1126 1531 1199 ἐσδομαρησίου
1564 1143 1580 1159 ο
1616 1127 1816 1198 τρέφει

182 1287 184 1290 ν
238 1223 412 1295 ἡμᾶς,
457 1219 555 1278 καὶ
607 1217 905 1288 δοξάζομεν
949 1217 1042 1272 τὸν
1091 1216 1244 1271 Θεόν.
1279 1219 1708 1273 ,Ἐπιλιπόντων
1758 1219 1819 1273 δὲ

181 1297 186 1320 ἱ
237 1316 352 1370 τῶν
386 1311 610 1386 χρειῶν,
653 1311 939 1382 οἰκονομίᾳ
974 1309 1136 1376 Θεοῦ,
1188 1311 1700 1383 συγκαταλείψομεν
1723 1313 1819 1366 καὶ

238 1409 404 1481 ἡμεῖς
425 1405 528 1482 τὴν
552 1405 722 1475 ζωὴν,
763 1404 862 1456 καὶ
893 1405 953 1455 ὲν
986 1402 1165 1474 τούτῳ
1187 1404 1456 1475 χαίρομεν
1481 1421 1496 1437 ο
1530 1404 1628 1458 καὶ
1655 1402 1818 1458 τοῦτο

235 1504 340 1573 τῆς
381 1497 800 1572 μεγαλοδωρεᾶς
825 1495 920 1549 τοῦ
958 1495 1117 1550 Θεοῦ.

317 1679 433 1735 Καὶ
462 1676 548 1740 τίς
575 1677 695 1748 ειμι
722 1673 834 1744 ἐγὼ
859 1677 888 1730 ὁ
939 1673 1131 1740 τάλας,
1174 1675 1404 1748 τοιούτῳ
1427 1677 1617 1750 τρόπῳ
1643 1696 1815 1733 κατα-

232 1771 468 1845 ληφθεὶς
492 1769 635 1840 ὑπὲρ
660 1768 756 1823 τοῦ
781 1769 1048 1838 ὀνόματος
1078 1768 1267 1832 αὑτοῦ,
1292 1769 1386 1823 καὶ
1414 1769 1550 1841 πρὸς
1574 1771 1635 1824 τὸ
1660 1773 1808 1846 ἑξῆς,

233 1839 572 1932 ῶςνκελεύει,
601 1839 760 1933 δόξης
797 1861 1202 1933 περισσοτέρας
1227 1862 1321 1916 τὸν
1345 1839 1650 1936 ἀγέραστον
1673 1839 1810 1920 κατ·
1841 1839 1884 1896 Β

232 1956 470 2024 αξιῶσαι
526 1955 624 2009 σὺν
683 1953 762 2025 τῷ
823 1952 1074 2022 ἀδελφῷ;
1121 1955 1430 2026 Παρακαλῶ
1490 1953 1586 2011 οὖν
1641 1959 1809 2031 ὑμᾶς,

233 2047 489 2116 ἀδελφοὶ,
545 2044 990 2114 συναγωνίσασθὲ
1059 2063 1151 2117 μοι
1207 2048 1266 2100 ἐν
1332 2051 1457 2112 ταῖς
1483 2055 1813 2122 προσευχαῖς

237 2138 397 2209 ὑμῶν
426 2137 563 2209 πρὸς
591 2135 684 2190 τὸν
712 2135 867 2202 Θεὸν,
901 2136 988 2190 ἵνα
1017 2137 1200 2207 ῥυσθῶ
1250 2140 1308 2192 ἐν
1333 2144 1495 2195 παντὶ
1514 2143 1702 2214 τρόπῳ
1725 2143 1814 2198 διὰ

233 2229 440 2291 παντὸς
481 2231 547 2283 ἐκ
578 2228 672 2282 τοῦ
699 2227 946 2298 Πονηροῦ
967 2245 982 2258 ·
1023 2229 1116 2282 καὶ
1144 2229 1231 2283 ἵνα
1277 2232 1306 2284 ό
1355 2233 1724 2305 ἐναρξάμενος
1754 2239 1813 2289 ἐν

231 2324 373 2393 ἡμῖν
426 2319 590 2394 ἔργον
630 2320 922 2391 ὁμολογίας
951 2320 1119 2376 αὐτοῦ
1169 2320 1256 2375 διὰ
1291 2323 1576 2394 σπλάγχνα
1597 2327 1810 2396 οἰκτιρ-

235 2414 379 2486 μῶν,
433 2413 533 2467 οὐκ
570 2411 630 2478 ἐξ
657 2413 835 2484 ἔργων
878 2412 980 2484 μού
1007 2430 1169 2467 τινων
1193 2431 1207 2444 ·
1243 2414 1304 2468 οὐ
1337 2415 1447 2488 γὰρ
1487 2417 1724 2489 ἐποίησά
1759 2437 1812 2473 τι

233 2507 443 2576 ἀγαθὸν
471 2507 564 2559 ἐπὶ
596 2507 696 2575 τῆς
755 2506 880 2577 γῆς.
928 2505 1068 2560 ἀλλὰ
1117 2508 1432 2563 τούναντίον
1459 2527 1472 2544 ο
1501 2512 1667 2576 αὐτὸς
1716 2513 1814 2568 καὶ

233 2597 607 2654 ἐπιτελέσειεν
638 2599 696 2651 ἐν
723 2598 1073 2670 ἀμφοτέροις.
1100 2599 1273 2654 Τοῦτο
1301 2603 1395 2656 καὶ
1438 2603 1605 2674 ἡμεῖς
1631 2605 1681 2658 oi
1713 2623 1813 2660 ταο

235 2689 415 2742 πεινοὶ
435 2690 572 2760 πρὸς
596 2687 740 2758 ὑμᾶς
768 2691 895 2753 τοὺς
915 2690 985 2743 τὰ
1007 2691 1148 2746 αὐτὰ
1174 2693 1482 2764 πάσχοντας
1509 2695 1570 2748 οὺ
1599 2695 1812 2767 διαλιμο

236 2782 482 2850 πάνομεν
539 2780 806 2834 αἰτεῖσθαι
849 2782 990 2853 μετὰ
1037 2783 1317 2855 δακρύων.
1369 2785 1444 2838 Οὐ
1477 2786 1638 2856 μόνον
1681 2788 1813 2851 τοὺς

231 2871 382 2926 ὀκτὼ
406 2872 506 2944 τὴν
542 2872 776 2944 ἐκλογὴν
801 2874 894 2928 τοῦ
919 2875 1125 2946 Κυρίου
1145 2891 1159 2905 ’
1190 2877 1328 2930 ἀλλὰ
1358 2879 1454 2930 καὶ
1493 2878 1586 2932 τὸν
1637 2879 1812 2935 ἁσὸᾶν

232 2965 463 3036 Πέτρον,
485 2967 581 3020 καὶ
607 2966 698 3020 τὸν
727 2966 891 3022 καλὸν
916 2968 1145 3037 Δητόῖον
1171 2985 1185 2999 °
1219 2969 1316 3024 καὶ
1372 2969 1428 3022 εί
1479 2987 1601 3024 τινα
1629 2969 1808 3036 ἄλλον,

229 3056 596 3130 ἀσπαζόμεθα
625 3061 686 3114 ἐν
720 3060 934 3133 Κυρίῳ.

611 3169 737 3228 AE’.
765 3199 840 3213 —
878 3172 1199 3242 Ἐπιφανίῳ
1235 3172 1446 3239 τέκνῳ.
1471 3173 1630 3250 [τς’].

1923 583 2036 629 tum
2075 588 2170 642 per
2207 571 2450 627 foramen
2489 571 2691 639 ostioli,
2723 587 2823 628 nos
2849 583 3142 629 sustentat.
3174 573 3365 631 Dicere
3389 594 3501 635 non

1921 662 2189 718 audemus
2253 661 2397 732 quod
2453 660 2643 718 Daniel
2701 662 2858 728 dixit,
2909 679 3031 718 cum
3081 670 3374 735 prandium
3431 669 3500 725 ab

1920 749 2178 805 Habacuc
2239 752 2540 821 accepisset
2598 771 2612 808 :
2667 751 2994 806 Recordatus
3059 756 3196 809 enim
3257 767 3335 811 est
3394 761 3498 816 mei

1919 843 2060 900 Deus
2082 844 2148 896 ‘°.
2175 841 2563 899 Verumtamen
2596 845 2912 899 recordatus
2940 855 3024 900 est
3047 847 3219 903 nostri
3244 849 3336 918 qui
3375 866 3500 920 pec-

1920 945 2132 991 catores
2179 951 2392 1003 sumus,
2437 945 2498 992 et
2557 939 2867 1006 miseretur,
2897 948 2952 993 et
2982 941 3138 1010 regit,
3167 953 3220 996 et
3245 945 3494 1015 protegit.

1920 1028 2172 1096 Quandiu
2212 1029 2380 1100 igitur
2426 1033 2666 1101 suppetit
2714 1033 2865 1088 intus
2928 1036 3074 1090 unde
3108 1039 3319 1092 alamur
3345 1078 3362 1104 ,
3401 1050 3498 1096 aut

1918 1136 2250 1192 quocunque
2283 1122 2446 1176 modo
2475 1123 2674 1193 aliquis
2701 1127 3052 1183 ostiariorum
3077 1129 3170 1198 qui
3203 1130 3498 1200 hebdoma-

1918 1213 2106 1269 darius
2137 1215 2230 1278 sit,
2277 1216 2417 1269 ciant
2454 1215 2715 1285 elargitur
2783 1219 2948 1274 domo
3007 1221 3225 1276 allatum
3266 1225 3493 1290 cibum;

1919 1305 2016 1361 alit
2055 1321 2175 1369 nos,
2202 1315 2257 1362 et
2279 1305 2448 1361 Deum
2473 1307 2864 1378 glorilicamus.
2897 1311 3284 1371 Deﬁcientibus
3312 1327 3493 1372 autem

1917 1396 2266 1462 necessariis,
2299 1397 2392 1452 Dei
2417 1399 2721 1468 permissu;
2762 1400 2926 1456 vitam
2950 1418 3058 1458 una
3089 1418 3358 1474 ponemus
3389 1406 3494 1476 ipsi

1920 1497 2086 1557 atque
2117 1489 2171 1542 in
2206 1490 2310 1542 hoc
2349 1489 2670 1561 gaudemus,
2701 1490 2864 1562 idque
2904 1493 3083 1564 ipsum
3119 1506 3204 1551 est
3235 1495 3332 1553 Dei
3369 1513 3495 1554 mu-

1918 1581 2200 1646 nilicentia
2227 1621 2242 1636 .

2021 1671 2087 1726 Et
2120 1673 2245 1742 quis
2299 1688 2404 1744 ego
2450 1688 2571 1728 sum
2602 1674 2793 1744 miser,
2849 1675 2942 1746 qui
2973 1692 3074 1748 pro
3128 1677 3249 1749 ejus
3279 1681 3496 1739 nomine

1919 1763 1973 1818 in
2004 1764 2148 1818 hunc
2175 1763 2398 1818 modum
2429 1765 2692 1831 detinear,
2722 1775 2778 1820 ut
2805 1766 3199 1824 abundantiore
3224 1780 3346 1840 post
3377 1772 3496 1842 glo-

1913 1855 2014 1916 ria,
2045 1853 2382 1921 sicutjubet,
2409 1855 2794 1910 inhonoratum
2852 1873 2980 1913 cum
3039 1857 3207 1914 fratre
3237 1876 3495 1917 remune-

1914 1945 2044 2002 ret?
2078 1945 2318 2002 Obsecro
2340 1961 2472 2018 ergo
2510 1963 2627 2012 vos,
2660 1946 2880 2016 fratres,
2910 1949 3096 2020 juvate
3120 1967 3206 2007 me
3239 1953 3495 2022 precibus

1912 2041 2109 2095 vestris
2134 2041 2200 2094 ad
2225 2039 2420 2104 Deum,
2457 2050 2514 2094 ut
2543 2056 2758 2111 semper
2785 2057 2816 2096 a
2845 2044 2989 2098 malo
3018 2044 3218 2101 liberer
3240 2047 3496 2105 omnibus

1915 2131 2122 2186 modis:
2145 2139 2198 2185 et
2217 2131 2310 2204 qui
2337 2131 2706 2189 confessionis
2739 2147 2854 2187 sua:
2879 2149 3020 2205 opus
3047 2135 3102 2190 in
3129 2138 3288 2194 nobis
3305 2139 3513 2210 cmpit,‘

1915 2239 2014 2293 per
2039 2223 2250 2278 viscera
2273 2223 2676 2280 misericordia:
2709 2240 2842 2290 suae,
2865 2242 2972 2282 non
2991 2243 3054 2282 ex
3083 2229 3340 2298 operibus
3360 2231 3497 2287 meis

1915 2315 2081 2380 ullis;
2113 2329 2292 2384 neque
2319 2315 2464 2369 enim
2493 2315 2702 2370 bonum
2737 2317 2960 2387 aliquod
2993 2319 3049 2373 in
3096 2331 3235 2376 terra
3266 2323 3371 2394 egi,
3399 2324 3492 2379 sed

1912 2411 2289 2476 contrarium;
2328 2408 2444 2478 ipsc
2476 2409 2725 2480 perficiat
2752 2399 2828 2464 in.
2857 2412 3146 2469 ambobus.
3179 2413 3295 2471 [loc
3323 2417 3491 2472 etiam

1913 2509 1968 2554 et
1999 2515 2099 2554 nos
2125 2500 2358 2555 humiles
2387 2516 2488 2571 pro
2518 2502 2697 2567 vobis,
2725 2503 2820 2572 qui
2855 2505 3044 2562 eadem
3069 2508 3342 2578 patimini,
3365 2526 3492 2566 cum

1913 2589 2169 2662 lacrymis
2202 2606 2360 2646 orare
2417 2607 2528 2646 non
2559 2607 2864 2649 cessamus.
2896 2593 3015 2650 Non
3043 2606 3168 2652 octo
3196 2605 3405 2654 tantum
3438 2601 3492 2655 in

1914 2681 2147 2738 Domino
2180 2684 2382 2740 electos
2404 2726 2421 2750 ,
2456 2685 2552 2740 sed
2602 2685 2854 2740 abbatem
2909 2705 3130 2759 quoque
3159 2689 3410 2757 Petrum,
3440 2702 3495 2748 et

1913 2774 2193 2847 egregium
2241 2775 2516 2843 Letoium,
2566 2778 2704 2832 etsi
2757 2779 2886 2848 quis
2939 2781 3104 2850 alius,
3137 2783 3190 2838 iu
3263 2784 3496 2842 Domino

1913 2866 2236 2924 salutamus.

2275 3176 2500 3236 XXXV.
2532 3211 2602 3223 -—
2632 3178 2934 3254 Epiphanio
2967 3182 3103 3254 ﬁlio.

774 3281 1083 3346 Epiphanius
1104 3282 1320 3335 mittitur
1341 3286 1402 3336 ad
1425 3285 1714 3337 Paschalem
1739 3301 1982 3340 summum
2005 3289 2308 3351 pontiﬁcem.
2347 3291 2548 3354 (Baron.
2575 3306 2656 3344 an.
2681 3293 2792 3354 818,
2820 3307 2871 3346 u.
2901 3294 2970 3358 4.)

317 3390 473 3458 Ἰδοὺ,
495 3389 688 3444 τέκνον
719 3407 824 3461 μου
864 3389 1245 3460 ἠγαπημένον,
1280 3391 1460 3456 καθὼς
1491 3394 1808 3465 προεθυμή-

229 3485 356 3558 θης,
379 3487 591 3558 ἀπᾶραι
617 3486 676 3538 ἐν
708 3487 774 3556 τῇ
803 3484 985 3546 Δύσει,
1005 3485 1278 3566 ⁸εἰπόντος
1310 3503 1412 3556 μου
1448 3480 1580 3556 ἆραι
1620 3487 1806 3558 γράμ-

217 3578 384 3650 ’ματα
449 3575 648 3630 ταῦτα.
712 3574 1035 3628 Ἀπὲστειλα
1081 3573 1176 3627 δύο
1227 3573 1541 3641 ἐπιστολὰς,
1595 3574 1687 3628 τοῦ
1743 3593 1804 3630 τε

229 3666 621 3731 ἁποστολικοῦ,
656 3667 754 3719 καὶ
785 3664 879 3720 τοῦ
905 3663 1076 3736 κυροῦ
1111 3664 1400 3720 Μεθοδίου.
1437 3667 1500 3720 Oi
1527 3667 1636 3738 γὰρ
1675 3667 1806 3738 περὶ¹

227 3763 327 3818 τὸν
365 3759 594 3828 ἀδελφὸν
640 3759 916 3813 Διονύσιον
963 3757 1180 3830 εὐδοκία
1209 3757 1346 3814 Θεοῦ
1384 3761 1481 3813 καὶ
1515 3759 1808 3832 ἀπεσώθη-

232 3870 338 3908 σαν
366 3852 472 3916 ἕως
499 3850 612 3904 τῶν
659 3851 795 3913 ἐκεῖ,
826 3849 922 3902 καὶ
957 3849 1206 3920 χρηστὰς
1249 3848 1474 3914 ἐλπίδας
1523 3851 1764 3922 ἤνεγκαν
1789 3869 1803 3884 ο

231 3946 379 4017 πρὸς
427 3944 495 4008 ἃς
534 3943 632 3998 καὶ
685 3943 850 3996 πάλιν
909 3941 1210 3996 ἐπιστεῖλαι
1261 3936 1320 3996 εὖ
1374 3941 1623 4014 ἐνόμισα.
1669 3944 1804 3998 Ἐπ-

232 4036 452 4095 ἑστειλα
477 4036 556 4100 δέ,
586 4035 686 4106 οὐχ
713 4034 788 4099 ῶς
816 4035 911 4088 ἀπ’
944 4034 1078 4104 ἐμοῦ
1118 4034 1299 4105 μόνον,
1335 4033 1473 4098 ἀλλ’,
1497 4035 1572 4098 ὡς
1597 4035 1659 4088 τδ
1681 4034 1810 4106 πρό-

228 4144 417 4196 τερον,
455 4127 514 4192 ἐξ
540 4127 870 4199 ἀμφοτέρων
909 4126 1021 4180 τῶν
1066 4127 1407 4198 ἡγουμένων,
1465 4124 1559 4191 οὓς
1603 4126 1804 4198 δηλοῖὴ

230 4219 520 4290 ἐπιστολὴ,
561 4218 739 4290 πάρεξ
763 4215 858 4271 τοῦ
886 4217 986 4288 τῆς
1015 4217 1313 4290 Εὑκαιρίας
1334 4231 1352 4248 ⁸
1388 4209 1544 4282 οὗτος
1571 4218 1700 4288 γὰρ,
1733 4218 1807 4282 ὡς

231 4309 465 4379 ἔμαθον,
497 4309 763 4372 κατὰτάς
797 4309 1074 4379 ἁμαρτίας
1117 4325 1222 4380 μου
1264 4307 1558 4364 κατέπεσε.
1605 4309 1808 4364 Γνώσει

230 4396 332 4454 οὖν
367 4399 462 4452 καὶ
488 4400 640 4469 κοινῇ
671 4399 888 4471 γνώμῃ,
915 4398 1004 4452 διὰ
1033 4398 1352 4471 μηνύματος
1397 4400 1684 4473 λαθραίου,
1715 4403 1809 4456 καὶ

231 4487 596 4557 ἀναγνώσεως
631 4487 732 4557 τῆς
757 4487 1068 4560 ἐπιστολῆς,
1121 4490 1242 4542 τότε
1271 4492 1688 4563 ἐπεστείλαμεν,
1732 4492 1809 4556 ὡς

230 4582 332 4640 καὶ
379 4580 566 4652 ἐδήλου
593 4581 653 4634 τὺ
685 4582 848 4634 ἀπιὸν
867 4582 1124 4654 γράμμα.
1151 4582 1266 4636 Νῦν
1303 4582 1382 4646 δὲ,
1417 4584 1520 4638 κᾶν
1563 4586 1624 4638 οὐ
1655 4585 1809 4638 δεδύο

1978 3393 2083 3461 Εη,
2119 3395 2318 3452 dilecte
2357 3397 2429 3452 ηιξ
2461 3397 2556 3464 mi,
2593 3400 2738 3455 sicut
2775 3401 2940 3457 alacri
2970 3405 3154 3459 animo
3187 3405 3495 3478 instituisti,

1908 3487 2057 3542 solve
2089 3487 2144 3542 in
2199 3485 2578 3556 Occidentem,
2642 3491 2855 3550 litteras
2917 3495 3052 3552 istas
3115 3496 3328 3555 laturus
3354 3518 3494 3572 quas

1906 3580 2130 3636 dictavi.
2188 3579 2310 3637 Misi
2359 3584 2619 3654 epistolas
2659 3585 2816 3654 duas,
2889 3589 2957 3644 ad
3005 3593 3386 3661 apostolicum,
3441 3608 3496 3654 et

1909 3671 1975 3724 ad
2019 3671 2307 3727 dominum
2345 3673 2707 3733 Methodium.
2757 3677 2951 3736 Frater
2997 3682 3142 3738 enim
3199 3684 3494 3760 Dionysius

1909 3763 2003 3818 Dei
2029 3775 2165 3820 nutu
2197 3775 2252 3821 et
2299 3767 2590 3824 incolumis
2642 3785 2889 3842 eousque
2948 3777 3212 3844 pervasit,
3242 3789 3296 3834 et
3341 3797 3492 3852 spem

1909 3857 2168 3924 Optimam
2239 3859 2588 3928 reportavit:
2639 3862 2704 3916 ad
2763 3879 2925 3934 quam
2988 3865 3220 3924 itcratas
3282 3871 3492 3931 litteras

1909 3945 2108 4000 addere
2137 3961 2317 4018 operae
2373 3950 2609 4018 pretium
2657 3952 2812 4008 duxi.
2868 3955 3074 4026 Scripsi
3123 3969 3326 4028 autem,
3379 3979 3491 4020 non

1911 4049 2169 4109 tauquam
2201 4057 2232 4096 a
2262 4057 2350 4098 me
2379 4041 2578 4110 solum,
2612 4045 2727 4112 sed,
2760 4047 2905 4102 sicut
2932 4057 3113 4117 antea,
3149 4067 3216 4108 ex
3245 4069 3485 4124 persona

1910 4142 2270 4204 utrorumque
2317 4137 2755 4206 praepositorum,
2815 4155 2955 4210 quos
3006 4140 3212 4200 indicat
3237 4148 3489 4218 epistola,

1911 4235 2271 4297 praeterquam
2301 4227 2562 4285 Eucaeria:
2592 4247 2605 4284 ι
2641 4230 2688 4286 is
2713 4232 2880 4300 enim,
2918 4241 2978 4288 ut
3025 4239 3233 4308 accepi,
3263 4253 3491 4312 propter

1909 4325 2128 4386 peccata
2157 4334 2277 4374 mea
2311 4319 2497 4390 lapsus
2515 4331 2619 4383 est.
2659 4322 2737 4378 Ex
2772 4327 3049 4382 communi
3071 4345 3200 4401 ergo
3221 4334 3488 4391 sententia

1907 4415 1960 4461 et
1995 4407 2246 4474 scientia,
2291 4419 2404 4464 tum
2431 4427 2528 4482 per
2553 4416 2829 4471 occultam
2863 4419 3338 4490 signiﬁcationem,
3369 4434 3485 4482 tum

1908 4515 2004 4569 per
2035 4501 2277 4570 epistolae
2325 4502 2500 4574 ipsius
2529 4505 2842 4575 lectionem,
2878 4521 3008 4568 tunc
3055 4514 3396 4584 scripsimus,
3429 4531 3488 4574 ut

1908 4589 2139 4660 epistola
2183 4593 2351 4648 missa
2408 4595 2571 4651 etiam
2613 4597 2947 4659 declarabat.
2979 4603 3135 4661 Nunc
3189 4622 3350 4673 vero,
3383 4610 3486 4665 etsi

230 4691 408 4744 νημαι
437 4673 596 4727 τοῦτο
638 4674 862 4744 ποιῆσαι
911 4674 1000 4728 διὰ
1050 4675 1150 4745 τὴν
1191 4675 1514 4744 ἀσφάλειαν,
1562 4678 1676 4732 ἀλλ’
1733 4678 1808 4741 ὡς

1915 4690 2132 4752 propter
2163 4697 2372 4742 arctam
2399 4693 2702 4749 custodiam
2733 4696 2786 4750 id
2819 4697 2997 4754 facere
3018 4715 3126 4756 non
3149 4703 3320 4772 potui,
3346 4714 3487 4774 atta-

229 4767 337 4838 ἤδη
402 4767 940 4841 όμογνωμονούντων
1011 4769 1363 4840 ἀμφοτέρων,
1429 4772 1524 4823 καὶ
1575 4770 1713 4843 αῦτη
1773 4773 1809 4844 ή

232 4861 517 4931 ἐπιστολή.
553 4862 715 4924 Ἴσως
749 4859 806 4913 δὲ
840 4861 935 4914 καὶ
962 4862 1100 4932 μετὰ
1127 4860 1298 4914 ταῦτα
1321 4863 1590 4934 ἐνδέχεται
1625 4865 1812 4918 κάκείο

227 4972 358 5019 νους
411 4954 729 5024 ἐπιγνῶναι.
783 4953 978 5007 Ἀπιθι
1029 4950 1145 5018 οὖν,
1193 4948 1240 5009 ὣ
1304 4957 1438 5010 καλὲ
1494 4957 1806 5028 Ἑττιφάνιε⁹

229 5047 498 5116 ἐπίφανον
569 5049 636 5116 τῇ
696 5045 860 5099 Δύσει
934 5046 1165 5115 ἄγγελος
1244 5049 1452 5112 πιστὸς,
1525 5052 1805 5122 φρόνιμος,

230 5136 735 5210 ἀρχαιογνὼριστος
764 5153 778 5167 °
839 5137 1124 5202 ἀποδιδοὺς
1183 5139 1280 5211 τὴν
1333 5140 1662 5212 ἐπιστολὴν,
1713 5144 1809 5196 καὶ

226 5230 376 5298 κατὰ
395 5229 466 5284 τὰ
481 5229 812 5300 θεοκινήτως
835 5230 1158 5284 τυπωθέντα
1184 5233 1242 5285 ἐν
1295 5231 1374 5304 τῷ
1405 5233 1546 5305 ἁγίῳ
1577 5233 1810 5288 ἀποστοο

228 5318 395 5389 λικῷ,
446 5317 756 5388 ὑποθετικῷ
785 5319 974 5390 τρόπῳ
1012 5320 1108 5373 ml.
1146 5320 1289 5390 λόγῳ
1316 5323 1410 5376 τοῦ
1438 5323 1586 5393 ίεροῦ
1634 5322 1809 5378 M500-

225 5409 371 5473 δίου,
402 5409 502 5460 καὶ
556 5405 650 5460 τοῦ
687 5408 785 5476 τῆς
825 5408 1218 5478 Μονεμϐασίας
1266 5413 1424 5480 ἁγίου
1478 5414 1803 5482 ἐπισκόπου,

228 5500 330 5554 καὶ
359 5499 525 5561 αὐτὸς
556 5499 1079 5570 συνεπιπρεσϐεύων
1125 5502 1221 5554 καὶ
1263 5502 1576 5576 ἐκλιπαρῶν
1601 5507 1683 5569 είς
1707 5507 1803 5559 πέ-

230 5608 338 5664 ρας
383 5588 672 5660 ἐνεχθῆναι
696 5589 870 5643 ταῦτα
909 5589 1045 5644 Θεοῦ
1071 5590 1314 5665 εὐδοκία.
1347 5594 1439 5647 τοῦ
1492 5595 1709 5666 ἔχοντός
1744 5613 1802 5650 σε

227 5683 324 5753 καὶ
347 5682 655 5760 ἀποσῶσαι,
704 5682 798 5735 καὶ
850 5687 1204 5756 παραστῆσαι
1240 5689 1305 5768 τῇ
1347 5689 1470 5766 ἱερᾷ
1503 5690 1598 5744 καὶ
1627 5707 1804 5765 pax»

300 5819 346 5852 ⁸⁸
383 5816 517 5880 Dan.
556 5832 665 5884 ιιγ,
697 5818 788 5881 ὖῖς

1908 4789 2031 4828 men
2066 4777 2232 4832 veluti
2266 4779 2380 4850 jam
2430 4787 2900 4846 consentientibus
2955 4793 3224 4864 utrisque,
3292 4811 3485 4856 eorum

1907 4865 2070 4918 etiam
2094 4875 2180 4921 est
2211 4868 2326 4924 haec
2356 4871 2609 4941 epistola.
2638 4875 2895 4936 Fortasse
2924 4890 3105 4937 autem
3126 4895 3317 4954 postea
3351 4902 3485 4942 0011-.

1909 4951 2068 5020 tingit
2091 4962 2152 5007 ut
2187 4966 2242 5009 et
2273 4956 2386 5026 ipsi
2423 4962 2690 5019 certiores
2721 4967 2872 5023 liant.
2920 4969 3065 5030 Vade
3105 4951 3289 5044 igitur,
3324 4991 3482 5046 egre~

1907 5043 1993 5111 gie
2023 5043 2318 5116 Epipliani,
2343 5065 2547 5122 appare
2569 5053 2845 5114 Occidenti
2882 5066 3109 5120 nuntius
3131 5043 3326 5132 fidelis,
3355 5043 3485 5145 pru-

1907 5138 2061 5205 dens,
2087 5139 2200 5236 jam
2228 5143 2356 5236 olim
2390 5148 2654 5216 probatus
2684 5171 2696 5207 :
2726 5155 2890 5212 redde
2915 5159 3222 5231 epistolam,
3249 5175 3304 5220 et
3323 5138 3484 5236 juxta

1905 5245 1967 5284 ea
1996 5248 2116 5302 qua:
2157 5234 2342 5291 divino
2371 5239 2634 5299 instinctu
2691 5245 2958 5318 impressa
3005 5263 3137 5310 sunt
3193 5257 3247 5310 in
3288 5234 3481 5316 sancto

1904 5323 2225 5390 apostolico,
2259 5330 2612 5398 suggestione
2639 5335 2929 5407 verbisque
2978 5341 3154 5396 sancti
3198 5342 3480 5412 Methodii,

1901 5424 1955 5467 et
1982 5415 2155 5470 sancti
2187 5415 2571 5478 Munerubasia:
2621 5425 2862 5498 episcopi
2915 5431 3080 5486 simul
3131 5432 3406 5490 intercede
3428 5442 3484 5489 et

1904 5505 2044 5575 ipse,
2063 5517 2118 5562 et
2139 5523 2256 5575 ora,
2283 5518 2342 5564 ut
2365 5512 2432 5567 ad
2463 5514 2624 5570 finem
2659 5517 2772 5573 haec
2792 5521 3161 5589 perducantur
3179 5522 3274 5579 Dei
3292 5525 3486 5582 volun.

1912 5608 2042 5666 tate,
2107 5601 2200 5672 qui
2232 5612 2410 5673 potest
2435 5615 2490 5660 et
2517 5607 2729 5664 salvum
2788 5616 2841 5666 te
2892 5629 3133 5681 servare,
3189 5626 3245 5671 et
3290 5617 3486 5675 sistere

1914 5706 2092 5762 sacro,
2123 5701 2176 5749 et
2216 5694 2375 5754 beato
2408 5699 2618 5758 vertici.
2674 5701 2752 5760 Ne
2800 5702 3064 5764 formides
3096 5723 3110 5738 ο
3163 5708 3332 5772 multa
3387 5710 3484 5775 tibi
