4054 6364
582 324 707 390 1211

1665 384 1676 395 .
1764 331 1826 393 8.
1865 329 2261 392 THEODORI
2301 327 2649 392 STUDITIE

3705 321 3846 388 1212

581 457 817 509 merces,
870 450 927 500 et
979 459 1234 509 magnum
1281 454 1583 502 certamen.
1645 438 1899 501 Christus
1949 453 2189 504 tecum..

2287 442 2354 511 μιᾳ
2385 441 2622 513 κορυφῇ.
2657 438 2750 507 Μὴ
2799 435 3017 508 δείσῃςο
3062 431 3231 498 πολύς
3277 448 3362 488 σοι
3399 433 3428 487 6
3489 430 3704 503 μισθὸς,
3743 436 3847 486 καὶ

581 535 772 592 Saluta
807 545 1027 593 sanctos
1057 552 1271 604 omnes,
1303 546 1357 592 et
1385 535 1624 591 maxime
1659 551 1755 591 eos
1778 535 1872 607 qui
1893 536 2164 593 notissimi

2287 534 2435 601 ιέγας
2455 535 2485 586 6
2511 530 2681 600 ἀγών.
2715 529 2949 602 Χριστὸς
2995 527 3134 598 μετά
3163 526 3284 581 σοῦ.
3313 526 3592 598 Πρόσειπε
3625 525 3844 590 πάντας

583 633 714 682 sunt
743 644 756 680 :
781 626 1056 697 praecipue
1080 634 1333 680 sanctum
1387 622 1604 678 Patrem
1637 638 1820 678 meum
1850 625 2164 681 archiman-

583 717 808 782 tiritam,
841 731 907 772 ac
937 716 1225 772 dominum
1268 729 1450 768 meum
1495 711 2022 784 CitartOphylacem:
2065 730 2162 772 cu-

582 810 675 884 jus
705 811 948 867 charitas
975 810 1140 865 infixa
1166 817 1252 864 est
1273 809 1327 863 in
1359 806 1556 862 humili
1577 805 1743 862 corde
1767 823 1910 863 meo.

958 1095 1202 1154 XXXVI.
1230 1127 1301 1138 —
1332 1096 1631 1152 Naucralio
1658 1097 1790 1168 ﬁlia.

2258 627 2389 692 τοὺς
2445 625 2654 695 ἁγίους,
2703 623 2799 676 καὶ
2845 621 3086 692 μάλιστα
3140 621 3268 686 τοὺς
3323 619 3838 690 γνωριμωτάτους·

2253 718 2551 789 ἐξαιρέτως
2572 717 2664 770 τὸν
2708 714 2865 784 ἆγιόν
2905 732 3011 786 μου
3072 714 3297 785 Πατέρα
3336 713 3429 766 τὸν
3474 711 3850 782 ἀρχιμανδρί-

2251 827 2376 881 την.
2423 808 2587 864 Ἀλλά
2615 808 2709 864 καὶ
2736 808 2829 862 τὸν
2851 805 3135 877 ’δεσπότην
3191 822 3292 878 μου
3337 802 3433 858 τὸν
3475 802 3848 873 Χαρτοφύλα‹

2257 917 2365 956 κα*
2425 893 2487 956 οὗ
2528 902 2564 972 ἡ
2626 900 2818 971 ἀγάπη
2880 899 3125 967 ἔγκειται
3176 898 3236 950 ὲν
3289 898 3356 969 τῇ
3431 896 3667 966 ταπεινῇ
3740 909 3847 964 μου

2267 993 2489 1065 καρδίᾳ.

2556 1105 2698 1173 AG".
2724 1103 2903 1178 [T92]
2938 1135 2978 1147 -
3039 1103 3394 1173 Ναυκρατίῳ
3413 1100 3628 1164 τέκνῳ.

1723 1211 2012 1273 Dogmatica
2041 1211 2106 1261 de
2139 1216 2323 1265 sanctis
2353 1214 2672 1280 imaginibus.

661 1320 742 1376 De
776 1329 826 1376 te
852 1318 1084 1390 gaudeo,
1116 1316 1192 1373 mi
1235 1317 1404 1373 frater
1449 1316 1732 1385 Naucrati,
1767 1321 1912 1390 quod
1962 1320 2166 1377 laetitia:

2340 1327 2536 1397 Χαίρω
2561 1327 2656 1380 ἐπὶ
2685 1329 2790 1392 σοῖ,
2843 1327 3042 1395 ἀδελφέ
3105 1343 3206 1397 μου
3236 1324 3581 1395 Ναυκράτιε,
3612 1322 3700 1376 ὅτι
3748 1319 3854 1390 τῆς

591 1413 734 1470 filius
764 1410 938 1467 factus
961 1425 1042 1476 es,
1073 1409 1218 1480 quod
1231 1416 1314 1465 est
1340 1425 1438 1479 pro
1459 1409 1678 1466 Christo
1704 1411 1836 1482 pati.
1867 1409 2000 1466 Nam
2022 1413 2168 1482 quod

2287 1420 2447 1488 ιαρᾶς
2505 1419 2616 1482 υίὸς
2643 1418 3040 1490 χρηματίζεις·
3087 1418 3224 1488 ὅπερ
3259 1417 3378 1470 ἐστὶ
3394 1415 3456 1470 τδ
3493 1415 3586 1468 διὰ
3609 1412 3856 1484 Χριστὸν

595 1506 699 1560 isto
738 1503 911 1573 majus
939 1502 1138 1557 laetitia:
1179 1510 1600 1572 argumentum,
1646 1510 1741 1556 aut
1779 1503 1910 1573 quid
1959 1513 2044 1558 est
2099 1503 2169 1558 ad

596 1597 809 1652 laudem
840 1593 1145 1649 illustrius?
1173 1592 1427 1664 Fiagellis
1461 1593 1627 1663 igitur
1651 1609 1828 1649 caesus
1849 1610 1930 1662 es,
1959 1594 2166 1650 Christi

592 1687 844 1758 exemplo
875 1702 893 1742 :
928 1701 960 1741 e
985 1700 1202 1740 carcere
1228 1693 1529 1754 pertractus
1564 1685 1619 1738 in
1646 1700 1942 1750 carcerem,
1971 1687 2026 1740 in
2048 1703 2169 1741 ma-
2202 1733 2242 1788 Β

595 1794 701 1834 nus
731 1776 880 1846 impii
911 1774 1136 1830 Joannis
1169 1775 1400 1829 traditus
1440 1789 1519 1840 es,
1579 1776 1684 1831 sub
1708 1791 1818 1846 quo
1847 1786 1902 1831 et
1935 1791 2035 1848 ego
2069 1778 2169 1832 hu-

594 1871 740 1926 milis
788 1867 1079 1924 decertavi.
1113 1865 1442 1934 Quinetiam,
1497 1867 1642 1936 quod
1679 1867 1773 1923 illo
1829 1868 2174 1939 aggrediente

595 1978 704 2018 non
739 1977 798 2016 es
836 1961 1152 2026 subversus,
1183 1960 1276 2015 sed
1315 1975 1345 2014 e
1380 1961 1656 2015 contrario
1711 1961 1920 2016 insana
1974 1963 2174 2016 utentis

595 2054 874 2110 hominem
909 2054 1154 2126 repulisti
1179 2064 1232 2110 et
1259 2053 1577 2121 confutasti,
1620 2056 1810 2126 utique
1855 2056 2041 2110 audivi
2073 2073 2175 2128 ego

598 2147 784 2213 miser,
815 2155 869 2202 et
899 2161 1149 2217 magnam
1186 2147 1368 2202 animo
1425 2145 1545 2216 cepi
1593 2147 1954 2217 voluptatem.
2013 2151 2176 2206 Adsit

596 2254 730 2294 vero
759 2238 856 2294 tibi
911 2246 966 2293 et
995 2237 1049 2292 in
1073 2247 1350 2308 posterum
1383 2239 1449 2292 ad
1508 2248 1737 2294 eventus
1771 2255 1962 2296 omnes
2013 2257 2046 2296 a
2069 2242 2177 2297 Do-

601 2329 750 2385 mino
779 2329 1108 2386 subsidium.
1136 2328 1404 2396 Quoniam
1423 2345 1550 2386 vero
1573 2330 1884 2399 insinuasti,
1910 2334 2174 2403 quasdam

601 2423 673 2478 ab
703 2420 770 2478 eo'
804 2423 944 2478 inter
993 2422 1381 2492 disputandum
1427 2421 1658 2492 proferri
1722 2425 2046 2491 sententias,
2109 2425 2178 2480 ad

601 2515 943 2571 eversionem
977 2523 1290 2572 sanctarum
1324 2514 1648 2583 imaginum,
1670 2515 1922 2571 videlicet
1952 2517 2177 2584 Asterii,

607 2608 916 2680 Epiphanii,
952 2617 1007 2664 et
1046 2607 1315 2663 Theodoti
1362 2626 1377 2662 :
1417 2624 1598 2678 operae
1649 2611 1886 2681 pretium
1935 2609 2069 2666 duxi
2109 2610 2178 2666 ad

607 2699 1025 2756 instructionem
1051 2700 1360 2764 amborum,
1391 2699 1494 2754 hoc
1515 2699 1636 2755 loco
1658 2715 1967 2764 recensere,
1995 2717 2175 2773 quan-

607 2809 772 2865 quam
797 2793 849 2848 id
872 2793 1115 2864 epistola:
1141 2794 1364 2848 modum
1394 2794 1626 2862 excedit,
1651 2805 1763 2852 tum
1788 2796 1936 2865 ipsas
1959 2796 2177 2853 illorum

610 2901 796 2949 voces,
828 2894 942 2940 tum
974 2893 1242 2952 nostram,
1273 2885 1381 2940 Deo
1421 2886 1665 2956 juvante,
1697 2888 1799 2942 etsi
1829 2887 2064 2958 imperiti
2085 2904 2182 2944 su-

611 2995 758 3046 mus,
785 2995 974 3036 earum
1024 2979 1477 3035 confutationcm.
1521 2980 1722 3036 Asterii
1773 2980 1959 3052 itaque
2001 2982 2182 3037 oratio

2270 1512 2524 1581 πάσχειν.
2575 1513 2686 1565 Καὶ
2728 1512 2780 1564 τί
2827 1511 2936 1582 γάρ
2995 1509 3189 1563 τούτου
3244 1508 3638 1579 χαριέστερονς
3673 1504 3730 1557 τί
3792 1502 3854 1557 δὲ

2269 1602 2685 1674 εὑκλεέστερονς
2736 1600 3106 1672 Ἐμαστίχθης
3172 1594 3265 1652 οὖν
3323 1595 3799 1668 Χριστομιμήτως
3833 1607 3850 1621 ⁸

2270 1693 2446 1766 ἤρθης
2496 1696 2562 1748 ἐκ
2623 1693 2870 1762 φυλακῆς
2921 1693 3004 1755 είς
3058 1691 3328 1762 φυλακὴν,
3389 1685 3724 1758 παραδοθεὶς
3771 1683 3858 1746 είς

2275 1789 2466 1857 χεῖρας
2521 1786 2772 1840 Ἰωάννου
2823 1783 2918 1838 τοῦ
2947 1783 3202 1849 ἀσεϐοῦς,
3229 1783 3315 1851 ἐφ’
3344 1774 3389 1850 ᾧ
3415 1784 3444 1835 6
3464 1779 3724 1842 ταπεινὸς
3758 1777 3858 1830 καὶ

2279 1874 2588 1946 ἡγωνίασα.
2624 1875 2768 1928 Ἀλλ’
2801 1875 2882 1928 ὅτι
2911 1873 3311 1945 προσϐαλόντος
3349 1871 3514 1925 αὐτοῦ
3568 1872 3628 1924 ού
3663 1885 3859 1937 περιε-

2275 1968 2516 2039 τράπης,
2543 1965 2857 2020 τούναντίον
2880 1966 2937 2018 δὲ
2972 1967 3068 2020 κα)⁵
3111 1965 3424 2034 ἀπεπέμψω
3459 1959 3858 2030 διελεγκτικῶς

2273 2061 2366 2113 τὸν
2393 2060 2790 2132 ματαιόφρονα,
2819 2059 2960 2112 πάνυ
3016 2061 3046 2112 6
3092 2059 3264 2121 τάλας
3303 2057 3500 2128 ἥσθην,
3543 2055 3640 2108 καὶ
3681 2051 3856 2106 εὐθύ-

2281 2168 2452 2222 μησα.
2487 2151 2585 2222 Εῑη
2621 2150 2678 2204 δέ
2707 2168 2789 2204 σοι
2820 2151 2914 2204 καὶ
2941 2149 3078 2222 πρὸς
3112 2150 3174 2202 τὸ
3204 2149 3331 2219 ἑξῆς
3361 2148 3501 2219 πρὸς
3538 2149 3646 2200 πᾶν
3671 2143 3862 2204 ὁτιοῦν

2277 2244 2385 2298 τῶν
2419 2242 2855 2315 συμϐησομένων
2903 2241 3056 2312 παρά
3099 2241 3307 2312 Κυρίου
3346 2239 3588 2310 βοήθεια.
3627 2235 3860 2306 Ἐπειδὴ

2277 2337 2336 2390 δὲ
2379 2337 2514 2406 ἔφης
2564 2338 2845 2408 προτεῖναι
2900 2334 3062 2388 αὐτὸν
3100 2335 3160 2388 ὲν
3189 2336 3256 2405 τῇ
3287 2333 3520 2399 διαλέξει
3559 2331 3750 2402 φωνάς
3804 2329 3864 2381 ὲν

2279 2433 2562 2502 ἀνατροπῇ
2628 2429 2736 2482 τῶν
2788 2426 2958 2495 ἁγίων
3008 2426 3263 2480 εἰκόνων
3313 2425 3482 2496 ἤγουν
3543 2422 3861 2492 Ἀστερίου,

2292 2523 2632 2593 Ἐπιφανίου,
2663 2523 2756 2576 καὶ
2798 2519 3054 2574 θεοδότου
3083 2535 3097 2550 ο
3127 2519 3431 2586 ἀναγκαῖον
3478 2514 3664 2586 ᾠήθην
3708 2514 3860 2583 πρὸς

2281 2616 2652 2686 καταρτισμὸν
2695 2613 3045 2685 ἀμφοτέρων,
3092 2609 3438 2681 παραθέσθαι
3481 2605 3721 2659 ἐνταῦθα
3747 2620 3769 2636 ο
3810 2605 3862 2657 εί

2281 2706 2378 2762 καὶ
2415 2706 2729 2778 ὑπερτείνει
2759 2705 2821 2760 τὸ
2851 2703 3261 2772 ὲπιστολιμαῖον
3294 2700 3428 2769 ὕφος
3447 2715 3462 2730 ο
3505 2697 3672 2760 αὑτὰς
3697 2695 3859 2748 ὲκεί-

2281 2817 2390 2854 νων
2411 2799 2512 2862 τάς
2540 2798 2745 2868 φωνὰς,
2795 2796 2892 2850 καὶ
2920 2795 3021 2866 τὴν
3069 2793 3166 2868 σὺν
3213 2791 3332 2862 Θεῷ
3379 2791 3507 2861 παρ’
3554 2788 3711 2859 ἡμῶν
3754 2785 3865 2840 τῶν

2281 2891 2510 2962 ἀμαθῶν
2571 2889 2884 2960 ἀνατροπὴν
2958 2861 3160 2940 αύτῶνῖ
3223 2885 3288 2937 Ἦ
3339 2883 3436 2937 οὖν
3493 2880 3583 2935 τοῦ
3664 2881 3861 2932 Ἄστε-

2287 2983 2403 3054 ρίου
2440 2981 2516 3051 (1)
2551 2981 2646 3034 ἐπὶ
2673 2981 2873 3048 λέξεως
2927 2978 3053 3034 τάδε
3077 2994 3092 3008 ·
3130 2996 3149 3030 ι
3210 2977 3302 3046 Μὴ
3355 2975 3533 3048 γράφε
3571 2974 3663 3027 τὸν
3718 2973 3860 3043 Χρε·

611 3070 681 3126 ad
713 3069 939 3124 verbum
965 3078 1048 3124 est
1109 3069 1443 3139 hnjusmodi.
1499 3087 1518 3121 ι
1561 3069 1842 3126 Christum
1903 3085 1971 3126 ne
1996 3071 2176 3143 pinge.

2287 3073 2410 3129 στόν
2436 3089 2451 3105 ο
2493 3074 2655 3145 ἀρκεῖ
2683 3072 2792 3144 γὰρ
2831 3069 2981 3142 αὑτῷ
3029 3070 3065 3142 ή
3129 3069 3228 3140 μία
3259 3067 3360 3138 τῆς
3407 3063 3858 3136 ὲνσωματὼσεως

614 3159 822 3216 Suiiicit
848 3161 992 3216 enim
1024 3161 1126 3231 ipsi
1156 3161 1300 3230 quod
1319 3160 1386 3216 ad
1415 3177 1730 3231 corpoream
1750 3173 1998 3217 naturam
2027 3179 2185 3219 assu-

613 3253 863 3307 mendam
891 3260 1073 3307 nostra
1103 3267 1268 3307 causa
1299 3267 1357 3307 se
1383 3260 1575 3320 sponte
1593 3251 1800 3308 dimisit
1827 3271 1842 3308 :
1874 3254 1968 3309 sed
2005 3263 2187 3310 mente

616 3353 673 3400 et
711 3344 984 3400 intellectu
1016 3342 1256 3399 Verbum
1321 3345 1705 3414 incorporeum
1746 3345 2043 3402 circumfer
2058 3347 2128 3402 “.
2161 3367 2180 3401 ι

613 3439 981 3510 luterrogetur
1033 3439 1217 3510 itaque
1263 3448 1567 3510 argutator,
1619 3441 1975 3510 quamobrem
2017 3442 2186 3498 Chri-

616 3539 763 3589 stum
787 3533 930 3604 pingi
963 3541 1144 3600 negat.
1194 3532 1450 3587 Suiiicere
1479 3532 1530 3587 ei
1577 3531 1710 3588 dicit
1739 3533 1956 3590 unicam
2005 3535 2189 3590 incor-

617 3623 920 3694 porationis
952 3623 1338 3688 humilitatem,
1363 3623 1568 3694 quippe
1595 3639 1718 3694 quae
1739 3625 1903 3679 semei
1933 3635 2187 3696 suscepta

617 3724 702 3772 est
725 3716 843 3771 sine
864 3716 1093 3782 honore,
1127 3716 1432 3786 refugiente
1468 3716 1588 3786 ipso
1611 3716 1836 3772 alteram
1863 3717 2189 3775 humilitatis

620 3809 1140 3866 manifestationem.
1171 3809 1236 3864 Et
1264 3813 1538 3880 quomodo
1571 3809 1664 3865 illa
1697 3819 1890 3882 sponte
1913 3820 2188 3882 suscepta,

620 3901 668 3958 si
700 3902 862 3956 habet
891 3901 1206 3972 adjunctam
1238 3900 1554 3956 infamiam?
1577 3899 1715 3956 Nam
1759 3902 1906 3974 quod
1932 3903 2190 3958 volunta-

621 3994 764 4048 rium
784 4001 891 4057 est,
916 3992 969 4047 id
996 3992 1294 4064 gloriosum
1317 4008 1556 4064 quoque,
1572 4007 1676 4049 nec
1691 3992 2005 4064 adjunctam
2029 3993 2192 4048 habet

622 4085 974 4140 involuntarii
1019 4095 1226 4140 notam.
1254 4085 1354 4152 Ac,
1391 4085 1436 4141 si
1492 4101 1582 4142 res
1612 4100 1772 4142 secus
1809 4084 1974 4151 foret,
2008 4093 2191 4141 tamen

622 4174 832 4246 pictura
873 4173 1086 4228 iteratio
1114 4183 1217 4240 est,
1239 4175 1380 4229 idem
1404 4175 1548 4245 quod
1569 4175 1721 4246 prius
1735 4174 1996 4230 exhibens
2013 4174 2195 4244 quoad

624 4265 1064 4323 similitudinem.
1100 4264 1167 4320 Et
1202 4268 1478 4336 quomodo
1527 4266 1674 4323 illius
1726 4267 2047 4322 memoriam
2096 4281 2194 4338 per

625 4357 875 4413 auditum
923 4356 1184 4414 refricare
1235 4374 1345 4413 non
1393 4358 1666 4430 piaculum
1697 4357 1820 4414 sit:
1877 4357 1924 4414 si
1971 4357 2193 4428 quidem

628 4466 724 4522 per
763 4453 937 4507 visum
991 4467 1102 4507 rem
1153 4451 1456 4522 divulgare,
1489 4451 1645 4521 quasi
1704 4451 1901 4507 iterare
1939 4450 2196 4522 iniuriam

630 4542 830 4599 fuerit?
859 4541 953 4598 Est
972 4543 1117 4598 enim
1161 4543 1395 4598 alterum
1425 4543 1581 4598 alteri
1607 4557 1914 4599 consonum
1941 4551 1996 4598 et
2023 4556 2204 4613 requa-

630 4637 705 4703 le,
741 4648 802 4693 ut
853 4653 1084 4710 magnus
1149 4637 1386 4694 Basilius
1429 4637 1616 4693 divino
1659 4651 1757 4692 ore
1800 4636 2201 4708 pronuntiavit.

633 4731 972 4802 Intelligetur
1013 4740 1196 4787 autem
1221 4740 1275 4787 et
1307 4746 1402 4801 per
1449 4729 1940 4800 comparationem,
1993 4730 2039 4784 si
2068 4743 2204 4784 crux

635 4822 805 4877 semel
835 4823 1158 4888 delineatur,
1189 4823 1412 4878 alterius
1438 4821 1688 4877 videlicet
1743 4836 1865 4877 esse
1889 4821 2075 4877 crucis
2101 4821 2206 4875 ite-

2283 3164 2778 3237 ταπεινοφροσύνῃ,
2841 3163 2910 3235 ἥν
2949 3160 3290 3234 αὐθαιρέτως
3323 3160 3394 3214 δι’
3433 3159 3577 3229 ἡμᾶς
3629 3155 3860 3210 κατεδέ-

2288 3259 2451 3326 ξατο·
2482 3257 2579 3311 ὲπὶ
2605 3256 2663 3310 δὲ
2691 3255 2793 3326 τῆς
2833 3255 3014 3325 ψυχῆς
3059 3270 3154 3307 σου
3211 3251 3495 3323 βαστάζων
3520 3247 3735 3319 νοητῶς
3775 3247 3866 3300 τὸν

2286 3349 2578 3421 ἀσώματον
2627 3347 2798 3416 Λόγον
2835 3347 3125 3416 περίφερε.
3167 3362 3186 3396 ι
3253 3339 3580 3413 Ἐρωτάσθω
3625 3355 3861 3408 τοιγαρο

2289 3442 2386 3496 οὖν
2439 3445 2469 3496 6
2506 3440 2874 3510 λογογράφος,
2928 3437 3154 3493 ἀνθότου
3205 3433 3592 3505 ἀπαγορεύσας
3624 3430 3866 3502 Χριστὸν

2289 3534 2619 3606 γράφεσθαι,
2647 3534 2840 3604 ἀρκεῖν
2870 3531 3021 3600 αύτῷ
3068 3529 3221 3599 λέγει
3265 3529 3368 3597 τὴν
3399 3526 3528 3598 μίαν
3568 3524 3669 3594 τῆς
3698 3525 3870 3576 ὲνσω-

2294 3627 2596 3699 ματώσεως
2619 3623 3120 3696 ταπεινοφροσύνην
3139 3640 3154 3654 ·
3187 3622 3262 3686 ὡς
3284 3620 3381 3675 καὶ
3411 3620 3508 3692 τὴν
3537 3616 3691 3682 ἅπαξ
3722 3617 3870 3686 αἱρε-

2293 3721 2479 3774 θεῖσαν
2531 3719 2720 3785 ἀδοξον
2753 3715 3118 3785 ὑποφεύγοντι
3170 3714 3270 3784 τὴν
3310 3709 3739 3784 δευτερεύουσαν
3775 3709 3868 3778 τῆς

2292 3808 2800 3883 ταπεινοφροσύνης
2850 3807 3183 3878 φανέρωσιν.
3222 3805 3332 3858 Καὶ
3365 3803 3479 3867 πῶς
3545 3799 3870 3870 αὐθαίρετος

2293 3905 2344 3958 εἰ
2405 3903 2628 3970 ἀδοξος;
2672 3901 2736 3956 τὸ
2781 3900 2894 3972 γάρ
2933 3897 3262 3966 αὐθαίρετον
3305 3895 3541 3961 ἔνδοξον,
3587 3892 3692 3947 οὐκ
3749 3891 3871 3962 ἔχον

2292 3995 2388 4050 τοῦ
2437 3994 2699 4050 ἀκουσίου
2756 3991 2818 4047 τὸ
2871 3990 3082 4057 ἄδοξον.
3126 3989 3189 4043 Ei
3223 3988 3280 4043 δὲ
3311 3987 3475 4041 τοῦτο
3513 3984 3609 4039 ού·
3645 3984 3763 4038 ἀλλ’
3790 3983 3870 4036 ὅτι

2293 4089 2623 4160 δευτέρωσις
2665 4089 2700 4159 ὴ
2733 4085 2794 4140 τὸ
2841 4083 2975 4140 αὐτὸ
3026 4083 3124 4137 καὶ⁹
3175 4080 3394 4153 πρῶτον
3439 4077 3562 4132 καθ’
3613 4077 3872 4148 ὁμοίωσιν

2296 4181 2620 4240 δεικνύουσα
2682 4177 2893 4250 γραφή.
2953 4175 3077 4239 Πῶς
3124 4173 3182 4227 δὲ
3235 4173 3328 4226 καὶ
3382 4171 3444 4224 τὸ
3483 4166 3870 4239 ὑπομνηματξ-

2298 4274 2485 4340 ζεσθαι
2511 4271 2578 4326 δι’
2604 4270 2775 4341 ἀκοῆς
2800 4271 2861 4324 ού
2893 4267 3292 4339 παραιτήσεται
3313 4280 3328 4295 ο
3360 4263 3476 4332 εἴγε
3505 4263 3568 4316 τὸ
3600 4262 3670 4314 δι’
3700 4261 3872 4330 ὂψεως

2303 4363 2733 4438 θριαμϐεύεσθαι
2803 4361 2880 4424 ὼς
2933 4358 3265 4431 δευτέρωσιν
3337 4355 3508 4428 φέρον
3567 4350 3874 4423 νεμεσητὸν

2302 4455 2487 4526 αὐτῷ;
2525 4451 2822 4524 Ἑκάτερον
2842 4449 2953 4521 γάρ
2983 4447 3210 4521 θατέρου
3251 4444 3470 4500 σύνοδόν
3527 4459 3590 4496 τε
3621 4443 3718 4496 καὶ
3764 4443 3872 4494 ίσο-

2299 4549 2556 4619 δύναμον,
2615 4545 2692 4610 ὡς
2725 4543 2789 4598 τὸ
2837 4542 2982 4597 θεῖον
3035 4540 3232 4611 στόμα,
3287 4537 3573 4599 Βασίλειος
3596 4535 3626 4588 6
3678 4533 3868 4606 μέγας,

2301 4635 2705 4710 ἀπεφθέγξατο.
2751 4634 3150 4704 Λογισθήσεται
3179 4630 3238 4683 δὲ
3279 4629 3378 4682 καὶ
3406 4626 3550 4680 κατά
3593 4625 3656 4678 τὸ
3687 4622 3872 4678 ἀνάλο-

2303 4749 2422 4802 γον,
2469 4730 2566 4785 καὶ
2592 4729 2651 4784 τό
2680 4727 2773 4782 τὸν
2798 4726 3030 4797 σταυρὸν
3059 4721 3208 4789 ἅπαξ
3239 4719 3542 4792 γραφῆναι,
3561 4717 3748 4790 ἑτέρου
3780 4715 3876 4784 δη-

2304 4823 2442 4895 λαδὴ
2487 4819 2722 4893 σταυροῦ
2766 4819 3097 4890 δευτέρωσις
3123 4831 3138 4846 °
3176 4814 3252 4878 ὡς
3300 4813 3399 4868 καὶ
3442 4812 3538 4866 ἐπὶ
3572 4809 3668 4863 τοῦ
3695 4808 3871 4874 Εὐαγ-

637 4913 925 4981 rationem,
955 4915 1098 4970 sicut
1119 4925 1174 4971 et
1199 4914 1266 4970 de
1287 4914 1595 4986 Evangelio.
1619 4913 1959 4984 thuoniam
1981 4928 2189 4984 sempe:

2305 4914 2516 4986 γελίου.
2555 4913 2668 4968 Καὶ
2705 4909 2899 4980 ἐπειδὴ
2923 4909 3012 4962 ἀεὶ
3039 4905 3315 4978 γράφεται
3355 4904 3684 4976 ἀμφότερα·
3714 4896 3874 4953 ἀπεί-

638 5014 934 5078 utrumque
997 5009 1369 5076 describitur;
1447 5008 1764 5064 innumeras
1825 5023 1946 5064 esse
1989 5021 2205 5073 cruces,

639 5098 924 5168 multoque
950 5099 1106 5170 plura
1156 5098 1469 5170 Evangelia,
1529 5114 1637 5155 non
1690 5114 1857 5154 unam
1910 5106 1964 5153 et
2014 5113 2207 5152 unum.

640 5187 798 5256 Quod
825 5189 872 5247 si
907 5205 1013 5245 una
1049 5204 1183 5247 crux
1235 5201 1290 5247 et
1336 5207 1441 5246 non
1470 5191 1577 5246 alia
1602 5199 1704 5258 est,
1737 5189 1843 5247 etsi
1900 5188 2048 5245 mille
2089 5189 2211 5258 pin-

2309 5023 2437 5078 ρους
2481 5004 2787 5074 σταυροὺς,
2824 5000 2962 5074 πρὸς
3014 4999 3072 5054 δὲ
3109 4997 3208 5052 καὶ
3269 4995 3610 5065 Εὐαγγέλια,
3649 4992 3747 5062 οὐχ
3779 4990 3874 5042 ἕνα

2310 5101 2402 5154 καὶ
2437 5097 2518 5161 ἓν,
2573 5095 2866 5166 ὑπάρχειν.
2930 5093 2995 5146 El
3029 5091 3088 5146 δὲ
3134 5085 3217 5154 εἷς
3269 5092 3368 5144 καὶ
3421 5088 3726 5158 οὐδέτερος,
3774 5082 3873 5135 κᾶν

2313 5191 2616 5264 μυριοστῶς
2643 5189 2930 5260 γράφοιτο,
2964 5185 3196 5257 σταυρός
3227 5181 3326 5255 (‘2).
3356 5181 3470 5236 Καὶ
3514 5180 3574 5234 ἓν
3601 5178 3694 5233 καὶ
3724 5174 3871 5230 οὐδέ·

2142 5303 2378 5361 NOTAE.

717 5417 882 5500 (l).in
921 5419 1058 5500 cod._
1079 5417 1306 5500 Reg._ad
1339 5435 1490 5500 oram
1515 5420 1640 5500 libri
1670 5437 1684 5474 :
1729 5419 1924 5500 ’ἰστέον
1960 5416 2189 5500 ὠς-ἔστι·

2311 5421 2464 5500 tycllle
2494 5418 2827 5500 conjunctus.

656 5488 934 5562 Ἀστέριος
967 5490 1071 5543 ὑπὸ
1091 5488 1186 5562 τοῦ
1219 5489 1520 5562 ἀγιωτάτου
1555 5488 1864 5562 Σωφρονίου
1890 5489 2095 5562 ένὼτοῖς
2110 5489 2215 5562 αὺ-

642 5561 742 5615 τοῦ
777 5557 1075 5624 συνοδικοῖς
1110 5557 1667 5631 ἀναθεματιζόμενοςέ
1684 5557 1780 5612 καὶ
1811 5557 2221 5631 61t6ino_ui'la-

643 5632 776 5702 τρὸς
810 5630 1172 5701 ’Δπολιναρίῳ
1191 5627 1293 5685 καῖ
1311 5627 1542 5700 Εὐτυχεῖ
1565 5628 2010 5753 συνταττὲμενος.
2037 5627 2221 5681 Scien-

644 5705 776 5753 dum
833 5702 971 5753 auod
1042 5702 1283 5753 Asterius
1323 5716 1354 5753 a
1399 5700 1736 5753 sanctissimo
1847 5700 2099 5753 onhrom'o
2146 5706 2221 5750 est

644 5700 776 5755 ditm
833 5702 971 5771 quod
1042 5700 1283 5756 Asterius
1323 5716 1354 5771 α
1399 5700 1736 5771 sanctissimo

2356 5473 3160 5602 getigjsrsgrﬁesasen
3183 5473 3878 5602 ‘3’:i.§.§§‘.if.s.xfa‘$‘$€:

2315 5552 2416 5614 κᾶν
2445 5552 2764 5630 γράφωνται
2803 5552 3006 5682 tight.
3047 5555 3160 5610 Καὶ
3215 5553 3446 5635 σταυρὸς
3472 5552 3644 5632 οὕτω,
3665 5552 3765 5602 κᾶν
3792 5552 3880 5624 γίτ

2317 5646 2516 5683 νωνται
2545 5629 2809 5692 πλείονες.
2895 5644 2992 5682 nus
3039 5637 3113 5680 est
3155 5624 3396 5681 Christus
3424 5638 3442 5676 :
3473 5632 3574 5677 ets:
3627 5631 3882 5672 annulum

1847 5700 2099 5772 aphronio
2122 5706 2223 5772 est
2320 5702 2628 5772 pingantur.
2656 5699 2745 5756 Sic
2771 5691 2823 5754 et
2863 5712 3018 5765 crux,
3043 5696 3162 5752 licet
3200 5695 3377 5766 plures
3410 5691 3778 5762 conﬁciantur.

650 5767 1132 5828 anatheinatizatua
1159 5787 1177 5836 ,°
1204 5781 1251 5826 et
1279 5770 1342 5825 ab
1373 5769 1480 5826 alio
1518 5786 1635 5824 cum
1661 5769 1989 5840 Apollinnrio
2018 5780 2067 5823 et
2115 5767 2224 5821 Eu-
