4054 6364
269 379 414 448 1213

1460 386 2001 452 EPISTOLARUM
2041 389 2191 453 LIB.
2247 387 2334 451 II.

3383 388 3521 456 1214

265 507 450 564 τερον,
500 489 608 546 κᾶν
657 489 904 562 ἀπείρως
969 491 1260 566 γράφοιτο,
1323 490 1660 566 Εὐαγγέλιον
1683 511 1701 530 ο
1747 497 1846 552 καὶ

1956 504 2148 568 gantur
2185 495 2271 551 :si
2299 508 2494 561 unum,
2515 499 2570 550 et
2597 507 2709 550 non
2736 493 2990 559 alterum,
3029 491 3386 566 Evangelium
3408 505 3516 564 est,

265 578 350 650 εἷς
376 582 562 639 καὶού
605 580 720 650 δύο,
759 581 867 636 κάν
916 581 1184 648 ὡσαύτως
1241 585 1528 656 γράφοιτο,
1580 586 1839 658 Χριστός.

265 676 622 750 Γραφόμενος
649 673 762 748 γάρ
813 676 982 742 ἐστιν,
1017 677 1092 740 ὡς
1141 677 1687 747 ἀναγινωσκόμενος·
1747 679 1842 732 καὶ

265 771 331 826 οὐ
362 768 736 841 πλησθήσεται
766 763 862 834 οῦς
882 769 992 823 ἀπὸ
1011 767 1489 841 ἀκροάσεως,οὐτε
1518 770 1626 842 μὴν
1646 769 1845 839 ὀφθαλ-

271 861 377 933 μὸς
421 860 530 916 ἀπὸ
557 860 806 932 ὁράσεως
832 877 846 892 ο
895 862 978 915 ὅτι
1021 863 1054 915 6
1081 861 1216 926 Θεὸς
1267 861 1560 933 ἄνθρωπος
1597 863 1794 931 γέγονε
1825 877 1838 892 ’

267 953 370 1010 καὶ
393 954 474 1008 ὅτι
504 951 662 1024 ὤφθη
722 952 926 1024 βρέφος
965 954 994 1006 6
1050 951 1271 1016 αἰώνιος
1292 968 1306 982 ο
1335 952 1433 1006 καὶ
1474 953 1844 1023 γαλακτοτρό-

267 1045 456 1110 φεῖται
480 1043 508 1096 6
539 1042 758 1112 τρέφων
789 1042 858 1096 τὰ
887 1041 1210 1114 σύμπαντα’
1265 1043 1364 1098 καὶ
1408 1043 1770 1111 ἀγκαλίζεται
1815 1045 1844 1098 ὁ

264 1135 684 1207 ἀπερίληπτος⁶
738 1135 836 1189 καὶ⁹
873 1135 1208 1206 χρηματίζει
1254 1137 1392 1212 ἀνὴρ
1451 1139 1479 1191 6
1531 1136 1842 1208 ὐπέρθεος’

268 1230 370 1284 καὶ
405 1227 733 1300 βαπτίζεται
767 1229 801 1300 ἡ
829 1229 930 1299 τῆς
961 1229 1162 1296 σοφίας
1190 1229 1464 1294 ἄϐυσσοςο
1517 1230 1614 1284 καὶ
1642 1230 1748 1302 δρᾷ
1777 1230 1845 1286 τὰ

269 1319 557 1390 θεοπρεπῆ
612 1319 710 1374 κα)⁸
765 1319 1218 1391 ἀνθρωποπρεπῆ
1274 1321 1303 1373 6
1357 1320 1715 1392 ὐπερούσιος·
1752 1321 1845 1374 καὶ

272 1411 610 1483 σταυροῦται
637 1413 666 1466 6
705 1409 810 1481 τῆς
848 1409 1009 1479 δόξης
1039 1410 1246 1480 Κύριος
1267 1429 1283 1446 ο
1321 1411 1420 1465 καὶ
1451 1411 1717 1465 θάπτεται
1750 1413 1844 1466 καὶ

269 1503 562 1558 ἀνίσταται
612 1504 642 1558 6
679 1501 965 1566 ζωοποιῶν
990 1504 1057 1556 τά
1084 1502 1381 1574 σύμπαντα
1404 1519 1419 1535 ο
1473 1503 1570 1557 καὶ
1600 1505 1845 1568 ἀναλαμ-

269 1593 500 1648 ϐάνεται
553 1593 1043 1666 ἀνθρωποπρεπῶς
1089 1595 1118 1648 6
1159 1594 1417 1666 μηδαμοῦ
1466 1595 1842 1667 χωρούμενος.

267 1683 584 1743 Παυσάσθω
626 1685 992 1754 ἀπαγορεύειν
1028 1685 1130 1759 τὴν
1160 1685 1304 1742 οὐτω
1333 1689 1603 1759 σωτήριον
1639 1689 1844 1760 κόσμου

268 1777 401 1832 καθ’
448 1778 689 1842 ἑκάτερα
747 1778 1059 1849 φανέρωσιν
1087 1795 1101 1810 ⁶
1139 1781 1235 1833 καὶ
1279 1780 1380 1848 τὴν
1427 1780 1588 1847 δόξαν
1631 1781 1843 1852 Κυρίου

268 1866 495 1932 ἀδοξίαν
549 1866 976 1939 ὑποτιθέμενος,
1025 1869 1120 1924 καὶ
1154 1870 1254 1942 τὴν
1279 1871 1614 1944 αὐθαίρετον
1650 1851 1846 1926 ταπει-
1882 1851 1922 1906 Β

267 1960 614 2033 νοφροσύνην
642 1961 900 2015 ἀκούσιον
932 1961 1406 2034 ὑποϐαλλόμενοςο
1445 1965 1750 2020 παυσάσθω
1791 1967 1848 2020 δὲ

268 2053 372 2108 καὶ
392 2052 471 2124 τῷ
499 2053 718 2124 μεγάλῳ
744 2053 1013 2126 Βασιλείῳ
1038 2055 1482 2125 ἀντιφερόμενος,
1515 2051 1578 2112 οῦ
1601 2059 1634 2128 ἡ
1669 2058 1844 2128 φωνὴ,

269 2142 415 2197 Θεοῦ
456 2138 767 2215 φωνήοῶδέ
803 2163 905 2198 που
946 2145 1354 2217 προστάσσοντι
1380 2163 1394 2178 ’
1441 2166 1461 2202 ι
1533 2148 1847 2230 Ἐγγραφέ-

272 2237 389 2289 σθω
417 2235 495 2308 τῷ
522 2237 712 2293 πίνακι
745 2237 842 2289 καὶ
867 2239 896 2290 6
933 2239 1044 2290 τῶν
1082 2237 1479 2308 παλαισμάτων
1501 2240 1849 2312 ἀγωνοθέτης

270 2330 531 2400 Χριστός.
566 2347 586 2380 t
633 2329 908 2400 Ἐρῤίφθω
953 2329 1010 2384 δέ
1055 2347 1160 2384 που
1200 2329 1347 2384 θείου
1407 2330 1574 2401 χοροῦ
1615 2331 1716 2386 σὺν
1777 2334 1845 2403 τῇ

271 2419 529 2492 παρούσῃ
578 2421 856 2491 ἀποφάσει
901 2422 1056 2494 καὶὴ
1104 2422 1235 2494 ἑξῆς
1290 2425 1626 2494 κατάφασις,
1659 2423 1735 2488 ὡς
1785 2424 1848 2479 τδ

273 2509 393 2565 ἴσον
440 2511 541 2582 τῆς
565 2511 798 2576 ἀτοπίας
836 2511 1056 2584 ἔχουσα.

346 2688 414 2742 Τί
433 2688 541 2762 γάρ
553 2706 720 2759 φησιν
738 2707 752 2756 ;
770 2690 896 2743 Ἐπὶ
911 2689 968 2744 δὲ
990 2690 1092 2756 τῆς
1110 2689 1290 2762 ψυχῆς
1311 2709 1404 2745 σου
1421 2691 1704 2763 βαστάζων
1721 2711 1849 2766 νοη-

269 2781 386 2846 τῶς
406 2781 496 2834 τὸν
525 2780 817 2852 ἀσώματον
844 2783 1017 2852 Λόγον
1041 2785 1333 2855 περίφερε.
1360 2785 1425 2837 Ὢ
1459 2786 1557 2855 τῆς
1588 2785 1845 2854 ἀλογίαςί

272 2875 520 2929 Οὐτίπου
536 2875 644 2946 γάρ
667 2875 811 2930 θεῖον
837 2877 1012 2945 στόμα
1041 2875 1332 2946 ἀσώματον
1361 2875 1455 2931 τδν
1476 2878 1672 2947 Λόγον,
1710 2878 1850 2949 μετά

271 2967 341 3022 τὸ
358 2966 611 3036 γενέσθαι
641 2967 803 3020 αὐτὸν
842 2968 1044 3039 σάρκα,
1075 2967 1324 3038 λέλεχεν;
1363 2970 1562 3022 Οὐκέτι
1595 2969 1696 3041 μὲν
1740 2970 1850 3042 γὰρ

274 3058 460 3130 σάρκα
498 3059 756 3130 Χριστὸν,
797 3059 913 3112 ἀλλ’
970 3058 1072 3112 οὐκ
1117 3059 1412 3130 ἀσώματον
1477 3061 1568 3114 τὸν
1598 3061 1770 3128 Λόγον
1821 3063 1851 3115 6

277 3150 427 3220 ἱερὸς
466 3151 788 3214 Ἀπόστολος
826 3152 1070 3222 εἴρηκεν,
1103 3153 1160 3205 ὲν
1207 3147 1287 3216 οἷς
1321 3169 1488 3222 φησιν
1517 3171 1533 3186 ο
1566 3151 1758 3224 Ἡμεῖς
1781 3153 1852 3207 δὲ
1877 3188 1920 3247 c

274 3242 400 3298 ἀπὸ
425 3243 532 3298 τοῦ
559 3243 676 3298 νῦν
716 3241 937 3298 οὐδένα
969 3244 1217 3314 οἴδαμεν
1242 3245 1392 3299 κατὰ
1435 3246 1634 3314 σάρκα
1669 3264 1685 3280 ο
1705 3249 1756 3300 ει
1783 3246 1851 3299 δὲ

275 3334 381 3387 καί
419 3333 763 3404 ἐγνώκαμεν
806 3333 954 3388 κατὰ
987 3335 1183 3404 σάρκα
1213 3335 1492 3404 Χριστὸν,
1534 3335 1698 3392 ἀλλὰ
1735 3338 1852 3391 νῦν

275 3423 480 3479 οὐκέτι
520 3424 914 3504 γινώσκρμεν.
942 3427 1122 3500 Ὅπερ
1154 3427 1473 3499 ἑρμηνεύων
1516 3430 1544 3482 ό
1588 3429 1852 3497 Θεολόγος

278 3517 606 3588 Γρηγόριος,
633 3519 700 3570 τά
728 3518 972 3590 σαρκικὰ
998 3519 1102 3589 ἔφη
1138 3519 1308 3592 πάθη,
1346 3521 1441 3574 καὶ
1465 3522 1632 3592 χωρὶς
1667 3521 1852 3593 ἀμαρ-

276 3609 404 3670 τίας
432 3609 678 3680 ἡμέτερα
715 3625 730 3640 ο
777 3609 852 3674 ὡς
880 3611 974 3663 καὶ
1012 3610 1246 3681 ἀλλαχοῦ
1286 3628 1452 3683 φησιν
1481 3625 1499 3644 ⁶
1521 3611 1720 3665 Οὐκέτι
1751 3611 1853 3681 μὲν

280 3701 484 3770 σάρκα,
513 3701 613 3754 οὐκ
639 3700 934 3773 ἀσώματον
955 3702 1032 3757 δέ.
1075 3703 1136 3756 Ὀ
1163 3703 1221 3756 δὲ
1250 3702 1544 3774 ἀσώματον
1559 3705 1653 3756 τὸν
1678 3704 1853 3772 Λόγον

278 3794 488 3865 φήσας,
525 3794 588 3846 οὐ
647 3795 808 3864 μόνον
858 3798 970 3858 τοῖς
1020 3794 1192 3861 δυσὶν,
1233 3794 1371 3848 ἀλλά
1424 3798 1520 3848 καὶ
1550 3797 1687 3850 πᾶσι
1739 3799 1854 3860 τοῖς

275 3885 567 3956 θεοφόροις
599 3884 909 3956 μαχόμενος
932 3881 1059 3940 εἶεν.
1097 3885 1375 3941 Δέδεικται
1403 3887 1584 3942 τοίνυν
1637 3887 1855 3959 φύσεως

274 3978 429 4048 λόγῳ
475 3978 662 4049 ἀτόπῳ
722 3977 924 4032 ἄτοπον
979 3979 1424 4051 ὲπακολουθῆσαν
1456 3981 1594 4035 ’καὶ
1637 3984 1706 4053 τῇ
1758 3981 1854 4036 τοῦ

276 4068 517 4139 ψεύδους
552 4070 834 4142 ἀνατροπῇ
875 4069 1080 4125 κείσθω
1119 4073 1493 4144 ἀντιστρόφως
1535 4075 1570 4146 ἡ
1601 4073 1854 4146 ἀλήθεια.

277 4161 440 4227 ΙΙῶς;
480 4161 664 4233 Γράφε
711 4162 802 4215 τὸν
841 4163 1077 4233 Χριστὸν
1114 4165 1248 4218 ὅπου
1277 4165 1359 4218 δεῖ
1385 4182 1397 4194 ·
1429 4165 1503 4229 ὡς
1527 4166 1668 4237 ἔχων
1696 4166 1858 4221 αὐτὸν

279 4253 648 4307 κατοικοῦντα
675 4257 736 4308 ὲν
760 4257 828 4326 τῇ
853 4255 1051 4328 καρδίᾳ
1074 4273 1167 4309 σου
1198 4274 1214 4290 ·
1243 4257 1332 4310 ίνα
1362 4257 1456 4310 καὶ
1489 4259 1860 4328 ἀναγινωσκό-

284 4360 453 4414 μενος
485 4347 544 4398 tv
593 4345 786 4417 δέλτῳ,
815 4347 908 4400 καὶ
956 4346 1232 4420 ὁρώμενος
1264 4350 1322 4402 έν
1366 4349 1555 4422 Γραφῇ
1586 4369 1601 4384 ο
1632 4350 1708 4414 ὡς
1738 4353 1859 4418 ταῖς

279 4436 442 4497 δυσὶν
491 4437 778 4510 αἰσθήσεσι
825 4438 1228 4511 γνωριζόμενος
1255 4441 1469 4508 διττῶς,
1501 4441 1711 4515 φωτίζῃ
1762 4460 1856 4497 σου

1944 590 2050 646 etsi
2093 589 2307 646 inﬁnite
2347 587 2736 646 describatur:
2769 587 2853 644 sic
2900 603 3066 654 unus,
3094 602 3206 642 non
3245 589 3517 657 geminus,

1944 683 2049 739 etsi
2097 681 2350 738 similiter
2422 679 2702 752 pingatur,
2767 679 3022 735 Christus
3102 686 3207 735 est.
3268 677 3522 752 Pingitur

1945 774 2114 840 enim,
2151 783 2214 830 ut
2241 780 2296 829 et
2318 773 2514 844 legitur
2541 791 2554 827 :
2589 786 2689 827 nec
2712 770 3103 841 multiplicatur
3131 770 3282 826 auris
3305 771 3518 838 auditu,

1944 874 2040 922 aut
2085 865 2281 922 oculus
2311 865 2450 920 visu.
2489 861 2608 918 Jam
2663 878 2788 918 cum
2840 863 2986 918 Deus
3017 861 3200 918 factus
3223 862 3388 918 homo
3419 863 3514 931 sit,

1944 957 2127 1015 infans
2176 957 2398 1014 habitus
2433 956 2526 1028 qui
2553 955 2922 1025 sempiternus
2954 973 2968 1009 :
2999 969 3124 1009 cum
3160 953 3303 1009 lacte
3339 954 3522 1010 alatur

1945 1065 2042 1121 per
2101 1064 2265 1122 quem
2311 1047 2567 1104 universa
2624 1047 2886 1112 aluntur;
2923 1060 3049 1102 cum
3098 1045 3523 1117 incomprehen-

1947 1141 2124 1198 sibilis
2175 1140 2320 1196 ulnis
2363 1139 2748 1204 contineatur;
2776 1153 2900 1194 cum
2963 1136 3048 1191 vir
3087 1137 3388 1208 appelletur
3423 1137 3522 1209 qui

1947 1231 2091 1286 Deus
2126 1231 2364 1286 eximius
2387 1236 2515 1296 est;
2547 1243 2672 1284 cum
2703 1229 3010 1299 haptizetur
3056 1226 3109 1283 is
3149 1227 3308 1297 cujus
3351 1228 3515 1284 inex-

1947 1323 2145 1378 hausta
2205 1320 2472 1392 sapientia
2534 1326 2661 1386 est;
2704 1333 2829 1374 cum
2906 1317 3092 1372 divina
3169 1318 3524 1391 humanaque

1946 1422 2170 1485 peragat
2202 1412 2297 1483 qui
2336 1421 2585 1467 naturam
2627 1425 2846 1466 omnem
2904 1417 3168 1479 superat;
3205 1427 3329 1466 cum
3369 1411 3523 1468 cruci

1948 1505 2212 1558 Dominus
2240 1502 2428 1573 gloriae
2487 1500 2778 1572 alligatur;
2833 1501 3127 1570 sepeliatur
3173 1515 3238 1556 ac
3271 1509 3524 1573 resurgat

1947 1597 1996 1652 is
2043 1596 2135 1666 qui
2186 1596 2350 1650 rebus
2377 1592 2633 1648 omnibus
2665 1591 2834 1645 vitam
2892 1591 3180 1661 impertit;
3221 1592 3522 1662 accipiatur

1947 1687 2182 1758 denique
2211 1695 2272 1741 ut
2302 1685 2586 1740 hominem
2617 1685 2774 1739 decet
2799 1683 2846 1739 is
2885 1684 2979 1753 qui
3008 1684 3164 1738 nullo
3193 1685 3368 1754 spatio
3393 1699 3524 1739 cou-

1948 1781 2172 1836 tinetur.
2208 1777 2436 1834 Desinat
2480 1786 2589 1832 tam
2614 1777 2910 1832 salutarem
2944 1777 3152 1831 mundo
3193 1785 3428 1847 utraque
3456 1791 3524 1830 ex

1947 1881 2102 1944 parte
2132 1868 2628 1926 manilestationem
2681 1867 2997 1938 prohibere,
3053 1876 3110 1922 et
3143 1883 3268 1922 cum
3309 1866 3524 1920 Domini

1949 1965 2174 2035 gloriam
2227 1960 2585 2033 ignominiam
2634 1967 2871 2029 reputat,
2901 1967 2956 2014 et
3013 1974 3138 2012 cum
3170 1968 3524 2028 Spontaueam

1948 2055 2314 2111 humilitatem
2349 2060 2538 2108 contra
2572 2051 2912 2104 voluntatem
2953 2049 3126 2105 fuisse
3154 2042 3294 2104 falso
3323 2063 3530 2120 suppo-

1949 2147 2069 2202 nit:
2103 2145 2322 2200 desinat
2348 2153 2402 2198 et
2424 2158 2622 2214 magno
2656 2142 2856 2196 Basilio
2889 2141 3189 2207 adversari,
3213 2139 3373 2210 cujus
3398 2156 3525 2206 vox,

1950 2239 2043 2294 Dei
2074 2253 2178 2292 vox
2203 2245 2326 2292 est:
2359 2235 2441 2292 sic
2479 2245 2662 2290 autem
2696 2233 2742 2288 is
2774 2233 2975 2288 alicubi
3016 2232 3304 2303 praecipit:
3349 2251 3369 2285 ι
3397 2231 3527 2288 Pin-

1949 2341 2106 2402 gatur
2139 2330 2193 2384 in
2227 2327 2414 2383 tabula
2450 2339 2504 2382 et
2547 2327 2908 2382 certaminum
2947 2341 3148 2395 prieses
3180 2324 3433 2381 Christus
3459 2327 3528 2380 ⁸³.

1950 2423 2286 2492 Repudietur
2336 2427 2520 2474 autem
2559 2434 2588 2472 a
2643 2418 2858 2488 piorum
2893 2427 3039 2472 coetu
3095 2433 3221 2472 cum
3263 2417 3367 2472 hac
3399 2433 3529 2473 sen-

1948 2515 2141 2580 tentia,
2174 2527 2410 2584 sequens
2450 2525 2671 2582 quoque
2729 2509 2985 2575 assertio,
3036 2526 3160 2566 cum
3211 2512 3286 2566 ait
3341 2511 3434 2566 illa
3461 2526 3529 2567 ex

1947 2621 2107 2677 :equo
2131 2604 2391 2660 absurda.

2020 2697 2162 2765 Quid
2183 2697 2326 2752 enim
2359 2694 2472 2750 ait?
2499 2693 2558 2748 In
2588 2693 2772 2748 animo
2790 2703 2883 2748 tuo
2899 2709 2995 2764 per
3010 2693 3529 2763 contemplationem

1950 2791 2336 2860 incorporeum
2403 2783 2641 2840 Verbum
2705 2784 3096 2841 circumfer.0
3149 2785 3522 2840 dementiam!

1950 2882 2206 2952 Nunquid
2240 2879 2384 2934 enim
2419 2879 2509 2932 Dei
2534 2893 2636 2932 vox
2667 2877 3053 2946 incorporeum
3090 2878 3349 2944 Verbum,
3383 2886 3535 2948 post-

1951 2990 2116 3044 quam
2147 2989 2274 3029 caro
2331 2971 2535 3026 factum
2594 2979 2700 3032 est,
2763 2970 3104 3040 appellavit?
3164 2969 3280 3024 Non
3309 2986 3530 3024 carnem

1949 3067 2172 3139 quidem
2205 3065 2505 3125 Cltrisntm,
2547 3064 2640 3119 sed
2667 3077 2842 3133 neque
2871 3063 3250 3130 incorporeum
3293 3059 3530 3116 Verbum

1951 3172 2106 3232 sacer
2137 3155 2432 3225 Apostolus
2464 3153 2621 3220 dixit,
2642 3153 2734 3207 ubi
2757 3151 2837 3207 sic
2858 3151 2934 3205 ait
2962 3171 2975 3205 :
3006 3151 3195 3221 Itaque
3225 3167 3320 3204 nos
3347 3166 3412 3204 ex
3436 3149 3534 3202 hoc

1959 3249 2218 3306 neminem
2243 3246 2478 3300 novimus
2538 3244 2826 3298 secundant
2856 3259 3109 3297 carnem:
3148 3243 3248 3296 etsi
3291 3241 3536 3312 cognovi-

1958 3359 2074 3396 mus
2098 3339 2384 3394 secundum
2409 3354 2620 3391 carnem
2647 3335 2958 3400 Christum;
2989 3335 3078 3388 sed
3112 3351 3248 3387 nunc
3276 3333 3395 3404 jam
3430 3348 3535 3387 non

1960 3431 2197 3484 novimus
2220 3428 2285 3484 ".
2320 3428 2476 3494 Quod
2511 3428 2902 3496 interpretatus
2949 3424 3246 3494 Gregorius
3304 3423 3537 3478 Theolo-

1960 3539 2060 3593 gus
2095 3523 2161 3589 “,
2185 3521 2366 3577 carnis
2419 3520 2558 3574 dixit
2617 3519 2946 3582 aﬂ‘ectus,ct
2999 3533 3120 3587 qua:
3175 3525 3361 3571 nostra
3394 3526 3530 3572 sunt

1961 3615 2168 3685 absque
2193 3623 2448 3685 peccato:
2491 3620 2629 3666 utet
2660 3611 2788 3665 alibi
2815 3609 2948 3664 dicit
2976 3624 2988 3658 :
3023 3609 3134 3679 jam
3175 3607 3396 3678 quidem
3425 3621 3536 3660 non

1962 3721 2204 3773 carnem,
2231 3722 2340 3758 non
2391 3705 2773 3774 incorporeum
2825 3711 3028 3756 tamen.
3067 3700 3167 3766 Qui
3201 3713 3328 3754 vero
3357 3699 3540 3753 incor-

1961 3813 2186 3870 poreum
2215 3795 2453 3850 Verbum
2497 3793 2648 3859 dicit,
2698 3807 2809 3848 non
2859 3791 3076 3846 duobus
3139 3792 3324 3856 modo,
3360 3789 3454 3845 sed
3482 3798 3539 3844 et

1961 3889 2215 3945 omnibus
2265 3887 2467 3942 sanctis
2520 3885 2774 3941 Patribus
2842 3885 3184 3938 adversatur.
3243 3881 3538 3938 Ostensum

1963 3980 2128 4054 igitur
2157 3981 2370 4035 ratione
2400 3979 2642 4050 physica,
2695 3977 2996 4033 absurdum
3022 3992 3090 4031 ex
3121 3974 3366 4030 absurdo
3400 3988 3538 4029 con-

1963 4073 2140 4143 sequi.
2167 4069 2287 4125 Jam
2322 4069 2611 4141 proﬂigato
2639 4066 2949 4131 mendacio,
2980 4081 3044 4120 ex
3069 4065 3299 4119 adverso
3331 4062 3537 4118 veritas

1965 4173 2253 4220 statuatur.
2289 4161 2406 4227 Quo
2432 4158 2638 4230 pacto?
2697 4156 2977 4212 Christum
3031 4155 3191 4226 pinge
3229 4154 3321 4208 ubi
3359 4167 3540 4223 opera)

1963 4256 2198 4328 pretium
2235 4253 2401 4308 fuerit
2430 4271 2444 4308 :
2481 4261 2738 4322 tanquam
2776 4250 2952 4320 ipsum
2983 4262 3174 4319 gerens
3202 4245 3537 4302 habitantem

1967 4350 2022 4404 in
2053 4347 2220 4404 corde
2247 4355 2342 4401 tuo
2372 4363 2387 4399 :
2426 4352 2486 4400 ut.
2511 4344 2628 4399 sive
2668 4343 2722 4397 in
2751 4341 2895 4396 libro
2929 4340 3165 4410 legatur,
3196 4338 3312 4394 sive
3342 4352 3538 4392 cerna-

1967 4454 2056 4500 tur
2095 4444 2149 4499 in
2183 4443 2434 4514 pictura;
2490 4449 2752 4511 tanquam
2808 4436 3014 4508 duplici
3073 4451 3239 4492 sensu
3295 4434 3536 4505 agnitus,

282 4528 388 4593 τὰς
418 4529 621 4601 φρένας
658 4531 966 4602 μαθόντος
1014 4532 1151 4604 ὅπερ
1190 4531 1280 4586 διὰ
1312 4533 1472 4602 λόγου
1505 4533 1848 4606 κατηχήθης,

1967 4529 2217 4586 bifariam
2250 4528 2495 4584 animum
2527 4536 2680 4582 tuum
2707 4525 3009 4589 collustret,
3043 4531 3325 4594 expertum
3349 4523 3540 4591 utique

283 4618 448 4672 τοῦτο
469 4619 689 4691 βλέπειν
714 4623 836 4675 κατ’
875 4622 1214 4694 ὀφθαλμούς.
1251 4624 1360 4678 Καί
1385 4642 1448 4694 γε
1487 4628 1544 4680 ὲν
1571 4626 1650 4697 τῷ
1686 4626 1862 4692 οὕτως

286 4707 680 4773 ἀκουτίζεσθαι
717 4711 812 4763 καὶ
857 4712 1110 4783 ὁρᾶσθαι,
1141 4713 1243 4766 οὐκ
1275 4714 1386 4784 ἔχει
1434 4715 1596 4784 φύσιν
1626 4715 1702 4787 μὴ
1739 4716 1866 4787 οὐχὶ

284 4798 609 4866 δοξάζεσθαι
642 4801 799 4866 Θεὸν,
828 4802 922 4856 καὶ
954 4802 1390 4858 κατανύττεσθαι
1446 4805 1736 4878 ἄνθρωπον
1761 4805 1860 4860 εὐ-

289 4892 430 4962 σεϐῆ
457 4909 471 4924 ·
507 4887 568 4946 οὗ
611 4894 667 4948 τί
696 4893 763 4949 ἂν
793 4895 1004 4964 γένοιτο
1041 4897 1552 4970 σωτηριωδέστερον
1598 4898 1694 4952 καὶ
1742 4897 1864 4969 Θεῷ

287 4985 662 5056 εὐπρόσιτον;
703 4987 890 5051 Οὕτως
931 4983 1024 5042 οὖν
1069 4991 1116 5042 οἱ
1157 4990 1439 5062 οὐδαμινοὶ
1488 4990 1720 5062 νοοῦμεν
1765 4993 1866 5045 τά·

288 5077 441 5149 ληθῆ
473 5093 486 5109 ο
524 5080 572 5133 εί
606 5079 703 5133 καί
727 5097 873 5142 τινες
917 5079 1027 5133 τῶν
1057 5081 1163 5154 πρὸ
1187 5081 1346 5152 ἡμῶν
1400 5083 1562 5153 ἱερῶν
1605 5082 1867 5152 Πατέρων

291 5169 502 5241 ἑτέρως
549 5171 889 5244 ὑπειλήφασι
918 5171 980 5225 τὸ
1021 5171 1330 5244 διελεγχθὲν
1384 5173 1702 5246 πρόϐλημα.
1758 5175 1870 5246 Τῆς

1962 4623 2107 4694 quod
2163 4637 2261 4693 per
2290 4633 2604 4696 sermonem
2637 4619 2866 4673 edoctus
2911 4631 2990 4682 es,
3021 4615 3125 4670 hoc
3151 4616 3328 4684 ipsum
3363 4611 3540 4668 oculis

1965 4708 2187 4766 intueri.
2227 4707 2392 4777 Atqui
2429 4722 2552 4762 cum
2584 4707 2664 4762 sic
2697 4705 2912 4760 auditur
2942 4720 3007 4759 ac
3039 4704 3308 4768 cernitur,
3344 4708 3539 4783 natura

1965 4801 2196 4859 omnino
2229 4811 2606 4871 comparatum
2639 4807 2721 4854 est
2745 4806 2804 4854 ut
2831 4807 2886 4854 et
2920 4796 3254 4870 gloriﬁcetur
3287 4794 3452 4860 Deus,
3485 4801 3542 4848 et

1964 4899 2131 4954 homo
2178 4895 2304 4966 pius
2333 4894 2522 4950 dolore
2552 4903 2830 4964 pungatur
2857 4932 2873 4959 ,
2927 4905 3039 4962 quo
3080 4890 3207 4962 quid
3239 4886 3541 4944 salutarius

1966 4989 2084 5044 ﬁeri
2134 4996 2338 5060 potest,
2399 4996 2490 5042 aut
2533 4986 2794 5041 facilioris
2837 4985 2905 5039 ad
2953 4983 3125 5038 Deum
3185 4977 3538 5036 aditus‘ISic

1967 5079 2134 5150 igitur
2165 5094 2264 5132 nos
2292 5077 2475 5147 pusilli
2521 5092 2648 5132 vera
2680 5076 2986 5143 cogitamus
3025 5091 3040 5128 :
3079 5071 3181 5126 etsi
3235 5070 3458 5140 quidam
3509 5084 3543 5125 ε

1968 5172 2174 5229 sanctis
2205 5171 2485 5233 Patribus,
2522 5169 2616 5240 qui
2673 5185 2774 5223 nos
2824 5171 3242 5237 praecesserunt,
3289 5162 3546 5218 confuta-

293 5258 430 5328 γοῦν
466 5262 621 5317 τοῦδε
654 5263 836 5334 φωνῆς
868 5263 1292 5337 περαιωθείσης,
1326 5265 1412 5329 τίς
1449 5265 1600 5337 ὴτοῦ
1642 5266 1855 5336 Ἐπιφαε

1969 5276 2083 5322 tam
2118 5265 2478 5336 quaestionem
2535 5264 2692 5318 aliter
2747 5276 3026 5338 accepere.
3071 5261 3186 5316 liae
3216 5259 3382 5331 igitur
3413 5272 3548 5312 con-

295 5369 418 5405 νιου
445 5353 557 5424 (5);
597 5356 802 5426 Νοήσει
853 5359 886 5428 ή
942 5358 1009 5428 σὴ
1045 5357 1358 5425 θεοσέϐεια,
1394 5359 1444 5410 εί
1485 5357 1702 5428 πρέπον
1753 5359 1855 5411 ἐστ¹

1971 5359 2112 5416 lecta
2161 5358 2308 5413 illius
2345 5359 2639 5422 sententia,
2681 5371 2930 5426 quamam
2999 5353 3174 5410 altera
3255 5347 3546 5423 Epiphanii

301 5445 649 5576 FIoi'i'ollomil.
692 5463 708 5502 ι
742 5446 818 5504 De
841 5449 1010 5506 divite
1037 5461 1090 5506 et
1115 5448 1347 5506 Lazaro.
1421 5451 1466 5482 °'
1509 5449 1664 5505 Ot'al-
1707 5451 1762 5504 ἕη
1795 5449 1855 5506 S-

353 5538 368 5576 ι
453 5557 469 5572 ο

1956 5451 2160 5505 arlaam
2183 5490 2200 5518 ,
2233 5449 2289 5505 in
2316 5449 2444 5506 line.
2521 5449 2566 5482 ⁸³
2590 5447 2634 5504 ll
2659 5447 2788 5504 Cor.
2819 5464 2874 5515 ν,
2911 5446 2998 5502 16.
3075 5446 3122 5479 ⁸⁸
3156 5442 3310 5501 Orat.
3349 5442 3437 5508 ll,
3478 5440 3548 5497 de

1805 5611 2036 5668 NOTAE.

1987 5703 2093 5757 ὑπὸ
2139 5703 2195 5757 δὲ
2241 5702 2338 5758 τοῦ
2386 5702 2544 5771 ἁγίου
2594 5697 3094 5771 Σωφρονίου-μετά
3145 5695 3552 5771 Καρποκλρά-την

2000 5773 2319 5840 Ἐπιφάνιος
2367 5765 2847 5897 ἀναθεὲατίξεται.
2905 5765 3187 5824 sciendum
3239 5765 3393 5849 'quod‘
3421 5765 3552 5837 Epi-

2000 5844 2213 5897 phanius
2248 5861 2279 5897 a
2301 5853 2484 5897 sancto
2568 5841 2838 5897 ninhanio.
2863 5841 3125 5897 Itwreteon
3151 5849 3322 5897 capue
3357 5852 3550 5897 sunt.

1987 5844 2213 5914 phanius
2248 5861 2279 5899 a
2301 5853 2484 5900 sancto
2521 5841 2838 5913 Epiphanio,
2863 5841 3125 5897 Itwreteon
3151 5841 3322 5909 capite
3357 5852 3550 5903 xuttt.

375 5706 539 5778 (3)an
559 5705 686 5778 cod:
707 5705 845 5778 Reg.
874 5701 1126 5778 ad_'0ram
1146 5701 1304 5778 libri:
1329 5700 1526 5778 ’ἰστέον
1547 5702 1625 5766 ὡς
1651 5701 1882 5778 Ἐπᾳίφα-

305 5772 419 5843 νιος
439 5772 558 5830 ’ὐπὸ
589 5776 684 5830 τοῦ
714 5775 872 5843 ἁγίου
905 5772 1338 5843 Ἑπιφανίουεεν
1357 5772 1436 5843 τῷ
1466 5772 1566 5842 λβθ.
1601 5773 1882 5843 κεφαλαίῳ

307 5841 422 5907 τῶν
447 5847 730 5919 αἱρέσεων,
747 5841 1086 5916 Οὐαλεντίνῳ
1105 5843 1199 5898 καὶ
1228 5841 1478 5916 Ἰσιδώρῳ
1504 5841 1879 5899 συντάττεται·
