4054 6364
570 391 710 462 1215

1753 397 1814 459 S.
1856 399 2250 462 THEODORI
2284 402 2628 464 STUDlTrE

3683 393 3826 464 1216

559 503 691 561 est?
719 501 932 560 Viderit
959 499 1138 574 pietas
1167 511 1280 568 tua,
1334 519 1468 559 num
1501 501 1692 561 deceat
1737 504 2017 577 depictum
2045 523 2144 564 co-

2254 511 2380 568 Βεὸν
2409 511 2554 582 ἔχειν
2586 509 2735 581 ἡμᾶς
2775 504 3140 580 ζωγραφητὸν
3184 504 3273 560 διὰ
3314 504 3650 577 χρωμάτων.
3677 507 3826 578 Ὅρα

561 594 774 651 loribus
812 609 914 650 nos
941 593 1140 649 habere
1170 593 1365 650 Deum.
1425 591 1560 650 Vide
1587 610 1754 666 porro
1793 597 2134 654 mendacem.

559 685 681 744 Non
714 687 992 744 Christum
1031 689 1186 754 dixit,
1242 689 1297 744 in
1354 706 1464 760 quo
1513 692 1953 764 circumscriptio
2011 711 2138 750 cum

561 779 1129 850 incircumSCriptione
1165 781 1575 836 demonstratur
1604 801 1618 838 :
1653 785 1734 839 sic
1767 788 1912 840 enim
1939 789 2141 842 utrius-

560 887 666 944 que
709 884 920 930 natura:
947 874 1244 928 declaratiu
1293 873 1386 928 lit:
1433 875 1528 929 sed
1579 875 1748 931 Deum
1802 879 2004 933 habere
2037 894 2140 935 nos

518 957 862 1036 ’depictum,
917 963 1154 1020 Verbum
1213 965 1555 1022 humanitate
1613 985 1824 1025 exuens
1865 986 1931 1024 ex
1964 970 2139 1024 Mani-

560 1057 837 1112 chaeorum
883 1057 1173 1122 sententia,
1225 1072 1289 1113 ac
1337 1058 1506 1113 Deum
1548 1060 1756 1115 nudum
1804 1076 2138 1132 pr0ponens,

561 1157 624 1202 ut
657 1146 1054 1219 propositionis
1121 1149 1463 1205 absurditate
1541 1158 1746 1207 terreat
1801 1154 2138 1208 audientem.

564 1238 655 1294 Sic
679 1237 926 1310 profecto
974 1247 1028 1295 et
1073 1239 1343 1296 visibilem
1404 1241 1573 1298 Deum
1605 1243 1787 1299 dicere
1839 1245 2141 1300 absurdum

562 1340 684 1386 est:
717 1331 990 1402 siquidem
1036 1332 1114 1387 ait
1160 1334 1344 1389 divina
1395 1333 1720 1402 Scriptura:
1777 1335 1943 1392 Deum
1993 1353 2143 1392 nemo

561 1422 692 1480 uidit
707 1440 962 1492 unquam,
979 1433 1034 1478 et
1049 1424 1268 1496 quidem
1294 1427 1592 1498 unigenitus
1619 1426 1819 1492 Filius,
1845 1445 1972 1484 cum
1999 1431 2144 1486 Deus

562 1525 708 1572 esset
739 1524 793 1572 et
816 1527 1152 1581 cerneretur,
1203 1517 1308 1573 hoc
1347 1519 1528 1589 ipsum
1601 1522 1959 1576 enarravit“.
2011 1521 2141 1589 Sed,

562 1609 751 1680 procul
777 1609 966 1676 dubio,
985 1611 1194 1666 nudum
1228 1611 1566 1668 humanitate
1597 1611 1768 1668 Deum
1803 1630 1963 1670 nemo
1986 1615 2142 1674 vidit.

563 1699 834 1768 Quoniam
877 1718 1002 1757 vero
1054 1703 1372 1773 unigenitus
1398 1719 1506 1758 non
1563 1705 1636 1759 ita
1668 1707 1847 1762 nudus
1887 1719 2010 1776 post
2063 1708 2146 1762 in-

564 1796 939 1850 carnationem
967 1812 981 1861 ;
1011 1795 1219 1852 idcirco
1241 1807 1295 1852 et
1317 1797 1669 1868 aspectabilis
1686 1807 1789 1856 est.
1824 1798 1962 1855 llinc
1988 1815 2145 1856 sacer

2244 603 2308 672 δὴ
2345 603 2439 656 τὸν
2483 600 2840 672 ψευδηγὸρον.
2872 599 2948 654 Οὐ
2976 596 3214 668 Χριστὸν
3242 591 3416 662 εἶπεν,
3449 595 3537 667 ἐφ’
3567 587 3613 665 ᾧ
3633 596 3826 668 δηλοῦ-

2244 709 2334 746 ται
2356 695 2389 762 ἡ
2422 691 2742 764 περιγραφὴ
2775 689 2914 762 μετὰ
2940 687 3035 742 τοῦ
3083 687 3504 760 άπεριγράπτου
3533 702 3548 718 ⁶
3585 681 3690 742 ὦδε
3714 689 3826 759 γάρ

2245 784 2354 838 τῶν
2379 784 2659 854 ἑκατέρων
2690 782 2907 852 φύσεων
2941 783 2972 850 ἡ
3005 781 3239 852 δήλωσις
3271 796 3286 812 ο
3321 779 3459 834 ἀλλὰ
3505 780 3641 834 Θεὸν
3680 779 3827 850 ἔχειν

2245 878 2399 947 ἡμᾶς
2455 873 2820 948 ζωγραφητόν
2861 888 2878 904 ·
2927 873 3312 943 ἀπαμφιεννὺς
3363 871 3459 926 τὸν
3505 872 3681 941 Λόγον
3723 872 3827 942 τῆς

2247 965 2670 1037 ἀνθρωπότητος
2700 963 3028 1033 Μανιχαῖκῴ
3059 962 3391 1034 φρονήματι,
3427 961 3524 1016 καὶ
3562 960 3697 1014 Θεὸν
3725 977 3827 1030 γυ.

2249 1060 2382 1130 μνὸν
2425 1060 2746 1131 προτείνας·
2777 1059 2853 1123 ὡς
2901 1057 2970 1112 ἂν
3004 1058 3082 1129 τῷ
3111 1058 3303 1130 ἀτόπῳ
3355 1057 3457 1128 τῆς
3502 1058 3826 1128 προτάσεως

2247 1153 2338 1206 τὸν
2389 1152 2670 1224 ἀκροατὴν
2744 1151 3093 1221 ἐκπλήξειεν.
3150 1151 3308 1205 Οὕτω
3364 1151 3429 1223 δὴ
3478 1153 3573 1204 καὶ
3630 1152 3826 1221 ὁρατὸν

2248 1244 2381 1298 Θεὸν
2424 1246 2602 1298 εἰπεῖν
2639 1246 2872 1298 ἔκτοπον
2904 1260 2918 1274 ο
2952 1243 3111 1316 εῐπερ
3151 1243 3290 1313 cp'qci
3324 1243 3394 1296 τά
3439 1241 3562 1296 θεῖα
3610 1243 3822 1311 Adria-

2251 1333 2400 1388 Θεὸν
2435 1334 2636 1401 οὐδεὶς
2667 1334 2891 1404 ἑώρακε
2917 1334 3155 1388 πώποτε
3189 1349 3203 1363 ⁸
3232 1333 3326 1388 καὶ
3356 1334 3464 1405 μὴν
3509 1337 3545 1388 ό
3575 1351 3858 1406 μονοτετ

2247 1427 2364 1495 νὴς
2389 1428 2520 1494 Υἱὸς
2548 1427 2682 1491 Θεὸς
2717 1427 2794 1480 ὢν
2820 1428 2916 1480 καὶ
2941 1425 3242 1496 ὁρώμενος,
3282 1423 3442 1480 τοῦτο
3472 1425 3784 1498 ἐξηγήσατο
3806 1443 3824 1457 ·

2249 1519 2366 1573 ἀλλ’
2409 1517 2634 1589 εὔδηλον
2667 1519 2750 1572 ὅτι
2783 1517 2989 1588 γυμνὸν
3029 1517 3164 1570 Θεὸν
3196 1517 3620 1588 ἀνθρωπὸτητος
3654 1518 3827 1581 οὐδεὶς

2250 1609 2512 1682 ἑώρακεν.
2561 1609 2716 1662 Ἐπεὶ
2737 1609 2792 1662 δὲ
2819 1611 2848 1662 ὁ
2876 1608 3190 1677 Μονογενὴς
3213 1609 3273 1661 οὐ
3300 1609 3507 1676 γυμνὸς
3541 1609 3684 1680 μετὰ
3731 1611 3828 1679 τὴν

2252 1705 2551 1774 σάρκωσιν,
2575 1701 2664 1755 διὰ
2682 1701 2842 1755 τοῦτο
2860 1701 2956 1756 καὶ
2983 1701 3200 1772 ὁρατός.
3220 1703 3330 1756 Kal.
3355 1701 3618 1772 βεὸόηκεν
3635 1704 3666 1754 6
3688 1703 3826 1774 ἱερὸς

2265 1794 2592 1858 Ἀπόστολος
2620 1813 2632 1824 ο
2665 1795 2810 1860 Θεὸς
2830 1793 3173 1863 ἐφανερώθη
3197 1795 3266 1847 ἐν
3292 1795 3493 1862 σαρκὶ,
3511 1794 3830 1862 ἐδικαιώθη

563 1885 863 1955 Apostolus
899 1887 1140 1943 clamat:
1180 1887 1320 1942 Deus
1349 1889 1722 1958 manifestatus
1754 1898 1832 1944 est
1868 1890 1922 1943 in
1959 1907 2139 1954 carne.

2254 1891 2313 1944 ἐν
2372 1889 2668 1957 πνέυματι
2700 1930 2716 1954 ,
2765 1887 2932 1958 ὤφθη
2981 1887 3264 1959 ἀγγέλοις
3293 1930 3308 1953 ,
3352 1889 3664 1958 ἐκηρύχθη
3752 1890 3822 1943 ὲν

558 1978 894 2048 justi/icatus
933 1989 1006 2032 est
1050 1981 1106 2032 in
1135 1981 1350 2049 spiritu,
1401 1983 1652 2050 apparuit
1703 1983 1924 2053 angelis,
1957 1983 2149 2049 pradi-

565 2081 718 2125 catus
740 2080 816 2125 est
848 2072 903 2124 in
937 2072 1199 2142 gentibus,
1241 2072 1474 2128 creditus
1501 2085 1578 2128 est
1618 2076 1670 2128 in
1693 2076 1908 2140 mundo,
1941 2091 2149 2129 assum-

564 2173 686 2234 ptus
715 2172 791 2218 est
819 2163 872 2217 in
900 2164 1073 2234 gloria
1097 2163 1163 2218 “.
1199 2165 1336 2220 Illud
1367 2165 1556 2236 utique
1579 2167 1636 2219 in
1664 2182 1846 2232 carne,
1907 2167 1960 2220 in
2003 2182 2144 2236 quae

565 2270 784 2326 cunque
805 2257 1183 2312 enuntiatione
1234 2272 1393 2326 aequo
1441 2257 1568 2328 jure
1624 2257 2145 2330 subintelligendum

563 2356 672 2402 est.
701 2347 956 2403 Cohaeret
995 2347 1143 2404 enim
1172 2363 1277 2404 vox
1313 2349 1403 2404 illa
1441 2351 1611 2419 prior,
1657 2365 1766 2403 non
1817 2351 1981 2404 modo
2019 2364 2146 2404 cum

566 2439 1055 2510 subsequentibus.
1097 2439 1192 2496 scd
1231 2452 1286 2494 et
1331 2455 1457 2496 cum
1515 2441 1776 2496 omnibus
1826 2439 2150 2510 incorpora-

567 2530 735 2586 tionis
759 2531 1206 2601 proprietatibus.
1260 2530 1733 2597 Quemadmodum
1773 2531 1941 2601 igitur
1996 2531 2144 2587 Deus

570 2620 955 2678 manilestatus
999 2631 1086 2678 est
1123 2622 1180 2676 in
1210 2637 1412 2688 carne;
1447 2623 1529 2677 sic
1564 2633 1618 2678 et
1669 2623 1724 2676 in
1763 2623 1996 2692 singulis
2025 2638 2150 2694 quae

569 2726 696 2772 sunt
724 2722 852 2772 ante
895 2726 1349 2773 commemorata.
1387 2715 1576 2788 Neque
1608 2717 1756 2772 enim
1795 2726 1990 2772 natura
2020 2717 2144 2783 fert,

571 2816 650 2873 ut,
682 2808 789 2862 nisi
823 2808 1266 2879 subintelligatur
1293 2809 1426 2863 illud
1456 2811 1511 2862 in
1542 2824 1725 2874 carne,
1763 2816 1859 2863 aut
1883 2824 2149 2878 apparue-

571 2901 665 2966 rit,
687 2909 782 2955 aut
817 2910 1120 2971 assumptus
1147 2901 1238 2955 sit.
1271 2899 1353 2955 lta
1393 2900 1643 2956 videlicet
1661 2910 1714 2956 et
1746 2899 1888 2956 lacte
1911 2901 2153 2955 nutritur

2244 1978 2509 2043 ἔθνεσιν,
2527 1979 2852 2046 ἐπιστεύθη
2873 1979 2944 2032 ἐν
2965 1980 3197 2048 κόσμῳ,
3221 1979 3535 2048 ἀνελήφθη
3561 1979 3630 2031 ὲν
3659 1979 3828 2047 δόξῃ.

2245 2072 2319 2127 Τὸ
2343 2069 2438 2125 οὖν
2477 2072 2548 2125 ἐν
2575 2070 2779 2140 σαρκὶ,
2813 2072 2907 2124 ἐπὶ
2947 2072 3100 2143 πάσῃ
3143 2072 3452 2139 ἀποφάνσει
3497 2072 3606 2124 ἀπὸ
3649 2072 3828 2125 κοινοῦ

2243 2163 2500 2236 ληπτέον.
2534 2163 2740 2234 Εἱρμὸς
2767 2163 2878 2234 γάρ
2929 2163 3014 2228 τίς
3065 2165 3215 2217 ἐστιν
3243 2165 3274 2234 ἡ
3324 2163 3518 2234 πρώτη
3551 2163 3734 2234 φωνὴ,
3768 2164 3827 2218 οὗ

2247 2257 2408 2329 μόνον
2434 2259 2556 2320 ταῖς
2586 2255 2787 2328 ἑφεξῆς
2825 2273 2839 2288 ο
2864 2256 3000 2310 ἀλλὰ
3035 2257 3146 2326 γὰρ
3189 2257 3284 2309 καὶ
3337 2257 3545 2321 πάσαις
3575 2260 3704 2320 ταῖς
3734 2257 3835 2328 τῆς

2245 2347 2696 2420 ἐνσωματώσεως
2729 2347 3012 2418 ἰδιότησιν.
3056 2350 3143 2412 Ὠς
3173 2345 3266 2403 οὖν
3292 2351 3322 2402 6
3347 2348 3480 2413 Θεὸς
3502 2349 3828 2422 ἐφανερώθη

2245 2441 2305 2494 ὲν
2341 2443 2526 2513 σαρκὶ,
2560 2442 2658 2494 καὶ
2713 2439 2800 2508 ἐφ’
2829 2440 3048 2512 ἑκάστῳ
3090 2441 3201 2494 τῶν
3252 2442 3687 2514 προειρημένων
3749 2442 3835 2511 (οὐ

2246 2532 2356 2605 γὰρ
2389 2533 2457 2587 ἂν
2496 2533 2613 2604 ἒχοι
2653 2531 2839 2602 φύσιν,
2897 2535 2973 2604 μὴ
3029 2535 3601 2604 προσυπακουομένου
3629 2534 3729 2588 τοῦ
3769 2535 3838 2588 ἐν

2245 2625 2449 2691 σαρκὶ,
2476 2625 2509 2696 ἢ
2539 2625 2820 2696 ὀφθῆναι,
2859 2626 2892 2698 ἢ
2928 2625 3380 2696 ἀναληφθῆναι)
3400 2643 3416 2658 ·
3462 2627 3606 2681 οὕτω
3635 2627 3837 2699 δηλαδὴ

2251 2716 2349 2770 καὶ
2404 2717 2756 2790 γαλουχεῖται
2795 2719 2866 2772 ἐν
2909 2717 3113 2787 σαρκὶ,
3141 2721 3236 2773 καὶ
3277 2719 3583 2791 προκόπτει
3629 2719 3834 2792 ἡλικίᾳ,

2255 2811 2350 2862 καὶ
2384 2808 2593 2880 βαδίζει
2629 2811 2772 2875 ποδὶ,
2806 2813 2900 2865 καὶ
2930 2811 3069 2883 ἱδροῖ
3113 2810 3347 2883 ἀγωνίᾳ,
3383 2813 3479 2867 καὶ
3517 2814 3836 2881 διαλέγεται

2257 2901 2476 2974 γλώττῃ
2507 2916 2523 2934 ο
2556 2904 2654 2956 καὶ
2681 2904 2892 2974 ὅσαπερ
2919 2902 3054 2956 ἄλλα
3079 2902 3178 2974 τῆς
3219 2903 3394 2975 αὐτῆς
3422 2905 3769 2975 συστοιχίας.

572 2994 628 3050 in
660 3009 846 3059 carne,
871 3002 926 3050 et
961 2994 1180 3065 prolicit
1246 3001 1428 3058 actate,
1477 3002 1534 3049 et
1575 2993 1806 3065 pedibus
1849 2993 2113 3060 ambulat,
2175 3003 2228 3048 ct
2267 2995 2321 3048 in
2371 2995 2567 3066 agonia
2613 2996 2795 3062 sudat,
2825 3005 2878 3051 et
2924 2994 3109 3067 lingua
3163 2995 3430 3066 loquitur,
3458 3007 3514 3052 et
3567 3005 3837 3068 quotquot

573 3087 679 3144 alia
702 3095 831 3144 sunt
856 3086 1102 3158 ejusdem
1121 3087 1356 3144 ordinis.

646 3181 776 3238 llaec
807 3197 940 3238 vero
961 3182 1010 3238 si
1040 3181 1123 3238 sic
1162 3183 1386 3248 habent,
1441 3179 1889 3252 quandoquidem
1937 3193 2047 3233 una
2081 3193 2147 3234 ex

2324 3173 2389 3228 Ei
2417 3173 2475 3227 δὲ
2504 3171 2685 3228 ταῦτα
2716 3171 2893 3237 οὕτως
2923 3189 2938 3206 ο
2963 3173 3153 3245 ἐπειδὴ
3185 3173 3246 3228 ἓν
3277 3173 3388 3230 τῶν
3407 3175 3670 3230 ἁπάντων
3701 3175 3841 3230 ἰδιω-

573 3274 832 3330 omnibus
849 3273 1099 3344 corporis
1127 3272 1556 3344 proprietatibus
1589 3269 2028 3342 circumscriptio
2043 3279 2150 3337 εει,

577 3363 933 3420 manifestum
979 3373 1063 3420 est
1108 3374 1164 3420 et
1214 3365 1593 3421 circumscribi
1633 3363 1805 3418 Deum
1846 3363 1906 3418 in
1962 3378 2152 3429 carne,

577 3459 695 3512 sive
726 3457 1008 3513 coloribus
1044 3457 1422 3523 adumbretur,
1459 3473 1556 3512 seu
1586 3457 1786 3527 quovis
1808 3455 1920 3510 alio
1963 3455 2151 3512 modo.

577 3547 621 3603 Ε
650 3549 868 3605 duobus
896 3549 1042 3603 enim
1077 3549 1309 3604 alterum
1344 3549 1571 3604 omnino
1627 3548 2002 3604 necessarium
2049 3556 2152 3602 est.

580 3639 641 3696 Si
673 3641 828 3697 visus
860 3648 944 3696 est
969 3641 1021 3695 in
1051 3656 1238 3708 carne,
1260 3651 1313 3697 et
1337 3642 1392 3696 in
1437 3656 1602 3697 carne
1631 3633 2110 3696 circumscribitur
2138 3657 2153 3694 :

577 3733 850 3803 siquidem
895 3733 1012 3789 haec
1062 3743 1294 3804 cognata
1332 3742 1460 3788 sunt
1505 3733 1657 3792 inter
1693 3748 1773 3800 se,
1823 3742 1879 3789 et
1920 3732 2156 3788 alterum

579 3825 810 3882 alterius
837 3839 1026 3881 causa.
1065 3823 1122 3879 Si
1159 3824 1346 3895 itaque
1380 3826 1654 3894 posterius
1688 3841 1876 3881 verum
1914 3841 2023 3880 non
2050 3833 2153 3891 est,

579 3927 729 3973 certe
761 3932 861 3974 nec
894 3917 1087 3988 prius:
1126 3919 1275 3989 atqui
1307 3934 1496 3974 verum
1532 3920 1727 3989 prius:
1766 3919 1933 3990 igitur
1966 3927 2021 3973 et
2058 3933 2194 3988 po--

580 4009 802 4066 sterius.
841 4008 936 4065 Sic
961 4019 1016 4066 et
1042 4009 1199 4080 juxta
1229 4009 1444 4067 divinas
1479 4011 1729 4082 paginas,
1761 4021 1814 4065 et
1845 4012 2149 4066 secundum

580 4103 863 4173 vulgarem
895 4102 1260 4158 ratiocinandi
1287 4102 1534 4168 modum,
1572 4101 1888 4174 insipientis
1927 4111 2012 4158 est
2047 4118 2157 4158 non

579 4194 832 4252 conﬁteri
883 4194 1055 4251 Deum
1089 4195 1146 4251 in
1173 4209 1338 4251 carne
1371 4196 1540 4267 pingi,
1607 4195 1879 4267 siquidem
1929 4196 2080 4252 visus
2104 4195 2159 4250 in

581 4302 750 4342 carne
780 4295 886 4343 est.
934 4286 1139 4344 Deinde
1183 4287 1292 4342 alio
1341 4287 1397 4342 in
1446 4287 1568 4344 loco
1605 4285 1692 4342 vir
1739 4297 1996 4344 strenuus
2043 4287 2158 4343 ait:

589 4397 608 4432 ι
642 4377 839 4434 Audivi
876 4379 1140 4451 quosdam
1171 4379 1364 4450 jubere
1399 4379 2015 4450 incomprehensibilem
2063 4378 2160 4434 Dei

2256 3267 2553 3341 μάτωντοῦ
2579 3266 2832 3337 σώματος
2853 3268 2948 3320 καὶ
2969 3269 3003 3339 ή
3031 3269 3372 3340 περιγραφὴ,
3399 3268 3628 3340 εὔδηλον
3639 3271 3727 3323 ὅτι
3749 3271 3840 3323 καὶ

2253 3361 2660 3432 περιγράφεται
2684 3358 2820 3422 Θεὸς
2865 3365 2923 3415 ἐν
2952 3361 3140 3432 σαρκὶ,
3163 3362 3275 3415 εἴτε
3301 3362 3839 3433 χρωματουργικῶς,

2254 3457 2351 3512 εἴτ’
2378 3452 2472 3510 οὖν
2487 3455 3050 3527 ὲτεροτρόπως.Δυοίν
3074 3456 3184 3528 γὰρ
3201 3457 3486 3528 ἑκάτερον,
3509 3459 3664 3512 πᾶσα
3679 3458 3842 3528 ἀνάγ-

2255 3568 2348 3622 κη.
2380 3549 2445 3602 El.
2464 3541 2644 3602 ὦπται
2674 3548 2732 3600 ὲν
2761 3547 2926 3619 σαρκὶ
2947 3588 2962 3614 ,
2986 3549 3081 3602 καὶ
3125 3550 3530 3620 περιγράφεται
3543 3551 3602 3604 ὲν
3631 3552 3800 3623 σαρκί
3819 3565 3837 3583 ⁸

2257 3645 2486 3716 ἐπείπερ
2505 3644 2566 3699 σύ
2574 3658 2787 3713 στοιχον
2799 3643 2895 3696 καὶ
2907 3640 3254 3713 ἀλληλαίτιον
3266 3643 3528 3714 ἑκάτερον
3549 3645 3838 3716 ἑκατέρου,

2259 3734 2444 3793 Εἰοῦν
2481 3738 2556 3809 μὴ
2588 3735 2652 3789 τὸ
2701 3734 2955 3804 δεύτερον
3004 3732 3228 3802 ἀληθὲς,
3277 3733 3388 3787 οὐδ’
3417 3735 3527 3807 ἄρα
3572 3735 3636 3788 τὸ
3687 3736 3839 3806 πρῶ-

2256 3850 2367 3886 τον.
2398 3831 2561 3884 Ἀλλά
2593 3828 2698 3901 μὴν
2713 3828 2775 3882 τὸ
2790 3826 3003 3898 πρῶτον
3019 3824 3218 3895 ἀληθές
3239 3841 3253 3856 ο
3279 3825 3479 3880 οὐκοῦν
3510 3827 3687 3880 καὶτὸ
3718 3827 3841 3881 δεύ-

2257 3943 2437 3995 τερον.
2453 3923 2612 3978 Οὕτω
2641 3923 2737 3976 καὶ
2762 3920 2903 3975 κατὰ
2923 3920 2991 3974 τὰ
3013 3919 3134 3974 θεῖα
3157 3919 3352 3989 Λόγια,
3378 3920 3473 3973 καὶ
3501 3920 3648 3974 κατὰ
3668 3920 3842 3974 κοινὸν

2262 4014 2641 4084 συλλογισμὸν,
2665 4012 2873 4083 ἠλίθιον
2905 4011 2967 4064 τὸ
3016 4009 3091 4082 μὴ
3139 4010 3427 4082 ὁμολογεῖν
3464 4010 3602 4064 Θεὸν
3636 4012 3841 4083 ἐγγρά-

2261 4105 2455 4177 φεσθαι
2487 4107 2544 4159 ἐν
2577 4105 2766 4174 σαρκὶ,
2803 4102 2962 4174 ετπερ
2990 4096 3173 4158 ὦπται
3205 4103 3263 4156 ὲν
3295 4101 3463 4174 σαρκί
3494 4117 3510 4132 ·
3560 4103 3716 4157 Ἐπεὶ
3745 4105 3842 4158 καὶ

2261 4197 2489 4270 ἑτέρωθι
2519 4199 2548 4251 6
2590 4197 2853 4267 γεννάδας
2879 4197 3076 4269 φησιν’
3117 4214 3136 4250 ι
3194 4195 3445 4250 Ἤκουσα
3493 4197 3579 4250 ὅτι
3627 4198 3842 4250 καὶτὸν

2261 4289 2650 4362 ἀκατάληπτον
2686 4288 2815 4344 Υἰὸν
2839 4287 2932 4342 τοῦ
2952 4287 3089 4342 Θεοῦ
3121 4306 3270 4353 τινες
3308 4288 3545 4360 γράφειν
3567 4289 3844 4358 ἐπαγγέλ-

2259 4382 2468 4436 λονται.
2521 4379 2717 4453 Φρίξαι
2750 4381 2844 4434 ἐπὶ
2887 4380 2983 4434 τοῦ
3026 4381 3285 4436 ἀκοῦσαι.
3325 4400 3346 4433 ι
3380 4382 3478 4445 Τίς
3533 4380 3670 4450 γοῦν
3719 4380 3843 4434 νοῦν

584 4470 784 4530 Filium
803 4471 976 4544 pingi.
1001 4472 1139 4528 Cum
1175 4472 1317 4528 istud
1349 4471 1524 4538 audis,
1559 4472 1910 4528 exhorresce.
1942 4490 1963 4525 ι
2022 4472 2152 4540 Quis

2265 4473 2406 4545 ἔχων
2450 4475 2553 4527 οὐκ
2603 4473 2948 4542 ὲπιγελάοειε
2993 4472 3084 4525 τὸν
3147 4475 3565 4544 ματαιόερρονα;
3608 4477 3845 4532 Οὑτίποιι

529 4566 531 4568 ’
585 4563 770 4636 itaque
798 4579 946 4620 sana:
974 4565 1172 4620 mentis
1216 4563 1576 4633 desipientem
1607 4580 1718 4619 non
1781 4565 1992 4620 rideatl
2034 4563 2152 4621 Non

2260 4567 2471 4636 ἀνέγνω
2500 4607 2514 4630 ,
2548 4566 2631 4620 ὅτι
2657 4565 3006 4621 Συνέλαόον
3035 4565 3143 4618 τὸν
3183 4565 3448 4634 Ἰησοῦν,
3472 4567 3574 4621 καὶ
3613 4568 3844 4638 ἔδησαν

585 4655 714 4730 legit
743 4654 950 4725 utique,
979 4653 1124 4724 quod
1151 4652 1655 4723 comprehenderunt
1683 4651 1889 4718 Iesum,
1935 4663 1986 4708 et
2013 4653 2154 4724 ligao

595 4733 780 4802 verunt
833 4763 949 4801 cum
978 4761 998 4810 ;
1029 4757 1077 4800 et
1133 4745 1474 4800 adduxerunt
1525 4761 1642 4800 eum
1680 4745 1752 4799 ad
1802 4747 2010 4798 Annam
2057 4747 2172 4815 pri-

587 4853 732 4897 mum
765 4837 833 4905 ",
872 4837 1169 4908 principem
1210 4836 1603 4892 sacerdotum?
1633 4835 1700 4890 Et
1747 4837 1878 4892 alibi
1905 4853 2168 4892 rursum:

589 4931 912 5000 Acceperunt
937 4946 1060 5002 ergo
1087 4945 1276 4999 corpus
1303 4927 1454 4994 Jesu,
1487 4937 1535 4984 et
1569 4928 1862 5000 ligaverunt
1894 4927 2031 4985 illud
2062 4929 2169 4983 lin-

590 5021 689 5082 teis
721 5036 842 5075 cum
889 5022 1216 5076 aromatibus
1245 5020 1341 5075 "‘2
1389 5019 1588 5075 Annon
1647 5022 1941 5076 conliletur
1996 5021 2166 5076 Deum

588 5127 712 5169 esse
739 5109 927 5168 Jesum
955 5113 978 5166 ’ἓ
1007 5113 1064 5166 Si
1101 5113 1246 5168 Deus
1277 5112 1464 5184 igitur,
1497 5112 1779 5185 quomodo
1819 5115 1866 5170 is
1891 5113 1983 5184 qui
2014 5129 2166 5169 com-

590 5203 852 5276 prehendi
893 5205 1103 5276 nequit,
1139 5205 1567 5276 comprehensus
1594 5215 1680 5262 est
1708 5222 1774 5260 ac
1821 5207 2017 5278 ligatus
2062 5206 2168 5261 nisi

592 5294 881 5358 manifeste
915 5298 968 5352 in
992 5313 1178 5362 carne,
1211 5296 1673 5369 quemadmodum
1732 5299 2172 5370 sapientissimus

590 5387 798 5452 Paulus
827 5388 1117 5446 confessus
1147 5390 1275 5445 est?
1314 5388 1483 5446 Sileat
1521 5391 1685 5462 igitur
1714 5389 1904 5446 furens
1932 5390 1985 5444 in
2014 5389 2176 5444 Chri-

593 5490 741 5542 stum
777 5471 835 5538 et
873 5481 964 5538 hic
1011 5481 1414 5537 fraudulentus.
1449 5479 1637 5537 Sicubi
1676 5497 1807 5536 vero
1859 5480 2045 5536 audiat
2077 5481 2178 5534 ha-.

2263 4658 2470 4722 αὑτὸν,
2501 4657 2600 4713 καὶ
2647 4657 2966 4728 ἀπήγαγον
3017 4659 3206 4712 αὑτὸν
3237 4659 3388 4728 πρὸς
3435 4661 3658 4715 Ἅνναν
3689 4659 3843 4730 πρῶ·

2268 4767 2398 4817 τον,
2429 4749 2521 4804 τὸν
2561 4749 2866 4821 ἀρχιερέα;
2915 4749 3024 4803 Καὶ
3081 4750 3312 4822 ἑτέρωθι
3353 4751 3522 4805 πάλιν
3546 4770 3560 4782 ·
3591 4754 3848 4808 Ἔλασον

2268 4836 2384 4896 οὖν
2419 4839 2486 4894 τὸ
2543 4837 2716 4909 σῶμα
2758 4837 2866 4892 τοῦ
2902 4837 3107 4906 Ἰησοῦ
3140 4855 3154 4869 ·
3188 4839 3288 4893 καὶ
3331 4837 3570 4906 ἔδησαν
3597 4841 3751 4894 αὐτὸ
3780 4841 3846 4893 ἐν

2268 4930 2530 4997 ὀθονίοις.
2562 4931 2714 4999 μετὰ
2757 4926 2880 4982 τῶν
2911 4928 3236 4999 ἀρωμάτων
3252 4945 3272 4994 ;
3300 4931 3414 5000 οὐχ
3429 4930 3689 5001 ὁμολογεῖ
3714 4930 3845 4984 Θεὸν

2265 5024 2358 5076 τὸν
2405 5021 2644 5093 Ἰησοῦνς
2675 5022 2738 5080 Εἰ
2770 5021 2906 5086 Θεὸς
2926 5020 3042 5085 οὖν,
3073 5020 3192 5086 πῶς
3235 5024 3264 5076 6
3290 5023 3685 5094 ἀκατάληπτος
3717 5023 3841 5092 ἐλή-

2267 5113 2376 5192 φθη
2418 5114 2516 5168 καὶ
2543 5113 2721 5184 ἐδέθη,
2754 5114 2788 5187 ἢ
2817 5113 2979 5186 δῆλον
3004 5115 3087 5168 ὃτι
3125 5116 3183 5167 ὲν
3239 5116 3422 5185 σαρκὶ,
3456 5115 3606 5169 καθά
3637 5114 3842 5186 ὡμολό-

2266 5225 2438 5280 γησεν
2457 5208 2487 5261 6
2518 5209 2795 5276 nﬁvco'poc
2820 5206 3033 5272 Παῦλος
3054 5225 3069 5274 ;
3106 5206 3324 5278 Σιγάτω
3353 5204 3447 5263 οὖν
3468 5209 3682 5264 λυττῶν
3703 5206 3842 5262 κατά

2268 5300 2504 5372 Χριστοῦ
2537 5301 2632 5355 καὶ
2663 5295 2818 5364 οὗτος
2846 5302 2874 5356 6
2906 5300 3128 5366 πλάνος.
3170 5301 3296 5358 Ἐὰν
3322 5301 3380 5354 δέ
3410 5320 3514 5356 που
3560 5301 3840 5373 ἀκούσειεν

2269 5391 2354 5445 δτι
2396 5389 2488 5444 καὶ
2533 5389 2848 5464 ἐσθιόμενον
2871 5390 3072 5462 ἔχομεν
3111 5391 3265 5460 Θεὸν,
3295 5393 3436 5463 τάχα
3470 5392 3539 5447 ἂν
3590 5393 3652 5447 οὐ
3685 5392 3840 5462 μόνον

2273 5482 2478 5555 φρίξοι,
2502 5483 2642 5538 ἀλλὰ
2673 5485 2767 5547 καὶ
2795 5483 3180 5558 διαρῤηχθείη,
3234 5484 3312 5556 μὴ
3356 5487 3546 5559 φέρων
3594 5487 3659 5540 τὸ
3684 5487 3839 5543 axon-

665 5620 711 5653 “
738 5621 898 5678 toan.
933 5637 974 5688 ι.
1007 5620 1097 5678 ll.
1172 5621 1218 5653 ‘°
1249 5619 1436 5674 l'l‘im.
1471 5635 1554 5686 ιιι,
1587 5617 1674 5674 l6.
1750 5619 1794 5651 "
1832 5616 1991 5675 Joan.
2024 5633 2152 5684 xvn,

2254 5621 2280 5673 ι.
2358 5619 2404 5652 ⁸³
2429 5616 2592 5674 Joan.
2617 5635 2733 5685 xxx,
2761 5620 2850 5676 40.

599 5775 719 5887 cupi
784 5757 1064 5820 Valentino
1118 5770 1168 5816 ει
1216 5759 1428 5816 Isidoro
1487 5758 1828 5835 conjungitur
1893 5775 1913 5814 :

603 5846 666 5887 att
696 5847 779 5887 ll“.

603 5846 779 5898 ξαιιιτ.

1977 5777 2008 5815 ιι
2058 5768 2240 5815 sancta
2279 5767 2454 5815 autem
2525 5757 2822 5830 Sophronia
2893 5768 3012 5831 post
3071 5756 3451 5828 Carpocratent
3501 5748 3846 5857 anathemati-
