4054 6364
260 367 401 435 1217

1444 371 1977 434 EPISTOLABUM
2018 368 2166 431 LIB.
2230 370 2316 430 Ῑῐ.

3366 364 3505 430 1218

256 499 395 554 σμα.
438 483 601 537 Ἀλλὰ
652 485 706 538 τί
753 502 917 555 φησιν
943 487 973 540 6
1043 487 1314 559 Χριστόςς
1349 488 1457 542 Kal
1508 491 1541 542 ὁ
1586 487 1829 558 τρώγων

1936 487 2061 543 bere
2116 501 2215 541 nos
2271 484 2437 538 Deum
2490 497 2651 553 quem
2703 482 3118 548 manducemus,
3178 480 3322 537 forte
3389 498 3499 540 non

249 592 351 646 με,
391 575 671 642 κάκεῖνος
720 576 960 645 ζήσεται
979 577 1053 632 δι’
1086 580 1212 647 ἐμέ.
1255 580 1369 633 Οὐκ
1421 579 1488 634 ἂν
1542 580 1599 635 δὲ
1654 581 1831 645 ἄλλως

258 665 497 737 βρωθείη
526 668 575 720 εἰ
616 665 690 738 μὴ
724 668 783 720 ὲν
814 670 1000 741 σαρκί.
1061 670 1171 723 Kal.
1208 669 1317 741 γὰρ
1358 673 1386 725 6
1430 672 1665 742 Χριστὸς
1693 671 1829 741 ὁμοῦ

255 758 391 821 Θεὸς
418 759 511 812 καὶ
539 757 827 830 ἄνθρωπος
856 760 1059 823 τέλειος
1083 762 1365 833 ὑπάρχων,
1397 763 1663 835 ὁπότερον
1700 764 1825 819 καθ’

255 849 522 919 ἑκάτερον
545 849 653 902 τῶν
685 850 743 917 ἐξ
787 843 862 904 ὧν
916 852 1174 924 συνετέθη
1210 852 1424 920 φύσεων
1461 854 1783 925 ὀνομάζοιτο
1810 871 1829 888 ⁸

255 940 353 994 καὶ
406 939 530 993 καθ’
580 941 842 1013 ἑκάτερον
874 940 1077 1013 κυρίως
1127 945 1416 1014 νοούμενος
1456 946 1670 1016 λέγοιτο
1695 962 1710 978 ο
1766 947 1830 1000 οὐ

253 1029 361 1097 τῆς
397 1028 626 1100 θατέρου
655 1030 1008 1101 ἰδιότητοςλὲν
1045 1032 1122 1103 τῷ
1154 1034 1424 1107 μοναδικῷ
1453 1037 1553 1108 τῆς
1588 1039 1830 1091 ὑποστά-

257 1140 401 1188 σεως
434 1124 765 1197 μειουμένης
793 1126 826 1198 ἢ
866 1129 1312 1199 συμφυρομένης.

329 1382 442 1435 Kal.
475 1382 683 1453 μάρτυς
724 1384 818 1438 τοῦ
865 1385 1027 1454 λόγου
1064 1387 1230 1452 αὐτὸς
1275 1391 1303 1443 ὁ
1329 1389 1461 1453 Θεὸς
1500 1390 1596 1445 καὶ
1634 1392 1828 1461 Λόγος,

256 1472 335 1542 πῆ
366 1472 463 1542 μὲν
484 1472 659 1541 λέγων
683 1489 699 1506 ⁶
738 1475 804 1529 Τί
835 1495 913 1545 με
957 1477 1177 1545 ζητεῖτε
1217 1480 1584 1547 ἀποκτεῖναι,
1613 1483 1835 1552 ἅνθρω-

257 1580 378 1617 nor
414 1565 483 1632 ὃς
525 1566 641 1634 τὴν
692 1568 983 1637 ἀλήθειαν
1010 1573 1157 1641 ὑμῖν
1186 1572 1542 1642 λελάληκας
1575 1576 1833 1645 Καίτοιγε

254 1655 288 1708 6
337 1653 511 1723 λέγων
565 1657 660 1710 καὶ
705 1657 839 1723 Θεὸς
894 1660 1159 1725 ἀθάνατος
1204 1658 1293 1734 ἦν.
1331 1664 1413 1735 Ili;
1461 1665 1518 1718 δὲ
1570 1665 1828 1735 φάσκων*

261 1763 285 1797 ι
334 1746 523 1817 Ὑμεῖς
548 1747 739 1817 λέγετε
764 1788 780 1814 ,
823 1750 903 1805 ὄτι
958 1752 1329 1824 Βλασφημεῖς·
1352 1756 1435 1808 ὅτι
1479 1751 1666 1809 εἷπον·
1707 1758 1833 1819 Υἱὸς

1933 578 2098 635 modo
2143 578 2191 633 is
2247 576 2621 639 exhorrescat,
2681 574 2776 630 sed
2837 575 3231 644 disrumpetur,
3294 574 3507 631 dictum

1932 686 2045 727 non
2082 669 2287 725 ferens.
2331 668 2433 723 Sed
2465 669 2594 739 quid
2619 668 2873 723 Christus
2898 668 2974 723 ait
3002 668 3025 721 ἰ
3065 666 3133 721 Et
3161 668 3254 738 qui
3280 667 3507 722 mandu-

1933 772 2019 819 cat
2058 776 2157 828 me,
2188 771 2237 816 et
2270 762 2381 831 ipse
2409 761 2542 816 vivet
2561 769 2776 831 propter
2805 776 2886 815 me
2910 760 2975 815 θ’.
3009 758 3115 815 Nec
3162 774 3292 815 vero
3345 760 3505 817 aliter

1934 854 2363 908 manducaretur
2389 851 2496 906 nisi
2529 852 2585 906 in
2624 866 2811 907 carne.
2845 850 3059 906 Etenim
3109 851 3360 906 Christus
3382 867 3507 907 cum

1932 945 2096 1001 simul
2128 944 2271 1000 Deus
2305 944 2379 1000 sit
2407 951 2462 999 et
2485 944 2623 998 idem
2653 944 2819 998 homo
2849 941 3145 1013 perfectus,
3192 943 3509 999 utrumlibet

1932 1038 2228 1092 secundum
2265 1036 2608 1101 alterutram,
2662 1050 2729 1089 ex
2769 1035 2835 1091 iis
2876 1038 3086 1093 naturis
3145 1037 3348 1107 quibus
3375 1053 3511 1092 cono

1932 1137 2059 1190 Stat,
2114 1127 2397 1197 appellari,
2452 1136 2506 1181 et
2540 1126 2834 1181 secundum
2890 1126 3210 1183 alterutram
3275 1128 3500 1198 proprie

1931 1227 2208 1286 spectatus
2231 1217 2336 1272 dici
2388 1225 2588 1287 potest,
2628 1226 2822 1271 neutra
2854 1217 3190 1286 pr0prietate
3224 1217 3284 1272 in
3314 1219 3507 1288 singu-

1931 1307 2147 1362 laritate
2196 1320 2446 1377 personae
2502 1305 2586 1361 vel
2621 1305 2890 1359 diminuta
2943 1307 3029 1361 vel
3079 1308 3397 1361 commista.

2001 1396 2069 1451 Ει
2094 1398 2245 1452 testis
2271 1396 2490 1466 quidem
2534 1394 2699 1465 hujus
2747 1398 3031 1451 sententias
3076 1395 3219 1451 Deus
3251 1396 3391 1450 idem
3444 1410 3511 1451 ac

1937 1490 2193 1553 Verbum,
2222 1490 2419 1545 alicubi
2461 1489 2691 1544 dicens:
2733 1487 2874 1553 Quid
2908 1505 2988 1542 me
3033 1489 3272 1559 quaeritis
3299 1488 3509 1557 interﬁ-

1931 1594 2064 1645 cere,
2092 1579 2352 1631 hominem
2367 1578 2457 1646 qui
2485 1578 2753 1630 veritatem
2775 1578 2917 1630 vobis
2945 1576 3147 1632 locutus
3178 1594 3295 1632 sum
3323 1577 3413 1629 ὀἳ
3445 1578 3511 1631 Et

1931 1667 2025 1736 qui
2064 1667 2179 1721 haec
2222 1676 2405 1720 tamen
2436 1666 2595 1728 dixit,
2635 1665 2776 1719 Deus
2806 1666 2970 1720 etiam
3019 1666 3348 1720 immortalis
3382 1664 3507 1720 fuit.

1930 1757 2072 1810 Alibi
2118 1771 2247 1811 vero
2300 1757 2488 1813 aiens:
2528 1752 2631 1810 Vos
2672 1756 2850 1809 dicitis
2876 1793 2892 1818 ,
2948 1756 3072 1826 quia
3118 1755 3448 1824 blasphemas
3480 1795 3498 1820 ,

254 1837 353 1892 τοῦ
411 1838 544 1892 Θεοῦ
606 1842 745 1910 εἰμι.
800 1861 819 1894 ι
884 1844 994 1897 Kal
1055 1844 1160 1916 μὴν
1214 1848 1243 1900 6
1300 1847 1500 1910 εἰπὼν,
1574 1849 1668 1902 καὶ
1726 1850 1832 1913 υίὸς

1940 1848 2064 1917 quia
2110 1846 2266 1900 dixi:
2296 1844 2474 1900 Filius
2524 1845 2621 1899 Dei
2670 1862 2786 1899 sum
2818 1846 2865 1878 '”
2899 1844 3005 1899 .Et
3032 1860 3165 1899 sane
3217 1859 3343 1906 cum
3394 1846 3511 1899 haec

256 1928 547 1999 ἀνθρώπου
593 1928 682 2004 ἦν.
715 1932 872 1987 Οὕτω
911 1934 972 1988 τὸ
1022 1936 1265 2004 πεφυκὸς
1313 1938 1573 2008 ἐκατέρου
1632 1940 1832 2009 ὀνόμα-

254 2035 350 2082 τος
415 2019 617 2092 θατέρᾳ
673 2020 829 2091 φύσει
868 2022 1237 2094 ἀπονέμοντες
1300 2026 1522 2080 οὑτίπου
1568 2028 1832 2097 διασφαλ-

253 2110 483 2181 λόμεθα.
522 2112 678 2168 Ἐπεὶ
718 2114 775 2167 δὲ
803 2115 898 2169 καὶ
930 2116 1088 2170 τοῦδε
1119 2118 1272 2182 τέλος
1302 2119 1524 2190 εἴληφεν
1565 2123 1598 2189 ή
1658 2121 1830 2192 φωνὴ,

254 2202 344 2266 τίς
384 2204 416 2273 ἠ
466 2203 721 2259 Θεοδότου
780 2206 896 2277 (4);
932 2225 952 2259 ι
1014 2208 1128 2272 Τὰς
1168 2210 1279 2262 τῶν
1326 2210 1498 2279 ἁγίων
1547 2212 1689 2276 ἰδέας
1732 2213 1833 2267 οὐκ

255 2295 321 2348 ἐν
368 2297 570 2351 εἰκόσιν
618 2297 880 2363 ὲξύλικῶν
924 2300 1230 2371 χρωμάτων
1276 2303 1381 2357 ἀνα
1422 2304 1662 2375 μορφοῦν
1692 2323 1831 2376 παρ-

261 2388 566 2459 ειλήφαμεν
592 2407 608 2421 ·
652 2391 790 2445 ἀλλὰ
861 2392 960 2456 τάς
996 2393 1200 2448 τούτων
1252 2395 1454 2466 ἀρετὰς
1493 2396 1583 2453 διὰ
1627 2397 1735 2451 τῶν
1774 2400 1831 2450 ἐν

256 2480 503 2549 Γραφαῖς
565 2483 693 2553 περὶ
739 2483 919 2537 αὐτῶν
974 2485 1337 2557 δηλουμένων,
1373 2483 1483 2541 οἷόν
1533 2506 1684 2552 τινας
1730 2490 1831 2558 ἐμ-

254 2571 464 2642 ψύχους
493 2573 711 2638 εἰκόνας
739 2576 1146 2646 ἁναμάττεσθαι
1185 2578 1545 2648 δεδιδάγμεθα
1573 2596 1588 2611 °
1617 2582 1681 2633 ὲκ
1711 2578 1832 2633 τού-

257 2682 357 2719 του
405 2664 541 2736 πρὸς
578 2665 671 2719 τὸν
713 2667 901 2738 ὅμοιον
962 2669 1146 2733 αὐτοῖς
1202 2670 1595 2742 διεγειρόμενοι
1642 2670 1826 2741 ζῆλον.

271 2758 432 2812 Ἐπεὶ
487 2760 801 2815 εἰπάτωσαν
860 2762 911 2814 οἰ
970 2761 1071 2826 τὰς
1123 2763 1337 2816 τοιάσδε
1402 2764 1829 2837 ἀναστηλοῦντες

263 2847 501 2921 μορφὰς,
536 2851 697 2914 ποίας
732 2852 841 2922 ἄρα
876 2853 941 2905 ὲκ
977 2852 1185 2906 τούτων
1210 2853 1651 2908 καταπολαύοιεν
1683 2855 1829 2925 ὠφε-

260 2939 415 3003 λείας
442 2957 455 2972 ·
483 2941 516 3012 ἢ
563 2943 621 2993 ἐν
660 2942 788 3013 ποίᾳ
817 2941 905 2996 διὰ
931 2941 1032 3012 τῆς
1072 2944 1277 2996 τούτων
1310 2944 1668 3014 ἀναμνήσεως
1692 2946 1826 3000 ἀνά·

260 3047 455 3101 γονται
491 3037 839 3106 πνευματικῇ
890 3033 1114 3106 θεωρίᾳ.
1155 3034 1295 3088 Ἀλλ’
1337 3032 1561 3107 εὔδηλον
1590 3035 1666 3100 ὡς
1726 3054 1830 3106 μα-

259 3124 392 3178 ταία
422 3126 695 3197 ἡτοιαύτη
741 3126 977 3189 ἐπίνοια,
1039 3125 1136 3179 καὶ
1178 3125 1492 3198 διαβολικῆς
1544 3126 1829 3198 μεθοδείας

1938 1937 2161 2001 diceret,
2204 1937 2347 1990 iilius
2380 1938 2543 1990 etiam
2598 1934 2836 1990 hominis
2867 1935 2991 1989 fuit.
3025 1932 3114 1989 Sic
3174 1932 3319 2003 quod
3378 1948 3508 2003 pro-

1938 2028 2118 2098 prium
2144 2037 2229 2085 est
2256 2028 2574 2084 alterutrius
2609 2027 2990 2098 appellationis
3018 2026 3264 2082 alterutri
3299 2035 3509 2080 natura

1937 2119 2258 2185 tribuentes,
2290 2133 2322 2172 a
2382 2133 2511 2172 vero
2548 2117 2866 2187 neutiquam
2912 2116 3249 2171 aberramus.
3280 2114 3509 2181 Quando

1939 2220 2117 2265 autem
2154 2218 2209 2265 et
2241 2209 2402 2280 hujus
2454 2223 2557 2263 vox
2588 2208 2748 2264 ﬁnem
2813 2212 3044 2279 accepit,
3072 2208 3188 2278 jam
3237 2206 3507 2262 Theodoti

1938 2319 2184 2372 qureuam
2216 2302 2345 2357 est?
2372 2320 2391 2353 ι
2426 2300 2752 2356 Sanctorum
2785 2301 2936 2356 ideas
2965 2302 3145 2355 nonin
3178 2300 3507 2370 imaginibus

1936 2410 2001 2449 ex
2064 2395 2271 2450 crassis
2330 2394 2608 2450 coloribus
2657 2391 2964 2448 informare
3025 2393 3378 2462 accepimus,
3412 2390 3504 2446 sed

1935 2490 2250 2543 eorumdem
2274 2487 2500 2541 virtutes
2534 2502 2628 2557 per
2651 2500 2716 2541 ea
2745 2500 2867 2556 qua!
2899 2486 2966 2540 de
2992 2485 3127 2554 ipsis
3161 2485 3507 2539 declarantur

1936 2580 1991 2634 in
2022 2580 2197 2634 sacris
2229 2577 2547 2647 Scripturis,
2580 2578 2735 2648 quasi
2778 2581 3045 2648 quasdam
3069 2576 3341 2630 animatas
3368 2575 3509 2629 ima-

1935 2670 2089 2740 gines
2120 2670 2425 2739 exprimere
2453 2670 2631 2723 edocti
2701 2682 2913 2733 sumus,
2947 2682 3014 2722 ex
3043 2680 3153 2737 quo
3208 2666 3325 2736 pari
3379 2680 3504 2719 cum

1935 2761 2068 2831 ipsis
2114 2760 2295 2817 studio
2328 2761 2638 2815 incitamur.
2671 2758 2863 2814 Dicant
2890 2758 3082 2813 deinde
3106 2757 3199 2826 qui
3236 2756 3369 2811 tales
3389 2755 3505 2809 ior-

1935 2867 2149 2906 marum
2179 2850 2382 2921 eiligies
2406 2851 2640 2921 erigunt,
2669 2864 2833 2920 quem
2870 2865 2936 2904 ex
2970 2848 3079 2903 illis
3122 2847 3356 2917 denique
3392 2846 3509 2900 fru-

1936 2955 2084 2999 ctum
2117 2953 2524 3014 consequantur
2553 2959 2572 2998 :
2596 2951 2690 2998 aut
2715 2943 2782 2998 ad
2808 2957 2971 3012 quam
3006 2955 3072 2996 ex
3095 2955 3281 2996 earum
3312 2941 3507 2994 admo-

1936 3035 2146 3090 nitione
2163 3034 2464 3105 spiritalem
2496 3034 3009 3105 contemplationem
3037 3040 3344 3102 assurgant.
3399 3029 3506 3085 Sed

1935 3126 2304 3197 perspicuum)
2340 3137 2424 3182 cst
2471 3127 2692 3182 inanem
2745 3126 3012 3196 ejusmodi
3056 3124 3505 3194 excogitationem

261 3214 497 3287 εὕρεμα.
542 3235 562 3267 ι
593 3216 767 3279 Εὐθὺς
797 3219 829 3287 ἡ
862 3216 1051 3286 βαλϐὶς
1092 3216 1187 3271 τοῦ
1249 3218 1408 3287 λόγου
1437 3221 1498 3273 οὺ
1529 3221 1828 3292 νεμεσητὴ,

1936 3232 2076 3283 esse,
2115 3226 2170 3273 et
2215 3217 2497 3273 diabolicae
2527 3216 2662 3273 artis
2694 3216 2972 3271 inventum
3004 3216 3101 3269 ⁷³.»
3163 3214 3284 3269 Non
3324 3213 3507 3269 statim

260 3305 317 3357 εἰ
341 3305 436 3358 καὶ
474 3305 583 3360 τῶν
638 3306 835 3377 ἐφεξῆς
880 3307 1096 3363 ἀτόπων
1138 3313 1616 3381 κατασκευαστική
1653 3329 1667 3342 ·
1709 3314 1832 3366 ἐπεὶ

1936 3308 2435 3379 reprehendendum
2465 3308 2727 3363 orationis
2743 3307 3029 3363 exordium
3064 3314 3170 3370 est,
3202 3306 3305 3361 etsi
3361 3305 3507 3359 viam

263 3395 364 3450 καὶ
411 3396 596 3450 πολλοί¹
643 3398 753 3451 τῶν
811 3399 974 3468 ἱερῶν
1016 3400 1352 3455 διδασκάλων
1408 3403 1507 3473 τῆς
1556 3405 1832 3475 εἰκονικῆς

1938 3400 2150 3454 muniat
2191 3399 2259 3453 ad
2315 3399 2551 3454 absurda
2595 3414 2719 3469 quae
2756 3406 3217 3468 consequuntur:
3254 3396 3507 3466 quando-

264 3486 400 3551 θέας
424 3488 522 3558 τὴν
538 3489 626 3542 διὰ
637 3489 809 3559 λόγων
823 3490 1062 3560 ἱστορίαν
1079 3492 1434 3563 προύργιαιτέ
1444 3512 1543 3563 ραν
1558 3495 1795 3549 τίθενται
1817 3512 1830 3526 ·

1936 3491 2158 3561 quidem
2203 3498 2258 3545 et
2291 3492 2445 3545 multi
2489 3505 2521 3546 e
2572 3491 2748 3546 sacris
2778 3490 3092 3546 doctoribus
3145 3488 3510 3544 narrationem

263 3578 330 3630 ού
344 3578 718 3643 διαϐάλλοντες
738 3582 837 3650 τὴν
860 3580 1095 3652 θατέραν
1127 3600 1142 3616 ο
1168 3583 1346 3655 ἕτεροι
1398 3586 1455 3639 δὲ
1475 3586 1535 3638 τὸ
1562 3586 1800 3656 ἔμπαλιν
1816 3603 1830 3618 ·

1938 3600 2060 3655 quas
2087 3598 2219 3640 voce
2247 3583 2329 3650 iit,
2360 3584 2637 3639 utiliorem
2671 3584 3010 3639 arbitrantur
3066 3591 3290 3653 aspectu
3320 3582 3513 3653 imagi-

263 3667 381 3737 ιχοι
399 3667 456 3720 δὲ
482 3670 543 3722 τὸ
567 3670 702 3735 ἴσον,
732 3671 876 3725 καθά
905 3689 1067 3741 φησιν
1093 3675 1122 3728 6
1166 3674 1338 3744 μέγας
1365 3676 1669 3741 Βασίλειος’
1699 3696 1717 3728 ι
1766 3679 1832 3730 Ἀ

1936 3695 2088 3742 num,
2109 3694 2286 3747 neque
2311 3678 2457 3733 hunc
2478 3686 2657 3732 tamen
2693 3677 2999 3746 vituperant
3025 3692 3041 3743 ;
3117 3675 3211 3730 alii
3241 3690 3369 3730 vero
3396 3676 3514 3730 vice

263 3758 379 3828 γὰρ
404 3760 434 3812 6
454 3759 610 3828 λόγος
630 3761 731 3830 τῆς
758 3764 997 3832 ἱστορίας
1026 3762 1091 3815 δι’
1119 3764 1291 3834 ἀκοῆς
1311 3767 1634 3837 παρίστησι,
1664 3765 1832 3819 ταῦτα

1936 3786 2109 3826 versa.
2142 3770 2249 3825 Sed
2296 3772 2516 3841 perinde
2561 3780 2664 3837 est,
2715 3779 2776 3824 ut
2831 3785 3063 3841 magnus
3091 3771 3167 3825 ait
3224 3769 3462 3827 Basilius
3492 3788 3510 3825 :

262 3852 514 3924 γραφικὴ
553 3854 818 3909 σιωπῶσα
843 3855 933 3909 διὰ
969 3859 1255 3928 μιμήσεως
1285 3857 1549 3913 δείκνυσι.
1579 3877 1600 3911 ›
1634 3860 1745 3913 Καὶ
1775 3861 1835 3914 οὐ

264 3942 474 4007 πάντες
522 3941 833 4016 ζωγράφοι,
886 3946 1008 4000 οὐδὲ
1063 3947 1262 4011 πάντες
1305 3949 1636 4020 λογογράφοι
1666 3968 1681 3982 ο
1720 3952 1839 4005 ἀλλ’

264 4035 487 4107 ἑκάστῳ
514 4036 588 4097 ὼς
617 4039 646 4091 ὁ
685 4037 817 4102 Θεὸς
864 4039 1089 4110 ἐμέρισε
1136 4042 1336 4111 μέτρον
1387 4042 1629 4112 χάριτος.
1668 4045 1832 4099 Ὥστε

262 4127 427 4197 τήνδε
452 4128 550 4200 τὴν
570 4128 832 4200 πρότασιν
862 4131 1080 4200 παρεὶς,
1108 4131 1313 4201 λεγέτω
1328 4134 1427 4205 τὴν
1448 4134 1596 4205 ἑξῆς·
1632 4155 1651 4189 ι
1688 4136 1841 4191 Ἐπεὶ

266 4219 581 4275 εἰπάτωσαν
632 4223 679 4276 oi
722 4223 820 4287 τὰς
869 4223 1082 4277 τοιάσδε
1118 4226 1552 4297 ἀναστηλοῢντες
1586 4229 1801 4300 μορφὰς
1825 4268 1840 4293 ,

263 4311 432 4375 ποίας
464 4316 528 4368 ἐκ
566 4314 773 4368 τούτων
827 4315 936 4387 ἄρα
982 4318 1411 4373 καταπολαύοιεν
1457 4320 1724 4390 ὠφελείας
1755 4338 1770 4354 ’
1802 4323 1834 4393 ἢ

265 4404 329 4457 ὲν
365 4404 496 4476 ποίᾳ
546 4404 639 4460 διὰ
696 4406 794 4477 τῆς
838 4406 1060 4463 τούτων
1118 4411 1478 4482 ἀναμνήσεως
1541 4414 1833 4483 ἀνάγονται

266 4501 619 4569 πνευματικῇ
660 4497 884 4572 θεωρίᾳ.
921 4518 941 4552 ι

354 4678 775 4750 Ἀντερωτάσθω
796 4674 888 4734 οὖν
920 4681 948 4734 ό
976 4680 1241 4749 γεννάδας
1272 4696 1289 4716 ο
1322 4680 1488 4735 ποίαν
1508 4681 1620 4753 γὰρ
1646 4682 1833 4755 ὄνησιν

265 4769 370 4824 καὶ
398 4770 550 4841 ίερὰν
574 4771 807 4843 θεωρίαν
838 4772 939 4826 οὐκ
982 4773 1127 4827 ἔστιν
1152 4773 1404 4829 ἐντεῦθεν
1437 4774 1735 4846 εὑρέσθαι;
1772 4777 1833 4830 Εἰ

266 4863 382 4933 γὰρ
405 4862 544 4933 αὕτη
575 4863 737 4931 φύσις
765 4865 992 4931 εἰκόνος,
1029 4868 1254 4936 μίμημα
1285 4862 1426 4920 εἶναι
1455 4866 1549 4920 τοῦ
1602 4867 1837 4938 ἀρχετύ-

270 4970 401 5015 που,
427 4952 572 5006 καθά
599 4971 766 5025 φησιν
802 4955 831 5007 6
857 4956 1116 5025 Θεολόγος
1155 4957 1451 5028 Γρηγόριος
1486 4974 1502 4989 ⁸
1548 4958 1644 5011 καὶ
1672 4959 1731 5010 έν
1770 4962 1836 5030 τῇ

269 5042 444 5096 εἰκόνι
463 5043 525 5096 τὸ
549 5046 858 5116 ἀρχέτυπον
888 5048 1229 5116 ὲκφαίνεται,
1259 5049 1403 5104 καθά
1438 5067 1602 5122 φησιν
1627 5051 1657 5103 6
1704 5051 1842 5104 πάν-

270 5152 438 5205 σοφος
487 5137 765 5203 Διονύσιος
800 5155 814 5169 ·
876 5140 1033 5211 δῆλον
1087 5141 1171 5195 ὅτι
1213 5143 1277 5195 ἐκ
1328 5141 1422 5195 τοῦ
1475 5144 1836 5215 μιμήματος,

340 5252 386 5283 ⁸⁸
424 5250 598 5327 Joan._
617 5269 701 5327 vi,
721 5253 810 5309 58.
874 5254 1263 5327 -τσοειραηίνιι,
1304 5255 1395 5310 40.

270 5330 559 5393 martyres,
586 5325 763 5391 initio,
800 5333 840 5409 t.
871 5324 915 5391 Ι,
938 5324 1062 5396 pag.
1089 5325 1213 5381 527.

1489 5256 1534 5287 ⁷⁸
1582 5252 1740 5311 Joan.
1772 5270 1827 5322 ι,
1861 5255 1950 5311 56.

1942 3884 1962 3916 ι
1989 3864 2125 3919 Nam
2142 3880 2263 3934 qua:
2284 3865 2618 3920 narrationis
2644 3878 2825 3919 sermo
2861 3878 2957 3933 per
2996 3864 3244 3918 auditum
3279 3864 3501 3933 ingerit,

1938 3957 2043 4011 hoc
2081 3957 2290 4027 pictura
2318 3957 2483 4011 silens
2507 3971 2602 4025 per
2634 3955 2995 4010 imitationem
3031 3954 3272 4009 ostendit
3289 3955 3356 4008 ".
3391 3971 3412 4005 ι
3442 3955 3513 4007 At

1940 4062 2041 4103 nec
2072 4061 2261 4102 omnes
2296 4048 2547 4117 pictores,
2588 4061 2689 4102 nec
2714 4060 2904 4101 omnes
2931 4057 3060 4101 sunt
3102 4054 3348 4101 oratores
3376 4063 3390 4099 :
3415 4045 3513 4100 sed

1939 4148 2103 4209 prout
2159 4139 2455 4209 unicuique
2518 4137 2662 4195 Deus
2710 4138 2897 4210 gratias
2951 4137 3174 4194 modum
3232 4137 3509 4207 impertiit.

1938 4234 2138 4300 Quare,
2163 4232 2364 4285 omissa
2394 4232 2497 4286 hac
2538 4232 2924 4301 propositione,
2954 4230 3020 4285 ad
3054 4237 3367 4299 sequentem
3416 4245 3513 4284 ve-

1940 4326 2075 4380 niat.
2110 4342 2131 4378 ι
2160 4323 2357 4379 Dicant
2387 4323 2584 4379 deinde
2631 4324 2725 4394 qui
2778 4324 2916 4379 tales
2957 4322 3257 4378 formarum
3309 4320 3511 4390 ciiigics
3618 4336 3624 4343 '

1937 4430 2032 4470 aut
2058 4416 2126 4470 ad
2156 4432 2318 4485 quam
2341 4432 2408 4472 ex
2440 4431 2629 4471 earum
2658 4414 3031 4470 admonitione
3064 4413 3360 4484 spiritalem
3394 4412 3508 4467 eri-

1935 4515 2098 4578 gunt,
2130 4522 2291 4577 quem
2320 4524 2386 4564 ex
2413 4508 2516 4563 illis
2546 4508 2781 4577 denique
2806 4506 3040 4562 fructum
3073 4514 3506 4576 consequantur:

1864 4582 1918 4642 D
1942 4600 2453 4669 contemplationem
2486 4606 2798 4668 assurgant.
2843 4615 2861 4649 ι

2012 4692 2374 4763 luterrogetur
2402 4692 2644 4748 vicissim
2671 4692 2751 4746 vir
2777 4701 3055 4752 strenuus,
3083 4689 3207 4760 quis
3249 4703 3357 4744 non
3388 4688 3512 4743 inde

1934 4778 2165 4849 fructus,
2189 4798 2310 4853 quae
2355 4798 2464 4837 non
2493 4784 2578 4852 pia
2614 4782 2999 4851 contemplatio
3040 4781 3269 4835 oriatur.
3296 4777 3432 4832 Nam
3463 4779 3507 4833 si

1937 4872 2191 4942 imaginis
2223 4882 2419 4927 natura
2450 4884 2534 4928 est
2588 4880 2646 4926 ut
2677 4874 2750 4927 sit
2784 4871 3067 4943 archetypi
3111 4870 3466 4926 simulacrum
3490 4908 3509 4936 ,

1936 4965 2393 5034 quemadmodum
2451 4966 2528 5019 ait
2592 4965 2883 5034 Gregorius
2940 4964 3296 5034 Theologus,
3343 4970 3399 5016 et
3452 4961 3510 5017 in

1942 5054 2180 5125 imagine
2227 5057 2579 5126 archetypum
2629 5058 2894 5120 cernitur,
2946 5066 3007 5111 ut
3067 5055 3510 5125 sapientissimus

1946 5144 2243 5215 Dionysius
2274 5146 2516 5216 loquitur
2548 5164 2562 5200 :
2600 5147 2948 5217 perspicuum
2977 5154 3060 5201 est
3088 5160 3155 5200 ex
3188 5143 3510 5207 simulacro,

2055 5257 2102 5290 "
2136 5255 2344 5312 Concii.
2372 5254 2576 5312 Nicaeui
2606 5271 2664 5321 tt,
2701 5265 2806 5311 act.
2835 5256 2888 5311 6.
2981 5256 3028 5290 "
3061 5253 3218 5310 Hom.
3246 5251 3317 5308 20
3354 5252 3406 5306 in
3441 5254 3515 5311 ιο

1781 5416 2017 5474 ΝΟΤᾸΕ.

343 5508 423 5572 (Δ)
464 5508 521 5582 In
549 5510 673 5567 cod.
710 5510 841 5582 Reg.
876 5511 955 5582 ad
976 5526 1128 5582 oram
1151 5511 1275 5566 lihri
1312 5528 1327 5564 :
1368 5508 1565 5582 Ἰστέον
1606 5509 1682 5574 ὡς
1706 5510 1839 5565 Θεό-

268 5577 413 5653 ξοτοι
439 5580 707 5653 τέσσαρες
733 5577 838 5653 ὑπὸ
867 5581 961 5634 τοῦ
993 5581 1160 5653 ἁγίου
1172 5580 1481 5653 Σωφρονίου
1500 5582 1834 5653 ἀναθεματί-

269 5645 634 5723 ζοντα-ιομάλλῧ
665 5652 714 5704 οἱ
746 5651 846 5723 μὲν
883 5645 1345 5723 τρεῖςπρόδηλοιίο
1374 5649 1481 5723 όδὲ
1513 5645 1832 5723 dicit}th-

272 5734 396 5791 μος,
423 5720 530 5791 ύπὸ
568 5720 627 5775 δὲ
680 5721 866 5791 ἑτέρου
919 5720 1143 5791 πατρὸς,
1173 5722 1248 5784 ὡς
1292 5721 1553 5789 ἀνέγνων,
1581 5720 1835 5791 Θεόδοτος

283 5787 567 5864 ’Δγκύρων
598 5787 966 5863 διαϐέϐληται.
995 5787 1277 5847 Sciendum
1299 5802 1374 5846 est
1402 5787 1643 5860 quatuor
1668 5789 1831 5846 Theo-

1942 5514 2095 5569 doto:
2115 5532 2149 5568 a
2181 5523 2362 5569 sancto
2384 5512 2679 5581 Sophronia
2696 5510 3144 5568 anathematizari
3172 5527 3233 5564 ac
3263 5518 3366 5564 tres
3386 5510 3513 5581 qui-3

1946 5587 2063 5639 dem
2096 5588 2208 5639 noti
2242 5595 2403 5639 sunt:
2435 5579 2518 5637 hic
2558 5596 2730 5639 autem
2760 5600 2893 5638 unus
2935 5583 3047 5636 sine
3091 5581 3415 5650 cognominis,
3443 5579 3513 5635 ab

1942 5655 2109 5726 altero
2138 5655 2315 5715 Patre.
2336 5656 2470 5708 sicut
2494 5655 2621 5726 legi,
2647 5654 2940 5724 infamatur
2960 5646 3213 5721 tanquam
3245 5652 3314 5703 sit
3337 5646 3506 5704 Theo—

1940 5725 2096 5781 dotus
2127 5726 2461 5795 Aucyrauus.
