4054 6364
573 333 714 402 1219

1759 336 1822 398 s.
1851 291 2264 396 THEODORI’
2287 335 2638 399 s'rumm

3685 324 3833 392 1220

569 448 677 506 hoc
702 454 812 514 est,
846 460 913 503 ex
959 445 1197 517 imagine
1223 461 1476 520 magnam
1508 446 1796 502 utilitatem
1826 447 2051 518 percipi,
2080 460 2144 502 ac
2170 501 2171 504 η

2270 449 2418 519 now
2447 449 2677 512 εἰκόνος,
2701 444 2840 500 πολὺ
2871 442 2934 498 τδ
2974 442 3172 513 ὄφελος
3201 442 3424 515 πρόεισι
3453 454 3471 473 ⁸
3500 442 3598 494 καὶ
3618 439 3710 494 διὰ
3730 439 3834 494 τοῦ

567 554 670 610 per
693 538 1045 594 simulacrum
1075 537 1342 594 exsistere
1383 537 1744 608 multiplicem
1773 537 1922 593 circa
1957 537 2151 592 arche-

572 639 759 702 typum
781 630 982 684 mentis
1043 629 1577 698 contemplationem.
1609 628 1690 682 Ac
1734 628 1886 683 testis
1915 626 2136 698 quidem

571 718 793 775 divinus
819 718 1075 785 Basilius,
1116 719 1318 776 alicubi
1364 719 1590 774 dicens:
1625 737 1644 770 ι
1688 716 1948 790 Imaginis
1985 717 2152 772 honor

573 811 644 865 ad
678 819 1018 881 prototypum
1046 811 1284 864 ascendit
1305 811 1373 867 “.
1410 828 1432 863 ›
1468 808 1525 863 Si
1559 809 1804 866 ascendit
1858 819 2064 875 autem,
2099 818 2156 866 et

572 901 854 958 descendit
902 901 1047 956 haud
1079 901 1244 956 dubie
1306 901 1373 956 ad
1418 900 1715 970 imaginem
1771 916 1804 957 a
1831 911 2146 974 prototypo.

572 989 746 1046 Nemo
780 1005 914 1046 vero
935 990 1010 1045 ita
1039 990 1240 1060 desipit
1258 998 1320 1046 ut
1347 989 1496 1045 dicat
1524 991 1789 1047 honorem
1806 993 2012 1048 nullius
2033 1006 2156 1048 esse

575 1079 850 1148 utilitatis,
882 1090 975 1136 aut
1003 1080 1354 1137 simulacrum
1381 1096 1490 1136 non
1545 1096 1666 1136 esse
1695 1081 1772 1136 rei
1835 1082 2157 1138 assimilatas

573 1185 888 1240 expressam
919 1170 1170 1241 eliigiem,
1225 1170 1300 1226 ita
1335 1179 1396 1226 ut
1452 1171 1683 1226 alterum
1717 1171 1776 1226 in
1817 1172 1990 1228 altero
2045 1173 2155 1238 sit,

568 1261 726 1329 juxta
778 1261 1020 1317 divinum
1069 1260 1388 1332 Dionysium
1419 1277 1434 1315 :
1465 1276 1576 1332 quo
1635 1261 1766 1332 quid
1799 1277 1922 1318 esse
1969 1262 2158 1319 utilius

575 1360 756 1424 potest
777 1353 861 1407 vel
891 1353 958 1408 ad
1003 1353 1261 1408 sublimia
1323 1352 1506 1408 animo
1543 1353 2004 1424 contemplanda!
2062 1355 2161 1411 Est

573 1447 719 1501 enim
748 1446 1156 1516 repraesentatio
1185 1446 1287 1516 ipsi
1351 1461 1534 1502 rerum
1591 1446 1839 1517 aspectui
1872 1462 1970 1516 par
1999 1465 2013 1503 :
2075 1457 2162 1504 est

575 1537 779 1608 imago,
811 1547 871 1592 ut
917 1538 1140 1608 proprio
1185 1537 1440 1609 exemplo
1497 1547 1644 1605 utar,
1697 1539 1766 1594 ad
1795 1539 1929 1596 solis
1981 1538 2160 1597 lucem

575 1632 731 1703 quasi
763 1631 905 1687 luna:
935 1633 1049 1686 lux.
1088 1631 1305 1703 Alioqui
1328 1632 1375 1687 si
1408 1647 1495 1687 res
1523 1647 1684 1688 secus
1709 1632 1890 1700 habet,
1919 1633 2049 1704 quid
2071 1649 2164 1689 ve-

577 1723 784 1780 teribus
812 1723 1221 1778 tabernaculum
1245 1723 1554 1786 testimonii
1580 1722 1809 1794 profuit,
1845 1723 1992 1794 quod
2057 1723 2163 1780 fuit

576 1812 883 1870 caelestium
919 1811 1300 1881 ,simulacrum
1325 1809 1506 1866 ?Nam
1537 1821 1592 1868 et
1638 1812 1750 1868 illic
1782 1829 1905 1868 cum
1947 1800 2165 1870 caeteris.
2191 1804 2231 1859 Β

576 1903 876 1959 Cherubim
935 1902 1121 1972 gloria
1181 1902 1630 1972 propitiatorium
1707 1904 2106 1975 obtegebant"
2139 1941 2157 1968 ,

578 1994 686 2050 hoc
741 2003 846 2058 est,
881 1991 1144 2063 imagines
1178 1993 1417 2048 humana
1447 1995 1805 2053 similitudine
1851 2011 2154 2067 expressae:

580 2099 772 2142 omnes
833 2084 900 2140 ad
943 2093 1178 2140 mentem
1237 2099 1455 2140 sursum
1495 2087 1846 2143 attollendam
1897 2097 2075 2159 aptae,
2107 2097 2162 2143 et

581 2175 1072 2247 contemplationes
1107 2176 1446 2233 adorationis
1487 2178 1542 2232 in
1578 2179 1795 2249 Spiritu.
1829 2177 2054 2235 Frustra
2073 2195 2162 2234 ve-

580 2285 646 2325 ro
670 2270 848 2335 nobis,
875 2269 1175 2327 secundum
1209 2270 1356 2326 illam
1401 2272 1853 2341 propositionem,
1881 2282 1937 2327 et
1979 2273 2158 2344 imago

582 2363 768 2419 crucis
807 2353 822 2416 ξ
869 2359 1070 2417 frustra
1092 2371 1145 2416 et
1193 2377 1316 2432 qua:
1348 2362 1594 2418 lanceam
1625 2381 1640 2418 :
1699 2362 1904 2420 frustra
1935 2375 1990 2422 et
2041 2384 2165 2438 quae

583 2455 865 2527 spongiam
892 2463 1287 2526 repraesentat:
1323 2456 1588 2526 siquidem
1621 2465 1675 2511 et
1713 2457 1828 2512 haec
1873 2460 2164 2517 simulacra

586 2556 737 2612 sunt,
779 2547 884 2603 etsi
922 2561 1036 2602 non
1082 2547 1336 2601 humana;
1387 2547 1800 2604 similitudinis:
1850 2549 2058 2607 frustra
2111 2562 2166 2608 et

587 2653 926 2709 quacunque
974 2637 1080 2693 alia
1137 2637 1487 2695 sensibilibus
1532 2640 1884 2710 imaginibus,
1931 2653 1991 2697 ut
2041 2657 2166 2699 cum

589 2728 853 2804 Dionysio
879 2731 1074 2801 loquar
1093 2731 1138 2764 ⁷⁸
1175 2771 1192 2798 ,
1229 2730 1390 2786 nobis
1425 2739 1555 2786 sunt
1602 2733 1803 2787 tradita
1833 2752 1846 2788 :
1907 2749 2005 2804 per
2045 2750 2168 2806 quae

588 2825 657 2880 ad
693 2823 1106 2893 intelligihilem,
1155 2823 1336 2894 quoad
1369 2823 1490 2896 ejus
1516 2824 1632 2880 ﬁeri
1683 2833 1881 2895 potest,
1937 2827 2116 2899 inquit
2149 2867 2166 2894 ,

590 2909 1118 2982 contemplationem
1151 2914 1514 2983 assurgimus.

695 3001 900 3058 Deinde
931 3017 1061 3058 vero
1076 3009 1253 3058 etuna
1277 3017 1307 3058 e
1325 3005 1569 3076 quinque
1593 3004 1792 3063 anima:
1816 3006 2170 3066 facultatibus

590 3095 883 3167 phantasia
915 3105 1002 3153 est
1036 3114 1051 3151 :
1091 3095 1379 3168 phantasia
1403 3111 1533 3154 vero
1556 3098 1738 3170 imago
1770 3101 2020 3170 quaedam
2059 3116 2170 3157 me-

592 3191 700 3246 rito
766 3191 1060 3245 videatur:
1095 3197 1392 3262 utrumque
1441 3191 1587 3247 enim
1653 3192 2008 3251 simulac-rum
2063 3206 2168 3251 est.

593 3281 713 3337 Non
742 3281 950 3336 inutilis
973 3281 1138 3352 igitur
1161 3282 1363 3354 imago,
1393 3297 1517 3354 quae
1541 3284 1614 3340 sit
1623 3285 1927 3356 phantasia!
1949 3289 2171 3346 similis.

593 3371 749 3439 Quod
779 3373 828 3429 si
887 3372 1104 3428 inutilis
1143 3387 1208 3428 ea
1244 3381 1332 3430 est
1387 3390 1510 3444 quae
1573 3377 1945 3445 praestantior,
2002 3379 2176 3437 multo

594 3464 783 3534 utique
807 3463 980 3534 magis
1013 3478 1078 3520 ea
1104 3479 1228 3535 quae
1285 3464 1541 3533 deterior,
1577 3468 1779 3525 frustra
1808 3479 2016 3526 natura:
2041 3485 2176 3526 con-

596 3555 800 3627 genita.
839 3555 920 3611 Ac
949 3555 996 3610 si
1019 3554 1248 3623 frustra,
1277 3556 1482 3626 pariter
1518 3569 1574 3614 et
1601 3573 1723 3630 quae
1771 3570 1900 3616 sunt
1929 3561 2175 3632 ejusdem

596 3663 724 3702 cum
755 3647 845 3702 illa
895 3645 1128 3713 ordinis,
1165 3661 1382 3714 sensus,
1415 3650 1623 3719 opinio,
1675 3651 1954 3722 cogitatio,
1999 3668 2174 3709 mens.

599 3738 696 3796 Sic
745 3738 958 3794 ratione
1033 3739 1265 3810 physica
1317 3751 1482 3796 utens
1570 3741 1749 3798 oratio
1827 3743 2175 3813 insipientem

597 3831 860 3899 ostendit,
897 3832 1071 3903 magis
1105 3831 1369 3902 probabili
1403 3833 1883 3904 contemplatione,
1923 3835 2178 3906 imaginis

597 3926 718 3983 sive
762 3925 1068 3996 phantasia:
1125 3933 1580 3996 contemptorem.
1649 3926 1762 3998 Ego
1798 3941 1930 3983 vero
1980 3935 2035 3982 et
2070 3929 2179 3983 alio

597 4017 828 4076 nomine
873 4017 1222 4088 phantasiam
1283 4017 1480 4073 miror.
1515 4018 1684 4074 Aiunt
1729 4019 1876 4074 enim
1927 4021 2176 4076 nonnulli

601 4111 888 4168 mulierem
917 4111 1112 4166 hausta
1143 4110 1420 4184 Ethiopis
1487 4113 1721 4185 imagine
1753 4114 1858 4170 sub
1891 4114 2011 4183 ipso
2042 4130 2180 4171 con-

601 4212 783 4272 ceptu,
815 4201 1134 4271 Ethiopem
1203 4203 1500 4273 peperisse.
1565 4203 1756 4262 Simile
1793 4207 2054 4276 quiddam
2114 4206 2182 4263 de

602 4295 915 4364 patriarcha
943 4291 1112 4349 Jacob
1171 4303 1426 4348 narratur
1457 4293 1512 4349 in
1562 4295 1844 4366 virgarum
1879 4298 2182 4354 decortica-

606 4385 812 4440 tione"
842 4399 860 4446 ;
891 4398 1002 4453 quo
1040 4398 1112 4440 ex
1160 4383 1302 4450 visu,
1333 4384 1470 4439 varii
1520 4385 1720 4443 coloris
1755 4402 1953 4457 pecora
1994 4405 2184 4445 nasce-

2254 542 2574 614 μιμήματος
2603 539 2832 610 πλείστη
2855 538 2948 592 ἐπὶ
2972 537 3034 591 τδ
3072 534 3380 606 ἀρχέτυπον
3415 533 3450 605 ἡ
3479 533 3835 603 πνευματικὴ

2253 632 2460 701 θεωρία
2492 632 2692 687 ἄνεισι.
2721 630 2832 684 Καὶ
2873 629 3088 700 μάρτυς
3125 627 3154 680 ό
3180 625 3344 690 αὐτὸς
3375 624 3517 688 Θείος
3551 623 3837 687 Βασίλειος

2253 716 2354 779 ὧδέ
2387 740 2490 778 που
2521 723 2694 792 λέγων
2727 738 2741 752 ⁸
2772 740 2792 774 ι
2842 721 2908 776 Ἦ
2935 721 3035 791 τῆς
3057 720 3264 782 εἰκόνος
3300 716 3436 788 τιμὴ
3459 715 3554 769 ἐπὶ
3589 715 3652 768 τὸ
3679 731 3839 786 πρω-

2253 820 2487 874 τότυπον
2516 815 2821 872 ἀναϐαίνει.
2861 833 2881 868 ι
2919 815 2982 868 Εἰ
3013 814 3071 867 δὲ
3109 809 3415 871 ἀναϐαίνει.
3443 809 3543 862 καὶ
3586 806 3840 861 κάτεισιν

2255 911 2478 982 εὔδηλον
2521 909 2618 963 ἐπὶ
2666 907 2766 979 τὴν
2799 906 2985 960 εἰκόνα
3015 903 3125 958 άπὸ
3151 902 3248 957 τοῦ
3293 898 3685 986 τιτρωτοιτύπουτ
3720 898 3840 951 Οὐκ

2257 1005 2324 1059 ἂν
2357 1003 2414 1057 δέ
2443 1019 2527 1066 τις
2553 999 2892 1072 άνοηταίνων
2927 996 3188 1066 ἀνωφελῆ
3237 995 3336 1068 τὴν
3367 993 3536 1064 τιμὴν
3568 993 3788 1046 εἴποιεν
3818 1006 3833 1021 ⁸

2255 1096 2364 1150 οὐδ’
2392 1091 2474 1161 ζαῦ
2507 1094 2568 1148 τὸ
2615 1093 2839 1164 μίμημα
2865 1090 2940 1163 μὴ
2966 1090 3090 1160 οὐχ).
3133 1086 3230 1141 τοῦ
3279 1086 3669 1157 μεμιμημένον
3702 1084 3839 1136 ἀπο-

2257 1183 2495 1255 τύπωμα
2524 1197 2540 1212 ⁸
2565 1182 2642 1246 ὼς
2683 1176 2827 1236 εἶναι
2853 1180 3116 1249 ἑκάτερον
3154 1180 3214 1231 ὲν
3258 1174 3505 1247 ἐκατέρῳ
3548 1172 3696 1227 κατὰ
3745 1171 3838 1226 τὸν

2259 1275 2402 1331 θεῖον
2434 1273 2746 1328 Διονύσιον·
2783 1265 2845 1326 οὗ
2885 1271 2938 1326 τί
2975 1271 3045 1324 ἂν
3075 1269 3286 1339 γένοιτο
3331 1264 3837 1338 ὠφελιμώτερόντε

2258 1368 2356 1423 καὶ
2372 1363 2890 1437 άναγωγικὼτερον;
2926 1363 3212 1434 Ἐμφασις
3261 1361 3370 1431 γάρ
3406 1361 3525 1412 ἐστι
3566 1356 3672 1426 τῆς
3709 1353 3840 1408 αὐτ-

2258 1461 2440 1532 οψίας,
2469 1460 2564 1514 καὶ
2595 1456 2898 1528 σεληνιαῖόν
2925 1473 2979 1508 τι
3022 1454 3162 1524 φῶς,
3193 1453 3281 1506 ῐνα
3315 1450 3410 1504 καὶ
3435 1448 3627 1519 οἰκείῳ
3660 1463 3840 1518 mpm.

2259 1553 2511 1623 δείγματι
2549 1550 2863 1623 χρήσωμαι,
2915 1546 3053 1616 πρὸς
3098 1543 3324 1616 ἡλιακὸν
3375 1542 3494 1612 φῶς
3545 1540 3582 1611 ἡ
3627 1539 3836 1592 εἱκών⁸

2261 1648 2385 1701 ἐπεὶ
2410 1647 2458 1700 εἰ
2505 1645 2582 1716 μὴ
2636 1642 2818 1709 τοῦτο,
2851 1640 2904 1693 τί
2951 1639 3160 1709 ὀνίνησι
3205 1638 3334 1702 τοὺς
3372 1635 3545 1690 πάλαι
3588 1635 3622 1704 ἠ
3664 1630 3839 1702 σκηνὴ

2261 1737 2355 1792 τοῦ
2411 1735 2751 1808 μαρτυρίου,
2809 1733 3038 1804 μίμημα
3093 1722 3231 1783 οὖσα
3287 1728 3395 1782 τῶν
3444 1723 3837 1796 ἑπουρανίωνς

2261 1832 2435 1884 Κάκεῖ
2461 1829 2568 1900 γὰρ
2595 1825 2734 1898 μετὰ
2759 1825 2871 1878 τῶν
2900 1824 3080 1877 ἄλλων
3109 1819 3392 1893 Χερουϐὶμ
3444 1818 3608 1888 δόξης
3664 1832 3840 1870 κατα-

2261 1918 2554 1983 σκιάζοντα
2593 1916 2653 1970 τὺ
2692 1914 3000 1984 ἱλαστήριον
3032 1924 3049 1939 ⁸
3081 1910 3358 1964 τουτέστιν
3388 1907 3600 1970 εἰκόνες
3625 1906 3843 1974 ἅνθρω-

2260 2012 2531 2083 πομόρφῳ
2571 2009 2702 2062 εῖδει
2745 2003 3182 2074 διατυπούμεναι
3212 2018 3226 2032 ⁸
3270 1999 3598 2070 ἀναγωγικὰ
3636 1999 3838 2059 πάντα.

2260 2103 2356 2158 καὶ
2387 2101 2487 2171 τῆς
2521 2103 2578 2154 ἐν
2612 2097 2883 2168 πνεύματι
2911 2095 3169 2166 λατρείας
3201 2092 3563 2164 θεωρήματα.
3631 2089 3834 2158 Μάτην

2259 2192 2317 2246 δὲ
2347 2191 2478 2261 ἡμῖν
2508 2189 2632 2242 ὅσον
2681 2187 2776 2240 ἐπὶ
2817 2188 2884 2257 τῇ
2929 2184 3111 2256 τοιᾷδε
3164 2183 3426 2254 προτάσει
3461 2182 3557 2234 καὶ
3597 2181 3630 2249 ἡ
3680 2195 3840 2232 σταυ·

2266 2280 2480 2354 ροειδὴς
2533 2280 2696 2333 εἰκών
2723 2294 2738 2310 ⁸
2777 2277 2957 2350 μάτην
3001 2276 3097 2332 καὶ
3141 2277 3175 2346 ἠ
3256 2269 3571 2343 λογχοειδής
3604 2285 3620 2300 ⁸
3655 2269 3839 2339 μάτην

2263 2373 2357 2427 καὶ
2388 2373 2422 2442 ἡ
2451 2369 2827 2440 σπογγοειδής.
2875 2367 3140 2438 Ἐπείπερ
3169 2366 3263 2419 καὶ
3287 2363 3465 2418 ταῦτα
3517 2361 3836 2433 μιμήματα,

2262 2467 2368 2520 κᾶν
2403 2467 2503 2520 οὐκ
2532 2462 3009 2534 άνθρωπόμορφα¹
3037 2461 3217 2531 μάτην
3245 2457 3341 2512 καὶ⁵
3368 2457 3472 2510 ὅσα
3489 2454 3626 2510 ἄλλα
3649 2451 3840 2523 αἰσθη·

2261 2559 2380 2621 ταῖς
2403 2557 2596 2618 εἰκόσι,
2628 2551 2999 2616 Διονυσιακῶς
3031 2551 3229 2616 εἰπεῖν,
3257 2547 3626 2621 παραδέδοται
3657 2547 3790 2615 ἡμῖν
3821 2561 3836 2575 ⁸

2262 2647 2330 2702 δι’
2344 2640 2418 2700 ὧν
2443 2646 2536 2698 ἐπὶ
2552 2645 2652 2709 τάς
2681 2643 2878 2716 νοητὰς
2901 2640 3048 2697 κατὰ
3069 2640 3132 2695 τὸ
3147 2639 3397 2708 δυνατὲν,
3420 2637 3611 2710 φησὶν,
3639 2633 3837 2706 ἀναγόο

2268 2740 2411 2814 μεθα
2438 2738 2695 2811 θεωρίας.

2339 3011 2574 3066 Ἔπειτα
2604 3007 2700 3061 καὶ
2747 3007 2781 3078 ἡ
2829 3004 2925 3076 μία
2950 3003 3060 3057 τῶν
3111 3002 3274 3056 πέντε
3308 3000 3410 3070 τῆς
3447 2997 3632 3068 ψυχῆς
3680 2996 3840 3051 δυνάο

2275 3119 2418 3176 μεων
2454 3103 2490 3174 ἡ
2524 3098 2793 3172 φαντασία
2819 3113 2833 3128 ⁸
2865 3096 3142 3166 φαντασία
3180 3094 3239 3148 δὲ
3286 3091 3459 3156 δόξειέ
3497 3107 3582 3151 τις
3636 3087 3796 3142 εἰκών
3823 3103 3838 3118 ⁸

2278 3197 2577 3270 ἰνδάλματα
2628 3194 2737 3266 γὰρ
2783 3192 3094 3264 ἀμφότερα.
3155 3192 3270 3245 Οὐκ
3310 3188 3598 3259 ἀνωφελὴς
3657 3185 3767 3256 ἄρα
3807 3185 3839 3253 η

2274 3291 2438 3347 εἰκὼν
2456 3293 2523 3362 τῇ
2555 3286 2829 3359 φαντασία
2860 3287 3092 3340 ἐοικυῖα.
3118 3283 3249 3336 Εἱδὲ
3273 3281 3557 3350 ἀνωφελὴς
3580 3281 3615 3350 ὴ
3638 3278 3842 3351 προύρ-

2275 3383 2550 3456 γιαιτέρα,
2584 3379 2766 3450 πολλῷ
2803 3373 2897 3432 οὖν
2935 3375 3138 3448 μᾶλλον
3179 3377 3214 3446 ὴ
3248 3371 3711 3445 ὑφειμενεστέρα,
3744 3368 3844 3438 μά-

2274 3495 2375 3549 την
2415 3474 2834 3545 συνυπάρχουσα
2875 3473 2940 3542 τῇ
2973 3469 3136 3541 φύσει
3167 3485 3183 3500 ⁸
3207 3468 3304 3522 καὶ
3330 3469 3379 3520 εἰ
3421 3467 3624 3537 μάτην,
3652 3463 3750 3517 καὶ
3789 3462 3843 3514 αἰ

2277 3571 2549 3640 σύστοιχοι
2572 3567 2764 3632 αὐτῆς,
2796 3564 3069 3636 αἴσθησις,
3094 3561 3242 3627 δόξα,
3260 3559 3489 3624 διάνοια,
3513 3556 3659 3620 νοῦς.
3689 3552 3844 3608 οὕτω

2277 3659 2666 3734 φυσιολογῶνό
2701 3657 2860 3727 λόγος
2901 3657 3064 3712 ἄνουν
3110 3651 3443 3724 ὑπαγορεύει
3491 3649 3579 3703 διὰ
3615 3646 3844 3716 θεωρίας

2277 3751 2780 3824 ὲπαγωγικωτέρας
2811 3749 2904 3803 τὸν
2950 3751 3051 3820 τῆς
3103 3745 3311 3808 εἰκόνος
3369 3744 3489 3814 ἦτοι
3551 3737 3846 3810 φαντασίας

2278 3846 2656 3917 ὲξουδενωτὴν.
2700 3841 2842 3912 Ἐγὼ
2872 3842 2928 3895 δὲ
2954 3841 3051 3896 καὶ
3081 3840 3256 3902 ἄλλως
3282 3837 3496 3908 ἄγαμαι
3519 3834 3617 3905 τὴν
3641 3847 3848 3903 φαντα-

2281 3940 2421 3994 σίαν.
2465 3939 2603 3990 Φασί
2632 3934 2742 4007 γάρ
2786 3950 2932 3998 τινες
2957 3934 3194 4002 γυναῖκα
3227 3930 3371 3984 κατὰ
3415 3928 3506 3982 τὸν
3534 3923 3846 3995 συλλήψεως

2277 4029 2468 4102 καιρὸν
2497 4029 2732 4082 Αἰθίοπα
2777 4026 3200 4098 φαντασθεῖσαν,
3249 4021 3484 4078 Αἰθίοπα
3540 4019 3846 4074 ἀποτεκεῖν.

2279 4122 2532 4178 Τοιοῦτον
2571 4123 2667 4175 καὶ
2696 4122 2760 4175 τὸ
2804 4118 2946 4174 κατὰ
2994 4119 3086 4172 τὸν
3133 4116 3483 4188 πατριάρχην
3523 4111 3718 4168 ’ἰακὼὸ
3761 4108 3850 4164 ἐπὶ

2279 4210 2356 4282 τῷ
2381 4210 2493 4264 τῶν
2527 4210 2739 4283 ῥάϐδων
2769 4207 3022 4280 λεπισμῷ
3053 4224 3067 4238 ⁸
3097 4206 3156 4271 ἐξ
3174 4202 3242 4278 ἧς
3276 4203 3575 4275 φαντασίας
3602 4201 3850 4256 ὲποικίλ-

2279 4303 2432 4357 λοντο
2480 4303 2548 4356 τά
2587 4303 2645 4355 ὲν
2683 4304 2796 4366 τοῖς
2837 4301 3119 4373 θρέμμασι
3156 4291 3479 4369 τικτόμενα,
3509 4296 3626 4362 καὶ,
3664 4293 3712 4348 ὣ
3760 4291 3849 4348 τοῦ

2282 4394 2588 4467 Θαύματοςί
2619 4395 2702 4448 ὅτι
2751 4392 3152 4464 πραγματικῆς
3202 4391 3488 4462 ἐνεργείας
3517 4391 3550 4459 ή
3592 4389 3850 4442 εἰκονοει-

603 4477 825 4544 bantur,
851 4485 924 4542 et,
955 4490 990 4532 ο
1035 4491 1149 4532 rem
1175 4475 1370 4530 miram
1403 4476 1416 4529 l
1452 4475 1673 4548 imagini
1719 4477 1917 4532 similis
1947 4478 2171 4548 phanta-

2282 4488 2379 4560 δὴς
2409 4485 2679 4556 φαντασία
2712 4478 2892 4538 ὦπται
2919 4483 3292 4550 ἀποτέλεσμα.
3341 4481 3480 4534 Ἀλλ’
3516 4479 3606 4534 ὲπί
3627 4479 3686 4532 τὺ
3715 4495 3850 4549 τερο-

605 4570 690 4626 sia
721 4569 832 4624 vim
862 4566 1188 4624 effectricem
1242 4565 1362 4623 visa
1395 4575 1482 4622 est
1513 4582 1945 4624 consummasse.
1985 4569 2090 4625 Sed
2113 4571 2171 4626 ad

2275 4579 2529 4650 κείμενον
2561 4579 2590 4632 ό
2615 4577 2774 4647 λόγος
2801 4593 2816 4607 ⁸
2855 4595 2873 4628 ι
2908 4575 3238 4630 Εἰπάτωσαν
3269 4575 3321 4628 οἰ
3349 4573 3450 4637 τάς
3473 4571 3681 4626 τοιάσδε
3713 4572 3849 4624 ἀνα·

606 4662 952 4733 propositum
1009 4667 1314 4716 revertatur
1369 4660 1546 4716 oratio
1579 4677 1596 4721 ;
1640 4659 1865 4716 «Dicant
1905 4663 2000 4733 qui
2041 4663 2181 4720 tales

609 4757 912 4812 formarum
963 4753 1166 4826 eﬂigies
1226 4753 1468 4824 erigunt,
1501 4769 1666 4824 quem
1702 4768 1769 4809 ex
1810 4753 1920 4811 illis
1947 4755 2183 4827 denique

609 4848 849 4904 fructum
913 4855 1372 4918 consequantur:
1427 4853 1521 4901 aut
1553 4845 1620 4902 ad
1657 4861 1824 4917 quam
1883 4861 1952 4902 ex
1993 4861 2184 4903 earum

609 4938 983 4994 admonitione
1003 4937 1301 5009 spiritalem
1327 4936 1840 5007 contemplationem
1881 4937 2186 5008 provehan-

611 5041 723 5086 tur.
761 5049 780 5082 ι
817 5029 1037 5102 Ecquis,
1100 5045 1134 5086 ο
1168 5031 1361 5097 amice,
1390 5045 1458 5086 ex
1507 5031 1760 5102 imaginis
1803 5041 2028 5102 aspectu
2058 5072 2075 5097 ,
2109 5031 2186 5087 si-

612 5122 832 5195 quidem
861 5133 1049 5178 exacte
1063 5123 1294 5193 ﬂxisque
1317 5123 1682 5192 dextrorsum,
1713 5138 1778 5181 ac
1809 5125 2188 5181 sinistrorsum

615 5215 790 5271 oculis
823 5222 1032 5280 cernat,
1094 5213 1390 5273 simulacra
1441 5213 1704 5272 hauriens
1732 5230 1843 5272 non
1897 5215 2085 5288 inﬁgat
2132 5213 2189 5270 in

617 5307 836 5362 animo:
861 5313 917 5361 et
947 5305 1152 5375 optima
1197 5304 1440 5375 quidem,
1483 5307 1530 5362 si
1555 5321 1624 5362 ex
1667 5306 1906 5378 imagine
1941 5308 2190 5377 optima:

619 5401 705 5456 sin
737 5415 804 5469 ex
833 5399 998 5470 turpi,
1033 5399 1216 5470 turpia
1241 5399 1266 5454 ἰ
1298 5399 1374 5454 ita
1401 5409 1462 5454 ut
1489 5414 1728 5471 persaepe
1753 5410 1808 5456 et
1845 5400 1994 5455 domi
2039 5399 2196 5455 habi-

619 5503 745 5549 tans
799 5507 950 5548 nunc
1005 5500 1430 5562 compungatur,
1479 5505 1626 5546 nunc
1675 5506 1806 5546 vero
1853 5500 2194 5550 succenseat.

621 5586 817 5641 Annon
847 5593 901 5641 et
928 5583 1126 5656 aliquis
1152 5583 1425 5640 interdum
1441 5581 1790 5640 obdormiens
1808 5583 1940 5640 visis
1974 5593 2198 5640 noctur-

2278 4669 2600 4740 στηλοῦντες
2639 4669 2879 4741 μορφὰς,
2909 4667 3073 4732 ποίας
3113 4666 3221 4738 ἄρα
3257 4667 3322 4720 ὲκ
3356 4665 3561 4718 τούτων
3605 4677 3849 4716 καταπο·
3891 4673 3902 4688 ⁸

2276 4762 2491 4817 λαύοιεν
2524 4761 2828 4830 ὠφελείας⁸
2863 4759 2898 4831 ἦ
2935 4760 2994 4814 ὲν
3043 4757 3175 4830 ποίᾳ
3199 4757 3290 4811 διὰ
3328 4757 3428 4827 τῆς
3478 4752 3682 4808 τούτων
3717 4753 3851 4806 ἀνα-

2284 4856 2538 4928 μνήσεως
2570 4854 2866 4921 ἀνάγονται
2897 4851 3120 4924 Θεωρία.
3157 4870 3177 4904 ι
3203 4853 3314 4906 Καὶ
3339 4850 3443 4916 τίς,
3463 4843 3508 4902 ὦ
3527 4849 3645 4912 τᾶν,
3672 4846 3776 4900 οὐκ
3792 4844 3850 4895 ἐκ

2279 4949 2379 5020 τῆς
2395 4948 2666 5018 εἰκονικῆς
2696 4946 2860 5013 ἰδέας,
2884 4945 3044 5018 εἰπερ
3071 4945 3319 5016 ἐναργῶς
3347 4943 3636 5005 άτενίσειε,
3667 4939 3847 5004 δεξιάς

2282 5056 2342 5093 τε
2375 5039 2408 5111 ἢ
2439 5038 2754 5110 ἀριστερᾶς,
2793 5037 3089 5108 ἰνδάλματα
3141 5035 3322 5090 λαϐὼν
3345 5035 3404 5087 ὲν
3443 5033 3520 5105 νῷ
3574 5032 3796 5087 ἄπεισιν
3825 5047 3840 5096 ;

2276 5129 2398 5184 »ἀλλ’
2428 5131 2477 5183 εἰ
2517 5129 2616 5200 μὲν
2657 5128 2718 5194 ἐξ
2744 5128 2973 5201 ἀρίστης
3015 5127 3218 5200 ἄριστα
3251 5143 3266 5158 ⁸
3302 5127 3350 5180 εἰ
3381 5125 3440 5179 δὲ
3481 5122 3542 5190 ἐξ
3569 5121 3850 5194 αἰσχίστης

2285 5220 2538 5292 αἴσχιστα
2561 5236 2576 5252 ⁸
2613 5218 2754 5273 ὥστε
2788 5219 3050 5284 πολλάκις
3089 5220 3186 5274 καὶ
3234 5218 3374 5273 οἴκοι
3412 5217 3589 5289 μένων
3615 5217 3684 5285 τῇ
3745 5212 3842 5284 μὲν

2287 5311 2738 5377 κατανύττεσθαι,
2779 5314 2844 5384 τῇ
2878 5312 2935 5366 δὲ
2973 5311 3355 5366 παθαίνεσθαι.
3389 5311 3460 5364 Ἦ
3485 5308 3603 5378 οὐχὶ
3633 5304 3729 5360 καί
3773 5319 3850 5365 τις

2292 5401 2461 5457 ἐνίοτε
2495 5399 2830 5470 άφυπνὼσας
2859 5403 2972 5464 τοῖς
3003 5401 3341 5472 νυκτερινοίς
3375 5399 3724 5470 φαντάσμασι
3755 5409 3851 5447 πε-

2299 5493 2544 5565 ριχαρῶς
2571 5493 2604 5566 ἢ
2629 5493 2888 5566 λυπηρῶς
2927 5494 3298 5562 διανίσταται;
3334 5491 3401 5547 Εἰ
3439 5493 3496 5547 δὲ
3532 5492 3648 5546 εκεῖ
3665 5487 3849 5549 οὕτως,

2294 5587 2474 5660 πολλῷ
2517 5588 2720 5660 μᾶλλον
2762 5590 2820 5645 ὲν
2843 5589 2957 5655 τοῖς
2988 5586 3112 5643 καθ’
3139 5586 3288 5659 ὕπαρ
3319 5586 3660 5656 εἰκονίσμασι
3686 5579 3850 5636 διατί-

705 5789 748 5822 ²⁸
778 5787 898 5844 Lib.
930 5787 1004 5847 De
1027 5787 1230 5860 Spiritu
1263 5795 1472 5854 sancto,
1501 5799 1552 5844 α.
1581 5782 1667 5842 17.
1701 5859 1720 5864 _
1744 5785 1788 5819 ’⁵
1821 5784 1990 5844 Exod.
2019 5800 2146 5856 xxv,
2176 5784 2266 5842 20.
2318 5787 2340 5820 ο
2373 5780 2450 5844 Dc
2492 5783 2698 5844 caelesti
2726 5783 3054 5852 hicrarchia,
3093 5798 3213 5856 cap.
3246 5782 3298 5839 l.
3379 5785 3424 5818 ’τ
3459 5781 3587 5839 Gen.
3611 5794 3740 5840 xxx,
3763 5772 3845 5829 57-
