4054 6364
273 340 411 410 1221

1472 354 2014 424 EPISTOLARUM
2049 361 2199 423 LIB.
2256 360 2339 424 II.

3397 372 3532 436 1222

266 460 462 555 θέσθαι
487 462 604 555 ἔστι
649 464 782 538 πρὸς
818 466 1057 539 ἑκάτερα
1093 469 1185 523 τὸν
1227 470 1498 541 βλέποντα
1520 490 1535 503 ·
1571 475 1648 529 Ού
1677 476 1846 547 δήπου

1957 478 2045 535 nis
2081 480 2376 545 excitatur,
2435 494 2528 535 seu
2558 481 2678 537 laeta
2734 496 2797 539 ea
2839 481 2971 547 sint,
3002 498 3096 540 seu
3126 484 3305 541 tristia
3333 487 3358 540 i
3383 486 3538 555 Quod

266 552 538 623 ἀνέγνως,
570 551 616 610 ὦ
651 556 918 628 βέλτιστε,
954 561 1031 625 ὡς
1059 563 1109 615 οἱ
1135 562 1305 617 πάλαι
1328 564 1716 635 ὑποδείγματι
1750 567 1852 623 καὶ

265 644 423 716 σκιᾷ
471 649 835 717 λατρεύουσι
878 650 1000 705 τῶν
1037 653 1435 724 ἐπουρανίων.
1460 656 1561 725 Τί;
1591 659 1854 732 ἑκάτερον

263 739 373 793 οὑκ
403 740 602 801 εἰκώνς
652 743 754 796 οὑκ
795 743 856 796 έν
895 745 1065 799 εἰκόνι
1104 748 1372 819 ἀνήγοντο
1419 749 1559 821 πρὸς
1602 752 1703 823 τὴν
1741 753 1852 807 τῶν

266 832 610 903 ἐπουρανίων
646 832 910 906 θεωρίαν;
944 838 1044 891 οὑκ
1090 838 1161 892 ἐν
1201 842 1389 896 εικόνι
1430 840 1850 913 διαπορεύεται

265 925 384 988 πᾶς
411 925 743 1000 ᾅνθρωπος,
775 931 1080 995 Δαυῖτικῶς
1110 933 1287 988 εἰπεῖν
1320 950 1334 1001 ;
1370 938 1473 991 οὐκ
1507 937 1669 1000 αὑτὸς
1711 939 1775 991 σὺ
1822 939 1852 992 6

265 1014 646 1090 Είκονομάχος
692 1021 858 1075 είκὼν
887 1022 1049 1091 Θεοῦ,
1083 1027 1179 1079 καὶ
1210 1026 1354 1082 κατὰ
1396 1028 1540 1083 ίδέαν
1585 1033 1851 1101 πατρῴαν

265 1110 576 1183 γεννηθεὶς,
615 1114 711 1167 καὶ
745 1115 1032 1180 είκονικῶς
1060 1119 1119 1171 ὲν
1154 1118 1348 1174 πίνακι
1390 1123 1847 1195 ὲγγραφόμενοςς

265 1202 305 1273 ἦ
341 1203 502 1273 μόνος
553 1206 618 1259 σὺ
652 1206 1105 1275 ἀνεξεικόνιστος,
1134 1209 1212 1275 ὡς
1240 1212 1343 1266 οὑκ
1384 1212 1694 1285 ἄνθρωπος,
1732 1216 1851 1269 ἀλλ’

265 1295 675 1368 ἀμϐλωθρίδιος
702 1317 716 1332 ·
735 1301 833 1354 κοιλ⁸
864 1301 953 1355 διὰ
980 1301 1140 1356 τοῦτο
1171 1304 1265 1358 καὶ
1294 1306 1425 1368 τοὺς
1450 1307 1642 1375 ἁγίους
1678 1308 1851 1374 οὑτως

265 1389 556 1460 οίόμενοςς
602 1392 743 1446 Ἀλλ’
772 1393 857 1447 ἵνα
907 1396 1108 1464 μᾶλλον
1139 1398 1168 1449 6
1206 1398 1338 1469 περὶ
1364 1398 1521 1453 τοῦδε
1560 1401 1719 1467 λόγος
1755 1401 1850 1455 πί-

270 1496 482 1535 στωσιν
514 1483 722 1547 δέξοιτο
747 1501 763 1517 ·
793 1488 990 1557 παρεὶς
1022 1487 1084 1541 τὸ
1105 1487 1317 1542 οἴκοθεν
1344 1488 1716 1561 δογματίζειν,
1747 1492 1849 1545 αύ-

262 1575 395 1637 τοὺς
426 1577 797 1648 προστήσεται
827 1577 956 1642 τοὺς
989 1582 1092 1650 τῆς
1137 1579 1467 1652 οἰκουμένης
1493 1581 1845 1654 λαμπτῆρας,

264 1667 738 1742 ἀποκρινομένους
770 1687 853 1723 σοι
902 1670 1041 1742 πρὸς
1076 1671 1177 1743 τὴν
1222 1671 1521 1745 ἐρώτησιν.
1545 1675 1848 1746 Γρηγόριος

260 1761 296 1813 6
324 1761 578 1825 Νυσσεύς
604 1778 619 1792 ·
668 1781 685 1813 ι
740 1757 897 1816 Εἶδον
960 1762 1226 1827 πολλάκις
1265 1766 1358 1818 ἐπὶ
1405 1766 1629 1837 γραφῆς
1662 1768 1845 1821 είκὸνα

258 1854 361 1908 τοῦ
384 1853 592 1918 πάθους
612 1871 628 1886 ·
671 1855 765 1908 καὶ
787 1856 889 1909 οὑκ
925 1855 1193 1926 ἀδακρυτὶ
1215 1856 1312 1927 τὴν
1349 1857 1479 1911 θέαν
1507 1859 1789 1931 παρῆλθον
1825 1877 1839 1890 ·

262 1945 515 2019 ἐναργῶς
530 1946 630 2015 τῆς
658 1946 859 2019 τέχνης
874 1947 1108 2018 ὑπ’δψιν
1126 1946 1370 2021 ἀγούσης
1398 1948 1496 2020 τὴν
1526 1949 1788 2019 ἱστορίαν.
1816 1969 1837 2003 ι

273 2039 336 2093 '0
372 2039 787 2111 Χρυσόστομος·
832 2059 851 2090 ι
911 2039 1055 2109 Ἐγὼ
1090 2039 1185 2093 καὶ
1210 2039 1311 2111 τὴν
1349 2041 1653 2112 κηρόχυτον
1700 2043 1841 2112 ἠγά-

262 2148 421 2202 πησα
458 2131 680 2204 γραφὴν
729 2130 1013 2195 εὐσεϐείας
1045 2131 1232 2185 ἕνεκεν
1261 2132 1720 2205 πεπληρωμένην.
1750 2130 1842 2187 Εἶ-

259 2223 352 2278 δον
378 2224 487 2296 γὰρ
507 2224 738 2294 ἄγγελον
761 2226 819 2279 ὲν
840 2224 1009 2279 εἰκόνι
1025 2225 1320 2281 ἐλαύνοντα
1335 2225 1637 2299 Βαρϐάρων
1654 2225 1839 2298 στίφη·

262 2311 408 2371 εἶδον
450 2316 769 2387 πατούμενα
817 2318 1121 2389 Βαρϐάρων
1158 2318 1301 2387 φῦλα
1326 2337 1343 2352 ·
1385 2317 1483 2373 καὶ
1543 2318 1636 2371 τὸν
1682 2318 1849 2372 Δαϐὶδ

261 2411 619 2481 ἀληθεύοντα·
648 2412 842 2481 Κύριε,
864 2411 935 2465 ἐν
956 2410 1034 2480 τῇ
1052 2411 1225 2467 πόλει
1243 2427 1362 2466 σου
1381 2411 1496 2478 τὴν
1512 2412 1717 2467 εἰκόνα
1740 2414 1847 2467 αὑ-

258 2503 386 2556 τῶν
418 2502 872 2570 ἐξουδενώσεις.
914 2502 1183 2575 Κύριλλος
1227 2503 1665 2575 Ἀλεξανδρείας·
1703 2522 1721 2556 ι
1751 2498 1845 2556 Εἷ-

258 2595 354 2650 δον
380 2595 491 2665 ἐγὼ
516 2596 661 2650 κατὰ
683 2597 868 2669 τοίχου
896 2597 1135 2669 γραφὴν,
1167 2596 1499 2651 ὲναθλοῦσαν
1522 2599 1635 2661 τοῖς
1662 2597 1843 2667 σκάμ-

262 2706 404 2759 μασι
426 2688 593 2761 κόρην
611 2704 625 2719 °
647 2689 742 2743 καὶ
753 2691 853 2743 οὑκ
872 2689 1141 2760 ἀδακρυτὶ
1156 2688 1253 2759 τὴν
1266 2688 1392 2742 θέαν
1411 2686 1784 2743 κατώπτευσα.
1818 2705 1838 2739 ι

259 2782 563 2854 Γρηγόριος
588 2782 617 2835 6
635 2782 893 2850 Θεολόγος
913 2801 926 2814 ·

1952 570 2001 628 si
2032 571 2115 628 sic
2148 586 2235 626 res
2272 571 2381 627 illic
2419 572 2627 639 habet;
2662 575 2834 630 multo
2875 577 3050 646 magis
3098 576 3154 631 in
3186 577 3254 634 iis
3286 578 3541 650 imagini-

1952 663 2059 720 bus
2088 679 2210 735 quae
2252 664 2395 720 inter
2425 667 2756 737 vigilandum
2828 669 3219 736 informantur,
3282 672 3542 728 utrolibet

1952 757 2117 811 modo
2148 772 2374 813 necesse
2427 769 2511 814 est
2560 758 2697 816 ailici
2748 772 3123 818 contuentem.
3191 758 3309 818 Non
3363 763 3541 836 legisui

1952 846 2183 911 scilicet,
2223 847 2308 902 vir
2343 849 2568 918 optime,
2602 850 2748 921 quod
2774 860 2986 907 veteres
3015 852 3307 922 exemplari
3334 863 3383 909 et
3421 871 3540 909 um-

1953 936 2064 994 bra:
2089 938 2386 994 deserviunt
2420 941 2707 996 caelestium
2728 942 2776 974 ⁷⁸
2802 984 2816 998 .
2868 942 3055 1009 Quid?
3111 951 3402 1015 utrumque
3430 961 3539 1001 non

1952 1030 2134 1101 imago
2173 1031 2292 1087 est?
2324 1046 2434 1087 non
2464 1033 2518 1087 in
2550 1033 2787 1103 imagine
2844 1034 2912 1089 ad
2952 1035 3258 1091 caelestium
3291 1044 3541 1092 contem-

1950 1123 2245 1193 plationem
2276 1124 2718 1181 subvehebantur
2744 1126 2769 1181 ’ἓ
2800 1141 2909 1181 non
2940 1128 3001 1181 in
3034 1128 3267 1197 imagine
3297 1141 3543 1199 pertran-

1949 1215 2019 1268 sit
2056 1216 2235 1271 omnis
2263 1218 2417 1270 homo
2450 1217 2497 1251 ⁷⁹
2536 1259 2552 1285 ,
2591 1227 2653 1273 ut
2703 1232 2828 1273 cum
2876 1217 3080 1274 Davide
3136 1219 3375 1290 loquar?
3429 1236 3539 1277 nou

1950 1304 2067 1377 ipse
2090 1314 2170 1372 tu,
2203 1305 2586 1375 lcouomache,
2629 1306 2721 1362 Dei
2750 1307 2956 1378 imago,
2992 1317 3045 1365 et
3096 1309 3161 1364 ad
3187 1310 3361 1380 patris
3387 1309 3544 1365 simi-

1948 1398 2233 1454 litudinem
2275 1400 2513 1472 genitus,
2542 1408 2597 1457 et
2632 1401 2893 1473 graphice
2940 1401 3278 1473 depictus-in
3316 1402 3542 1458 tabula?

1945 1491 2029 1548 An
2057 1501 2113 1548 tu
2159 1492 2311 1550 solus
2346 1493 2467 1551 sine
2497 1494 2741 1566 imagine
2795 1510 2877 1563 es,
2912 1504 3176 1567 tanquam
3237 1511 3343 1551 non
3376 1496 3541 1551 homo

1947 1583 2049 1648 sis,
2096 1584 2189 1640 sed
2247 1595 2441 1655 partus
2473 1585 2778 1651 abortivus,
2830 1597 2995 1658 atque
3034 1588 3239 1642 idcirco
3287 1588 3366 1642 sic
3393 1597 3447 1642 et
3475 1590 3542 1644 de

1949 1673 2161 1730 sanctis
2191 1674 2524 1731 existimas?
2566 1674 2767 1732 Verum
2816 1685 2877 1733 ut
2916 1677 3182 1748 majorem
3212 1680 3329 1733 haec
3359 1678 3537 1735 oratio

1947 1762 2190 1818 inveniat
2221 1763 2406 1830 ﬁdem,
2440 1766 2653 1836 propria
2684 1767 3108 1825 ratiocinatione
3140 1772 3536 1840 praetermissa,

1949 1855 2067 1927 ipsa
2120 1856 2401 1913 exhibebit
2457 1858 2609 1915 orbis
2682 1868 2952 1916 terrarum
2985 1861 3226 1929 lumina,
3290 1878 3412 1933 quae
3442 1862 3539 1918 tibi

1948 1944 2016 1999 ad
2050 1946 2385 2017 interrogata
2430 1949 2817 2019 respondeant.
2863 1949 3160 2021 Gregorius
3211 1951 3537 2022 Nyssenus:

1948 2037 2074 2095 Vidi
2110 2054 2484 2111 saepenumero
2530 2043 2586 2097 in
2629 2042 2841 2113 pictura
2878 2044 3173 2114 imaginem
3203 2046 3282 2100 rei
3308 2045 3541 2101 misera-

1950 2131 2098 2199 bilis,
2128 2148 2227 2189 nec
2246 2132 2420 2188 oculis
2472 2133 2637 2190 siccis
2688 2137 3059 2205 spectaculum
3091 2137 3324 2208 praeterii
3358 2154 3372 2191 :
3405 2138 3541 2193 adeo

1950 2223 2241 2279 manifeste
2270 2224 2373 2280 sub
2394 2225 2587 2281 oculos
2610 2242 2725 2281 rem
2753 2237 2964 2297 gestam
2998 2244 3089 2283 ars
3116 2229 3412 2284 exhibebat
3431 2230 3530 2282 ⁸ο.»

1954 2312 2382 2384 Clirysostomus
2406 2314 2452 2348 “
2479 2333 2493 2371 :
2521 2334 2540 2368 ι
2574 2316 2685 2387 Ego
2701 2323 2755 2372 et
2776 2318 2829 2373 in
2862 2334 2988 2374 cera
3018 2334 3337 2389 expressam
3359 2319 3537 2375 amavi

1952 2410 2249 2481 picturam,
2273 2410 2497 2482 pietatis
2531 2426 2698 2465 causa
2732 2410 3061 2466 coniectam.
3103 2409 3227 2466 Vidi
3260 2412 3406 2466 enim
3435 2427 3537 2467 an-

1950 2506 2129 2577 gelum
2161 2507 2215 2561 in
2239 2506 2473 2577 imagine
2510 2505 2871 2562 Barbarorum
2910 2507 3096 2578 copias
3138 2507 3534 2576 dissipantem;

1947 2599 2059 2654 vidi
2091 2598 2458 2654 Barbarorum
2492 2599 2711 2670 agmina
2747 2599 3163 2655 couculcautem
3197 2619 3211 2656 :
3249 2599 3539 2655 Davidem-

1953 2706 2060 2762 que
2083 2706 2208 2747 vere
2231 2692 2499 2747 dicentem
2537 2709 2551 2745 :
2578 2692 2823 2758 Domine,
2845 2690 2849 2695 ’
2870 2692 2925 2746 in
2969 2694 3185 2748 civitate
3223 2703 3315 2749 tua
3345 2692 3539 2763 imagi-

1955 2800 2071 2839 nem
2121 2785 2357 2855 ipsorum
2413 2785 2483 2839 ad
2549 2785 2774 2841 nihilum
2835 2788 3035 2858 rediges
3085 2787 3153 2842 ⁸³.
3208 2806 3228 2840 ι
3294 2785 3537 2858 Cyrillus

258 2874 710 2931 Alexandrinus:
744 2894 764 2927 ι
801 2875 919 2929 Vidi
943 2889 1045 2944 ego
1097 2875 1152 2929 in
1206 2873 1415 2946 pariete
1453 2872 1745 2944 picturam,
1790 2872 2024 2943 puellam
2059 2874 2114 2929 in
2146 2875 2325 2932 stadio
2355 2874 2723 2931 decertantem
2755 2894 2769 2931 :
2813 2891 2914 2933 nec
2942 2876 3097 2932 licuit
3122 2877 3241 2934 sine
3262 2875 3526 2946 lacrymis

260 2969 638 3039 Spectaculum
676 2968 944 3023 contueri.
976 2966 1274 3038 Gregorius
1305 2965 1615 3036 Tbeologus
1647 2964 1691 2997 "
1723 2980 1738 3017 :

334 3087 447 3157 Τῆς
473 3086 518 3139 δ’
546 3081 615 3157 ῆν
640 3084 1013 3157 ὑπερκύπτων
1034 3085 1301 3157 ΠολέμωνΔ
1322 3086 1379 3157 έν
1408 3085 1598 3157 εἰκόνι.

336 3147 791 3227 ΤάύτηνῚδοῦσά
836 3155 1077 3228 ίθιιρρίε,
1125 3147 1357 3228 ὲτάιρίς]
1431 3156 1549 3228 (κα).
1598 3152 1709 3228 γὰρ
1754 3147 1824 3224 ἦν
1858 3161 1903 3221 c

1442 3225 1741 3297 σεϐασμία)
1752 3264 1766 3289 ,

346 3296 615 3368 Ἀπῆλθεν
643 3295 803 3360 εὑθύς
821 3314 837 3329 ·
865 3297 961 3351 καὶ
987 3295 1116 3360 θέας
1143 3296 1447 3368 ἡττημένη,

346 3368 435 3432 Ὠς
461 3366 617 3432 ζῶντ’
649 3368 1075 3439 ὲπαισχυνθεῖσα
1100 3366 1192 3421 τὸν
1216 3366 1625 3439 γεγραμμένον.

261 3480 542 3546 Βασίλειος
580 3481 610 3534 6
651 3479 857 3551 μέγας·
896 3500 915 3532 ι
964 3479 1263 3550 ’Δνάστητέ
1312 3497 1404 3551 μοι
1445 3478 1561 3548 νῦν,
1599 3472 1646 3533 ὦ
1697 3479 1842 3550 λαμ-

260 3576 396 3647 προὶ
428 3574 538 3629 τῶν
574 3573 886 3645 ἀθλητικῶν
916 3573 1364 3645 κατορθωμάτων
1402 3572 1718 3646 ζωγράφοι·
1743 3571 1843 3643 τὴν

260 3667 362 3721 τοῦ
394 3665 707 3736 στρατηγοῦ
748 3664 1139 3719 κολοϐωθεῖσαν
1168 3664 1354 3718 εἰκόνα
1381 3666 1502 3727 ταῖς
1545 3662 1845 3734 ὑμετέραις

263 3762 613 3835 μεγαλύνατε
665 3761 921 3832 τέχναις·
980 3759 1361 3831 ἀμαυρότερον
1399 3757 1534 3830 παρ’
1583 3755 1719 3828 ὲμοῦ
1752 3755 1843 3809 τὸν

262 3854 596 3926 στεφανίτην
622 3853 903 3926 γραφέντα
930 3854 1045 3916 τοῖς
1077 3852 1180 3921 τῆς
1210 3852 1485 3922 ὑμετέρας
1517 3848 1710 3919 σοφίας
1743 3864 1845 3900 πε-

258 3946 576 4019 ριλάμψατε
619 3945 927 4020 χρώμασιν.
981 3944 1227 3998 ’Λπέλθω
1258 3945 1324 4015 τῇ
1360 3941 1468 3996 τῶν
1504 3939 1845 4012 ἁριστευμά-

257 4057 375 4094 των
417 4039 513 4093 τοῦ
557 4038 832 4110 μάρτυρος
885 4036 1240 4108 νενικημένος
1285 4035 1497 4104 γραφῇ.
1529 4030 1721 4102 Χαίρω
1771 4032 1840 4102 τῇ

256 4129 492 4201 τοιαύτῃ
520 4130 622 4196 τῆς
648 4130 925 4200 ὑμετέρας
964 4125 1146 4197 ἰσχύος
1176 4127 1418 4196 σήμερον
1439 4123 1568 4194 νίκῃ
1595 4120 1847 4193 ἡττώμε-

257 4241 354 4286 νος
379 4238 395 4254 ⁸
427 4224 523 4277 ῐδω
549 4221 649 4291 τῆς
681 4222 864 4292 χειρὸς
887 4221 1026 4293 πρὸς
1054 4219 1114 4273 τὸ
1146 4219 1260 4289 πῦρ
1291 4214 1683 4289 ἀκριϐέστερον
1712 4214 1844 4287 παρ’

262 4314 426 4385 ὑμῶν
462 4315 816 4386 γραφομένην
855 4312 957 4385 τὴν
984 4311 1183 4383 πάλην.
1215 4309 1337 4363 Ἴδω
1369 4307 1722 4381 φαιδρότερον
1751 4307 1846 4361 ἐπὶ

254 4408 371 4479 τῆς
414 4409 692 4479 ὑμετέρας
732 4407 823 4461 τὸν
850 4405 1157 4478 παλαιστὴν
1186 4402 1576 4476 γεγραμμένον
1613 4400 1843 4464 είκόνος.

258 4501 677 4556 Κλαυσάτωσαν
724 4499 978 4571 δαίμονες
1020 4499 1113 4553 καὶ
1149 4497 1246 4551 νῦν
1286 4498 1410 4561 ταῖς
1436 4494 1532 4548 τοῦ
1570 4492 1847 4565 μάρτυρος

2021 3077 2302 3152 Eminebat
2330 3079 2520 3133 exinde
2548 3078 2801 3152 Polemon
2827 3081 2882 3136 in
2910 3082 3141 3152 imagine
3162 3099 3183 3137 :

2014 3150 2191 3217 Quam
2248 3166 2367 3204 cum
2404 3149 2683 3223 (scortum)
2713 3152 2953 3218 videret;
2983 3149 3095 3224 eiet
3144 3154 3283 3224 enim
3323 3157 3535 3224 pictura

3053 3222 3385 3294 [venerabilis
3416 3244 3437 3294 ;

2002 3290 2230 3364 Repente
2271 3291 2436 3364 abiit,
2485 3308 2600 3364 nec,
2631 3292 2768 3361 ferre
2824 3290 3179 3362 spectaculum
3213 3299 3406 3364 potuit.

2016 3361 2147 3418 Cum
2171 3362 2386 3431 puderet
2410 3363 2605 3417 intueri
2628 3364 2784 3434 quasi
2805 3364 3055 3418 viventem
3080 3366 3169 3435 qui
3200 3361 3370 3436 pictus
3392 3378 3530 3424 erat.

1947 3477 2189 3535 Basilius
2229 3493 2460 3549 magnus
2494 3496 2508 3534 :
2546 3498 2566 3531 ι
2597 3477 2889 3548 Exsurgite
2949 3479 3082 3534 mihi
3134 3495 3304 3547 nunc,
3336 3496 3370 3537 ο
3395 3497 3535 3552 prte-

1946 3569 2080 3626 clari
2098 3569 2485 3627 athleticorum
2507 3578 2786 3642 gestorum
2821 3572 3083 3641 pictores,
3108 3573 3353 3629 mutilum
3376 3573 3534 3630 ducis

1945 3665 2243 3737 imaginem
2282 3666 2485 3722 eximio
2518 3674 2702 3722 vestro
2753 3666 2988 3722 artiﬁcio
3020 3666 3298 3723 illustrate
3324 3686 3338 3723 :
3364 3682 3531 3724 coro-

1945 3769 2137 3814 natum
2179 3760 2464 3824 athletam,
2507 3759 2799 3815 obscurius
2825 3774 2856 3814 a
2887 3774 2975 3816 me
3004 3760 3303 3830 depictum,
3334 3770 3534 3818 vestrae

1948 3866 2050 3908 vos
2082 3851 2369 3907 industriae
2386 3851 2664 3909 coloribus
2687 3852 3048 3921 conspicuum
3078 3852 3307 3908 reddite.
3342 3852 3532 3909 Disce-

1948 3943 2072 3999 dam
2118 3957 2299 3999 rerum
2333 3944 2592 4014 praeclare
2620 3959 2652 3999 a
2712 3952 2952 4015 martyre
3004 3953 3283 4014 gestarum
3318 3945 3531 4013 pictura

1949 4035 2148 4091 victus.
2193 4035 2474 4092 Gaudeam
2510 4036 2609 4091 tali
2656 4044 2853 4092 vestrae
2890 4036 3126 4093 solertia:
3172 4036 3404 4092 victoria
3428 4037 3535 4093 ho-

1948 4127 2141 4181 dierno
2174 4126 2264 4182 die
2289 4135 2605 4196 superatus.
2626 4125 2817 4183 Liceat
2843 4127 3047 4182 intueri
3071 4142 3271 4182 manus
3303 4127 3531 4198 hujusce

1948 4231 2072 4272 cum
2122 4217 2247 4288 igne
2291 4217 2493 4273 luctam
2530 4218 2849 4289 diligentius
2898 4236 2931 4274 a
2981 4218 3134 4275 vobis
3178 4218 3525 4274 delineatam.

1949 4308 2175 4365 Videam
2225 4310 2551 4367 alacriorem
2597 4311 2839 4383 pugilem
2882 4321 3061 4368 vestra
3086 4311 3361 4380 depictum
3388 4311 3530 4365 ima-

1948 4398 2093 4468 gine.
2126 4396 2374 4470 Lugeant
2401 4398 2677 4456 damones
2705 4408 2763 4456 et
2801 4416 2951 4456 nunc
2983 4401 3242 4473 martyris
3265 4401 3410 4455 inter
3432 4415 3532 4458 vos

1952 4488 2149 4543 virtute
2204 4489 2494 4559 perculsi:
2549 4489 2749 4546 ardens
2797 4490 2994 4546 iterum
3031 4489 3165 4560 ipsis
3203 4505 3426 4555 manus,
3478 4498 3534 4545 et

252 4595 323 4649 ἐν
352 4595 484 4663 ὑμῖν
521 4593 826 4665 ἀριστείαις
852 4591 1232 4663 «πληττόμενοι
1257 4605 1272 4620 ·
1328 4586 1637 4659 φλεγομένη
1679 4586 1842 4641 πάλιν

1950 4581 2146 4636 victrix
2202 4582 2449 4653 quidem,
2505 4582 2823 4639 ostendatur
2851 4579 2919 4639 ⁸⁵.
2952 4602 2972 4635 ι
3003 4581 3218 4650 Viden‘,
3267 4582 3531 4653 quemad-

260 4686 457 4748 αὑτοῖς
485 4686 519 4757 ἡ
554 4686 677 4757 χεὶρ
707 4685 803 4740 καὶ
837 4683 1046 4741 νικῶσα
1072 4681 1392 4737 δεικνύσθω.
1428 4701 1448 4735 ι
1501 4680 1665 4752 Ὁρᾷς
1696 4680 1846 4743 ὅπως

256 4782 292 4833 6
340 4780 439 4850 μὲν
483 4778 775 4851 προτίθησι
804 4778 903 4848 τῆς
937 4775 1311 4847 λογογραφίας
1345 4775 1445 4847 τὴν
1485 4773 1843 4845 ζωγραφίαν·

252 4872 325 4925 ὲν
424 4871 601 4942 ζὴλίκη
636 4872 670 4941 ἡ
722 4870 1032 4936 ὲκθείασις,
1076 4868 1153 4932 ὡς
1178 4868 1272 4921 καὶ
1316 4866 1528 4920 κλαίειν
1564 4866 1693 4929 τοὺς
1731 4864 1847 4919 δαί-

262 4979 467 5036 μονοις·
504 4964 532 5017 6
572 4963 632 5017 δὲ
667 4962 914 5032 πηλίκως
957 4963 1074 5025 πῶς
1114 4960 1386 5031 σεϐαστὴν
1427 4960 1528 5031 τὴν
1569 4959 1847 5030 είκονουρ-

256 5055 395 5124 γίαν
437 5053 729 5127 κέκληκεν,
773 5055 849 5118 ὼς
878 5053 1150 5125 ἑταιρίδος
1190 5051 1570 5125 σωφρονισμὸν
1600 5050 1846 5122 ὑπάρξα-

258 5163 403 5214 σαν;
438 5142 575 5201 Εἶτα
604 5146 773 5201 πάλιν
818 5145 937 5210 πῶς
974 5148 1003 5201 6
1029 5145 1217 5217 ἕτερος
1242 5145 1343 5199 οὐκ
1369 5143 1609 5215 ἄδακρυς
1646 5145 1712 5196 ὲκ
1747 5142 1847 5213 τῆς

256 5238 551 5309 γραφικῆς
598 5238 732 5302 θέας
780 5237 1037 5303 ἄπεισιν,
1100 5236 1160 5290 ὲν
1212 5237 1281 5307 τῇ
1337 5237 1525 5307 γραφῇ
1580 5233 1847 5288 ἀθλοῦσαν

265 5330 486 5403 βλέπων
522 5329 623 5403 τὴν
677 5330 963 5404 μάρτυρας
1013 5329 1186 5385 Πάλιν
1213 5330 1332 5394 πῶς
1372 5332 1402 5384 6
1436 5328 1595 5393 ἄλλος
1629 5329 1847 5399 ἠγαπη-

257 5421 439 5493 μένην
474 5422 632 5477 καλεῖ
667 5422 769 5493 τὴν
817 5422 1120 5494 κηρόχυτον
1168 5419 1425 5492 γραφὴν,
1477 5418 1554 5483 ὡς
1605 5419 1664 5473 ὲν
1702 5419 1846 5489 αὐτῇ

264 5514 390 5569 ἰδὼν
436 5516 505 5570 τὰ
553 5517 916 5587 πρωτότυπα;
978 5517 1213 5570 Ἔπειτα
1262 5515 1358 5569 καὶ
1392 5515 1422 5568 6
1466 5512 1582 5586 μετ’
1608 5512 1839 5579 αὐτοὺς,

258 5607 385 5673 πῶς
411 5608 524 5663 οὐδ’
553 5609 717 5675 αὐτὸς
748 5612 813 5665 ὲκ
834 5610 934 5682 τῆς
964 5609 1187 5683 γραφῆς
1231 5609 1392 5681 τῆσδε
1419 5608 1658 5679 ἄδακρυς
1685 5607 1842 5663 ἄπει-

1949 4675 2171 4730 modum
2199 4675 2339 4731 alter
2368 4675 2675 4731 narrationi
2705 4675 2978 4745 picturam
3006 4675 3309 4746 anteponit,
3340 4674 3393 4728 in
3421 4689 3532 4743 qua

1948 4774 2160 4822 tantum
2186 4766 2318 4823 insit
2342 4768 2538 4825 divina:
2579 4768 2821 4836 virtutis,
2856 4776 2917 4823 ut
2955 4768 3233 4824 daemones
3256 4768 3320 4822 ad
3353 4771 3533 4838 laery-

1947 4874 2068 4917 mas
2098 4861 2311 4933 adigat:
2338 4862 2477 4918 alter
2495 4870 2554 4917 ut
2582 4862 2948 4918 venerabilem
2980 4861 3245 4932 picturam
3274 4846 3529 4931 appellet,

1946 4953 2096 5024 quod
2158 4963 2406 5010 scortum
2444 4953 2689 5025 adegerit
2715 4954 2784 5010 ad
2823 4954 3217 5010 continentiam
3252 4954 3275 5008 ‘I
3318 4952 3441 5008 Mox
3473 4962 3533 5008 ut

1949 5044 2087 5100 alter
2113 5044 2311 5100 iterum
2341 5058 2453 5099 non
2496 5044 2615 5100 sine
2645 5044 2905 5117 lacrymis
2933 5045 3052 5099 visa
3074 5043 3269 5099 tabella
3303 5042 3525 5107 abierit,

1947 5135 2108 5207 quasi
2159 5136 2216 5191 in
2263 5136 2474 5207 pictura
2528 5143 2830 5208 martyrem
2870 5135 3108 5208 puellam
3158 5134 3531 5191 decertantem

1946 5229 2228 5285 vidisset?
2264 5227 2506 5285 Rursqu
2549 5238 2611 5285 ut
2653 5229 2796 5287 alius
2839 5227 3224 5286 charissimam
3257 5235 3416 5285 vocet
3443 5227 3531 5298 pi-

1949 5332 2163 5378 cturam
2203 5323 2596 5391 eucaustieam,
2630 5323 2792 5394 quasi
2838 5324 2893 5378 in
2944 5324 3061 5393 ipsa
3112 5329 3398 5392 prototypa
3445 5320 3532 5373 in-

1947 5425 2192 5473 tueretur
2226 5417 2250 5471 ?
2291 5418 2488 5474 Postea
2513 5425 2568 5474 et
2598 5418 2646 5474 is
2674 5417 2768 5489 qui
2809 5424 3038 5473 caeteros
3061 5414 3435 5485 subsequitur,
3471 5419 3534 5468 ut

1950 5528 2052 5569 nec
2091 5512 2209 5583 ipse
2247 5510 2413 5569 siccis
2466 5512 2537 5568 ab
2564 5522 2791 5583 aspectu
2831 5510 3062 5579 hujusce
3106 5507 3305 5563 tabulae
3354 5501 3533 5561 oculis

1951 5607 2173 5675 abierit,
2204 5606 2431 5681 perinde
2453 5612 2619 5677 atque
2642 5620 2758 5662 rem
2779 5604 2954 5675 ipsam
2978 5600 3151 5657 oculis
3172 5596 3534 5669 usurpasset?

336 5742 383 5774 ’³⁸
400 5740 574 5817 ﬁebr.
607 5760 725 5808 vm,
769 5745 824 5802 5.
899 5748 942 5781 '"
970 5747 1116 5804 Psal.
1145 5763 1380 5812 xxxvm,
1406 5748 1460 5805 7.
1534 5749 1581 5782 ⁸⁸
1611 5747 1762 5804 Orat.
1799 5747 1854 5803 iu
1881 5747 2183 5811 Abraham,
2210 5757 2252 5805 t.
2294 5746 2361 5811 ll,
2380 5762 2504 5817 pag.
2525 5745 2652 5817 9087.
2723 5741 2771 5817 f’
2797 5741 2974 5817 S_err_n.
2994 5741 3060 5798 de
3080 5739 3310 5817 d_ive_rsis
3330 5739 3531 5796 utrius-

254 5829 375 5884 que
399 5813 732 5874 Testameuti
768 5818 923 5875 locis.
997 5819 1041 5850 θ’
1073 5819 1222 5877 Psal.
1250 5810 1418 5888 Lxxit,
1458 5819 1548 5875 20.
1625 5821 1670 5853 ”
1702 5820 1851 5875 lamb
1904 5834 2074 5876 carm.
2109 5819 2198 5874 18.
2273 5819 2319 5853 ⁸⁸
2342 5810 2499 5874 Ηοιιῖ.
2533 5816 2599 5871 i7
2627 5816 2682 5871 in
2719 5811 2778 5869 S.
2810 5813 3083 5875 Barlaam,
3110 5810 3165 5866 in
3192 5811 3319 5868 ﬁne.
