4054 6364
28 1633 32 1798 l

575 303 720 372 1223

1762 325 1822 385 S.
1862 325 2254 392 THEODORI
2293 333 2638 395 STUDITBE
3695 335 3830 400 ιξρι

578 414 710 473 Vide
741 426 875 486 quot
903 433 967 471 ex
1006 433 1068 473 ea
1100 435 1160 477 re
1190 423 1516 480 commoda:
1543 428 1914 500 contemplare
1934 443 2151 502 quanta:

2257 455 2373 505 σιν,
2427 441 2503 504 ὡς
2549 440 2719 512 αὐτὴν
2767 438 3055 494 ὑπολαϐὼν
3098 438 3198 510 τὴν
3241 435 3540 509 abraditur;
3573 440 3684 496 Ἴδε
3729 443 3830 496 ὅσα

573 511 684 566 sint
710 509 994 566 utilitates.
1023 511 1088 567 Et
1115 527 1404 587 postquam
1438 518 1748 578 sciscitatus
1771 524 2014 593 audiisti,
2040 542 2148 581 non

2257 532 2318 586 τά
2348 509 2688 604 ὀνησιφόραλ
2746 532 3022 602 σκόπησον
3305 529 3376 584 τὰ
3402 531 3680 602 ὠφέλιμα.
3719 533 3832 586 Καὶ

573 601 644 656 ab
684 601 789 656 hoc
814 602 899 656 vel
944 603 1037 659 illo
1076 621 1142 661 ex
1181 607 1464 664 hominum
1496 611 1650 680 plebe
1685 627 1748 668 ac
1779 613 1929 679 fasce,
1957 618 2151 676 setlab

576 693 644 748 iis
675 695 770 766 qui
802 710 927 751 cum
954 696 1160 768 Spiritu
1189 698 1281 753 Dei
1309 700 1682 770 loquerentur,
1709 705 1896 760 orbem
1934 708 2152 763 univer-

578 799 703 840 sum
761 788 919 856 quasi
975 790 1174 844 tonitru
1208 799 1451 846 terruere
1483 809 1499 859 ;
1557 795 1766 866 subjice
1811 800 1956 867 quod
1987 816 2052 855 ex
2085 802 2152 857 iis

577 877 948 946 concluditur,
1008 895 1042 934 ο
1090 881 1460 937 ratiocinator.
1520 883 1628 940 Sed
1687 890 2021 958 perspicuum
2073 902 2151 947 est

575 967 787 1022 inanem
827 969 1089 1036 eiusmodi
1115 975 1552 1042 excogitationem
1588 994 1718 1045 esse,
1772 991 1822 1034 et
1875 983 2154 1039 diabolica:

509 1107 519 1120 ,
577 1060 710 1114 artis
740 1062 1001 1114 inventum
1031 1062 1097 1116 ⁸⁸.
1131 1066 1448 1132 Opportune
1476 1067 1562 1123 hic
1581 1069 1708 1125 licet
1733 1080 1988 1129 contenta
2020 1093 2155 1131 voce

579 1150 924 1204 exclamare:
969 1151 1302 1220 Obstupesce,
1350 1158 1558 1225 caelum,
1597 1177 1752 1231 super
1773 1165 1869 1218 hoc
1890 1165 1972 1222 "z
2012 1183 2156 1238 quo-

579 1239 723 1293 niam
756 1237 950 1293 frivola
974 1244 1301 1312 excogitatio
1326 1261 1391 1300 ac
1409 1247 1690 1305 diabolica:
1717 1254 1850 1309 artis
1874 1237 2153 1314 inventum

581 1329 632 1384 id
669 1332 996 1400 appellatur,
1045 1337 1189 1404 quod
1228 1337 1397 1395 divini
1426 1340 1613 1398 Patres
1649 1344 1906 1403 docuere.
1940 1351 2010 1404 At
2045 1365 2154 1408 non

581 1423 654 1479 ita
705 1433 810 1489 est,
862 1426 1222 1497 impostorum
1271 1434 1605 1502 nequissime
1651 1455 1665 1492 :
1731 1439 1824 1494 sed
1867 1456 1898 1494 e
1939 1442 2157 1500 diverso

579 1520 876 1585 regerentla
915 1519 970 1572 in
1007 1529 1058 1574 te
1111 1521 1307 1592 linguae
1350 1525 1618 1582 vibrantis
1661 1528 1866 1598 jacuvla.
1895 1531 2156 1599 Quando-

579 1607 798 1676 quidem
827 1609 994 1680 lgitur
1029 1613 1131 1668 tela
1157 1625 1240 1668 est
1265 1617 1330 1670 ad
1350 1616 1508 1673 finem
1537 1636 1713 1690 usque
1737 1633 2004 1694 pertexta,
2025 1627 2156 1684 illud

2252 623 2441 696 ἐπειδὴ
2473 625 2756 695 ἐρωτήσας
2782 625 3047 694 ἤκουσας,
3076 623 3138 676 οὐ
3172 623 3324 694 παρά
3362 622 3518 677 τοῦδε
3555 624 3651 678 καὶ
3674 624 3830 680 τοῦδε

2253 715 2506 786 σμικρῶν
2559 713 2863 786 ἀνθρώπων
2909 717 3009 769 καὶ⁵
3068 713 3406 784 οὐδαμινῶν,
3457 710 3600 786 πρὸς
3651 715 3830 770 αὐτῶν

2250 807 2308 862 δὲ
2333 807 2442 860 τῶν
2474 806 2747 877 πνεύματι
2793 805 3191 877 φθεγξαμένων
3226 807 3390 872 Θεοῦ,
3429 807 3527 861 καὶ
3559 805 3830 877 βροντῶν-

2251 915 2360 953 των
2400 899 2498 970 τὴν
2535 897 2627 952 ὑπ’
2676 898 2925 968 οὐρανὸν,
2967 899 3176 970 φράσον
3212 899 3307 952 καὶ
3343 898 3406 952 τὺ
3455 895 3830 968 συμπέρασμα

2251 990 2570 1057 τοῦλόγου,
2612 984 2658 1042 ὧ
2693 989 3055 1057 δογματιστά.
3112 987 3276 1044 Ἀλλ’
3313 989 3581 1056 εὔδηλον
3611 989 3695 1054 ὡς
3719 1004 3831 1057 μα-

2252 1080 2389 1133 ταία
2416 1079 2453 1148 ἡ
2477 1076 2716 1146 τοιαύτη
2739 1078 2993 1142 ἐπίνοια,
3021 1080 3116 1133 καὶ
3146 1077 3501 1148 διαϐολικῆς
3514 1078 3832 1149 μεθοδείας

2254 1172 2490 1241 εὕρεμα.
2547 1169 2815 1241 Εὖκαιρον
2858 1169 3094 1224 ἐνταῦθα
3151 1168 3416 1241 ὲκὸοῆσαι
3469 1171 3615 1241 μέγα
3642 1179 3661 1203 ⁸
3691 1172 3832 1224 Ἕκ-

2255 1264 2453 1327 στηθι,
2485 1261 2724 1330 οἰῳανὲ,
2757 1260 2859 1313 ἐπὶ
2909 1261 3131 1328 τούτῳο
3160 1261 3244 1314 ὃτι
3286 1260 3521 1331 ματαίαν
3553 1260 3828 1325 ἐπίνοιαν,

2255 1353 2349 1404 καὶ
2383 1350 2598 1423 εὕρεμα
2625 1353 2908 1422 μεθοδείας
2940 1353 3192 1407 διαϐόλου
3220 1353 3290 1406 τά
3314 1353 3470 1424 παρά
3494 1353 3608 1406 τῶν
3639 1355 3830 1422 θεοφό-

2259 1460 2367 1514 ρων
2401 1441 2521 1515 ίερά
2555 1443 2800 1515 δόγματα
2829 1445 3195 1515 ὲκπέφασται.
3239 1445 3380 1501 Ἀλλ’
3412 1447 3513 1517 οὐχ
3547 1445 3726 1510 οὓτως
3747 1488 3763 1509 ,
3789 1441 3833 1500 ὧ

2257 1535 2474 1588 πλάνων
2517 1535 2743 1605 μέγιστε
2767 1551 2781 1566 °
2820 1537 3136 1592 τούναντίον
3183 1537 3241 1591 at
3277 1539 3370 1592 ἐπὶ
3415 1539 3502 1591 σοὶ
3542 1538 3834 1594 ἀναθετέον

2255 1627 2324 1682 τὰ
2365 1627 2464 1698 τῆς
2493 1625 2742 1698 γλώττης
2783 1645 2877 1682 σου
2909 1629 3312 1700 ἀμαρύγματα.
3365 1630 3523 1683 Ἐπεὶ
3547 1627 3643 1685 οῦν
3683 1632 3838 1696 τέλςς

579 1700 840 1770 pervelim
868 1710 920 1756 te
955 1719 1137 1770 nosse,
1166 1705 1352 1772 frater,
1389 1709 1488 1766 has
1513 1715 1812 1770 sententias
1857 1717 1927 1772 ab
1964 1718 2158 1774 leone-

2259 1717 2452 1789 ἔχειτὸ
2483 1718 2646 1788 ῦφοςο
2689 1721 2868 1774 ἐκεῖνο
2899 1719 3163 1790 βούλομαί
3211 1737 3294 1787 σε,
3337 1721 3556 1790 ἀδελφὲ,
3610 1722 3833 1787 ειδέναι,

584 1792 792 1847 ntacbis
812 1794 1042 1864 proferri
1067 1815 1080 1850 :
1102 1812 1334 1866 quarum
1357 1801 1476 1857 aliae
1495 1803 1564 1858 ab
1584 1804 1854 1860 haereticis
1878 1809 2158 1867 manifeste

2259 1788 2342 1864 ὅτι
2376 1809 2558 1878 ἇσπερ
2597 1788 2934 1881 προφέρουσι
2978 1788 3208 1884 χρήσεις
3246 1815 3296 1868 0i
3338 1788 3702 1886 Εἰκονομάχοι
3727 1831 3740 1843 ·
3779 1817 3836 1868 αἱ

581 1895 875 1955 petuntur;
913 1886 1027 1942 fieri
1051 1889 1218 1955 enim,
1236 1890 1349 1946 ﬁeri
1372 1894 1596 1950 omnino
1612 1911 1718 1951 non
1738 1905 1938 1968 potest,
1964 1909 2022 1956 ut
2046 1918 2156 1957 non

581 1978 938 2034 interseratur
978 1981 1323 2038 mendacium
1370 1987 1607 2054 veritati,
1659 1998 1718 2043 ut
1759 1989 2034 2047 frumento
2075 1995 2156 2048 zi-

581 2069 736 2124 zania
774 2088 788 2125 :
823 2071 944 2125 alia:
987 2087 1052 2126 ex
1085 2075 1288 2130 sanctis
1325 2074 1602 2145 Patribus,
1631 2096 1769 2150 quas
1811 2083 1891 2136 illi
1920 2084 2156 2140 obducta

581 2160 823 2216 tenebris
853 2163 1180 2231 cogitatione
1211 2181 1466 2235 perversa
1499 2171 1777 2240 accipiunt
1808 2188 1824 2227 :
1861 2175 1980 2230 aliae
2001 2176 2157 2231 deni-

581 2265 690 2320 que
741 2265 772 2306 a
826 2254 1109 2322 proposito
1162 2255 1372 2322 alienae,
1431 2274 1494 2315 ea
1529 2275 1652 2330 quae
1695 2262 1838 2320 idola
1885 2277 2156 2335 spectant,

583 2339 785 2396 Christi
849 2343 1072 2414 imagini
1151 2350 1694 2408 accommodantes:
1753 2371 1985 2425 quorum
2046 2375 2156 2416 non

581 2440 794 2500 oportet
834 2442 1037 2488 temere
1087 2449 1276 2492 vocem
1341 2439 1648 2507 admittere,
1711 2461 1906 2517 neque,
1967 2461 2156 2507 contra

581 2523 919 2580 sanctionem
971 2529 1351 2597 apostolicam,
1403 2548 1528 2589 cum
1587 2536 1859 2595 ltmreticis
1909 2541 2158 2599 conferre

582 2627 915 2672 sermonem.
961 2614 1234 2678 Caeterum
1281 2624 1470 2683 salvus
1513 2627 1610 2694 sis,
1639 2627 1755 2685 ﬁli:
1801 2640 1942 2688 etut
1969 2634 2156 2692 salvus

583 2721 686 2761 Slm
727 2723 845 2763 ora.

582 2815 849 2875 XXXVII.
901 2853 970 2865 —
1017 2822 1320 2908 Theodorus
1353 2829 1618 2908 .omrtibus
1670 2832 1859 2905 ubique
1907 2837 2158 2908 dispersis

1141 2896 1584 2965 fraternitatibus.

2260 1901 2359 1974 μὲν
2396 1901 2678 1973 προδήλως
2724 1903 3023 1974 αίρετικῶν
3047 1919 3062 1934 ⁸
3099 1905 3161 1958 ού
3191 1904 3302 1977 γάρ
3342 1905 3513 1968 ἔστιν,
3543 1907 3647 1960 οὐκ
3677 1907 3794 1961 εστι
3814 1948 3831 1973 ,

2257 1993 2334 2064 μὴ
2374 1994 2496 2064 οὐχὶ
2542 1995 2987 2065 παρυφίστασθαι
3021 1997 3088 2067 τῇ
3114 1996 3343 2068 ἀληθείᾳ
3385 1998 3445 2050 τὸ
3477 1997 3715 2067 ψεῦδος,
3757 1999 3836 2063 ὡς

2255 2088 2347 2139 καὶ
2391 2087 2470 2156 τῷ
2519 2087 2652 2158 σίτῳ
2696 2087 2766 2142 τὰ
2809 2086 3063 2154 ζιζάνια·
3113 2090 3170 2143 αἱ
3217 2089 3273 2144 δὲ
3321 2090 3582 2162 Πατέρων
3626 2091 3833 2160 ἁγίων,

2257 2178 2530 2248 στρεϐλῶς
2587 2179 2693 2232 ὑπὸ
2750 2180 2850 2250 τῆς
2912 2180 3309 2253 ὲσκοτισμένης
3355 2181 3537 2235 αὐτῶν
3593 2176 3836 2246 διανοίας

2255 2268 2772 2339 ἐκλαμὸανόμεναι·
2815 2271 2873 2324 αἱ
2920 2271 2977 2324 δὲ
3017 2273 3368 2327 παντάπασιν
3411 2272 3732 2338 ἀλλόκοτοι,
3768 2275 3837 2330 τά

2255 2361 2399 2415 κατά
2427 2360 2660 2417 εἰδώλων
2687 2366 2756 2436 τῇ
2788 2364 2960 2418 είκόνι
2987 2367 3226 2438 Χριστοῦ
3255 2366 3601 2422 ἀνάπτουσαι
3619 2383 3634 2397 ⁸
3673 2361 3750 2422 ὧν
3773 2367 3836 2421 οῦ

2255 2454 2338 2509 δεῖ
2369 2455 2445 2520 ὡς
2475 2455 2633 2526 ἔτυχε
2667 2457 2990 2528 προσίεσθαι
3019 2459 3223 2530 φωνὴν,
3258 2456 3385 2513 οὔτε
3421 2458 3530 2532 μὴν
3556 2460 3839 2532 συναίρειν

2255 2545 2413 2616 λόγον
2443 2549 2740 2619 αίρετικοϊς
2773 2550 2930 2624 παρά
2955 2550 3057 2623 τὴν
3089 2551 3457 2624 ἀποστολικὴν
3483 2551 3835 2623 νομοθεσίαν.

2255 2640 2330 2693 Τὸ
2374 2640 2559 2696 λοιπὸν
2581 2681 2596 2707 ,
2651 2643 2880 2711 σώζοιο,
2952 2643 3143 2698 τέκνον
3175 2659 3190 2675 ·
3249 2643 3346 2699 καὶ
3413 2643 3486 2714 μὲ
3567 2643 3836 2711 σώζεσθαι

2255 2735 2559 2806 προσεύχου
2589 2735 2688 2808 (ί).

2256 2849 2379 2905 ΛΖ⁹.
2399 2880 2472 2893 -
2488 2851 2788 2922 Θεόδωρος
2812 2923 2819 2924 7
2840 2853 2971 2920 ταῖς
3020 2853 3331 2924 πανταχοῦ
3369 2851 3836 2924 διεσπαρμέναις

2755 2923 3146 2994 ἀδελφότησι.
3182 2922 3318 2998 [τώ]

1501 3017 1796 3071 Cohortatur
1814 3024 1873 3072 ad
1897 3023 2201 3087 patientiam.
2238 3033 2436 3098 (Bai-ou.
2458 3049 2538 3084 an.
2563 3036 2672 3093 818.
2700 3050 2748 3086 n.
2777 3036 2847 3100 7.)

660 3106 680 3141 ι
715 3087 906 3146 Gratia
958 3092 1100 3148 vobis
1131 3106 1180 3149 et
1210 3112 1318 3166 pax
1351 3098 1706 3168 adimpleatur
1731 3105 1798 3160 ⁸⁷.
1842 3110 1890 3160 ι·
1914 3107 2156 3179 Equum

2331 3087 2702 3188 Χάριςύμέν
2738 3087 2843 3173 καί
2887 3117 3096 3187 εἰρήνη
3157 3118 3556 3187 πληθυνθείη.
3616 3117 3834 3172 Δίκαιον

583 3181 730 3236 enim
757 3193 842 3238 est
867 3184 1196 3254 Apostolicis
1236 3191 1416 3248 verbis
1447 3193 1602 3250 aﬂari
1626 3211 1720 3253 eos
1749 3199 1840 3266 qui
1880 3217 1978 3271 pro
2006 3203 2164 3258 Chri-

585 3283 672 3330 sto
718 3278 1142 3346 persecutionem
1199 3283 1496 3351 patiuntur.
1545 3286 1871 3347 Benedictus
1914 3292 2059 3350 Deus
2111 3306 2167 3352 et

585 3364 747 3421 Pater
791 3368 1004 3424 Domini
1055 3375 1232 3429 nostri
1275 3375 1403 3432 Jesu
1451 3377 1672 3448 Christi,
1725 3384 1818 3454 qui
1875 3385 2166 3445 humilitati

587 3470 790 3515 nostra!
811 3461 1036 3531 jauuam
1057 3467 1293 3535 aperuit,
1307 3472 1566 3539 quamvis
1595 3481 1744 3530 arcte
1765 3481 2164 3548 custodiamur,

587 3557 652 3604 ut
668 3551 948 3608 vobiscum
965 3555 1301 3615 charissimis
1324 3559 1586 3620 fratribus
1598 3567 1797 3622 nostris
1815 3570 2163 3639 epistularum

587 3641 858 3712 colloquio
882 3641 1139 3718 congredi
1183 3651 1477 3718 possimus.
1508 3653 1646 3712 Vere
1686 3658 1908 3716 Verbum
1937 3663 2031 3717 Det
2062 3680 2164 3719 non

587 3741 667 3788 est
709 3733 1046 3805 alligatum“
1079 3757 1094 3794 :
1131 3742 1232 3796 etsi
1266 3742 1490 3814 alligare
1538 3761 1598 3802 se
1641 3757 1830 3818 putent
1861 3755 1953 3821 qui
1989 3753 2168 3808 domi-

587 3834 807 3882 nantur.
845 3827 984 3885 Vere
1015 3831 1185 3886 laetari
1228 3834 1524 3903 plurimum
1557 3839 1840 3909 debemus,
1869 3859 1992 3899 cum
2024 3845 2167 3901 divi-

587 3935 783 3976 narum
817 3924 1232 3993 praedictionum
1261 3940 1456 3987 eventa
1485 3934 1539 3986 in
1569 3935 1727 3990 nobis
1755 3936 1888 4006 ipsis
1917 3951 2167 4008 peccato-

587 4011 742 4068 ribus
790 4017 1178 4083 conspicimus.
1218 4021 1354 4091 Age,
1417 4039 1542 4080 cum
1588 4027 1852 4096 Apostolo
1892 4032 2162 4100 dicamus,

589 4102 784 4160 fratres
815 4123 832 4160 :
871 4107 1004 4174 Qui:
1043 4125 1137 4165 nos
1167 4114 1434 4182 separabit
1461 4133 1495 4169 a
1525 4117 1788 4176 claritate
1821 4123 1917 4178 Dei
1941 4127 1968 4179 Ρ
1999 4127 2167 4181 tribu.

589 4193 718 4249 latio
741 4199 766 4250 .’
793 4214 859 4250 an
879 4202 1123 4269 angustia
1149 4203 1176 4256 ?
1197 4221 1265 4258 an
1290 4205 1456 4275 fames
1474 4209 1500 4262 .’
1519 4225 1588 4263 an
1613 4216 1902 4279 persecutio
1924 4216 1951 4269 .9
1976 4234 2042 4270 att
2069 4231 2167 4272 rtu-

2263 3207 2373 3279 γάρ
2401 3209 2508 3262 ἀπὸ
2550 3209 2744 3278 φωνῶν
2787 3208 3162 3262 ἀποστολικῶν
3204 3213 3318 3272 τοῖς
3346 3209 3437 3262 διά
3472 3209 3714 3279 Χριστὸν
3751 3209 3834 3262 δερ

2262 3300 2584 3370 διωγμένοις
2628 3298 3083 3370 ἐπιφθέγγεσθαι.
3129 3298 3435 3369 Εὐλογητὸς
3475 3302 3505 3354 ὁ
3553 3299 3690 3363 Θεὸς
3744 3300 3834 3354 καὶ

2265 3390 2454 3462 Πατὴρ
2487 3390 2582 3444 τοῦ
2621 3391 2826 3462 Κυρίου
2854 3390 3014 3461 ἡμῶν
3057 3391 3233 3462 Ἰησοῦ
3263 3391 3526 3460 Χριστοῦ,
3558 3391 3590 3443 ὁ
3620 3390 3832 3456 ἀνοίξας

2264 3481 2398 3552 ἡμῖν
2453 3484 2566 3544 τοῖς
2612 3483 2890 3546 ταπεινοῖς
2945 3483 3116 3554 θύραν
3136 3522 3151 3548 ,
3221 3481 3428 3553 καίπερ
3475 3482 3833 3552 τηρουμένοις

2263 3573 2539 3642 ἀσφαλῶς,
2563 3576 2629 3644 τῇ
2659 3573 2747 3627 διὰ
2773 3573 2866 3628 τοῦ
2892 3575 3226 3646 γράμματος
3270 3572 3460 3644 ὁμιλία
3495 3573 3833 3643 ωναφθῆναι

2263 3665 2392 3737 ὑμῖν
2422 3668 2539 3728 τοῖς
2593 3666 2974 3736 ἠγαπημένοις
3015 3665 3266 3736 ἀδελφοῖς
3317 3663 3494 3736 ἡμῶν.
3551 3665 3764 3727 Ὄντως
3802 3662 3835 3718 δ

2263 3758 2455 3826 Λόγος
2475 3757 2583 3811 τοῦ
2613 3755 2764 3812 Θεοῦ
2797 3760 2870 3812 οὐ
2903 3756 3172 3813 δέδεται·
3209 3756 3317 3812 κᾶν
3366 3757 3588 3826 δεσμεῖν
3617 3758 3670 3810 οἱ
3703 3772 3836 3826 κρα-

2262 3849 2484 3914 τοῦντες
2503 3849 2728 3904 οἴωνται
2746 3864 2762 3881 ·
2790 3849 2962 3914 ὅντως
2994 3849 3140 3921 μέγα
3164 3849 3454 3920 ὀφείλομεν
3483 3850 3696 3919 χαίρειν
3717 3865 3733 3879 ·
3756 3849 3835 3901 ὃτι

2261 3941 2479 4012 ὁρῶμεν
2523 3942 2584 3995 ὲν
2614 3941 2746 4012 ἡμῖν
2787 3941 2974 4001 αὐτοῖς
3009 3943 3122 4004 τοῖς
3151 3938 3499 4011 ἁμαρτωλοῖς
3542 3937 3646 4002 τὰς
3675 3937 3836 3991 ἐκδά-

2265 4047 2382 4094 σεις
2408 4031 2518 4084 τῶν
2553 4031 2715 4085 θείων
2745 4033 3130 4103 προρρήσεων.
3167 4030 3354 4096 Δεῦτε,
3379 4031 3650 4101 εἴπωμεν,
3681 4030 3836 4085 ἀδελ-

2263 4124 2376 4194 φοὶ,
2417 4124 2558 4193 μετὰ
2578 4123 2674 4178 τοῦ
2709 4123 3068 4179 ’Λποστόλοιν
3111 4123 3208 4190 Τίς
3241 4116 3402 4192 ἡμᾶς
3430 4123 3675 4192 χωρίσει
3717 4120 3836 4176 ἀπὸ

2261 4215 2374 4285 τῆς
2414 4215 2653 4285 ἀγάπης
2685 4216 2793 4271 τοῦ
2848 4217 3036 4280 Θεοῦ;
3070 4217 3314 4285 adigi-cc;
3357 4214 3398 4286 ἦ
3436 4215 3833 4284 στενοχωρίας

585 4288 730 4342 ditas
762 4289 788 4341 1'
813 4306 882 4343 an
904 4293 1196 4359 periculum
1218 4298 1244 4351 1’
1270 4313 1339 4350 an
1373 4299 1586 4368 gladius
1615 4301 1661 4335 "
1687 4304 1714 4357 ν
1741 4301 1880 4358 Num
1919 4308 2066 4362 enim
2100 4308 2158 4365 de

2261 4307 2302 4375 ἢ
2341 4307 2547 4377 Mair;
2578 4308 2618 4376 ἢ
2661 4307 2950 4378 «Summ;
2992 4306 3032 4375 ἢ
3067 4308 3405 4378 γυμνότηςε
3443 4306 3483 4375 ἢ
3512 4305 3833 4371 κίνδυνοςε

585 4379 769 4450 seipso
802 4389 1012 4438 tantum
1053 4385 1169 4442 haec
1197 4387 1353 4450 dixit,
1381 4403 1448 4446 ac
1476 4407 1586 4446 non
1643 4396 1808 4450 etiam
1843 4397 1910 4452 de
1948 4399 2105 4456 nobis
2145 4420 2158 4458 :

2263 4399 2302 4468 ἢ
2338 4398 2634 4470 μάχαιρα;
2673 4400 2767 4472 Μὴ
2799 4401 2911 4472 γὰρ
2939 4399 3008 4453 δι’
3039 4400 3236 4454 ἑαυτὸν
3271 4399 3433 4471 μόνον
3466 4398 3646 4454 ταῦτα
3689 4397 3838 4487 etpri-

585 4475 642 4522 et
687 4477 747 4523 ut
798 4483 898 4526 nos
924 4485 1053 4543 erga
1085 4474 1251 4528 Deum
1288 4477 1368 4532 sic
1406 4478 1580 4535 atiecti
1607 4481 1800 4547 simus,
1835 4492 1895 4538 ιιι
1921 4483 2158 4542 afﬂictio-

2266 4465 2392 4560 νέεὶρη
2426 4465 2568 4543 ’ἁλλ’
2619 4465 2766 4560 οὐχι
2800 4465 2896 4546 {tat
2941 4491 3081 4562 ὑπὲρ
3134 4465 3331 4561 ἡμῶν·
3391 4489 3482 4544 ἵνα
3531 4489 3632 4542 χαι
3680 4465 3834 4558 ἡμεῖς

586 4560 753 4617 nibus
800 4562 926 4619 istis
977 4579 1116 4635 quas
1155 4569 1514 4638 sustinemus,
1545 4573 1771 4630 minime
1827 4575 2158 4647 trangamur,

2259 4581 2484 4652 τοιαύτῃ
2531 4581 2772 4636 διαθέσει
2803 4582 2876 4637 τὰ
2917 4560 3060 4655 πρὸς
3114 4560 3247 4636 Θεὸν
3285 4580 3535 4652 ἔχωμεν,
3580 4580 3723 4634 ὥστε
3764 4580 3834 4650 μὴ

587 4653 685 4708 sed
709 4669 773 4709 ea
812 4671 938 4726 quae
965 4658 1163 4715 desunt
1195 4663 1511 4732 passionum
1547 4680 1672 4721 cum
1707 4667 1905 4738 gaudio
1929 4668 2158 4738 perferre

2261 4671 2592 4743 ἐκκακῶμεν
2619 4676 2677 4727 ὲν
2708 4668 2792 4738 οἷς
2827 4653 2996 4745 ἐσμεν
3037 4672 3308 4742 θλισεροῖς
3329 4687 3346 4702 ⁶
3381 4672 3500 4727 ἀλλ’
3531 4670 3834 4741 ἀγαπῶμεν

586 4756 836 4800 amemus
871 4747 941 4802 υ.
986 4748 1258 4807 Gaudium
1313 4754 1458 4810 enim
1515 4766 1600 4812 est
1645 4756 2024 4824 inenarrabile,
2069 4778 2158 4832 pro

2263 4761 2359 4814 καὶ
2381 4759 2451 4812 τά
2501 4761 2823 4816 ἐλλείποντα
2856 4763 3156 4832 παθήματα
3187 4763 3413 4818 ὑποϊσαι
3458 4763 3598 4834 μετά
3628 4763 3832 4834 χαρᾶςξ

587 4830 808 4888 Christo
834 4844 1037 4892 etcum
1067 4839 1282 4898 Christo
1329 4845 1462 4914 pati,
1493 4848 1951 4917 quemadmodum
1983 4830 2158 4907 osten-

2260 4855 2408 4925 χαρά
2455 4853 2568 4923 γάρ
2619 4855 2770 4910 ἐστιν
2827 4830 3194 4927 ἀνεκλάλητος
3249 4856 3390 4927 ὑπὲρ
3445 4830 3714 4925 Χριστοῦ
3747 4851 3834 4908 καὶ

587 4923 786 4981 derunt
815 4932 988 4986 sancti
1012 4948 1206 4990 omnes
1229 4951 1402 5007 usque
1423 4940 1489 4994 ad
1509 4939 1842 4998 Thaddteum
1865 4956 2158 5017 martyrem

2257 4923 2395 5012 μετά
2450 4943 2692 5015 Χριστοῦ
2763 4944 3026 5016 πάσχειν·
3085 4923 3271 5012 inea;
3321 4923 3538 5012 ἔδειξαν
3587 4947 3642 4999 οἱ
3693 4945 3832 5013 ἆγιοι

589 5028 863 5086 nostrum,
893 5031 948 5076 et
968 5027 1266 5094 quemlibet
1312 5029 1478 5086 alium
1516 5032 1914 5100 confessorem,
1945 5040 2158 5109 egregia

2257 5037 2458 5100 πάντες
2504 5035 2668 5108 μέχρι
2719 5036 2988 5092 Θαδδαίου
3039 5037 3138 5093 τοῦ
3189 5040 3468 5110 ἡμετέρου
3518 5039 3868 5110 μάρτυρος..

587 5109 760 5164 animi
809 5117 1142 5181 constantia,
1191 5127 1247 5175 et
1291 5125 1658 5192 persecutioni
1706 5129 2158 5186 convenientibus

2257 5130 2350 5184 καὶ
2374 5123 2586 5195 οὗτινος
2624 5129 2786 5184 ἄλλου
2824 5131 3162 5204 ὁμολογητοῦ
3211 5109 3544 5204 μετόπισθεν
3585 5109 3830 5202 ἀπάρανο

589 5193 748 5256 factis
779 5219 793 5255 :
817 5205 912 5273 qui
942 5207 1059 5262 sive
1081 5223 1148 5264 ex
1173 5227 1413 5278 carcere,
1440 5217 1557 5273 sive
1588 5233 1656 5274 ex
1683 5220 1792 5277 alio
1813 5223 1990 5279 exsilii
2021 5239 2158 5294 quo-

2257 5239 2366 5290 τος,
2403 5223 2436 5294 ἢ
2481 5225 2546 5276 ὲκ
2568 5193 2842 5294 φυλακῆς,
2859 5193 2912 5297 ’ἢ
2944 5193 3014 5278 ἔπι
3039 5193 3186 5288 τινος
3211 5193 3380 5280 ἀλλου
3407 5193 3722 5293 φυγαδείας.
3742 5220 3824 5274 τό-

591 5289 672 5345 vis
697 5290 840 5360 loco,
869 5305 993 5365 post
1025 5297 1176 5354 illum
1218 5302 1489 5360 abierunt.
2037 5289 2055 5294 _

2257 5333 2359 5370 που
2379 5354 2396 5382 ,
2424 5289 2568 5388 item
2586 5289 3006 5391 ’προθυμίᾳ”καὶ
3031 5317 3367 5388 agrestem
3396 5289 3622 5388 πράξει.

655 5428 707 5464 ⁸³
738 5427 942 5490 Jerem.
976 5448 1039 5501 tt,
1073 5435 1162 5492 ii.
1236 5437 1284 5471 ⁸⁸
1310 5436 1444 5495 ibid.
1517 5439 1564 5474 ⁸⁷
1591 5440 1638 5496 ll
1676 5441 1819 5498 Petr.
1852 5460 1889 5508 ι,
1919 5445 1975 5498 2.
2053 5443 2100 5478 ⁸⁸
2131 5445 2153 5500 Ι

2257 5448 2460 5504 'imoth.
2493 5466 2556 5518 ιι,
2586 5451 2641 5504 9.
2730 5449 2776 5482 ⁸³
2807 5452 2968 5508 Rom.
3023 5467 3142 5515 vttt,
3171 5447 3262 5506 35.
3335 5450 3383 5482 '°
3419 5448 3635 5506 Coloss.
3669 5463 3708 5513 ι,
3734 5444 3821 5500 21η

2107 5560 2338 5619 NOTAE.

663 5667 760 5760 (ι),
769 5667 914 5760 ροσε.
956 5667 1091 5740 Reg.
1126 5665 1280 5760 bis:
1296 5754 1320 5760 _
1335 5667 1774 5760 amigrant»,
1824 5672 1889 5756 βυ.
1904 5759 1913 5760 ί
1926 5673 2158 5760 initium

2269 5674 2444 5760 liber,
2479 5675 2852 5760 seu_syllogc,
2907 5675 3170 5760 dividitur
3241 5672 3696 5760 innhocpodice
3762 5672 3817 5727 in

598 5733 814 5802 librili;
837 5733 1321 5810 nempeposterior
1348 5733 1468 5798 ἰςὶί
1491 5733 1776 5800 ’Τῐιεοιιοιὶ
1804 5733 2160 5801 epistolarum
2270 5733 2442 5801 libros
2483 5733 2736 5818 quatu'or,
2757 5733 3002 5818 quorum
3029 5748 3238 5818 primus
3273 5745 3350 5804 ibi
3378 5743 3598 5803 desiuit.
