  <div class='ocr_page' id='page_1' title='image "/cluster/home/n/w/nwhite01/storage/ocr_20150623/99/hvd.32044024464356/620.png"; bbox 0 0 4054 6364; ppageno 0'>
   <div class='ocr_carea' id='block_1_1' title="bbox 308 353 446 418">
    <p class='ocr_par' dir='ltr' id='par_1_1' title="bbox 308 353 446 418">
     <span class='ocr_line' id='line_1_1' title="bbox 308 353 446 418; baseline 0 0"><span class='ocrx_word' id='word_1_1' title='bbox 308 353 446 418; x_wconf 77' lang='grc'>1225</span> 
     </span>
    </p>
   </div>
   <div class='ocr_carea' id='block_1_2' title="bbox 1495 350 2366 417">
    <p class='ocr_par' dir='ltr' id='par_1_2' title="bbox 1495 350 2366 417">
     <span class='ocr_line' id='line_1_2' title="bbox 1495 350 2366 417; baseline -0.01 0"><span class='ocrx_word' id='word_1_2' title='bbox 1495 353 2031 417; x_wconf 78' lang='lat' dir='ltr'><strong>EPISTOLARUM</strong></span> <span class='ocrx_word' id='word_1_3' title='bbox 2071 351 2220 414; x_wconf 88' lang='lat' dir='ltr'><strong>LIB.</strong></span> <span class='ocrx_word' id='word_1_4' title='bbox 2280 350 2366 409; x_wconf 78' lang='lat' dir='ltr'><strong>II.</strong></span> 
     </span>
    </p>
   </div>
   <div class='ocr_carea' id='block_1_3' title="bbox 3420 345 3558 412">
    <p class='ocr_par' dir='ltr' id='par_1_3' title="bbox 3420 345 3558 412">
     <span class='ocr_line' id='line_1_3' title="bbox 3420 345 3558 412; baseline -0.014 0"><span class='ocrx_word' id='word_1_5' title='bbox 3420 345 3558 412; x_wconf 79' lang='lat'><strong>1226</strong></span> 
     </span>
    </p>
   </div>
   <div class='ocr_carea' id='block_1_4' title="bbox 375 453 1876 538">
    <p class='ocr_par' dir='ltr' id='par_1_4' title="bbox 375 464 1873 538">
     <span class='ocr_line' id='line_1_4' title="bbox 375 464 1873 538; baseline -0.002 -16"><span class='ocrx_word' id='word_1_6' title='bbox 375 465 678 538; x_wconf 83' lang='grc' dir='ltr'>Γενοὲμεθα</span> <span class='ocrx_word' id='word_1_7' title='bbox 697 505 714 533; x_wconf 85' lang='grc'><strong>,</strong></span> <span class='ocrx_word' id='word_1_8' title='bbox 759 464 982 535; x_wconf 75' lang='grc' dir='ltr'>ἀδελφοί</span> <span class='ocrx_word' id='word_1_9' title='bbox 1034 483 1167 537; x_wconf 83' lang='grc' dir='ltr'>μου.</span> <span class='ocrx_word' id='word_1_10' title='bbox 1226 465 1322 523; x_wconf 80' lang='grc' dir='ltr'>καὶ</span> <span class='ocrx_word' id='word_1_11' title='bbox 1372 468 1534 538; x_wconf 78' lang='grc' dir='ltr'>ἡμεῖς</span> <span class='ocrx_word' id='word_1_12' title='bbox 1596 466 1873 538; x_wconf 80' lang='grc' dir='ltr'>μάρτυρες</span> 
     </span>
    </p>
   </div>
   <div class='ocr_carea' id='block_1_5' title="bbox 1974 453 3557 538">
    <p class='ocr_par' dir='ltr' id='par_1_5' title="bbox 2049 453 3557 526">
     <span class='ocr_line' id='line_1_5' title="bbox 2049 453 3557 526; baseline 0 -13"><span class='ocrx_word' id='word_1_13' title='bbox 2049 458 2234 514; x_wconf 82' lang='lat' dir='ltr'><strong>Simus</strong></span> <span class='ocrx_word' id='word_1_14' title='bbox 2278 467 2332 512; x_wconf 85' lang='lat' dir='ltr'><strong>et</strong></span> <span class='ocrx_word' id='word_1_15' title='bbox 2375 471 2498 515; x_wconf 90' lang='lat' dir='ltr'><strong>nos.</strong></span> <span class='ocrx_word' id='word_1_16' title='bbox 2543 453 2742 510; x_wconf 81' lang='lat' dir='ltr'><strong>fratres</strong></span> <span class='ocrx_word' id='word_1_17' title='bbox 2788 455 2920 520; x_wconf 90' lang='lat' dir='ltr'><strong>mei,</strong></span> <span class='ocrx_word' id='word_1_18' title='bbox 2976 464 3246 526; x_wconf 79' lang='lat' dir='ltr'><strong>martyres</strong></span> <span class='ocrx_word' id='word_1_19' title='bbox 3291 458 3356 512; x_wconf 91' lang='lat' dir='ltr'><strong>ad</strong></span> <span class='ocrx_word' id='word_1_20' title='bbox 3409 459 3557 514; x_wconf 90' lang='lat' dir='ltr'><strong>hunc</strong></span> 
     </span>
    </p>
   </div>
   <div class='ocr_carea' id='block_1_6' title="bbox 302 558 1876 631">
    <p class='ocr_par' dir='ltr' id='par_1_6' title="bbox 302 558 1876 631">
     <span class='ocr_line' id='line_1_6' title="bbox 302 558 1876 631; baseline -0.003 -17"><span class='ocrx_word' id='word_1_21' title='bbox 302 559 728 631; x_wconf 82' lang='grc' dir='ltr'>τοιουτοτρόπως</span> <span class='ocrx_word' id='word_1_22' title='bbox 747 576 761 591; x_wconf 89' lang='grc'><strong>·</strong></span> <span class='ocrx_word' id='word_1_23' title='bbox 795 559 856 614; x_wconf 81' lang='grc' dir='ltr'><strong>ὲν</strong></span> <span class='ocrx_word' id='word_1_24' title='bbox 875 558 954 629; x_wconf 82' lang='grc' dir='ltr'>τῷ</span> <span class='ocrx_word' id='word_1_25' title='bbox 983 559 1068 614; x_wconf 77' lang='grc' dir='ltr'><strong>ἀεὶ</strong></span> <span class='ocrx_word' id='word_1_26' title='bbox 1096 559 1540 630; x_wconf 81' lang='grc' dir='ltr'><strong>παρεσκευάσθαι</strong></span> <span class='ocrx_word' id='word_1_27' title='bbox 1563 559 1876 630; x_wconf 79' lang='grc' dir='ltr'>συλληφθῆο</span> 
     </span>
    </p>
   </div>
   <div class='ocr_carea' id='block_1_7' title="bbox 303 649 1878 724">
    <p class='ocr_par' dir='ltr' id='par_1_7' title="bbox 303 649 1878 724">
     <span class='ocr_line' id='line_1_7' title="bbox 303 649 1878 724; baseline -0.003 -16"><span class='ocrx_word' id='word_1_28' title='bbox 303 671 430 719; x_wconf 88' lang='grc' dir='ltr'>ναι,</span> <span class='ocrx_word' id='word_1_29' title='bbox 463 652 821 724; x_wconf 79' lang='grc' dir='ltr'>ὁμολογῆσαι,</span> <span class='ocrx_word' id='word_1_30' title='bbox 853 651 1342 723; x_wconf 84' lang='grc' dir='ltr'>φραγελλωθῆναι,</span> <span class='ocrx_word' id='word_1_31' title='bbox 1364 652 1676 706; x_wconf 84' lang='grc' dir='ltr'><strong>ἀποθανεῖν.</strong></span> <span class='ocrx_word' id='word_1_32' title='bbox 1706 649 1878 705; x_wconf 86' lang='grc' dir='ltr'>Τοῦτό</span> 
     </span>
    </p>
   </div>
   <div class='ocr_carea' id='block_1_8' title="bbox 301 742 1877 816">
    <p class='ocr_par' dir='ltr' id='par_1_8' title="bbox 301 742 1877 816">
     <span class='ocr_line' id='line_1_8' title="bbox 301 742 1877 816; baseline -0.003 -16"><span class='ocrx_word' id='word_1_33' title='bbox 301 748 422 800; x_wconf 78' lang='grc' dir='ltr'>ἐστι</span> <span class='ocrx_word' id='word_1_34' title='bbox 467 745 588 800; x_wconf 80' lang='grc' dir='ltr'>καθ’</span> <span class='ocrx_word' id='word_1_35' title='bbox 638 745 852 816; x_wconf 79' lang='grc' dir='ltr'>ἡμέραν</span> <span class='ocrx_word' id='word_1_36' title='bbox 905 747 1237 815; x_wconf 60' lang='grc' dir='ltr'>μαρτυρεῖν</span> <span class='ocrx_word' id='word_1_37' title='bbox 1293 742 1452 797; x_wconf 90' lang='grc' dir='ltr'>τοῦτο</span> <span class='ocrx_word' id='word_1_38' title='bbox 1483 743 1607 797; x_wconf 82' lang='grc' dir='ltr'>καθ’</span> <span class='ocrx_word' id='word_1_39' title='bbox 1662 743 1877 815; x_wconf 81' lang='grc' dir='ltr'><strong>ἡμέραν</strong></span> 
     </span>
    </p>
   </div>
   <div class='ocr_carea' id='block_1_9' title="bbox 301 829 1876 909">
    <p class='ocr_par' dir='ltr' id='par_1_9' title="bbox 301 829 1876 909">
     <span class='ocr_line' id='line_1_9' title="bbox 301 829 1876 909; baseline -0.003 -15"><span class='ocrx_word' id='word_1_40' title='bbox 301 835 672 909; x_wconf 74' lang='grc' dir='ltr'><strong>ἀποθνήσκειν</strong></span> <span class='ocrx_word' id='word_1_41' title='bbox 690 852 705 868; x_wconf 76' lang='grc' dir='ltr'><strong><em>ο</em></strong></span> <span class='ocrx_word' id='word_1_42' title='bbox 752 836 812 904; x_wconf 80' lang='grc' dir='ltr'>ἐξ</span> <span class='ocrx_word' id='word_1_43' title='bbox 839 829 903 890; x_wconf 76' lang='grc' dir='ltr'><strong>οῦ</strong></span> <span class='ocrx_word' id='word_1_44' title='bbox 931 835 1291 905; x_wconf 72' lang='grc' dir='ltr'><strong>καθαίρεσθαι</strong></span> <span class='ocrx_word' id='word_1_45' title='bbox 1327 834 1620 904; x_wconf 88' lang='grc' dir='ltr'>συμϐαίνει</span> <span class='ocrx_word' id='word_1_46' title='bbox 1643 835 1742 905; x_wconf 78' lang='grc' dir='ltr'>τὴν</span> <span class='ocrx_word' id='word_1_47' title='bbox 1770 835 1876 901; x_wconf 79' lang='grc' dir='ltr'><strong>ψυ-</strong></span> 
     </span>
    </p>
   </div>
   <div class='ocr_carea' id='block_1_10' title="bbox 299 927 1876 1003">
    <p class='ocr_par' dir='ltr' id='par_1_10' title="bbox 299 927 1876 1003">
     <span class='ocr_line' id='line_1_10' title="bbox 299 927 1876 1003; baseline -0.002 -18"><span class='ocrx_word' id='word_1_48' title='bbox 299 933 435 1003; x_wconf 81' lang='grc' dir='ltr'><strong>χήν·</strong></span> <span class='ocrx_word' id='word_1_49' title='bbox 491 930 796 1000; x_wconf 84' lang='grc' dir='ltr'>ἀναχωρεῖν</span> <span class='ocrx_word' id='word_1_50' title='bbox 846 928 958 982; x_wconf 84' lang='grc' dir='ltr'><strong>τῶν</strong></span> <span class='ocrx_word' id='word_1_51' title='bbox 1011 927 1236 982; x_wconf 76' lang='grc' dir='ltr'><strong>παθῶν⁸</strong></span> <span class='ocrx_word' id='word_1_52' title='bbox 1289 929 1533 998; x_wconf 76' lang='grc' dir='ltr'><strong>ἐγγίζειν</strong></span> <span class='ocrx_word' id='word_1_53' title='bbox 1579 929 1658 1000; x_wconf 81' lang='grc' dir='ltr'>τῷ</span> <span class='ocrx_word' id='word_1_54' title='bbox 1715 928 1836 1000; x_wconf 81' lang='grc' dir='ltr'><strong>Θεῷ</strong></span> <span class='ocrx_word' id='word_1_55' title='bbox 1859 945 1876 961; x_wconf 81' lang='grc'><strong>·</strong></span> 
     </span>
    </p>
   </div>
   <div class='ocr_carea' id='block_1_11' title="bbox 304 1019 1874 1093">
    <p class='ocr_par' dir='ltr' id='par_1_11' title="bbox 304 1019 1874 1093">
     <span class='ocr_line' id='line_1_11' title="bbox 304 1019 1874 1093; baseline 0 -17"><span class='ocrx_word' id='word_1_56' title='bbox 304 1024 486 1093; x_wconf 79' lang='grc' dir='ltr'>μισεῖν</span> <span class='ocrx_word' id='word_1_57' title='bbox 517 1022 724 1092; x_wconf 84' lang='grc' dir='ltr'><strong>κόσμον</strong></span> <span class='ocrx_word' id='word_1_58' title='bbox 743 1037 758 1052; x_wconf 76' lang='grc' dir='ltr'><strong>ο</strong></span> <span class='ocrx_word' id='word_1_59' title='bbox 786 1019 1156 1090; x_wconf 77' lang='grc' dir='ltr'>φαντάζεσθαι</span> <span class='ocrx_word' id='word_1_60' title='bbox 1187 1020 1438 1092; x_wconf 73' lang='grc' dir='ltr'>οὐρανὸν,</span> <span class='ocrx_word' id='word_1_61' title='bbox 1462 1021 1533 1074; x_wconf 84' lang='grc' dir='ltr'>τὰ</span> <span class='ocrx_word' id='word_1_62' title='bbox 1563 1023 1644 1083; x_wconf 86' lang='grc' dir='ltr'>εἰς</span> <span class='ocrx_word' id='word_1_63' title='bbox 1674 1022 1874 1086; x_wconf 85' lang='grc' dir='ltr'>αίῶνας</span> 
     </span>
    </p>
   </div>
   <div class='ocr_carea' id='block_1_12' title="bbox 299 1106 1878 1182">
    <p class='ocr_par' dir='ltr' id='par_1_12' title="bbox 299 1106 1878 1182">
     <span class='ocr_line' id='line_1_12' title="bbox 299 1106 1878 1182; baseline 0.001 -18"><span class='ocrx_word' id='word_1_64' title='bbox 299 1110 642 1180; x_wconf 76' lang='grc' dir='ltr'>ἀποκείμενα</span> <span class='ocrx_word' id='word_1_65' title='bbox 674 1109 892 1179; x_wconf 75' lang='grc' dir='ltr'>ἀγαθάο</span> <span class='ocrx_word' id='word_1_66' title='bbox 947 1109 1062 1164; x_wconf 85' lang='grc' dir='ltr'>ἀλλ’</span> <span class='ocrx_word' id='word_1_67' title='bbox 1099 1106 1195 1164; x_wconf 78' lang='grc' dir='ltr'><strong>οὖν</strong></span> <span class='ocrx_word' id='word_1_68' title='bbox 1234 1111 1330 1166; x_wconf 79' lang='grc' dir='ltr'>καὶ</span> <span class='ocrx_word' id='word_1_69' title='bbox 1375 1110 1698 1182; x_wconf 81' lang='grc' dir='ltr'>σκυθρωπά.</span> <span class='ocrx_word' id='word_1_70' title='bbox 1741 1111 1878 1166; x_wconf 80' lang='grc' dir='ltr'><strong>Οὐδὲ</strong></span> 
     </span>
    </p>
   </div>
   <div class='ocr_carea' id='block_1_13' title="bbox 299 1202 1879 1276">
    <p class='ocr_par' dir='ltr' id='par_1_13' title="bbox 299 1202 1879 1276">
     <span class='ocr_line' id='line_1_13' title="bbox 299 1202 1879 1276; baseline -0.001 -20"><span class='ocrx_word' id='word_1_71' title='bbox 299 1202 412 1273; x_wconf 75' lang='grc' dir='ltr'>γὰρ</span> <span class='ocrx_word' id='word_1_72' title='bbox 442 1203 507 1257; x_wconf 86' lang='grc' dir='ltr'>ἂν</span> <span class='ocrx_word' id='word_1_73' title='bbox 537 1204 571 1269; x_wconf 77' lang='grc' dir='ltr'><strong>ἡ</strong></span> <span class='ocrx_word' id='word_1_74' title='bbox 604 1203 826 1274; x_wconf 79' lang='grc' dir='ltr'><strong>τοιαύτη</strong></span> <span class='ocrx_word' id='word_1_75' title='bbox 875 1203 1200 1274; x_wconf 82' lang='grc' dir='ltr'>παρασκευὴ</span> <span class='ocrx_word' id='word_1_76' title='bbox 1233 1203 1414 1257; x_wconf 85' lang='grc' dir='ltr'>δίδωσι</span> <span class='ocrx_word' id='word_1_77' title='bbox 1456 1203 1653 1274; x_wconf 79' lang='grc' dir='ltr'>σχολὴν</span> <span class='ocrx_word' id='word_1_78' title='bbox 1690 1204 1768 1275; x_wconf 83' lang='grc' dir='ltr'>τῷ</span> <span class='ocrx_word' id='word_1_79' title='bbox 1802 1204 1879 1276; x_wconf 84' lang='grc' dir='ltr'><strong>νῷ</strong></span> 
     </span>
    </p>
   </div>
   <div class='ocr_carea' id='block_1_14' title="bbox 301 1290 1874 1368">
    <p class='ocr_par' dir='ltr' id='par_1_14' title="bbox 301 1290 1874 1368">
     <span class='ocr_line' id='line_1_14' title="bbox 301 1290 1874 1368; baseline 0.002 -20"><span class='ocrx_word' id='word_1_80' title='bbox 301 1295 628 1364; x_wconf 82' lang='grc' dir='ltr'>φιληδονεῖν.</span> <span class='ocrx_word' id='word_1_81' title='bbox 655 1297 749 1350; x_wconf 61' lang='grc' dir='ltr'><strong>καὶ⁸</strong></span> <span class='ocrx_word' id='word_1_82' title='bbox 779 1295 1086 1351; x_wconf 87' lang='grc' dir='ltr'>διακεῖσθαι</span> <span class='ocrx_word' id='word_1_83' title='bbox 1115 1295 1452 1368; x_wconf 85' lang='grc' dir='ltr'>προσπαθῶς</span> <span class='ocrx_word' id='word_1_84' title='bbox 1479 1290 1580 1350; x_wconf 80' lang='grc' dir='ltr'>ὦδε</span> <span class='ocrx_word' id='word_1_85' title='bbox 1612 1299 1838 1351; x_wconf 75' lang='grc' dir='ltr'>κάκεῖσε</span> <span class='ocrx_word' id='word_1_86' title='bbox 1859 1315 1874 1330; x_wconf 66' lang='grc'><strong>⁸</strong></span> 
     </span>
    </p>
   </div>
   <div class='ocr_carea' id='block_1_15' title="bbox 300 1384 1878 1457">
    <p class='ocr_par' dir='ltr' id='par_1_15' title="bbox 300 1384 1878 1457">
     <span class='ocr_line' id='line_1_15' title="bbox 300 1384 1878 1457; baseline 0.002 -20"><span class='ocrx_word' id='word_1_87' title='bbox 300 1384 438 1438; x_wconf 81' lang='grc' dir='ltr'>ἀλλὰ</span> <span class='ocrx_word' id='word_1_88' title='bbox 470 1387 653 1455; x_wconf 88' lang='grc' dir='ltr'>νευροῖ</span> <span class='ocrx_word' id='word_1_89' title='bbox 702 1385 902 1457; x_wconf 81' lang='grc' dir='ltr'>μᾶλλον</span> <span class='ocrx_word' id='word_1_90' title='bbox 934 1385 1034 1456; x_wconf 82' lang='grc' dir='ltr'><strong>τὴν</strong></span> <span class='ocrx_word' id='word_1_91' title='bbox 1083 1385 1345 1457; x_wconf 78' lang='grc' dir='ltr'>καρδίανο</span> <span class='ocrx_word' id='word_1_92' title='bbox 1396 1385 1732 1440; x_wconf 81' lang='grc' dir='ltr'>κατανύσσει</span> <span class='ocrx_word' id='word_1_93' title='bbox 1780 1386 1878 1440; x_wconf 89' lang='grc' dir='ltr'>δα-</span> 
     </span>
    </p>
   </div>
   <div class='ocr_carea' id='block_1_16' title="bbox 299 1477 1877 1550">
    <p class='ocr_par' dir='ltr' id='par_1_16' title="bbox 299 1477 1877 1550">
     <span class='ocr_line' id='line_1_16' title="bbox 299 1477 1877 1550; baseline 0.003 -21"><span class='ocrx_word' id='word_1_94' title='bbox 299 1479 593 1548; x_wconf 70' lang='grc' dir='ltr'>κρυρροεῖν</span> <span class='ocrx_word' id='word_1_95' title='bbox 642 1478 771 1542; x_wconf 80' lang='grc' dir='ltr'>τοὺς</span> <span class='ocrx_word' id='word_1_96' title='bbox 799 1477 1113 1550; x_wconf 82' lang='grc' dir='ltr'>ὀφθαλμούς</span> <span class='ocrx_word' id='word_1_97' title='bbox 1135 1495 1150 1510; x_wconf 91' lang='grc'><strong>·</strong></span> <span class='ocrx_word' id='word_1_98' title='bbox 1198 1478 1452 1548; x_wconf 73' lang='grc' dir='ltr'>ἐφίεσθαι</span> <span class='ocrx_word' id='word_1_99' title='bbox 1480 1480 1580 1550; x_wconf 80' lang='grc' dir='ltr'><strong>τὴν</strong></span> <span class='ocrx_word' id='word_1_100' title='bbox 1623 1480 1733 1533; x_wconf 82' lang='grc' dir='ltr'><strong>ἀπὸ</strong></span> <span class='ocrx_word' id='word_1_101' title='bbox 1767 1479 1877 1534; x_wconf 83' lang='grc' dir='ltr'><strong>σώ-</strong></span> 
     </span>
    </p>
   </div>
   <div class='ocr_carea' id='block_1_17' title="bbox 303 1568 1875 1642">
    <p class='ocr_par' dir='ltr' id='par_1_17' title="bbox 303 1568 1875 1642">
     <span class='ocr_line' id='line_1_17' title="bbox 303 1568 1875 1642; baseline 0.004 -20"><span class='ocrx_word' id='word_1_102' title='bbox 303 1587 474 1637; x_wconf 84' lang='grc' dir='ltr'>ματος</span> <span class='ocrx_word' id='word_1_103' title='bbox 510 1568 691 1637; x_wconf 76' lang='grc' dir='ltr'>ἔξοδον</span> <span class='ocrx_word' id='word_1_104' title='bbox 733 1570 812 1635; x_wconf 83' lang='grc' dir='ltr'>ὠς</span> <span class='ocrx_word' id='word_1_105' title='bbox 869 1569 933 1624; x_wconf 73' lang='grc' dir='ltr'>ἐκ</span> <span class='ocrx_word' id='word_1_106' title='bbox 961 1587 1110 1634; x_wconf 86' lang='grc' dir='ltr'>τινος</span> <span class='ocrx_word' id='word_1_107' title='bbox 1153 1571 1532 1641; x_wconf 84' lang='grc' dir='ltr'>δεσμωτηρίου</span> <span class='ocrx_word' id='word_1_108' title='bbox 1579 1571 1875 1642; x_wconf 81' lang='grc' dir='ltr'><strong>ἐπαχθοῦς.</strong></span> 
     </span>
    </p>
   </div>
   <div class='ocr_carea' id='block_1_18' title="bbox 299 1658 1874 1733">
    <p class='ocr_par' dir='ltr' id='par_1_18' title="bbox 299 1658 1874 1733">
     <span class='ocr_line' id='line_1_18' title="bbox 299 1658 1874 1733; baseline 0.003 -19"><span class='ocrx_word' id='word_1_109' title='bbox 299 1661 602 1732; x_wconf 87' lang='grc' dir='ltr'>Σκοπῶμεν</span> <span class='ocrx_word' id='word_1_110' title='bbox 646 1658 740 1717; x_wconf 83' lang='grc' dir='ltr'><strong>οὖν</strong></span> <span class='ocrx_word' id='word_1_111' title='bbox 769 1663 956 1716; x_wconf 83' lang='grc' dir='ltr'>λοιπὸν</span> <span class='ocrx_word' id='word_1_112' title='bbox 996 1663 1174 1717; x_wconf 82' lang='grc' dir='ltr'>ὁποῖοί</span> <span class='ocrx_word' id='word_1_113' title='bbox 1225 1667 1424 1733; x_wconf 77' lang='grc' dir='ltr'>ἐσμεν,</span> <span class='ocrx_word' id='word_1_114' title='bbox 1459 1665 1555 1719; x_wconf 74' lang='grc' dir='ltr'>καὶ</span> <span class='ocrx_word' id='word_1_115' title='bbox 1594 1667 1644 1719; x_wconf 79' lang='grc' dir='ltr'><strong>εί</strong></span> <span class='ocrx_word' id='word_1_116' title='bbox 1671 1665 1874 1730; x_wconf 79' lang='grc' dir='ltr'>οὕτως.</span> 
     </span>
    </p>
   </div>
   <div class='ocr_carea' id='block_1_19' title="bbox 298 1753 1878 1828">
    <p class='ocr_par' dir='ltr' id='par_1_19' title="bbox 298 1753 1878 1828">
     <span class='ocr_line' id='line_1_19' title="bbox 298 1753 1878 1828; baseline 0.003 -21"><span class='ocrx_word' id='word_1_117' title='bbox 298 1753 427 1822; x_wconf 77' lang='grc' dir='ltr'>εὖγε</span> <span class='ocrx_word' id='word_1_118' title='bbox 465 1754 608 1824; x_wconf 80' lang='grc' dir='ltr'>μάλα</span> <span class='ocrx_word' id='word_1_119' title='bbox 629 1771 644 1788; x_wconf 77' lang='grc' dir='ltr'><strong><em>ο</em></strong></span> <span class='ocrx_word' id='word_1_120' title='bbox 676 1756 724 1808; x_wconf 87' lang='grc' dir='ltr'><strong>εί</strong></span> <span class='ocrx_word' id='word_1_121' title='bbox 751 1756 798 1810; x_wconf 83' lang='grc' dir='ltr'>δ’</span> <span class='ocrx_word' id='word_1_122' title='bbox 832 1755 1042 1822; x_wconf 77' lang='grc' dir='ltr'>ἄλλως,</span> <span class='ocrx_word' id='word_1_123' title='bbox 1077 1756 1521 1828; x_wconf 82' lang='grc' dir='ltr'>ὲπαναγώμεθα,</span> <span class='ocrx_word' id='word_1_124' title='bbox 1552 1759 1649 1811; x_wconf 82' lang='grc' dir='ltr'>καὶ</span> <span class='ocrx_word' id='word_1_125' title='bbox 1679 1758 1878 1813; x_wconf 86' lang='grc' dir='ltr'>καθαι-</span> 
     </span>
    </p>
   </div>
   <div class='ocr_carea' id='block_1_20' title="bbox 301 1843 1878 1920">
    <p class='ocr_par' dir='ltr' id='par_1_20' title="bbox 301 1843 1878 1920">
     <span class='ocr_line' id='line_1_20' title="bbox 301 1843 1878 1920; baseline 0.005 -23"><span class='ocrx_word' id='word_1_126' title='bbox 301 1843 548 1916; x_wconf 84' lang='grc' dir='ltr'>ρὼμεθα.</span> <span class='ocrx_word' id='word_1_127' title='bbox 582 1845 880 1918; x_wconf 82' lang='grc' dir='ltr'>Φεύγωμεν</span> <span class='ocrx_word' id='word_1_128' title='bbox 923 1846 1017 1902; x_wconf 79' lang='grc' dir='ltr'><strong>τὸν</strong></span> <span class='ocrx_word' id='word_1_129' title='bbox 1057 1849 1334 1920; x_wconf 81' lang='grc' dir='ltr'>ἀνήμερον</span> <span class='ocrx_word' id='word_1_130' title='bbox 1371 1849 1645 1920; x_wconf 87' lang='grc' dir='ltr'>δράκοντα</span> <span class='ocrx_word' id='word_1_131' title='bbox 1693 1850 1878 1905; x_wconf 81' lang='grc' dir='ltr'>διάϐο-</span> 
     </span>
    </p>
   </div>
   <div class='ocr_carea' id='block_1_21' title="bbox 298 1935 1876 2014">
    <p class='ocr_par' dir='ltr' id='par_1_21' title="bbox 298 1935 1876 2014">
     <span class='ocr_line' id='line_1_21' title="bbox 298 1935 1876 2014; baseline 0.006 -26"><span class='ocrx_word' id='word_1_132' title='bbox 298 1935 427 1989; x_wconf 78' lang='grc' dir='ltr'>λον·</span> <span class='ocrx_word' id='word_1_133' title='bbox 463 1937 532 1991; x_wconf 76' lang='grc' dir='ltr'><strong>τὰ</strong></span> <span class='ocrx_word' id='word_1_134' title='bbox 582 1939 963 2010; x_wconf 81' lang='grc' dir='ltr'>πεπυρωμένα</span> <span class='ocrx_word' id='word_1_135' title='bbox 1017 1940 1120 2008; x_wconf 83' lang='grc' dir='ltr'>τῆς</span> <span class='ocrx_word' id='word_1_136' title='bbox 1175 1943 1384 2012; x_wconf 80' lang='grc' dir='ltr'>πικρᾶς</span> <span class='ocrx_word' id='word_1_137' title='bbox 1424 1941 1520 1995; x_wconf 78' lang='grc' dir='ltr'>καὶ</span> <span class='ocrx_word' id='word_1_138' title='bbox 1571 1942 1876 2014; x_wconf 86' lang='grc' dir='ltr'>θανασίμου</span> 
     </span>
    </p>
   </div>
   <div class='ocr_carea' id='block_1_22' title="bbox 298 2030 1877 2107">
    <p class='ocr_par' dir='ltr' id='par_1_22' title="bbox 298 2030 1877 2107">
     <span class='ocr_line' id='line_1_22' title="bbox 298 2030 1877 2107; baseline 0.006 -26"><span class='ocrx_word' id='word_1_139' title='bbox 298 2030 598 2100; x_wconf 73' lang='grc' dir='ltr'>ἐπιθυμίας</span> <span class='ocrx_word' id='word_1_140' title='bbox 630 2031 783 2102; x_wconf 86' lang='grc' dir='ltr'><strong>βέλη.</strong></span> <span class='ocrx_word' id='word_1_141' title='bbox 831 2033 949 2086; x_wconf 82' lang='grc' dir='ltr'>Οὐκ</span> <span class='ocrx_word' id='word_1_142' title='bbox 985 2031 1134 2086; x_wconf 76' lang='grc' dir='ltr'>ἔστιν</span> <span class='ocrx_word' id='word_1_143' title='bbox 1173 2033 1360 2105; x_wconf 74' lang='grc' dir='ltr'>ἡδονὴ,</span> <span class='ocrx_word' id='word_1_144' title='bbox 1399 2033 1518 2088; x_wconf 87' lang='grc' dir='ltr'>ἀλλ’</span> <span class='ocrx_word' id='word_1_145' title='bbox 1550 2034 1712 2104; x_wconf 79' lang='grc' dir='ltr'>ὀδύνη</span> <span class='ocrx_word' id='word_1_146' title='bbox 1733 2053 1748 2067; x_wconf 87' lang='grc'><strong>·</strong></span> <span class='ocrx_word' id='word_1_147' title='bbox 1777 2037 1877 2107; x_wconf 81' lang='grc' dir='ltr'><strong>οὐχ</strong></span> 
     </span>
    </p>
   </div>
   <div class='ocr_carea' id='block_1_23' title="bbox 300 2120 1874 2196">
    <p class='ocr_par' dir='ltr' id='par_1_23' title="bbox 300 2120 1874 2196">
     <span class='ocr_line' id='line_1_23' title="bbox 300 2120 1874 2196; baseline 0.004 -24"><span class='ocrx_word' id='word_1_148' title='bbox 300 2120 524 2191; x_wconf 84' lang='grc' dir='ltr'>ήδύτης,</span> <span class='ocrx_word' id='word_1_149' title='bbox 553 2122 693 2176; x_wconf 83' lang='grc' dir='ltr'>ἀλλὰ</span> <span class='ocrx_word' id='word_1_150' title='bbox 728 2123 862 2194; x_wconf 88' lang='grc' dir='ltr'>χολή</span> <span class='ocrx_word' id='word_1_151' title='bbox 885 2140 899 2152; x_wconf 76' lang='grc' dir='ltr'><strong>ο</strong></span> <span class='ocrx_word' id='word_1_152' title='bbox 932 2123 1032 2177; x_wconf 83' lang='grc' dir='ltr'><strong>οὑκ</strong></span> <span class='ocrx_word' id='word_1_153' title='bbox 1057 2123 1348 2192; x_wconf 83' lang='grc' dir='ltr'>εὐπάθεια,</span> <span class='ocrx_word' id='word_1_154' title='bbox 1391 2125 1530 2178; x_wconf 84' lang='grc' dir='ltr'><strong>ἀλλά</strong></span> <span class='ocrx_word' id='word_1_155' title='bbox 1558 2125 1874 2196; x_wconf 86' lang='grc' dir='ltr'>δυσμένεια,</span> 
     </span>
    </p>
   </div>
   <div class='ocr_carea' id='block_1_24' title="bbox 298 2211 1878 2288">
    <p class='ocr_par' dir='ltr' id='par_1_24' title="bbox 298 2211 1878 2288">
     <span class='ocr_line' id='line_1_24' title="bbox 298 2211 1878 2288; baseline 0.006 -24"><span class='ocrx_word' id='word_1_156' title='bbox 298 2211 541 2278; x_wconf 82' lang='grc' dir='ltr'>δουλεία,</span> <span class='ocrx_word' id='word_1_157' title='bbox 592 2213 805 2283; x_wconf 77' lang='grc' dir='ltr'>φθορὰ,</span> <span class='ocrx_word' id='word_1_158' title='bbox 849 2215 1246 2288; x_wconf 82' lang='grc' dir='ltr'>δαιμονισμὸς,</span> <span class='ocrx_word' id='word_1_159' title='bbox 1278 2217 1562 2282; x_wconf 79' lang='grc' dir='ltr'>ἀλλοίωσις</span> <span class='ocrx_word' id='word_1_160' title='bbox 1603 2218 1705 2287; x_wconf 83' lang='grc' dir='ltr'>τῆς</span> <span class='ocrx_word' id='word_1_161' title='bbox 1735 2221 1878 2274; x_wconf 86' lang='grc' dir='ltr'>κατὰ</span> 
     </span>
    </p>
   </div>
   <div class='ocr_carea' id='block_1_25' title="bbox 299 2304 1874 2388">
    <p class='ocr_par' dir='ltr' id='par_1_25' title="bbox 299 2304 1874 2388">
     <span class='ocr_line' id='line_1_25' title="bbox 299 2304 1874 2388; baseline 0.007 -31"><span class='ocrx_word' id='word_1_162' title='bbox 299 2304 466 2374; x_wconf 81' lang='grc' dir='ltr'>φύσιν</span> <span class='ocrx_word' id='word_1_163' title='bbox 487 2305 674 2370; x_wconf 74' lang='grc' dir='ltr'>ἕξεως.</span> <span class='ocrx_word' id='word_1_164' title='bbox 721 2306 876 2362; x_wconf 75' lang='grc' dir='ltr'>Ἐπεὶ</span> <span class='ocrx_word' id='word_1_165' title='bbox 899 2309 948 2362; x_wconf 84' lang='grc' dir='ltr'><strong>εί</strong></span> <span class='ocrx_word' id='word_1_166' title='bbox 983 2309 1120 2381; x_wconf 81' lang='grc' dir='ltr'>καλὴ</span> <span class='ocrx_word' id='word_1_167' title='bbox 1151 2312 1246 2364; x_wconf 72' lang='grc' dir='ltr'><strong>καὶ</strong></span> <span class='ocrx_word' id='word_1_168' title='bbox 1271 2311 1450 2382; x_wconf 71' lang='grc' dir='ltr'>ἡδεῖα,</span> <span class='ocrx_word' id='word_1_169' title='bbox 1483 2314 1602 2377; x_wconf 85' lang='grc' dir='ltr'><strong>πῶς</strong></span> <span class='ocrx_word' id='word_1_170' title='bbox 1635 2312 1728 2377; x_wconf 83' lang='grc' dir='ltr'>οὓς</span> <span class='ocrx_word' id='word_1_171' title='bbox 1753 2313 1874 2388; x_wconf 73' lang='grc' dir='ltr'>ἕλῃ,</span> 
     </span>
    </p>
   </div>
   <div class='ocr_carea' id='block_1_26' title="bbox 299 2397 1875 2477">
    <p class='ocr_par' dir='ltr' id='par_1_26' title="bbox 299 2397 1875 2477">
     <span class='ocr_line' id='line_1_26' title="bbox 299 2397 1875 2477; baseline 0.007 -28"><span class='ocrx_word' id='word_1_172' title='bbox 299 2397 467 2462; x_wconf 80' lang='grc' dir='ltr'>εὐθὺς</span> <span class='ocrx_word' id='word_1_173' title='bbox 505 2399 750 2454; x_wconf 89' lang='grc' dir='ltr'>δείκνυσι</span> <span class='ocrx_word' id='word_1_174' title='bbox 799 2401 1053 2473; x_wconf 83' lang='grc' dir='ltr'>μωροὺς,</span> <span class='ocrx_word' id='word_1_175' title='bbox 1087 2404 1420 2477; x_wconf 82' lang='grc' dir='ltr'>κτηνώδεις,</span> <span class='ocrx_word' id='word_1_176' title='bbox 1450 2406 1875 2477; x_wconf 78' lang='grc' dir='ltr'>ῂσχυμμένους,</span> 
     </span>
    </p>
   </div>
   <div class='ocr_carea' id='block_1_27' title="bbox 301 2488 1878 2565">
    <p class='ocr_par' dir='ltr' id='par_1_27' title="bbox 301 2488 1878 2565">
     <span class='ocr_line' id='line_1_27' title="bbox 301 2488 1878 2565; baseline 0.004 -23"><span class='ocrx_word' id='word_1_177' title='bbox 301 2488 727 2559; x_wconf 75' lang='grc' dir='ltr'>δουλοπρεπεῖς,</span> <span class='ocrx_word' id='word_1_178' title='bbox 763 2490 1188 2557; x_wconf 84' lang='grc' dir='ltr'>δυσελπίστους,</span> <span class='ocrx_word' id='word_1_179' title='bbox 1229 2493 1654 2565; x_wconf 77' lang='grc' dir='ltr'>ἐκλελυμένους,</span> <span class='ocrx_word' id='word_1_180' title='bbox 1691 2495 1878 2548; x_wconf 82' lang='grc' dir='ltr'>ὑποδί-</span> 
     </span>
    </p>
   </div>
   <div class='ocr_carea' id='block_1_28' title="bbox 300 2580 1878 2655">
    <p class='ocr_par' dir='ltr' id='par_1_28' title="bbox 300 2580 1878 2655">
     <span class='ocr_line' id='line_1_28' title="bbox 300 2580 1878 2655; baseline 0.005 -23"><span class='ocrx_word' id='word_1_181' title='bbox 300 2595 433 2642; x_wconf 85' lang='grc' dir='ltr'>κους</span> <span class='ocrx_word' id='word_1_182' title='bbox 461 2580 691 2636; x_wconf 78' lang='grc' dir='ltr'>θανάτου</span> <span class='ocrx_word' id='word_1_183' title='bbox 727 2583 946 2636; x_wconf 72' lang='grc' dir='ltr'>αἰωνίου</span> <span class='ocrx_word' id='word_1_184' title='bbox 972 2601 988 2650; x_wconf 88' lang='lat'><strong>;</strong></span> <span class='ocrx_word' id='word_1_185' title='bbox 1017 2583 1183 2637; x_wconf 82' lang='grc' dir='ltr'>Ὥστε</span> <span class='ocrx_word' id='word_1_186' title='bbox 1219 2585 1568 2655; x_wconf 86' lang='grc' dir='ltr'>φαρμακεύει</span> <span class='ocrx_word' id='word_1_187' title='bbox 1611 2585 1878 2651; x_wconf 79' lang='grc' dir='ltr'>ἑξιστῶσα</span> 
     </span>
    </p>
   </div>
   <div class='ocr_carea' id='block_1_29' title="bbox 298 2669 1878 2749">
    <p class='ocr_par' dir='ltr' id='par_1_29' title="bbox 298 2669 1878 2749">
     <span class='ocr_line' id='line_1_29' title="bbox 298 2669 1878 2749; baseline 0.008 -28"><span class='ocrx_word' id='word_1_188' title='bbox 298 2671 395 2723; x_wconf 79' lang='grc' dir='ltr'>καὶ</span> <span class='ocrx_word' id='word_1_189' title='bbox 419 2669 736 2740; x_wconf 85' lang='grc' dir='ltr'>ἀλλοιοῦσα,</span> <span class='ocrx_word' id='word_1_190' title='bbox 763 2673 863 2727; x_wconf 82' lang='grc' dir='ltr'>οὐκ</span> <span class='ocrx_word' id='word_1_191' title='bbox 890 2671 1024 2728; x_wconf 84' lang='grc' dir='ltr'>οὖσα</span> <span class='ocrx_word' id='word_1_192' title='bbox 1043 2674 1120 2738; x_wconf 84' lang='grc' dir='ltr'>ὡς</span> <span class='ocrx_word' id='word_1_193' title='bbox 1146 2675 1462 2730; x_wconf 81' lang='grc' dir='ltr'>ὑποτίθεται</span> <span class='ocrx_word' id='word_1_194' title='bbox 1484 2679 1578 2731; x_wconf 83' lang='grc' dir='ltr'>καὶ</span> <span class='ocrx_word' id='word_1_195' title='bbox 1603 2679 1878 2749; x_wconf 79' lang='grc' dir='ltr'>ἀρχιφάρ-</span> 
     </span>
    </p>
   </div>
   <div class='ocr_carea' id='block_1_30' title="bbox 302 2763 1876 2839">
    <p class='ocr_par' dir='ltr' id='par_1_30' title="bbox 302 2763 1876 2839">
     <span class='ocr_line' id='line_1_30' title="bbox 302 2763 1876 2839; baseline 0.008 -25"><span class='ocrx_word' id='word_1_196' title='bbox 302 2778 510 2828; x_wconf 85' lang='grc' dir='ltr'>μακος,</span> <span class='ocrx_word' id='word_1_197' title='bbox 539 2763 791 2837; x_wconf 79' lang='grc' dir='ltr'>καθάπερ</span> <span class='ocrx_word' id='word_1_198' title='bbox 829 2768 956 2831; x_wconf 83' lang='grc' dir='ltr'>τοὺς</span> <span class='ocrx_word' id='word_1_199' title='bbox 999 2769 1411 2839; x_wconf 84' lang='grc' dir='ltr'>δαιμονῶντας,</span> <span class='ocrx_word' id='word_1_200' title='bbox 1441 2770 1504 2823; x_wconf 80' lang='grc' dir='ltr'>οὐ</span> <span class='ocrx_word' id='word_1_201' title='bbox 1539 2772 1820 2836; x_wconf 82' lang='grc' dir='ltr'>συνιόντας</span> <span class='ocrx_word' id='word_1_202' title='bbox 1845 2771 1876 2825; x_wconf 85' lang='grc' dir='ltr'><strong>ὃ</strong></span> 
     </span>
    </p>
   </div>
   <div class='ocr_carea' id='block_1_31' title="bbox 299 2851 1876 2933">
    <p class='ocr_par' dir='ltr' id='par_1_31' title="bbox 299 2851 1876 2933">
     <span class='ocr_line' id='line_1_31' title="bbox 299 2851 1876 2933; baseline 0.01 -31"><span class='ocrx_word' id='word_1_203' title='bbox 299 2851 659 2920; x_wconf 80' lang='grc' dir='ltr'>ὑφίστανται,</span> <span class='ocrx_word' id='word_1_204' title='bbox 717 2859 767 2910; x_wconf 88' lang='grc' dir='ltr'>εἰ</span> <span class='ocrx_word' id='word_1_205' title='bbox 814 2858 890 2928; x_wconf 84' lang='grc' dir='ltr'>μὴ</span> <span class='ocrx_word' id='word_1_206' title='bbox 932 2860 1073 2927; x_wconf 85' lang='grc' dir='ltr'><strong>μετά</strong></span> <span class='ocrx_word' id='word_1_207' title='bbox 1105 2858 1204 2931; x_wconf 81' lang='grc' dir='ltr'><strong>τὴν</strong></span> <span class='ocrx_word' id='word_1_208' title='bbox 1248 2860 1536 2932; x_wconf 75' lang='grc' dir='ltr'>ἀνάνηψιν.</span> <span class='ocrx_word' id='word_1_209' title='bbox 1577 2860 1876 2933; x_wconf 84' lang='grc' dir='ltr'>Βλέπωμεν</span> 
     </span>
    </p>
   </div>
   <div class='ocr_carea' id='block_1_32' title="bbox 297 2939 1873 3025">
    <p class='ocr_par' dir='ltr' id='par_1_32' title="bbox 297 2939 1873 3025">
     <span class='ocr_line' id='line_1_32' title="bbox 297 2939 1873 3025; baseline 0.008 -30"><span class='ocrx_word' id='word_1_210' title='bbox 297 2939 394 2996; x_wconf 80' lang='grc' dir='ltr'>οὖν</span> <span class='ocrx_word' id='word_1_211' title='bbox 431 2944 648 3014; x_wconf 78' lang='grc' dir='ltr'>λοιπὸν,</span> <span class='ocrx_word' id='word_1_212' title='bbox 698 2949 1009 3019; x_wconf 77' lang='grc' dir='ltr'>ἀγαπητοὶ,</span> <span class='ocrx_word' id='word_1_213' title='bbox 1053 2949 1126 3004; x_wconf 80' lang='grc' dir='ltr'><strong>τὰ</strong></span> <span class='ocrx_word' id='word_1_214' title='bbox 1161 2952 1486 3022; x_wconf 84' lang='grc' dir='ltr'>καταγώγια</span> <span class='ocrx_word' id='word_1_215' title='bbox 1536 2955 1729 3025; x_wconf 80' lang='grc' dir='ltr'>ἡμῶν,</span> <span class='ocrx_word' id='word_1_216' title='bbox 1773 2955 1873 3019; x_wconf 82' lang='grc' dir='ltr'>τὰς</span> 
     </span>
    </p>
   </div>
   <div class='ocr_carea' id='block_1_33' title="bbox 294 3034 1875 3117">
    <p class='ocr_par' dir='ltr' id='par_1_33' title="bbox 294 3034 1875 3117">
     <span class='ocr_line' id='line_1_33' title="bbox 294 3034 1875 3117; baseline 0.008 -29"><span class='ocrx_word' id='word_1_217' title='bbox 294 3034 646 3106; x_wconf 79' lang='grc' dir='ltr'>ἀναστροφὰς</span> <span class='ocrx_word' id='word_1_218' title='bbox 675 3038 780 3094; x_wconf 90' lang='grc' dir='ltr'><strong>ποῦ</strong></span> <span class='ocrx_word' id='word_1_219' title='bbox 813 3041 906 3095; x_wconf 78' lang='grc' dir='ltr'><strong>καὶ</strong></span> <span class='ocrx_word' id='word_1_220' title='bbox 960 3040 1082 3111; x_wconf 84' lang='grc' dir='ltr'>μεθ’</span> <span class='ocrx_word' id='word_1_221' title='bbox 1114 3036 1194 3097; x_wconf 77' lang='grc' dir='ltr'>οῦ.</span> <span class='ocrx_word' id='word_1_222' title='bbox 1229 3044 1340 3098; x_wconf 76' lang='grc' dir='ltr'><strong>Καὶ</strong></span> <span class='ocrx_word' id='word_1_223' title='bbox 1371 3046 1420 3097; x_wconf 81' lang='grc' dir='ltr'><strong>εί</strong></span> <span class='ocrx_word' id='word_1_224' title='bbox 1462 3045 1729 3117; x_wconf 80' lang='grc' dir='ltr'>βλαϐερὸν</span> <span class='ocrx_word' id='word_1_225' title='bbox 1756 3048 1875 3100; x_wconf 80' lang='grc' dir='ltr'>ἐκεῖ</span> 
     </span>
    </p>
   </div>
   <div class='ocr_carea' id='block_1_34' title="bbox 299 3130 1942 3220">
    <p class='ocr_par' dir='ltr' id='par_1_34' title="bbox 299 3130 1942 3220">
     <span class='ocr_line' id='line_1_34' title="bbox 299 3130 1942 3220; baseline 0.01 -41"><span class='ocrx_word' id='word_1_226' title='bbox 299 3130 690 3198; x_wconf 78' lang='grc' dir='ltr'>μεταστατέον.</span> <span class='ocrx_word' id='word_1_227' title='bbox 744 3133 857 3187; x_wconf 82' lang='grc' dir='ltr'><strong>Καὶ</strong></span> <span class='ocrx_word' id='word_1_228' title='bbox 893 3134 944 3187; x_wconf 83' lang='grc' dir='ltr'><strong>εί</strong></span> <span class='ocrx_word' id='word_1_229' title='bbox 989 3134 1134 3204; x_wconf 86' lang='grc' dir='ltr'><strong>μετά</strong></span> <span class='ocrx_word' id='word_1_230' title='bbox 1183 3136 1666 3204; x_wconf 80' lang='grc' dir='ltr'>σκανδαλίζοντος,</span> <span class='ocrx_word' id='word_1_231' title='bbox 1713 3140 1874 3194; x_wconf 81' lang='grc' dir='ltr'>ἑκκο-</span> <span class='ocrx_word' id='word_1_232' title='bbox 1897 3157 1942 3220; x_wconf 80' lang='lat' dir='ltr'>C</span> 
     </span>
    </p>
   </div>
   <div class='ocr_carea' id='block_1_35' title="bbox 295 3220 1870 3305">
    <p class='ocr_par' dir='ltr' id='par_1_35' title="bbox 295 3220 1870 3305">
     <span class='ocr_line' id='line_1_35' title="bbox 295 3220 1870 3305; baseline 0.01 -34"><span class='ocrx_word' id='word_1_233' title='bbox 295 3220 484 3274; x_wconf 83' lang='grc' dir='ltr'>πτέον.</span> <span class='ocrx_word' id='word_1_234' title='bbox 503 3222 616 3275; x_wconf 82' lang='grc' dir='ltr'><strong>Καὶ</strong></span> <span class='ocrx_word' id='word_1_235' title='bbox 635 3223 684 3276; x_wconf 83' lang='grc' dir='ltr'><strong>εί</strong></span> <span class='ocrx_word' id='word_1_236' title='bbox 715 3224 776 3276; x_wconf 78' lang='grc' dir='ltr'>οὐ</span> <span class='ocrx_word' id='word_1_237' title='bbox 805 3225 924 3294; x_wconf 78' lang='grc' dir='ltr'>μετ’</span> <span class='ocrx_word' id='word_1_238' title='bbox 950 3225 1185 3292; x_wconf 76' lang='grc' dir='ltr'>οὐδενὸς,</span> <span class='ocrx_word' id='word_1_239' title='bbox 1208 3229 1608 3300; x_wconf 76' lang='grc' dir='ltr'>προσληπτέονο</span> <span class='ocrx_word' id='word_1_240' title='bbox 1638 3231 1870 3305; x_wconf 79' lang='grc' dir='ltr'>ἐπείπερ</span> 
     </span>
    </p>
   </div>
   <div class='ocr_carea' id='block_1_36' title="bbox 293 3311 1871 3395">
    <p class='ocr_par' dir='ltr' id='par_1_36' title="bbox 293 3311 1871 3395">
     <span class='ocr_line' id='line_1_36' title="bbox 293 3311 1871 3395; baseline 0.01 -32"><span class='ocrx_word' id='word_1_241' title='bbox 293 3311 500 3381; x_wconf 81' lang='grc' dir='ltr'>ἀρατὸν</span> <span class='ocrx_word' id='word_1_242' title='bbox 533 3313 596 3367; x_wconf 83' lang='grc' dir='ltr'>τὸ</span> <span class='ocrx_word' id='word_1_243' title='bbox 645 3316 1063 3387; x_wconf 83' lang='grc' dir='ltr'>μεμονωμένον’,</span> <span class='ocrx_word' id='word_1_244' title='bbox 1093 3317 1200 3384; x_wconf 68' lang='grc' dir='ltr'>ἕως</span> <span class='ocrx_word' id='word_1_245' title='bbox 1227 3318 1294 3374; x_wconf 78' lang='grc' dir='ltr'>ἂν</span> <span class='ocrx_word' id='word_1_246' title='bbox 1329 3323 1632 3390; x_wconf 86' lang='grc' dir='ltr'>ἀναγκαῖος</span> <span class='ocrx_word' id='word_1_247' title='bbox 1667 3324 1871 3395; x_wconf 84' lang='grc' dir='ltr'>τρόπος</span> 
     </span>
    </p>
   </div>
   <div class='ocr_carea' id='block_1_37' title="bbox 293 3404 1874 3486">
    <p class='ocr_par' dir='ltr' id='par_1_37' title="bbox 293 3404 1874 3486">
     <span class='ocr_line' id='line_1_37' title="bbox 293 3404 1874 3486; baseline 0.009 -30"><span class='ocrx_word' id='word_1_248' title='bbox 293 3405 358 3457; x_wconf 82' lang='grc' dir='ltr'>οὐ</span> <span class='ocrx_word' id='word_1_249' title='bbox 395 3404 648 3476; x_wconf 80' lang='grc' dir='ltr'>πάρεστι.</span> <span class='ocrx_word' id='word_1_250' title='bbox 685 3407 966 3480; x_wconf 82' lang='grc' dir='ltr'>Τηρητέον</span> <span class='ocrx_word' id='word_1_251' title='bbox 997 3409 1168 3465; x_wconf 82' lang='grc' dir='ltr'>τᾶλλα</span> <span class='ocrx_word' id='word_1_252' title='bbox 1187 3452 1204 3478; x_wconf 89' lang='grc'><strong>,</strong></span> <span class='ocrx_word' id='word_1_253' title='bbox 1229 3413 1332 3483; x_wconf 82' lang='grc' dir='ltr'>τὴν</span> <span class='ocrx_word' id='word_1_254' title='bbox 1371 3413 1575 3484; x_wconf 85' lang='grc' dir='ltr'>βρῶσιν</span> <span class='ocrx_word' id='word_1_255' title='bbox 1594 3453 1609 3475; x_wconf 84' lang='grc'><strong>,</strong></span> <span class='ocrx_word' id='word_1_256' title='bbox 1645 3416 1745 3486; x_wconf 78' lang='grc' dir='ltr'>τὴν</span> <span class='ocrx_word' id='word_1_257' title='bbox 1774 3416 1874 3470; x_wconf 77' lang='grc' dir='ltr'>πόο</span> 
     </span>
    </p>
   </div>
   <div class='ocr_carea' id='block_1_38' title="bbox 296 3497 1872 3573">
    <p class='ocr_par' dir='ltr' id='par_1_38' title="bbox 296 3497 1872 3573">
     <span class='ocr_line' id='line_1_38' title="bbox 296 3497 1872 3573; baseline 0.01 -26"><span class='ocrx_word' id='word_1_258' title='bbox 296 3511 420 3561; x_wconf 87' lang='grc' dir='ltr'>σιν,</span> <span class='ocrx_word' id='word_1_259' title='bbox 487 3497 578 3550; x_wconf 84' lang='grc' dir='ltr'>τὸν</span> <span class='ocrx_word' id='word_1_260' title='bbox 610 3497 817 3564; x_wconf 78' lang='grc' dir='ltr'>ὕπνον,</span> <span class='ocrx_word' id='word_1_261' title='bbox 867 3500 966 3572; x_wconf 81' lang='grc' dir='ltr'>τὴν</span> <span class='ocrx_word' id='word_1_262' title='bbox 1013 3503 1313 3573; x_wconf 76' lang='grc' dir='ltr'>ἐργασίανο</span> <span class='ocrx_word' id='word_1_263' title='bbox 1359 3504 1435 3568; x_wconf 84' lang='grc' dir='ltr'>ὡς</span> <span class='ocrx_word' id='word_1_264' title='bbox 1463 3507 1530 3561; x_wconf 81' lang='grc' dir='ltr'><strong>ἂν</strong></span> <span class='ocrx_word' id='word_1_265' title='bbox 1573 3507 1644 3561; x_wconf 87' lang='grc' dir='ltr'><strong>τά</strong></span> <span class='ocrx_word' id='word_1_266' title='bbox 1691 3508 1872 3563; x_wconf 83' lang='grc' dir='ltr'>πάντα</span> 
     </span>
    </p>
   </div>
   <div class='ocr_carea' id='block_1_39' title="bbox 295 3587 1872 3668">
    <p class='ocr_par' dir='ltr' id='par_1_39' title="bbox 295 3587 1872 3668">
     <span class='ocr_line' id='line_1_39' title="bbox 295 3587 1872 3668; baseline 0.008 -27"><span class='ocrx_word' id='word_1_267' title='bbox 295 3587 538 3660; x_wconf 83' lang='grc' dir='ltr'>στάθμια</span> <span class='ocrx_word' id='word_1_268' title='bbox 569 3589 898 3648; x_wconf 84' lang='grc' dir='ltr'>δυνατοῦντα</span> <span class='ocrx_word' id='word_1_269' title='bbox 936 3595 998 3648; x_wconf 82' lang='grc' dir='ltr'>τὸ</span> <span class='ocrx_word' id='word_1_270' title='bbox 1041 3595 1205 3666; x_wconf 88' lang='grc' dir='ltr'>σῶμα</span> <span class='ocrx_word' id='word_1_271' title='bbox 1243 3596 1540 3668; x_wconf 82' lang='grc' dir='ltr'>ὑπουργεῖν</span> <span class='ocrx_word' id='word_1_272' title='bbox 1569 3601 1689 3663; x_wconf 82' lang='grc' dir='ltr'>ταῖς</span> <span class='ocrx_word' id='word_1_273' title='bbox 1724 3602 1872 3654; x_wconf 78' lang='grc' dir='ltr'>ἐντο-</span> 
     </span>
    </p>
   </div>
   <div class='ocr_carea' id='block_1_40' title="bbox 294 3679 1873 3762">
    <p class='ocr_par' dir='ltr' id='par_1_40' title="bbox 294 3679 1873 3762">
     <span class='ocr_line' id='line_1_40' title="bbox 294 3679 1873 3762; baseline 0.01 -32"><span class='ocrx_word' id='word_1_274' title='bbox 294 3679 449 3743; x_wconf 78' lang='grc' dir='ltr'>λαῖς,</span> <span class='ocrx_word' id='word_1_275' title='bbox 505 3681 622 3736; x_wconf 87' lang='grc' dir='ltr'>ἀλλ’</span> <span class='ocrx_word' id='word_1_276' title='bbox 676 3685 777 3738; x_wconf 83' lang='grc' dir='ltr'>οὐκ</span> <span class='ocrx_word' id='word_1_277' title='bbox 824 3684 1187 3756; x_wconf 82' lang='grc' dir='ltr'>ὲξαγριοῦντα</span> <span class='ocrx_word' id='word_1_278' title='bbox 1246 3688 1718 3760; x_wconf 79' lang='grc' dir='ltr'>κατεξαναστῆναι</span> <span class='ocrx_word' id='word_1_279' title='bbox 1770 3692 1873 3762; x_wconf 81' lang='grc' dir='ltr'>τῆς</span> 
     </span>
    </p>
   </div>
   <div class='ocr_carea' id='block_1_41' title="bbox 291 3771 1873 3854">
    <p class='ocr_par' dir='ltr' id='par_1_41' title="bbox 291 3771 1873 3854">
     <span class='ocr_line' id='line_1_41' title="bbox 291 3771 1873 3854; baseline 0.008 -30"><span class='ocrx_word' id='word_1_280' title='bbox 291 3771 500 3842; x_wconf 79' lang='grc' dir='ltr'>ψυχῆς.</span> <span class='ocrx_word' id='word_1_281' title='bbox 529 3773 715 3838; x_wconf 85' lang='grc' dir='ltr'>Πῶλός</span> <span class='ocrx_word' id='word_1_282' title='bbox 740 3776 889 3832; x_wconf 76' lang='grc' dir='ltr'>ἐστιν</span> <span class='ocrx_word' id='word_1_283' title='bbox 912 3792 926 3808; x_wconf 81' lang='grc'><strong><em>⁸</em></strong></span> <span class='ocrx_word' id='word_1_284' title='bbox 958 3777 1054 3831; x_wconf 77' lang='grc' dir='ltr'><strong>ἐὰν</strong></span> <span class='ocrx_word' id='word_1_285' title='bbox 1080 3778 1398 3852; x_wconf 81' lang='grc' dir='ltr'>ὑπερμαζῇ,</span> <span class='ocrx_word' id='word_1_286' title='bbox 1432 3782 1679 3846; x_wconf 85' lang='grc' dir='ltr'>ἀτακτεῖ,</span> <span class='ocrx_word' id='word_1_287' title='bbox 1715 3783 1873 3854; x_wconf 81' lang='grc' dir='ltr'>φέρει</span> 
     </span>
    </p>
   </div>
   <div class='ocr_carea' id='block_1_42' title="bbox 291 3866 1873 3948">
    <p class='ocr_par' dir='ltr' id='par_1_42' title="bbox 291 3866 1873 3948">
     <span class='ocr_line' id='line_1_42' title="bbox 291 3866 1873 3948; baseline 0.007 -28"><span class='ocrx_word' id='word_1_288' title='bbox 291 3866 451 3920; x_wconf 80' lang='grc' dir='ltr'>κάτω</span> <span class='ocrx_word' id='word_1_289' title='bbox 497 3867 588 3920; x_wconf 80' lang='grc' dir='ltr'>τὸν</span> <span class='ocrx_word' id='word_1_290' title='bbox 616 3870 894 3941; x_wconf 81' lang='grc' dir='ltr'>ἀναϐάτην</span> <span class='ocrx_word' id='word_1_291' title='bbox 933 3870 1079 3927; x_wconf 90' lang='grc' dir='ltr'>νοῦν.</span> <span class='ocrx_word' id='word_1_292' title='bbox 1125 3873 1244 3942; x_wconf 84' lang='grc' dir='ltr'>Ἀφ’</span> <span class='ocrx_word' id='word_1_293' title='bbox 1273 3874 1438 3945; x_wconf 81' lang='grc' dir='ltr'>ἡμῶν</span> <span class='ocrx_word' id='word_1_294' title='bbox 1473 3875 1572 3929; x_wconf 75' lang='grc' dir='ltr'>καὶ</span> <span class='ocrx_word' id='word_1_295' title='bbox 1599 3875 1670 3931; x_wconf 85' lang='grc' dir='ltr'>τὰ</span> <span class='ocrx_word' id='word_1_296' title='bbox 1717 3877 1873 3948; x_wconf 84' lang='grc' dir='ltr'>ὑμῶν</span> 
     </span>
    </p>
   </div>
   <div class='ocr_carea' id='block_1_43' title="bbox 291 3957 1873 4039">
    <p class='ocr_par' dir='ltr' id='par_1_43' title="bbox 291 3957 1873 4039">
     <span class='ocr_line' id='line_1_43' title="bbox 291 3957 1873 4039; baseline 0.008 -29"><span class='ocrx_word' id='word_1_297' title='bbox 291 3957 671 4032; x_wconf 77' lang='grc' dir='ltr'>ὲξηγοροῦμεν</span> <span class='ocrx_word' id='word_1_298' title='bbox 695 3976 709 3990; x_wconf 89' lang='grc'><strong>·</strong></span> <span class='ocrx_word' id='word_1_299' title='bbox 747 3962 871 4016; x_wconf 76' lang='grc' dir='ltr'>ἐπεὶ</span> <span class='ocrx_word' id='word_1_300' title='bbox 901 3964 1102 4027; x_wconf 82' lang='grc' dir='ltr'>πάντες</span> <span class='ocrx_word' id='word_1_301' title='bbox 1141 3964 1420 4037; x_wconf 83' lang='grc' dir='ltr'>ἄνθρωποι</span> <span class='ocrx_word' id='word_1_302' title='bbox 1455 3966 1556 4031; x_wconf 86' lang='grc' dir='ltr'><strong>τὰς</strong></span> <span class='ocrx_word' id='word_1_303' title='bbox 1586 3967 1744 4039; x_wconf 77' lang='grc' dir='ltr'>ἡνίας</span> <span class='ocrx_word' id='word_1_304' title='bbox 1776 3969 1873 4023; x_wconf 86' lang='grc' dir='ltr'><strong>τοῦ</strong></span> 
     </span>
    </p>
   </div>
   <div class='ocr_carea' id='block_1_44' title="bbox 293 4045 1876 4129">
    <p class='ocr_par' dir='ltr' id='par_1_44' title="bbox 293 4045 1876 4129">
     <span class='ocr_line' id='line_1_44' title="bbox 293 4045 1876 4129; baseline 0.009 -31"><span class='ocrx_word' id='word_1_305' title='bbox 293 4045 650 4110; x_wconf 79' lang='grc' dir='ltr'>αὑτεξουσίου</span> <span class='ocrx_word' id='word_1_306' title='bbox 702 4051 906 4120; x_wconf 81' lang='grc' dir='ltr'>ὁμοίως</span> <span class='ocrx_word' id='word_1_307' title='bbox 935 4053 1074 4124; x_wconf 81' lang='grc' dir='ltr'>πρὸς</span> <span class='ocrx_word' id='word_1_308' title='bbox 1109 4053 1246 4106; x_wconf 84' lang='grc' dir='ltr'>Θεοῦ</span> <span class='ocrx_word' id='word_1_309' title='bbox 1290 4054 1575 4126; x_wconf 80' lang='grc' dir='ltr'>εἰληφότες</span> <span class='ocrx_word' id='word_1_310' title='bbox 1600 4057 1876 4129; x_wconf 83' lang='grc' dir='ltr'>αὐτοκρα-</span> 
     </span>
    </p>
   </div>
   <div class='ocr_carea' id='block_1_45' title="bbox 292 4138 1872 4222">
    <p class='ocr_par' dir='ltr' id='par_1_45' title="bbox 292 4138 1872 4222">
     <span class='ocr_line' id='line_1_45' title="bbox 292 4138 1872 4222; baseline 0.01 -32"><span class='ocrx_word' id='word_1_311' title='bbox 292 4138 531 4208; x_wconf 80' lang='grc' dir='ltr'>τορικῶς</span> <span class='ocrx_word' id='word_1_312' title='bbox 551 4156 567 4171; x_wconf 87' lang='grc'><strong>·</strong></span> <span class='ocrx_word' id='word_1_313' title='bbox 605 4140 710 4195; x_wconf 77' lang='grc' dir='ltr'><strong>κᾶν</strong></span> <span class='ocrx_word' id='word_1_314' title='bbox 737 4143 827 4197; x_wconf 73' lang='grc' dir='ltr'>ἀεὶ</span> <span class='ocrx_word' id='word_1_315' title='bbox 853 4143 1124 4216; x_wconf 85' lang='grc' dir='ltr'>πόλεμος,</span> <span class='ocrx_word' id='word_1_316' title='bbox 1154 4145 1336 4220; x_wconf 82' lang='grc' dir='ltr'>ψυχῆς</span> <span class='ocrx_word' id='word_1_317' title='bbox 1365 4150 1462 4203; x_wconf 76' lang='grc' dir='ltr'>καὶ</span> <span class='ocrx_word' id='word_1_318' title='bbox 1493 4149 1744 4222; x_wconf 84' lang='grc' dir='ltr'>σώματος</span> <span class='ocrx_word' id='word_1_319' title='bbox 1774 4153 1872 4206; x_wconf 83' lang='grc' dir='ltr'>ἀν-</span> 
     </span>
    </p>
   </div>
   <div class='ocr_carea' id='block_1_46' title="bbox 290 4231 753 4304">
    <p class='ocr_par' dir='ltr' id='par_1_46' title="bbox 290 4231 753 4304">
     <span class='ocr_line' id='line_1_46' title="bbox 290 4231 753 4304; baseline 0.015 -20"><span class='ocrx_word' id='word_1_320' title='bbox 290 4231 753 4304; x_wconf 82' lang='grc' dir='ltr'>τικαθεζομένων.</span> 
     </span>
    </p>
   </div>
   <div class='ocr_carea' id='block_1_47' title="bbox 1977 549 3557 619">
    <p class='ocr_par' dir='ltr' id='par_1_47' title="bbox 1977 549 3557 619">
     <span class='ocr_line' id='line_1_47' title="bbox 1977 549 3557 619; baseline -0.004 -13"><span class='ocrx_word' id='word_1_321' title='bbox 1977 552 2198 607; x_wconf 79' lang='lat' dir='ltr'><strong>moduui</strong></span> <span class='ocrx_word' id='word_1_322' title='bbox 2233 565 2248 606; x_wconf 87' lang='lat'><strong>:</strong></span> <span class='ocrx_word' id='word_1_323' title='bbox 2281 561 2340 604; x_wconf 89' lang='lat' dir='ltr'><strong>ut</strong></span> <span class='ocrx_word' id='word_1_324' title='bbox 2370 549 2541 619; x_wconf 88' lang='lat' dir='ltr'><strong>parati</strong></span> <span class='ocrx_word' id='word_1_325' title='bbox 2573 549 2833 602; x_wconf 87' lang='lat' dir='ltr'><strong>nimirum</strong></span> <span class='ocrx_word' id='word_1_326' title='bbox 2865 562 3079 616; x_wconf 88' lang='lat' dir='ltr'><strong>semper</strong></span> <span class='ocrx_word' id='word_1_327' title='bbox 3109 549 3285 603; x_wconf 90' lang='lat' dir='ltr'><strong>simus</strong></span> <span class='ocrx_word' id='word_1_328' title='bbox 3303 562 3557 619; x_wconf 78' lang='lat' dir='ltr'><strong>compro-</strong></span> 
     </span>
    </p>
   </div>
   <div class='ocr_carea' id='block_1_48' title="bbox 1974 639 3558 710">
    <p class='ocr_par' dir='ltr' id='par_1_48' title="bbox 1974 639 3558 710">
     <span class='ocr_line' id='line_1_48' title="bbox 1974 639 3558 710; baseline -0.003 -12"><span class='ocrx_word' id='word_1_329' title='bbox 1974 643 2162 710; x_wconf 86' lang='lat' dir='ltr'><strong>hendi,</strong></span> <span class='ocrx_word' id='word_1_330' title='bbox 2207 641 2478 706; x_wconf 89' lang='lat' dir='ltr'><strong>conliteri,</strong></span> <span class='ocrx_word' id='word_1_331' title='bbox 2522 639 2705 709; x_wconf 81' lang='lat' dir='ltr'><strong>ﬂagris</strong></span> <span class='ocrx_word' id='word_1_332' title='bbox 2732 640 2888 705; x_wconf 66' lang='lat' dir='ltr'><strong>caadi,</strong></span> <span class='ocrx_word' id='word_1_333' title='bbox 2921 640 3059 694; x_wconf 90' lang='lat' dir='ltr'><strong>mori</strong></span> <span class='ocrx_word' id='word_1_334' title='bbox 3096 658 3111 706; x_wconf 92' lang='lat'><strong>;</strong></span> <span class='ocrx_word' id='word_1_335' title='bbox 3155 640 3258 696; x_wconf 94' lang='lat' dir='ltr'><strong>hoc</strong></span> <span class='ocrx_word' id='word_1_336' title='bbox 3289 650 3374 695; x_wconf 88' lang='lat' dir='ltr'><strong>est</strong></span> <span class='ocrx_word' id='word_1_337' title='bbox 3411 643 3558 694; x_wconf 84' lang='lat' dir='ltr'><strong>enim</strong></span> 
     </span>
    </p>
   </div>
   <div class='ocr_carea' id='block_1_49' title="bbox 1976 728 3558 804">
    <p class='ocr_par' dir='ltr' id='par_1_49' title="bbox 1976 728 3558 804">
     <span class='ocr_line' id='line_1_49' title="bbox 1976 728 3558 804; baseline -0.003 -15"><span class='ocrx_word' id='word_1_338' title='bbox 1976 733 2224 804; x_wconf 86' lang='lat' dir='ltr'><strong>quotidie</strong></span> <span class='ocrx_word' id='word_1_339' title='bbox 2251 741 2544 802; x_wconf 89' lang='lat' dir='ltr'><strong>martyrem</strong></span> <span class='ocrx_word' id='word_1_340' title='bbox 2585 745 2728 794; x_wconf 91' lang='lat' dir='ltr'><strong>esse,</strong></span> <span class='ocrx_word' id='word_1_341' title='bbox 2762 730 2864 784; x_wconf 89' lang='lat' dir='ltr'><strong>hoc</strong></span> <span class='ocrx_word' id='word_1_342' title='bbox 2893 738 2978 784; x_wconf 89' lang='lat' dir='ltr'><strong>est</strong></span> <span class='ocrx_word' id='word_1_343' title='bbox 3002 728 3246 800; x_wconf 83' lang='lat' dir='ltr'><strong>quotidie</strong></span> <span class='ocrx_word' id='word_1_344' title='bbox 3286 728 3446 784; x_wconf 90' lang='lat' dir='ltr'><strong>mori.</strong></span> <span class='ocrx_word' id='word_1_345' title='bbox 3479 728 3558 785; x_wconf 81' lang='lat' dir='ltr'><strong>Ex</strong></span> 
     </span>
    </p>
   </div>
   <div class='ocr_carea' id='block_1_50' title="bbox 1975 821 3561 897">
    <p class='ocr_par' dir='ltr' id='par_1_50' title="bbox 1975 821 3561 897">
     <span class='ocr_line' id='line_1_50' title="bbox 1975 821 3561 897; baseline -0.006 -18"><span class='ocrx_word' id='word_1_346' title='bbox 1975 841 2084 897; x_wconf 91' lang='lat' dir='ltr'><strong>quo</strong></span> <span class='ocrx_word' id='word_1_347' title='bbox 2112 825 2336 895; x_wconf 81' lang='lat' dir='ltr'><strong>quidem</strong></span> <span class='ocrx_word' id='word_1_348' title='bbox 2379 821 2599 893; x_wconf 80' lang='lat' dir='ltr'><strong>purgari</strong></span> <span class='ocrx_word' id='word_1_349' title='bbox 2629 832 2867 876; x_wconf 86' lang='lat' dir='ltr'><strong>mentem</strong></span> <span class='ocrx_word' id='word_1_350' title='bbox 2896 821 3182 891; x_wconf 84' lang='lat' dir='ltr'><strong>contingit,</strong></span> <span class='ocrx_word' id='word_1_351' title='bbox 3218 835 3249 874; x_wconf 88' lang='lat' dir='ltr'><strong>a</strong></span> <span class='ocrx_word' id='word_1_352' title='bbox 3271 821 3561 890; x_wconf 78' lang='lat' dir='ltr'><strong>perturba-</strong></span> 
     </span>
    </p>
   </div>
   <div class='ocr_carea' id='block_1_51' title="bbox 1975 911 3559 984">
    <p class='ocr_par' dir='ltr' id='par_1_51' title="bbox 1975 911 3559 984">
     <span class='ocr_line' id='line_1_51' title="bbox 1975 911 3559 984; baseline -0.005 -10"><span class='ocrx_word' id='word_1_353' title='bbox 1975 919 2220 975; x_wconf 87' lang='lat' dir='ltr'><strong>tionibus</strong></span> <span class='ocrx_word' id='word_1_354' title='bbox 2269 916 2582 980; x_wconf 84' lang='lat' dir='ltr'><strong>abscedere,</strong></span> <span class='ocrx_word' id='word_1_355' title='bbox 2618 914 2730 968; x_wconf 90' lang='lat' dir='ltr'><strong>Deo</strong></span> <span class='ocrx_word' id='word_1_356' title='bbox 2789 913 3248 984; x_wconf 82' lang='lat' dir='ltr'><strong>appropinquare,</strong></span> <span class='ocrx_word' id='word_1_357' title='bbox 3293 911 3559 967; x_wconf 88' lang='lat' dir='ltr'><strong>mundum</strong></span> 
     </span>
    </p>
   </div>
   <div class='ocr_carea' id='block_1_52' title="bbox 1975 1005 3559 1078">
    <p class='ocr_par' dir='ltr' id='par_1_52' title="bbox 1975 1005 3559 1078">
     <span class='ocr_line' id='line_1_52' title="bbox 1975 1005 3559 1078; baseline -0.006 -11"><span class='ocrx_word' id='word_1_358' title='bbox 1975 1011 2178 1078; x_wconf 91' lang='lat' dir='ltr'><strong>odisse,</strong></span> <span class='ocrx_word' id='word_1_359' title='bbox 2206 1009 2406 1065; x_wconf 66' lang='lat' dir='ltr'><strong>ctelum</strong></span> <span class='ocrx_word' id='word_1_360' title='bbox 2429 1006 2701 1071; x_wconf 86' lang='lat' dir='ltr'><strong>meditari,</strong></span> <span class='ocrx_word' id='word_1_361' title='bbox 2723 1006 2865 1061; x_wconf 91' lang='lat' dir='ltr'><strong>bona</strong></span> <span class='ocrx_word' id='word_1_362' title='bbox 2890 1005 2942 1058; x_wconf 89' lang='lat' dir='ltr'><strong>in</strong></span> <span class='ocrx_word' id='word_1_363' title='bbox 2969 1017 3234 1060; x_wconf 64' lang='lat' dir='ltr'><strong>aeternum</strong></span> <span class='ocrx_word' id='word_1_364' title='bbox 3259 1011 3559 1069; x_wconf 86' lang='lat' dir='ltr'><strong>reservata,</strong></span> 
     </span>
    </p>
   </div>
   <div class='ocr_carea' id='block_1_53' title="bbox 1976 1095 3562 1165">
    <p class='ocr_par' dir='ltr' id='par_1_53' title="bbox 1976 1095 3562 1165">
     <span class='ocr_line' id='line_1_53' title="bbox 1976 1095 3562 1165; baseline -0.004 -9"><span class='ocrx_word' id='word_1_365' title='bbox 1976 1117 2078 1158; x_wconf 88' lang='lat' dir='ltr'><strong>nec</strong></span> <span class='ocrx_word' id='word_1_366' title='bbox 2109 1116 2216 1155; x_wconf 91' lang='lat' dir='ltr'><strong>non</strong></span> <span class='ocrx_word' id='word_1_367' title='bbox 2257 1108 2312 1155; x_wconf 92' lang='lat' dir='ltr'><strong>et</strong></span> <span class='ocrx_word' id='word_1_368' title='bbox 2339 1099 2536 1155; x_wconf 84' lang='lat' dir='ltr'><strong>tristia.</strong></span> <span class='ocrx_word' id='word_1_369' title='bbox 2573 1097 2684 1153; x_wconf 86' lang='lat' dir='ltr'><strong>Nec</strong></span> <span class='ocrx_word' id='word_1_370' title='bbox 2724 1097 2867 1152; x_wconf 90' lang='lat' dir='ltr'><strong>enim</strong></span> <span class='ocrx_word' id='word_1_371' title='bbox 2898 1097 3075 1151; x_wconf 86' lang='lat' dir='ltr'><strong>locum</strong></span> <span class='ocrx_word' id='word_1_372' title='bbox 3104 1096 3270 1151; x_wconf 89' lang='lat' dir='ltr'><strong>menti</strong></span> <span class='ocrx_word' id='word_1_373' title='bbox 3301 1095 3562 1165; x_wconf 85' lang='lat' dir='ltr'><strong>relinquit</strong></span> 
     </span>
    </p>
   </div>
   <div class='ocr_carea' id='block_1_54' title="bbox 1975 1187 3558 1259">
    <p class='ocr_par' dir='ltr' id='par_1_54' title="bbox 1975 1187 3558 1259">
     <span class='ocr_line' id='line_1_54' title="bbox 1975 1187 3558 1259; baseline -0.004 -15"><span class='ocrx_word' id='word_1_374' title='bbox 1975 1189 2246 1259; x_wconf 89' lang='lat' dir='ltr'><strong>ejusmodi</strong></span> <span class='ocrx_word' id='word_1_375' title='bbox 2311 1187 2664 1258; x_wconf 66' lang='lat' dir='ltr'><strong>praeparatio,</strong></span> <span class='ocrx_word' id='word_1_376' title='bbox 2716 1193 2774 1241; x_wconf 91' lang='lat' dir='ltr'><strong>ut</strong></span> <span class='ocrx_word' id='word_1_377' title='bbox 2823 1187 3130 1256; x_wconf 83' lang='lat' dir='ltr'><strong>voluptates</strong></span> <span class='ocrx_word' id='word_1_378' title='bbox 3185 1196 3558 1250; x_wconf 88' lang='lat' dir='ltr'><strong>consectetur,</strong></span> 
     </span>
    </p>
   </div>
   <div class='ocr_carea' id='block_1_55' title="bbox 1977 1277 3561 1347">
    <p class='ocr_par' dir='ltr' id='par_1_55' title="bbox 1977 1277 3561 1347">
     <span class='ocr_line' id='line_1_55' title="bbox 1977 1277 3561 1347; baseline -0.003 -11"><span class='ocrx_word' id='word_1_379' title='bbox 1977 1291 2038 1336; x_wconf 91' lang='lat' dir='ltr'><strong>ut</strong></span> <span class='ocrx_word' id='word_1_380' title='bbox 2065 1281 2168 1335; x_wconf 92' lang='lat' dir='ltr'><strong>hoc</strong></span> <span class='ocrx_word' id='word_1_381' title='bbox 2220 1280 2418 1334; x_wconf 86' lang='lat' dir='ltr'><strong>illudve</strong></span> <span class='ocrx_word' id='word_1_382' title='bbox 2463 1279 2668 1335; x_wconf 86' lang='lat' dir='ltr'><strong>carnali</strong></span> <span class='ocrx_word' id='word_1_383' title='bbox 2703 1278 2978 1333; x_wconf 88' lang='lat' dir='ltr'><strong>desiderio</strong></span> <span class='ocrx_word' id='word_1_384' title='bbox 3027 1277 3387 1347; x_wconf 85' lang='lat' dir='ltr'><strong>amplectatur</strong></span> <span class='ocrx_word' id='word_1_385' title='bbox 3420 1295 3433 1332; x_wconf 91' lang='lat'><strong>:</strong></span> <span class='ocrx_word' id='word_1_386' title='bbox 3465 1277 3561 1333; x_wconf 91' lang='lat' dir='ltr'><strong>sed</strong></span> 
     </span>
    </p>
   </div>
   <div class='ocr_carea' id='block_1_56' title="bbox 1977 1371 3563 1442">
    <p class='ocr_par' dir='ltr' id='par_1_56' title="bbox 1977 1371 3563 1442">
     <span class='ocr_line' id='line_1_56' title="bbox 1977 1371 3563 1442; baseline -0.002 -14"><span class='ocrx_word' id='word_1_387' title='bbox 1977 1374 2120 1428; x_wconf 87' lang='lat' dir='ltr'><strong>vires</strong></span> <span class='ocrx_word' id='word_1_388' title='bbox 2177 1371 2324 1428; x_wconf 89' lang='lat' dir='ltr'><strong>cordi</strong></span> <span class='ocrx_word' id='word_1_389' title='bbox 2379 1380 2434 1426; x_wconf 90' lang='lat' dir='ltr'><strong>et</strong></span> <span class='ocrx_word' id='word_1_390' title='bbox 2489 1387 2686 1426; x_wconf 88' lang='lat' dir='ltr'><strong>nervos</strong></span> <span class='ocrx_word' id='word_1_391' title='bbox 2736 1371 2908 1435; x_wconf 87' lang='lat' dir='ltr'><strong>addit,</strong></span> <span class='ocrx_word' id='word_1_392' title='bbox 2939 1371 3130 1426; x_wconf 90' lang='lat' dir='ltr'><strong>oculos</strong></span> <span class='ocrx_word' id='word_1_393' title='bbox 3179 1371 3234 1426; x_wconf 91' lang='lat' dir='ltr'><strong>in</strong></span> <span class='ocrx_word' id='word_1_394' title='bbox 3288 1371 3563 1442; x_wconf 87' lang='lat' dir='ltr'><strong>laerymas</strong></span> 
     </span>
    </p>
   </div>
   <div class='ocr_carea' id='block_1_57' title="bbox 1977 1461 3566 1533">
    <p class='ocr_par' dir='ltr' id='par_1_57' title="bbox 1977 1461 3566 1533">
     <span class='ocr_line' id='line_1_57' title="bbox 1977 1461 3566 1533; baseline -0.002 -12"><span class='ocrx_word' id='word_1_395' title='bbox 1977 1464 2114 1521; x_wconf 91' lang='lat' dir='ltr'><strong>solvi</strong></span> <span class='ocrx_word' id='word_1_396' title='bbox 2144 1463 2440 1533; x_wconf 86' lang='lat' dir='ltr'><strong>compellit,</strong></span> <span class='ocrx_word' id='word_1_397' title='bbox 2480 1462 2810 1518; x_wconf 87' lang='lat' dir='ltr'><strong>desiderium</strong></span> <span class='ocrx_word' id='word_1_398' title='bbox 2846 1461 3022 1530; x_wconf 84' lang='lat' dir='ltr'><strong>injicit</strong></span> <span class='ocrx_word' id='word_1_399' title='bbox 3057 1476 3124 1516; x_wconf 85' lang='lat' dir='ltr'><strong>ex</strong></span> <span class='ocrx_word' id='word_1_400' title='bbox 3151 1477 3404 1532; x_wconf 86' lang='lat' dir='ltr'><strong>corpore,</strong></span> <span class='ocrx_word' id='word_1_401' title='bbox 3444 1473 3566 1518; x_wconf 82' lang='lat' dir='ltr'><strong>tan-</strong></span> 
     </span>
    </p>
   </div>
   <div class='ocr_carea' id='block_1_58' title="bbox 1976 1553 3561 1626">
    <p class='ocr_par' dir='ltr' id='par_1_58' title="bbox 1976 1553 3561 1626">
     <span class='ocr_line' id='line_1_58' title="bbox 1976 1553 3561 1626; baseline -0.003 -15"><span class='ocrx_word' id='word_1_402' title='bbox 1976 1572 2143 1626; x_wconf 86' lang='lat' dir='ltr'><strong>quam</strong></span> <span class='ocrx_word' id='word_1_403' title='bbox 2185 1571 2250 1610; x_wconf 80' lang='lat' dir='ltr'><strong>ex</strong></span> <span class='ocrx_word' id='word_1_404' title='bbox 2285 1555 2432 1624; x_wconf 85' lang='lat' dir='ltr'><strong>gravi</strong></span> <span class='ocrx_word' id='word_1_405' title='bbox 2466 1555 2703 1624; x_wconf 85' lang='lat' dir='ltr'><strong>quodam</strong></span> <span class='ocrx_word' id='word_1_406' title='bbox 2730 1567 2976 1619; x_wconf 88' lang='lat' dir='ltr'><strong>carcere,</strong></span> <span class='ocrx_word' id='word_1_407' title='bbox 3006 1553 3334 1623; x_wconf 81' lang='lat' dir='ltr'><strong>emigrandi.</strong></span> <span class='ocrx_word' id='word_1_408' title='bbox 3361 1553 3561 1610; x_wconf 88' lang='lat' dir='ltr'><strong>Consi-</strong></span> 
     </span>
    </p>
   </div>
   <div class='ocr_carea' id='block_1_59' title="bbox 1975 1645 3565 1718">
    <p class='ocr_par' dir='ltr' id='par_1_59' title="bbox 1975 1645 3565 1718">
     <span class='ocr_line' id='line_1_59' title="bbox 1975 1645 3565 1718; baseline -0.002 -14"><span class='ocrx_word' id='word_1_409' title='bbox 1975 1649 2235 1704; x_wconf 90' lang='lat' dir='ltr'><strong>deremus</strong></span> <span class='ocrx_word' id='word_1_410' title='bbox 2287 1647 2475 1718; x_wconf 87' lang='lat' dir='ltr'><strong>itaque</strong></span> <span class='ocrx_word' id='word_1_411' title='bbox 2513 1647 2705 1717; x_wconf 86' lang='lat' dir='ltr'><strong>quales</strong></span> <span class='ocrx_word' id='word_1_412' title='bbox 2749 1645 2968 1700; x_wconf 88' lang='lat' dir='ltr'><strong>simus:</strong></span> <span class='ocrx_word' id='word_1_413' title='bbox 3012 1655 3070 1700; x_wconf 91' lang='lat' dir='ltr'><strong>et</strong></span> <span class='ocrx_word' id='word_1_414' title='bbox 3118 1646 3166 1701; x_wconf 91' lang='lat' dir='ltr'><strong>si</strong></span> <span class='ocrx_word' id='word_1_415' title='bbox 3205 1646 3427 1716; x_wconf 87' lang='lat' dir='ltr'><strong>quidem</strong></span> <span class='ocrx_word' id='word_1_416' title='bbox 3483 1647 3565 1701; x_wconf 92' lang='lat' dir='ltr'><strong>sic</strong></span> 
     </span>
    </p>
   </div>
   <div class='ocr_carea' id='block_1_60' title="bbox 1978 1738 3564 1806">
    <p class='ocr_par' dir='ltr' id='par_1_60' title="bbox 1978 1738 3564 1806">
     <span class='ocr_line' id='line_1_60' title="bbox 1978 1738 3564 1806; baseline -0.002 -12"><span class='ocrx_word' id='word_1_417' title='bbox 1978 1741 2175 1806; x_wconf 81' lang='lat' dir='ltr'><strong>allecti,</strong></span> <span class='ocrx_word' id='word_1_418' title='bbox 2212 1749 2358 1795; x_wconf 89' lang='lat' dir='ltr'><strong>recte</strong></span> <span class='ocrx_word' id='word_1_419' title='bbox 2387 1754 2560 1794; x_wconf 88' lang='lat' dir='ltr'><strong>sane:</strong></span> <span class='ocrx_word' id='word_1_420' title='bbox 2603 1739 2687 1794; x_wconf 91' lang='lat' dir='ltr'><strong>sin</strong></span> <span class='ocrx_word' id='word_1_421' title='bbox 2718 1738 2895 1802; x_wconf 81' lang='lat' dir='ltr'><strong>aliter,</strong></span> <span class='ocrx_word' id='word_1_422' title='bbox 2947 1738 3236 1794; x_wconf 91' lang='lat' dir='ltr'><strong>redeamus</strong></span> <span class='ocrx_word' id='word_1_423' title='bbox 3287 1739 3341 1793; x_wconf 91' lang='lat' dir='ltr'><strong>in</strong></span> <span class='ocrx_word' id='word_1_424' title='bbox 3393 1739 3564 1804; x_wconf 88' lang='lat' dir='ltr'><strong>viam,</strong></span> 
     </span>
    </p>
   </div>
   <div class='ocr_carea' id='block_1_61' title="bbox 1903 1814 3566 1901">
    <p class='ocr_par' dir='ltr' id='par_1_61' title="bbox 1903 1814 3566 1901">
     <span class='ocr_line' id='line_1_61' title="bbox 1903 1814 3566 1901; baseline -0.005 -12"><span class='ocrx_word' id='word_1_425' title='bbox 1903 1814 1952 1875; x_wconf 81' lang='grc' dir='ltr'><strong>Β</strong></span> <span class='ocrx_word' id='word_1_426' title='bbox 1979 1843 2034 1889; x_wconf 88' lang='lat' dir='ltr'><strong>et</strong></span> <span class='ocrx_word' id='word_1_427' title='bbox 2061 1831 2441 1888; x_wconf 89' lang='lat' dir='ltr'><strong>emundemur.</strong></span> <span class='ocrx_word' id='word_1_428' title='bbox 2475 1829 2772 1901; x_wconf 86' lang='lat' dir='ltr'><strong>Fugiamus</strong></span> <span class='ocrx_word' id='word_1_429' title='bbox 2817 1828 3082 1884; x_wconf 87' lang='lat' dir='ltr'><strong>immitem</strong></span> <span class='ocrx_word' id='word_1_430' title='bbox 3128 1829 3424 1884; x_wconf 89' lang='lat' dir='ltr'><strong>draconem</strong></span> <span class='ocrx_word' id='word_1_431' title='bbox 3449 1829 3566 1882; x_wconf 53' lang='lat' dir='ltr'><strong>dia-</strong></span> 
     </span>
    </p>
   </div>
   <div class='ocr_carea' id='block_1_62' title="bbox 1981 1919 3563 1992">
    <p class='ocr_par' dir='ltr' id='par_1_62' title="bbox 1981 1919 3563 1992">
     <span class='ocr_line' id='line_1_62' title="bbox 1981 1919 3563 1992; baseline -0.004 -12"><span class='ocrx_word' id='word_1_432' title='bbox 1981 1925 2187 1990; x_wconf 84' lang='lat' dir='ltr'><strong>bolum,</strong></span> <span class='ocrx_word' id='word_1_433' title='bbox 2216 1936 2270 1978; x_wconf 88' lang='lat' dir='ltr'><strong>et</strong></span> <span class='ocrx_word' id='word_1_434' title='bbox 2300 1923 2456 1992; x_wconf 80' lang='lat' dir='ltr'><strong>ignea</strong></span> <span class='ocrx_word' id='word_1_435' title='bbox 2493 1923 2598 1977; x_wconf 90' lang='lat' dir='ltr'><strong>tela</strong></span> <span class='ocrx_word' id='word_1_436' title='bbox 2630 1935 2830 1975; x_wconf 70' lang='lat' dir='ltr'><strong>amarae</strong></span> <span class='ocrx_word' id='word_1_437' title='bbox 2852 1929 2908 1975; x_wconf 85' lang='lat' dir='ltr'><strong>et</strong></span> <span class='ocrx_word' id='word_1_438' title='bbox 2935 1919 3202 1974; x_wconf 75' lang='lat' dir='ltr'><strong>lethifera:</strong></span> <span class='ocrx_word' id='word_1_439' title='bbox 3227 1921 3563 1990; x_wconf 85' lang='lat' dir='ltr'><strong>cupiditatis.</strong></span> 
     </span>
    </p>
   </div>
   <div class='ocr_carea' id='block_1_63' title="bbox 1977 2009 3563 2082">
    <p class='ocr_par' dir='ltr' id='par_1_63' title="bbox 1977 2009 3563 2082">
     <span class='ocr_line' id='line_1_63' title="bbox 1977 2009 3563 2082; baseline -0.003 -11"><span class='ocrx_word' id='word_1_440' title='bbox 1977 2015 2096 2071; x_wconf 88' lang='lat' dir='ltr'><strong>Non</strong></span> <span class='ocrx_word' id='word_1_441' title='bbox 2126 2024 2211 2070; x_wconf 90' lang='lat' dir='ltr'><strong>est</strong></span> <span class='ocrx_word' id='word_1_442' title='bbox 2241 2014 2508 2082; x_wconf 83' lang='lat' dir='ltr'><strong>voluptas,</strong></span> <span class='ocrx_word' id='word_1_443' title='bbox 2536 2011 2628 2067; x_wconf 86' lang='lat' dir='ltr'><strong>sed</strong></span> <span class='ocrx_word' id='word_1_444' title='bbox 2658 2011 2817 2066; x_wconf 91' lang='lat' dir='ltr'><strong>dolor</strong></span> <span class='ocrx_word' id='word_1_445' title='bbox 2849 2027 2864 2065; x_wconf 92' lang='lat'><strong>:</strong></span> <span class='ocrx_word' id='word_1_446' title='bbox 2903 2027 3009 2066; x_wconf 93' lang='lat' dir='ltr'><strong>non</strong></span> <span class='ocrx_word' id='word_1_447' title='bbox 3046 2009 3298 2074; x_wconf 84' lang='lat' dir='ltr'><strong>dulcedo,</strong></span> <span class='ocrx_word' id='word_1_448' title='bbox 3325 2010 3421 2066; x_wconf 90' lang='lat' dir='ltr'><strong>sed</strong></span> <span class='ocrx_word' id='word_1_449' title='bbox 3450 2010 3520 2064; x_wconf 78' lang='lat' dir='ltr'><strong>fel</strong></span> <span class='ocrx_word' id='word_1_450' title='bbox 3546 2028 3563 2066; x_wconf 88' lang='lat'><strong>:</strong></span> 
     </span>
    </p>
   </div>
   <div class='ocr_carea' id='block_1_64' title="bbox 1980 2102 3566 2172">
    <p class='ocr_par' dir='ltr' id='par_1_64' title="bbox 1980 2102 3566 2172">
     <span class='ocr_line' id='line_1_64' title="bbox 1980 2102 3566 2172; baseline -0.003 -11"><span class='ocrx_word' id='word_1_451' title='bbox 1980 2123 2086 2161; x_wconf 89' lang='lat' dir='ltr'><strong>non</strong></span> <span class='ocrx_word' id='word_1_452' title='bbox 2119 2106 2514 2169; x_wconf 80' lang='lat' dir='ltr'><strong>benevolentia,</strong></span> <span class='ocrx_word' id='word_1_453' title='bbox 2550 2103 2642 2159; x_wconf 91' lang='lat' dir='ltr'><strong>sed</strong></span> <span class='ocrx_word' id='word_1_454' title='bbox 2675 2102 2884 2164; x_wconf 84' lang='lat' dir='ltr'><strong>odium,</strong></span> <span class='ocrx_word' id='word_1_455' title='bbox 2929 2102 3192 2166; x_wconf 85' lang='lat' dir='ltr'><strong>servitus,</strong></span> <span class='ocrx_word' id='word_1_456' title='bbox 3230 2103 3566 2172; x_wconf 86' lang='lat' dir='ltr'><strong>corruptela,</strong></span> 
     </span>
    </p>
   </div>
   <div class='ocr_carea' id='block_1_65' title="bbox 1976 2192 3565 2265">
    <p class='ocr_par' dir='ltr' id='par_1_65' title="bbox 1976 2192 3565 2265">
     <span class='ocr_line' id='line_1_65' title="bbox 1976 2192 3565 2265; baseline -0.005 -9"><span class='ocrx_word' id='word_1_457' title='bbox 1976 2199 2312 2256; x_wconf 75' lang='lat' dir='ltr'><strong>dzemoniaca</strong></span> <span class='ocrx_word' id='word_1_458' title='bbox 2358 2197 2589 2260; x_wconf 81' lang='lat' dir='ltr'><strong>vexatio,</strong></span> <span class='ocrx_word' id='word_1_459' title='bbox 2629 2193 2752 2265; x_wconf 87' lang='lat' dir='ltr'><strong>ejus</strong></span> <span class='ocrx_word' id='word_1_460' title='bbox 2809 2192 2903 2264; x_wconf 88' lang='lat' dir='ltr'><strong>qui</strong></span> <span class='ocrx_word' id='word_1_461' title='bbox 2951 2193 3250 2249; x_wconf 90' lang='lat' dir='ltr'><strong>secundum</strong></span> <span class='ocrx_word' id='word_1_462' title='bbox 3313 2203 3565 2248; x_wconf 74' lang='lat' dir='ltr'><strong>naturam</strong></span> 
     </span>
    </p>
   </div>
   <div class='ocr_carea' id='block_1_66' title="bbox 1976 2286 3566 2354">
    <p class='ocr_par' dir='ltr' id='par_1_66' title="bbox 1976 2286 3566 2354">
     <span class='ocr_line' id='line_1_66' title="bbox 1976 2286 3566 2354; baseline -0.004 -7"><span class='ocrx_word' id='word_1_463' title='bbox 1976 2304 2062 2348; x_wconf 91' lang='lat' dir='ltr'><strong>est</strong></span> <span class='ocrx_word' id='word_1_464' title='bbox 2089 2299 2264 2347; x_wconf 88' lang='lat' dir='ltr'><strong>status</strong></span> <span class='ocrx_word' id='word_1_465' title='bbox 2294 2289 2621 2346; x_wconf 85' lang='lat' dir='ltr'><strong>immutatio.</strong></span> <span class='ocrx_word' id='word_1_466' title='bbox 2681 2287 2892 2342; x_wconf 89' lang='lat' dir='ltr'><strong>Etenim</strong></span> <span class='ocrx_word' id='word_1_467' title='bbox 2929 2286 2974 2342; x_wconf 90' lang='lat' dir='ltr'><strong>si</strong></span> <span class='ocrx_word' id='word_1_468' title='bbox 3000 2286 3142 2340; x_wconf 85' lang='lat' dir='ltr'><strong>bona</strong></span> <span class='ocrx_word' id='word_1_469' title='bbox 3173 2294 3258 2340; x_wconf 87' lang='lat' dir='ltr'><strong>est</strong></span> <span class='ocrx_word' id='word_1_470' title='bbox 3284 2296 3338 2341; x_wconf 91' lang='lat' dir='ltr'><strong>et</strong></span> <span class='ocrx_word' id='word_1_471' title='bbox 3365 2287 3566 2354; x_wconf 85' lang='lat' dir='ltr'><strong>dulcis,</strong></span> 
     </span>
    </p>
   </div>
   <div class='ocr_carea' id='block_1_67' title="bbox 1977 2377 3564 2457">
    <p class='ocr_par' dir='ltr' id='par_1_67' title="bbox 1977 2377 3564 2457">
     <span class='ocr_line' id='line_1_67' title="bbox 1977 2377 3564 2457; baseline -0.006 -17"><span class='ocrx_word' id='word_1_472' title='bbox 1977 2384 2250 2457; x_wconf 91' lang='lat' dir='ltr'><strong>quomodo</strong></span> <span class='ocrx_word' id='word_1_473' title='bbox 2293 2397 2430 2454; x_wconf 89' lang='lat' dir='ltr'><strong>quos</strong></span> <span class='ocrx_word' id='word_1_474' title='bbox 2461 2379 2720 2451; x_wconf 88' lang='lat' dir='ltr'><strong>abripuit,</strong></span> <span class='ocrx_word' id='word_1_475' title='bbox 2772 2395 2868 2434; x_wconf 85' lang='lat' dir='ltr'><strong>eos</strong></span> <span class='ocrx_word' id='word_1_476' title='bbox 2915 2377 3098 2433; x_wconf 82' lang='lat' dir='ltr'><strong>fatuos</strong></span> <span class='ocrx_word' id='word_1_477' title='bbox 3145 2377 3331 2432; x_wconf 89' lang='lat' dir='ltr'><strong>statim</strong></span> <span class='ocrx_word' id='word_1_478' title='bbox 3365 2377 3564 2441; x_wconf 86' lang='lat' dir='ltr'><strong>reddit,</strong></span> 
     </span>
    </p>
   </div>
   <div class='ocr_carea' id='block_1_68' title="bbox 1972 2471 3568 2550">
    <p class='ocr_par' dir='ltr' id='par_1_68' title="bbox 1972 2471 3568 2550">
     <span class='ocr_line' id='line_1_68' title="bbox 1972 2471 3568 2550; baseline -0.008 -16"><span class='ocrx_word' id='word_1_479' title='bbox 1972 2477 2236 2550; x_wconf 88' lang='lat' dir='ltr'><strong>jumentis</strong></span> <span class='ocrx_word' id='word_1_480' title='bbox 2279 2476 2506 2542; x_wconf 86' lang='lat' dir='ltr'><strong>similes,</strong></span> <span class='ocrx_word' id='word_1_481' title='bbox 2555 2474 2874 2545; x_wconf 90' lang='lat' dir='ltr'><strong>probrosos,</strong></span> <span class='ocrx_word' id='word_1_482' title='bbox 2907 2471 3153 2534; x_wconf 84' lang='lat' dir='ltr'><strong>serviles,</strong></span> <span class='ocrx_word' id='word_1_483' title='bbox 3195 2472 3568 2540; x_wconf 83' lang='lat' dir='ltr'><strong>desperabun-</strong></span> 
     </span>
    </p>
   </div>
   <div class='ocr_carea' id='block_1_69' title="bbox 1978 2563 3562 2638">
    <p class='ocr_par' dir='ltr' id='par_1_69' title="bbox 1978 2563 3562 2638">
     <span class='ocr_line' id='line_1_69' title="bbox 1978 2563 3562 2638; baseline -0.006 -12"><span class='ocrx_word' id='word_1_484' title='bbox 1978 2573 2097 2638; x_wconf 89' lang='lat' dir='ltr'><strong>dos,</strong></span> <span class='ocrx_word' id='word_1_485' title='bbox 2119 2577 2430 2634; x_wconf 86' lang='lat' dir='ltr'><strong>enervatos,</strong></span> <span class='ocrx_word' id='word_1_486' title='bbox 2457 2576 2674 2623; x_wconf 59' lang='lat' dir='ltr'><strong>aeternae</strong></span> <span class='ocrx_word' id='word_1_487' title='bbox 2703 2564 2896 2620; x_wconf 91' lang='lat' dir='ltr'><strong>mortis</strong></span> <span class='ocrx_word' id='word_1_488' title='bbox 2921 2563 3082 2619; x_wconf 84' lang='lat' dir='ltr'><strong>reos?</strong></span> <span class='ocrx_word' id='word_1_489' title='bbox 3103 2563 3291 2634; x_wconf 80' lang='lat' dir='ltr'><strong>Itaque</strong></span> <span class='ocrx_word' id='word_1_490' title='bbox 3311 2563 3562 2628; x_wconf 73' lang='lat' dir='ltr'><strong>fascinat,</strong></span> 
     </span>
    </p>
   </div>
   <div class='ocr_carea' id='block_1_70' title="bbox 1975 2655 3564 2728">
    <p class='ocr_par' dir='ltr' id='par_1_70' title="bbox 1975 2655 3564 2728">
     <span class='ocr_line' id='line_1_70' title="bbox 1975 2655 3564 2728; baseline -0.005 -10"><span class='ocrx_word' id='word_1_491' title='bbox 1975 2680 2008 2718; x_wconf 88' lang='lat' dir='ltr'><strong>a</strong></span> <span class='ocrx_word' id='word_1_492' title='bbox 2066 2671 2245 2718; x_wconf 88' lang='lat' dir='ltr'><strong>mente</strong></span> <span class='ocrx_word' id='word_1_493' title='bbox 2295 2661 2562 2726; x_wconf 89' lang='lat' dir='ltr'><strong>alienans,</strong></span> <span class='ocrx_word' id='word_1_494' title='bbox 2600 2666 2936 2728; x_wconf 88' lang='lat' dir='ltr'><strong>pervertens,</strong></span> <span class='ocrx_word' id='word_1_495' title='bbox 2975 2671 3080 2710; x_wconf 92' lang='lat' dir='ltr'><strong>non</strong></span> <span class='ocrx_word' id='word_1_496' title='bbox 3126 2655 3178 2710; x_wconf 89' lang='lat' dir='ltr'><strong>id</strong></span> <span class='ocrx_word' id='word_1_497' title='bbox 3221 2671 3412 2712; x_wconf 90' lang='lat' dir='ltr'><strong>revera</strong></span> <span class='ocrx_word' id='word_1_498' title='bbox 3444 2657 3564 2711; x_wconf 77' lang='lat' dir='ltr'><strong>exi-</strong></span> 
     </span>
    </p>
   </div>
   <div class='ocr_carea' id='block_1_71' title="bbox 1977 2750 3558 2824">
    <p class='ocr_par' dir='ltr' id='par_1_71' title="bbox 1977 2750 3558 2824">
     <span class='ocr_line' id='line_1_71' title="bbox 1977 2750 3558 2824; baseline -0.005 -12"><span class='ocrx_word' id='word_1_499' title='bbox 1977 2763 2130 2812; x_wconf 85' lang='lat' dir='ltr'><strong>stens</strong></span> <span class='ocrx_word' id='word_1_500' title='bbox 2182 2754 2327 2824; x_wconf 91' lang='lat' dir='ltr'><strong>quod</strong></span> <span class='ocrx_word' id='word_1_501' title='bbox 2385 2767 2497 2822; x_wconf 64' lang='lat' dir='ltr'><strong>pra:</strong></span> <span class='ocrx_word' id='word_1_502' title='bbox 2545 2766 2604 2808; x_wconf 86' lang='lat' dir='ltr'><strong>se</strong></span> <span class='ocrx_word' id='word_1_503' title='bbox 2666 2750 2769 2805; x_wconf 81' lang='lat' dir='ltr'><strong>fert</strong></span> <span class='ocrx_word' id='word_1_504' title='bbox 2823 2750 3229 2820; x_wconf 69' lang='lat' dir='ltr'><strong>prazstigiatrix,</strong></span> <span class='ocrx_word' id='word_1_505' title='bbox 3297 2759 3558 2819; x_wconf 86' lang='lat' dir='ltr'><strong>tauquam</strong></span> 
     </span>
    </p>
   </div>
   <div class='ocr_carea' id='block_1_72' title="bbox 1975 2839 3562 2916">
    <p class='ocr_par' dir='ltr' id='par_1_72' title="bbox 1975 2839 3562 2916">
     <span class='ocr_line' id='line_1_72' title="bbox 1975 2839 3562 2916; baseline -0.004 -15"><span class='ocrx_word' id='word_1_506' title='bbox 1975 2859 2376 2916; x_wconf 86' lang='lat' dir='ltr'><strong>energumcnos</strong></span> <span class='ocrx_word' id='word_1_507' title='bbox 2401 2857 2432 2898; x_wconf 90' lang='lat' dir='ltr'><strong>a</strong></span> <span class='ocrx_word' id='word_1_508' title='bbox 2464 2842 2712 2897; x_wconf 83' lang='lat' dir='ltr'><strong>daemone</strong></span> <span class='ocrx_word' id='word_1_509' title='bbox 2745 2852 3048 2912; x_wconf 85' lang='lat' dir='ltr'><strong>correptos,</strong></span> <span class='ocrx_word' id='word_1_510' title='bbox 3073 2840 3170 2912; x_wconf 86' lang='lat' dir='ltr'><strong>qui</strong></span> <span class='ocrx_word' id='word_1_511' title='bbox 3202 2839 3257 2895; x_wconf 91' lang='lat' dir='ltr'><strong>id</strong></span> <span class='ocrx_word' id='word_1_512' title='bbox 3283 2841 3430 2911; x_wconf 90' lang='lat' dir='ltr'><strong>quod</strong></span> <span class='ocrx_word' id='word_1_513' title='bbox 3466 2857 3562 2910; x_wconf 90' lang='lat' dir='ltr'><strong>pa-</strong></span> 
     </span>
    </p>
   </div>
   <div class='ocr_carea' id='block_1_73' title="bbox 1977 2933 3561 3006">
    <p class='ocr_par' dir='ltr' id='par_1_73' title="bbox 1977 2933 3561 3006">
     <span class='ocr_line' id='line_1_73' title="bbox 1977 2933 3561 3006; baseline -0.003 -13"><span class='ocrx_word' id='word_1_514' title='bbox 1977 2939 2207 3000; x_wconf 91' lang='lat' dir='ltr'><strong>tiuntur,</strong></span> <span class='ocrx_word' id='word_1_515' title='bbox 2251 2937 2568 3006; x_wconf 86' lang='lat' dir='ltr'><strong>priusquam</strong></span> <span class='ocrx_word' id='word_1_516' title='bbox 2603 2934 2670 2988; x_wconf 91' lang='lat' dir='ltr'><strong>ad</strong></span> <span class='ocrx_word' id='word_1_517' title='bbox 2701 2947 2761 2989; x_wconf 86' lang='lat' dir='ltr'><strong>se</strong></span> <span class='ocrx_word' id='word_1_518' title='bbox 2807 2933 3034 2988; x_wconf 83' lang='lat' dir='ltr'><strong>redeant</strong></span> <span class='ocrx_word' id='word_1_519' title='bbox 3076 2949 3186 2987; x_wconf 92' lang='lat' dir='ltr'><strong>non</strong></span> <span class='ocrx_word' id='word_1_520' title='bbox 3232 2943 3561 3005; x_wconf 80' lang='lat' dir='ltr'><strong>agnoscunt.</strong></span> 
     </span>
    </p>
   </div>
   <div class='ocr_carea' id='block_1_74' title="bbox 1975 3025 3566 3100">
    <p class='ocr_par' dir='ltr' id='par_1_74' title="bbox 1975 3025 3566 3100">
     <span class='ocr_line' id='line_1_74' title="bbox 1975 3025 3566 3100; baseline -0.001 -16"><span class='ocrx_word' id='word_1_521' title='bbox 1975 3029 2273 3086; x_wconf 82' lang='lat' dir='ltr'><strong>Videamus</strong></span> <span class='ocrx_word' id='word_1_522' title='bbox 2337 3043 2496 3100; x_wconf 86' lang='lat' dir='ltr'><strong>ergo,</strong></span> <span class='ocrx_word' id='word_1_523' title='bbox 2550 3027 2760 3092; x_wconf 90' lang='lat' dir='ltr'><strong>dilecti,</strong></span> <span class='ocrx_word' id='word_1_524' title='bbox 2803 3041 3054 3096; x_wconf 77' lang='lat' dir='ltr'><strong>quamam</strong></span> <span class='ocrx_word' id='word_1_525' title='bbox 3095 3034 3224 3081; x_wconf 89' lang='lat' dir='ltr'><strong>sunt</strong></span> <span class='ocrx_word' id='word_1_526' title='bbox 3263 3025 3566 3082; x_wconf 86' lang='lat' dir='ltr'><strong>diversoria</strong></span> 
     </span>
    </p>
   </div>
   <div class='ocr_carea' id='block_1_75' title="bbox 1975 3118 3564 3190">
    <p class='ocr_par' dir='ltr' id='par_1_75' title="bbox 1975 3118 3564 3190">
     <span class='ocr_line' id='line_1_75' title="bbox 1975 3118 3564 3190; baseline -0.005 -10"><span class='ocrx_word' id='word_1_527' title='bbox 1975 3133 2184 3187; x_wconf 88' lang='lat' dir='ltr'><strong>nostra,</strong></span> <span class='ocrx_word' id='word_1_528' title='bbox 2216 3122 2310 3177; x_wconf 92' lang='lat' dir='ltr'><strong>ubi</strong></span> <span class='ocrx_word' id='word_1_529' title='bbox 2342 3130 2396 3176; x_wconf 90' lang='lat' dir='ltr'><strong>et</strong></span> <span class='ocrx_word' id='word_1_530' title='bbox 2441 3120 2770 3190; x_wconf 88' lang='lat' dir='ltr'><strong>quibuscum</strong></span> <span class='ocrx_word' id='word_1_531' title='bbox 2812 3118 3076 3174; x_wconf 86' lang='lat' dir='ltr'><strong>habitatio</strong></span> <span class='ocrx_word' id='word_1_532' title='bbox 3103 3126 3160 3173; x_wconf 89' lang='lat' dir='ltr'><strong>et</strong></span> <span class='ocrx_word' id='word_1_533' title='bbox 3204 3123 3564 3175; x_wconf 88' lang='lat' dir='ltr'><strong>consuetudo.</strong></span> 
     </span>
    </p>
   </div>
   <div class='ocr_carea' id='block_1_76' title="bbox 1975 3211 3559 3284">
    <p class='ocr_par' dir='ltr' id='par_1_76' title="bbox 1975 3211 3559 3284">
     <span class='ocr_line' id='line_1_76' title="bbox 1975 3211 3559 3284; baseline -0.003 -13"><span class='ocrx_word' id='word_1_534' title='bbox 1975 3216 2130 3284; x_wconf 85' lang='lat' dir='ltr'><strong>Quod</strong></span> <span class='ocrx_word' id='word_1_535' title='bbox 2173 3214 2219 3271; x_wconf 88' lang='lat' dir='ltr'><strong>si</strong></span> <span class='ocrx_word' id='word_1_536' title='bbox 2267 3213 2397 3284; x_wconf 90' lang='lat' dir='ltr'><strong>quid</strong></span> <span class='ocrx_word' id='word_1_537' title='bbox 2425 3213 2499 3268; x_wconf 91' lang='lat' dir='ltr'><strong>ibi</strong></span> <span class='ocrx_word' id='word_1_538' title='bbox 2531 3213 2754 3266; x_wconf 81' lang='lat' dir='ltr'><strong>noxium</strong></span> <span class='ocrx_word' id='word_1_539' title='bbox 2784 3222 2888 3277; x_wconf 91' lang='lat' dir='ltr'><strong>est,</strong></span> <span class='ocrx_word' id='word_1_540' title='bbox 2917 3211 3307 3283; x_wconf 68' lang='lat' dir='ltr'><strong>fmigraudum.</strong></span> <span class='ocrx_word' id='word_1_541' title='bbox 3343 3211 3402 3267; x_wconf 86' lang='lat' dir='ltr'><strong>Si</strong></span> <span class='ocrx_word' id='word_1_542' title='bbox 3433 3229 3559 3268; x_wconf 91' lang='lat' dir='ltr'><strong>cum</strong></span> 
     </span>
    </p>
   </div>
   <div class='ocr_carea' id='block_1_77' title="bbox 1975 3293 3564 3378">
    <p class='ocr_par' dir='ltr' id='par_1_77' title="bbox 1975 3293 3564 3378">
     <span class='ocr_line' id='line_1_77' title="bbox 1975 3293 3564 3378; baseline -0.004 -12"><span class='ocrx_word' id='word_1_543' title='bbox 1975 3324 2042 3366; x_wconf 91' lang='lat' dir='ltr'><strong>eo</strong></span> <span class='ocrx_word' id='word_1_544' title='bbox 2070 3308 2166 3378; x_wconf 92' lang='lat' dir='ltr'><strong>qui</strong></span> <span class='ocrx_word' id='word_1_545' title='bbox 2223 3306 2546 3364; x_wconf 89' lang='lat' dir='ltr'><strong>scandalum</strong></span> <span class='ocrx_word' id='word_1_546' title='bbox 2589 3303 2800 3368; x_wconf 68' lang='lat' dir='ltr'><strong>afferat,</strong></span> <span class='ocrx_word' id='word_1_547' title='bbox 2834 3293 3273 3360; x_wconf 29' lang='lat' dir='ltr'><strong>&quot;abscindendum</strong></span> <span class='ocrx_word' id='word_1_548' title='bbox 3307 3323 3322 3358; x_wconf 89' lang='lat'><strong>:</strong></span> <span class='ocrx_word' id='word_1_549' title='bbox 3365 3305 3412 3360; x_wconf 92' lang='lat' dir='ltr'><strong>si</strong></span> <span class='ocrx_word' id='word_1_550' title='bbox 3437 3320 3564 3360; x_wconf 91' lang='lat' dir='ltr'><strong>cum</strong></span> 
     </span>
    </p>
   </div>
   <div class='ocr_carea' id='block_1_78' title="bbox 1974 3396 3568 3468">
    <p class='ocr_par' dir='ltr' id='par_1_78' title="bbox 1974 3396 3568 3468">
     <span class='ocr_line' id='line_1_78' title="bbox 1974 3396 3568 3468; baseline -0.004 -9"><span class='ocrx_word' id='word_1_551' title='bbox 1974 3402 2214 3468; x_wconf 87' lang='lat' dir='ltr'><strong>nemine,</strong></span> <span class='ocrx_word' id='word_1_552' title='bbox 2271 3399 2650 3456; x_wconf 88' lang='lat' dir='ltr'><strong>asriscendum</strong></span> <span class='ocrx_word' id='word_1_553' title='bbox 2703 3415 2718 3452; x_wconf 91' lang='lat'><strong>:</strong></span> <span class='ocrx_word' id='word_1_554' title='bbox 2775 3396 2908 3467; x_wconf 89' lang='lat' dir='ltr'><strong>quia</strong></span> <span class='ocrx_word' id='word_1_555' title='bbox 2984 3397 3340 3463; x_wconf 81' lang='lat' dir='ltr'><strong>exsecrabile,</strong></span> <span class='ocrx_word' id='word_1_556' title='bbox 3387 3397 3568 3452; x_wconf 87' lang='lat' dir='ltr'><strong>solum</strong></span> 
     </span>
    </p>
   </div>
   <div class='ocr_carea' id='block_1_79' title="bbox 1971 3485 3569 3560">
    <p class='ocr_par' dir='ltr' id='par_1_79' title="bbox 1971 3485 3569 3560">
     <span class='ocr_line' id='line_1_79' title="bbox 1971 3485 3569 3560; baseline -0.004 -12"><span class='ocrx_word' id='word_1_557' title='bbox 1971 3507 2096 3548; x_wconf 88' lang='lat' dir='ltr'><strong>esse</strong></span> <span class='ocrx_word' id='word_1_558' title='bbox 2115 3491 2186 3554; x_wconf 71' lang='grc' dir='ltr'><strong>σί,</strong></span> <span class='ocrx_word' id='word_1_559' title='bbox 2237 3489 2482 3560; x_wconf 91' lang='lat' dir='ltr'><strong>quandiu</strong></span> <span class='ocrx_word' id='word_1_560' title='bbox 2529 3485 2834 3542; x_wconf 80' lang='lat' dir='ltr'><strong>necessitas</strong></span> <span class='ocrx_word' id='word_1_561' title='bbox 2868 3501 2978 3540; x_wconf 89' lang='lat' dir='ltr'><strong>non</strong></span> <span class='ocrx_word' id='word_1_562' title='bbox 3010 3486 3180 3558; x_wconf 90' lang='lat' dir='ltr'><strong>cogit.</strong></span> <span class='ocrx_word' id='word_1_563' title='bbox 3211 3485 3569 3542; x_wconf 86' lang='lat' dir='ltr'><strong>Observauda</strong></span> 
     </span>
    </p>
   </div>
   <div class='ocr_carea' id='block_1_80' title="bbox 1973 3579 3568 3650">
    <p class='ocr_par' dir='ltr' id='par_1_80' title="bbox 1973 3579 3568 3650">
     <span class='ocr_line' id='line_1_80' title="bbox 1973 3579 3568 3650; baseline -0.003 -11"><span class='ocrx_word' id='word_1_564' title='bbox 1973 3592 2102 3639; x_wconf 90' lang='lat' dir='ltr'><strong>sunt</strong></span> <span class='ocrx_word' id='word_1_565' title='bbox 2146 3592 2200 3638; x_wconf 90' lang='lat' dir='ltr'><strong>et</strong></span> <span class='ocrx_word' id='word_1_566' title='bbox 2231 3581 2360 3645; x_wconf 86' lang='lat' dir='ltr'><strong>alia,</strong></span> <span class='ocrx_word' id='word_1_567' title='bbox 2408 3581 2588 3646; x_wconf 91' lang='lat' dir='ltr'><strong>cibus,</strong></span> <span class='ocrx_word' id='word_1_568' title='bbox 2648 3589 2812 3648; x_wconf 86' lang='lat' dir='ltr'><strong>potus</strong></span> <span class='ocrx_word' id='word_1_569' title='bbox 2840 3619 2855 3646; x_wconf 89' lang='lat'><strong>,</strong></span> <span class='ocrx_word' id='word_1_570' title='bbox 2888 3594 3141 3644; x_wconf 88' lang='lat' dir='ltr'><strong>somnus,</strong></span> <span class='ocrx_word' id='word_1_571' title='bbox 3191 3594 3330 3650; x_wconf 91' lang='lat' dir='ltr'><strong>opus</strong></span> <span class='ocrx_word' id='word_1_572' title='bbox 3363 3596 3379 3633; x_wconf 91' lang='lat'><strong>:</strong></span> <span class='ocrx_word' id='word_1_573' title='bbox 3408 3588 3467 3634; x_wconf 92' lang='lat' dir='ltr'><strong>ut</strong></span> <span class='ocrx_word' id='word_1_574' title='bbox 3511 3579 3568 3634; x_wconf 91' lang='lat' dir='ltr'><strong>in</strong></span> 
     </span>
    </p>
   </div>
   <div class='ocr_carea' id='block_1_81' title="bbox 1974 3672 3569 3744">
    <p class='ocr_par' dir='ltr' id='par_1_81' title="bbox 1974 3672 3569 3744">
     <span class='ocr_line' id='line_1_81' title="bbox 1974 3672 3569 3744; baseline -0.004 -12"><span class='ocrx_word' id='word_1_575' title='bbox 1974 3691 2232 3733; x_wconf 87' lang='lat' dir='ltr'><strong>mensura</strong></span> <span class='ocrx_word' id='word_1_576' title='bbox 2268 3677 2402 3730; x_wconf 77' lang='lat' dir='ltr'><strong>[iant</strong></span> <span class='ocrx_word' id='word_1_577' title='bbox 2443 3673 2628 3728; x_wconf 84' lang='lat' dir='ltr'><strong>omnia</strong></span> <span class='ocrx_word' id='word_1_578' title='bbox 2654 3689 2776 3743; x_wconf 60' lang='lat' dir='ltr'><strong>qua</strong></span> <span class='ocrx_word' id='word_1_579' title='bbox 2824 3673 3045 3744; x_wconf 90' lang='lat' dir='ltr'><strong>corpori</strong></span> <span class='ocrx_word' id='word_1_580' title='bbox 3097 3673 3240 3728; x_wconf 86' lang='lat' dir='ltr'><strong>vires</strong></span> <span class='ocrx_word' id='word_1_581' title='bbox 3291 3672 3569 3741; x_wconf 66' lang='lat' dir='ltr'><strong>praebeant</strong></span> 
     </span>
    </p>
   </div>
   <div class='ocr_carea' id='block_1_82' title="bbox 1975 3765 3570 3839">
    <p class='ocr_par' dir='ltr' id='par_1_82' title="bbox 1975 3765 3570 3839">
     <span class='ocr_line' id='line_1_82' title="bbox 1975 3765 3570 3839; baseline -0.004 -12"><span class='ocrx_word' id='word_1_582' title='bbox 1975 3778 2036 3827; x_wconf 89' lang='lat' dir='ltr'><strong>ut</strong></span> <span class='ocrx_word' id='word_1_583' title='bbox 2065 3777 2252 3839; x_wconf 81' lang='lat' dir='ltr'><strong>pareat</strong></span> <span class='ocrx_word' id='word_1_584' title='bbox 2281 3777 2335 3822; x_wconf 86' lang='lat' dir='ltr'><strong>et</strong></span> <span class='ocrx_word' id='word_1_585' title='bbox 2361 3768 2514 3838; x_wconf 89' lang='lat' dir='ltr'><strong>jussa</strong></span> <span class='ocrx_word' id='word_1_586' title='bbox 2550 3766 2736 3831; x_wconf 80' lang='lat' dir='ltr'><strong>faciat.</strong></span> <span class='ocrx_word' id='word_1_587' title='bbox 2787 3781 2895 3821; x_wconf 92' lang='lat' dir='ltr'><strong>non</strong></span> <span class='ocrx_word' id='word_1_588' title='bbox 2931 3766 3215 3821; x_wconf 76' lang='lat' dir='ltr'><strong>eﬂ&#39;eratum</strong></span> <span class='ocrx_word' id='word_1_589' title='bbox 3245 3765 3474 3821; x_wconf 86' lang='lat' dir='ltr'><strong>reddant</strong></span> <span class='ocrx_word' id='word_1_590' title='bbox 3508 3774 3570 3821; x_wconf 90' lang='lat' dir='ltr'><strong>ut</strong></span> 
     </span>
    </p>
   </div>
   <div class='ocr_carea' id='block_1_83' title="bbox 1975 3857 3570 3933">
    <p class='ocr_par' dir='ltr' id='par_1_83' title="bbox 1975 3857 3570 3933">
     <span class='ocr_line' id='line_1_83' title="bbox 1975 3857 3570 3933; baseline -0.003 -16"><span class='ocrx_word' id='word_1_591' title='bbox 1975 3863 2224 3933; x_wconf 72' lang='lat' dir='ltr'><strong>insurgat</strong></span> <span class='ocrx_word' id='word_1_592' title='bbox 2251 3871 2304 3916; x_wconf 89' lang='lat' dir='ltr'><strong>et</strong></span> <span class='ocrx_word' id='word_1_593' title='bbox 2335 3859 2532 3914; x_wconf 68' lang='lat' dir='ltr'><strong>anima:</strong></span> <span class='ocrx_word' id='word_1_594' title='bbox 2571 3867 2852 3928; x_wconf 73' lang='lat' dir='ltr'><strong>repugnet.</strong></span> <span class='ocrx_word' id='word_1_595' title='bbox 2897 3857 3135 3913; x_wconf 86' lang='lat' dir='ltr'><strong>Eculeus</strong></span> <span class='ocrx_word' id='word_1_596' title='bbox 3192 3866 3310 3912; x_wconf 88' lang='lat' dir='ltr'><strong>est:</strong></span> <span class='ocrx_word' id='word_1_597' title='bbox 3343 3857 3390 3913; x_wconf 90' lang='lat' dir='ltr'><strong>si</strong></span> <span class='ocrx_word' id='word_1_598' title='bbox 3432 3857 3570 3913; x_wconf 71' lang='lat' dir='ltr'><strong>aﬂ‘a-</strong></span> 
     </span>
    </p>
   </div>
   <div class='ocr_carea' id='block_1_84' title="bbox 1977 3950 3572 4019">
    <p class='ocr_par' dir='ltr' id='par_1_84' title="bbox 1977 3950 3572 4019">
     <span class='ocr_line' id='line_1_84' title="bbox 1977 3950 3572 4019; baseline -0.003 -11"><span class='ocrx_word' id='word_1_599' title='bbox 1977 3955 2072 4008; x_wconf 90' lang='lat' dir='ltr'><strong>tim</strong></span> <span class='ocrx_word' id='word_1_600' title='bbox 2108 3954 2308 4016; x_wconf 89' lang='lat' dir='ltr'><strong>alatur,</strong></span> <span class='ocrx_word' id='word_1_601' title='bbox 2334 3950 2569 4014; x_wconf 89' lang='lat' dir='ltr'><strong>lascivit,</strong></span> <span class='ocrx_word' id='word_1_602' title='bbox 2610 3965 2996 4019; x_wconf 89' lang='lat' dir='ltr'><strong>sessoremque</strong></span> <span class='ocrx_word' id='word_1_603' title='bbox 3039 3950 3286 4005; x_wconf 89' lang='lat' dir='ltr'><strong>animum</strong></span> <span class='ocrx_word' id='word_1_604' title='bbox 3320 3960 3572 4019; x_wconf 86' lang='lat' dir='ltr'><strong>proster-</strong></span> 
     </span>
    </p>
   </div>
   <div class='ocr_carea' id='block_1_85' title="bbox 1975 4041 3566 4102">
    <p class='ocr_par' dir='ltr' id='par_1_85' title="bbox 1975 4041 3566 4102">
     <span class='ocr_line' id='line_1_85' title="bbox 1975 4041 3566 4102; baseline -0.003 0"><span class='ocrx_word' id='word_1_605' title='bbox 1975 4047 2078 4102; x_wconf 91' lang='lat' dir='ltr'><strong>nit.</strong></span> <span class='ocrx_word' id='word_1_606' title='bbox 2109 4047 2187 4102; x_wconf 80' lang='lat' dir='ltr'><strong>Ex</strong></span> <span class='ocrx_word' id='word_1_607' title='bbox 2221 4046 2383 4101; x_wconf 87' lang='lat' dir='ltr'><strong>rebus</strong></span> <span class='ocrx_word' id='word_1_608' title='bbox 2434 4042 2638 4098; x_wconf 91' lang='lat' dir='ltr'><strong>nostris</strong></span> <span class='ocrx_word' id='word_1_609' title='bbox 2673 4043 2742 4098; x_wconf 90' lang='lat' dir='ltr'><strong>de</strong></span> <span class='ocrx_word' id='word_1_610' title='bbox 2773 4041 2974 4098; x_wconf 83' lang='lat' dir='ltr'><strong>vestris</strong></span> <span class='ocrx_word' id='word_1_611' title='bbox 3000 4043 3166 4098; x_wconf 90' lang='lat' dir='ltr'><strong>etiam</strong></span> <span class='ocrx_word' id='word_1_612' title='bbox 3191 4041 3566 4097; x_wconf 72' lang='lat' dir='ltr'><strong>einuntiamus.</strong></span> 
     </span>
    </p>
   </div>
   <div class='ocr_carea' id='block_1_86' title="bbox 1975 4134 3567 4207">
    <p class='ocr_par' dir='ltr' id='par_1_86' title="bbox 1975 4134 3567 4207">
     <span class='ocr_line' id='line_1_86' title="bbox 1975 4134 3567 4207; baseline -0.002 -14"><span class='ocrx_word' id='word_1_613' title='bbox 1975 4138 2180 4193; x_wconf 84' lang='lat' dir='ltr'><strong>Omnes</strong></span> <span class='ocrx_word' id='word_1_614' title='bbox 2227 4136 2496 4207; x_wconf 90' lang='lat' dir='ltr'><strong>siquidem</strong></span> <span class='ocrx_word' id='word_1_615' title='bbox 2526 4135 2775 4190; x_wconf 85' lang='lat' dir='ltr'><strong>homines</strong></span> <span class='ocrx_word' id='word_1_616' title='bbox 2823 4134 2978 4188; x_wconf 90' lang='lat' dir='ltr'><strong>liberi</strong></span> <span class='ocrx_word' id='word_1_617' title='bbox 3011 4134 3225 4188; x_wconf 90' lang='lat' dir='ltr'><strong>arbitrii</strong></span> <span class='ocrx_word' id='word_1_618' title='bbox 3257 4134 3502 4189; x_wconf 84' lang='lat' dir='ltr'><strong>habenas</strong></span> <span class='ocrx_word' id='word_1_619' title='bbox 3535 4151 3567 4190; x_wconf 90' lang='lat' dir='ltr'><strong>a</strong></span> 
     </span>
    </p>
   </div>
   <div class='ocr_carea' id='block_1_87' title="bbox 1981 4226 3566 4298">
    <p class='ocr_par' dir='ltr' id='par_1_87' title="bbox 1981 4226 3566 4298">
     <span class='ocr_line' id='line_1_87' title="bbox 1981 4226 3566 4298; baseline -0.004 -16"><span class='ocrx_word' id='word_1_620' title='bbox 1981 4229 2092 4282; x_wconf 82' lang='lat' dir='ltr'><strong>Deo</strong></span> <span class='ocrx_word' id='word_1_621' title='bbox 2138 4228 2253 4298; x_wconf 89' lang='lat' dir='ltr'><strong>pari</strong></span> <span class='ocrx_word' id='word_1_622' title='bbox 2288 4226 2411 4296; x_wconf 89' lang='lat' dir='ltr'><strong>jure</strong></span> <span class='ocrx_word' id='word_1_623' title='bbox 2449 4233 2780 4294; x_wconf 89' lang='lat' dir='ltr'><strong>acceperunt</strong></span> <span class='ocrx_word' id='word_1_624' title='bbox 2808 4239 2933 4278; x_wconf 91' lang='lat' dir='ltr'><strong>cum</strong></span> <span class='ocrx_word' id='word_1_625' title='bbox 2997 4238 3213 4280; x_wconf 91' lang='lat' dir='ltr'><strong>summa</strong></span> <span class='ocrx_word' id='word_1_626' title='bbox 3257 4232 3566 4294; x_wconf 87' lang='lat' dir='ltr'><strong>potestate:</strong></span> 
     </span>
    </p>
   </div>
   <div class='ocr_carea' id='block_1_88' title="bbox 1979 4313 3571 4384">
    <p class='ocr_par' dir='ltr' id='par_1_88' title="bbox 1979 4313 3571 4384">
     <span class='ocr_line' id='line_1_88' title="bbox 1979 4313 3571 4384; baseline -0.003 -12"><span class='ocrx_word' id='word_1_627' title='bbox 1979 4318 2128 4383; x_wconf 90' lang='lat' dir='ltr'><strong>licet,</strong></span> <span class='ocrx_word' id='word_1_628' title='bbox 2180 4315 2362 4371; x_wconf 86' lang='lat' dir='ltr'><strong>anima</strong></span> <span class='ocrx_word' id='word_1_629' title='bbox 2410 4324 2464 4370; x_wconf 92' lang='lat' dir='ltr'><strong>et</strong></span> <span class='ocrx_word' id='word_1_630' title='bbox 2495 4328 2727 4384; x_wconf 76' lang='lat' dir='ltr'><strong>corpore</strong></span> <span class='ocrx_word' id='word_1_631' title='bbox 2753 4314 2896 4368; x_wconf 90' lang='lat' dir='ltr'><strong>inter</strong></span> <span class='ocrx_word' id='word_1_632' title='bbox 2927 4328 2988 4369; x_wconf 85' lang='lat' dir='ltr'><strong>se</strong></span> <span class='ocrx_word' id='word_1_633' title='bbox 3020 4313 3411 4384; x_wconf 72' lang='lat' dir='ltr'><strong>pugnantibus,</strong></span> <span class='ocrx_word' id='word_1_634' title='bbox 3447 4328 3571 4384; x_wconf 90' lang='lat' dir='ltr'><strong>per-</strong></span> 
     </span>
    </p>
   </div>
   <div class='ocr_carea' id='block_1_89' title="bbox 1977 4407 2573 4482">
    <p class='ocr_par' dir='ltr' id='par_1_89' title="bbox 1977 4407 2573 4482">
     <span class='ocr_line' id='line_1_89' title="bbox 1977 4407 2573 4482; baseline -0.007 -17"><span class='ocrx_word' id='word_1_635' title='bbox 1977 4422 2205 4482; x_wconf 91' lang='lat' dir='ltr'><strong>petuum</strong></span> <span class='ocrx_word' id='word_1_636' title='bbox 2245 4408 2445 4464; x_wconf 89' lang='lat' dir='ltr'><strong>bellum</strong></span> <span class='ocrx_word' id='word_1_637' title='bbox 2481 4407 2573 4463; x_wconf 92' lang='lat' dir='ltr'><strong>sit.</strong></span> 
     </span>
    </p>
   </div>
   <div class='ocr_carea' id='block_1_90' title="bbox 381 4496 1876 4581">
    <p class='ocr_par' dir='ltr' id='par_1_90' title="bbox 381 4497 1876 4581">
     <span class='ocr_line' id='line_1_90' title="bbox 381 4497 1876 4581; baseline 0.013 -29"><span class='ocrx_word' id='word_1_638' title='bbox 381 4497 442 4552; x_wconf 85' lang='lat'><strong>&#39;0</strong></span> <span class='ocrx_word' id='word_1_639' title='bbox 485 4500 587 4569; x_wconf 80' lang='grc' dir='ltr'><strong>μὲν</strong></span> <span class='ocrx_word' id='word_1_640' title='bbox 615 4501 678 4572; x_wconf 80' lang='grc' dir='ltr'>δὴ</span> <span class='ocrx_word' id='word_1_641' title='bbox 717 4505 846 4574; x_wconf 79' lang='grc' dir='ltr'>περὶ</span> <span class='ocrx_word' id='word_1_642' title='bbox 879 4505 1070 4559; x_wconf 78' lang='grc' dir='ltr'>τούτου</span> <span class='ocrx_word' id='word_1_643' title='bbox 1095 4506 1251 4578; x_wconf 81' lang='grc' dir='ltr'>λόγος</span> <span class='ocrx_word' id='word_1_644' title='bbox 1284 4510 1454 4581; x_wconf 72' lang='grc' dir='ltr'>ἐχέτω</span> <span class='ocrx_word' id='word_1_645' title='bbox 1489 4513 1682 4570; x_wconf 85' lang='grc' dir='ltr'>ταῦτα.</span> <span class='ocrx_word' id='word_1_646' title='bbox 1713 4515 1780 4567; x_wconf 85' lang='grc' dir='ltr'>Τί</span> <span class='ocrx_word' id='word_1_647' title='bbox 1819 4515 1876 4570; x_wconf 79' lang='grc' dir='ltr'>δὲ</span> 
     </span>
    </p>
   </div>
   <div class='ocr_carea' id='block_1_91' title="bbox 1974 4496 3571 4581">
    <p class='ocr_par' dir='ltr' id='par_1_91' title="bbox 2052 4496 3571 4570">
     <span class='ocr_line' id='line_1_91' title="bbox 2052 4496 3571 4570; baseline -0.001 -14"><span class='ocrx_word' id='word_1_648' title='bbox 2052 4503 2128 4558; x_wconf 87' lang='lat' dir='ltr'><strong>De</strong></span> <span class='ocrx_word' id='word_1_649' title='bbox 2161 4502 2264 4556; x_wconf 81' lang='lat' dir='ltr'><strong>hoc</strong></span> <span class='ocrx_word' id='word_1_650' title='bbox 2309 4501 2472 4570; x_wconf 80' lang='lat' dir='ltr'><strong>igitur</strong></span> <span class='ocrx_word' id='word_1_651' title='bbox 2511 4499 2778 4556; x_wconf 88' lang='lat' dir='ltr'><strong>hactenus</strong></span> <span class='ocrx_word' id='word_1_652' title='bbox 2811 4499 2928 4554; x_wconf 66' lang='lat' dir='ltr'><strong>haec</strong></span> <span class='ocrx_word' id='word_1_653' title='bbox 2949 4498 3094 4554; x_wconf 89' lang='lat' dir='ltr'><strong>dicta</strong></span> <span class='ocrx_word' id='word_1_654' title='bbox 3136 4497 3268 4554; x_wconf 90' lang='lat' dir='ltr'><strong>sint.</strong></span> <span class='ocrx_word' id='word_1_655' title='bbox 3297 4496 3438 4566; x_wconf 85' lang='lat' dir='ltr'><strong>Quid</strong></span> <span class='ocrx_word' id='word_1_656' title='bbox 3464 4513 3571 4554; x_wconf 67' lang='lat' dir='ltr'><strong>ca!-</strong></span> 
     </span>
    </p>
   </div>
   <div class='ocr_carea' id='block_1_92' title="bbox 289 4590 1877 4676">
    <p class='ocr_par' dir='ltr' id='par_1_92' title="bbox 289 4590 1877 4676">
     <span class='ocr_line' id='line_1_92' title="bbox 289 4590 1877 4676; baseline 0.012 -33"><span class='ocrx_word' id='word_1_657' title='bbox 289 4591 367 4645; x_wconf 77' lang='grc' dir='ltr'><strong>τὰ</strong></span> <span class='ocrx_word' id='word_1_658' title='bbox 415 4590 576 4662; x_wconf 80' lang='grc' dir='ltr'><strong>ὲξῆς;</strong></span> <span class='ocrx_word' id='word_1_659' title='bbox 627 4593 693 4648; x_wconf 82' lang='grc' dir='ltr'><strong><em>Ἦ</em></strong></span> <span class='ocrx_word' id='word_1_660' title='bbox 729 4595 912 4661; x_wconf 85' lang='grc' dir='ltr'>πίστις</span> <span class='ocrx_word' id='word_1_661' title='bbox 940 4597 1191 4670; x_wconf 79' lang='grc' dir='ltr'>ἀκλινὴς,</span> <span class='ocrx_word' id='word_1_662' title='bbox 1222 4601 1650 4676; x_wconf 83' lang='grc' dir='ltr'>ἀπερίτρεπτος,</span> <span class='ocrx_word' id='word_1_663' title='bbox 1693 4606 1877 4671; x_wconf 84' lang='grc' dir='ltr'>καθὼς</span> 
     </span>
    </p>
   </div>
   <div class='ocr_carea' id='block_1_93' title="bbox 293 4683 1872 4766">
    <p class='ocr_par' dir='ltr' id='par_1_93' title="bbox 293 4683 1872 4766">
     <span class='ocr_line' id='line_1_93' title="bbox 293 4683 1872 4766; baseline 0.009 -30"><span class='ocrx_word' id='word_1_664' title='bbox 293 4683 596 4753; x_wconf 85' lang='grc' dir='ltr'>παρέδωκα</span> <span class='ocrx_word' id='word_1_665' title='bbox 646 4687 808 4757; x_wconf 84' lang='grc' dir='ltr'>ὑμῖν,</span> <span class='ocrx_word' id='word_1_666' title='bbox 839 4689 931 4742; x_wconf 75' lang='grc' dir='ltr'>καὶ</span> <span class='ocrx_word' id='word_1_667' title='bbox 977 4691 1289 4761; x_wconf 85' lang='grc' dir='ltr'>παρέλαϐον</span> <span class='ocrx_word' id='word_1_668' title='bbox 1337 4695 1488 4765; x_wconf 76' lang='grc' dir='ltr'>παρὰ</span> <span class='ocrx_word' id='word_1_669' title='bbox 1517 4695 1628 4749; x_wconf 82' lang='grc' dir='ltr'>τῶν</span> <span class='ocrx_word' id='word_1_670' title='bbox 1669 4697 1872 4766; x_wconf 78' lang='grc' dir='ltr'>ἁγίωνο</span> 
     </span>
    </p>
   </div>
   <div class='ocr_carea' id='block_1_94' title="bbox 295 4775 1879 4852">
    <p class='ocr_par' dir='ltr' id='par_1_94' title="bbox 295 4775 1879 4852">
     <span class='ocr_line' id='line_1_94' title="bbox 295 4775 1879 4852; baseline 0.009 -24"><span class='ocrx_word' id='word_1_671' title='bbox 295 4775 504 4846; x_wconf 72' lang='grc' dir='ltr'>μᾶλλον</span> <span class='ocrx_word' id='word_1_672' title='bbox 533 4777 590 4830; x_wconf 79' lang='grc' dir='ltr'>δὲ</span> <span class='ocrx_word' id='word_1_673' title='bbox 627 4778 930 4850; x_wconf 79' lang='grc' dir='ltr'>ἀμφότεροι</span> <span class='ocrx_word' id='word_1_674' title='bbox 965 4783 1058 4852; x_wconf 81' lang='grc' dir='ltr'>ἀφ’</span> <span class='ocrx_word' id='word_1_675' title='bbox 1088 4784 1207 4848; x_wconf 81' lang='grc' dir='ltr'>ἑνὸς</span> <span class='ocrx_word' id='word_1_676' title='bbox 1255 4785 1354 4839; x_wconf 71' lang='grc' dir='ltr'>καὶ</span> <span class='ocrx_word' id='word_1_677' title='bbox 1380 4786 1474 4840; x_wconf 87' lang='grc' dir='ltr'><strong>τοῦ</strong></span> <span class='ocrx_word' id='word_1_678' title='bbox 1514 4787 1682 4841; x_wconf 85' lang='grc' dir='ltr'>αὐτοῦ</span> <span class='ocrx_word' id='word_1_679' title='bbox 1716 4789 1879 4843; x_wconf 78' lang='grc' dir='ltr'>πνεύ-</span> 
     </span>
    </p>
   </div>
   <div class='ocr_carea' id='block_1_95' title="bbox 298 4871 1874 4950">
    <p class='ocr_par' dir='ltr' id='par_1_95' title="bbox 298 4871 1874 4950">
     <span class='ocr_line' id='line_1_95' title="bbox 298 4871 1874 4950; baseline 0.01 -31"><span class='ocrx_word' id='word_1_680' title='bbox 298 4884 496 4937; x_wconf 87' lang='grc' dir='ltr'>ματος.</span> <span class='ocrx_word' id='word_1_681' title='bbox 552 4871 787 4939; x_wconf 84' lang='grc' dir='ltr'>Χριστὸς</span> <span class='ocrx_word' id='word_1_682' title='bbox 840 4873 901 4926; x_wconf 82' lang='grc' dir='ltr'>οὐ</span> <span class='ocrx_word' id='word_1_683' title='bbox 964 4875 1235 4946; x_wconf 82' lang='grc' dir='ltr'>Χριστὸς,</span> <span class='ocrx_word' id='word_1_684' title='bbox 1295 4879 1344 4931; x_wconf 82' lang='grc' dir='ltr'><strong>εί</strong></span> <span class='ocrx_word' id='word_1_685' title='bbox 1387 4878 1464 4950; x_wconf 71' lang='grc' dir='ltr'>μὴ</span> <span class='ocrx_word' id='word_1_686' title='bbox 1522 4880 1874 4950; x_wconf 82' lang='grc' dir='ltr'>ὲγγράφοιτο.</span> 
     </span>
    </p>
   </div>
   <div class='ocr_carea' id='block_1_96' title="bbox 293 4959 1880 5043">
    <p class='ocr_par' dir='ltr' id='par_1_96' title="bbox 293 4959 1880 5043">
     <span class='ocr_line' id='line_1_96' title="bbox 293 4959 1880 5043; baseline 0.011 -33"><span class='ocrx_word' id='word_1_687' title='bbox 293 4959 454 5029; x_wconf 73' lang='grc' dir='ltr'>’Ἅμα</span> <span class='ocrx_word' id='word_1_688' title='bbox 478 4960 586 5032; x_wconf 77' lang='grc' dir='ltr'><strong>γὰρ</strong></span> <span class='ocrx_word' id='word_1_689' title='bbox 615 4963 788 5016; x_wconf 80' lang='grc' dir='ltr'>εἰπεῖν</span> <span class='ocrx_word' id='word_1_690' title='bbox 815 4965 1074 5034; x_wconf 71' lang='grc' dir='ltr'>Χριστὸν.</span> <span class='ocrx_word' id='word_1_691' title='bbox 1109 4967 1311 5022; x_wconf 78' lang='grc' dir='ltr'>ἐννοεῖν</span> <span class='ocrx_word' id='word_1_692' title='bbox 1337 4969 1454 5023; x_wconf 79' lang='grc' dir='ltr'>ἐστι</span> <span class='ocrx_word' id='word_1_693' title='bbox 1477 4971 1540 5024; x_wconf 84' lang='grc' dir='ltr'>τὸ</span> <span class='ocrx_word' id='word_1_694' title='bbox 1559 4969 1661 5042; x_wconf 83' lang='grc' dir='ltr'>τῆς</span> <span class='ocrx_word' id='word_1_695' title='bbox 1694 4988 1880 5043; x_wconf 88' lang='grc' dir='ltr'>σωμα-</span> 
     </span>
    </p>
   </div>
   <div class='ocr_carea' id='block_1_97' title="bbox 263 5047 1878 5132">
    <p class='ocr_par' dir='ltr' id='par_1_97' title="bbox 263 5047 1878 5132">
     <span class='ocr_line' id='line_1_97' title="bbox 263 5047 1878 5132; baseline 0.009 -28"><span class='ocrx_word' id='word_1_696' title='bbox 263 5047 517 5114; x_wconf 81' lang='grc' dir='ltr'>.τὼσεως</span> <span class='ocrx_word' id='word_1_697' title='bbox 571 5052 738 5106; x_wconf 86' lang='grc' dir='ltr'>αὐτοῦ</span> <span class='ocrx_word' id='word_1_698' title='bbox 792 5056 1110 5128; x_wconf 83' lang='grc' dir='ltr'>μυστήριον.</span> <span class='ocrx_word' id='word_1_699' title='bbox 1150 5059 1226 5112; x_wconf 82' lang='grc' dir='ltr'><strong>Οὐ</strong></span> <span class='ocrx_word' id='word_1_700' title='bbox 1257 5061 1367 5131; x_wconf 87' lang='grc' dir='ltr'><strong>γὰρ</strong></span> <span class='ocrx_word' id='word_1_701' title='bbox 1398 5061 1466 5114; x_wconf 80' lang='grc' dir='ltr'>ἂν</span> <span class='ocrx_word' id='word_1_702' title='bbox 1508 5063 1743 5132; x_wconf 84' lang='grc' dir='ltr'>Χριστὸς</span> <span class='ocrx_word' id='word_1_703' title='bbox 1787 5066 1878 5118; x_wconf 82' lang='grc' dir='ltr'>λέ·-</span> 
     </span>
    </p>
   </div>
   <div class='ocr_carea' id='block_1_98' title="bbox 292 5143 1876 5223">
    <p class='ocr_par' dir='ltr' id='par_1_98' title="bbox 292 5143 1876 5223">
     <span class='ocr_line' id='line_1_98' title="bbox 292 5143 1876 5223; baseline 0.013 -32"><span class='ocrx_word' id='word_1_704' title='bbox 292 5156 450 5207; x_wconf 87' lang='grc' dir='ltr'>γοιτο</span> <span class='ocrx_word' id='word_1_705' title='bbox 485 5143 692 5212; x_wconf 80' lang='grc' dir='ltr'>γυμνὸς</span> <span class='ocrx_word' id='word_1_706' title='bbox 723 5143 974 5214; x_wconf 85' lang='grc' dir='ltr'>σώματος</span> <span class='ocrx_word' id='word_1_707' title='bbox 999 5147 1028 5198; x_wconf 85' lang='grc' dir='ltr'><em>ὁ</em></span> <span class='ocrx_word' id='word_1_708' title='bbox 1060 5149 1255 5217; x_wconf 73' lang='grc' dir='ltr'>Λόγος,</span> <span class='ocrx_word' id='word_1_709' title='bbox 1283 5153 1662 5223; x_wconf 77' lang='grc' dir='ltr'>ἐννοούμενος.</span> <span class='ocrx_word' id='word_1_710' title='bbox 1713 5157 1876 5212; x_wconf 75' lang='grc' dir='ltr'>Ἐπεὶ</span> 
     </span>
    </p>
   </div>
   <div class='ocr_carea' id='block_1_99' title="bbox 291 5229 1868 5317">
    <p class='ocr_par' dir='ltr' id='par_1_99' title="bbox 291 5229 1868 5317">
     <span class='ocr_line' id='line_1_99' title="bbox 291 5229 1868 5317; baseline 0.013 -35"><span class='ocrx_word' id='word_1_711' title='bbox 291 5229 356 5283; x_wconf 75' lang='grc' dir='ltr'>δὲ</span> <span class='ocrx_word' id='word_1_712' title='bbox 383 5230 523 5303; x_wconf 83' lang='grc' dir='ltr'>σάρξ</span> <span class='ocrx_word' id='word_1_713' title='bbox 553 5232 582 5284; x_wconf 88' lang='grc' dir='ltr'><strong>ὁ</strong></span> <span class='ocrx_word' id='word_1_714' title='bbox 609 5233 814 5302; x_wconf 84' lang='grc' dir='ltr'>Λόγος,</span> <span class='ocrx_word' id='word_1_715' title='bbox 840 5238 1008 5306; x_wconf 78' lang='grc' dir='ltr'>σαρκὶ</span> <span class='ocrx_word' id='word_1_716' title='bbox 1029 5238 1274 5310; x_wconf 89' lang='grc' dir='ltr'>δηλονότι</span> <span class='ocrx_word' id='word_1_717' title='bbox 1304 5244 1399 5296; x_wconf 80' lang='grc' dir='ltr'>καὶ</span> <span class='ocrx_word' id='word_1_718' title='bbox 1437 5246 1868 5317; x_wconf 75' lang='grc' dir='ltr'>περιγράφοιτοο</span> 
     </span>
    </p>
   </div>
   <div class='ocr_carea' id='block_1_100' title="bbox 293 5323 1877 5406">
    <p class='ocr_par' dir='ltr' id='par_1_100' title="bbox 293 5323 1877 5406">
     <span class='ocr_line' id='line_1_100' title="bbox 293 5323 1877 5406; baseline 0.015 -33"><span class='ocrx_word' id='word_1_719' title='bbox 293 5339 414 5380; x_wconf 70' lang='grc' dir='ltr'><strong>και</strong></span> <span class='ocrx_word' id='word_1_720' title='bbox 443 5323 522 5394; x_wconf 85' lang='grc' dir='ltr'>τῷ</span> <span class='ocrx_word' id='word_1_721' title='bbox 557 5325 792 5396; x_wconf 81' lang='grc' dir='ltr'>Χριστὸς</span> <span class='ocrx_word' id='word_1_722' title='bbox 837 5327 1099 5398; x_wconf 84' lang='grc' dir='ltr'>ὀνόματι,</span> <span class='ocrx_word' id='word_1_723' title='bbox 1154 5333 1251 5384; x_wconf 78' lang='grc' dir='ltr'>καὶ</span> <span class='ocrx_word' id='word_1_724' title='bbox 1291 5333 1357 5386; x_wconf 84' lang='grc' dir='ltr'>τὸ</span> <span class='ocrx_word' id='word_1_725' title='bbox 1393 5334 1494 5403; x_wconf 84' lang='grc' dir='ltr'>τῆς</span> <span class='ocrx_word' id='word_1_726' title='bbox 1527 5337 1877 5406; x_wconf 79' lang='grc' dir='ltr'>περιγραφῆς</span> 
     </span>
    </p>
   </div>
   <div class='ocr_carea' id='block_1_101' title="bbox 294 5417 1874 5498">
    <p class='ocr_par' dir='ltr' id='par_1_101' title="bbox 294 5417 1874 5498">
     <span class='ocr_line' id='line_1_101' title="bbox 294 5417 1874 5498; baseline 0.009 -31"><span class='ocrx_word' id='word_1_727' title='bbox 294 5417 715 5489; x_wconf 82' lang='grc' dir='ltr'>συνεισήνεκται</span> <span class='ocrx_word' id='word_1_728' title='bbox 749 5418 844 5473; x_wconf 73' lang='grc' dir='ltr'>καὶ</span> <span class='ocrx_word' id='word_1_729' title='bbox 887 5424 1332 5494; x_wconf 80' lang='grc' dir='ltr'>συνεπινενόηται</span> <span class='ocrx_word' id='word_1_730' title='bbox 1367 5427 1587 5498; x_wconf 73' lang='grc' dir='ltr'>ἰδίωμα.</span> <span class='ocrx_word' id='word_1_731' title='bbox 1631 5428 1795 5481; x_wconf 83' lang='grc' dir='ltr'>’Ὢστε</span> <span class='ocrx_word' id='word_1_732' title='bbox 1826 5431 1874 5482; x_wconf 83' lang='grc' dir='ltr'>οἱ</span> 
     </span>
    </p>
   </div>
   <div class='ocr_carea' id='block_1_102' title="bbox 296 5508 1877 5590">
    <p class='ocr_par' dir='ltr' id='par_1_102' title="bbox 296 5508 1877 5590">
     <span class='ocr_line' id='line_1_102' title="bbox 296 5508 1877 5590; baseline 0.01 -30"><span class='ocrx_word' id='word_1_733' title='bbox 296 5509 378 5579; x_wconf 80' lang='grc' dir='ltr'>μὴ</span> <span class='ocrx_word' id='word_1_734' title='bbox 407 5508 660 5578; x_wconf 81' lang='grc' dir='ltr'>λέγοντες</span> <span class='ocrx_word' id='word_1_735' title='bbox 703 5511 866 5564; x_wconf 80' lang='grc' dir='ltr'>αὐτὸν</span> <span class='ocrx_word' id='word_1_736' title='bbox 911 5513 1252 5584; x_wconf 82' lang='grc' dir='ltr'>γράφεσθαι,</span> <span class='ocrx_word' id='word_1_737' title='bbox 1304 5519 1472 5590; x_wconf 74' lang='grc' dir='ltr'>ἦγουν</span> <span class='ocrx_word' id='word_1_738' title='bbox 1513 5522 1877 5586; x_wconf 77' lang='grc' dir='ltr'>εἰκονίζεσθαι</span> 
     </span>
    </p>
   </div>
   <div class='ocr_carea' id='block_1_103' title="bbox 292 5601 1880 5688">
    <p class='ocr_par' dir='ltr' id='par_1_103' title="bbox 292 5601 1880 5688">
     <span class='ocr_line' id='line_1_103' title="bbox 292 5601 1880 5688; baseline 0.009 -32"><span class='ocrx_word' id='word_1_739' title='bbox 292 5601 542 5673; x_wconf 79' lang='grc' dir='ltr'>ἄσαρκον</span> <span class='ocrx_word' id='word_1_740' title='bbox 576 5604 738 5657; x_wconf 83' lang='grc' dir='ltr'>αὐτὸν</span> <span class='ocrx_word' id='word_1_741' title='bbox 771 5604 1240 5676; x_wconf 79' lang='grc' dir='ltr'>ὑπολαμϐάνουσι.</span> <span class='ocrx_word' id='word_1_742' title='bbox 1281 5612 1392 5666; x_wconf 79' lang='grc' dir='ltr'>Καὶ</span> <span class='ocrx_word' id='word_1_743' title='bbox 1429 5613 1620 5686; x_wconf 53' lang='lat' dir='ltr'><strong>nepam</strong></span> <span class='ocrx_word' id='word_1_744' title='bbox 1649 5618 1748 5688; x_wconf 79' lang='grc' dir='ltr'>τῆς</span> <span class='ocrx_word' id='word_1_745' title='bbox 1780 5617 1880 5670; x_wconf 88' lang='grc' dir='ltr'><strong>αὐ-</strong></span> 
     </span>
    </p>
   </div>
   <div class='ocr_carea' id='block_1_104' title="bbox 292 5695 1877 5774">
    <p class='ocr_par' dir='ltr' id='par_1_104' title="bbox 292 5695 1877 5774">
     <span class='ocr_line' id='line_1_104' title="bbox 292 5695 1877 5774; baseline 0.01 -27"><span class='ocrx_word' id='word_1_746' title='bbox 292 5695 396 5766; x_wconf 84' lang='grc' dir='ltr'>λῆς</span> <span class='ocrx_word' id='word_1_747' title='bbox 440 5695 716 5768; x_wconf 82' lang='grc' dir='ltr'>Χριστοῦ·</span> <span class='ocrx_word' id='word_1_748' title='bbox 758 5697 864 5752; x_wconf 80' lang='grc' dir='ltr'>κᾶν</span> <span class='ocrx_word' id='word_1_749' title='bbox 909 5699 1118 5773; x_wconf 85' lang='grc' dir='ltr'>Πέτρος</span> <span class='ocrx_word' id='word_1_750' title='bbox 1163 5698 1308 5771; x_wconf 81' lang='grc' dir='ltr'>εἷεν,</span> <span class='ocrx_word' id='word_1_751' title='bbox 1353 5705 1459 5761; x_wconf 79' lang='grc' dir='ltr'><strong>κᾶν</strong></span> <span class='ocrx_word' id='word_1_752' title='bbox 1509 5707 1721 5774; x_wconf 78' lang='grc' dir='ltr'>Παῦλος</span> <span class='ocrx_word' id='word_1_753' title='bbox 1748 5724 1762 5740; x_wconf 90' lang='grc'><strong>·</strong></span> <span class='ocrx_word' id='word_1_754' title='bbox 1799 5707 1877 5773; x_wconf 84' lang='grc' dir='ltr'><strong>ὡς</strong></span> 
     </span>
    </p>
   </div>
   <div class='ocr_carea' id='block_1_105' title="bbox 375 5809 892 5876">
    <p class='ocr_par' dir='ltr' id='par_1_105' title="bbox 375 5809 892 5876">
     <span class='ocr_line' id='line_1_105' title="bbox 375 5809 892 5876; baseline 0.004 -11"><span class='ocrx_word' id='word_1_755' title='bbox 375 5810 421 5844; x_wconf 79' lang='grc'><strong>⁸⁸</strong></span> <span class='ocrx_word' id='word_1_756' title='bbox 463 5809 647 5869; x_wconf 83' lang='lat' dir='ltr'><strong>Eccle.</strong></span> <span class='ocrx_word' id='word_1_757' title='bbox 685 5827 759 5876; x_wconf 82' lang='lat' dir='ltr'><strong>tv,</strong></span> <span class='ocrx_word' id='word_1_758' title='bbox 801 5812 892 5867; x_wconf 78' lang='grc'><strong>10.</strong></span> 
     </span>
    </p>
   </div>
   <div class='ocr_carea' id='block_1_106' title="bbox 664 5905 1372 5971">
    <p class='ocr_par' dir='ltr' id='par_1_106' title="bbox 664 5905 1372 5971">
     <span class='ocr_line' id='line_1_106' title="bbox 664 5905 1372 5971; baseline 0.006 -5"><span class='ocrx_word' id='word_1_759' title='bbox 664 5905 941 5968; x_wconf 75' lang='grc' dir='ltr'>ΡΑτιιοι.</span> <span class='ocrx_word' id='word_1_760' title='bbox 989 5907 1106 5971; x_wconf 80' lang='lat' dir='ltr'><strong>Gn.</strong></span> <span class='ocrx_word' id='word_1_761' title='bbox 1153 5907 1372 5970; x_wconf 80' lang='lat' dir='ltr'><strong>XCIX.</strong></span> 
     </span>
    </p>
   </div>
   <div class='ocr_carea' id='block_1_107' title="bbox 1972 4593 3568 4658">
    <p class='ocr_par' dir='ltr' id='par_1_107' title="bbox 1972 4593 3568 4658">
     <span class='ocr_line' id='line_1_107' title="bbox 1972 4593 3568 4658; baseline -0.004 -5"><span class='ocrx_word' id='word_1_762' title='bbox 1972 4606 2087 4653; x_wconf 89' lang='lat' dir='ltr'><strong>tera</strong></span> <span class='ocrx_word' id='word_1_763' title='bbox 2112 4595 2345 4651; x_wconf 86' lang='lat' dir='ltr'><strong>deinde?</strong></span> <span class='ocrx_word' id='word_1_764' title='bbox 2366 4593 2528 4650; x_wconf 85' lang='lat' dir='ltr'><strong>Fides</strong></span> <span class='ocrx_word' id='word_1_765' title='bbox 2551 4593 2729 4658; x_wconf 82' lang='lat' dir='ltr'><strong>ﬁrma,</strong></span> <span class='ocrx_word' id='word_1_766' title='bbox 2779 4593 3160 4658; x_wconf 90' lang='lat' dir='ltr'><strong>immutabilis,</strong></span> <span class='ocrx_word' id='word_1_767' title='bbox 3179 4593 3322 4647; x_wconf 90' lang='lat' dir='ltr'><strong>sicut</strong></span> <span class='ocrx_word' id='word_1_768' title='bbox 3373 4593 3568 4647; x_wconf 87' lang='lat' dir='ltr'><strong>tradidi</strong></span> 
     </span>
    </p>
   </div>
   <div class='ocr_carea' id='block_1_108' title="bbox 1972 4685 3570 4756">
    <p class='ocr_par' dir='ltr' id='par_1_108' title="bbox 1972 4685 3570 4756">
     <span class='ocr_line' id='line_1_108' title="bbox 1972 4685 3570 4756; baseline -0.004 -11"><span class='ocrx_word' id='word_1_769' title='bbox 1972 4689 2150 4756; x_wconf 72' lang='lat' dir='ltr'><strong>vobis,</strong></span> <span class='ocrx_word' id='word_1_770' title='bbox 2172 4697 2225 4743; x_wconf 91' lang='lat' dir='ltr'><strong>et</strong></span> <span class='ocrx_word' id='word_1_771' title='bbox 2253 4703 2282 4742; x_wconf 91' lang='lat' dir='ltr'><strong>a</strong></span> <span class='ocrx_word' id='word_1_772' title='bbox 2320 4686 2528 4742; x_wconf 86' lang='lat' dir='ltr'><strong>sanctis</strong></span> <span class='ocrx_word' id='word_1_773' title='bbox 2551 4686 2758 4756; x_wconf 88' lang='lat' dir='ltr'><strong>accepi,</strong></span> <span class='ocrx_word' id='word_1_774' title='bbox 2783 4685 2869 4740; x_wconf 92' lang='lat' dir='ltr'><strong>vel</strong></span> <span class='ocrx_word' id='word_1_775' title='bbox 2893 4685 3077 4754; x_wconf 91' lang='lat' dir='ltr'><strong>potius</strong></span> <span class='ocrx_word' id='word_1_776' title='bbox 3110 4685 3180 4739; x_wconf 87' lang='lat' dir='ltr'><strong>ab</strong></span> <span class='ocrx_word' id='word_1_777' title='bbox 3214 4700 3325 4739; x_wconf 90' lang='lat' dir='ltr'><strong>uno</strong></span> <span class='ocrx_word' id='word_1_778' title='bbox 3349 4685 3570 4756; x_wconf 83' lang='lat' dir='ltr'><strong>utrique</strong></span> 
     </span>
    </p>
   </div>
   <div class='ocr_carea' id='block_1_109' title="bbox 1974 4777 3566 4850">
    <p class='ocr_par' dir='ltr' id='par_1_109' title="bbox 1974 4777 3566 4850">
     <span class='ocr_line' id='line_1_109' title="bbox 1974 4777 3566 4850; baseline -0.004 -12"><span class='ocrx_word' id='word_1_779' title='bbox 1974 4791 2030 4838; x_wconf 88' lang='lat' dir='ltr'><strong>et</strong></span> <span class='ocrx_word' id='word_1_780' title='bbox 2080 4781 2269 4836; x_wconf 91' lang='lat' dir='ltr'><strong>eodem</strong></span> <span class='ocrx_word' id='word_1_781' title='bbox 2328 4779 2549 4850; x_wconf 88' lang='lat' dir='ltr'><strong>spiritu.</strong></span> <span class='ocrx_word' id='word_1_782' title='bbox 2593 4777 2850 4833; x_wconf 87' lang='lat' dir='ltr'><strong>Christus</strong></span> <span class='ocrx_word' id='word_1_783' title='bbox 2890 4777 3005 4848; x_wconf 89' lang='lat' dir='ltr'><strong>jam</strong></span> <span class='ocrx_word' id='word_1_784' title='bbox 3043 4777 3300 4832; x_wconf 81' lang='lat' dir='ltr'><strong>Christus</strong></span> <span class='ocrx_word' id='word_1_785' title='bbox 3329 4789 3566 4843; x_wconf 90' lang='lat' dir='ltr'><strong>nonest,</strong></span> 
     </span>
    </p>
   </div>
   <div class='ocr_carea' id='block_1_110' title="bbox 1975 4867 3566 4944">
    <p class='ocr_par' dir='ltr' id='par_1_110' title="bbox 1975 4867 3566 4944">
     <span class='ocr_line' id='line_1_110' title="bbox 1975 4867 3566 4944; baseline -0.004 -15"><span class='ocrx_word' id='word_1_786' title='bbox 1975 4875 2081 4930; x_wconf 87' lang='lat' dir='ltr'><strong>nisi</strong></span> <span class='ocrx_word' id='word_1_787' title='bbox 2113 4873 2262 4944; x_wconf 90' lang='lat' dir='ltr'><strong>pingi</strong></span> <span class='ocrx_word' id='word_1_788' title='bbox 2293 4879 2490 4942; x_wconf 90' lang='lat' dir='ltr'><strong>potest.</strong></span> <span class='ocrx_word' id='word_1_789' title='bbox 2515 4867 2692 4924; x_wconf 91' lang='lat' dir='ltr'><strong>Simul</strong></span> <span class='ocrx_word' id='word_1_790' title='bbox 2723 4869 2869 4922; x_wconf 87' lang='lat' dir='ltr'><strong>enim</strong></span> <span class='ocrx_word' id='word_1_791' title='bbox 2897 4884 2962 4922; x_wconf 88' lang='lat' dir='ltr'><strong>ac</strong></span> <span class='ocrx_word' id='word_1_792' title='bbox 2991 4867 3271 4923; x_wconf 88' lang='lat' dir='ltr'><strong>Christum</strong></span> <span class='ocrx_word' id='word_1_793' title='bbox 3305 4867 3566 4932; x_wconf 84' lang='lat' dir='ltr'><strong>dicimus,</strong></span> 
     </span>
    </p>
   </div>
   <div class='ocr_carea' id='block_1_111' title="bbox 1977 4959 3563 5031">
    <p class='ocr_par' dir='ltr' id='par_1_111' title="bbox 1977 4959 3563 5031">
     <span class='ocr_line' id='line_1_111' title="bbox 1977 4959 3563 5031; baseline -0.005 -10"><span class='ocrx_word' id='word_1_794' title='bbox 1977 4979 2203 5021; x_wconf 88' lang='lat' dir='ltr'><strong>necesse</strong></span> <span class='ocrx_word' id='word_1_795' title='bbox 2223 4971 2306 5018; x_wconf 91' lang='lat' dir='ltr'><strong>est</strong></span> <span class='ocrx_word' id='word_1_796' title='bbox 2334 4959 2797 5030; x_wconf 80' lang='lat' dir='ltr'><strong>incorporationis</strong></span> <span class='ocrx_word' id='word_1_797' title='bbox 2825 4961 2946 5030; x_wconf 87' lang='lat' dir='ltr'><strong>ejus</strong></span> <span class='ocrx_word' id='word_1_798' title='bbox 2967 4959 3290 5031; x_wconf 82' lang='lat' dir='ltr'><strong>mysterium</strong></span> <span class='ocrx_word' id='word_1_799' title='bbox 3314 4960 3563 5030; x_wconf 84' lang='lat' dir='ltr'><strong>intelligi.</strong></span> 
     </span>
    </p>
   </div>
   <div class='ocr_carea' id='block_1_112' title="bbox 1977 5048 3625 5125">
    <p class='ocr_par' dir='ltr' id='par_1_112' title="bbox 1977 5048 3625 5125">
     <span class='ocr_line' id='line_1_112' title="bbox 1977 5048 3625 5125; baseline -0.005 -15"><span class='ocrx_word' id='word_1_800' title='bbox 1977 5056 2164 5125; x_wconf 76' lang='lat' dir='ltr'><strong>Neque</strong></span> <span class='ocrx_word' id='word_1_801' title='bbox 2185 5054 2331 5108; x_wconf 91' lang='lat' dir='ltr'><strong>enim</strong></span> <span class='ocrx_word' id='word_1_802' title='bbox 2363 5051 2619 5105; x_wconf 87' lang='lat' dir='ltr'><strong>Christus</strong></span> <span class='ocrx_word' id='word_1_803' title='bbox 2637 5051 2872 5114; x_wconf 90' lang='lat' dir='ltr'><strong>dicatur,</strong></span> <span class='ocrx_word' id='word_1_804' title='bbox 2906 5064 3032 5104; x_wconf 89' lang='lat' dir='ltr'><strong>cum</strong></span> <span class='ocrx_word' id='word_1_805' title='bbox 3063 5048 3315 5104; x_wconf 88' lang='lat' dir='ltr'><strong>nuduma</strong></span> <span class='ocrx_word' id='word_1_806' title='bbox 3335 5063 3570 5119; x_wconf 85' lang='lat' dir='ltr'><strong>corpore</strong></span> <span class='ocrx_word' id='word_1_807' title='bbox 3616 5076 3625 5086; x_wconf 88' lang='lat'><strong><em>-</em></strong></span> 
     </span>
    </p>
   </div>
   <div class='ocr_carea' id='block_1_113' title="bbox 1976 5135 3564 5214">
    <p class='ocr_par' dir='ltr' id='par_1_113' title="bbox 1976 5135 3564 5214">
     <span class='ocr_line' id='line_1_113' title="bbox 1976 5135 3564 5214; baseline -0.005 -14"><span class='ocrx_word' id='word_1_808' title='bbox 1976 5147 2217 5202; x_wconf 86' lang='lat' dir='ltr'><strong>Verbum</strong></span> <span class='ocrx_word' id='word_1_809' title='bbox 2251 5142 2588 5214; x_wconf 80' lang='lat' dir='ltr'><strong>agnoscitur.</strong></span> <span class='ocrx_word' id='word_1_810' title='bbox 2623 5139 2930 5209; x_wconf 86' lang='lat' dir='ltr'><strong>&#39;Postquam</strong></span> <span class='ocrx_word' id='word_1_811' title='bbox 2961 5149 3146 5193; x_wconf 89' lang='lat' dir='ltr'><strong>autem</strong></span> <span class='ocrx_word' id='word_1_812' title='bbox 3174 5135 3356 5193; x_wconf 82' lang='lat' dir='ltr'><strong>Verbo</strong></span> <span class='ocrx_word' id='word_1_813' title='bbox 3385 5153 3516 5193; x_wconf 88' lang='lat' dir='ltr'><strong>caro</strong></span> <span class='ocrx_word' id='word_1_814' title='bbox 3547 5155 3564 5203; x_wconf 89' lang='lat'><strong>;</strong></span> 
     </span>
    </p>
   </div>
   <div class='ocr_carea' id='block_1_114' title="bbox 1975 5231 3568 5306">
    <p class='ocr_par' dir='ltr' id='par_1_114' title="bbox 1975 5231 3568 5306">
     <span class='ocr_line' id='line_1_114' title="bbox 1975 5231 3568 5306; baseline -0.006 -10"><span class='ocrx_word' id='word_1_815' title='bbox 1975 5249 2030 5296; x_wconf 91' lang='lat' dir='ltr'><strong>et</strong></span> <span class='ocrx_word' id='word_1_816' title='bbox 2059 5252 2224 5294; x_wconf 88' lang='lat' dir='ltr'><strong>carne</strong></span> <span class='ocrx_word' id='word_1_817' title='bbox 2269 5235 2457 5306; x_wconf 91' lang='lat' dir='ltr'><strong>utique</strong></span> <span class='ocrx_word' id='word_1_818' title='bbox 2504 5234 2978 5290; x_wconf 74' lang='lat' dir='ltr'><strong>circumscribitur</strong></span> <span class='ocrx_word' id='word_1_819' title='bbox 3021 5250 3036 5287; x_wconf 87' lang='lat'>:</span> <span class='ocrx_word' id='word_1_820' title='bbox 3080 5243 3135 5287; x_wconf 91' lang='lat' dir='ltr'><strong>et</strong></span> <span class='ocrx_word' id='word_1_821' title='bbox 3155 5233 3270 5302; x_wconf 89' lang='lat' dir='ltr'><strong>jam</strong></span> <span class='ocrx_word' id='word_1_822' title='bbox 3309 5231 3568 5287; x_wconf 84' lang='lat' dir='ltr'><strong>Christus</strong></span> 
     </span>
    </p>
   </div>
   <div class='ocr_carea' id='block_1_115' title="bbox 1975 5325 3567 5402">
    <p class='ocr_par' dir='ltr' id='par_1_115' title="bbox 1975 5325 3567 5402">
     <span class='ocr_line' id='line_1_115' title="bbox 1975 5325 3567 5402; baseline -0.006 -15"><span class='ocrx_word' id='word_1_823' title='bbox 1975 5329 2340 5402; x_wconf 88' lang='lat' dir='ltr'><strong>appellatione</strong></span> <span class='ocrx_word' id='word_1_824' title='bbox 2382 5336 2487 5392; x_wconf 91' lang='lat' dir='ltr'><strong>est,</strong></span> <span class='ocrx_word' id='word_1_825' title='bbox 2519 5335 2574 5382; x_wconf 91' lang='lat' dir='ltr'><strong>et</strong></span> <span class='ocrx_word' id='word_1_826' title='bbox 2617 5326 3153 5396; x_wconf 88' lang='lat' dir='ltr'><strong>circumscriptionis</strong></span> <span class='ocrx_word' id='word_1_827' title='bbox 3196 5325 3362 5381; x_wconf 90' lang='lat' dir='ltr'><strong>simul</strong></span> <span class='ocrx_word' id='word_1_828' title='bbox 3402 5325 3567 5380; x_wconf 92' lang='lat' dir='ltr'><strong>indu-</strong></span> 
     </span>
    </p>
   </div>
   <div class='ocr_carea' id='block_1_116' title="bbox 1973 5416 3567 5491">
    <p class='ocr_par' dir='ltr' id='par_1_116' title="bbox 1973 5416 3567 5491">
     <span class='ocr_line' id='line_1_116' title="bbox 1973 5416 3567 5491; baseline -0.007 -11"><span class='ocrx_word' id='word_1_829' title='bbox 1973 5425 2116 5480; x_wconf 90' lang='lat' dir='ltr'><strong>citur</strong></span> <span class='ocrx_word' id='word_1_830' title='bbox 2166 5421 2590 5491; x_wconf 86' lang='lat' dir='ltr'><strong>intelligiturque</strong></span> <span class='ocrx_word' id='word_1_831' title='bbox 2653 5419 2976 5490; x_wconf 88' lang='lat' dir='ltr'><strong>proprietas.</strong></span> <span class='ocrx_word' id='word_1_832' title='bbox 3049 5417 3420 5485; x_wconf 87' lang='lat' dir='ltr'><strong>Quamobrem</strong></span> <span class='ocrx_word' id='word_1_833' title='bbox 3472 5416 3567 5485; x_wconf 92' lang='lat' dir='ltr'><strong>qui</strong></span> 
     </span>
    </p>
   </div>
   <div class='ocr_carea' id='block_1_117' title="bbox 1974 5510 3570 5590">
    <p class='ocr_par' dir='ltr' id='par_1_117' title="bbox 1974 5510 3570 5590">
     <span class='ocr_line' id='line_1_117' title="bbox 1974 5510 3570 5590; baseline -0.006 -16"><span class='ocrx_word' id='word_1_834' title='bbox 1974 5521 2156 5590; x_wconf 88' lang='lat' dir='ltr'><strong>ipsum</strong></span> <span class='ocrx_word' id='word_1_835' title='bbox 2200 5515 2433 5573; x_wconf 87' lang='lat' dir='ltr'><strong>describi</strong></span> <span class='ocrx_word' id='word_1_836' title='bbox 2464 5523 2700 5585; x_wconf 82' lang='lat' dir='ltr'><strong>negant,</strong></span> <span class='ocrx_word' id='word_1_837' title='bbox 2749 5512 2858 5568; x_wconf 90' lang='lat' dir='ltr'><strong>boc</strong></span> <span class='ocrx_word' id='word_1_838' title='bbox 2895 5523 2998 5579; x_wconf 88' lang='lat' dir='ltr'><strong>est,</strong></span> <span class='ocrx_word' id='word_1_839' title='bbox 3027 5511 3292 5567; x_wconf 89' lang='lat' dir='ltr'><strong>delineari</strong></span> <span class='ocrx_word' id='word_1_840' title='bbox 3323 5528 3340 5578; x_wconf 88' lang='lat'><strong>;</strong></span> <span class='ocrx_word' id='word_1_841' title='bbox 3380 5510 3570 5565; x_wconf 90' lang='lat' dir='ltr'><strong>carnis</strong></span> 
     </span>
    </p>
   </div>
   <div class='ocr_carea' id='block_1_118' title="bbox 1977 5601 3568 5683">
    <p class='ocr_par' dir='ltr' id='par_1_118' title="bbox 1977 5601 3568 5683">
     <span class='ocr_line' id='line_1_118' title="bbox 1977 5601 3568 5683; baseline -0.006 -17"><span class='ocrx_word' id='word_1_842' title='bbox 1977 5612 2156 5683; x_wconf 89' lang='lat' dir='ltr'><strong>ipsum</strong></span> <span class='ocrx_word' id='word_1_843' title='bbox 2198 5618 2477 5680; x_wconf 75' lang='lat' dir='ltr'><strong>expertem</strong></span> <span class='ocrx_word' id='word_1_844' title='bbox 2527 5605 2756 5662; x_wconf 82' lang='lat' dir='ltr'><strong>faciunt.</strong></span> <span class='ocrx_word' id='word_1_845' title='bbox 2804 5605 2911 5659; x_wconf 90' lang='lat' dir='ltr'><strong>Sed</strong></span> <span class='ocrx_word' id='word_1_846' title='bbox 2960 5604 3120 5674; x_wconf 83' lang='lat' dir='ltr'><strong>longe</strong></span> <span class='ocrx_word' id='word_1_847' title='bbox 3165 5603 3242 5657; x_wconf 91' lang='lat' dir='ltr'><strong>illi</strong></span> <span class='ocrx_word' id='word_1_848' title='bbox 3281 5618 3312 5657; x_wconf 95' lang='lat' dir='ltr'><strong>a</strong></span> <span class='ocrx_word' id='word_1_849' title='bbox 3357 5601 3568 5656; x_wconf 84' lang='lat' dir='ltr'><strong>Christi</strong></span> 
     </span>
    </p>
   </div>
   <div class='ocr_carea' id='block_1_119' title="bbox 1977 5692 3567 5778">
    <p class='ocr_par' dir='ltr' id='par_1_119' title="bbox 1977 5692 3567 5778">
     <span class='ocr_line' id='line_1_119' title="bbox 1977 5692 3567 5778; baseline -0.006 -20"><span class='ocrx_word' id='word_1_850' title='bbox 1977 5717 2163 5778; x_wconf 86' lang='lat' dir='ltr'><strong>grege,</strong></span> <span class='ocrx_word' id='word_1_851' title='bbox 2197 5701 2282 5757; x_wconf 87' lang='lat' dir='ltr'><strong>vel</strong></span> <span class='ocrx_word' id='word_1_852' title='bbox 2304 5701 2349 5758; x_wconf 87' lang='lat' dir='ltr'><strong>si</strong></span> <span class='ocrx_word' id='word_1_853' title='bbox 2379 5699 2575 5754; x_wconf 86' lang='lat' dir='ltr'><strong>Petrus</strong></span> <span class='ocrx_word' id='word_1_854' title='bbox 2600 5695 2766 5752; x_wconf 73' lang='lat' dir='ltr'><strong>fuerit</strong></span> <span class='ocrx_word' id='word_1_855' title='bbox 2789 5696 2873 5752; x_wconf 91' lang='lat' dir='ltr'><strong>vel</strong></span> <span class='ocrx_word' id='word_1_856' title='bbox 2898 5694 3102 5750; x_wconf 83' lang='lat' dir='ltr'><strong>Paulus</strong></span> <span class='ocrx_word' id='word_1_857' title='bbox 3133 5702 3194 5748; x_wconf 89' lang='lat' dir='ltr'><strong>ut</strong></span> <span class='ocrx_word' id='word_1_858' title='bbox 3221 5692 3418 5749; x_wconf 85' lang='lat' dir='ltr'><strong>Petrus</strong></span> <span class='ocrx_word' id='word_1_859' title='bbox 3447 5693 3567 5763; x_wconf 77' lang='lat' dir='ltr'><strong>ipse</strong></span> 
     </span>
    </p>
   </div>
   <div class='ocr_carea' id='block_1_120' title="bbox 3133 5897 3214 5960">
    <p class='ocr_par' dir='ltr' id='par_1_120' title="bbox 3133 5897 3214 5960">
     <span class='ocr_line' id='line_1_120' title="bbox 3133 5897 3214 5960; baseline 0.025 -2"><span class='ocrx_word' id='word_1_860' title='bbox 3133 5897 3214 5960; x_wconf 84' lang='lat'><strong>39</strong></span> 
     </span>
    </p>
   </div>
  </div>
