4054 6364
560 341 695 405 1227
1746 343 1810 404 S.
1853 341 2248 403 THEODORI
2274 342 2622 405 STUDlT/E
3675 346 3809 411 1228

554 468 604 510 et
637 452 842 509 Paulus
868 451 1212 508 denuntiavit
1244 450 1312 508 ad
1335 452 1688 508 securitatem
1714 462 1982 508 nostram.
2011 452 2129 508 Non

2239 454 2398 518 αὐτὸς
2423 457 2630 526 Πέτρος
2677 457 2774 509 καὶ
2804 456 3016 520 Παῦλος
3047 446 3299 530 ἀπὲφηνε
3329 459 3466 531 πρὸς
3506 459 3811 527 ἀσεράλειαν

555 549 701 620 quod
725 547 922 618 aliquis
948 547 1347 618 apostolorum,
1369 555 1461 602 aut
1479 553 1795 602 sanctorum
1820 547 1914 615 qui
1937 546 2137 602 deinde

2239 547 2543 617 ἡμετέραν.
2577 550 2688 619 Οὐχ
2718 550 2801 602 ὅτι
2847 567 2931 614 τις
2960 550 3073 604 τῶν
3102 550 3438 616 ἀποστόλων,
3481 552 3514 622 ἢ
3548 553 3660 606 τῶν
3692 554 3810 623 μετ’

554 653 685 699 sunt
749 641 1053 708 subsecuti,
1113 639 1494 695 circumscribi
1546 654 1778 708 corpore
1845 638 2132 694 Christum

2239 640 2438 702 αὐτοὺς
2470 640 2664 708 ἁγίων,
2714 641 2906 712 εἴρηκε
2943 641 3018 713 μὴ
3067 644 3546 714 περιγραφόμενον
3596 645 3810 715 σώματι

555 734 787 804 negarit,
823 732 1284 804 quemadmodum
1325 731 1478 802 impii
1523 731 1828 786 adulterina
1851 731 2135 802 proferen-

554 835 639 882 tes
684 827 837 880 aiunt
869 843 884 880 :
934 825 1111 880 absit!
1148 823 1427 878 Sinceram
1457 823 1601 878 hanc
1629 832 1915 880 teneamus
1951 825 2132 889 Iidem,

554 917 848 974 ofratres:
888 915 1164 986 egregiam
1216 913 1358 969 hanc
1413 914 1816 970 confessionem
1861 925 2132 980 tueamur,

555 1009 766 1064 nullam
800 1007 856 1062 in
904 1015 1109 1076 partem
1150 1005 1508 1061 declinantes.
1550 1004 1830 1060 Christum
1867 1007 2137 1077 abnegant

556 1101 651 1170 qui
682 1115 841 1155 secus
888 1099 1135 1153 sentiunt
1168 1114 1181 1151 :
1215 1097 1308 1167 qui
1334 1097 1383 1152 id
1421 1095 1743 1161 defendunt,
1768 1098 1971 1153 Christi
2003 1108 2135 1154 sunt

554 1201 845 1262 martyres,
875 1205 999 1244 cum
1031 1188 1414 1260 quadraginta,
1447 1205 1570 1244 cum
1608 1189 1758 1244 omni
1805 1191 2131 1245 athletarum

553 1283 645 1352 qui
715 1297 959 1352 unquam
1016 1280 1240 1335 fuerunt
1287 1290 1433 1335 coetu
1489 1281 1772 1343 censendi,
1812 1280 2013 1346 Quid?
2065 1297 2134 1337 ne

553 1375 901 1430 comederent
927 1389 1120 1429 carnes
1141 1373 1347 1437 suillas,
1373 1375 1518 1444 quod
1549 1389 1610 1428 ea
1637 1383 1955 1443 tempestate
1981 1374 2134 1430 nefas

551 1476 690 1532 erat,
731 1475 1000 1536 martyres
1041 1463 1265 1518 fuerunt
1298 1463 1629 1519 Machabaei:
1669 1475 1722 1518 et
1763 1475 1817 1518 tu
1843 1480 2133 1534 perpessus

551 1569 620 1609 eo
644 1555 788 1625 quod
812 1570 1010 1625 negare
1032 1555 1178 1609 nolis
1200 1553 1478 1611 Christum
1503 1555 1996 1623 ClI‘CIImSCI‘lpllJIII,
2025 1572 2132 1610 non

554 1657 766 1720 martyr
791 1647 1106 1702 censeberis
1128 1647 1151 1699 ?
1177 1645 1419 1702 Joannes
1441 1661 1748 1716 praecursor
1763 1647 1832 1701 ob
1859 1646 2134 1702 defensio-

552 1755 678 1794 nem
753 1739 1001 1793 veritatis
1057 1737 1320 1794 adversus
1398 1737 1668 1793 Herodem
1748 1739 2129 1808 interemptus,

2236 733 2473 802 Χριστὸν
2499 774 2513 798 ,
2560 733 2740 796 ἀπαγε
2769 733 2782 785 ι
2819 733 2897 797 ὡς
2942 735 2992 786 oi
3025 734 3308 799 δυσσεϐεῖς
3334 735 3409 789 τὰ
3437 736 3572 791 νόθα
3610 740 3813 808 προφέο

2239 841 2427 896 ροντες
2464 824 2708 892 λέγουσι.
2754 826 2975 897 Ταύτην
3012 830 3113 897 τὴν
3148 827 3418 898 εἰλικρινῆ
3449 829 3640 883 πίστιν
3679 847 3815 883 κατα

2236 916 2488 985 έχωμεν,
2545 910 2590 970 ὧ
2619 916 2840 982 ἀδελφοί
2865 933 2881 949 ο
2941 918 3106 988 τήνδε
3146 919 3248 990 τὴν
3297 919 3470 992 καλὴν
3516 921 3814 992 ὁμολογίαν

2235 1008 2626 1078 ὁμολογῶμεν,
2679 1009 2803 1078 μηδ’
2853 1008 2992 1073 ὅλως
3039 1011 3508 1081 παραφερόμενοι.
3562 1013 3815 1083 Ἀρνησίο

2235 1117 2450 1170 χριστοι
2498 1100 2549 1152 oi
2598 1099 2674 1171 μὴ
2722 1100 2898 1164 οὕτως
2938 1103 3188 1171 ἕχοντες’
3218 1103 3714 1174 Χριστομάρτυρες
3762 1105 3812 1156 oi

2235 1191 2600 1260 ἐνιστάμενοι,
2637 1192 2777 1262 μετά
2807 1193 2918 1246 τῶν
2943 1193 3377 1265 τεσσαράκοντα,
3413 1197 3550 1265 μετά
3577 1195 3683 1265 τῆς
3715 1195 3811 1250 ἀπ’

2235 1283 2432 1343 αἰῶνος
2477 1281 2780 1354 ἀθλητικῆς
2812 1284 3160 1355 ὀμηγύρεως.
3221 1286 3366 1340 Ούά·
3401 1286 3544 1357 ὑπὲρ
3575 1285 3674 1339 τοῦ
3734 1287 3814 1358 μὴ

2235 1375 2646 1443 ἀπογεύσασθαι
2694 1377 2854 1429 ὑείων
2903 1378 3083 1446 κρεῶν
3122 1377 3184 1430 τὸ
3234 1378 3537 1448 τηνικαῦτα
3575 1379 3816 1449 παρανό-

2238 1483 2355 1534 μως
2403 1465 2532 1528 τοὺς
2586 1465 2982 1528 Μακκαϐαίους
3036 1467 3380 1538 μαρτύριον⁹
3429 1470 3625 1522 καὶσὺ
3671 1469 3818 1540 ὑπὲρ

2232 1555 2328 1608 τοῦ
2361 1556 2435 1626 μὴ
2461 1557 2804 1627 ἀρνήσασθαι
2835 1558 3074 1627 Χριστὸν
3111 1559 3568 1630 ἐγγεγραμμένον
3600 1560 3814 1613 πανθά-

2233 1665 2340 1702 νων
2359 1689 2374 1714 ,
2408 1648 2468 1701 ού
2504 1649 2748 1720 μάρτυς;
2790 1650 3047 1719 Ἰωάννης
3077 1652 3106 1704 ὁ
3135 1651 3454 1722 Πρόδρομος
3485 1652 3626 1722 ὑπὲρ
3659 1652 3816 1720 ἐλεγ-

2238 1737 2340 1808 μοῦ
2370 1738 2629 1808 ἀληθείας
2658 1743 2756 1811 τῆς
2784 1741 2924 1811 πρὸς
2964 1740 3208 1813 Ἡρώδην
3233 1742 3651 1811 τυμπανισθεὶς.
3677 1760 3817 1814 μαρ-

555 1842 854 1904 martyrum
901 1840 1284 1887 ornamentum
1321 1830 1425 1888 fuit
1457 1850 1471 1886 :
1522 1847 1622 1886 nec
1661 1833 1773 1888 eris
1828 1842 1884 1888 tu
1917 1833 1971 1887 in
2009 1834 2134 1889 albo

2239 1831 2417 1902 τύρων
2458 1831 2753 1904 διάκοσμος
2777 1851 2792 1867 ·
2836 1833 2934 1888 καὶ
2967 1836 3032 1888 σὺ
3065 1835 3166 1888 οὐκ
3192 1836 3254 1888 ὲν
3294 1836 3530 1908 μάρτυσι
3562 1835 3817 1906 θνήσκων

555 1934 861 1995 martyrum
893 1938 991 1994 pro
1024 1921 1246 1978 Christo
1280 1923 1564 1978 moriens?
1595 1921 1766 1978 Nemo
1794 1941 1882 1978 vos
1915 1924 2134 1978 seducat

2233 1923 2376 1996 ὑπὲρ
2431 1925 2699 1996 Χριστοῦ;
2743 1926 2967 1994 Μηδεὶς
3018 1924 3173 1995 ὑμᾶς
3217 1926 3569 1992 ἐξαπατάτω
3617 1929 3816 1995 κενοῖς

553 2015 802 2069 inanibus
828 2014 995 2069 verbis
1025 2030 1044 2069 :
1081 2027 1295 2086 propter
1327 2031 1443 2088 qua:
1493 2018 1628 2071 venit
1674 2018 1757 2072 ira
1788 2017 1888 2072 Dei
1918 2019 1973 2072 in
1993 2018 2134 2088 ﬁlias

2239 2015 2471 2086 λόγοις·
2525 2015 2602 2070 δι’
2650 2017 2758 2083 οὓς
2802 2017 3037 2085 ἔρχεται
3075 2017 3117 2087 ἡ
3173 2017 3320 2088 ὀργὴ
3365 2018 3475 2074 τοῦ
3521 2019 3675 2074 Θεοῦ
3713 2018 3815 2074 ἐπι

553 2107 856 2179 difﬁdentia
885 2109 954 2163 ".

626 2198 928 2271 Legitimus
947 2208 1152 2272 martyr
1174 2209 1259 2257 est
1285 2200 1381 2271 qui
1419 2203 1712 2256 coutitetur
1740 2220 1754 2256 :
1790 2211 1844 2257 et
1871 2217 1936 2258 eo
1962 2203 2136 2274 magis

551 2306 664 2360 quo
693 2291 943 2360 pluribus
985 2300 1216 2347 vexatur
1244 2291 1423 2346 malis.
1457 2291 1678 2348 Minime
1711 2309 1808 2349 vos
1849 2295 2137 2351 conturbet

551 2383 774 2438 dnratio
821 2384 1218 2454 persecutionis
1254 2401 1269 2440 :
1311 2385 1453 2439 haud
1502 2387 1702 2442 multos
1745 2402 1920 2442 annos
1953 2399 2134 2458 pertu-

553 2475 738 2540 limus,
775 2485 835 2531 ut
878 2477 1086 2547 antiqui
1124 2476 1254 2532 olim
1284 2477 1650 2533 confessores.
1702 2477 1953 2534 Nondum
2000 2493 2134 2534 exa-

551 2568 744 2622 minati
774 2567 980 2624 fuimus
1020 2553 1259 2637 legi'timo
1289 2569 1413 2638 igne
1437 2569 1841 2639 probatissimae
1875 2573 2136 2626 tentatio-

503 2727 508 2732 δ
552 2662 640 2714 nis
675 2677 689 2714 :
738 2660 917 2714 adhuc
949 2659 1241 2714 admistum
1285 2667 1370 2714 est
1411 2662 1715 2730 plumbum,
1770 2662 1952 2717 adhuc
2001 2679 2138 2732 ruga

552 2753 855 2821 peccatrix.
900 2749 982 2805 Tu
1013 2751 1136 2820 quis
1165 2765 1226 2805 es
1256 2752 1348 2820 qui
1389 2752 1968 2822 incumprehensorum
1993 2753 2138 2824 judi-

551 2841 763 2896 ciornm
821 2839 1094 2912 profunda
1144 2841 1620 2907 scruteris?Qua:
1673 2845 1770 2898 tibi
1824 2846 2138 2914 praescripta

553 2943 701 2996 sunt,
733 2932 833 2987 illa
879 2935 1053 3004 cogita
1073 2933 1141 2986 ”.
1175 2933 1410 2988 Abrahae
1443 2950 1628 2990 semen
1679 2937 1832 3004 illud,
1868 2938 1958 2993 cui
2011 2953 2140 3008 pro-

554 3026 746 3093 missa,
792 3024 886 3080 Dei
941 3023 1341 3090 benedictione,
1397 3035 1554 3082 terrae
1595 3038 1797 3084 sanctaz
1847 3029 2139 3086 hereditas

2231 2106 2376 2172 τοὺς
2405 2107 2578 2175 υιοὺς
2603 2107 2714 2175 τῆς
2737 2110 3062 2176 ἀπειθείας.

2303 2199 2532 2268 Μάρτυς
2575 2201 3014 2272 ἀπαράγραπτος
3049 2201 3329 2271 ὁμολογῶν
3348 2215 3364 2233 ⁸
3396 2201 3491 2255 καὶ
3521 2201 3814 2266 τοσοῦτον,

2233 2290 2320 2360 ἐφ’
2347 2291 2471 2344 ὅσον
2493 2291 2589 2344 καὶ
2617 2291 2907 2358 πλεονάζει
2935 2294 3052 2357 τοῖς
3075 2293 3388 2364 παθήμασι.
3420 2295 3512 2365 Μὴ
3537 2295 3818 2348 σαλευέτω

2235 2379 2380 2450 ὑμᾶς
2412 2382 2446 2452 ἡ
2485 2381 2854 2453 ἐπικράτησις
2888 2381 2984 2436 τοῦ
3009 2383 3256 2454 διωγμοῦ
3276 2401 3290 2412 ·
3321 2383 3475 2437 οὔπω
3508 2385 3815 2455 ὲπολυετήο

2232 2489 2412 2543 σαμεν
2461 2471 2603 2526 κατὰ
2633 2473 2760 2536 τοὺς
2809 2473 3182 2544 προλαϐόντας
3234 2475 3574 2546 ὁμολογητάς
3593 2492 3609 2506 ·
3664 2473 3815 2526 οῦπω

2233 2564 2601 2636 ὲπυρώθημεν
2635 2565 2714 2634 τῷ
2741 2565 2956 2637 διαρκεῖ
2984 2567 3115 2638 περὶ
3144 2567 3246 2637 τῆς
3281 2567 3664 2638 δοκιμωτάτης
3695 2567 3816 2620 πεί-

2239 2673 2372 2728 ραςο
2412 2657 2493 2712 ἐτι
2527 2658 2779 2728 μόλιϐδος
2820 2662 3097 2732 ὲμμιγής·
3126 2661 3205 2714 ἑτι
3246 2661 3402 2732 ῥυτὶς
3432 2663 3809 2734 ἀμαρτητική.

2236 2747 2309 2801 Σὺ
2335 2747 2420 2812 τίς
2460 2752 2510 2803 εἰ
2540 2752 2569 2804 ὁ
2598 2749 2919 2821 ἐμϐατεύων
2949 2754 3009 2805 ἐν
3039 2755 3154 2816 τοῖς
3179 2753 3289 2806 τῶν
3331 2753 3665 2824 ἀθεωρήτων
3697 2771 3813 2824 κρι-

2239 2839 2430 2908 μάτων
2484 2839 2743 2911 βάθεσιν;
2792 2843 2862 2897 ’Δ
2917 2842 3260 2914 προσετὰγη
3293 2859 3424 2910 σοι,
3465 2845 3658 2898 ταῦτα
3687 2843 3813 2898 δισ-

2235 2932 2405 2987 νοοῦ.
2459 2933 2534 2987 Τὸ
2584 2934 2924 3004 ἐπαγγελθὲν
2971 2937 3228 3007 σπέρμα,
3277 2936 3337 2990 ὲν
3385 2936 3612 3009 εὐλογίᾳ
3652 2935 3809 2999 Θεοῦ,

2249 3024 2503 3097 Ἀϐραὰμ
2538 3026 2898 3097 κληρονομεῖν
2941 3028 3043 3098 τὴν
3098 3029 3263 3096 ἁγίαν
3303 3030 3444 3099 γῆν,
3483 3033 3814 3102 τετρακόσια

553 3119 757 3183 fuerat,
830 3117 1247 3188 quadringentis
1319 3119 1540 3189 triginta
1607 3120 1768 3175 annis
1831 3119 2138 3177 Pharaonis

2239 3118 2532 3189 τριάκοντα
2571 3118 2678 3172 ὑπὸ
2703 3121 2863 3190 χεῖρα
2889 3118 3090 3190 Φαραὼ
3124 3121 3594 3192 προδεδουλῶσθαι
3615 3121 3816 3193 ᾠκονό-

553 3226 725 3266 manu
789 3215 1109 3266 servitutem
1166 3211 1374 3266 servire
1422 3209 1566 3266 Deus
1607 3213 1872 3281 permisit.
1935 3213 2137 3268 Christi

2242 3224 2383 3279 μησε
2410 3208 2566 3272 Θεός.
2609 3208 2669 3262 'U
2699 3209 3125 3280 Χριστιανισμδς
3152 3213 3247 3265 ἀπ’
3277 3213 3452 3282 ἀρχῆς
3481 3213 3578 3266 τοῦ
3611 3213 3816 3282 κηρύγ-

559 3303 798 3360 Eoi-lesia
847 3304 916 3357 ab
965 3302 1339 3372 apostolorum
1396 3305 1784 3372 praedicatione
1846 3320 2019 3374 usque
2070 3307 2139 3362 ad

556 3397 1002 3464 Constantinum,
1059 3396 1293 3466 primum
1337 3397 1774 3454 Christianorum
1811 3415 2016 3471 regem,
2045 3417 2141 3456 su-

562 3508 656 3561 pm
692 3507 864 3544 annos
905 3489 1172 3544 ducentos
1214 3505 1373 3559 passa
1407 3501 1490 3546 est
1532 3491 1853 3549 frementem
1881 3509 2141 3564 persecu-

560 3584 783 3638 tionem.
810 3581 910 3649 Qui
943 3583 1117 3638 secuti
1143 3593 1291 3648 sunt,
1314 3585 1598 3639 remissam
1620 3586 1862 3654 quidem,
1901 3596 2138 3641 attamen

557 3676 956 3730 diuturniorem
989 3675 1136 3746 passi
1179 3686 1310 3731 sunt
1342 3695 1354 3731 :
1387 3687 1751 3747 praeterquam
1786 3679 1890 3734 sub
1919 3678 2141 3734 Juliano

560 3777 832 3837 apostata.
867 3769 1070 3824 Paulus
1106 3784 1340 3841 magnus
1375 3769 1536 3824 atinis
1563 3771 1805 3840 quinque
1840 3779 1894 3824 et
1925 3771 2141 3842 triginta

563 3862 996 3932 persecutionem
1047 3862 1292 3931 pertulit,
1329 3862 1574 3932 quotidie
1605 3863 1844 3918 moriens
1873 3863 1919 3895 ”
1948 3883 1962 3918 :
1995 3873 2049 3917 et
2081 3873 2140 3919 tu

561 3954 808 4024 quinque
840 3968 1108 4008 annorum
1147 3954 1325 4024 spatio
1352 3955 1623 4024 langues?
1650 3953 1906 4011 Clemens
1939 3955 2144 4010 multo-

560 4060 683 4100 rum
751 4045 1114 4100 certamiuum
1169 4045 1255 4100 vir
1308 4046 1362 4100 in
1419 4057 1684 4117 perpetuo
1734 4047 1994 4117 martyrio
2045 4045 2145 4102 fuit

561 4137 754 4208 viginti
784 4147 910 4192 octo
935 4137 1095 4192 annis
1127 4155 1142 4193 :
1189 4145 1245 4192 et
1275 4146 1334 4192 tu
1381 4137 1524 4192 intra
1572 4153 1778 4207 paucos
1809 4138 1998 4192 delicis
2027 4137 2052 4190 ?
2079 4137 2146 4193 Et

563 4229 709 4298 quod
744 4228 877 4282 mihi
926 4241 1139 4298 tempus
1169 4230 1303 4284 satis
1328 4229 1400 4283 sit
1441 4230 1507 4283 ad
1530 4229 1668 4283 alios
1694 4239 1960 4298 martyres
1990 4244 2144 4282 com-

566 4321 1006 4376 memorandos?
1043 4319 1162 4375 Non
1222 4320 1422 4376 audisti
1475 4320 1848 4375 suﬂ‘erentium
1895 4318 1997 4374 Joh
2039 4320 2088 4352 "
2123 4320 2146 4374 τ

565 4411 758 4467 Nonne
796 4413 956 4466 anuis
985 4412 1296 4482 quindecim
1351 4420 1406 4466 et
1465 4412 1702 4480 amplius
1763 4412 1944 4465 ulcere
1993 4412 2144 4481 gravi

2242 3318 2411 3372 ματος
2460 3301 2568 3356 τῶν
2614 3303 2929 3356 ἀποστόλων
2959 3303 3101 3374 ὑπὲρ
3139 3304 3201 3358 τὸ
3245 3305 3813 3371 διακοσιοστὸν,ἔτος,

2243 3393 2408 3462 μέχρι
2440 3391 2537 3446 τοῦ
2569 3395 2981 3449 Κωνσταντίνου
3012 3395 3108 3448 τοῦ
3135 3396 3356 3467 πρώτου
3389 3395 3658 3468 βασιλέως
3686 3400 3815 3468 Χρι-

2240 3484 2474 3538 στιανῶν
2495 3523 2511 3548 ,
2547 3487 2606 3538 ὲν
2643 3486 2870 3558 διωγμῷ
2906 3487 3184 3559 βρέμοντι.
3217 3490 3282 3541 Οἱ
3317 3490 3636 3558 μετέπειτα,
3664 3491 3816 3559 ὑφει-

2243 3575 2422 3645 μένως
2469 3577 2588 3646 μὲν,
2617 3578 2768 3647 ὅμως
2808 3579 3297 3649 μακροετίζοντεςο
3329 3581 3509 3651 πάρεξ
3535 3583 3634 3635 τοῦ
3679 3582 3818 3634 κατά

2254 3667 2540 3722 Ἰουλιανδν
2570 3671 2664 3721 τὸν
2689 3671 3026 3741 ἀποστάτην.
3058 3671 3270 3735 Παῦλος
3297 3673 3326 3725 ὁ
3364 3674 3541 3744 μέγας
3568 3691 3820 3742 τριακον-

2239 3761 2474 3814 ταπέντε
2503 3760 2649 3814 ἔτεσι
2691 3763 3053 3833 διωκόμενος,
3086 3765 3182 3817 καὶ
3220 3765 3547 3835 καθημέραν
3581 3764 3818 3836 ἀποθνή-

2244 3870 2391 3907 σκων
2411 3871 2424 3884 ο
2457 3855 2551 3907 καὶ
2586 3855 2652 3908 σὺ
2681 3856 2743 3908 ὲν
2783 3855 2948 3909 πέντε
2985 3856 3201 3927 χρόνοις
3227 3858 3543 3928 ὴτονηκώςς
3586 3859 3818 3928 Κλήμης

2243 3946 2272 3997 ὁ
2305 3944 2602 4009 πολύαθλος
2655 3946 2975 4000 εἰκοσιοκτὼ
3029 3949 3178 4002 ἔτεσι
3227 3950 3563 4020 μαρτυρῶν·
3607 3950 3705 4003 καὶ
3753 3950 3815 4002 σὺ

2242 4037 2481 4108 ἀχανιῶν
2507 4039 2566 4091 ἐν
2592 4037 2850 4109 βραχέσις
2889 4039 3000 4093 Ποῦ
3035 4058 3128 4110 μοι
3163 4041 3356 4111 καιρὸς
3387 4043 3460 4095 τὰ
3497 4043 3610 4094 τῶν
3643 4042 3817 4097 ἀλλων

2247 4129 2540 4201 μαρτύρων
2568 4130 2773 4198 λέγων;
2803 4133 2918 4185 Οὐκ
2944 4131 3188 4203 ἡκούσας
3211 4134 3312 4203 τὴν
3342 4133 3627 4205 ὑπομονὴν
3669 4134 3816 4202 Ἰὡϐς

2243 4222 2381 4291 υύχὶ
2423 4223 2816 4276 πεντεκαίδεκα
2848 4223 2968 4292 ἐτη,
3015 4223 3047 4294 ἢ
3082 4225 3176 4277 καὶ
3211 4225 3371 4295 πρὸς,
3409 4225 3560 4278 ἕλκει
3604 4227 3818 4298 πονήρῳ

2243 4314 2629 4378 ἐϐασανίζετοο
2675 4315 2812 4386 πρὸς
2857 4318 2970 4378 τοῖς
3019 4318 3394 4388 ἑπενεχθεῖσιν
3459 4318 3614 4388 αύτῷ
3646 4319 3820 4382 ἀλλοις

2243 4407 2673 4478 τραγῳδήμασι;
2713 4408 2808 4461 καὶ
2841 4410 3014 4462 ταῦτα
3045 4409 3107 4462 οὐ
3148 4409 3406 4473 συνειδώς
3441 4429 3496 4464 τι
3551 4413 3820 4481 πεπραχὲ-

561 4514 794 4559 vexatus
840 4511 944 4566 est,
981 4512 1176 4573 praeter
1201 4504 1336 4558 alios
1368 4502 1463 4572 qui
1495 4503 1693 4573 adjecli
1733 4501 1956 4556 fuerunt
1987 4502 2139 4571 lugu-

2246 4517 2335 4552 ναι
2355 4499 2464 4551 τῶν
2494 4499 2830 4573 ἀριστερῶν·
2863 4499 3063 4570 μᾶλλον
3097 4500 3197 4571 μὲν
3227 4496 3322 4555 οὖν
3351 4518 3416 4570 γε
3451 4503 3549 4556 καὶ
3573 4503 3683 4555 τῶν
3703 4503 3818 4555 λίαν

561 4598 685 4652 brcs
721 4595 936 4651 casus?
966 4596 1144 4664 Atque
1199 4594 1302 4650 hoc
1327 4610 1453 4650 cum
1510 4595 1712 4650 nullius
1743 4593 1848 4649 sibi
1893 4593 2020 4647 mali
2058 4593 2145 4649 fa-

561 4687 768 4744 cinoris
827 4687 1084 4743 conscius
1131 4696 1296 4751 esset,
1357 4687 1489 4755 quin
1544 4686 1725 4758 potius
1783 4685 2143 4740 laudabilium

561 4778 1113 4848 quamplurimorum.
1151 4775 1293 4843 Quid
1349 4787 1530 4832 autem
1565 4777 1617 4832 ei
1673 4779 1970 4846 respondet
2021 4791 2144 4831 ora-

562 4872 747 4925 culum
768 4871 792 4924 ?
813 4888 832 4922 ι
863 4867 931 4924 Ut
949 4869 1154 4939 justus,
1175 4869 1374 4938 inquit,
1401 4869 1742 4939 appareas".
1776 4887 1794 4920 ι
1826 4866 1903 4921 Ita
1921 4875 1976 4922 et
1999 4883 2144 4923 nunc

2248 4591 2460 4656 δεξιῶν.
2521 4591 2686 4645 Ἀλλά
2732 4591 2785 4644 τί
2823 4591 2974 4661 αύτῷ
3017 4593 3046 4646 ὁ
3077 4593 3499 4663 χρηματισμός;
3546 4612 3565 4645 ι
3601 4596 3718 4648 Ἵνα
3746 4595 3820 4648 δί-

2251 4699 2427 4746 καιος,
2459 4682 2654 4754 φησὶν,
2681 4684 2988 4754 ἀναφανῇς.
3021 4702 3040 4736 ι
3069 4685 3226 4739 υῦτω
3261 4687 3359 4739 καὶ
3399 4685 3496 4739 νῦν
3528 4686 3818 4749 κοσκινίζει

2249 4776 2284 4846 ἡ
2323 4774 2556 4844 Πρόνοια
2579 4776 2742 4827 οἱονεὶ
2773 4777 2900 4839 τοὺς
2933 4777 3206 4846 παρόντας
3230 4793 3244 4808 ⁶
3282 4778 3373 4831 ἵνα
3404 4779 3474 4832 τά
3509 4779 3725 4844 ζιζάνια
3745 4779 3820 4833 ἔτι

2249 4868 2452 4938 ἐκριφῇ
2476 4883 2490 4898 ·
2521 4868 2609 4920 ἵνα
2639 4868 2668 4920 ὁ
2704 4868 2851 4930 σῖτος
2889 4869 3226 4940 ὲναπομείνῃ
3258 4871 3523 4942 καθαρός.

561 4964 767 5019 cribrat
823 4962 1226 5040 quodammodo
1292 4961 1638 5017 Providentia
1717 4963 1970 5017 homines
2011 4962 2176 5033 hujus
2218 4963 2498 5032 temporis,
2532 4970 2592 5017 ut
2635 4978 2757 5032 quae
2801 4964 2989 5018 insunt
3033 4965 3243 5018 zizania
3312 4966 3548 5035 ejiciat:
3601 4977 3660 5022 ut
3715 4966 3819 5020 fru-

565 5063 808 5110 mentum
855 5068 1051 5122 purum
1089 5061 1327 5107 maneat.

634 5144 755 5196 Non
795 5141 954 5197 audis
1000 5141 1133 5211 quid
1178 5141 1431 5196 Jeremim
1477 5141 1660 5196 dicat?
1705 5139 1918 5208 Depone
1958 5156 2048 5194 eos
2095 5139 2152 5193 in

563 5235 963 5304 conﬂatorium,
1010 5244 1062 5286 et
1090 5234 1206 5288 vide
1241 5235 1286 5287 si
1319 5233 1604 5303 probatum
1631 5243 1707 5285 est
1737 5233 1872 5284 sicut
1905 5248 1998 5302 ego
2027 5247 2153 5298 pro-

2319 5139 2433 5191 Οὐκ
2465 5136 2687 5201 ἀκούεις
2718 5137 2772 5190 τί
2798 5137 2946 5206 λέγει
2974 5136 3054 5208 τῷ
3087 5137 3329 5209 Ἱερεμίᾳ
3349 5155 3365 5204 ;
3389 5139 3585 5206 Κὰθες
3607 5141 3818 5206 αὐτοὺς

2243 5235 2334 5298 εις
2360 5231 2427 5284 τὸ
2457 5231 2862 5300 χωνευτήριον
2880 5249 2895 5262 ·
2928 5232 3028 5286 καὶ
3061 5233 3291 5301 σκέψαι
3315 5233 3369 5284 εί
3397 5231 3670 5302 δοκίμιόν
3693 5235 3818 5286 ἐστι

563 5332 719 5382 batus
756 5344 875 5382 sum
926 5343 1022 5396 pro
1073 5328 1148 5380 eis
1172 5327 1242 5380 "’.
1293 5325 1560 5380 Feratnus
1594 5325 1798 5386 adhuc,
1853 5340 1887 5378 o
1939 5326 2139 5379 strenui

2245 5321 2441 5388 καθὼς
2463 5322 2578 5392 ἐγὼ
2609 5322 3016 5392 ἐδοκιμάσθην
3037 5326 3191 5392 ὑπὲρ
3217 5323 3436 5380 αὐτῶν.
3485 5326 3818 5394 Ἑνέγκωμεν

562 5419 769 5475 milites
814 5417 1043 5474 Christi.
1093 5415 1219 5470 Dies
1266 5417 1404 5470 sicut
1460 5415 1663 5470 umbrae
1711 5415 2146 5483 prietereunt":

2243 5417 2347 5482 ἔτι,
2373 5409 2418 5469 ὦ
2439 5419 2681 5483 γενναῖοι
2709 5416 3038 5486 στρατιῶται
3058 5418 3321 5486 Χριστοῦ.
3341 5421 3411 5471 Ai
3439 5418 3653 5486 ἡμέραι
3683 5417 3818 5470 ὡσεὶ

562 5512 816 5584 quamvis
858 5519 1238 5581 persecutores
1284 5523 1509 5563 manere
1560 5508 1898 5562 existiment.
1951 5504 2011 5559 Si
2067 5521 2139 5558 me

2243 5509 2409 5563 σκιαὶ
2438 5508 2776 5578 παράγουσι
2794 5526 2808 5540 ·
2838 5509 2942 5564 κᾶν
2972 5511 3022 5562 oi
3056 5509 3343 5574 διώκοντες
3363 5513 3649 5582 ἐπιμένειν
3675 5514 3820 5564 οἰων-

562 5604 822 5674 persecuti
853 5613 999 5669 sunt,
1043 5601 1244 5673 inquit,
1275 5612 1323 5655 et
1364 5616 1452 5654 vos
1481 5610 1863 5682 persequentur
1888 5611 1906 5648 :
1951 5597 2000 5650 si
2035 5613 2147 5650 ser-

2239 5617 2355 5653 ται.
2385 5601 2454 5652 Et
2487 5599 2592 5668 ἐμὲ
2620 5600 2874 5664 ἐδίωξαν
2894 5642 2910 5668 ,
2949 5604 3107 5674 φησί,
3149 5604 3247 5657 καὶ
3277 5601 3433 5674 ὑμᾶς
3464 5603 3814 5666 διώξουσιν·

637 5741 684 5772 ³⁸
716 5740 910 5809 Ephes.
940 5755 993 5803 v,
1029 5739 1083 5794 6.
1159 5701 1204 5774 ’.³
1227 5739 1394 5797 Eccli.
1425 5757 1509 5800 ιιι.
1543 5739 1636 5795 22.
1713 5739 1764 5774 θδ
1794 5740 1814 5794 Ι
1844 5738 1974 5794 Cor.
2010 5753 2101 5806 xv,
2129 5739 2139 5793 ε

2296 5739 2340 5772 ’⁵
2363 5736 2478 5794 Jac.
2515 5753 2565 5805 v,
2592 5739 2682 5793 il.
2755 5735 2802 5771 ³⁸
2826 5736 2928 5797 .lob
2958 5755 3152 5807 xum,
3182 5741 3272 5797 32.
3347 5741 3391 5774 "
3422 5738 3590 5794 Zach.
3627 5755 3699 5805 xi,
3727 5736 3811 5790 15.

567 5813 615 5843 ’⁸
641 5811 782 5884 "sal.
824 5825 1009 5878 cum,
1046 5811 1101 5866 4.
