4054 6364
225 367 365 432 1229

1421 359 1966 425 EPIS’I‘OLAHUM
2025 361 2174 423 LIB.
2209 362 2291 422 II.

3357 355 3492 418 19.30

215 484 272 538 ει
315 482 424 536 τεν
456 482 645 550 λόγον
685 496 804 548 μου
859 477 1192 548 ἐτήρησαν,
1219 477 1320 531 καί
1363 479 1473 533 τὸν
1519 477 1810 548 ὑμέτερον

1930 493 2117 532 nonem
2164 494 2339 531 meum
2388 483 2764 538 servaverunt.
2813 482 2864 528 et
2913 481 3142 528 vestrum
3185 472 3494 529 servabunt.

218 575 624 645 τηρήσουσιν
641 570 830 626 Ἀλλὰ
845 571 1033 625 ταῦτα
1052 571 1250 624 πάντα
1269 570 1644 639 ποιήσουσιν
1665 569 1810 641 ὑμῖν

219 667 321 722 διὰ
350 667 417 720 τὸ
449 664 636 734 ὄνομά
661 679 812 734 μουο
852 664 942 718 ὅτι
965 666 1076 718 οὐκ
1112 663 1318 717 οἴδασι
1347 665 1456 717 τὸν·
1485 661 1810 732 πέμψαντά

216 777 316 830 με.
353 757 473 812 Ἐπ’
497 757 757 828 ἀληθείας
786 757 896 828 γὰρ
922 757 1024 810 οὐκ
1039 757 1268 820 οίοασιν,
1301 755 1386 809 ὅτι
1426 755 1490 808 '0
1519 755 1665 822 Θεὸς
1708 755 1808 807 καὶ

223 853 430 921 Πατὴρ
473 852 708 921 ἔπεμψε
756 851 866 904 τὸν
927 849 1066 904 Υίὸν
1111 848 1300 904 αὑτοῦ
1353 847 1462 902 τὸν
1505 847 1811 918 μονογενῆ

223 947 554 1015 ⁸γενόμενον·
587 944 657 997 ἐκ
699 941 1009 1012 γυναικὸς,
1045 942 1374 1011 γενόμενον·
1418 939 1540 994 ὑπὸ
1583 940 1773 1010 νόμον
1795 957 1810 972 ο

224 1041 329 1092 ἵνα
351 1036 493 1102 τοὺς
516 1035 636 1092 ὑπὸ
668 1036 858 1106 νόμον
879 1035 1241 1106 ἐξαγοράσῃο
1280 1035 1366 1087 ἵνα
1396 1034 1495 1100 τὴν
1557 1033 1816 1102 οἰκουμέ-

221 1147 326 1202 νην
347 1129 425 1200 τῷ
449 1130 564 1200 ἰδίῳ
587 1129 762 1198 Πατρὶ
791 1129 1231 1200 κατακτήσηται.
1257 1127 1330 1180 Ἦ
1365 1127 1476 1198 γὰρ
1507 1128 1574 1182 ἂν
1613 1127 1715 1180 οὐκ
1748 1126 1816 1180 ἂν

225 1221 492 1294 ἠρνοῦντο
520 1222 682 1275 αὑτὸν
721 1219 1104 1294 ἐγγράφεσθαι
1129 1236 1143 1250 ⁸
1177 1219 1358 1282 οὐδεὶς
1381 1219 1492 1290 γὰρ
1524 1221 1588 1272 ὲκ
1621 1237 1818 1288 γυναι-

226 1314 327 1378 κὸς
382 1312 760 1384 γεννώμενος,
831 1313 1234 1375 ἀνεικόνιστος,
1293 1312 1343 1364 εί
1409 1311 1534 1382 μηδ’
1591 1310 1658 1364 ἂν
1707 1306 1819 1363 εἷεν

226 1406 514 1476 ἐκτρωμα,
552 1403 708 1458 Οῦτω
736 1399 1049 1474 τοιγαροῦν,
1086 1402 1341 1470 ἀδελφοὶ,
1388 1399 1819 1472 καταρτίζωμεν

227 1498 479 1562 ἑαυτούς.
523 1497 633 1552 Καὶ
665 1496 808 1549 οὕτω
852 1493 1328 1567 παρακαλούμεθα
1363 1498 1478 1556 τοῖς
1507 1494 1692 1562 λόγοις
1725 1492 1819 1546 τοῦ

229 1590 482 1660 Σωτῆρος
534 1589 690 1660 ἡμῶν
755 1587 932 1658 Ἰησοῦ
979 1587 1255 1658 Χριστοῦ⁶
1310 1586 1677 1656 ἀναμένοντες
1719 1586 1822 1656 τὴν

227 1680 607 1734 ἀνταπόδοσιν.
653 1678 793 1731 Ἀλλ’
827 1677 1007 1731 οίδατε
1039 1673 1150 1741 οἷος
1175 1680 1204 1731 ό
1236 1678 1511 1738 Λεόντιος⁶
1544 1677 1822 1748 εὐνούχων

229 1773 409 1841 γένος,
444 1772 504 1825 ού
539 1771 698 1840 μόνον
737 1770 956 1841 ἄτιμον,
991 1771 1068 1834 ῶς
1099 1787 1184 1833 τις
1217 1769 1326 1823 τῶν
1357 1767 1634 1840 θεοφόρων
1668 1769 1820 1840 εἴρη-

229 1881 351 1926 κεν,
379 1862 514 1915 ἀλλά
544 1864 638 1916 καὶ
668 1862 1109 1933 ἀρνησίχριστονο
1141 1862 1237 1916 καὶ
1258 1859 1368 1914 οὐδ’
1397 1858 1572 1924 οῦτως
1616 1861 1822 1925 ἀρκού-

237 1974 421 2027 μενον,
478 1955 613 2008 ἀλλὰ
670 1958 766 2009 καὶ
816 1955 1025 2026 ἀγρίως
1083 1954 1503 2027 τιμωρούμενον
1559 1955 1822 2024 ἀδελφοὺς

233 2047 416 2118 ἡμῶν.
455 2047 514 2100 '0
549 2047 678 2118 πρὶν
715 2045 986 2120 μαθητὴς,
1023 2047 1118 2102 νῦν
1151 2049 1394 2122 ἀρνητὴς
1436 2050 1760 2116 Ἰουδαῖζων·
1793 2052 1823 2104 6

233 2141 298 2192 ἐν
340 2139 587 2209 ἀδελφοῖς
620 2139 992 2210 ὑπερέχουσι,
1041 2141 1184 2195 κατὰ
1233 2142 1344 2195 τῶν
1391 2142 1636 2212 ἀδελφῶν
1680 2142 1823 2212 ὑπὲρ

236 2233 488 2295 ἅπαντας
509 2233 634 2295 τοὺς
662 2231 1006 2297 δικάζονταςο
1036 2235 1065 2286 δ
1098 2232 1174 2304 μὴ
1198 2233 1373 2302 λέγων
1399 2234 1590 2300 ἁπλῶς
1613 2235 1819 2300 είκόνα,

234 2321 378 2374 ἀλλὰ
409 2322 571 2389 ἁγίαν
600 2321 808 2387 εἰκόνα,
843 2322 1082 2394 Χριστοῦ
1111 2323 1298 2393 τυχὸν,
1332 2325 1433 2395 τῆς
1463 2325 1756 2390 Θεοτόκου,
1787 2327 1822 2398 ἢ

234 2412 484 2464 τινοσοῦν
512 2411 621 2464 τῶν
650 2412 843 2480 ἁγίων*
879 2413 1005 2484 ἄρτι
1035 2413 1155 2465 ἐστὶ
1186 2413 1383 2482 καίων,
1413 2414 1718 2487 καθαιρῶν,
1749 2415 1826 2480 ὡς

238 2502 348 2572 θὴρ
381 2501 705 2572 μαινόμενος
762 2503 1124 2575 βλασφημῶν.
1179 2497 1364 2570 Ἑξοῦ
1416 2506 1512 2559 καὶ
1565 2505 1644 2577 τῷ
1693 2524 1829 2578 κρα-

235 2593 422 2646 τοῦντι
453 2592 811 2663 φιλούμενος,
847 2594 941 2646 καὶ
978 2594 1091 2647 τῶν
1123 2596 1507 2669 μοναστηρίων
1535 2596 1694 2668 ἡμῶν
1725 2598 1829 2668 ἄρ-

236 2702 375 2755 χων,
402 2687 497 2738 καὶ
521 2687 700 2739 πάντα
727 2687 985 2755 πράττων
1014 2687 1043 2738 6
1065 2686 1233 2752 τάλας
1261 2689 1341 2751 είς
1370 2689 1611 2760 Χριστοῦ
1646 2687 1827 2758 ῦὸριν.

254 2780 398 2832 Ἀλλ’
429 2781 551 2834 οὐαί
589 2781 712 2851 μοιι
745 2780 858 2850 ἐμὰ
901 2780 1012 2852 γὰρ
1043 2782 1114 2836 τὰ
1165 2782 1377 2836 ἐκείνου
1413 2783 1828 2855 κωμῳδήματα.

240 2873 439 2943 ’Ὀμως
469 2874 555 2925 ὅτι
600 2871 679 2942 τῷ
729 2871 876 2925 κατὰ
931 2873 1112 2943 σάρκα
1162 2873 1398 2943 φύσαντι
1444 2875 1655 2945 ὅμοιος
1706 2874 1833 2928 ἐπεὶ

239 2969 499 3033 κάκεῖνος
529 2971 587 3024 ἐν
615 2972 728 3033 τοῖς
758 2968 928 3023 πάλαι
962 2972 1177 3040 καιροῖς
1212 2971 1522 3042 ἀκροθίνιον
1550 2971 1829 3038 ἀσεϐείας,

241 3061 439 3132 ῶσπερ
464 3063 560 3116 καὶ
587 3063 681 3116 τοῦ
729 3063 977 3135 Ἑρμίου.
1007 3067 1212 3136 Ἄμφω
1241 3066 1350 3138 γὰρ
1383 3067 1704 3138 δαιμονῶσι·
1736 3069 1834 3122 καὶ⁴

1849 1831 1898 1891 Β

1913 570 2020 626 Sed
2065 571 2176 626 hate
2218 573 2398 626 omnia
2427 569 2622 638 facient
2652 568 2796 622 vobis
2825 575 3036 634 propter
3061 581 3250 618 nomen
3281 580 3455 618 meum
3479 576 3500 616 :

1911 664 2039 733 quia
2059 663 2292 717 nesciunt
2311 678 2430 716 eum
2455 662 2546 732 qui
2563 661 2705 714 misit
2736 659 2898 713 me".
2919 657 3060 712 Vere
3077 658 3224 710 enim
3246 655 3504 725 ignorant

1913 755 2060 826 quod
2094 755 2237 808 Deus
2267 764 2320 809 et
2362 754 2524 809 Pater
2552 751 2697 806 misit
2738 747 2926 804 Filum
2971 764 3130 803 suum
3169 748 3504 817 unigenitum

1913 848 2119 918 factum
2160 863 2224 901 ea:
2257 845 2494 908 muliere,
2528 845 2730 914 factum
2769 840 2866 896 sub
2902 839 3032 910 lege,
3067 849 3126 893 ut
3163 855 3249 893 eos
3279 840 3371 908 qui
3405 837 3501 892 sub

1915 941 2028 1012 lege
2056 949 2211 996 erant
2242 938 2590 1000 redimeret‘,
2621 944 2677 990 et
2708 933 2856 990 Patri
2892 949 2992 988 suo
3017 932 3285 986 mundum
3319 929 3505 998 acqui-

1917 1043 2086 1090 reret.
2118 1031 2238 1088 Nisi
2264 1033 2410 1088 enim
2451 1031 2792 1100 ignorarent,
2825 1026 2980 1081 illum
3008 1025 3156 1096 pingi
3194 1038 3304 1078 non
3331 1036 3504 1091 nega-

1917 1137 2041 1183 rent
2070 1144 2084 1182 :
2119 1140 2282 1181 nemo
2307 1125 2512 1195 quippe
2540 1122 2635 1192 qui
2676 1137 2744 1177 ex
2777 1120 3006 1175 muliere
3047 1127 3210 1173 natus
3254 1117 3348 1183 sil,
3380 1115 3504 1171 talis

1917 1229 2005 1275 est
2058 1229 2120 1274 ut
2171 1217 2404 1289 exprimi
2466 1230 2577 1271 non
2636 1213 2812 1285 possit
2861 1231 2875 1267 :
2927 1211 3135 1282 alioqui
3191 1211 3504 1265 abortivum

1919 1310 2182 1381 quiddam
2211 1317 2378 1365 esset.
2413 1307 2507 1362 Sic
2535 1306 2742 1375 itaque,
2771 1304 2992 1370 fratres,
3020 1302 3375 1373 perficiamus
3404 1315 3507 1355 nos

1921 1407 2075 1475 ipsos
2105 1423 2120 1458 :
2155 1407 2236 1460 sic
2265 1401 2706 1458 consolationem
2735 1399 3004 1454 habemus
3033 1398 3089 1452 in
3112 1397 3300 1452 verbis
3325 1396 3510 1452 Salva-

1921 1499 2060 1554 toris
2095 1497 2270 1552 nostri
2317 1493 2448 1552 Jesu
2491 1493 2724 1556 Christi,
2759 1500 3143 1563 exspectantes
3185 1505 3510 1547 renumera-

1923 1589 2150 1644 tionem.
2189 1587 2297 1643 Sed
2345 1588 2520 1643 nostis
2554 1585 2736 1657 qualis
2768 1585 2841 1640 sit
2873 1584 3138 1640 Lemnius
3175 1601 3190 1638 :
3222 1585 3512 1639 eunucho-

1922 1698 2045 1736 rum
2072 1696 2269 1752 genus,
2303 1696 2414 1735 non
2446 1681 2624 1736 solum
2669 1679 2987 1751 inglorium,
3029 1687 3090 1733 ut
3123 1677 3345 1749 quidam
3377 1693 3510 1732 san-

1927 1785 2144 1830 ctorum
2171 1773 2330 1839 dixit,
2359 1773 2452 1828 sed
2490 1784 2546 1826 et
2573 1771 2855 1827 Christum
2889 1786 3127 1841 negans;
3170 1786 3350 1840 neque
3377 1770 3515 1824 adeo

1927 1867 2014 1921 his
2046 1865 2249 1920 finibus
2279 1878 2338 1918 se
2376 1863 2690 1927 continens,
2729 1876 2919 1916 verum
2955 1859 3152 1914 acerbe
3191 1869 3247 1914 et
3277 1857 3516 1912 crudeli-

1927 1968 2014 2014 ter
2041 1956 2242 2012 fratres
2269 1964 2491 2011 nostros
2515 1955 2866 2010 excrucians.
2895 1951 3000 2020 Qui
3032 1960 3159 2007 ante
3185 1951 3515 2020 discipulus,

1927 2064 2076 2105 nunc
2103 2055 2334 2119 negator
2362 2046 2655 2118 judaizans
2691 2065 2706 2100 :
2740 2045 2835 2115 qui
2867 2045 3011 2099 inter
3041 2045 3241 2099 fratres
3265 2042 3516 2098 eminen-

1926 2142 2117 2206 tiores,
2163 2155 2310 2194 nunc
2350 2149 2542 2193 contra
2581 2137 2777 2192 fratres
2818 2152 2985 2207 supra
3016 2135 3233 2206 judiees
3273 2149 3468 2191 omnes
3501 2152 3517 2189 :
3601 2158 3606 2165 -

1927 2235 2022 2305 qui
2053 2251 2159 2289 non
2187 2234 2510 2304 simpliciter
2540 2232 2833 2302 imaginem
2862 2231 3104 2295 dicebat.
3138 2229 3234 2286 sed
3266 2238 3516 2286 sanctam

1929 2329 2254 2398 imaginem,
2291 2329 2406 2383 sive
2434 2327 2664 2392 Christi,
2703 2326 2818 2380 sire
2847 2324 3095 2394 Deiparaa
3123 2331 3182 2378 et
3225 2322 3522 2393 cujuslibet

1929 2432 2282 2489 sanctorum;
2330 2436 2476 2475 nunc
2498 2435 2592 2475 eas
2620 2418 2881 2484 incendit,
2910 2425 2964 2472 et
2998 2417 3201 2484 abolet,
3232 2416 3521 2472 insanien-

1931 2517 2002 2573 tis
2056 2518 2232 2572 instar
2267 2514 2399 2570 fera:
2447 2514 2862 2584 blasphemans.
2896 2511 3051 2568 Unde
3098 2521 3152 2567 et
3201 2511 3519 2582 imperatori

1932 2610 2134 2666 charus
2187 2607 2364 2663 factus
2405 2617 2509 2672 est,
2547 2616 2601 2661 et
2647 2604 2998 2659 monasteriis
3043 2605 3252 2659 nostris
3288 2603 3519 2674 pOtitur,

1932 2712 1989 2760 et
2023 2701 2207 2757 omnia
2240 2700 2412 2756 miser
2442 2698 2576 2754 facit
2616 2698 2670 2752 in
2715 2698 3104 2752 contumeliam
3137 2695 3367 2750 Christi.
3413 2693 3523 2749 Setl

1933 2796 2041 2851 heu
2090 2795 2212 2850 me!
2271 2808 2393 2848 mea
2441 2792 2587 2847 enim
2641 2792 2757 2846 hmc
2799 2791 2919 2860 ejus
2965 2789 3228 2844 ludibria.
3266 2789 3521 2844 Attamen

1935 2889 2133 2946 similis
2169 2887 2245 2941 illi
2277 2895 2381 2951 est,
2409 2886 2500 2956 qui
2537 2884 2726 2954 genuit
2756 2883 3059 2939 secundum
3090 2897 3312 2938 carnem
3346 2899 3360 2936 :
3394 2897 3522 2935 nam

1935 2993 1990 3038 et
2035 2983 2126 3038 ille
2175 2981 2307 3037 olim
2356 2980 2617 3052 primitiae
2674 2977 2856 3032 fuerat
2890 2975 3214 3047 impietatis,
3268 2975 3412 3029 sicut
3470 2985 3525 3028 et

1935 3074 2172 3130 Hermia:
2197 3092 2212 3130 :
2245 3074 2412 3129 ambo
2439 3073 2584 3128 enim
2615 3071 2863 3126 furentes
2885 3079 3126 3142 aguntur
3151 3087 3166 3124 :
3198 3083 3302 3124 nec
3331 3069 3526 3124 miscet

241 3155 309 3206 οὐ
355 3154 504 3223 μίγει
541 3153 569 3206 ὁ
608 3153 740 3218 Θεὸς
773 3155 1021 3229 κορώνην
1062 3158 1156 3212 καὶ⁵
1196 3160 1549 3230 περιστεράν·
1581 3160 1717 3214 ἀλλὰ
1763 3161 1825 3215 τὰ

1938 3169 2084 3225 Deus
2134 3169 2408 3224 cornicem
2461 3166 2756 3233 columbae,
2813 3163 2910 3220 sed
2955 3163 3158 3219 similia
3218 3161 3522 3217 similibus.

239 3247 408 3316 ὅμοια
429 3249 542 3312 τοῖς
574 3249 803 3319 ὁμοίοις.
841 3251 1071 3304 Ἐκεῖνοι
1103 3252 1200 3322 μὲν
1223 3251 1418 3316 οὕτως.
1444 3253 1552 3307 Καὶ
1583 3252 1701 3324 δοίη
1734 3253 1830 3308 a6-

239 3341 360 3402 τοῖς
395 3338 600 3409 Κύριος
639 3342 937 3410 ἐπίγνωσιν
963 3343 1246 3415 ἀληθείας,
1278 3343 1694 3416 ἐζωγρημένοις
1725 3345 1831 3399 ὑπὸ

239 3432 340 3484 τοῦ
367 3431 614 3487 διαϐόλου
639 3437 718 3498 εἰς
736 3435 797 3488 τὸ
818 3434 1027 3489 ἐκείνου
1057 3436 1290 3508 θέλημα.
1325 3437 1501 3508 ’Υμᾶς
1522 3438 1577 3490 δὲ
1597 3437 1831 3508 Χριστὸς

242 3527 344 3579 σὺν
364 3520 446 3588 οἷς
475 3528 504 3588 ό
536 3528 850 3596 ἀποστάτης
872 3527 1116 3595 κολάζει,
1145 3530 1442 3600 στηρίξειε,
1467 3530 1827 3601 δυναμὼσειε,

241 3618 586 3690 κρατύνοιεν,
639 3621 963 3688 ὑπενεγκεῖν
1004 3621 1083 3675 ἔτι
1108 3661 1123 3685 ,
1167 3624 1503 3688 πεινῶντας,
1539 3623 1830 3693 διψῶντας,

238 3711 691 3781 γυμνητεύοντας
714 3752 730 3778 ,
766 3713 1231 3784 κολαφιζομένους
1255 3757 1270 3782 ,
1304 3716 1696 3781 ἀστατοῦντας,
1738 3734 1832 3770 κο-

241 3803 511 3869 πιῶντας,
533 3805 998 3876 λοιδορουμένους,
1027 3807 1395 3878 διωκομένους
1420 3851 1434 3874 ,
1475 3808 1833 3879 βλασφημοῦ-

243 3895 480 3965 μένους,
543 3896 623 3962 ὠς
670 3897 1151 3967 περικαθάρματα
1197 3899 1376 3966 ὄντας
1419 3901 1526 3955 τοῦ
1575 3902 1829 3970 κόσμου,

241 3987 492 4040 πάντων
533 3989 842 4058 περίψημα
862 4029 876 4053 ,
910 3989 1052 4042 κατά
1087 3991 1298 4044 Παῦλον
1327 3992 1418 4045 τὸν
1450 3993 1627 4064 μέγαν
1647 4033 1661 4057 ,
1715 3995 1833 4065 μεθ’

242 4076 312 4135 οῦ
347 4077 456 4135 εἷεν
490 4083 586 4136 καὶ
618 4085 651 4152 ἡ
703 4085 862 4156 μερὶς
896 4085 1074 4156 ὑμῶν.
1126 4084 1397 4154 ’Λδελφοὶ,
1459 4087 1831 4157 προσεύχεσθε

242 4174 382 4244 περὶ
409 4174 567 4245 ἡμῶν
593 4177 702 4229 τῶν
731 4177 1079 4248 ἁμαρτωλῶν
1096 4171 1116 4245 ,’
1142 4177 1230 4231 ⁶ίνα
1273 4177 1609 4248 σωζοίμεθα·
1651 4179 1834 4244 ἀξιού-

246 4283 407 4335 μενοι
434 4267 656 4322 πὰντων
682 4269 790 4322 τῶν
817 4269 1186 4340 ἐνισταμένων
1217 4268 1312 4322 τοῦ
1338 4271 1570 4341 ἐσχάτου
1600 4270 1831 4341 βαθμοῦ.

257 4358 596 4424 Ἀσπάζεται
631 4361 778 4431 ὑμᾶς
810 4364 838 4415 ὁ
876 4362 974 4415 σὺν
1003 4363 1128 4432 ἐμοὶ
1154 4363 1386 4430 ἀδελφὸς
1423 4363 1716 4428 Νικόλαος.
1776 4365 1838 4420 Ἠ

243 4447 426 4518 χάρις
452 4449 559 4504 τοῦ
586 4452 733 4506 Θεοῦ
751 4455 902 4522 μετὰ
922 4453 1168 4507 πάντων
1194 4454 1383 4524 ὑμῶν.
1421 4453 1629 4524 Ἀμήν.

1889 3333 1896 3338 α
1938 3263 2084 3331 Ergo
2114 3261 2193 3316 illi
2223 3259 2290 3315 ad
2327 3261 2475 3315 hunc
2516 3259 2764 3314 modum.
2789 3257 2888 3312 Det
2917 3257 3024 3311 illis
3055 3253 3320 3310 Dominus
3353 3267 3526 3323 agno-

1939 3370 2094 3410 scere
2139 3353 2452 3420 veritatem,
2509 3366 2650 3422 quos
2696 3359 2886 3422 captos
2936 3349 3188 3405 diabolus
3234 3354 3384 3402 tenet
3429 3361 3528 3416 pro

1939 3461 2038 3502 sua
2087 3444 2387 3498 voluntate.
2447 3440 2560 3498 Vos
2601 3456 2733 3496 vero
2776 3439 3034 3496 Christus
3077 3454 3202 3493 cum
3253 3439 3343 3505 iis,
3384 3449 3527 3507 quos

1936 3547 2104 3594 vexat
2149 3547 2422 3608 apostata,
2469 3535 2784 3602 confirmet,
2831 3536 3089 3604 viresque
3118 3547 3183 3588 ac
3225 3532 3400 3586 robur
3428 3531 3528 3586 tri-

1939 3631 2092 3697 buat,
2139 3642 2201 3686 ut
2245 3632 2520 3686 sustinere
2560 3629 2742 3683 adhuc
2791 3625 3036 3698 possitis,
3091 3623 3421 3688 esurientes,
3452 3621 3529 3678 si-

1938 3725 2160 3788 tientes,
2191 3723 2346 3786 nudi,
2377 3721 2626 3790 colaphis
2657 3719 2808 3780 caesi.
2840 3717 3152 3778 instabiles,
3186 3714 3524 3776 laborantes,

1940 3817 2230 3871 maledicta
2297 3823 2353 3870 et
2398 3813 2838 3884 persecutionem
2913 3810 3218 3881 patientes,
3266 3807 3524 3876 blasphe-

1942 3909 2095 3973 mati,
2149 3917 2401 3978 tanquam
2432 3917 2780 3977 purgamenta
2829 3904 2986 3972 hujus
3033 3902 3240 3963 mundi,
3293 3900 3530 3953 omnium

1940 4001 2321 4071 peripsema',
2379 4009 2440 4054 ut
2502 3999 2706 4054 Paulus
2775 4012 3007 4066 magnus
3049 4015 3062 4050 :
3097 4007 3336 4065 quocum
3401 4005 3528 4059 pars

1943 4103 2124 4148 vestra
2157 4093 2249 4148 sit.
2279 4092 2523 4154 Fratres,
2556 4100 2711 4145 orate
2736 4104 2835 4160 pro
2872 4087 3031 4142 nobis
3055 4078 3440 4156 peccatoribus
3470 4092 3532 4136 ut

1944 4185 2242 4250 salvemur,
2277 4183 2427 4254 digni
2475 4182 2644 4237 habiti
2681 4180 2927 4236 omnium
2957 4179 3051 4250 qui
3081 4177 3407 4232 restiterunt
3441 4175 3532 4229 in-

1943 4279 2074 4332 fimo
2114 4278 2309 4348 gradu.
2343 4276 2558 4331 Salutat
2587 4289 2688 4330 vos
2728 4273 2822 4343 qui
2855 4286 3067 4328 mecum
3111 4279 3200 4326 est
3234 4268 3406 4324 frater
3429 4268 3530 4324 Ni-

1943 4372 2157 4427 colaus.
2214 4367 2407 4425 Gratia
2441 4369 2537 4424 Dei
2567 4383 2689 4423 cum
2715 4366 2958 4423 omnibus
2981 4364 3149 4420 vobis.
3185 4364 3354 4418 Amen
3375 4362 3420 4417 ³.

245 4585 461 4642 ΛΗ¹.-
477 4589 794 4663 Θεόδωρος
823 4592 956 4657 ταῖς
1010 4593 1324 4660 πανταχοῦ
1366 4592 1825 4663 διεσπαρμέναις

1943 4594 2234 4652 XXXVIII.
2265 4594 2670 4650 —Tlteodorus
2720 4594 2912 4663 ubique
2966 4591 3222 4662 dispersis
3270 4588 3526 4660 fraterni-

727 4660 1164 4732 ἀδελφότπσιν.
1204 4663 1380 4736 [τια’.]

2618 4663 2838 4718 tatibus.

958 4778 1288 4830 Catecbetica.
1312 4779 1353 4829 E
1377 4793 1578 4829 carcere
1601 4794 1718 4830 suos
1743 4780 2046 4830 adhortatur.
2074 4777 2278 4840 (Baron.
2303 4789 2381 4825 an.
2406 4775 2516 4835 819,
2542 4789 2592 4824 ιι.
2622 4775 2724 4837 18.)

319 4877 556 4946 Χαίρετε
579 4919 594 4942 ,
632 4879 956 4950 ὲπιπόθητοί
1007 4899 1109 4952 μου
1154 4883 1377 4951 ἀδελφοὶ
1413 4885 1506 4936 καὶ
1547 4884 1830 4954 Πατέρες,

235 4975 332 5025 ὅτι
384 4973 558 5041 χαρᾶς
604 4972 922 5039 εὐαγγέλια.
970 4975 1140 5028 Πάλιν
1172 4975 1488 5046 ἠξιώθημεν
1530 4978 1580 5030 oi
1623 4977 1832 5041 ἀνάξιοι

239 5062 586 5131 ὁμολογῆσαι
627 5064 726 5134 τὴν
767 5065 940 5134 καλὴν
968 5067 1284 5136 ὁμολογίαψ
1320 5069 1481 5122 πάλιν
1525 5068 1833 5139 ᾐκίσθημεν

245 5156 394 5224 ὑπὲρ
424 5155 516 5208 τοῦ
561 5156 824 5225 ὀνόματος
860 5159 955 5212 τοῦ
997 5161 1201 5231 Κυρίου
1231 5162 1552 5232 ἀμφότεροι.
1578 5162 1689 5214 Καὶ
1724 5162 1832 5233 γάρ

241 5248 346 5301 καὶ
373 5249 400 5300 6
424 5248 649 5317 ἁδελφὸς
667 5251 938 5314 Νικόλαος
953 5253 1215 5322 ὲνήθλησε
1237 5253 1504 5308 κάλλιστα
1524 5255 1617 5307 καὶ
1649 5254 1834 5307 πιστόο

239 5359 412 5395 στατα.
449 5342 684 5413 Εἶδομεν
732 5345 797 5398 ἐτι
834 5345 1053 5417 σαρκῶν
1084 5347 1244 5416 ἡμῶν
1279 5348 1584 5419 κενούμενα
1612 5347 1689 5420 [1⁵.
1715 5348 1834 5418 χεό-

248 5431 419 5505 μενα]
450 5435 544 5486 ἐπὶ
573 5435 676 5504 γῆς
709 5435 918 5506 αἵματα
949 5438 1002 5489 οἱ
1037 5438 1304 5490 ταπεινοί·
1342 5439 1687 5508 ἐθεασάμεθα
1716 5437 1832 5508 μώ-

241 5525 467 5591 λωπας,
501 5526 728 5597 ίχῶρας,
761 5528 829 5581 τὰ
858 5528 1068 5586 τούτοις
1103 5529 1396 5584 ἀκόλουθα.
1430 5530 1506 5582 Ού
1535 5529 1708 5584 ταῦτα
1737 5546 1838 5599 χα-

215 5617 391 5686 ηρᾶς;
421 5615 484 5668 οὐ
508 5614 682 5668 ταῦτα
710 5616 1088 5686 ἀγαλλιάσεως
1109 5618 1349 5691 ψυχικῆς
1373 5636 1388 5686 ;
1427 5619 1587 5674 Ἀλλὰ
1608 5620 1691 5683 τίς
1719 5621 1833 5690 είμι

321 5793 370 5826 ⁹⁹
392 5792 554 5850 Joan.
588 5811 681 5863 xv,
713 5792 806 5859 20,
838 5793 929 5850 9.1.
1013 5795 1230 5854 'Galat.
1264 5813 1337 5864 ιν,
1367 5795 1420 5850 4.

2014 4880 2301 4942 Gaudete.
2343 4879 2564 4934 Fratres
2621 4878 2730 4933 mei
2778 4893 2844 4934 ac
2889 4878 3080 4935 Patres
3135 4879 3526 4946 desiderandi,

1941 4976 2207 5045 quoniam
2254 4972 2439 5042 gaudii
2469 4971 2672 5026 adsunt
2705 4972 2922 5026 nuntia.
2959 4972 3115 5042 Digni
3162 4989 3387 5028 rursum
3431 4973 3531 5028 ha-

1943 5067 2043 5121 biti
2094 5065 2326 5130 fuimus,
2376 5063 2607 5132 indigni,
2651 5064 2744 5134 qui
2787 5064 3078 5133 pulchram
3121 5065 3530 5120 confessionem

1941 5161 2352 5213 confiteremur.
2399 5158 2638 5214 Rursum
2679 5159 2854 5229 plagis
2894 5159 3071 5215 allecti
3112 5161 3276 5214 ambo
3323 5158 3531 5213 fuimus

1943 5267 2044 5322 pro
2088 5252 2308 5307 nomine
2354 5251 2594 5308 Domini.
2657 5255 2874 5309 Etenim
2936 5265 2989 5310 et
3039 5254 3207 5309 frater
3271 5253 3530 5306 Nicolaus

1945 5343 2317 5411 pulcherrime
2359 5354 2413 5398 et
2440 5343 2758 5402 fidelissime
2787 5345 3112 5401 decertavit.
3145 5345 3392 5400 Vidimus
3428 5344 3531 5398 hu-

1943 5437 2100 5492 miles
2143 5453 2210 5492 cx
2237 5439 2500 5494 carnibus
2530 5440 2738 5495 nostris
2769 5440 3026 5496 fluentem
3059 5442 3115 5494 in
3159 5450 3360 5494 terram
3397 5453 3530 5493 san-

1947 5527 2170 5597 guinem
2203 5546 2216 5582 :
2250 5530 2644 5600 conspeximus
2675 5530 2904 5596 vibices,
2933 5530 3166 5594 saniem,
3208 5537 3264 5584 et
3287 5543 3409 5597 quae
3439 5527 3528 5581 his

1942 5619 2226 5690 adjuncta.
2280 5619 2481 5680 Annon
2538 5623 2656 5681 haec
2711 5625 2894 5696 gaudii
2946 5623 3114 5680 sunt?
3174 5636 3359 5678 nonne
3411 5621 3530 5676 haec

1505 5798 1561 5854 Ἰ
1597 5796 1722 5852 Cor.
1755 5813 1829 5865 tv,
1862 5800 1949 5855 15.
1987 5799 2006 5830 ³
2032 5799 2141 5856 Tit.
2174 5818 2258 5870 ut,
2296 5802 2381 5857 I5.
