4054 6364
601 382 730 450 1:231

1747 379 1808 437 S.
1846 369 2241 434 TIIEODORI
2281 366 2628 428 STUDITA'}

3714 356 3847 424 1232

595 499 982 558 exsultationis
1027 499 1365 571 Spiritualis?
1388 498 1496 554 Sed
1529 497 1656 568 quis
1678 510 1780 566 ego
1801 508 1920 549 sum
1954 489 2163 550 infelix,

2284 483 2380 554 ἐγὼ
2399 486 2429 538 6
2449 483 2642 548 τάλας,
2677 483 2776 536 σὺν
2807 480 2941 552 ὑμῖν
2962 479 3079 542 τοῖς
3107 477 3282 544 ἀξίοις
3313 475 3555 548 Χριστοῦ
3584 476 3848 550 ὁμολογη-

597 592 693 663 qui
725 593 1007 648 vobiscum
1034 591 1215 662 dignis
1239 589 1444 645 Christi
1475 585 1888 644 confessoribus
1913 581 2172 636 adnume-

597 699 708 748 rer,
733 685 977 744 omnium
1009 684 1293 738 hominum
1319 679 1741 736 inutilissimus?
1761 678 1938 733 Causa
1963 683 2170 739 autem,

599 778 764 846 cujus
816 777 989 848 gratia
1034 776 1150 831 hac
1177 774 1547 846 contigerunt,
1597 771 1833 842 pristina
1879 768 1982 823 fuit
2011 765 2171 822 Cate-

597 870 778 925 chesis
807 888 820 924 :
847 883 970 939 qua
1006 882 1130 922 cum
1173 866 1228 920 in
1280 881 1480 921 manus
1515 864 1760 920 venisset
1803 860 2170 936 imperatoris,

597 961 666 1014 ad
698 961 1015 1031 magistrum
1055 959 1293 1012 militum
1325 972 1446 1011 eam
1479 956 1649 1020 misit,
1688 955 1944 1010 comitem
1975 955 2175 1010 cohor-

599 1051 670 1106 tis
723 1051 794 1105 ad
837 1065 936 1105 nos
974 1049 1164 1103 venire
1206 1047 1431 1118 jubens.
1478 1044 1584 1112 Qui
1636 1061 1765 1100 cum
1816 1044 2050 1100 ducibus
2109 1059 2175 1099 ac

600 1142 866 1197 militibus
894 1142 1216 1210 intempesta
1257 1148 1418 1194 nocte
1449 1137 1762 1203 adveniens,
1787 1147 1840 1193 et
1867 1138 2173 1194 domuncu-

599 1235 709 1289 lam
746 1235 800 1288 in
825 1247 931 1301 qua
956 1247 1179 1288 eramus
1209 1240 1432 1302 repente
1467 1230 1726 1286 obsidens
1754 1246 1879 1285 cum
1911 1231 2172 1297 clamore,

600 1327 765 1381 veluti
801 1324 975 1380 feram
1016 1334 1251 1380 nactus:
1287 1323 1563 1394 objectum
1600 1333 1816 1393 septum
1857 1339 1953 1395 per
1997 1323 2174 1380 fosso-

598 1432 690 1472 res
717 1417 1002 1472 celerrime
1041 1415 1303 1486 perfregit
1335 1434 1350 1470 :
1379 1415 1580 1471 deinde
1615 1415 1863 1485 protulit,
1903 1415 2171 1481 excussit,

599 1508 841 1564 ostendit
889 1507 1254 1564 Catechesim.
1308 1506 1557 1561 Confessi
1626 1521 1819 1562 sumus
1878 1521 1982 1563 nos
2052 1521 2172 1562 eam

602 1601 818 1666 fecisse,
863 1599 1005 1656 sicut
1053 1600 1194 1654 Deus
1244 1597 1437 1654 voluit.
1486 1598 1551 1652 Et
1595 1597 1686 1652 ille
1735 1597 1956 1668 quidem
2005 1613 2175 1652 unum

601 1694 708 1749 hoc
733 1693 969 1763 petebat,
1013 1701 1072 1746 ut
1101 1691 1166 1746 ad
1196 1690 1546 1760 imperatoris
1575 1689 1912 1745 voluntatem
1946 1689 2176 1745 descen-

600 1786 878 1840 tleremus.
921 1783 1326 1853 Respondimus
1371 1782 1519 1853 quod
1560 1783 1764 1838 veritas
1811 1781 2169 1852 postulabat:

600 1878 792 1933 Absit!
822 1876 989 1934 Deum
1025 1887 1277 1932 nostrum
1322 1891 1430 1930 non
1476 1875 1800 1944 rejicimus;
1833 1886 1886 1931 et
1909 1875 2015 1930 alia
2051 1891 2174 1944 qua

603 1977 1032 2024 consentaneum
1065 1974 1185 2022 erat
1217 1965 1572 2048 respondere.
1603 1964 1742 2020 Tum
1779 1965 1982 2020 acriter
2013 1966 2084 2020 ab
2105 1981 2174 2021 eo

603 2060 880 2118 verberati
908 2075 1120 2116 sumus.
1149 2057 1218 2116 Et
1252 2057 1420 2113 frater
1443 2059 1664 2128 quidem
1693 2059 1828 2114 nihil
1860 2059 2174 2128 huiusmodi

605 2163 729 2224 post
767 2153 999 2222 primam
1019 2150 1564 2221 comprehensionem
1599 2159 1654 2205 et
1684 2149 2092 2220 inscriptionem
2120 2151 2175 2204 in

603 2243 867 2299 arumnis
901 2257 1100 2312 passus
1139 2250 1240 2296 est.
1272 2241 1390 2310 Ego
1413 2256 1542 2295 vero
1576 2240 1800 2295 humilis
1828 2250 1883 2295 et
1926 2241 2177 2296 inﬁrmus
2265 2285 2268 2288 .

603 2333 852 2390 febribus
876 2331 1160 2388 immensis
1184 2343 1470 2399 correptus
1508 2341 1562 2385 et
1593 2328 1950 2384 intolerandis
1973 2328 2179 2384 dolori-

603 2425 730 2489 bus,
783 2439 977 2494 parum
1035 2422 1210 2477 abfuit
1252 2422 1384 2492 quin
1433 2421 1546 2475 vita
1603 2419 1872 2490 privarer.
1921 2419 2179 2474 Attamen

605 2515 787 2572 bonus
831 2511 976 2569 Deus
1023 2514 1228 2568 sensim
1286 2511 1548 2567 misertus
1596 2520 1681 2564 est
1723 2510 1850 2576 mei,
1891 2509 2182 2578 adjuvante

606 2608 777 2662 fratre
811 2609 866 2661 in
900 2606 1103 2677 quibus
1123 2603 1308 2660 decuit
1342 2603 1484 2657 :etsi
1511 2602 1692 2657 adhuc
1727 2610 1985 2656 maneant
2009 2601 2182 2672 plaga

605 2698 673 2753 ad
709 2698 973 2765 integram
1000 2695 1290 2751 sanitatem
1325 2693 1567 2748 nondum
1598 2692 1888 2762 perducta.
1919 2692 2045 2749 llac
2076 2694 2181 2766 igi-

607 2801 698 2846 tur
745 2791 827 2846 sic
864 2804 924 2845 se
968 2787 1192 2853 habent,
1237 2795 1291 2842 et
1319 2786 1428 2841 vim
1474 2785 1602 2840 mali
1635 2785 1788 2842 vobis
1833 2787 2084 2858 esposui,
2128 2788 2181 2843 id

607 2897 810 2953 cupere
854 2895 952 2935 vos
996 2879 1178 2936 sciens
1231 2879 1299 2932 ad
1343 2877 1768 2933 condolendum.
1812 2877 1953 2945 Quid
1999 2887 2182 2934 autem

608 2983 733 3045 post
759 2971 912 3027 hac?
943 2979 1000 3027 et
1041 2971 1206 3026 mina
1246 2969 1548 3042 graviores,
1588 2981 1643 3025 et
1675 2969 1925 3026 custodia
1956 2971 2180 3026 arctior.

606 3068 744 3124 Nam
780 3068 1004 3124 verbera
1050 3077 1103 3123 et
1145 3066 1489 3133 custodibus,
1537 3077 1592 3122 et
1621 3069 1887 3124 custodiae
1925 3067 2186 3140 praefecto

2269 577 2390 640 ταῖς
2422 575 2742 644 ἐνταγῆναι,
2777 567 3436 641 πάντωνάνθράητωφῶν
3468 569 3848 640 ἀχρειότερος;

2271 668 2348 721 Τὸ
2371 667 2430 720 δέ
2455 666 2628 720 αἴτιον
2653 655 2717 718 οὗ
2738 663 2905 735 χάριν
2921 661 2984 716 τὸ
3008 661 3242 732 συμϐὰν,
3267 662 3302 730 ὴ
3325 659 3500 714 πάλαι
3525 660 3833 730 κατήχησις

2271 761 2340 832 ἢν
2384 759 2487 826 ἐπὶ,
2517 761 2708 828 χεῖρας
2735 755 3034 828 δεξάμενος
3077 755 3110 807 ό
3139 751 3384 824 κρατῶν,
3423 752 3688 823 πέπομφε
3718 754 3850 824 πρὸς

2272 853 2365 906 τὸν
2416 850 2865 922 στρατηγοῦντα,
2923 843 3332 918 παραγενέσθαι
3384 841 3852 912 ἐγκελευσάμενος

2273 945 2366 999 τὸν
2407 945 2508 1015 τῆς
2571 943 2776 1014 κόρτης
2831 939 3048 1009 κόμητα
3089 937 3227 1007 πρὸς
3270 938 3445 1008 ἡμᾶς’
3493 936 3554 1000 ὃς
3585 935 3856 1005 ἐληλυθὼς

2273 1038 2372 1091 σὺν
2409 1034 2641 1107 ἄρχουσι
2671 1033 2768 1085 καὶ
2807 1027 3174 1102 στρατιώταις
3217 1027 3276 1080 ἐν
3309 1027 3522 1099 ἁωρίᾳ.
3571 1030 3668 1080 καὶ
3703 1043 3853 1096 περι-

2275 1125 2556 1196 στοιχίσας
2585 1124 2646 1176 τὸ
2677 1121 2902 1176 οἰκίδιον
2931 1121 2991 1174 ἐν
3017 1112 3063 1188 ᾧ
3089 1115 3236 1190 ἦμεν
3268 1116 3480 1188 ἁθρόως
3511 1118 3656 1188 μετὰ
3689 1133 3857 1188 κραυ-

2273 1220 2400 1290 γῆς,
2436 1218 2512 1281 ὡς
2554 1217 2648 1270 ἐπί
2679 1233 2734 1269 τι
2771 1212 3080 1285 θηρὰσιμον
3113 1209 3351 1284 εὕρεμαο
3393 1210 3701 1281 ὀρυκτῆρσι
3733 1226 3856 1262 κατ·

2274 1309 2442 1374 έαξαν
2489 1307 2551 1380 [ί.
2580 1303 2886 1376 κατέαξεν]
2937 1303 3002 1358 τὸ
3045 1302 3390 1372 ἀνὰφραγμα
3435 1302 3710 1372 τάχιστα·
3737 1297 3856 1354 εἶτα

2275 1401 2610 1472 ἐξήνεγκεν,
2670 1397 2991 1469 ἀνέκρινεν,
3051 1393 3300 1458 ὑπέδειξε
3359 1393 3462 1465 τὴν
3527 1394 3854 1463 κατήχησιν.

2290 1492 2738 1563 Ὠμολογήσαμεν
2761 1490 2923 1560 ἡμεῖς
2943 1487 3113 1559 αὐτὴν
3129 1487 3502 1558 ,πεποιηκέναι
3526 1526 3544 1550 ,
3575 1485 3655 1550 ὡς
3681 1488 3710 1539 ὁ
3729 1485 3858 1548 Θεὸς

2274 1583 2563 1654 ἠθέλησεν.
2605 1582 2666 1636 Ὀ
2709 1581 2808 1652 μὲν
2847 1580 2906 1634 ἐν
2943 1580 3127 1650 ἐζήτει
3165 1578 3348 1649 μόνον,
3383 1576 3561 1630 ἐλθεῖν
3588 1578 3743 1647 ἡμᾶς
3781 1577 3860 1640 είς

2273 1675 2336 1728 τὸ
2369 1673 2466 1727 τοῦ
2517 1673 2781 1744 βασιλέως
2833 1671 3069 1741 θέλημα.
3118 1669 3364 1740 Εἴπομεν
3395 1669 3535 1739 ὅπερ
3581 1667 3786 1738 ἀπῄτει
3824 1669 3858 1737 ἠ

2277 1765 2528 1837 ἀλήθεια.
2550 1767 2642 1838 Μὴ
2669 1765 2880 1834 γένοιτο
2901 1763 2914 1817 ι
2945 1763 3047 1817 οὐκ
3073 1760 3375 1832 ἀθετοῦμεν
3405 1760 3497 1814 τὸν
3517 1759 3654 1813 θεὸν
3678 1758 3858 1830 ἡμῶν·

2273 1859 2375 1912 ὅσα
2395 1874 2454 1910 τε
2477 1856 2612 1912 ἄλλα
2629 1851 2700 1928 ἦν
2727 1854 3026 1918 ἀκούοντας
3053 1849 3586 1922 ἁνταποκρίνασθαι.
3623 1849 3717 1902 Ἐν
3741 1847 3863 1902 τού-

2275 1968 2388 2014 τοις
2417 1950 2591 2018 ἐδειρε
2625 1948 2864 2020 βαρέωςο
2901 1947 2996 2001 καὶ
3027 1947 3056 2000 6
3097 1944 3198 2016 μὲν
3231 1943 3461 2012 ἀδελφὸς
3492 1941 3648 1996 οὐδὲν
3679 1941 3860 1994 τοιού-

2273 2060 2367 2097 τον
2394 2041 2534 2113 μετὰ
2563 2040 2663 2112 τὴν
2695 2037 2861 2103 εὐθὺς
2889 2035 3173 2106 κάθειρξιν
3204 2035 3299 2089 καὶ
3325 2033 3653 2105 ἀναγραφὴν
3689 2031 3859 2086 δεινὸν

2275 2135 2336 2188 ἐν
2369 2136 2558 2196 πόνοις
2584 2129 2820 2200 ὑπέστη.
2863 2125 3008 2197 Ἐγὼ
3035 2126 3096 2180 δέ
3131 2127 3160 2180 6
3202 2122 3459 2186 ταπεινὸς
3500 2123 3598 2176 καὶ
3634 2119 3856 2191 σαθρὸς,

2277 2229 2536 2300 πυρετοῖς
2557 2203 2785 2296 λαύροις
2807 2221 3114 2294 συσχεθεὶς,
3136 2218 3234 2272 καλ⁸
3255 2219 3442 2280 πόνοις
3461 2213 3859 2277 δυωποίστοις,

2282 2319 2484 2393 μικροῦ
2513 2319 2624 2372 δεῖν
2651 2314 3004 2387 ἐξηπορήθην
3032 2311 3246 2367 καὶτοῦ
3272 2309 3394 2382 ζῇν·
3425 2309 3578 2378 ὅμως
3601 2309 3631 2360 6
3657 2305 3859 2374 ἀγαθὸς

2278 2413 2414 2478 Θεὸς
2441 2413 2586 2466 κατὰ
2609 2407 2803 2480 μικρὸν
2826 2407 2996 2462 ἐλεῶν
3015 2403 3216 2478 ὴλέησέ
3241 2417 3333 2473 με’
3361 2396 3861 2470 συνυπουρτοῦντος

2280 2507 2378 2563 καὶ⁵
2399 2505 2495 2560 τοῦ
2519 2502 2752 2572 ἀδελφοῦ
2783 2505 2841 2557 ἐν
2867 2503 2980 2564 τοῖς
3005 2498 3308 2567 καθήκουσι
3332 2512 3346 2526 ·
3379 2495 3485 2549 κᾶν
3517 2492 3600 2548 ἔτι
3633 2493 3694 2546 αἱ
3721 2491 3858 2560 πλη-

2280 2599 2379 2668 γαὶ
2429 2597 2737 2669 ἐπιμένωσι
2793 2593 2868 2664 μὴ
2911 2590 3177 2644 λαϐοῦσαι
3217 2587 3430 2641 τελείαν
3477 2585 3643 2638 ῖασιν.
3675 2580 3857 2636 Ταῦτα

2285 2692 2386 2763 μὲν
2410 2691 2472 2743 ἐν
2501 2688 2734 2751 τούτοις·
2768 2685 2864 2740 καὶ
2888 2682 3200 2754 ἐξηγόρησα
3229 2681 3360 2751 ύμῖν
3386 2679 3449 2732 τδ
3480 2676 3677 2740 πάθος·
3708 2672 3858 2736 εἰδὼς

2282 2782 2605 2853 ἐφιεμένους
2641 2777 2834 2851 μαθεῖν
2863 2778 2944 2839 είς
2981 2773 3330 2842 συνάλγησιν.
3356 2769 3423 2823 Τί
3454 2765 3551 2824 οὖν
3579 2767 3771 2837 ἐπειδὴ
3793 2766 3859 2818 τὰ

2283 2875 2540 2940 τοιαῦτα;
2575 2872 2688 2927 Καὶ
2723 2871 2758 2941 ή
2793 2866 2995 2938 ἀπειλὴ
3041 2865 3351 2934 δεινοτέρα·
3388 2860 3488 2916 καὶ
3525 2862 3560 2932 ἡ
3594 2860 3858 2930 ἀσφάλεια

2285 2965 2674 3040 κραταιοτέρα.
2705 2963 2918 3033 Δαρμοὶ
2939 2959 3048 3029 γὰρ
3077 2957 3172 3012 καὶ
3192 2957 3285 3010 ἐπὶ
3309 2954 3438 3018 τοὺς
3461 2953 3740 3022 φύλακας,
3766 2952 3856 3006 καὶ

2285 3061 2379 3114 ἐπὶ
2405 3059 2496 3114 τὸν
2529 3053 2924 3126 παραφύλακα.
2964 3048 3074 3104 Τοῦ
3107 3049 3184 3120 μὴ
3226 3047 3426 3117 γρύξαι
3455 3047 3608 3118 ἡμᾶς
3627 3083 3643 3109 ,
3673 3045 3754 3116 μὴ
3781 3046 3859 3098 ὃτι

607 3159 913 3232 proposita,
947 3167 1132 3215 utnec
1167 3158 1366 3213 mutire
1401 3159 1582 3226 nobis,
1613 3160 1812 3214 nedum
1838 3135 2001 3216 alicui
2034 3162 2185 3216 scri-

2288 3171 2353 3225 γε
2378 3151 2474 3206 καὶ
2493 3149 2728 3221 γράφειν
2754 3145 2884 3200 τινί.
2922 3141 3341 3211 Ὑποπτήξομεν
3364 3135 3477 3210 ἆρα
3502 3137 3600 3192 καὶ
3627 3138 3863 3190 ἀποσιω-

611 3254 740 3308 bere
765 3252 945 3306 liceat.
979 3249 1389 3304 Deterrebimur
1418 3264 1572 3320 ergo,
1621 3259 1676 3304 et
1706 3251 2014 3316 silebimus,
2055 3255 2186 3306 obe-

2287 3249 2568 3317 πήσομεν,
2620 3237 3050 3311 πειθαρχοῦντες
3096 3233 3176 3306 τῷ
3226 3232 3400 3312 φόσῳι
3424 3229 3742 3301 ἀνθρώποις
3778 3229 3864 3280 καὶ

611 3345 824 3400 dientes
864 3357 975 3413 pra
1021 3341 1219 3396 timore
1265 3318 1581 3396 hominibus
1630 3349 1685 3397 et
1735 3357 1845 3396 non
1892 3343 2036 3398 Deo?
2077 3341 2186 3398 Ne-

2285 3339 2409 3408 οὺχὶ
2437 3335 2594 3405 Θεῷ;
2626 3329 2928 3402 Οὺμενοῦν.
2971 3326 3112 3394 TAUC
3149 3325 3254 3387 ἓως
3289 3323 3356 3378 ἂν
3383 3323 3580 3392 ἀνοίγῃ
3611 3321 3752 3392 ἡμῖν
3779 3318 3866 3371 θύ-

611 3409 889 3513 quaquam
937 3454 1088 3494 sane.
1144 3436 1252 3493 Sed
1297 3437 1475 3494 donec
1501 3439 1730 3507 januam
1775 3440 1933 3494 nobis
1979 3441 2186 3511 aperiat

2291 3447 2392 3503 ραν
2432 3431 2462 3483 ὁ
2501 3425 2730 3497 Κύριος.
2759 3423 2818 3476 ού
2869 3415 3196 3490 παυσόμεθα
3239 3415 3300 3469 τὸ
3344 3414 3463 3467 δέον
3511 3409 3863 3481 ἀποπληροῦν

615 3533 902 3593 Dominus,
937 3546 1046 3584 non
1083 3530 1435 3595 desisteinns,
1464 3529 1610 3600 quod
1651 3531 1706 3584 in
1740 3531 1902 3587 nobis
1936 3542 2041 3597 est,
2069 3533 2188 3588 otii-

615 3626 762 3682 cium
804 3632 1089 3694 prastare,
1121 3622 1546 3678 reformidantes
1585 3639 1650 3680 ac
1684 3624 1937 3680 timentes
1973 3625 2189 3698 impen-

614 3719 752 3774 dens
785 3715 986 3772 silentii
1014 3715 1282 3786 judicium
1319 3734 1333 3770 :
1369 3715 1592 3782 Quodsi
1627 3715 1952 3771 subtraxerit
1993 3734 2068 3785 se,
2103 3718 2190 3773 in-

615 3807 758 3877 quit,
791 3823 894 3861 non
919 3805 1144 3876 placebit
1171 3806 1366 3859 animo:
1395 3821 1522 3860 mea:
1541 3805 1582 3858 ⁸.
1615 3805 1678 3859 Et
1704 3821 1926 3861 rursum
1950 3808 2189 3878 Aposto-

616 3901 701 3954 lus
733 3917 745 3953 :
783 3897 896 3953 Nos
938 3908 1116 3954 autem
1176 3913 1278 3950 non
1338 3913 1522 3952 sumus
1569 3897 1944 3954 subtractionis
1987 3899 2090 3969 ﬁlii
2135 3901 2190 3954 in

2291 3500 2435 3579 κατὰ
2470 3520 2531 3574 τὸ
2559 3516 2780 3586 ἐφικτὸν
2809 3515 2962 3586 ἡμῖν,
2991 3509 3316 3581 φοϐούμενοι
3345 3505 3444 3560 καὶ
3474 3503 3776 3577 τρέμοντες
3808 3500 3863 3553 τὸ

2289 3611 2672 3684 ἐπηρτημένον
2701 3607 2802 3677 τῆς
2831 3603 3044 3674 σιωπῆς
3078 3603 3273 3673 κρῖμα.
3322 3597 3460 3652 Ἐὰν
3484 3593 3863 3684 examen?-

2288 3681 2420 3772 ται,
2463 3681 2648 3776 φησὶν,
2705 3702 2817 3756 οὐκ
2847 3694 3086 3752 εὐδοκεῖ
3121 3695 3160 3762 ἡ
3197 3688 3369 3761 ψυχή
3402 3705 3524 3759 μου
3574 3686 3650 3740 ἐν
3686 3681 3858 3747 αὐτῷ.

2290 3803 2403 3857 Καὶ
2441 3799 2606 3854 πάλιν
2663 3795 2692 3848 ὁ
2754 3789 3110 3851 ’Δπόστολοςο
3168 3785 3360 3854 Ἡμεῖς
3414 3780 3485 3834 δὲ
3523 3782 3637 3834 οὐκ
3682 3777 3862 3846 ἐσμὲν

2289 3888 2645 3958 ὑποστολῆς
2672 3888 2762 3952 εἰς
2803 3881 3137 3960 dada/tatur,
3167 3876 3332 3932 ἀλλὰ
3358 3873 3624 3938 πίστεως
3648 3872 3737 3936 εις
3767 3883 3863 3922 πε-

614 3992 1003 4062 perditionem,
1060 3989 1152 4044 sed
1190 3988 1316 4058 ﬁdei
1372 3990 1426 4043 in
1477 3989 1874 4056 acquisitionem
1931 3992 2125 4047 animae
2143 3994 2186 4048 ⁸.

2284 3982 2602 4057 ριποιησιν
2627 3975 2857 4048 ⁴ψυχῆς.

687 4083 840 4139 Hanc
884 4082 954 4138 ob
1009 4096 1234 4138 causam
1280 4083 1395 4137 hac
1441 4082 1674 4152 epistola
1727 4098 1848 4138 mea
1891 4083 1960 4138 ad
1999 4099 2191 4142 omnes

2361 4077 2462 4130 Διὰ
2494 4070 2653 4128 τοῦτό
2697 4085 2788 4140 μοι
2819 4065 2915 4121 καὶ
2943 4057 2982 4136 ἡ
3005 4061 3257 4134 παροῦσα
3299 4054 3562 4126 ἐπιστολὴ
3596 4055 3738 4125 πρὸς
3771 4051 3864 4122 μὲν

616 4179 838 4249 quidem
873 4177 1155 4247 dispersos
1191 4174 1418 4240 fratres,
1448 4177 1540 4246 qui
1574 4177 1978 4246 persecutionis
2010 4179 2186 4234 tribu-

2292 4171 2502 4231 πάντας
2531 4165 2660 4226 τοὺς
2684 4156 3123 4229 διεσπαρμένους
3149 4150 3435 4220 ἀδελφοὺς,
3463 4147 3561 4201 καὶ⁸
3584 4145 3864 4216 διαφέρον-

616 4272 875 4327 lationem
909 4285 1052 4342 agre
1087 4269 1363 4334 sustinent
1395 4287 1410 4325 :
1446 4270 1718 4340 pracipne
1753 4281 1936 4326 autem
1969 4271 2037 4325 ad
2067 4287 2189 4337 vos,

616 4363 967 4420 confessores
1011 4361 1242 4424 Christi.
1277 4361 1685 4428 Sustineamus,
1734 4361 1934 4418 fratres
1968 4364 2074 4418 mei
2109 4363 2194 4417 di.

619 4456 770 4520 lecti,
811 4453 988 4525 magis
1025 4453 1208 4507 adhuc
1255 4467 1320 4506 ac
1371 4453 1548 4522 magis
1585 4453 1949 4520 corroborati,
1982 4465 2038 4508 at
2084 4469 2191 4508 non
2223 4516 2261 4525 _
2293 4442 2593 4514 ἀγαπητοὶ,

619 4549 905 4605 conterriti
946 4549 1001 4602 in
1027 4543 1438 4602 alllictionibus.
1469 4545 1676 4601 Carnes
1717 4555 1867 4609 sunt,
1900 4562 1968 4600 ne
2001 4560 2192 4616 parca-

622 4657 766 4696 mus.
811 4639 919 4695 Pro
951 4637 1172 4693 Christo
1212 4638 1500 4690 tormentis
1531 4635 1788 4704 subjecti,
1833 4637 2193 4690 exsultemns.

620 4733 723 4788 Cui
752 4731 1034 4786 abundant
1061 4727 1303 4790 labores,
1355 4726 1594 4796 amplius
1629 4727 1884 4796 gaudeat,
1929 4737 2196 4798 tanquam

623 4825 864 4896 pramiis
901 4821 1191 4876 abundans
1223 4839 1236 4874 :
1266 4817 1362 4889 qui
1396 4819 1685 4873 verberum
1715 4832 1910 4890 panas
1941 4819 2197 4872 reformi-

623 4918 737 4978 dat,
784 4924 987 4966 metum
1015 4909 1281 4974 excutiat,
1317 4908 1683 4978 sempiternos
1727 4909 2006 4964 cruciatus
2041 4924 2201 4964 reco-

627 5005 829 5075 gitans.
859 5000 1083 5056 Illorum
1115 5001 1263 5055 enim
1296 4997 1491 5070 plaga,
1539 4997 1587 5051 si
1621 5013 1746 5052 cum
1783 4997 1867 5054 his
1904 4997 2200 5053 conferan-

630 5106 740 5158 tur,
789 5095 1066 5148 somnium
1121 5101 1250 5148 suut
1309 5099 1364 5145 et
1420 5089 1634 5160 sagitta
1689 5090 2069 5158 parvulorum.
2109 5087 2204 5144 Na

629 5202 843 5258 quaso,
867 5186 1111 5241 obtestor
1145 5202 1160 5238 :
1189 5184 1244 5237 in
1275 5181 1539 5238 arumnis
1586 5195 1688 5251 pro
1717 5181 1940 5236 Christo
1969 5182 2202 5236 delecte-

629 5294 777 5342 mur,
817 5279 1178 5345 quantumvis
1218 5273 1524 5329 secundum
1561 5288 1786 5327 carnem
1826 5273 1936 5327 sint
1976 5287 2201 5327 amara.

629 5369 1079 5439 Contemplemur
1128 5367 1310 5422 futura
1354 5376 1410 5422 et
1460 5367 1860 5437 permanentia,
1913 5379 2020 5420 non
2066 5380 2208 5433 pra~

639 5462 816 5519 sentia
883 5469 940 5516 et
997 5459 1402 5530 pralereuntia.
1478 5456 1813 5527 Expetamus
1882 5457 2206 5526 sanguinem

638 5568 891 5614 nostrum
950 5565 1253 5625 martyrum
1307 5552 1562 5621 sanguini
1614 5549 1951 5612 admiscere,
2004 5555 2209 5617 partem

634 5661 881 5706 nostram
913 5645 1293 5704 confessorum
1322 5643 1463 5714 parti
1494 5661 1508 5696 :
1535 5651 1593 5697 ut
1618 5657 1744 5697 cum
1770 5641 1850 5696 eis
1867 5640 2212 5696 exsultemus

707 5855 730 5885 ⁸
755 5848 920 5904 llcbt'.
951 5860 1010 5913 ι,
1041 5842 1130 5897 '58.
1209 5843 1230 5874 ⁸
1257 5839 1390 5896 ibid.
1422 5840 1512 5894 59.

2292 4357 2419 4418 τοὺς
2445 4347 2786 4424 ὁμολογητὰς
2820 4338 3080 4414 Χριστοῦ.
3118 4329 3740 4424 Ἐνέγκωμεῃᾼᾲδελφοί
3767 4347 3863 4399 μου

2623 4439 2705 4492 ἐτι
2747 4434 2949 4508 μᾶλλον
2988 4425 3414 4497 δυναμούμενοι,
3448 4421 3569 4475 ἀλλ’
3601 4422 3668 4474 ού
3703 4438 3866 4474 κατα-

2223 4512 2634 4609 1)πτήσσοντες
2683 4531 2741 4584 ἐν
2797 4528 2912 4588 τοῖς
2964 4519 3276 4590 παθήμασι.
3325 4516 3541 4609 Σ-άρκες
3595 4512 3866 4609 sica-Dii}

2296 4602 2637 4702 φεισώμεθαο
2672 4620 2814 4691 ὑπὲρ
2844 4611 3083 4687 Χριστοῦ
3116 4607 3540 4702 βασανιζόμενοι
3555 4645 3573 4669 ,
3601 4602 3866 4702 quia,»

2300 4694 2460 4794 μεθα.
2476 4694 2554 4771 ³0
2575 4707 2922 4786 περισσεύων
2945 4705 3004 4758 ἐν
3023 4703 3134 4765 τοῖς
3154 4701 3359 4762 πόνοις,
3381 4695 3624 4768 χαιρέτω
3653 4694 3866 4765 μᾶλλον.

2297 4789 2374 4878 ὧς
2428 4804 2770 4866 πλεονεκτῶν
2824 4803 2884 4854 ἐν
2933 4799 3048 4861 τοῖς
3100 4792 3352 4866 μισθοῖςο
3399 4791 3429 4844 6
3473 4789 3870 4878 δειλαινόμενος

2303 4903 2585 4976 μαστίγων
2615 4895 2862 4964 ἐνεγκεῖν
2889 4891 3105 4950 πόνους,
3141 4884 3232 4939 διὰ
3275 4881 3438 4936 τοῦτο
3479 4878 3790 4934 ἁποσειέτω
3817 4877 3870 4927 τὸ

2299 4967 2439 5058 δέος,
2469 4967 2572 5055 τὰς
2608 4986 2863 5048 αἰωνίους
2906 4979 3065 5041 ἀνίας
3105 4972 3482 5042 ἐννοούμενος.
3505 4973 3575 5024 Δί
3602 4969 3714 5040 γὰρ
3741 4967 3873 5058 1:17,-

2301 5090 2398 5158 γαὶ
2427 5057 2610 5141 αὐτῶν
2653 5078 2792 5150 πρὸς
2818 5073 3033 5136 ἐκείνας
3056 5107 3072 5132 ,
3111 5068 3252 5158 ὄναρ
3273 5105 3289 5131 ,
3325 5063 3453 5158 βέλη
3483 5061 3720 5158 νηπίων.
3747 5057 3874 5158 ‘l-N'at

2301 5149 2517 5244 δέομαι,
2555 5149 2856 5223 ἀντιϐολῶ·
2892 5157 3290 5230 γλυκανθῶμεν
3331 5156 3393 5207 ἐν
3423 5153 3536 5244 τοῖς
3571 5149 3873 5244 ὑπὲρΑΧριο

2307 5239 2434 5323 στού
2460 5261 2598 5332 ἁλγή
2609 5272 2760 5331 μασι’
2789 5254 2891 5310 κᾶν
2915 5252 3036 5305 λίαν
3057 5247 3291 5316 ὀδυνηρὰ
3314 5242 3456 5299 κατὰ
3484 5242 3690 5310 σάρκα.
3719 5239 3873 5332 ᾎναέ

2307 5328 2620 5432 θεωρῶμεν
2647 5351 2720 5405 τὰ
2763 5347 3027 5420 μέλλοντα
3065 5341 3158 5394 καὶ
3207 5338 3472 5432 μένοντα·
3515 5331 3673 5432 ἀλλὰ⁸
3696 5328 3876 5432 μὴ’τὰ

2309 5414 2556 5524 παριόντα
2616 5443 2711 5498 καὶ
2764 5414 3176 5510 παρερχόμενα.
3237 5427 3578 5524 Ποθησωμεν
3623 5422 3687 5524 τὸ
3739 5414 3878 5524 eius

2308 5512 2466 5617 ὴμίῖιν
2514 5538 2670 5609 μιξαι
2711 5532 2790 5596 τῶ
2828 5531 2941 5584 τῶν
2989 5519 3557 5617 μαρτύρωνᾲαῖματι·
3613 5515 3688 5617 τὸ.
3715 5512 3877 5582 μέρος

2309 5606 2469 5711 ’ἡμῶν
2494 5606 2564 5704 τῇ
2595 5631 2705 5685 τῶν
2748 5620 3098 5695 ὁμολογητῶν
3147 5613 3368 5688 μερίδι·
3403 5610 3492 5664 ἵνα
3534 5606 3882 5679 χορεύσωμε)
