4054 6364
551 361 690 428 1ξ35
1750 354 1812 416 S.
1845 351 2243 420 THEODORI
2283 350 2628 412 STUDITA‘.’
3688 347 3818 418 1236

544 489 659 547 quo
713 473 885 529 altero
947 472 1124 544 capite
1196 473 1266 528 ab
1323 471 1518 527 eodem
1589 468 1818 526 doctore
1875 469 2018 524 tradi
2050 469 2132 534 ι’,

2252 485 2294 521 ιν
2329 469 2503 540 ἑτέρῳ
2535 466 2823 539 κεφαλαίῳ
2850 466 2941 522 τὸν
2971 466 3140 522 αὗτὶν
3167 467 3438 540 φωστῆρα
3470 467 3684 536 λέγειν·
3713 471 3818 525 ὅτι.

546 564 856 635 ponendam
887 577 989 633 pro
1032 561 1227 617 amicis
1270 563 1511 616 animam
1541 559 1629 615 vel
1659 559 1726 614 ad
1775 568 2006 615 mortem
2042 573 2136 613 us-

2252 576 2343 630 τερ
2384 559 2468 614 δεῖ
2504 560 2716 616 τιθέναι
2756 559 2856 632 τὴν
2896 559 3078 630 ψυχὴν
3109 561 3254 632 ὑπὲρ
3297 561 3408 614 τῶν
3441 561 3620 630 φίλων
3663 564 3818 634 μέχρι

547 674 678 726 que,
711 656 829 712 sive
879 656 1093 710 amicus
1123 663 1400 725 peccator,
1448 654 1564 708 sive
1588 652 1775 722 justus
1824 654 1916 706 sit.
1953 653 2029 704 lta
2075 660 2132 704 ut

547 750 775 804 dubium
811 750 907 814 sit,
936 749 1061 803 hinc
1088 749 1308 817 quidem
1349 761 1482 800 num
1519 745 1808 800 mentiaris
1856 745 2135 802 incidente

551 853 718 892 causa
769 837 865 891 ubi
925 846 1121 906 agatur
1182 834 1494 888 necessario
1554 832 1622 887 de
1678 841 1853 886 morte
1915 830 2133 897 fratris;

551 929 680 983 inde
719 943 849 982 vero
892 943 1022 982 num
1051 941 1151 995 pro
1194 926 1314 996 ipso
1367 925 1610 978 animam
1654 937 1848 993 ponas.
1878 923 1949 978 At
1989 924 2134 978 enim

551 1020 656 1076 nisi
685 1019 939 1080 mentiar,
969 1016 1177 1086 inquis,
1213 1025 1398 1070 actum
1431 1023 1518 1068 est
1553 1015 1620 1069 de
1664 1013 1827 1068 amici
1857 1014 1967 1066 vita
1996 1030 2010 1066 :
2047 1013 2132 1068 sin

550 1120 734 1167 autem
785 1109 1056 1172 mentior,
1099 1124 1201 1162 nec
1241 1107 1485 1178 legitime
1529 1116 1700 1169 certo,
1736 1114 1791 1160 et
1830 1120 1859 1158 a
1891 1104 2002 1159 Deo
2045 1106 2140 1158 de-

553 1203 756 1270 scisco.
792 1201 907 1256 Hoc
946 1200 1111 1268 igitur
1156 1211 1318 1268 caput
1351 1198 1512 1252 atl‘ert
1545 1197 1681 1251 mihi
1717 1197 2138 1259 dubitationem,

554 1300 633 1357 et,
666 1301 728 1348 ut
757 1293 1019 1358 arbitror,
1060 1291 1249 1346 multis
1279 1291 1446 1344 etiam
1472 1289 1617 1345 aliis.
1651 1288 1908 1344 Conabor
1943 1287 2142 1341 nihilo-

551 1388 758 1452 minus,
783 1389 963 1458 quoad
989 1386 1103 1442 fieri
1130 1385 1352 1456 poterit,
1376 1399 1702 1454 responsum
1725 1382 1858 1436 dare
1885 1383 2141 1438 cbaritati

555 1492 685 1545 luat,
729 1477 842 1534 Deo
891 1479 1178 1549 largiente.
1234 1476 1390 1544 Quod
1431 1475 1598 1546 igitur
1643 1476 1948 1531 secundum
1993 1476 2139 1529 illam

550 1570 986 1638 adnotationem,
1033 1585 1140 1624 non
1186 1567 1330 1624 idem
1382 1567 1456 1624 sit
1501 1567 1638 1622 utile
1683 1566 1832 1636 quod
1883 1580 2137 1622 necessa-

550 1661 716 1728 rium,
750 1677 939 1717 verum
974 1671 1080 1726 est,
1111 1661 1244 1716 illud
1292 1661 1439 1716 enim
1469 1659 1793 1729 contingens
1833 1665 1937 1713 est.
1973 1659 2136 1713 Verbi

552 1753 733 1823 gratia
763 1767 778 1804 :
825 1752 958 1806 utile
991 1759 1074 1807 est
1105 1766 1192 1806 me
1225 1767 1349 1806 cum
1380 1751 1474 1806 illo
1498 1750 1719 1804 homine
1749 1749 1816 1804 de
1855 1749 1949 1804 tali
1978 1765 2143 1819 argu-

2236 647 2472 703 θανάτου
2497 688 2514 713 ,
2561 650 2674 703 εἴτε
2725 647 3086 722 ἁμαρτωλοῦ,
3120 650 3234 703 εἴτε
3271 650 3486 704 δικαίου
3529 652 3685 716 om;
3727 656 3818 708 τοῦ

2236 740 2418 810 φίλου.
2478 741 2566 806 Ὠς
2609 739 2860 794 ἐντεῦθεν
2909 741 3140 813 ἀπορεῖν
3166 758 3225 794 σε
3275 741 3372 796 καὶ
3417 742 3494 812 μὴ
3532 742 3819 812 ψεύδεσθαι

2237 832 2375 896 ὅλως
2418 833 2478 885 έν
2517 835 2640 898 ταῖς
2691 832 3123 903 συμϐαινούσαις
3164 834 3433 902 ἀνάγκαις
3470 837 3554 897 είς
3600 835 3821 890 θάνατον

2236 923 2503 993 ἡκούσαις
2531 923 2788 994 ἀδελφοῦ·
2819 925 2914 976 καὶ
2943 923 3110 976 πάλιν
3141 924 3240 994 τὴν
3268 925 3448 994 ψυχὴν
3486 927 3630 997 ὑπὲρ
3661 927 3820 980 αὑτοῦ

2237 1017 2470 1070 τιθέναι.
2514 1015 2641 1070 Ἐὰν
2667 1015 2776 1087 γὰρ
2819 1017 2895 1085 μὴ
2937 1014 3264 1086 ψεύσωμαι,
3307 1017 3412 1085 φὴς
3456 1017 3822 1086 ἀποθνήσκειν

2239 1107 2329 1163 τὸν
2371 1108 2553 1177 φίλονο
2589 1109 2685 1162 καὶ
2722 1107 3057 1178 ψευδόμενος
3097 1108 3199 1161 οὐκ
3240 1106 3390 1160 ἀθλῶ
3432 1109 3685 1178 νομίμως
3735 1112 3824 1162 καὶ

2243 1197 2498 1250 ὲκπίπτω
2526 1197 2621 1252 τοῦ
2644 1197 2801 1253 Θεοῦ.
2834 1197 3005 1251 Τοῦτο
3033 1196 3129 1252 οὖν
3156 1197 3219 1252 τὸ
3247 1197 3545 1267 κεφάλαιον
3573 1201 3672 1252 καὶ
3701 1202 3820 1269 ἐμοὶ

2241 1287 2594 1357 ἠπορημένον
2635 1287 2773 1340 ὲστί·
2808 1288 2949 1341 δοκῶ
2984 1289 3043 1340 δὲ
3085 1289 3181 1341 καὶ
3211 1289 3448 1352 πολλοῖς.
3484 1291 3819 1361 Πειράσομαι

2241 1379 2286 1431 δ’
2318 1375 2412 1433 οὖν
2447 1380 2621 1450 ὅμως,
2654 1373 2730 1442 ὧς
2757 1373 2868 1433 οἷόν
2917 1380 2976 1433 τέ
3010 1397 3142 1449 μοι,
3183 1381 3370 1434 δοῦναι
3417 1382 3717 1451 ἀπόκρισιν
3755 1386 3816 1451 τῇ

2241 1471 2434 1542 ἀγάπῃ
2465 1488 2580 1537 σου,
2609 1471 2958 1535 εὐδοκοῦντος
2984 1470 3145 1526 Θεοῦ.
3179 1471 3303 1525 Ὅτι
3337 1472 3436 1542 μὲν
3461 1468 3556 1526 οὖν
3589 1471 3733 1525 κατά
3762 1473 3820 1526 τὸ

2246 1563 2459 1633 σχόλιον
2491 1563 2551 1616 οὐ
2583 1563 2780 1618 ταύτὸν
2807 1565 3080 1635 χρήσιμον
3109 1566 3205 1619 καὶ
3234 1566 3568 1634 ἀναγκαῖον,
3601 1565 3818 1636 ἀληθές.

2244 1653 2320 1706 Τὸ
2351 1654 2452 1725 μὲν
2474 1655 2584 1726 γὰρ
2607 1655 2959 1726 ἐνδεχόμενόν
2979 1658 3152 1710 ἐστιν·
3175 1651 3310 1722 οἷον,
3334 1659 3606 1730 χρήσιμον
3621 1658 3688 1730 δὴ
3711 1658 3820 1712 δια-

2245 1744 2506 1815 λεχθῆναί
2543 1764 2612 1817 με
2636 1745 2715 1817 τῷ
2752 1747 2882 1802 δεῖνι
2915 1748 3046 1820 περὶ
3077 1747 3256 1801 τοῦδε·
3296 1749 3437 1803 ἀλλά
3465 1749 3574 1820 μὴν
3613 1749 3723 1802 κᾶν
3762 1750 3818 1801 οῦ

552 1853 742 1898 mento
791 1843 1068 1898 disserere
1097 1859 1112 1896 :
1146 1841 1240 1897 sed
1273 1849 1455 1896 tamen
1503 1841 1608 1896 etsi
1649 1856 1756 1895 non
1787 1841 2138 1905 dissererem,

2252 1837 2575 1908 ιδιαλέξαιμι,
2604 1838 2722 1893 ἔστι
2750 1839 2978 1895 δυνατὸν
3011 1841 3301 1912 ἐπιτυχεῖν
3332 1843 3430 1897 τοῦ
3461 1843 3818 1912 ζητουμένου.

551 1935 670 1992 fieri
701 1945 878 2006 potest
915 1945 975 1990 ut
1012 1937 1308 2006 quaesitum
1358 1953 1453 2007 per
1481 1951 1539 1990 se
1579 1936 1844 1991 inveniat.
1903 1937 1971 1992 Et
2017 1954 2144 1992 rur-

2238 1930 2352 1983 Καὶ
2417 1931 2614 1984 πάλιν·
2680 1933 2958 2003 χρήσιμόν
3027 1935 3178 1988 ἐστιν
3250 1935 3676 2005 ἀποστραφῆναι
3735 1935 3822 1988 τὸν

4015 1311 4017 1322 4

4015 1325 4017 1334 l

548 2017 678 2084 sum
708 2047 722 2082 ε
757 2029 889 2082 utile
929 2037 1015 2084 est
1058 2030 1129 2083 ab
1165 2045 1352 2084 errore
1392 2028 1707 2098 quempiam
1747 2043 2011 2084 revocare
2043 2048 2056 2084 :
2086 2040 2144 2084 at

2252 2022 2384 2076 Ξεῖνα
2405 2040 2418 2053 ·
2449 2023 2588 2079 ἀλλὰ
2615 2025 2726 2096 γὰρ
2748 2024 2852 2079 κᾶν
2880 2026 3124 2098 σήμερον
3155 2026 3230 2098 μὴ
3259 2027 3622 2097 ἀποστραφῶ,
3648 2026 3823 2080 δυναί-

553 2135 871 2190 quanquam
945 2121 1214 2176 hodierno
1266 2121 1355 2176 die
1407 2135 1514 2174 non
1573 2136 1861 2185 revocent,
1931 2122 2139 2192 possim

2252 2130 2352 2184 μην
2394 2115 2558 2171 αὑτὸν
2588 2115 2781 2187 αὖριον
2824 2119 3272 2191 ἀποστραφῆναι.
3314 2117 3570 2171 Τοιοῦτόν
3615 2119 3732 2170 ἐστι
3765 2118 3823 2170 τὸ

552 2213 736 2278 ipsum
793 2228 916 2268 cras
967 2228 1250 2268 revocare.
1299 2213 1584 2282 Ejusmodi
1633 2225 1719 2269 est
1767 2215 1938 2285 igitur
1991 2215 2140 2284 quod

2252 2205 2536 2277 (ρήσιμον,
2571 2207 2693 2279 ἦτοι
2722 2209 3096 2281 ἐνδεχόμενον.
3123 2211 3198 2264 Τὸ
3224 2210 3283 2264 δὲ
3321 2210 3621 2278 ἀναγκαῖον
3641 2249 3657 2272 ,
3684 2211 3822 2262 ἀπα.

554 2301 689 2358 utile
719 2301 943 2370 dicitur,
985 2318 1180 2372 nempe
1215 2303 1564 2373 contingens.
1599 2305 1669 2358 At
1701 2303 1850 2374 quod
1883 2318 2135 2358 necessa-

2252 2296 2498 2368 ραίτητόν
2525 2301 2664 2356 ἐστι.
2707 2301 2780 2355 Τὸ
2818 2303 3040 2366 πάντως
3083 2302 3159 2373 μὴ
3195 2299 3613 2373 ἀμφοτερίζειν.
3665 2295 3819 2355 Οἴον·

553 2394 725 2458 rium,
765 2393 906 2446 idem
946 2393 1260 2448 inevitabile
1307 2405 1412 2459 est,
1452 2409 1553 2450 nec
1596 2404 1776 2464 potest
1815 2395 2042 2450 omnino
2081 2396 2137 2448 in

2252 2389 2330 2441 ;άν
2359 2391 2475 2460 εἰμι
2498 2391 2766 2463 ἀμύητος,
2790 2395 2892 2447 οὐκ
2915 2394 3199 2465 ἐνδέχεται
3225 2394 3299 2464 μὴ
3325 2393 3823 2465 βαπτισθησόμενον

557 2494 851 2553 utramque
876 2496 1085 2554 partem
1119 2485 1318 2554 accipi.
1357 2485 1603 2556 Exempli
1626 2485 1800 2556 gratia
1831 2503 1844 2538 :
1874 2483 1990 2539 Nisi
2017 2500 2140 2539 sum

2252 2480 2480 2552 ςωθῆναί
2509 2500 2601 2552 με.
2641 2485 2754 2537 Καὶ
2785 2486 2970 2552 πάλιν,
2995 2487 3090 2540 ἐὰν
3119 2485 3280 2539 εἴπωο
3314 2484 3563 2554 Δύναμαι
3590 2484 3670 2554 μὴ
3699 2484 3822 2537 ἀνα-

562 2579 740 2632 sacris
767 2578 1040 2640 initiatus,
1075 2578 1192 2632 fieri
1224 2593 1332 2633 non
1366 2588 1543 2647 potest
1577 2591 1638 2635 ut
1665 2595 1772 2634 non
1796 2579 2020 2634 ablutus
2052 2595 2146 2632 sa-

2252 2575 2417 2636 πνείν,
2443 2575 2540 2628 καὶ
2570 2576 2691 2646 ζῇν·
2724 2576 2940 2647 ψεῦδοςο
2977 2579 3280 2649 ἀναγκαῖον
3317 2576 3428 2648 γάρ
3449 2577 3512 2628 τὸ
3543 2577 3819 2636 ἀναπνεῖν,

558 2669 724 2724 intem
776 2685 1108 2739 consequar.
1150 2671 1222 2724 At
1261 2685 1484 2725 rursum
1534 2671 1581 2724 si
1639 2671 1876 2725 dixero:
1911 2670 2142 2724 Possum

2252 2661 2306 2721 οὗ
2331 2669 2502 2738 χωρὶς
2533 2669 2635 2722 οὐκ
2665 2669 2782 2725 ἔστι
2813 2671 2934 2742 ξῇν.

556 2777 669 2814 non
711 2760 913 2816 ducere
963 2761 1216 2831 spiritum
1267 2771 1323 2816 et
1359 2763 1576 2829 vivere;
1619 2760 1970 2818 mendacium
1994 2769 2121 2816 est:
2165 2772 2391 2815 necesse
2431 2769 2514 2814 est
2576 2763 2722 2816 enim
2770 2779 2952 2820 aerem
3019 2759 3257 2826 ducere,
3293 2760 3415 2816 sine
3457 2775 3568 2830 quo
3614 2773 3714 2813 nec
3744 2758 3818 2815 fas

556 2857 760 2910 vivere.

631 2951 724 3005 Dei
755 2951 935 3019 itaque
959 2950 1215 3004 mandata
1243 2950 1553 3005 necessarie
1589 2951 1659 3004 ab
1685 2965 1780 3007 ore
1802 2951 1980 3006 veraci
2021 2963 2150 3019 pro-

2329 2949 2395 3003 At
2438 2949 2619 3002 τοίνυν
2661 2946 2874 3000 ἐντολαὶ
2915 2943 3012 2998 τοῦ
3059 2944 3197 2998 Θεοῦ
3237 2943 3380 2998 κατὰ
3425 2943 3488 2997 τὸ
3534 2943 3824 3010 ἀναγκαῖον

561 3042 670 3102 lata
709 3051 870 3106 sunt,
921 3055 986 3094 ac
1049 3041 1360 3096 necessarie
1386 3042 1576 3095 eadem
1621 3041 2019 3098 custodienda:
2055 3055 2150 3094 nc-

2254 3043 2410 3114 παρὰ
2453 3041 2548 3096 τοῦ
2600 3039 2868 3111 ἀψευδοῦς
2917 3037 3191 3108 στόματος
3239 3036 3700 3107 διηγορεὺθησαψ
3739 3035 3824 3087 καὶ

561 3150 668 3204 que
697 3143 826 3188 sunt
874 3141 1088 3186 natura;
1145 3131 1416 3187 versatilis
1447 3171 1464 3197 ,
1506 3140 1564 3185 ut
1596 3131 1869 3187 interdum
1923 3133 2143 3200 quidem

2252 3134 2313 3200 ἐξ
2344 3133 2592 3205 ἀνάγκης
2634 3131 2909 3202 ὀφείλουσι
2946 3129 3310 3199 φυλάττεσθαι
3335 3145 3349 3158 ⁸
3384 3130 3448 3183 οῦ
3494 3131 3826 3198 τρεπόμεναι

559 3226 770 3280 servari
800 3240 862 3279 ea
893 3224 977 3279 fas
1012 3225 1102 3290 sit,
1142 3226 1418 3280 interdum
1454 3223 1611 3279 nefas
1641 3243 1657 3279 :
1690 3233 1787 3279 aut
1809 3225 1877 3279 ab
1902 3225 1996 3279 illo
2024 3225 2147 3294 qui-

2252 3230 2329 3292 εἰς
2351 3228 2414 3282 τὸ
2443 3230 2518 3298 πῆ
2555 3227 2653 3298 μὲν
2682 3223 2990 3295 ἐνδέχεσθαι
3034 3222 3426 3292 φυλάττεσθαι,
3453 3226 3536 3293 ,πῆ
3563 3223 3646 3283 δὲ,
3692 3219 3825 3289 οἴδσῆ

559 3319 708 3384 dem,
741 3319 811 3372 ab
845 3318 950 3372 isto
976 3316 1200 3370 minime
1230 3335 1244 3371 :
1275 3326 1362 3370 aut
1399 3317 1492 3370 illo
1525 3318 1713 3386 utique
1743 3325 2006 3386 tempore,
2035 3330 2146 3369 non

564 3410 693 3462 item
732 3410 857 3473 isto,
881 3409 975 3462 sed
1008 3423 1246 3476 semper,
1271 3415 1326 3461 et
1362 3424 1392 3462 a
1421 3409 1616 3477 quovis
1645 3407 1889 3472 homine,
1930 3415 1984 3461 et
2007 3422 2149 3476 quo-

559 3501 648 3554 vis
701 3508 965 3569 tempore.
1023 3499 1364 3569 Quapropter
1397 3501 1532 3554 dixit
1582 3515 1816 3568 magnus
1865 3499 2148 3554 Basilius:

570 3610 592 3642 ι
625 3589 929 3644 Discrimen
971 3591 1242 3646 mendacii
1267 3593 1473 3645 nullum
1517 3591 1777 3657 ostendit,
1815 3611 1834 3644 ι
1867 3602 1925 3646 ut
1961 3592 2028 3646 de
2057 3607 2152 3646 ne-

565 3682 822 3737 cessitate
851 3683 1135 3752 responsio
1157 3684 1248 3745 sit,
1272 3700 1586 3754 quanquam
1621 3683 1982 3753 interrogatio
2021 3699 2152 3753 pro-

564 3772 745 3841 posita
778 3771 850 3825 sit
881 3771 949 3825 de
993 3773 1367 3842 contingente.
1428 3773 1571 3827 ldem
1613 3774 1758 3828 enim
1788 3783 1892 3834 est.
1924 3782 1984 3826 ut
2016 3773 2152 3839 dixi,

566 3866 697 3920 utile
727 3874 781 3918 et
809 3865 1156 3934 contingens.
1191 3865 1332 3930 Quid
1358 3876 1542 3934 postea
1575 3867 1687 3933 fiet,
1732 3876 1791 3921 ut
1822 3866 2154 3937 praemonui-

567 3959 659 4021 sti,
693 3957 739 4012 si
774 3957 997 4011 fratrem
1052 3958 1189 4012 mori
1243 3958 1564 4026 contingat,
1624 3974 1692 4014 eo
1751 3959 1900 4029 quod
1933 3958 2152 4012 mentiri

565 4067 676 4106 non
711 4050 890 4104 ausim
918 4049 942 4103 ’ἶ
975 4049 1089 4104 lloc
1117 4064 1248 4104 vero
1281 4051 1627 4106 mendacium
1662 4068 1768 4106 non
1807 4061 1911 4112 est,
1934 4052 2150 4122 opinor.

509 4215 516 4218 _
564 4144 728 4198 Juvat
755 4142 1064 4213 exemplum
1105 4142 1210 4195 tale
1244 4142 1296 4195 in
1331 4156 1416 4196 me
1447 4143 1565 4212 ipso
1625 4142 1845 4214 tingere.
1879 4145 2039 4198 Venit
2089 4145 2157 4197 ad

566 4250 657 4290 me
730 4235 908 4304 puella
974 4249 1138 4302 quam
1194 4233 1397 4302 aliquis
1457 4243 1734 4302 stuprator
1811 4237 2153 4305 insequitur,

566 4336 690 4382 urat
751 4346 765 4382 :
825 4328 908 4382 Ne
970 4326 1265 4395 stupratori
1334 4342 1421 4380 me
1491 4327 1689 4396 prodas
1748 4329 1962 4399 roganti
2023 4345 2155 4382 num

568 4417 713 4488 apud
749 4430 802 4474 te
860 4418 1006 4472 domi
1071 4418 1226 4480 sim;
1267 4416 1467 4486 alioqui
1535 4431 1622 4470 me
1673 4417 1936 4473 continuo
1983 4419 2156 4472 vitiat.

571 4514 790 4582 igitur,
848 4518 1168 4580 corruptore
1242 4509 1491 4563 veniente
1525 4547 1540 4570 ,
1607 4523 1672 4561 ac
1744 4517 2148 4575 percontante:

572 4606 715 4662 Num
734 4605 882 4660 venit
904 4605 1012 4658 huc
1041 4605 1184 4672 apud
1218 4613 1268 4657 te
1289 4600 1463 4671 puella
1495 4599 1518 4651 ?
1542 4598 1598 4654 Si
1628 4613 1844 4668 negem,
1863 4615 1970 4654 nou
1997 4616 2152 4654 men.
2185 4582 2227 4636 D

573 4702 684 4756 tior
715 4717 730 4752 :
766 4715 876 4752 non
911 4697 1053 4766 quod
1099 4711 1206 4750 non
1246 4711 1368 4749 esse
1399 4693 1546 4748 domi
1593 4692 1831 4763 puellam
1873 4697 2107 4763 cogitem
2141 4713 2154 4748 :

571 4792 845 4861 sedquod
902 4790 1050 4847 istud
1108 4789 1479 4844 admissurum
1533 4787 1676 4856 apud
1712 4802 1801 4841 me
1835 4786 2014 4842 scelus
2067 4803 2162 4858 per

571 4883 918 4936 reticentiam
975 4895 1190 4952 negem.
1236 4879 1439 4933 lterum
1477 4875 1625 4931 aliud
1671 4895 1686 4931 :
1731 4875 1983 4931 Gladium
2028 4878 2162 4931 milii

573 4975 854 5029 commisit
875 4973 1076 5043 aliquis
1102 4986 1214 5040 quo
1243 4985 1302 5025 se
1328 4969 1442 5040 ipse
1461 4968 1767 5035 interimat;
1787 4984 1914 5022 mox
1940 4967 2165 5024 veniens

577 5072 724 5124 hunc
774 5083 806 5122 a
839 5082 927 5122 me
961 5066 1217 5135 reposcit.
1239 5062 1296 5118 Si
1345 5064 1536 5118 dixero
1587 5063 1790 5134 igitur:
1830 5060 1940 5116 Nec
1995 5063 2148 5128 novi,

577 5174 684 5215 nec
709 5156 894 5227 accepi
921 5173 936 5221 ;
977 5172 1084 5208 non
1127 5155 1397 5220 mentior;
1423 5168 1584 5208 nosse
1611 5153 1990 5208 enimverome
2017 5169 2155 5225 nego

579 5258 676 5304 ant
709 5247 988 5316 accepisse
1017 5253 1075 5296 ut
1103 5243 1342 5313 gladium
1376 5242 1471 5296 tibi
1496 5244 1562 5296 ad
1594 5250 1825 5296 mortem
1855 5245 2154 5312 porrigam.

582 5339 718 5393 Nam
755 5338 802 5392 si
829 5336 1018 5391 dixero
1048 5349 1062 5386 :
1102 5332 1192 5386 Sic
1225 5339 1310 5384 est
1341 5348 1356 5384 :
1391 5332 1577 5385 vitiata
1610 5331 1787 5400 puella
1814 5339 1896 5385 est
1921 5377 1938 5399 ,
1969 5342 2024 5386 et
2057 5335 2162 5388 sibi

583 5445 776 5487 necem
823 5428 1002 5482 intulit
1036 5426 1132 5497 qui
1161 5424 1403 5495 gladium
1432 5423 1599 5478 dedit.
1633 5421 1748 5477 Hoc
1801 5438 1930 5478 vero
1961 5427 2161 5480 malum

579 5537 667 5582 ost
697 5545 712 5581 :
754 5525 955 5579 malum
991 5531 1171 5575 autem
1208 5534 1319 5572 non
1369 5533 1436 5573 ex
1483 5517 1625 5570 bono
1657 5516 1752 5570 sed
1781 5531 1850 5571 ex
1885 5519 2167 5575 mendacio

583 5628 687 5675 est.
721 5613 856 5668 Nam
887 5610 1154 5667 mendacii
1189 5618 1362 5680 pater,
1381 5607 1520 5676 idem
1537 5613 1590 5661 et
1615 5614 1804 5662 auctor
1833 5608 1982 5662 mali.
2006 5609 2166 5665 Puel-

664 5802 706 5836 ι’
733 5799 1000 5868 luterrog.
1039 5797 1157 5850 liti.

2250 3319 2356 3372 ὑπὸ
2394 3317 2549 3371 τοῦδε
2593 3316 2712 3387 μὲν,
2755 3314 2862 3368 ναί·
2900 3313 3005 3366 ὑπὸ
3045 3312 3200 3366 τοῦδε
3230 3312 3311 3378 δὲ,
3345 3310 3406 3364 οὔ
3428 3327 3444 3341 ·
3474 3312 3507 3381 ἢ
3539 3311 3676 3363 ποτὲ
3712 3311 3824 3378 μὲν,

2249 3413 2360 3466 ναί·
2395 3411 2528 3465 ποτὲ
2554 3410 2632 3475 δὲ,
2664 3407 2747 3462 οῦ·
2776 3405 2891 3460 ἀλλ’
2922 3406 3027 3458 ἀεί·
3058 3405 3154 3457 καὶ
3185 3405 3280 3458 ἐπὶ
3309 3403 3510 3466 παντὸς
3536 3401 3826 3471 προσώπου

2252 3507 2347 3560 καὶ
2373 3503 2593 3574 καιροῦ.
2626 3502 2783 3554 Κατὰ
2819 3498 2979 3552 τοῦτο
3009 3498 3230 3568 εἴρηκεν
3272 3497 3300 3549 ὁ
3328 3497 3500 3566 μέγας
3528 3495 3826 3555 Βασίλειος’

2259 3618 2278 3650 ι
2312 3594 2591 3666 Διαφοράν
2619 3591 2852 3662 ψεύδους
2887 3589 3155 3661 μηδεμίαν
3185 3589 3552 3660 ἐμφήναντος*
3584 3605 3605 3636 ι
3643 3587 3724 3648 ὡς
3753 3587 3830 3637 ὅτι

2253 3690 2314 3757 ἐξ
2341 3686 2644 3757 ἀναγκαίου
2677 3687 2709 3756 ἡ
2733 3685 3028 3752 ἀπόφασις·
3055 3681 3158 3736 κᾶν
3186 3683 3220 3752 ὴ
3254 3680 3524 3752 ἐρώτησις
3553 3676 3827 3748 προετάοη

2254 3783 2330 3846 ὡς
2362 3779 2713 3850 ἐνδεχομένη.
2741 3776 2957 3830 Ταυτὸν
2981 3774 3112 3845 γὰρ,
3144 3773 3220 3838 ὡς
3249 3773 3407 3843 ἔφην,
3441 3772 3721 3842 χρήσιμον
3745 3764 3834 3820 καὶ

2254 3874 2626 3945 ἐνδεχόμενον.
2665 3866 2799 3924 Εἶτα
2834 3869 2888 3922 τί
2926 3870 3240 3938 γενήσεται,
3284 3865 3430 3918 καθά
3464 3863 3749 3934 προέφης,
3780 3862 3832 3910 ἐν

2253 3968 2321 4036 τῇ
2361 3963 2634 4031 συμϐάσει
2681 3959 2778 4014 τοῦ
2825 3959 3198 4028 ἀποθνήσκειν
3225 3959 3319 4010 τὸν
3373 3955 3597 4022 ἀδελφὸν
3653 3953 3732 4022 τῷ
3763 3949 3831 4020 μὴ

2255 4054 2593 4126 αἱρήσασθαί
2618 4070 2684 4124 με
2703 4051 3012 4122 ψεύσασθαι
3033 4067 3048 4116 ;
3083 4049 3253 4102 Τοῦτο
3271 4047 3330 4100 δὲ
3351 4048 3450 4100 οὐκ
3473 4046 3586 4098 ἐστι
3613 4044 3830 4114 ψεῦδος,

2257 4149 2333 4212 ὡς
2363 4147 2527 4200 δοκιῖν
2559 4141 2672 4199 οἷον
2705 4142 3172 4215 μετασχηματίζω
3209 4142 3291 4204 εἰς
3323 4138 3560 4209 ἐμαυτὸν
3591 4135 3834 4190 τοιοῦτον

2255 4259 2328 4295 τι.
2364 4237 2539 4292 Ἦλθε
2582 4237 2723 4308 κόρη
2758 4236 2896 4308 πρός
2945 4252 3013 4305 με
3052 4233 3358 4301 διωκομένη
3394 4231 3498 4284 ὑπό
3531 4247 3685 4292 τινος
3715 4226 3835 4295 φθο-

2260 4334 2397 4403 ρέως
2419 4373 2433 4393 .
2483 4328 2713 4383 αἰτοῦσα
2759 4329 2835 4398 μὴ
2875 4325 3190 4397 φανερῶσαι
3222 4323 3302 4393 τῷ
3334 4322 3525 4392 φθορεί
3560 4317 3834 4389 ἐρωτῶντι

2257 4431 2342 4482 ὅτι
2379 4443 2446 4496 με
2487 4405 2810 4494 φυλάττοις·
2859 4421 2983 4473 ἐπεὶ
3020 4417 3233 4487 φθείρει
3267 4431 3333 4486 με
3365 4415 3598 4474 πάντως.
3647 4411 3834 4496 Τοίνυν

2258 4495 2504 4580 ἐλθόντος
2525 4515 2620 4568 τοῦ
2647 4514 2928 4585 φθορὲως,
2962 4510 3056 4565 καὶ
3085 4507 3476 4578 ἀνακρίναντος
3497 4523 3512 4536 ι
3541 4499 3713 4573 ἦλθεν
3741 4495 3834 4554 ὦδε

2257 4613 2391 4683 κόρη
2425 4609 2561 4680 πρός
2591 4625 2689 4674 σε;
2724 4607 2902 4676 λέγων
2931 4603 3064 4672 ἐγὼ,
3095 4601 3175 4655 οὕε
3209 4601 3272 4654 οῦ
3301 4598 3590 4668 ψεύδομαι’
3624 4598 3729 4665 οὐχ
3757 4597 3830 4646 ὅτι

2256 4703 2358 4757 οὐκ
2387 4701 2496 4772 ἔχω
2537 4700 2635 4771 τὴν
2675 4699 2845 4770 κόρην
2868 4696 3239 4765 λογιζόμενος·
3275 4691 3392 4745 ἀλλ’
3422 4691 3503 4743 ὅτι
3529 4690 3590 4741 οὐ
3620 4689 3833 4757 ποιήσει

2257 4795 2419 4848 τοῦτο
2467 4793 2636 4862 ἐγγύς
2683 4809 2785 4863 μου
2825 4790 2886 4844 τὸ
2917 4787 3156 4859 πονηρὸν
3195 4783 3339 4838 κατά
3379 4781 3443 4833 τὸ
3484 4781 3836 4848 σιωπώμενον

2260 4887 2444 4952 λέξας.
2485 4885 2594 4937 Καὶ
2624 4883 2786 4937 πάλιν
2811 4881 2960 4936 ἄλλο·
2997 4875 3277 4949 Παρέθετό
3307 4874 3399 4944 μοί
3421 4889 3503 4935 τις
3531 4870 3684 4938 ξίφος
3711 4869 3837 4937 πρὶς

2263 4979 2328 5031 τὸ
2361 4977 2606 5048 ἀναιρεῖν
2636 4973 2850 5028 ὲαυτόψ
2877 4967 2996 5025 εἷτα
3025 4969 3195 5023 ὲλθὼν
3229 4964 3484 5037 ἐπιζητεί
3508 4962 3672 5015 τοῦτο
3710 4953 3841 5028 παρ’

2257 5069 2417 5140 ἐμοῦ.
2462 5066 2592 5120 Ἐὰν
2621 5063 2716 5119 οῦν
2747 5064 2888 5117 εἴπω
2912 5105 2928 5130 ,
2973 5064 3056 5116 ὅτι
3086 5061 3186 5114 οὐκ
3211 5055 3348 5122 οἶδα,
3379 5055 3502 5109 οὐδὲ
3527 5054 3741 5106 ἔλαϐον·
3780 5048 3836 5099 οὗ

2260 5138 2568 5232 ψευδοεπῶ.
2605 5157 2719 5210 Οὐκ
2747 5151 2865 5210 οἶδα
2902 5154 3034 5225 γὰρ,
3065 5153 3227 5220 λέγω,
3258 5149 3378 5202 οὐδὲ
3408 5145 3598 5199 ἔλαϐον
3619 5143 3755 5212 πρὸς

2263 5252 2541 5307 ἐπιδοῦναί
2591 5250 2658 5322 μέ
2701 5267 2784 5302 σοι
2820 5247 2884 5302 τὸ
2926 5247 3078 5314 ξίφος
3107 5246 3186 5306 είς
3227 5241 3479 5295 θάνατον·
3529 5235 3690 5296 ἐπεὶ,
3730 5231 3836 5322 λέἀν

2266 5339 2429 5402 εἴπω,
2480 5318 2604 5400 ναὶ.
2642 5336 2853 5407 ἐφθάρη
2899 5336 2934 5406 ἡ
2981 5335 3140 5402 κόρηο
3179 5330 3274 5384 καὶ
3317 5326 3552 5395 ἔσφαξεν
3593 5318 3837 5376 ἑαυτὸ·ιὸ

2271 5430 2396 5492 δοὺς
2421 5430 2482 5482 τὸ
2505 5429 2677 5497 ξίφοςο
2698 5431 2790 5482 καὶ
2820 5427 2936 5480 ἔστι
2972 5424 3132 5478 τοῦτο
3152 5421 3337 5476 κακόν,
3366 5419 3441 5471 Τὸ
3459 5418 3517 5470 δὲ
3538 5415 3706 5469 κακον
3741 5411 3858 5462 οὐκ.

2275 5523 2334 5589 ἐξ
2353 5521 2560 5588 ἀγαθοῦ
2581 5561 2596 5585 ,
2624 5520 2739 5573 ἀλλ’
2759 5521 2824 5572 ὲκ
2841 5518 3070 5589 ψεύδους
3095 5533 3108 5546 ⁸
3135 5515 3320 5585 πατὴρ
3340 5511 3448 5581 γὰρ
3479 5507 3570 5562 τοῦ
3589 5504 3836 5575 ψεύδους,

2274 5613 2304 5664 ὁ
2330 5613 2428 5681 τῆς
2460 5611 2658 5676 κακίας
2691 5611 2941 5681 εὑρετής.
2965 5610 3039 5663 Τὸ
3055 5608 3111 5662 δὲ
3141 5605 3214 5677 μὴ
3228 5603 3498 5674 φθαρῆναι
3526 5601 3623 5666 τὴν
3645 5595 3840 5664 κόρην.

4016 5429 4017 5442 i

4016 5469 4017 5488 ι

4016 5579 4017 5598 i

4015 5701 4017 5726 i
