4054 6364
303 377 442 443 1237
1497 372 2040 444 EPISTULARUM
2085 373 2236 435 LIB.
2279 371 2341 434 II
3429 375 3577 444 1238'

288 493 390 547 καὶ
421 487 502 563 μὴ
523 487 770 558 ἀναιρεῖν
798 483 994 540 ἑαυτὸν
1022 481 1114 540 τὸν
1129 482 1440 554 ξιφοδάτην,
1459 483 1668 552 ἀγαθόν
1683 502 1699 516 ο
1734 484 1798 540 τὸ
1819 485 1878 538 δε

1984 482 2090 538 lam
2123 491 2305 540 autem
2326 495 2438 538 non
2466 481 2672 549 vitiari,
2729 496 2832 538 nec
2857 481 2964 539 sibi
3003 497 3195 540 necem
3245 482 3443 544 afferre
3470 492 3572 560 qui

284 583 518 654 ἀγαθὸν,
545 583 580 653 ἠ
601 579 851 652 ἀλήθειαο
879 581 910 634 6
931 579 1067 644 Θεὸς
1095 579 1206 649 γὰρ
1237 577 1442 648 ἀγαθὸς
1462 575 1601 648 ὁμοῦ
1625 578 1721 632 καὶ
1737 577 1879 650 ἀλή-

1982 575 2226 648 gladium
2255 575 2442 645 dedit,
2488 576 2696 632 bonum
2733 585 2818 632 est
2851 577 3096 632 :bonum
3131 587 3317 634 autem
3368 585 3573 638 veritas

282 677 432 732 θεια.
448 675 664 745 tamen
685 669 781 728 οὖν
805 673 868 726 τὸ
883 672 1075 726 δοκοῦν
1095 671 1312 742 ψεῦδος,
1332 669 1566 742 ἀλήθεια
1576 670 1878 741 ὁμολογου-

285 771 426 840 μένη
449 764 611 822 εἶναι.
633 767 745 821 Καὶ
759 765 934 836 ἐθηκα
951 764 1051 837 τὴν
1069 765 1250 835 ψυχὴν
1271 767 1330 817 ἐν
1353 763 1431 834 τῷ
1449 763 1610 834 δῆθεν
1627 764 1877 818 δοκοῦντι

280 859 564 930 ψεύσματι
591 843 733 928 ὑπὲρ
759 854 854 910 τοῦ
878 855 1056 924 φίλουο
1082 855 1179 908 καὶ
1211 854 1452 926 ἔρρωται
1481 853 1878 926 ἀμφοτέρωθεν

281 957 318 1022 ὴ
345 952 560 1021 ἐντολήσ
588 951 690 1005 οὐκ
711 952 771 1004 ὲν
796 948 1103 1020 ψεύσματι,
1138 946 1256 1002 ἀλλ’
1285 951 1344 1002 ἐν
1387 947 1622 1020 ἀληθείᾳ
1650 949 1876 1002 τελειω-

282 1047 464 1100 θεῖσα.
499 1045 576 1099 Ού
613 1044 866 1116 μέντοιγε
890 1043 1079 1096 εἵνεκα
1117 1041 1343 1107 ἑαυτοῦ,
1371 1042 1461 1096 ἵνα
1491 1040 1568 1114 μὴ
1596 1043 1875 1106 ἀποθάνω,

278 1139 444 1191 τοῦτο
471 1140 648 1191 ποιεῖν
675 1139 802 1208 χρή⁸
844 1135 1044 1207 ψεῦδος
1071 1136 1182 1205 γὰρ
1209 1129 1336 1190 ὦδε.
1369 1135 1510 1188 Οὔτε
1541 1136 1650 1206 μὴν
1675 1135 1877 1205 ὀμόσαι

279 1235 344 1289 τὸ
375 1234 628 1301 καθόλου,
659 1234 786 1287 οὔτε
807 1233 937 1306 περ)⁵
965 1233 1164 1288 ἑαυτοῦ
1187 1272 1206 1299 ,
1230 1232 1356 1287 οῦτε
1386 1249 1454 1285 πε
1463 1232 1519 1302 pl.
1569 1232 1734 1288 ἄλλου
1767 1249 1878 1286 σω-

281 1329 504 1400 τηρίας
535 1327 827 1400 προφανὴς
857 1325 969 1397 γάρ
1007 1328 1043 1398 ἡ
1085 1325 1422 1398 παράϐασις.
1456 1323 1616 1378 υῦτω
1646 1325 1708 1378 τὸ
1747 1325 1875 1396 ἐμοὶ

283 1419 615 1489 φαινόμενον
647 1417 786 1488 ἔχει.
843 1419 1000 1472 Ἐπεὶ
1027 1418 1122 1472 καὶ
1151 1420 1185 1490 ἡ
1228 1419 1416 1489 Σάρρα
1455 1413 1580 1470 εἷπε
1610 1415 1690 1487 τῷ
1724 1417 1876 1470 Ἀϐι-

286 1512 478 1582 μέλεχ,
503 1512 589 1566 ὅτι
647 1509 908 1581 Ἀδελςοή
943 1513 1061 1581 ειμι
1093 1512 1203 1565 τοῦ
1242 1509 1522 1580 Ἀϐραάμ.
1555 1511 1667 1564 Καὶ
1687 1512 1716 1564 ό
1740 1527 1876 1582 προ-

283 1606 466 1676 φήτης
513 1603 788 1676 Ἱερεμίας
823 1605 941 1668 τοῖς
987 1604 1274 1676 ἐρωτῶσιν
1304 1604 1474 1660 αὑτὸν
1515 1603 1766 1676 ἄρχουσι·
1813 1603 1898 1676 Τί,

283 1714 386 1754 σοι
413 1695 588 1754 εἶπεν
616 1700 650 1753 ὁ
676 1697 984 1764 ,βασιλεύς
997 1713 1020 1764 ;
1047 1696 1179 1752 ἄλλο
1207 1696 1334 1751 ἀντὶ
1361 1696 1526 1752 ἄλλου
1570 1695 1872 1769 ἀπεκρίθη,

279 1789 474 1845 καθότι
503 1788 736 1844 ὑπέθετο
759 1789 912 1861 αὐτῷ
949 1791 978 1844 6
1007 1789 1266 1861 βασιλεὺς
1283 1828 1302 1853 ,
1328 1789 1440 1844 δέει
1478 1790 1714 1844 θανάτου
1733 1829 1750 1854 ,
1777 1791 1875 1843 καὶ

1979 678 2086 726 εει.
2119 667 2264 724 Deus
2287 668 2454 735 enim,
2477 669 2620 724 idem
2641 677 2697 726 et
2723 669 2902 726 bonus
2928 678 3013 726 est
3037 679 3094 726 et
3113 672 3334 728 veritas.
3370 672 3578 746 Depre-

1981 761 2214 817 hensum
2245 771 2329 816 est
2367 762 2536 833 igitur
2587 761 2642 816 id
2676 763 2821 834 quod
2864 763 3212 820 mendacium
3258 765 3574 834 videbatur,

1969 849 2102 910 'sine
2138 855 2512 911 controversia
2573 855 2856 911 veritatem
2916 870 3060 911 esse.
3104 855 3198 912 Sic
3243 866 3298 911 et
3327 858 3572 912 animam

1981 947 2165 1016 posui,
2199 948 2253 1001 in
2283 962 2348 1003 eo
2378 947 2631 1004 videlicet
2677 949 2824 1019 quod
2855 949 3200 1004 mendacium
3250 949 3535 1006 videbatur
3554 989 3576 1018 ,

1982 1039 2148 1095 amici
2180 1053 2370 1095 causa.
2399 1040 2464 1095 Et
2503 1041 2717 1094 salvum
2742 1049 2827 1096 est
2856 1056 2927 1096 ex
2964 1051 3196 1110 utraque
3226 1053 3380 1112 parte
3409 1059 3574 1098 man-

1981 1134 2194 1199 datum,
2227 1147 2336 1187 non
2363 1133 2418 1186 in
2449 1133 2736 1189 n'ieudacio
2761 1137 2855 1190 sed
2890 1135 2946 1189 in
2985 1135 3211 1192 veritate
3243 1139 3572 1207 praestitum.

1977 1223 2144 1280 Nefas
2201 1227 2390 1295 utique
2448 1227 2550 1280 hoc
2604 1226 2724 1280 fieri
2773 1242 2893 1284 mea
2943 1242 3146 1296 causa,
3198 1244 3268 1283 ne
3318 1231 3521 1284 moriar
3557 1249 3574 1284 :

1979 1314 2328 1369 mendacium
2359 1316 2504 1369 enim
2538 1324 2669 1371 tunc
2708 1325 2814 1373 est.
2847 1315 2963 1372 Nec
2987 1317 3290 1388 jurandum
3323 1322 3574 1389 omnino,

1979 1421 2160 1478 neque
2185 1423 2283 1478 pro
2328 1423 2428 1464 sua
2460 1409 2667 1480 ipsius,
2705 1425 2885 1481 neque
2930 1426 3034 1482 pro
3090 1412 3319 1468 alterius
3353 1414 3574 1470 salute:

1979 1499 2270 1556 manifesta
2301 1514 2386 1556 est
2431 1501 2575 1556 enim
2626 1501 2762 1572 legis
2793 1504 3040 1560 violatio.
3075 1504 3185 1567 Sic,
3217 1514 3279 1560 ut
3319 1507 3576 1576 equidem

1976 1593 2236 1658 arbitror,
2267 1609 2329 1648 se
2365 1610 2452 1650 res
2494 1595 2678 1650 habet.
2711 1595 2852 1650 Nam
2875 1607 2930 1652 et
2978 1599 3115 1654 Sara
3157 1599 3296 1654 dixit
3347 1602 3577 1656 Ahime-

1977 1684 2096 1763 lech
2125 1703 2139 1739 :
2170 1683 2336 1740 Soror
2363 1701 2482 1740 sum
2523 1687 2755 1743 Abrahae
2790 1688 2857 1743 ".
2911 1688 2978 1745 Et
3018 1689 3284 1747 Jeremias
3309 1677 3575 1763 propheta

1977 1761 2393 1836 Sciscitantibus
2446 1796 2514 1836 ex
2569 1797 2638 1837 eo
2677 1783 3019 1854 principibus
3075 1785 3268 1852 :Quid
3311 1761 3429 1841 itibi
3484 1804 3578 1842 rex

278 1883 404 1938 τότε
431 1883 658 1937 οἰκείου.
688 1883 800 1937 Καὶ
827 1885 909 1948 είς
935 1883 1006 1936 τά
1034 1881 1445 1954 ἀποφθέγματα
1471 1881 1586 1937 τῶν
1608 1883 1874 1955 Πατέρων

1978 1872 2116 1926 dixit
2141 1873 2164 1926 τ
2193 1875 2607 1945 responsionem
2647 1877 2756 1932 alio
2791 1876 3079 1947 derivavit,
3107 1883 3575 1952 quemadmodum

279 1975 591 2047 ἐμφέρεται
613 1975 676 2029 τὸ
702 1974 971 2032 τοιοῦτον.
995 1975 1061 2030 Et
1085 1975 1144 2029 δέ
1168 1993 1226 2030 τι
1257 1975 1424 2041 αὐτὸς
1450 1976 1604 2047 παρά
1627 1975 1880 2042 σεαυτοῦ,

277 2067 316 2139 ἢ
341 2069 473 2138 παρ’
501 2063 692 2140 ἐτέρου
716 2066 922 2136 εὕροις,
943 2068 1415 2141 φανερῶσαιήμῖν
1439 2068 1516 2140 μὴ
1537 2069 1880 2142 παραιτήσῃ,

280 2160 420 2233 πρὸς
449 2161 752 2230 ἐπίγνωσιν
779 2161 1039 2232 ἀληθείας
1062 2201 1080 2228 ,
1108 2162 1205 2214 καὶ
1254 2163 1542 2233 φωτισμὸν
1569 2162 1690 2226 νοὸς
1720 2161 1881 2234 ήμῶν

280 2250 556 2323 ἀμυδροῦ.
604 2251 710 2305 Τὸν
756 2252 1290 2322 συγκακοπαθοῦντά
1329 2269 1412 2307 σοι
1457 2253 1877 2325 προσαγορεύω.

289 2344 352 2396 '0
383 2345 481 2399 σὺν
509 2344 636 2415 ἐμοὶ
662 2347 1067 2430 προσαγορεύει
1092 2362 1176 2401 σε.

661 2637 755 2694 Μ’.
793 2666 865 2680 --
891 2637 1249 2706 Ναυκρατίφ
1285 2635 1496 2704 τέκνῳ.
1704 2635 1880 2713 {twn}

1978 1981 2076 2021 rex
2105 1967 2154 2022 ei
2189 1978 2558 2038 suggesserat,
2617 1981 2768 2027 metu
2821 1975 3038 2042 mortis,
3090 1984 3146 2030 et
3176 1984 3306 2032 tunc
3345 1980 3571 2048 quidem

1981 2060 2220 2132 propriae
2292 2061 2358 2116 “.
2420 2063 2489 2118 Et
2536 2063 2681 2120 inter
2755 2064 2982 2121 Patrum
3064 2069 3368 2125 sententias
3428 2071 3578 2127 istud

1974 2152 2156 2222 ipsum
2193 2153 2478 2210 inseritur.
2525 2155 2679 2223 Quod
2709 2158 2756 2213 si
2791 2158 2926 2229 quid
2961 2159 3048 2215 vel
3081 2175 3178 2231 per
3207 2172 3259 2216 te
3291 2163 3409 2233 ipse
3432 2201 3450 2230 ,
3488 2160 3580 2219 vel

1971 2246 2202 2302 alterius
2225 2263 2329 2318 ope
2355 2249 2655 2316 inveneris,
2673 2251 2988 2322 significare
3020 2256 3182 2310 nobis
3231 2271 3302 2311 ne
3321 2259 3570 2328 graveris

1973 2339 2044 2394 ad
2065 2340 2399 2410 agnitionem
2431 2343 2699 2410 veritatis,
2717 2360 2782 2399 ac
2799 2347 3000 2402 mentis
3019 2359 3224 2405 nostra
3261 2352 3566 2407 hebetioris

1975 2431 2474 2490 collustrationem.
2505 2434 2728 2491 Socium
2763 2453 3150 2496 aerumnarum
3181 2452 3399 2500 tuarum
3421 2446 3572 2501 salu-

1975 2533 2053 2580 to.
2083 2523 2188 2591 Qui
2213 2541 2429 2582 mecum
2459 2537 2546 2583 est
2575 2529 2809 2584 salutem
2838 2533 2936 2586 tibi
2977 2533 3132 2589 dicit.

2417 2641 2532 2700 XL.
2561 2675 2616 2685 -
2640 2643 2940 2702 Naucratio
2977 2649 3113 2720 ﬁlio.

1171 2776 1252 2829 De
1283 2777 1440 2841 lapsis
1463 2789 1739 2840 eorumque
1781 2777 1959 2839 poenis.
2009 2777 2207 2839 (Baron.
2237 2792 2320 2828 an.
2340 2779 2454 2842 816,
2494 2794 2543 2828 n.
2565 2780 2670 2846 19.)

349 2886 566 2953 Εῐωθας
602 2887 692 2941 ἀεὶ
740 2885 955 2957 μακρὸν
995 2884 1278 2940 ποιεῖσθαι
1328 2883 1392 2938 τὺ
1435 2886 1537 2956 τῆς
1585 2884 1886 2955 ἐπιστολῆς

276 2981 604 3053 προοίμιον·
645 2978 820 3033 πολλά
867 2981 1004 3050 ἡμῖν
1031 2979 1148 3043 τοῖς
1191 2976 1436 3044 ἀναξίοις
1482 2980 1780 3051 συμφέρων
1813 2983 1883 3033 τὰ

277 3073 536 3145 ἐγκώμια
559 3112 575 3138 ,
599 3073 700 3128 οὐκ
721 3072 853 3128 ὄντα
885 3071 1090 3144 ἀληθῆ,
1122 3072 1345 3143 φιλικῆς
1383 3072 1443 3126 δὲ
1468 3071 1768 3138 διαθέσεως
1794 3073 1881 3127 ὲν-

277 3169 572 3238 δείγματα.
609 3167 756 3237 Ἐγὼ
781 3167 841 3221 δὲ
866 3169 925 3222 ἐν
966 3167 1218 3240 βραχέσι.
1249 3166 1316 3221 Τί
1350 3166 1516 3222 τοῦτο
1539 3185 1554 3235 ;
1581 3167 1670 3222 ἵνα
1699 3169 1874 3237 ὑγιαί-

277 3277 393 3324 νοις
416 3262 476 3314 ἐν
499 3260 694 3332 Κυρίῳ
715 3300 732 3326 ,
761 3258 961 3328 ἀδελφέ
1000 3277 1126 3331 μου,
1153 3259 1489 3331 θερμότερος
1518 3260 1607 3313 ἀεὶ
1651 3261 1874 3330 γινόμε-

278 3370 374 3417 νος
400 3355 467 3425 τῇ
513 3354 705 3426 ἀγάπῃ
761 3353 1000 3424 Χριστοῦ
1048 3352 1348 3426 ὑποφέρειν
1379 3352 1451 3407 τὰ
1486 3353 1630 3425 ὑπὲρ
1681 3351 1870 3407 αὐτοῦ·

277 3446 400 3500 ἀλλ’
428 3446 657 3500 ούτίπου
698 3447 998 3518 ὑπολήγειν
1027 3448 1092 3501 ὲκ
1138 3446 1439 3518 ῥᾳθυμίας.
1488 3445 1601 3499 Καὶ
1651 3445 1738 3516 εῐη
1793 3463 1876 3499 σοι

279 3542 365 3594 ἔτι
399 3538 613 3610 ἔξαψιςο
646 3539 723 3604 ὡς
748 3540 816 3594 ἂν
846 3539 1069 3611 ἐπᾴδειν
1102 3554 1161 3592 σε
1205 3538 1346 3609 μετὰ
1371 3538 1539 3592 Δαὸὶδ
1565 3537 1660 3592 τοῦ
1688 3539 1872 3609 ἀγίουο

285 3631 398 3685 Ὃν
446 3633 674 3700 τρόπον
705 3629 982 3685 ἐπιποθεῖ
1019 3631 1060 3700 ἡ
1099 3630 1330 3700 ἔλαφος
1376 3630 1478 3685 ἐπὶ
1521 3632 1630 3698 τὰς
1678 3633 1876 3702 πηγὰς

275 3722 403 3778 τῶν
445 3721 705 3788 ὑδάτων,
751 3722 942 3788 οὕτως
962 3721 1242 3777 ἐπιποθεῖ
1273 3723 1313 3791 ἠ
1348 3721 1520 3792 ψυχή
1553 3741 1674 3793 μου
1725 3724 1876 3792 πρὸς

277 3831 377 3881 σε,
409 3818 444 3870 ὁ
479 3815 643 3881 Θεός.
697 3813 868 3868 Τοῦτο
905 3814 966 3868 δὲ
1009 3814 1254 3888 ἐνεργῶς
1287 3815 1467 3888 ᾄδοιεν
1501 3817 1568 3870 ἄν
1595 3833 1680 3880 τις
1707 3833 1874 3870 κεκα-

279 3907 565 3981 θαρμένην
603 3908 747 3979 ἔχων
787 3907 888 3978 τὴν
915 3908 1170 3981 καρδίαν,
1203 3908 1237 3980 ἦ
1267 3908 1702 3980 καθαιρομένην.
1740 3927 1760 3962 ι
1800 3903 1877 3964 Οὗ

275 4001 392 4072 γὰρ
441 3999 748 4071 κάθαρσις,
782 3997 858 4064 ὥς
887 4015 1055 4071 φησιν
1085 4001 1116 4054 6
1148 3999 1414 4069 Θεολόγος
1439 4039 1454 4066 ,
1503 3999 1794 4070 ἐλλαμψις.
1850 4018 1872 4052 ι

290 4097 384 4160 Ὠς
413 4093 661 4166 μακαρία
686 4096 720 4165 ἡ
749 4093 897 4164 ψυχὴ
931 4091 1096 4164 αὕτη,
1136 4093 1228 4162 ὑφ’
1269 4087 1340 4164 ἦς
1369 4093 1431 4146 τὸ
1467 4094 1650 4147 πάντα
1679 4094 1878 4148 παθεῖν

277 4193 372 4247 διὰ
399 4191 635 4262 Χριστὸν
656 4189 993 4261 ὲπιπόθητον
1023 4189 1169 4258 λίαν,
1201 4191 1298 4244 καὶ
1321 4189 1384 4242 τὺ
1411 4189 1693 4260 βδέλυγμα
1725 4191 1879 4262 ἡγεῖ-

279 4284 414 4339 σθαι
457 4281 607 4339 ἅπαν
651 4281 856 4352 σαρκὸς
897 4281 1080 4353 ἔργον.
1141 4279 1312 4347 Εῦξαι
1360 4277 1604 4354 [εὖξαι],
1655 4281 1876 4351 ἀδελφὲ,

275 4374 656 4448 ὁσφρανθῆναί
703 4391 774 4446 με
801 4374 903 4446 τῆς
950 4373 1182 4438 εὐωδίας
1221 4373 1468 4446 ταύτης,
1516 4375 1610 4427 τὸν
1637 4374 1874 4428 ὀδωδότα

276 4471 394 4532 τοῖς
427 4468 682 4522 πάθεσιν.
723 4461 892 4530 Οὗτος
921 4469 950 4521 6
985 4467 1206 4538 πρῶτος
1248 4467 1429 4536 λόγος.
1484 4466 1543 4520 ὐ
1589 4467 1875 4540 δεύτερος,

277 4561 415 4633 περὶ
457 4559 554 4614 τοῦ
605 4559 936 4614 ’Δνατολίου.
1004 4559 1096 4624 Ὠς
1125 4559 1372 4631 λυπηρόν
1422 4576 1515 4630 μοι
1555 4559 1618 4613 τὸ
1669 4561 1875 4631 πτῶμα

2062 2881 2293 2954 Semper
2313 2885 2507 2942 solitus
2523 2901 2583 2943 es
2602 2887 2874 2958 prolixius
2892 2887 3074 2949 facere
3093 2891 3398 2952 litterarum
3421 2912 3580 2955 exor-

1979 2975 2130 3031 dium
2165 2993 2180 3032 ;
2213 2977 2342 3032 dum
2365 2978 2600 3050 plurima
2639 2981 2696 3037 in
2719 2997 2818 3040 nos
2842 2985 2936 3055 qui
2963 2986 3175 3058 indigni
3200 3005 3414 3057 sumus,
3441 3008 3576 3047 con-

1977 3069 2122 3138 geris
2144 3072 2413 3139 encomia,
2440 3088 2552 3127 non
2583 3088 2708 3130 vera
2736 3076 2825 3132 illa
2848 3079 3092 3151 quidem,
3133 3083 3228 3139 sed
3251 3091 3432 3140 tamen
3457 3089 3578 3143 sin-

1978 3161 2189 3230 gularis
2244 3162 2640 3221 benevolentiae
2689 3181 3036 3239 argumenta.
3089 3175 3160 3228 At
3215 3191 3317 3247 ego
3360 3180 3574 3248 paucis.

1979 3252 2123 3320 Quid
2150 3254 2256 3310 hoc
2288 3255 2389 3320 ’ἔοι
2412 3265 2561 3313 recte
2616 3260 2798 3317 valeas
2827 3263 2882 3318 in
2932 3263 3190 3334 Domino,
3230 3267 3404 3324 frater
3455 3271 3573 3325 mi:

1993 3348 2292 3404 ferventior
2319 3349 2500 3408 factus
2557 3354 2614 3409 in
2645 3355 2783 3422 dies,
2825 3366 2941 3412 tum
2970 3367 3032 3414 ut
3072 3359 3277 3417 Christi
3307 3364 3577 3420 charitate

1976 3435 2245 3504 quidlibet
2266 3437 2442 3509 ipsius
2461 3456 2626 3497 causa
2649 3447 2990 3517 perpetiare,
3017 3457 3132 3504 tum
3156 3461 3217 3512 ut
3238 3453 3374 3508 nihil
3391 3471 3456 3509 ex
3481 3471 3578 3511 so-

1975 3530 2166 3584 cordia
2187 3535 2593 3601 praetermittas.
2623 3537 2804 3608 Atque
2834 3540 3044 3596 utinam
3070 3543 3255 3600 fervor
3282 3547 3382 3603 tibi
3411 3562 3573 3604 meu-

1977 3621 2046 3676 tis
2078 3624 2242 3691 adsit,
2273 3634 2334 3680 ut
2367 3641 2492 3681 cum
2531 3638 2726 3686 sancto
2777 3629 2978 3688 Davide
3031 3637 3215 3706 possis
3277 3640 3530 3698 accinere
3554 3683 3572 3699 .

1979 3715 2438 3779 Quemadmodum
2462 3719 2729 3782 desiderat.
2757 3740 2939 3780 cervus
2973 3727 3044 3782 ad
3083 3729 3253 3800 fontes
3287 3749 3575 3804 aquarum,

1978 3806 2055 3860 ita
2099 3809 2368 3865 desiderat
2435 3815 2620 3869 anima
2664 3832 2781 3872 mea
2810 3818 2882 3874 ad
2912 3827 2983 3888 te,
3025 3819 3168 3882 Deus
3197 3823 3263 3881 ¹⁸.
3300 3826 3358 3881 ld
3390 3837 3574 3882 autem

1977 3916 2179 3972 magno
2206 3907 2394 3961 animo
2427 3909 2710 3975 cecinerit,
2735 3912 2988 3985 quisquis
3022 3917 3106 3971 vel
3142 3929 3377 3990 purgato
3423 3922 3574 3992 jam-

1977 3996 2187 4050 dudum
2257 3999 2424 4055 corde
2463 4001 2662 4070 fuerit,
2692 4004 2780 4059 vel
2837 4009 3126 4079 purgando
3179 4013 3271 4067 det
3318 4029 3570 4083 operam.

1991 4104 2010 4137 ι
2046 4085 2146 4143 Ubi
2177 4089 2326 4144 enim
2353 4095 2606 4162 purgatio
2639 4105 2744 4163 est,
2774 4099 2929 4155 utait
2952 4099 3284 4174 Theologus,
3316 4107 3391 4161 ibi
3443 4107 3572 4164 illu-

1979 4177 2209 4234 minatio
2239 4181 2304 4236 “.
2333 4200 2355 4236 ι
2395 4181 2572 4250 Quam
2607 4186 2736 4242 felix
2769 4189 2862 4245 ille
2904 4192 3125 4251 animus
3157 4206 3262 4265 est,
3293 4198 3383 4254 cui
3411 4214 3571 4254 sum-

1977 4287 2068 4328 ma
2097 4284 2349 4332 votorum
2383 4287 2471 4334 est
2506 4283 2695 4338 omnia
2749 4295 2973 4358 propter
3001 4287 3280 4345 Christum
3311 4295 3520 4363 perpeti
3549 4311 3565 4347 :

1978 4375 2035 4422 et
2066 4367 2498 4428 abominandum
2546 4389 2778 4432 censere
2825 4392 2988 4437 omne
3009 4383 3195 4438 carnis
3225 4399 3364 4456 opus
3390 4387 3404 4440 ι
3437 4386 3567 4456 Ora,

1979 4459 2173 4531 frater,
2208 4471 2269 4519 ut
2296 4480 2523 4522 suavem
2563 4469 2712 4526 hunc
2742 4472 2968 4530 odorem
2990 4474 3269 4546 olfaciam,
3295 4487 3350 4534 et
3369 4495 3569 4535 aerum-

1979 4571 2174 4612 narum
2192 4562 2545 4630 perpessione
2561 4563 2857 4621 redoleam.
2886 4565 3014 4624 llaec
3037 4571 3188 4640 prior
3216 4587 3347 4642 pars
3363 4559 3573 4630 oratio-

279 4650 470 4705 αὐτοῦ·
505 4650 646 4724 πλὴν
677 4651 1030 4722 ἁπεδεξάμην
1063 4669 1159 4706 σου
1187 4651 1291 4723 τὴν
1321 4653 1586 4726 ἰατρείαν.
1625 4654 1747 4708 Ἔτι
1775 4651 1870 4708 οὖν

1978 4649 2086 4703 nis.
2117 4649 2326 4718 Altera,
2349 4652 2418 4708 de
2447 4654 2722 4711 Anatolio.
2758 4655 2935 4725 Quam
2967 4663 3203 4720 acerbus
3251 4666 3385 4721 mihi
3418 4665 3570 4722 illius

278 4743 648 4816 ἐπιμελήθητι
693 4744 862 4799 αὐτοῦ
893 4744 1204 4815 φιλαδέλφῳ
1250 4745 1512 4800 διαθέσει.
1563 4746 1622 4800 Ὁ
1651 4747 1871 4818 τρίτος,

277 4838 416 4909 περὶ
445 4831 521 4891 ὧν
550 4836 874 4910 προέτεινας
906 4836 1241 4908 κεφαλαίων.

353 5033 436 5089 A'.
487 5031 615 5087 Ἐὰν
645 5031 930 5105 ὀρθόδοξος
968 5032 1283 5106 διαϐληθεὶς
1321 5035 1398 5100 ὡς
1445 5037 1522 5110 μὴ
1573 5039 1870 5108 κοινωνῶν,

277 5131 492 5202 ποιήσῃ
541 5127 797 5200 σταυρὸν,
843 5127 1232 5181 ὄτιΚοινωνῶο
1265 5128 1434 5200 μηδὲν
1466 5128 1656 5201 ἕτερον
1699 5131 1872 5184 πολυ-

277 5219 700 5292 πραγμονηθεὶς
725 5219 880 5291 παρὰ
905 5219 1016 5274 τῶν
1034 5219 1356 5290 αἱρετικῶνο
1377 5221 1545 5274 αὐτοῦ
1572 5222 1630 5274 δὲ
1658 5221 1877 5294 ἔχοντος

283 5312 525 5384 ιρύσδην
541 5311 620 5383 τῷ
635 5310 906 5382 λογισμῶ’
937 5312 1133 5384 ὅτιπερ
1161 5310 1255 5377 Ἐξ
1284 5311 1570 5384 όρθοδόξου
1602 5317 1878 5370 κοινωνῶν

280 5403 421 5471 εἰμι’
463 5404 564 5456 οὐκ
594 5402 880 5473 οἰκονομία
921 5401 986 5456 τὸ
1006 5401 1272 5467 τοιοῦτον,
1308 5403 1446 5457 ἀλλά
1487 5404 1750 5474 προδοσία
1777 5409 1876 5478 τῆς

281 5495 563 5566 ἀληθείας.
581 5497 654 5550 T6
681 5496 958 5568 ἐπιτίμιον
985 5497 1359 5569 ἡμισευμένον
1385 5498 1523 5569 πρὸς
1547 5500 1640 5554 τὸν
1659 5501 1878 5572 όλοτρόο

276 5603 400 5650 πως
426 5590 492 5658 τῇ
522 5587 733 5658 αἱρέσει
767 5589 1200 5661 κοινωνήσαντα.
1239 5589 1412 5643 Πόσον
1439 5591 1496 5646 δὲ
1542 5592 1604 5646 τὸ
1629 5593 1872 5648 τοιοῦτον

269 5678 385 5752 ἠδη
415 5678 822 5751 προερωτηθεὶς
850 5682 947 5734 καὶ
969 5680 1324 5753 ἀποκριθεὶς,
1355 5684 1614 5756 περιττόν
1643 5685 1759 5740 ἐστι
1788 5685 1872 5750 δὶς

271 5770 352 5824 τὰ
377 5769 519 5822 αὐτὰ
542 5771 963 5827 ἐπανακυκλεῖν.

1972 4742 2159 4813 lapsus
2190 4746 2430 4802 exstitit!
2470 4745 2575 4804 Sed
2601 4758 2785 4806 tamen
2813 4753 3038 4823 gavisus
3057 4771 3180 4812 sum
3204 4761 3570 4820 medicahoue

1971 4843 2085 4888 tua.
2119 4835 2314 4892 Adhuc
2347 4838 2513 4908 igitur
2547 4841 2694 4898 illius
2735 4859 2928 4902 curam
2963 4849 3108 4904 habe
3154 4851 3400 4909 fraterno
3437 4856 3570 4912 alie-

1971 4939 2088 4987 ctu.
2120 4930 2328 5000 Tertia,
2360 4935 2429 4989 de
2455 4937 2730 5006 capitibus
2755 4955 2878 5010 qua:
2921 4946 3278 5014 proposuisti.

2045 5023 2087 5077 ἰ.
2109 5022 2167 5078 Si
2187 5026 2533 5085 orthodoxus
2549 5042 2842 5090 accusatus
2859 5033 3004 5105 quod
3031 5053 3143 5094 non
3173 5045 3567 5113 communicet,

1970 5116 2116 5173 facta
2161 5133 2327 5176 cruce
2348 5121 2547 5178 dixerit
2583 5143 2598 5181 :
2634 5125 2996 5188 Communico
3031 5171 3049 5200 ,
3076 5134 3215 5190 nihil
3247 5137 3300 5192 ei
3328 5140 3569 5210 amplius

1976 5213 2180 5282 negotii
2225 5212 2627 5275 facessentibus
2675 5220 2950 5280 haereticis
2984 5227 3170 5294 ;clam
3219 5242 3404 5287 autem
3446 5235 3569 5304 ipso

1976 5307 2212 5363 habente
2234 5309 2381 5364 istud
2415 5309 2472 5364 in
2503 5313 2711 5381 animo,
2779 5331 2907 5373 cum
2942 5321 3266 5380 orthodoxis
3315 5341 3570 5383 commu-

1975 5403 2138 5470 nico;
2175 5419 2285 5460 non
2309 5407 2650 5476 dispensatio
2685 5411 2832 5469 istud
2865 5424 2966 5484 est,
3015 5416 3110 5474 sed
3151 5419 3393 5489 proditio
3425 5427 3568 5480 veri-

1973 5499 2126 5553 tatis.
2155 5497 2450 5556 Dimidium
2481 5503 2612 5560 huic
2641 5507 2988 5566 subeundum
3012 5523 3189 5582 paenae
3225 5531 3348 5585 quae
3377 5519 3424 5572 ei
3449 5529 3568 5573 sta-

1974 5592 2150 5646 tuitur
2174 5593 2270 5664 qui
2297 5595 2456 5665 plane
2486 5597 2680 5656 haeresi
2720 5607 3168 5664 communicarit.
3191 5608 3406 5676 Quanta
3433 5629 3568 5669 vero

1969 5698 2034 5739 ea
2062 5685 2152 5753 sit,
2182 5702 2308 5741 cum
2356 5688 2425 5743 ad
2458 5690 2852 5764 interrogatum
2875 5696 2989 5766 jam
3030 5709 3190 5755 antea
3227 5718 3568 5773 responsum

1964 5781 2057 5844 sit,
2085 5794 2546 5850 supervacaneum
2590 5796 2674 5842 est
2693 5787 2780 5844 bis
2811 5791 2999 5846 eadem
3039 5794 3260 5851 iterare.

358 5886 402 5918 ⁸³
437 5885 575 5944 Gen.
613 5903 708 5952 χιι,
743 5887 794 5944 1.
846 5913 852 5918 -
900 5889 944 5921 ³⁵
973 5888 1172 5946 Jerem.
1208 5907 1435 5960 xxxvm,
1486 5893 1556 5949 25
1595 5910 1748 5967 seqq.
1836 5899 1901 5999 ιδ.

1978 5897 2056 5952 sal.
2095 5913 2205 5963 xw,
2231 5897 2317 5952 15.
2399 5899 2441 5931 ¹⁶
2464 5897 2623 5971 Greg.
2652 5900 2784 5961 Naz.
2817 5915 2960 5964 orat.
2983 5910 3072 5978 59,
3094 5927 3197 5985 pag
3229 5915 3360 5976 718.
