4054 6364
519 306 660 373 1239
1697 314 1760 374 S.
1791 313 2186 376 THEODORI
2220 315 2568 383 STUDITiE
3663 323 3800 390 ιειο

584 426 652 484 ll.
687 424 747 482 Si
777 426 905 497 quis
946 426 1240 497 impiorum
1281 416 1492 493 suasu,
1544 442 1738 484 eorum
1791 426 2098 497 conspectui

2283 429 2360 486 B'.
2414 431 2540 486 Ἐαν
2569 447 2655 496 τ.ς
2699 433 2840 504 τεὺς
2869 433 3254 506 πληροφορίαν
3284 435 3400 493 τῶν
3447 439 3673 496 ἀσεϐῶν
3718 445 3802 496 ἐπ’

437 595 440 600 _
509 519 708 592 prodat
742 520 1120 592 presbyterum
1181 521 1483 576 latitantem
1525 530 1748 590 propter
1777 527 1941 575 rectae
1976 518 2102 574 ﬁdei

511 615 731 684 dogma,
761 627 863 668 nec.
891 613 1178 668 haereticos
1212 620 1756 675 commemorantem,
1779 620 1836 666 et
1882 611 1952 665 ab
1986 609 2109 681 ipso

512 709 611 762 ﬁat
671 721 955 761 sacrorum
1010 706 1398 776 mysteriorum
1441 703 1756 775 particeps:
1787 711 1842 758 et
1868 703 1973 759 iste
1997 745 2014 770 ,
2047 713 2111 758 ut

513 798 763 868 proditor
786 797 1057 862 veritatis,
1089 799 1142 851 in
1177 811 1394 868 poenam
1427 812 1573 851 anno
1610 811 1721 852 uno
1746 813 1776 850 a
1800 797 1974 852 sacris
2012 797 2110 851 ab-

515 891 741 947 stineat.

583 981 675 1037 Ill.
726 981 785 1038 Si
833 983 957 1054 quis
1013 981 1283 1052 iuraverit
1333 995 1435 1037 nec
1493 996 1553 1038 se
1603 981 1845 1037 divinam
1910 981 2103 1052 imagi-

514 1091 640 1133 nem
675 1079 1056 1139 adoraturum,
1089 1091 1188 1131 nec
1221 1075 1559 1132 orthodoxos
1590 1077 1890 1132 monachos
1918 1091 2108 1132 susce-

514 1180 736 1240 pturum
770 1186 786 1230 ;
848 1179 970 1238 post
1005 1168 1394 1238 jusjurandqu
1454 1178 1637 1224 autem
1673 1169 1888 1238 culpam
1933 1183 2104 1238 agno-

515 1277 676 1318 scens
737 1262 1045 1332 resipiscat,
1075 1272 1130 1315 et
1195 1264 1388 1316 adoret
1445 1261 1660 1317 occulte
1699 1279 1714 1318 :
1752 1277 1918 1333 grave
1967 1261 2105 1316 deli-

510 1363 659 1410 ctum
693 1371 709 1419 ;
737 1355 849 1424 jam
905 1353 1184 1410 Christum
1235 1353 1327 1408 ille
1358 1367 1424 1408 ac
1453 1353 1738 1424 Deiparam
1786 1363 1840 1408 et
1885 1363 2106 1408 sanctos

511 1445 748 1516 ejuravit
781 1463 794 1498 :
824 1444 1002 1499 tribus
1038 1444 1201 1500 annis
1245 1445 1334 1500 ille
1363 1444 1564 1500 divinis
1599 1444 1873 1515 mysteriis
1911 1458 2105 1499 arcea-

515 1549 624 1606 tur,
661 1555 770 1595 non
802 1540 922 1596 sine
953 1553 1150 1610 magna
1190 1533 1550 1594 humanitate.

585 1631 674 1687 IV.
712 1629 915 1700 Siquis
964 1645 1061 1699 per
1093 1631 1620 1700 metumimaginem
1637 1628 1841 1685 Christi
1877 1637 2102 1700 pungat,

508 1723 597 1778 vel
641 1724 817 1779 sancti
865 1721 1202 1793 cujuslibet;
1263 1737 1358 1795 per
1403 1739 1610 1778 annum
1656 1738 1684 1775 a
1717 1722 2108 1778 communione

511 1815 889 1887 prohibeatur.

585 1906 650 1962 V.
687 1907 743 1963 Si
767 1908 892 1980 quis
921 1908 1180 1966 sacerdos
1222 1906 1542 1964 bareticum
1580 1904 1798 1976 publice
1862 1916 2105 1958 comme-

513 2006 713 2057 moret.
751 1997 1003 2067 privatim
1032 2009 1213 2053 autem
1242 1997 1312 2051 ab
1333 1995 1648 2050 orthodoxo
1671 1995 1856 2064 aliquo
1897 1995 1952 2048 in
1983 2008 2107 2048 ora-

514 2089 719 2144 torium
752 2100 1003 2154 vocatus,
1032 2102 1469 2144 commemorare
1513 2087 1826 2142 haereticum
1863 2086 2002 2141 nolit
2032 2100 2104 2140 an

511 2181 831 2252 religiosum
865 2179 1146 2235 hominem
1178 2186 1393 2249 oportet
1421 2177 1476 2231 in
1499 2177 1743 2233 oratorio
1770 2178 1877 2232 isto
1913 2190 2106 2248 preces

511 2289 776 2344 peragere
805 2273 828 2327 ἰ
853 2271 1094 2326 Minime.

582 2366 676 2422 Vl.
701 2367 785 2422 An
826 2368 1001 2436 possit
1031 2363 1233 2434 aliquis
1286 2373 1454 2431 recte,
1488 2365 1619 2418 dum
1672 2369 1896 2433 peccata
1923 2361 2104 2432 ptenis

511 2461 716 2531 expiat,
735 2461 1010 2516 asciscere
1045 2459 1284 2528 aliquem
1319 2458 1421 2513 sibi
1447 2457 1660 2511 socium
1683 2455 1750 2510 ad
1774 2455 2102 2512 levationem

509 2567 706 2624 poenae.
739 2552 898 2606 Circa
927 2552 1376 2607 communionem
1403 2549 1651 2619 quidem,
1681 2549 1910 2603 minime
1941 2565 1956 2598 :
1997 2548 2104 2602 cir-

510 2660 576 2700 ca
606 2644 711 2699 alia
740 2653 948 2711 autem,
990 2659 1103 2698 non
1149 2644 1380 2698 omnino
1421 2641 1870 2712 improbandum.
1914 2638 2102 2711 Neque

510 2757 643 2798 vero
672 2740 1041 2812 eleemosynis
1083 2756 1180 2811 per
1217 2756 1277 2796 se
1323 2740 1441 2810 ipse
1482 2748 1662 2809 potest
1698 2728 2000 2809 quidquam
2033 2753 2102 2793 ex

512 2851 582 2891 eo
613 2835 939 2892 subtrahere
970 2834 1116 2902 quod
1157 2843 1242 2890 est
1293 2832 1602 2888 deﬁnitum.
1663 2831 1802 2886 Nam
1857 2832 1952 2902 qui
1981 2845 2101 2901 pa:-

512 2944 641 2983 nam
678 2929 906 2998 irrogat,
943 2927 1097 2982 novit
1145 2927 1374 2981 omnino
1429 2935 1485 2980 et
1517 2939 1832 2996 personam.
1871 2933 1925 2978 et
1958 2933 2099 2979 tem-

510 3037 639 3092 pus,
672 3030 725 3076 et
746 3022 1000 3092 adjuncta
1028 3019 1385 3090 perpendere,
1415 3029 1476 3074 ut
1516 3019 1744 3073 relaxet.
1778 3016 1913 3072 Nam
1942 3026 2096 3072 certo

511 3113 640 3176 ﬁne,
686 3113 844 3183 juxta
877 3127 1123 3168 canones
1173 3111 1270 3181 qui
1303 3119 1436 3165 sunt
1485 3112 1875 3180 contingenter
1903 3109 2094 3180 positi,

510 3221 618 3260 non
677 3214 915 3274 possunt
961 3205 1065 3260 ista
1124 3203 1564 3272 comprehendi:
1630 3201 2094 3272 quemadmodum

513 3311 747 3366 magnus
779 3297 896 3366 ipse
922 3295 1162 3350 Basilius
1203 3296 1344 3349 dixit
1369 3295 1434 3348 ".
1479 3293 1623 3349 Dans
1655 3294 1803 3348 enim
1837 3293 2099 3364 episcopo

512 3399 836 3460 potestatem
869 3387 1106 3458 augendi
1147 3403 1214 3441 ac
1237 3386 1570 3449 remittendi,
1614 3402 1724 3441 non
1757 3402 1822 3441 ex
1857 3387 2100 3442 necessi-

510 3493 624 3540 tate
644 3483 896 3538 videlicet
912 3482 1250 3538 ineluctabili
1275 3496 1550 3536 canonem
1571 3481 1778 3545 sanxit,
1801 3479 1894 3534 sed
1918 3479 2098 3549 quoad

511 3578 635 3648 ejus
666 3575 784 3632 ﬁeri
815 3583 1034 3646 potest:
1084 3585 1142 3629 ut
1170 3575 1263 3645 qui
1297 3575 1412 3640 dat,
1455 3572 1923 3643 quemadmodum
1979 3572 2097 3639 (let,

509 3671 716 3725 videat.
749 3667 937 3742 Neque
969 3666 1118 3722 enim
1163 3681 1264 3738 ego
1295 3664 1521 3720 humilis
1553 3664 1843 3719 deﬁniendi
1883 3664 2092 3734 cupidi-

511 3773 624 3820 tate
661 3763 758 3818 sed
795 3763 844 3816 vi
875 3761 1128 3826 adactus,
1163 3769 1218 3814 et
1249 3758 1470 3828 quidem
1501 3757 1666 3812 dandi
1697 3755 1917 3812 consilii
1963 3772 2098 3811 cau-

511 3875 594 3925 sa,
625 3866 684 3912 ut
723 3871 867 3926 saepe
892 3855 1007 3909 dixi
1047 3852 1352 3923 respondeo
1386 3851 1452 3905 ad
1487 3851 1796 3920 propositas
1819 3848 1952 3903 mihi
1979 3850 2097 3906 sive

509 3967 542 4007 a
582 3957 656 4015 te,
713 3950 831 4004 sive
882 3948 952 4002 ab
991 3945 1101 4001 alio
1142 3945 1499 4016 quaestiones.
1551 3941 1825 3998 Caeterum
1859 3957 1960 4011 pro
2006 3957 2095 3997 me

511 4039 705 4096 humili
734 4053 960 4110 precare
990 4054 1004 4091 :
1031 4051 1132 4107 pro
1159 4035 1371 4090 viribus
1407 4049 1566 4105 Opem
1599 4033 1668 4088 iis
1695 4033 1966 4104 praabens,
1997 4033 2092 4104 qui

510 4145 732 4206 propter
781 4132 960 4188 Studii
988 4130 1204 4199 negotia
1231 4130 1526 4196 dimicant,
1559 4129 2005 4198 quandocunque
2039 4138 2096 4182 et

509 4227 830 4296 ubicunque
884 4222 1094 4278 valebis
1149 4221 1206 4277 in
1256 4221 1514 4277 Domino.
1575 4217 1788 4274 Salutat
1837 4226 1889 4274 te
1926 4217 2094 4274 frater

506 4317 809 4373 Nicolaus.’

579 4431 722 4486 XLI.
753 4460 828 4472 —
859 4427 1152 4499 Theophila
1187 4425 1382 4498 Ephesi
1422 4423 1734 4498 [episcopo].

2211 519 2404 592 δψεσιν
2438 523 2623 578 αὐτῶν
2663 524 2880 594 ἐνεγκο.
2929 529 3390 601 κρυπταξόμενον
3429 534 3805 607 πρεσϐύτερον

2210 613 2355 666 κατά
2385 613 2444 667 τὸ
2468 614 2571 686 τῆς
2599 613 2912 687 όρθοδοξίας
2937 619 3141 690 δόγμα,
3163 621 3262 675 καὶ
3295 622 3431 694 μηδὲ
3461 623 3803 695 ἀναφέροντα

2208 705 2508 775 αἱρετικόνο
2537 707 2636 761 καὶ
2667 708 2807 778 πρὸς
2828 711 2996 764 αὐτοῦ
3025 711 3246 783 μεθέξοι
3278 714 3390 768 τῶν
3412 715 3799 786 ἀγιασμάτωνο

2210 795 2306 847 καί
2336 787 2493 859 οὗτος
2529 795 2607 860 ὡς
2636 798 2909 872 προδότης
2943 800 3044 872 τῆς
3071 801 3369 873 ἀληθείας,
3421 807 3488 858 τὸ
3522 807 3804 876 ἐπιτίμιον

2210 885 2385 956 ἐχέτω
2408 887 2658 946 ἐνιαυτὸν
2684 890 2898 964 ἀποχὴν
2924 892 3036 946 τῶν
3067 893 3451 965 ἀγιασμάτων.

2279 979 2357 1034 1".
2410 981 2538 1036 Ἐάν
2564 999 2650 1046 τις
2683 983 2890 1054 ὀμόσας
2923 983 3000 1057 μὴ
3031 989 3362 1057 προσκυνεῖν
3401 987 3560 1044 θείαν
3589 992 3800 1054 εἰκόνα.

2213 1072 2343 1144 μήτ’
2388 1069 2457 1128 αὗ
2506 1073 2765 1142 δέξασθαι
2817 1077 3101 1149 ὀρθόδοξον
3142 1079 3482 1149 μονάζονταο
3516 1084 3660 1151 μετὰ
3702 1086 3804 1154 τὴν

2209 1165 2560 1237 ὁρκωμοσίαν
2584 1166 2745 1232 εἰδὼς
2771 1169 2834 1223 τὸ
2862 1171 3118 1240 πταῖσμα
3135 1209 3152 1235 ,
3184 1176 3420 1245 μετανοῇ
3447 1215 3464 1238 ,
3499 1175 3600 1230 καὶ
3633 1191 3802 1247 προσ-

2211 1259 2347 1328 κυνῇ
2393 1259 2688 1330 κρυπτῶςο
2734 1260 2876 1334 βαρὺ
2923 1263 2986 1318 τὸ
3011 1263 3218 1336 πτῶμα
3238 1281 3254 1296 ο
3290 1266 3392 1338 ἤδη
3419 1265 3652 1339 ἔξαρνος
3679 1270 3803 1340 ἐγέ-

2208 1367 2332 1406 νετο
2362 1351 2604 1424 Χριστοῦ
2629 1393 2645 1418 ,
2687 1355 2790 1426 τῆς
2841 1374 2900 1411 τε
2952 1358 3220 1413 Θεοτόκου
3245 1399 3260 1426 ,
3315 1360 3411 1414 καὶ
3446 1361 3560 1416 τῶν
3603 1363 3798 1432 ἁγίων·

2208 1443 2398 1515 τριετῆ
2423 1445 2615 1516 χρόνον
2643 1447 2917 1519 εἰργέσθω
2947 1451 3059 1506 τῶν
3081 1452 3464 1525 ἀγιασμάτων,
3496 1454 3597 1508 σὺν
3629 1455 3798 1530 πολλῇ

2210 1532 2408 1602 φιλανθ
2416 1535 2625 1608 ρωπίᾳ.

2279 1627 2354 1682 Δ’.
2409 1628 2539 1682 Ἐάν
2579 1647 2666 1694 τις
2694 1631 2906 1702 χρίσειε
2935 1633 3196 1699 δεδοικὼς
3219 1636 3408 1692 εἰκόνα
3450 1637 3692 1710 Χριστοῦ
3715 1680 3733 1704 ,
3761 1641 3798 1711 ἦ

2209 1734 2352 1781 τινος
2379 1718 2491 1772 τῶν
2521 1720 2714 1791 ἁγίων·
2741 1725 2994 1780 ἐνιαυτὸν
3024 1726 3299 1798 εἰργέσθω
3321 1728 3424 1800 τῆς
3454 1733 3765 1796 κοινωνίας.

2278 1891 2362 1947 E'.
2417 1895 2543 1949 Ἐάν
2561 1913 2648 1961 τις
2691 1898 2873 1969 ἱερεὺς
2900 1899 3154 1975 ἀναφέρῃ
3182 1901 3275 1956 τὸν
3305 1901 3585 1975 αἰρετικδν
3629 1907 3799 1978 δημο-

2208 1983 2321 2054 σίᾳο
2360 1985 2472 2058 ἰδίᾳ
2499 1987 2557 2042 δὲ
2592 1991 3083 2062 προσκαλούμενος
3114 1993 3222 2048 ὑπό
3252 2010 3398 2060 τινος
3422 1996 3709 2068 ὀρθοδόξου
3737 2001 3800 2052 ὲν

2205 2076 2520 2151 εὐκτηρίῳ,
2577 2083 2863 2139 στέλλεται
2912 2085 3216 2158 ἀναφέρειν
3264 2087 3356 2143 τὸν
3403 2089 3714 2155 αίρετικόνο
3746 2094 3799 2145 εἰ

2205 2166 2315 2238 ἄρα
2341 2170 2400 2224 ὲν
2427 2170 2508 2243 τῷ
2527 2173 2759 2245 τοιούτῳ
2785 2175 3064 2249 εὐκτηρίῳ
3089 2176 3184 2232 τὸν
3216 2177 3422 2249 ἀκριϐῆ
3449 2179 3531 2232 δεῖ
3560 2183 3800 2253 προσεύ-

2205 2259 2432 2329 χεσθαι;
2478 2263 2766 2334 Οὐδαμῶς.

2278 2354 2371 2420 (τ’.
2425 2353 2552 2408 Ἐάν
2575 2373 2662 2420 τις
2688 2357 2781 2410 ἐπὶ
2805 2356 2886 2428 τῷ
2904 2358 3091 2429 οἰκείῳ
3110 2359 3372 2431 ἐπιτιμίῳ
3391 2359 3622 2414 δύναται
3651 2363 3797 2416 κατά

2204 2440 2362 2512 λόγον
2390 2445 2797 2516 προσλαϐέσθαι
2820 2449 2946 2504 ἰινά
2980 2451 3060 2514 εἰς
3098 2452 3503 2524 ὲπικουφισμὸν
3540 2452 3636 2506 τοῦ
3671 2456 3796 2507 ἑπι-

2204 2535 2426 2606 τιμίου;
2483 2537 2579 2592 ἐπὶ
2619 2538 2720 2608 μὲν
2767 2541 2869 2612 τῆς
2905 2542 3226 2606 κοινωνίας,
3257 2543 3549 2614 οὐδαμῶς·
3602 2546 3699 2600 ἐπὶ
3739 2545 3796 2600 δὲ

2202 2625 2312 2679 τῶν
2358 2626 2559 2689 ἄλλων,
2597 2629 2699 2682 οὐκ
2734 2629 3067 2702 ἀπόϐλητον.
3113 2629 3253 2685 Οῦτε
3296 2630 3356 2686 δὲ
3392 2632 3794 2702 ἑλεημοσύναις

2167 2763 2170 2768 .
2201 2715 2404 2772 δύναιτ’
2429 2719 2498 2773 ἂν
2535 2720 2792 2790 ὑφαιρεῖν
2811 2739 2868 2776 τι
2901 2723 2999 2776 τοῦ
3029 2723 3262 2796 ὁρισμοῦ
3301 2724 3380 2789 ὡς
3417 2725 3515 2795 ἀφ’
3570 2726 3790 2781 ἑαυτοῦ.

2213 2806 2273 2863 '0
2301 2810 2411 2882 γὰρ
2439 2812 2813 2882 ἐπιτιμιάζων
2834 2809 2945 2868 οἵδε
2977 2813 3200 2878 πάντως
3220 2813 3317 2870 καὶ
3345 2815 3672 2886 πρόσωπον,
3700 2819 3794 2870 καὶ

2199 2901 2414 2971 χρόνον,
2459 2905 2556 2958 καὶ
2599 2905 2668 2960 τὰ
2701 2906 2861 2970 ἐκτὸς
2904 2907 3226 2977 δοκιμάζειν
3266 2908 3407 2980 πρὸς
3453 2909 3518 2962 τὸ
3551 2910 3792 2980 ὑφεῖναι.

2203 2995 2354 3068 Ὅρῳ
2383 2997 2493 3068 γὰρ
2543 2997 2639 3051 ἐπὶ
2671 2998 2783 3052 τῶν
2827 2999 3197 3070 ἐνδεχομένως
3227 3001 3502 3070 κειμένων
3546 3003 3794 3056 κανόνων

2203 3087 2522 3157 περιλαϐεῖν
2565 3089 2636 3144 τὰ
2673 3089 2900 3144 τοιαῦτα
2927 3091 3028 3162 οὐχ
3057 3086 3170 3145 οἷόν
3214 3108 3273 3146 τε
3296 3130 3312 3155 ,
3337 3091 3528 3158 καθὼς
3564 3095 3729 3158 αὐτὸς
3765 3097 3794 3148 6

2125 3159 2167 3214 (ἶ
2205 3181 2381 3250 μέγας
2434 3182 2717 3248 Βασίλειος
2765 3159 3172 3256 εἰρηκεξνΔοὺς
3216 3184 3328 3255 γὰρ
3378 3183 3459 3254 τῷ
3504 3187 3794 3260 ὲπισκόπῳ

2201 3272 2454 3339 ἐξουσίαν
2481 3275 2803 3346 προσθήκης
2837 3276 2935 3330 καὶ
2961 3277 3242 3345 ὐφέσεως.
3269 3277 3372 3331 οὐκ
3398 3277 3458 3344 ἐξ
3487 3279 3792 3350 ἀναγκαίου

2201 3369 2370 3439 ἤγουν
2418 3369 2800 3440 ἀπαραιτήτου
2835 3369 2927 3424 τὸν
2959 3371 3164 3424 κανόνα
3193 3369 3373 3434 ἔθετο.
3421 3372 3542 3427 ἀλλ’
3578 3374 3792 3445 ἐνδεχοο

2203 3459 2402 3529 μένωςο
2423 3459 2565 3514 ὥστε
2593 3462 2622 3516 6
2645 3458 2844 3526 διδοὺς.
2875 3461 3121 3533 βλεπέτω
3147 3461 3268 3524 πῶς
3289 3461 3443 3518 διδοῖ.
3478 3465 3656 3534 Κάγὼ
3682 3468 3792 3538 γὰρ

2196 3553 2226 3604 6
2263 3552 2522 3618 ταπεινὸς
2571 3553 2670 3624 οὐχ
2719 3555 3054 3625 ὁριστικῶς,
3112 3553 3230 3610 ἀλλ’
3281 3553 3594 3620 ὲκϐιαστῶς
3622 3597 3638 3619 ,
3669 3559 3791 3628 ἦτοι

2199 3642 2707 3715 συμϐουλευτικῶς,
2737 3647 2814 3712 ὡς
2860 3647 3126 3712 πολλάκις
3153 3648 3384 3722 εἴρηκα,
3413 3651 3792 3722 ἀποκρίνομαι

2197 3738 2333 3808 πρὸς
2356 3737 2457 3802 τὰς
2489 3741 2918 3816 προτεινομένας
2950 3759 3046 3814 μοι
3072 3744 3184 3798 είτε
3223 3745 3328 3800 ύπὺ
3357 3745 3475 3812 σοῦ,
3507 3747 3620 3799 είτε
3652 3747 3790 3817 παρ’

2194 3828 2358 3884 ἄλλου
2382 3831 2628 3897 πεύσεις.
2659 3833 2734 3886 T6
2755 3833 2940 3888 λοιπὸν
2969 3835 3276 3907 προσεύχου
3301 3839 3432 3910 περί⁸
3458 3838 3559 3908 τῆς
3589 3855 3790 3892 ταπει-

2193 3923 2414 3988 νιῦσεώς
2447 3942 2572 3996 μου·
2623 3925 2834 3998 βοηθῶν
2861 3927 2924 3982 τὸ
2966 3931 3110 3982 κατὰ
3151 3929 3386 4003 δύναμιν
3428 3936 3542 3996 τοῖς
3589 3935 3672 3996 εἰς
3719 3932 3792 3986 τά

2193 4013 2444 4068 Στουδίου
2473 4015 2811 4081 ὲναθλοῦσιν,
2847 4019 3083 4090 ἐπείπερ
3101 4022 3196 4076 καὶ
3223 4022 3474 4095 ὅπουπερ
3493 4023 3558 4078 ἀν
3587 4023 3790 4096 ίσχύῃς

2192 4111 2251 4166 ἐν
2287 4108 2498 4181 Κυρίῳ.
2539 4111 2598 4165 '0
2627 4111 2855 4182 ἀδελφὸς
2887 4111 3154 4179 Νικόλαος
3185 4115 3589 4188 προσαγορεύει
3621 4133 3716 4173 σε.

2467 4421 2607 4479 MA'.
2644 4455 2715 4466 —-
2753 4427 3022 4496 Θεοφίλῳ
3048 4424 3160 4495 τῆς
3207 4423 3678 4499 Ἐφέσου.[τιζ’.]

1487 4540 1563 4590 De
1595 4540 1782 4590 sanctis
1806 4537 2118 4603 imaginibus.
2149 4540 2164 4602 (
2198 4540 2374 4589 Baron.
2405 4551 2484 4588 an.
2509 4537 2621 4600 816,
2643 4553 2694 4588 n.
2721 4537 2822 4604 41.)

578 4654 647 4710 Ει
683 4667 896 4714 sacram
941 4649 1234 4722 epistolam
1281 4657 1432 4704 tuam
1487 4646 1676 4716 accepi
1708 4655 1970 4716 tanquam
2001 4648 2089 4704 di-

2267 4650 2378 4703 Καὶ
2404 4647 2504 4722 τὴν
2534 4649 2690 4720 ἱεράν
2721 4666 2817 4704 σου
2854 4648 3132 4721 συλλαϐὴν
3169 4646 3443 4718 ἐδεξάμην
3470 4646 3544 4709 ὡς
3572 4645 3795 4716 βιϐλίον

501 4748 714 4804 vinitus
739 4747 1006 4815 scriptum
1033 4744 1278 4804 libellum
1301 4780 1318 4808 ,
1367 4751 1423 4796 et
1468 4737 1740 4810 eulogiam
1771 4739 1938 4796 simul
1975 4755 2096 4796 sus-

503 4841 626 4908 cepi
665 4839 832 4894 veluti
873 4837 1082 4892 amoris
1114 4834 1556 4890 incitamentum.
1586 4831 1654 4887 Et
1678 4831 1804 4902 quis
1837 4847 1940 4902 ego
1966 4848 2090 4894 sum

504 4931 696 4997 miser,
713 4929 810 5001 qui
836 4944 872 4984 a
902 4937 1095 4984 sancto
1113 4943 1208 4984 ore
1224 4937 1321 4982 tuo
1342 4927 1423 4981 sic
1439 4925 1651 4990 lauder,
1669 4925 1765 4996 qui
1794 4940 1895 4980 nec
1915 4927 2091 4982 corri-

503 5026 648 5097 giam
677 5023 1035 5078 calceamenti
1073 5021 1153 5077 tui
1184 5021 1398 5078 solvere
1427 5018 1629 5090 dignus
1657 5033 1781 5074 sum
1806 5017 1831 5073 ?
1865 5020 1946 5078 En
1979 5019 2086 5074 bu-

506 5115 762 5170 rnilitatis
825 5113 994 5168 Deum
1056 5112 1372 5168 aemulantis
1428 5111 1760 5182 proprietas.
1817 5108 1920 5176 Tu,
1951 5111 2087 5168 bea-

503 5208 720 5264 tissime
742 5207 926 5272 Pater,
959 5205 1056 5274 qui
1090 5214 1146 5260 et
1181 5219 1415 5274 magnus
1445 5205 1669 5265 diceris.
1709 5213 1765 5260 et
1783 5204 2086 5268 extolleris,

503 5315 569 5355 ac
597 5297 916 5370 praedicaris
939 5293 1150 5349 Orienti
1177 5303 1344 5364 atque
1366 5292 1674 5357 Occidenti,
1698 5295 1923 5349 maximi
1959 5311 2091 5364 apo-

501 5386 1032 5457 stoli,evangelistat
1078 5399 1144 5440 ac
1180 5384 1420 5454 theologi
1457 5385 1716 5440 thronum
1742 5385 1905 5456 digne
1948 5400 2084 5440 con-

499 5463 775 5537 decorans
809 5494 908 5550 per
955 5492 1018 5533 ea
1062 5494 1187 5550 qua:
1213 5493 1410 5550 passus
1440 5493 1521 5541 es,
1575 5485 1631 5530 et
1685 5479 1888 5546 pateris
1919 5478 2088 5532 etiam

502 5587 672 5636 iiunc,
703 5581 908 5628 sancta:
925 5571 1111 5630 carnis
1153 5582 1260 5628 tuae
1287 5568 1553 5642 sanguine
1591 5567 1760 5622 vitam
1783 5568 2087 5637 illustrans,

503 5673 555 5718 et
595 5663 742 5735 pingi
773 5664 1058 5722 Christum
1117 5665 1386 5723 conﬁtens
1434 5670 1492 5718 ut
1547 5675 1896 5731 corporeum,
1954 5677 2087 5728 non,

582 5775 626 5809 "
653 5775 790 5831 Cant.
825 5778 915 5863 7‘4.

2191 4740 2517 4812 θεόγραφον,
2568 4742 2664 4795 καὶ
2723 4740 2823 4812 τὴν
2872 4742 3129 4811 εὐλογίαν
3193 4738 3661 4809 συναπεδεξάμην
3716 4741 3794 4802 ὡς

2189 4833 2358 4888 πόθου
2385 4832 2741 4904 ὲμπύρευμα.
2769 4835 2881 4887 Καὶ
2907 4834 2991 4898 τίς
3021 4836 3140 4904 εἰμι
3169 4833 3282 4905 ἐγὼ
3308 4836 3338 4888 6
3363 4832 3532 4896 τάλας
3549 4830 3794 4885 τοιαῦτα

2188 4931 2345 5004 παρὰ
2371 4931 2466 4986 τοῦ
2502 4931 2658 5000 ἁγίου
2689 4949 2785 4985 σου
2815 4934 3086 5002 στόματος
3114 4931 3550 5004 εὐφημούμενος,
3581 4932 3614 4983 6
3649 4930 3792 5001 μηδὲ

2184 5023 2281 5077 τοῦ
2306 5023 2466 5078 λῦσαι
2500 5024 2592 5077 τὸν
2630 5023 2834 5095 ἱμάντα
2864 5024 2958 5078 τοῦ
2989 5024 3336 5096 ὑποδήματος
3389 5040 3486 5078 σου
3517 5021 3787 5088 ὲπάξιοςς

2190 5115 2296 5169 Ἴδε
2336 5115 2844 5187 ταπεινοφροσύνης
2885 5117 3226 5188 θεομιμήτου
3260 5114 3550 5186 ἰδιώματα.
3586 5115 3666 5166 Σὺ
3689 5158 3708 5185 ,
3741 5112 3788 5171 ὦ

2188 5207 2575 5278 μακαριώτατε
2612 5209 2922 5281 προπάτορ,
2951 5209 3124 5280 μέγας
3149 5210 3250 5262 καὶ
3279 5207 3642 5278 λαλούμενος,
3679 5229 3788 5282 με-

2186 5295 2551 5368 γαλυνόμενός
2598 5315 2658 5350 τε
2703 5300 2798 5352 καὶ
2829 5298 3226 5370 ἐπαινούμενος
3271 5298 3531 5370 ’Δνατολῇ
3566 5316 3630 5353 τε
3688 5302 3787 5355 καὶ

2185 5389 2367 5442 Δύσεισ
2401 5390 2431 5442 6
2467 5388 2562 5444 τοῦ
2597 5392 2857 5462 μεγίστου
2903 5391 3261 5457 ’Δποστόλου,
3291 5391 3691 5461 εὐαγγελιστοῦ
3723 5410 3786 5446 τε

2188 5484 2283 5535 καὶ
2317 5481 2575 5553 θεολόγου
2627 5487 2918 5557 κοσμήσας
2951 5486 3043 5538 τὸν
3078 5486 3269 5559 θρόνον
3310 5485 3512 5551 ἐπάξια
3535 5525 3550 5549 ,
3597 5485 3670 5538 δι’
3705 5479 3787 5539 ὧν

2185 5570 2454 5642 ἧθληκας,
2485 5573 2581 5627 καὶ
2614 5574 2696 5628 ἔτι
2730 5575 2913 5640 ἀθλεῖς
2941 5615 2958 5641 ,
2998 5576 3196 5650 αἵμασι
3235 5576 3442 5648 σαρκός
3481 5592 3577 5629 σου
3610 5576 3786 5644 ἁγίας

2184 5661 2516 5733 λαμπρύνας
2552 5664 2645 5718 τὸν
2679 5664 2816 5736 βίον,
2849 5668 2945 5721 καί
2980 5667 3216 5740 Χριστὸν
3245 5666 3520 5738 ὁμολογῶν
3552 5665 3785 5738 ἐγγρά-
