4054 6364
295 363 429 431 1241

1480 359 2020 422 EPISTOLARUM
2072 363 2221 425 LIB.
2267 364 2352 426 II.

3402 377 3540 444 1242

292 480 493 551 φεσθαι
521 476 597 543 ὡς
622 474 959 548 ἐνσώματον,
988 474 1108 529 ἀλλ’
1132 472 1255 545 οὑχὶ
1278 472 1355 537 ὥς
1379 474 1428 528 οἱ
1456 473 1676 537 ἀσεϐεῖς
1703 476 1835 546 ἐξαρ

1934 474 2112 538 ,sicut
2140 476 2295 547 impii
2331 475 2562 544 faciunt,
2625 493 2856 550 negans.
2889 483 3113 552 quando
3144 483 3361 560 depingi
3409 506 3536 547 eum

290 574 569 643 νούμενοςο
611 571 700 624 ἐπ’
743 569 809 624 ἂν
851 571 912 624 οὑ
944 568 1190 639 δέχονται
1220 566 1386 622 αὑτὸν
1433 566 1855 639 εἱκονιζόμενον.

295 668 363 722 Ὃ
386 665 497 736 γὰρ
521 664 623 717 οὑκ
647 662 992 727 εἱκονὶζεται,
1024 661 1145 715 οὑδέ
1172 658 1505 730 ἐνσώματον.
1548 660 1653 713 Ἐῶ
1676 658 1857 727 λέγειν

285 760 480 829 ὅτιπερ
509 757 606 811 καὶ
634 755 864 825 ἄγγελος
891 754 968 808 ὢν
996 753 1309 824 ἀσώματος,
1338 754 1624 823 αἰσθηταῖς
1651 753 1855 809 εἰκόσιν

287 852 394 906 ὑπὸ
421 851 530 905 τῶν
558 850 825 918 θεολόγων
845 846 1261 917 ἀναγράφεσθαι
1291 846 1667 918 παραδέδοται.
1700 847 1764 899 Οἱ
1796 846 1855 899 δὲ

282 947 381 1000 καὶ
417 942 511 997 τὸν
534 941 848 1012 ἐνσώματον
869 940 1155 1008 δεσπότην,
1183 940 1278 993 καὶ
1307 938 1397 992 τὸν
1420 938 1710 1010 ἀσώματον
1740 938 1857 992 δοῦ·

281 1040 398 1102 λον,
427 1036 649 1107 προσέτι
679 1036 775 1089 καὶ
801 1036 900 1105 τήν
932 1050 993 1087 τε
1022 1032 1116 1087 τοῦ
1145 1030 1279 1085 Θεοῦ
1309 1031 1557 1103 Μητέρα,
1592 1032 1691 1085 σὺν
1717 1032 1853 1084 πᾶσι

282 1131 493 1201 Κυρίου
523 1128 872 1200 θεράπουσιν,
898 1128 1160 1197 ῆρνηνται
1186 1123 1600 1193 ἐγγεγράφθαι,
1635 1122 1722 1176 διὰ
1745 1122 1854 1175 τῶν

280 1223 509 1277 εἰκόνων
537 1221 805 1293 ἀριδήλως
845 1216 1355 1289 συναπαρνοὺμενοι
1392 1216 1464 1269 τὰ
1494 1215 1849 1285 πρωτότυπα.

280 1318 405 1373 Οὐδ’
430 1317 562 1372 αὑτὸ
587 1316 742 1369 τοῦτο
773 1312 1100 1375 ἐννοοῦντες,
1129 1313 1211 1365 ὃτι
1238 1314 1305 1382 τῇ
1332 1311 1614 1383 παραδοχῇ
1643 1310 1737 1363 τοῦ
1772 1311 1852 1365 ol-

278 1412 429 1466 κεὶου
455 1408 800 1481 χαρακτῆρος
828 1406 889 1460 τὸ
901 1408 1121 1475 κρατεῖν
1148 1406 1383 1475 ἔχουσιν·
1410 1404 1510 1456 οὑκ
1526 1402 1853 1476 ἀφαιρεθέν.

273 1520 370 1565 τος
410 1502 443 1570 ἦ
471 1499 888 1572 ἀτιμασθέντος,
936 1496 1214 1568 ἀφῄρηται
1243 1495 1487 1567 δηλονότι
1524 1495 1621 1549 καὶ
1646 1494 1851 1565 ἠτίμω-

275 1611 368 1647 ται
434 1592 614 1645 αὑτῶν
665 1590 728 1643 τὸ
782 1588 1006 1662 κράτος.
1056 1588 1197 1641 Ἀλλ’
1246 1589 1395 1658 ὅμως
1453 1587 1516 1640 οὑ
1571 1585 1849 1656 βούλονται

276 1684 521 1737 συνιέναι
548 1682 645 1737 τοῦ
671 1682 961 1752 ἀγαθῦναι.
1004 1680 1266 1744 Ἐκεὶνοις
1291 1679 1390 1748 μὲν
1417 1674 1513 1732 οὖν
1541 1680 1622 1741 εἱς
1645 1677 1850 1747 κέντρα

272 1773 552 1839 λακτίζειν
580 1774 714 1829 ἐστι.
744 1774 812 1827 Σὲ
841 1773 898 1826 δὲ
926 1774 961 1844 ἡ
992 1773 1229 1842 κραταιά
1272 1772 1395 1844 χεὶρ
1436 1768 1849 1842 περιφυλάξειεν

1960 581 2067 621 non
2100 568 2416 625 admittunt.
2450 569 2605 638 Quod
2622 573 2769 627 enim
2801 587 2913 629 non
2932 577 3534 653 exprimiturimagine,

1960 674 2060 715 nec
2092 676 2415 731 corporeum
2441 664 2661 734 quidem
2691 676 2795 723 est.
2827 667 2982 723 Mitto
3006 670 3191 726 dicere
3225 676 3370 743 quod
3402 691 3529 732 cum

1960 752 2189 821 angelus
2220 753 2575 825 incorporeus
2613 758 2703 825 sit,
2747 774 2845 829 per
2868 763 3157 819 sensibiles
3205 765 3472 846 imagines
3501 785 3536 826 a

1956 843 2223 912 theologis
2253 850 2485 919 exprimi
2543 852 2804 906 traditum
2838 863 2939 909 est.
2989 853 3056 909 Hi
3096 864 3279 911 autem
3338 843 3535 929 corpoo

1956 948 2110 988 reum
2147 934 2460 1003 Dominum,
2527 949 2582 994 et
2636 941 3027 1011 incorporeum
3080 943 3369 1010 famulum,
3417 947 3534 1003 Με-

1954 1034 2204 1097 tremque
2232 1027 2324 1085 Dei
2357 1030 2584 1101 insuper
2613 1048 2739 1088 cum
2792 1034 3051 1091 omnibus
3090 1035 3307 1092 Domini
3369 1039 3536 1094 mini-

1955 1119 2083 1175 stris
2121 1120 2339 1192 depingi
2366 1135 2657 1193 negarunt,
2697 1142 2793 1196 per
2831 1128 3096 1198 imagines
3130 1130 3382 1187 videlicet
3401 1149 3533 1204 pro-

1954 1220 2136 1283 totypa
2169 1214 2284 1282 ipsa
2328 1215 2493 1270 simul
2533 1227 2815 1287 negantes.
2849 1217 3039 1289 Neque
3091 1223 3194 1277 hoc
3220 1222 3530 1292 intelligen-

1953 1313 2057 1370 tes,
2078 1320 2141 1359 ea
2191 1308 2425 1376 propriae
2470 1308 2657 1380 ﬁgura:
2695 1320 2748 1366 et
2801 1312 3135 1368 characteris
3181 1318 3531 1385 susceptione

1950 1398 2059 1451 vim
2097 1413 2249 1454 suam
2277 1408 2332 1454 et
2362 1408 2560 1456 statum
2592 1402 2841 1459 obtinere
2867 1421 2883 1460 :
2912 1420 3023 1474 quo
3056 1406 3291 1467 sublato.
3316 1409 3399 1463 vel
3432 1409 3533 1464 de-

1949 1491 2145 1546 decore
2197 1490 2411 1556 aﬂ‘ecto,
2439 1494 2650 1548 tollitur
2700 1496 2891 1563 procul
2932 1497 3122 1565 dubio,
3158 1508 3214 1554 et
3260 1500 3531 1557 dedecore

1949 1583 2183 1639 allicitur
2233 1601 2423 1641 eorum
2469 1588 2550 1642 vis
2601 1589 2783 1645 omnis
2836 1600 2892 1645 et
2951 1590 3215 1661 dignitas.
3272 1594 3529 1652 Attamen

1949 1676 2252 1746 intelligere
2281 1678 2478 1732 nolunt
2530 1687 2591 1732 ut
2632 1679 2772 1735 bene
2820 1689 3005 1749 agant.
3047 1681 3162 1740 illis
3193 1694 3376 1739 autem
3427 1685 3527 1740 ad-

1947 1782 2142 1822 versus
2168 1767 2449 1820 stimulum
2485 1769 2775 1824 calcitrare
2829 1770 2985 1826 libet.
3034 1770 3112 1827 Te
3149 1789 3279 1828 vero
3334 1788 3530 1844 potens

270 1866 357 1928 εἱς
404 1865 560 1927 κλέος
603 1864 701 1934 τῆς
737 1860 931 1916 ἑαυτοῦ
993 1860 1356 1929 Ἑκκλησὶας,
1397 1859 1474 1923 ὡς
1520 1857 1734 1921 στύλον,
1778 1856 1835 1909 ὡς

1957 1874 2155 1915 manus
2208 1860 2482 1915 custodiat
2510 1863 2576 1917 ad
2629 1862 2857 1933 gloriam
2895 1862 3155 1919 Ecclesia:
3179 1881 3312 1931 suae,
3339 1875 3398 1921 ut
3431 1882 3529 1922 co-

271 1955 581 2028 ἑδραίωμα,
621 1956 700 2019 ὡς
728 1956 1034 2026 πρόμαχον.
1059 1952 1171 2007 Καὶ
1187 1951 1392 2022 ἵδοιμέν
1424 1967 1484 2004 σε
1499 1952 1548 2004 οἱ
1575 1950 1846 2013 ταπεινοὶ,

268 2048 307 2120 ἢ
344 2048 495 2103 ἐνθεν
529 2048 624 2101 ἐπὶ
669 2048 769 2119 τὴν
809 2048 1088 2103 ’Δσιάτιδα
1115 2045 1285 2117 χθόνα
1323 2042 1842 2113 ἐπαναστρέφοντα·

267 2141 351 2203 ὡς
398 2143 447 2194 οἱ
500 2141 670 2194 πάλαι
699 2140 808 2195 ἀπὸ
846 2143 947 2212 τῆς
995 2142 1053 2193 ἐν
1090 2139 1299 2209 Πάτμῳ
1332 2136 1581 2208 φυλακῆς
1610 2136 1704 2190 τὸν
1749 2134 1846 2187 τοῦ

267 2232 608 2301 Εὑαγγελὶου
634 2232 806 2304 ἥλιονο
838 2232 872 2302 ἢ
904 2234 961 2285 ἐν
981 2232 1231 2304 οὐρανοῖς
1257 2230 1444 2284 ἐπάνω
1472 2228 1606 2283 δέκα
1638 2228 1848 2282 πόλεων

270 2323 607 2396 ἱεραρχικῶς
636 2322 1016 2394 δοξαζόμενον.

638 2438 776 2493 ΜΡ’.
812 2470 883 2480 -
920 2438 1226 2505 Θαλελαίφ
1251 2436 1461 2500 τέκνῳ.
1481 2432 1671 2507 1τκγ¹

1954 1950 2223 2016 lumuam,
2274 1962 2334 2007 ut
2394 1952 2835 2022 fundamentum,
2890 1966 2952 2010 ut
3010 1960 3525 2028 propugnaculum:

1943 2042 2335 2114 videamusque
2386 2053 2440 2099 te
2478 2046 2738 2110 humiles,
2780 2058 2875 2103 aut
2939 2048 3065 2104 inde
3136 2050 3189 2103 in
3215 2051 3519 2105 Asiaticam

1943 2140 2141 2187 terram
2168 2135 2507 2204 redeuntem,
2555 2138 2699 2193 sicut
2744 2138 2822 2194 illi
2857 2140 2988 2196 olim
3018 2157 3084 2195 ex
3140 2142 3312 2196 Patmi
3343 2154 3527 2199 custo-

1941 2226 2029 2280 dia
2059 2226 2229 2282 solem
2269 2227 2593 2300 Evangelii;
2636 2240 2731 2287 aut
2793 2233 2851 2287 in
2908 2235 3064 2290 caelis
3114 2251 3283 2307 supra
3327 2236 3520 2293 decem

1945 2319 2198 2377 civitates
2234 2323 2279 2356 ¹⁸
2302 2323 2576 2393 pontiﬁcis
2605 2326 2779 2396 gloria
2799 2327 3141 2384 decoratum.

2363 2435 2525 2493 XLII.
2565 2468 2636 2478 —
2670 2438 2933 2495 Thalelwo
2971 2442 3105 2511 ﬁlio.

261 2551 572 2619 Dogmatica.
626 2551 704 2601 De
752 2552 938 2602 sanctis
988 2548 1307 2613 imaginibus.
1369 2548 1622 2619 Adversus
1681 2546 1974 2619 Gregorium
2032 2543 2463 2619 Adelphiensem,
2505 2550 2594 2611 qui
2655 2548 2994 2600 lconomachis
3053 2550 3346 2602 adhaeserat.
3396 2552 3524 2605 Tum

1504 2609 1835 2670 Chrysostomi
1867 2609 2003 2657 locus
2035 2609 2331 2668 explicatur.

342 2724 412 2776 Ἀ
448 2721 547 2793 μὲν
579 2716 674 2776 οὑν
712 2720 993 2791 ἐσήμανας
1014 2718 1104 2772 διά
1131 2718 1230 2788 τῆς
1254 2716 1544 2786 ἐπιπολῆς
1572 2715 1838 2785 ἐπέγνων,

258 2816 475 2869 τέκνον·
527 2813 564 2869 ἃ
612 2814 669 2867 δὲ
715 2811 826 2881 ἐγὼ
868 2808 1274 2881 ἀποκρινοῦμαι
1327 2824 1441 2868 σοι,
1484 2806 1660 2861 ταῦτά
1703 2807 1840 2860 ἐστι’

2012 2713 2144 2781 Quae
2172 2715 2394 2785 quidem
2444 2732 2543 2787 per
2587 2718 2802 2775 litteras
2858 2720 3202 2792 significasti,
3237 2724 3374 2792 haec,
3425 2728 3521 2783 fili.

1938 2807 2179 2876 perlegi:
2213 2823 2335 2877 quae
2361 2809 2605 2865 vicissim
2638 2812 2810 2866 habeo
2837 2813 2934 2867 tibi
2968 2814 3171 2881 dicere,
3226 2816 3342 2873 hac
3372 2832 3519 2875 sunt.

214 2888 219 2891 ἠ
256 2907 636 2961 Στέλλεσθαι
664 2901 824 2972 ἡμᾶς
852 2901 972 2956 ἀπὸ
1003 2899 1230 2966 παντὸς
1272 2898 1541 2968 ἀδελφοῦ
1575 2896 1835 2963 ἀτάκτως

1943 2898 2180 2956 Sanctus
2216 2900 2514 2971 Apostolus
2543 2903 2809 2972 praecipit,
2837 2916 2897 2957 ut
2927 2906 3303 2965 subtrahamus
3331 2928 3424 2966 nos
3453 2916 3519 2968 ab

255 2995 737 3066 περιπατοῦντος
760 3035 775 3059 ,
810 2992 1183 3063 διακελεύεται
1220 2993 1249 3045 6
1297 2991 1443 3062 ἱερὸς
1497 2989 1838 3051 Ἀπόστολος.

1938 2993 2084 3046 omni
2104 2993 2273 3062 fratre
2296 2994 2601 3049 ambulante
2637 2997 2943 3054 inordinate
2969 3001 3033 3054 ".
3071 3002 3358 3068 Quomodo
3387 3022 3519 3080 ergo

256 3088 391 3151 Πῶς
433 3084 526 3140 οὖν
565 3086 713 3153 λέγει
741 3085 1042 3156 Γρηγόριος
1070 3086 1099 3137 6
1134 3083 1246 3137 τῶν
1284 3082 1599 3151 ’Ᾱδελφὶων,
1629 3080 1835 3172 ἀλόγως

1940 3083 2072 3137 dicit
2097 3084 2390 3154 Gregorius
2440 3086 2843 3156 Adelphiensis,
2891 3106 2987 3146 vos
3047 3093 3225 3164 ipsum
3277 3100 3519 3154 aversari

256 3181 411 3250 ὑμᾶς
439 3179 599 3233 αὑτὸν
625 3176 1097 3249 ἀποστρέφεσθαι,
1130 3175 1294 3228 ὁπότε
1324 3175 1486 3237 αὑτὸς
1523 3174 1623 3244 οὑχ
1652 3171 1835 3235 ἁπλῶς

1943 3173 2063 3227 sine
2095 3188 2259 3229 causa
2295 3177 2561 3245 :quando
2609 3178 2728 3248 ipse
2764 3195 2872 3234 non
2927 3191 3135 3238 tantum
3200 3185 3515 3244 inordinate

254 3272 549 3333 ἀτάκτως,
589 3269 898 3340 ὁλοτρόπως
930 3269 987 3322 δὲ
1024 3267 1346 3339 συναπήχθη
1387 3268 1501 3331 τοῖς
1530 3264 1835 3335 Εἱκονομά-

254 3379 376 3434 χοις
400 3402 416 3425 ,
449 3360 776 3432 ὑπογράψας
802 3364 870 3432 τῇ
899 3360 1129 3431 αἱρέσει,
1170 3358 1463 3412 συνεσθὶων
1491 3375 1548 3411 τε
1573 3358 1667 3410 καὶ
1699 3372 1836 3426 συμ-

255 3453 434 3507 πίνων
466 3454 560 3506 καὶ
603 3452 1180 3523 συναναστρεφόμενος
1212 3451 1440 3515 αὑτοῖς;
1482 3450 1547 3502 El
1588 3449 1644 3503 δέ
1686 3449 1835 3517 λέγοι

256 3541 744 3612 μετανενοηκέναι,
764 3541 859 3594 καὶ
879 3541 1133 3608 ἐπιτίμια
1155 3541 1399 3609 κρατεῖν·
1426 3538 1654 3602 δειξάτω
1677 3536 1836 3590 τοῦτο

250 3635 325 3689 δι’
358 3635 641 3705 ἐγγράφου
682 3632 974 3704 ὁμολογίας
999 3672 1015 3698 ,
1063 3630 1482 3701 ἀναθεματὶςων
1510 3647 1569 3683 τε
1594 3631 1722 3693 τοὺς
1750 3632 1836 3683 αἱ-

255 3728 509 3797 ρετικοὺς
535 3728 632 3779 σὺν
657 3728 724 3796 τῇ
751 3724 989 3796 αἱρέσει,
1009 3724 1103 3778 καὶ
1137 3722 1403 3793 μηδαμῶς
1432 3722 1834 3791 συναπτόμενος

249 3818 463 3879 αὑτοῖς.
494 3817 641 3878 Ἕως
671 3816 715 3868 δ’
750 3815 817 3870 ἂν
844 3815 1005 3868 τοῦτο
1027 3814 1087 3867 οὑ
1118 3816 1269 3885 ποιῇ,
1301 3812 1668 3882 άποτρόπαιος
1703 3812 1832 3883 ὑμῖν

248 3909 400 3961 ἔστω
430 3910 544 3971 τοῖς
572 3906 932 3977 φοϐουμένοις
960 3907 1051 3959 τὸν
1081 3904 1304 3977 Κύριον.
1338 3904 1519 3968 Δόλιος
1546 3906 1655 3975 γάρ
1683 3906 1831 3958 ἐστιν

247 4000 309 4051 ἐν
350 3999 711 4070 προσποιήσει
740 3998 1095 4069 ἐπιστροφῆς,
1126 3996 1493 4067 ὑφελκόμενος
1518 3992 1692 4066 ὑμᾶς,
1734 3996 1830 4049 καὶ

248 4089 603 4160 ὑποσπείρων
622 4089 813 4158 λόγους
832 4088 913 4141 λοι
922 4087 1141 4159 μώδεις,
1165 4088 1238 4151 ὡς
1262 4089 1326 4141 ἐκ
1356 4087 1647 4158 προσώπου
1670 4085 1829 4157 δῆθεν

245 4183 363 4236 τῶν
394 4182 673 4236 ἐναντίων.
721 4180 885 4233 Ὅθεν
928 4182 993 4234 σὺ
1038 4180 1114 4244 ὼς
1155 4180 1504 4247 ἀτελέστερος
1554 4179 1830 4247 ἐμπαρεὶς

244 4274 318 4343 τῇ
347 4270 583 4336 διαλέξει
603 4270 770 4324 αὑτοῦ
796 4270 1087 4340 ἠπόρηκας
1115 4271 1192 4332 εἱς
1211 4268 1373 4321 τοῦτο
1400 4270 1644 4321 κάκεῖνο.
1662 4267 1822 4334 Ἀλλ’,

246 4363 444 4435 ἐπειδὴ
488 4363 699 4435 ᾔτησας
726 4364 824 4433 τὴν
852 4362 1028 4428 λύσιν,
1057 4362 1235 4427 δέξαιο
1278 4363 1535 4424 συνετῶς.
1568 4362 1643 4415 Τὸ
1670 4364 1825 4433 εἱρη-

1937 3266 2203 3330 ambulat,
2242 3266 2338 3322 sed
2374 3268 2441 3323 ad
2464 3271 2684 3326 eosdem
2730 3273 2890 3343 plane
2922 3292 3104 3333 mores
3157 3295 3280 3335 cum
3322 3283 3516 3337 lcono-

1935 3359 2146 3414 machis
2183 3360 2381 3417 abduci
2408 3378 2468 3418 se
2498 3380 2695 3433 passus
2741 3374 2849 3433 est,
2899 3370 3257 3430 subscribens
3287 3375 3505 3441 haeresi,

1933 3465 2061 3504 cum
2097 3452 2233 3522 ipsis
2270 3454 2417 3520 cibo,
2458 3465 2613 3525 potu,
2679 3462 3078 3518 consuetudine
3132 3468 3462 3535 conjunctus
3497 3472 3511 3523 !

1933 3540 2088 3609 Quod
2150 3545 2194 3598 si
2226 3545 2426 3601 dixerit
2457 3549 2759 3618 resipuisse
2809 3567 2894 3620 se,
2951 3570 3016 3611 ac
3054 3556 3236 3611 delicti
3295 3575 3512 3630 pinnam

1941 3636 2266 3704 exsolvere;
2302 3639 2406 3694 hoc
2444 3640 2561 3710 ipsa
2601 3643 2908 3714 subscripta
2957 3646 3305 3707 confessione
3339 3655 3511 3724 signi-

1931 3726 2076 3791 ﬁcet,
2110 3729 2396 3785 haereticos
2424 3747 2549 3786 cum
2591 3732 2787 3790 haeresi
2819 3738 3318 3805 anathematizaus,
3357 3746 3511 3798 omni

1930 3833 2055 3874 cum
2095 3820 2231 3890 ipsis
2277 3823 2531 3877 amicitia:
2579 3825 2965 3895 conjunctione
3008 3833 3255 3899 praecisa.
3298 3835 3349 3889 Id
3379 3852 3513 3891 vero

1929 3912 2105 3967 donec
2133 3913 2395 3981 eﬂ‘ecerit,
2429 3917 2498 3970 sit
2526 3917 2617 3972 ille
2639 3918 2975 3976 detestabilis
2998 3924 3155 3979 vobis
3182 3926 3273 3994 qui
3301 3928 3505 3985 timetis

1929 4001 2242 4060 Dominum.
2278 4005 2457 4061 Nectit
2493 4008 2639 4063 enim
2680 4010 2858 4075 dolos,
2897 4012 3028 4066 dum
3065 4015 3503 4084 resipiscentiam

1927 4092 2173 4157 simulat,
2209 4095 2464 4151 irretiens
2495 4111 2614 4162 vos,
2641 4107 2696 4153 et
2721 4100 3014 4168 pestiferos
3053 4104 3266 4159 occulte
3287 4120 3504 4161 sermo-

1927 4198 2025 4238 nes
2064 4199 2277 4252 serens,
2309 4194 2572 4257 tanquam
2621 4203 2687 4243 ex
2727 4206 2961 4259 persona
2994 4193 3243 4251 videlicet
3302 4196 3502 4253 adver-

1926 4276 2220 4332 sariorum.
2246 4276 2400 4335 Unde
2418 4288 2495 4346 tu,
2516 4291 2701 4351 utpote
2718 4284 3062 4352 imbecillior,
3084 4287 3234 4343 illius
3254 4292 3504 4347 oratione

1928 4367 2110 4435 laesus,
2145 4369 2294 4426 circa
2338 4371 2444 4427 hoc
2499 4381 2554 4428 et
2591 4374 2726 4429 illud
2788 4376 2996 4433 haesisti
3052 4380 3221 4433 animi
3278 4382 3498 4439 dubius.

246 4458 411 4510 κέναι
460 4455 551 4509 τὸν
596 4455 1006 4527 Χρυσόστομονο
1056 4471 1075 4505 ι
1147 4452 1207 4506 '0
1258 4454 1526 4525 ἡμέτερος
1590 4454 1824 4524 Χριστὸς

1934 4456 2035 4514 Sed
2063 4461 2505 4533 quandoquidem
2558 4465 2892 4522 solutionem
2940 4469 3251 4527 sciscitatus
3282 4488 3363 4538 es,
3407 4490 3500 4529 so-

242 4548 454 4617 τοίχοις
475 4546 537 4599 οὑ
568 4547 1001 4616 περιγράφεται*
1039 4562 1058 4596 ι
1099 4544 1517 4614 ἐγκωμιάζοντα
1543 4544 1635 4605 τὸν
1668 4544 1823 4614 ἅγιον

255 4639 568 4710 Ῥωμανόν⁹
602 4640 700 4708 οὑχ
733 4638 916 4701 ἁπλῶς
941 4636 1305 4707 ἐκλαμϐάνειν
1325 4637 1427 4699 δεῖ,
1456 4636 1592 4691 ἀλλὰ
1620 4637 1821 4706 γνῶναι

242 4733 355 4785 τὶνι
403 4731 783 4799 διαλεγόμενος
810 4729 1061 4801 εἴρηκεν·
1096 4728 1283 4799 ἐπειδὴ
1314 4730 1374 4781 ἐν
1413 4730 1533 4791 ταῖς
1555 4728 1820 4794 διαλέξεσι

241 4823 670 4895 παρατηρητέον
714 4821 809 4874 καὶ⁵
842 4821 1056 4891 χρόνον,
1084 4819 1182 4874 καὶ
1207 4822 1523 4889 πρόσωπον,
1561 4822 1657 4874 καὶ
1690 4821 1818 4892 τρό-

239 4930 368 4967 πον.
405 4913 632 4983 Χρόνον,
662 4910 751 4964 διὰ
778 4911 839 4962 τὸ
868 4910 943 4980 μὴ
971 4909 1038 4962 τὰ
1063 4908 1203 4961 αὑτά
1227 4907 1684 4979 νενομοθετῆσθαι
1704 4911 1820 4973 τοῖς

240 5003 418 5057 πάλαι
454 4988 591 5073 πρὸς
618 5002 747 5064 τοὺς
797 5001 855 5052 ἐν
882 5001 948 5071 τῇ
980 4998 1187 5070 χάριτι.
1217 4998 1536 5069 Πρόσωπον,
1583 5000 1666 5052 ὅτι
1692 4999 1822 5054 ἄλλο

238 5091 541 5161 αἱρετικὸν,
569 5091 664 5144 καὶ
691 5090 879 5162 ἕτερον
920 5089 1227 5159 ὀρθοδόξου.
1255 5089 1489 5160 Τρόπον,
1535 5091 1724 5161 ἐπειδὴ
1758 5094 1819 5146 οὑ

236 5181 442 5236 ταυτόν
470 5183 588 5235 ἐστι
618 5181 968 5253 δογματικῶς
1003 5179 1374 5249 διαλέγεσθαι,
1415 5182 1512 5235 καὶ
1543 5182 1821 5237 ἁπλοῖκώ-

235 5288 405 5343 τερον
450 5270 756 5339 προτείνειν
803 5271 896 5324 τὸν
930 5270 1108 5338 λόγον.
1161 5270 1203 5323 Τ
1210 5269 1281 5322 iv:
1326 5264 1420 5323 οὖν
1460 5268 1762 5324 διελέλεκτο
1791 5272 1821 5324 6

235 5363 667 5435 Χρυσόστομος;
712 5359 824 5435 ἆρά
862 5379 927 5432 γε
969 5361 1237 5433 ὀρθοδόξῳ
1284 5361 1673 5433 ἀναπηλοῦντι
1714 5364 1816 5436 τὴν

234 5457 431 5511 εἰκόνα
455 5455 724 5528 Χριστοῦς
759 5455 1033 5527 οὐδαμῶς
1068 5456 1205 5509 ἀλλά
1236 5472 1343 5509 τινι
1371 5454 1617 5525 Ἕλληνι·
1636 5455 1696 5520 ὃς
1716 5456 1815 5527 τὴν

235 5549 462 5605 πάντων
504 5550 913 5623 ὑπερκειμένην
960 5550 1160 5617 αἱτὶαν,
1208 5550 1304 5603 καὶ
1342 5549 1407 5603 ἐκ
1449 5548 1559 5603 τῶν
1601 5552 1660 5604 ἐν
1701 5553 1816 5615 τοῖς

233 5636 394 5695 οὖσιν
434 5642 681 5712 ἐσχάτων
710 5641 1125 5714 χαρακτηρίζει,
1159 5639 1235 5704 ὥς
1266 5656 1431 5711 φησιν
1462 5642 1491 5695 6
1516 5640 1656 5706 θεῖος
1694 5644 1815 5696 Διο-

234 5728 443 5795 νὺσιος’
488 5734 581 5786 καὶ
619 5732 773 5787 οὑδὲν
810 5734 981 5805 αὑτὴν
1011 5733 1299 5803 ὑπερέχειν
1324 5734 1457 5804 φησὶ
1498 5734 1609 5788 τῶν
1639 5734 1810 5789 πλατ-

1919 4550 2085 4606 lerter
2111 4553 2316 4623 accipe.
2362 4554 2516 4621 Quod
2549 4556 2974 4629 Chrysostomus
3014 4560 3184 4629 dixit,
3226 4564 3278 4617 in
3306 4566 3498 4621 lauda-

1921 4643 2069 4698 tione
2094 4647 2272 4699 sancti
2308 4645 2563 4713 Romani,
2602 4666 2621 4700 ι
2650 4650 2906 4707 Christus
2953 4662 3147 4707 noster
3195 4656 3502 4724 parietibus

1915 4751 2027 4791 non
2083 4737 2551 4794 circumscribitur
2575 4741 2646 4807 ’°,
2675 4760 2694 4793 ι
2730 4758 2839 4797 non
2860 4752 2944 4799 est
2981 4745 3303 4815 simpliciter
3353 4751 3502 4804 acci-

1915 4825 2175 4896 piendum
2207 4845 2222 4882 :
2264 4827 2359 4883 sed
2387 4830 2779 4899 explorandum
2800 4847 2961 4901 quem
2992 4840 3103 4887 tum
3127 4834 3499 4905 alloqueretur

1918 4933 2041 4973 cum
2106 4919 2222 4976 haec
2253 4920 2496 4978 diceret:
2532 4924 2975 4993 quandoquidem
3036 4925 3093 4981 in
3152 4930 3495 4985 sermocina-

1921 5010 2071 5066 tione
2092 5011 2375 5067 observari
2404 5029 2627 5069 necesse
2647 5023 2731 5070 est
2752 5024 2809 5070 et
2835 5024 3071 5086 tempus,
3094 5029 3147 5074 et
3173 5035 3489 5089 personam,

1917 5112 1971 5156 et
1999 5103 2250 5157 modum.
2291 5103 2551 5175 Tempus,
2599 5107 2745 5175 quod
2804 5122 2915 5161 non
2973 5109 3163 5164 eadem
3222 5121 3489 5183 pnecepta

1916 5195 2193 5252 veteribus
2212 5196 2433 5263 dantur,
2457 5208 2620 5267 atque
2638 5199 2705 5255 iis
2735 5200 2830 5270 qui
2864 5212 2993 5257 sunt
3019 5204 3122 5259 sub
3145 5204 3262 5275 lege
3278 5208 3487 5276 gratiae.

1917 5284 2245 5354 Personam,
2279 5289 2425 5358 quod
2462 5289 2567 5344 alia
2611 5291 2684 5346 sit
2707 5291 2969 5362 haeretici,
3021 5296 3308 5351 orthodoxi
3356 5297 3484 5353 alia.

1912 5377 2155 5442 Modum,
2190 5380 2632 5450 quandoquidem
2662 5383 2810 5439 aliud
2857 5394 2943 5443 est
2975 5386 3283 5457 dogmatice
3314 5388 3488 5444 disse-

1911 5478 2054 5528 rere,
2088 5466 2234 5521 aliud
2262 5467 2597 5537 simpliciore
2633 5470 2725 5526 [ilo
2740 5474 3042 5530 orationem
3077 5484 3279 5531 texere.
3311 5476 3482 5542 Quem

1911 5553 2078 5624 igitur
2103 5555 2530 5628 Chrysostomus
2550 5570 2634 5616 est
2661 5562 2932 5620 allocutus
2959 5566 2983 5618 ἲ
3012 5565 3095 5620 An
3119 5566 3482 5622 orthodoxum

1912 5646 2007 5716 qui
2045 5645 2261 5703 Christo
2298 5650 2589 5721 imaginem
2633 5654 2873 5710 statuit?
2909 5655 3172 5725 Minime;
3223 5659 3317 5715 sed
3349 5675 3482 5730 geu-

1913 5737 2061 5793 tilem
2110 5742 2444 5813 quempiam,
2496 5744 2591 5814 qui
2641 5761 2949 5816 supremam
2999 5765 3182 5807 rerum
3232 5752 3480 5809 omnium

315 5843 361 5875 ¹⁸
392 5842 521 5900 Luc.
560 5862 672 5916 xix,
713 5845 797 5915 l9,
830 5846 916 5901 ΓΙ.
996 5848 1037 5878 ¹⁹
1079 5846 1121 5900 Il
1149 5846 1451 5915 'l‘bess.tu,
1477 5846 1530 5906 6.
1608 5848 1652 5880 ²⁰
1682 5847 1835 5907 llom.

1943 5889 1961 5918 ,
1989 5850 2055 5907 de
2088 5849 2145 5907 S.
2174 5850 2442 5910 Romano.
