4054 6364
535 289 671 357 1243
1696 294 1758 356 S.
1809 293 2120 357 THEODO

2255 296 2604 364 STUDITIE
3653 305 3791 372 1244

517 416 742 458 causam
760 399 825 455 ad
864 399 1098 456 formam
1116 399 1514 460 vilissimarum
1545 419 1668 474 qua:
1695 404 1915 474 quidem
1949 406 2100 460 exsi-

2221 409 2448 479 τομένων
2479 410 2632 484 αὐτῷ
2674 411 2855 469 ἀθέων
2893 413 2990 470 καὶ
3031 415 3338 473 πολυειδῶν
3375 419 3788 490 μορφωμάτων.

521 503 689 558 stant,
721 493 988 563 depingit,
1013 501 1075 547 ut
1120 493 1198 550 ait
1253 495 1474 550 divinus
1520 494 1815 566 Dionysius
1851 513 1866 548 :
1923 509 2102 564 neque

2221 503 2403 568 Καλῶς
2436 501 2531 560 οὖν
2561 507 2658 562 καὶ
2703 509 2848 564 πάνυ
2894 510 3126 574 είκότως
3159 510 3264 582 ἔφη
3311 513 3341 566 ὁ
3387 512 3604 584 Πατήρ·
3659 533 3682 566 ι
3726 516 3786 570 '0

523 588 693 657 ipsam
728 597 880 654 putat
905 588 1012 642 ulla
1048 603 1106 642 re
1146 602 1406 658 pra25tare
1453 589 1646 643 formis
1689 589 1802 643 illis
1839 589 2103 658 multipli-

523 682 678 733 cibus
713 694 778 755 ac
802 679 1106 735 divinitatis
1124 682 1436 749 expertibus
1460 695 1599 749 quas
1625 681 1714 734 illa
1733 680 1907 736 tinxit.
1940 680 2106 751 Egre-

525 774 610 840 gie
641 773 806 840 igitur
837 781 893 826 et
951 773 1108 826 valde
1156 773 1404 842 apposite
1465 771 1630 826 Pater
1683 775 2099 842 pronuntiavit:

532 884 552 914 ι
585 864 836 920 Christus
869 875 1054 920 noster
1074 866 1374 934 parietibus
1413 881 1521 920 non
1553 866 2098 922 circumscribitur»

527 959 1072 1026 subintelligendum,
1119 958 1416 1012 secundum
1468 968 1720 1013 naturam
1775 959 2100 1026 divinitatis,

528 1063 588 1104 ut
617 1050 817 1103 ethnici
855 1050 1004 1104 illius
1052 1049 1161 1113 dii,
1196 1050 1288 1118 qui
1327 1051 1465 1104 intra
1501 1051 1738 1120 parietes
1797 1053 2006 1118 sedent,
2038 1067 2105 1105 eo

527 1142 703 1210 spatio
720 1141 986 1204 conclusi,
1016 1157 1116 1195 nec
1155 1143 1301 1196 aliud
1344 1143 1547 1199 habent
1574 1144 1722 1213 quod
1771 1144 2107 1214 intelligatur

529 1237 732 1300 animo,
777 1251 940 1302 quam
994 1235 1137 1303 quod
1191 1235 1435 1290 cernitur
1487 1237 1849 1292 intuentibus.
1905 1236 2106 1293 Oculos

529 1327 802 1380 habentet
825 1342 932 1379 non
965 1327 1148 1380 vident
1179 1345 1191 1379 :
1228 1343 1415 1392 aures,
1453 1339 1505 1382 et
1541 1345 1647 1382 non
1683 1329 1951 1396 audiunt;
1984 1346 2106 1385 ma-

531 1429 726 1483 nus,et
755 1435 862 1472 non
893 1422 1109 1489 palpanl
1137 1420 1354 1489 :pedes,
1376 1431 1430 1473 et
1454 1437 1560 1475 non
1582 1421 1863 1475 ambulant
1888 1439 1902 1476 :
1923 1438 2106 1488 nares,

530 1524 583 1565 et
614 1527 722 1565 non
777 1513 1049 1566 odorant:
1093 1513 1238 1565 sicut
1271 1527 1300 1566 a
1330 1513 1600 1581 Propheta
1646 1514 2015 1582 exprobratur
2035 1516 2106 1571 ²¹.

607 1606 672 1657 At
700 1603 956 1660 Christus
986 1612 1168 1659 noster
1197 1620 1307 1660 non
1343 1605 1641 1660 secundum
1668 1615 1948 1661 externam
1983 1622 2108 1674 spe-

531 1697 672 1752 ciem
713 1697 896 1760 modo,
941 1705 1025 1750 est
1059 1699 1223 1750 homo
1272 1699 1488 1767 pr0prie
1517 1713 1582 1752 ac
1627 1714 1776 1760 vere,
1835 1700 2105 1769 siquidem

2205 597 2476 668 ἠμὲτερος
2503 600 2738 672 Χριστὸς
2767 600 2970 671 τοίχοις
2991 602 3054 656 οὐ
3085 606 3513 675 περιγράφεται·
3551 624 3572 658 δ
3622 623 3792 678 προσ-

2205 692 2580 746 υπακουστέον
2611 695 2677 764 τῇ
2707 692 2809 764 τῆς
2840 694 3096 766 Θεότητος
3120 695 3304 765 φύσει·
3331 697 3408 760 ὡς
3437 697 3548 750 τῶν
3577 699 3790 751 ἐκείνου

2206 782 2346 835 θεῶν
2375 784 2434 835 ὲν
2461 784 2664 855 τοίχοις
2715 785 3039 856 ἱδρυμένων,
3085 789 3252 840 κάκεῖ
3295 790 3786 860 περιωρισμένων·

2205 876 2305 928 οὐκ
2342 875 2576 946 ἑχόντων
2627 894 2681 929 τι
2729 877 2861 931 ἄλλο
2902 878 3193 949 νοούμενον
3237 883 3368 951 παρ’
3412 881 3442 934 ὃ
3497 881 3795 951 βλὲπονται

2209 966 2271 1040 [ί.
2304 967 2586 1041 βλέπεται]
2613 972 2725 1033 τοῖς
2754 971 2979 1040 ὁρῶσιν.
3017 972 3316 1044 Ὀφθαλμοὶ
3343 975 3550 1037 αὐτοῖς,
3601 976 3700 1028 καὶ
3726 975 3791 1028 οὔ

2209 1059 2522 1130 βλέπουσιν·
2556 1055 2692 1124 ὦτα,
2740 1062 2840 1115 καὶ
2883 1062 2984 1116 οὐκ
3013 1063 3298 1117 ἀκούουσι·
3345 1067 3551 1135 χεῖρες,
3584 1065 3684 1117 καὶ
3727 1064 3794 1116 οὐ

2205 1153 2524 1223 ψηλαφῶσι.
2564 1155 2753 1218 Πόδες,
2794 1157 2894 1209 καὶ
2932 1157 2992 1211 οὐ
3023 1157 3414 1227 περιπατοῦσι·
3467 1161 3617 1228 ῥῖνες
3643 1195 3660 1220 ,
3695 1161 3798 1214 καὶ

2205 1246 2308 1298 οὐκ
2364 1245 2769 1316 ὀσφραίνονται·
2830 1247 2974 1302 καθὰ
3006 1249 3362 1320 προφητικῶς
3415 1247 3795 1321 κατηγοροῦν-

2205 1355 2314 1392 ται.

2289 1605 2350 1660 '0
2379 1606 2437 1660 δὲ
2469 1606 2737 1679 ἡμέτερος
2763 1603 2995 1678 Χριστὸς
3038 1606 3100 1660 οὐ
3131 1605 3277 1661 κατὰ
3302 1605 3365 1660 τδ
3393 1604 3674 1678 ὁρώμενον
3707 1603 3800 1675 μό-

2213 1713 2305 1751 νον
2357 1699 2642 1768 ἇνθρωπος
2688 1698 2896 1770 κυρίως
2924 1699 3021 1752 καὶ
3048 1697 3296 1769 ἀληθῶς·
3331 1699 3564 1767 ἐπείπερ
3607 1697 3798 1767 ὅμοιος

535 1790 732 1844 similis
764 1791 922 1844 nobis
971 1806 1065 1859 per
1093 1790 1276 1844 omnia
1301 1793 1498 1857 audiit,
1537 1800 1592 1846 et
1616 1807 1870 1861 corpore,
1915 1803 1968 1848 et
1989 1795 2112 1849 ani-

2221 1793 2348 1861 ήμῖν
2390 1757 2532 1844 κατὰ
2565 1757 2742 1844 πάντα
2763 1757 3154 1862 ¹χρηματίσας,
3184 1757 3279 1844 καὶ
3324 1757 3662 1860 ἐνσώματος,
3698 1757 3797 1843 καί

536 1898 648 1946 ma,
684 1893 737 1938 et
757 1891 932 1943 aetate.
963 1892 1018 1937 et
1052 1885 1473 1953 quibuscunque
1501 1885 1690 1948 rebus,
1727 1901 1851 1954 quae
1875 1902 1941 1940 ex
1974 1901 2114 1941 con-

2221 1884 2476 1955 ἑμπνους,
2519 1883 2613 1936 καὶ
2652 1881 2853 1953 ὲνῆλιξ,
2887 1883 2982 1937 καὶ
3011 1883 3112 1936 ὅσα
3141 1882 3276 1936 ἄλλα
3307 1882 3562 1952 γνώριμα
3605 1884 3674 1953 τῇ
3703 1883 3795 1935 ἀν-

538 1976 685 2031 fesso
707 1977 960 2030 humanm
1005 1986 1217 2030 natura:
1265 1985 1610 2046 competunt,
1651 1978 1878 2048 dempto
1930 1979 2112 2034 solum

2221 1977 2462 2048 θρωπείᾳ
2515 1973 2696 2046 φύσει,
2751 1973 2889 2046 πλὴν
2955 1975 3122 2046 μόνης
3169 1974 3476 2046 ἁμαρτίας·
3525 1974 3664 2028 ἀλλὰ
3700 1975 3798 2027 καὶ

535 2078 803 2138 peccato:
840 2070 932 2123 sed
969 2078 1022 2123 et
1075 2069 1217 2123 Deus
1273 2081 1465 2123 natura
1505 2085 1571 2125 ac
1600 2074 1848 2140 veritate,
1875 2082 1932 2127 et
1971 2073 2114 2129 idem

2221 2071 2346 2133 Θεὸς
2375 2069 2535 2139 φύσει
2563 2069 2660 2122 καὶ
2686 2067 2914 2139 ἀληθείᾳ
2935 2082 2950 2097 ·
2976 2068 3072 2120 καὶ
3095 2067 3124 2120 ό
3149 2067 3310 2130 αὐτὸς
3339 2066 3646 2137 ἀμφότερα.
3673 2060 3798 2118 Οἷόν

537 2166 773 2226 utroque
799 2166 1081 2212 constans.
1139 2156 1384 2228 Exempli
1437 2160 1615 2230 gratia
1667 2162 1792 2216 dico
1853 2165 2117 2232 quemad-

2221 2181 2268 2218 τι
2295 2164 2470 2232 λέγω·
2502 2163 2578 2226 ὥς
2611 2161 2745 2234 φησί
2775 2179 2877 2215 που
2909 2161 2939 2214 ὁ
2973 2160 3136 2224 αὐτὸς
3164 2159 3588 2230 Χρυσόστομος·
3633 2177 3653 2210 ι
3685 2158 3799 2210 Κά-

537 2251 759 2303 moduin
783 2250 983 2304 alicubi
1005 2251 1143 2304 idem
1169 2250 1599 2321 Chrysostomus
1616 2253 1856 2323 loquitur
1879 2273 1892 2310 :
1925 2273 1944 2307 ι
1970 2255 2117 2313 Infra

2221 2275 2294 2311 τω
2325 2257 2514 2326 κοπιᾷ,
2565 2255 2663 2309 καὶ
2709 2253 2822 2308 ἄνω
2872 2253 3164 2324 συγκροτεῖ
3213 2252 3282 2304 τὰ
3327 2253 3572 2320 στοιχεῖα
3594 2265 3610 2280 ·
3651 2249 3800 2303 κάτω

537 2342 820 2412 fatigatur,
857 2357 1020 2412 supra
1045 2352 1354 2398 commovet
1397 2344 1704 2410 elementa;
1742 2347 1887 2401 infra
1920 2348 2112 2416 esurit,

537 2449 705 2503 supra
756 2436 960 2489 emittit
1011 2435 1252 2502 imbres;
1300 2436 1445 2492 infra
1489 2447 1670 2508 pavet,
1709 2455 1872 2509 supra
1921 2450 2115 2510 tonat;

539 2526 682 2580 infra
739 2541 922 2580 coram
978 2528 1234 2581 tribunali
1295 2537 1456 2595 astat,
1485 2545 1650 2600 supra
1706 2534 1968 2603 prospicit
1998 2537 2123 2590 uni-

542 2635 718 2673 versa.
757 2640 775 2671 ι
823 2620 1018 2674 Eadem
1061 2623 1226 2691 igitur
1259 2623 1524 2678 sententia
1577 2625 1833 2696 gentilem
1866 2635 1950 2683 est
1981 2627 2118 2682 allo-

541 2719 746 2766 cutus:
787 2729 806 2762 ι
839 2711 1092 2767 Christus
1140 2721 1324 2766 noster
1380 2715 1678 2783 parietibus
1728 2732 1839 2772 non
1885 2719 2120 2774 circum-

539 2803 820 2857 scribitur.
861 2821 880 2855 ι
916 2802 1025 2858 Nec
1077 2814 1204 2872 puta
1239 2808 1560 2862 sententiam
1595 2811 1905 2865 accuratius
1935 2813 2121 2881 expri-

542 2896 799 2950 mendam
887 2906 1109 2966 propter
1192 2898 1444 2954 haeresim
1530 2918 1674 2958 nunc
1734 2903 2117 2960 insanientem.

542 2985 890 3042 Manifestum
911 2997 1091 3043 autem
1116 2999 1200 3043 est
1227 2991 1371 3060 quod
1389 2999 1444 3045 et
1469 2991 1776 3064 fatigatum,
1793 3003 1848 3049 et
1869 2997 2120 3051 esurien-

2217 2351 2398 2421 πεινᾷ,
2429 2349 2522 2403 καὶ
2555 2348 2762 2404 ἄνωθεν
2794 2346 2984 2409 ὑετοὺς
3008 2347 3266 2417 χορηγεῖ·
3299 2344 3451 2397 κάτω
3479 2342 3683 2412 δειλιᾷ,
3704 2341 3799 2394 καὶ

2217 2445 2330 2499 ἄνω
2357 2442 2585 2514 βροντᾷ·
2621 2440 2772 2494 κάτω
2799 2437 3133 2508 δικαστηρίῳ
3165 2435 3517 2506 παρίσταται,
3545 2433 3644 2485 καὶ
3665 2433 3800 2484 ἄνω-

2219 2534 2312 2587 θεν
2357 2534 2540 2587 πάντα
2573 2531 2791 2603 θεωρεῖ.
2825 2546 2846 2582 ι
2890 2527 3051 2582 Κατὰ
3076 2525 3236 2580 τοῦτο
3263 2520 3356 2579 οὖν
3400 2523 3623 2594 εἴρηται
3654 2519 3798 2588 αὐτῷ

2219 2626 2358 2698 πρὸς
2401 2625 2495 2678 τὸν
2538 2625 2809 2694 Ἕλληνα·
2851 2637 2870 2672 ι
2907 2621 2965 2674 '0
3013 2619 3282 2690 ἡμέτερος
3314 2615 3551 2688 Χριστὸς
3597 2614 3797 2682 τοίχοις

2217 2720 2280 2773 οὐ
2314 2716 2734 2789 περιγράφεται.
2771 2731 2792 2766 ι
2824 2713 2938 2766 Kai.
2971 2712 3069 2782 οὐχ
3107 2712 3294 2780 ἡγεῖτο
3329 2709 3535 2780 χρῆναι
3576 2706 3798 2778 ἀκριϐο-

2218 2809 2494 2878 λογεῖσθαι
2525 2807 2653 2877 περὶ
2671 2805 2770 2877 τὴν
2798 2803 3072 2872 ἀπόφασιν
3093 2802 3278 2854 εἵνεκα
3311 2801 3412 2869 τῆς
3439 2798 3563 2852 νυνὶ
3597 2797 3796 2849 λυττὼ·

2222 2920 2323 2972 σης
2357 2901 2646 2972 αἱρέσεως.
2683 2897 2851 2969 Δῆλον
2882 2895 2939 2950 δὲ
2978 2895 3060 2948 ὅτι
3088 2894 3178 2946 τὸν
3212 2891 3488 2946 κοπιῶντα
3537 2889 3636 2942 καὶ
3681 2904 3797 2942 πει-

2221 2998 2420 3062 νῶντα,
2471 2993 2752 3048 δειλιῶντά
2803 3009 2864 3045 τε
2917 2989 3014 3044 καὶ
3071 2987 3480 3058 παριστάμενον
3507 2981 3799 3053 ’κριτηρίῳ

546 3088 674 3143 tem,
725 3088 778 3134 et
830 3091 1135 3148 paventem,
1189 3090 1246 3135 et
1297 3091 1561 3137 astantem
1620 3100 1806 3139 coram
1852 3087 2116 3142 tribunali

2223 3084 2364 3145 οἶδεν
2392 3087 2649 3158 ἀσφαλῶς
2667 3087 2696 3138 ὁ
2717 3085 2892 3154 ἅγιος,
2922 3081 3172 3152 σώματος
3194 3077 3507 3150 χαρακτῆρι
3539 3092 3607 3127 πε
3615 3073 3798 3145 ριγρά-

543 3172 677 3225 vidit
715 3172 858 3226 haud
907 3172 1070 3227 dubie
1101 3174 1182 3227 vir
1231 3183 1453 3230 sanctus
1497 3175 1669 3245 elligie
1708 3182 1960 3247 corporis
2011 3180 2123 3235 cir-

543 3268 864 3333 cumscribi,
898 3268 1012 3322 sive
1035 3269 1087 3323 in
1121 3269 1326 3338 pariete
1345 3270 1642 3334 coloribus,
1675 3270 1792 3326 sive
1825 3271 1880 3325 in
1914 3274 2120 3332 tabula.

545 3361 614 3415 Et
651 3375 782 3414 vero
817 3360 870 3412 in
915 3362 1077 3414 rebus
1124 3361 1428 3430 perspicuis
1475 3363 1912 3432 explanationem
1957 3381 2123 3422 causa

547 3453 698 3508 nulla
738 3453 1014 3521 poscebat.
1043 3451 1179 3506 Nam
1213 3453 1256 3506 si
1283 3435 1530 3522 corporis
1566 3465 1841 3523 expertem
1871 3459 2123 3528 angelum

547 3547 722 3601 visum
756 3561 785 3600 a
805 3562 863 3600 se
885 3557 1073 3600 narrat
1102 3546 1155 3599 in
1179 3547 1436 3617 imagine,
1474 3547 1752 3604 Christum
1775 3564 2120 3622 corporatum

545 3655 656 3693 non
689 3639 830 3692 idem
868 3638 922 3692 in
954 3638 1189 3706 imagine
1217 3639 1416 3694 viderit
1448 3641 1472 3694 ?
1507 3642 1784 3699 Dementis
1820 3647 2010 3715 utique
2037 3655 2125 3702 est

547 3732 617 3785 de
641 3731 759 3784 viro
776 3741 967 3786 sancto
994 3732 1102 3786 tale
1131 3731 1338 3802 aliquid
1383 3735 1668 3802 suspicari.
1696 3735 1752 3790 Si
1782 3736 1946 3806 igitur
1980 3739 2124 3795 hunc

549 3833 740 3879 testem
795 3825 1167 3880 advocantsui
1203 3826 1354 3894 pravi
1400 3826 1691 3896 dogmatis,
1719 3845 1817 3883 cur
1869 3833 2122 3886 eumdem

549 3917 827 3986 rejiciunl,
887 3932 951 3972 ac
994 3917 1078 3971 vel
1117 3919 1393 3988 angelum,
1433 3920 1571 3974 vele
1627 3921 1834 3975 sanctis
1886 3922 2123 3992 aliquem

547 4010 697 4080 pingi
719 4023 860 4078 aegre
883 4009 1097 4064 ferunt?
1129 4010 1264 4065 Cum
1282 4012 1426 4066 dicat
1443 4012 1640 4066 alicubi
1656 4012 2078 4083 Chrysostomus
2107 4033 2122 4069 :

551 4117 573 4149 ι
609 4097 765 4164 Quod
819 4098 988 4169 igitur
1021 4099 1075 4152 in
1112 4101 1428 4156 nominibus
1461 4099 1690 4168 fecistis,
1737 4101 1842 4156 hoc
1871 4102 2046 4172 ipsum
2069 4104 2124 4158 in

547 4189 794 4258 ejusdem
864 4189 1100 4258 imagine
1146 4191 1482 4260 praestitistis
1505 4191 1570 4255 ’³,
1615 4210 1636 4242 ι
1695 4193 1870 4246 sancti
1925 4191 2125 4247 Meletii

549 4283 780 4338 scilicet.
819 4302 838 4334 ι
875 4284 1012 4337 Nam
1039 4291 1094 4337 et
1124 4283 1177 4337 in
1205 4284 1531 4338 annnlorum
1559 4283 1714 4352 palis,
1743 4285 1879 4338 etin
1913 4285 2126 4354 poculis

549 4375 883 4444 paterisque,
913 4383 967 4428 et
1015 4375 1070 4428 in
1101 4375 1477 4430 cubiculorum
1509 4374 1835 4444 parietibus,
1857 4385 1913 4430 et
1929 4376 2127 4446 ubique

549 4467 754 4536 passim
803 4476 1046 4520 sanctam
1084 4467 1235 4521 illam
1281 4467 1573 4536 imaginem
1629 4469 1783 4522 multi
1824 4469 2126 4540 insculpse-
2155 4447 2202 4502 Ῐ)

551 4568 680 4612 runt
706 4560 802 4629 (ἰ).
839 4577 857 4610 ι
891 4557 1002 4614 Nec
1050 4569 1228 4612 tamen
1273 4574 1434 4614 aures
1470 4559 1516 4612 ei
1559 4561 1799 4629 praebere
1834 4562 2126 4618 sustinent.

551 4649 628 4705 De
658 4653 884 4706 historia
904 4651 1074 4706 sancti
1109 4651 1378 4706 Pancratii
1410 4652 1551 4720 quod
1578 4669 1686 4707 non
1723 4654 1926 4723 liqueat
1957 4671 1986 4708 a
2017 4670 2129 4725 quo

551 4743 624 4796 sit
655 4754 902 4810 exarata,
953 4743 1084 4813 quid
1132 4743 1623 4816 tum?Martyrum
1668 4756 1820 4815 gesta
1870 4747 2130 4816 pleraque

552 4836 738 4889 omnia
773 4837 922 4890 nullo
970 4846 1098 4892 sunt
1145 4838 1406 4908 inscripta
1443 4840 1598 4894 titulo
1635 4859 1648 4892 :
1689 4851 1748 4893 at
1786 4847 1912 4893 sunt
1941 4841 2125 4893 eadem

553 4935 735 4980 tamen
781 4928 1042 4983 sincera:
1093 4940 1256 4998 atque
1299 4930 1425 4985 inde
1489 4931 1742 4985 doctores
1801 4929 2130 4999 depromunt

553 5027 876 5088 argumenta
913 5021 967 5072 in
1012 5031 1311 5092 martyrum
1347 5023 1584 5077 laudem.
1613 5021 1824 5078 Colitur
1849 5023 1904 5076 iu
1941 5023 2128 5077 Sicilia

553 5117 779 5164 sanctus
819 5108 1164 5179 Pancratius,
1205 5115 1318 5167 {ede
1365 5116 1625 5181 maxima,
1665 5117 1718 5169 in
1747 5132 1854 5186 qua
1881 5125 1935 5170 et
1958 5118 2126 5170 mira-

552 5202 675 5258 cuia
709 5202 794 5256 edi
825 5212 1066 5258 narrant.
1093 5203 1380 5270 Quiigitur
1418 5205 1698 5260 historiam
1729 5223 1840 5261 non
1869 5207 2125 5272 admittit,

553 5304 851 5371 martyrem
904 5311 1012 5350 una
1044 5295 1296 5352 videlicet
1347 5309 1700 5368 aspernatur.
1734 5297 1859 5354 Haec
1901 5300 2121 5368 quidem

2225 3183 2444 3254 φεσθαι,
2465 3183 2576 3235 εἴτε
2608 3183 2666 3234 ἐν
2692 3181 2860 3248 τοίχῳ
2879 3176 3185 3248 χρώμασιν,
3217 3174 3327 3227 εἴτε
3361 3175 3418 3224 ὲν
3450 3171 3665 3224 πίνακι.
3697 3168 3801 3222 Καὶ

2224 3277 2283 3330 ὲν
2311 3278 2425 3338 τοῖς
2459 3271 2744 3343 ἐναργέσιν
2785 3269 2885 3322 οὐκ
2921 3263 2989 3339 ἦν
3033 3267 3190 3335 λόγος
3221 3264 3368 3334 αὐτῷ
3397 3263 3795 3331 διασαφὴσεως.

2225 3367 2290 3422 Εἰ
2323 3366 2432 3437 γὰρ
2463 3365 2557 3418 τὸν
2597 3362 2888 3432 ἀσώματον
2933 3359 3166 3428 ἄγγελον
3201 3357 3330 3410 ἰδεῖν
3374 3355 3479 3423 ἔφη
3520 3355 3580 3405 ὲν
3615 3351 3798 3410 εἰκόνι.

2223 3461 2318 3515 τὸν
2375 3457 2687 3529 ὲνσώματον
2741 3453 2976 3525 Χριστὸν
3027 3453 3088 3505 οὐ
3141 3450 3328 3520 βλέπει
3371 3443 3797 3516 είκονιζόμενονς

2223 3553 2432 3624 ἠλίθιον
2471 3547 2566 3604 οὖν
2604 3547 2848 3603 τοιοῦτόν
2891 3563 2946 3599 τι
2991 3544 3120 3614 περὶ
3161 3542 3256 3596 τοῦ
3293 3539 3453 3608 ἁγίου
3483 3535 3800 3605 ὑπολαμϐά-

2225 3661 2358 3699 νειν.
2387 3643 2450 3696 Εί
2479 3637 2572 3696 οὖν
2601 3643 2680 3703 είς
2709 3637 3016 3710 μαρτυρίαν
3039 3634 3202 3689 αὐτὸν
3231 3633 3412 3700 ἔχουσι
3437 3629 3532 3682 τοῦ
3565 3625 3800 3696 πονηροῦ

2225 3735 2408 3791 αὐτῶν
2435 3734 2704 3803 δόγματος
2723 3747 2738 3762 ·
2770 3729 2822 3781 τί
2847 3728 2939 3782 τὸν
2964 3725 3125 3781 αὑτὸν
3153 3724 3578 3787 ἀποϐάλλονται,
3619 3721 3694 3789 μὴ
3723 3719 3802 3770 δε⁸

2225 3829 2445 3901 χόμενοι
2471 3823 2700 3894 ἄγγελον
2722 3819 3101 3884 είκονίζεσθαι,
3143 3815 3266 3888 μηδ’
3289 3814 3359 3870 αὖ
3384 3831 3507 3868 τινα
3538 3813 3650 3866 τῶν
3688 3812 3802 3863 θεο-

2227 3921 2436 3992 φόρων;
2468 3917 2716 3985 λέγοντος
2736 3907 2834 3966 ὧδέ
2865 3927 2970 3964 που
2993 3909 3086 3963 τοῦ
3117 3905 3509 3978 Χρυσοστόμου
3529 3919 3544 3934 ·
3585 3923 3606 3955 ‹
3627 3903 3802 3971 Ὀπρ

2226 4009 2358 4079 γοῦν
2390 4010 2448 4060 ὲν
2481 4006 2744 4075 ὀνόμασιν
2782 4002 3098 4074 ἐποιήσατε,
3138 3998 3296 4052 τοῦτο
3334 3997 3426 4049 ἐπὶ
3459 3997 3562 4066 τῆς
3599 3995 3804 4054 εἰκόνος

2227 4103 2500 4173 ἐπράξατε
2530 4099 2631 4169 τῆς
2660 4097 2870 4152 ἐκείνου
2895 4112 2908 4128 ·
2947 4115 2967 4148 ι
3004 4095 3170 4165 ἧγουν
3199 4091 3464 4147 Μελετίου
3494 4089 3591 4142 τοῦ
3623 4087 3798 4156 ἁγίου·

2233 4215 2252 4249 ι
2281 4195 2392 4250 Καὶ
2426 4196 2534 4265 γὰρ
2575 4193 2670 4245 καὶ
2711 4193 2768 4244 ὲν
2797 4188 3094 4243 δακτυλίων
3120 4186 3452 4255 σφενδόναις,
3483 4184 3582 4238 καὶ
3618 4186 3677 4236 ὲν
3715 4184 3805 4232 ὲκ-

2228 4289 2438 4359 πόμασι
2493 4287 2589 4340 κα)⁸
2644 4283 2885 4353 φιάλαις,
2934 4280 3029 4334 καὶ
3069 4283 3127 4332 ἐν
3171 4277 3429 4344 θαλάμων
3463 4276 3686 4345 τοίχοις,
3713 4272 3806 4325 καὶ

2230 4377 2500 4448 πανταχοῦ
2543 4376 2641 4447 τὴν
2683 4375 2870 4428 εἰκόνα
2896 4372 2997 4441 τὴν
3026 4370 3184 4438 ἁγίαν
3223 4369 3439 4434 ἐκείνην
3479 4364 3804 4437 διεχὰραξαν

2231 4467 2437 4521 πολλοί.
2465 4485 2482 4518 ι
2521 4464 2660 4518 Ἀλλ’
2683 4465 2832 4533 ὅμως
2858 4461 2982 4514 οὐδὲ
3021 4459 3251 4513 ἀκοῦσαι
3281 4459 3448 4512 αὐτοῦ
3496 4460 3801 4527 ἀνέχονται.

2230 4561 2367 4631 Περὶ
2394 4559 2490 4629 τῆς
2517 4556 2758 4627 ἱστορίας
2785 4556 2881 4609 τοῦ
2913 4555 3070 4624 ἁγίου
3105 4552 3480 4625 Παγκρατίου,
3521 4552 3603 4604 ὅτι
3632 4551 3694 4602 οὗ
3714 4548 3806 4617 δη-

2229 4652 2314 4706 λοῖ
2342 4651 2481 4723 πρὸς
2521 4650 2668 4712 τίνος
2711 4649 3046 4720 συνεγράφη,
3082 4647 3133 4700 τί
3161 4645 3356 4711 τοῦτο;
3398 4643 3588 4715 σχεδὸν
3629 4643 3804 4696 πάντα

2217 4745 2300 4797 ’τὰ
2321 4742 2796 4814 μαρτυρογράφια,
2827 4738 3177 4812 ἀνεπίγραφὰ
3203 4739 3372 4791 εἰσιν·
3401 4737 3519 4820 ἀλλῖ
3543 4738 3690 4805 ὅμως
3718 4733 3808 4802 βέ-

2232 4835 2363 4889 ϐαιά
2418 4835 2555 4886 είσι·
2608 4831 2863 4886 κάκεῖθεν
2925 4833 2974 4885 οί
3035 4831 3346 4885 διδάσκαλοι
3410 4827 3806 4901 ἁφορμίζονται

2229 4931 2404 4981 ποιεῖν
2455 4927 2522 4980 τὰ
2571 4925 2676 4979 τῶν
2725 4925 3194 4998 μαρτυρησάντων
3236 4923 3511 4994 ἐγκώμια.
3562 4922 3618 4973 Ὀ
3655 4921 3808 4986 ᾰγιες

2231 5017 2579 5087 Παγκράτιος
2604 5017 2663 5069 ὲν
2694 5015 2917 5086 Σικελίᾳ
2936 5016 3186 5086 τιμᾶται,
3217 5011 3331 5081 ναῷ
3356 5012 3599 5082 μεγίστῳ
3618 5026 3634 5040 ·
3665 5011 3724 5060 ὲν

2231 5127 2362 5178 φασι
2397 5109 2493 5162 καὶ
2526 5109 2729 5178 σημεῖα
2764 5103 3119 5175 γεγενῆσθαι.
3175 5104 3236 5155 '0
3280 5098 3375 5156 οὖν
3417 5101 3494 5172 μὴ
3520 5099 3806 5168 δεχόμενος

2231 5203 2330 5270 τὴν
2381 5200 2640 5269 ἱστορίαν,
2680 5195 3084 5251 συναπεϐάλετο
3116 5193 3207 5248 τὸν
3245 5193 3500 5264 μάρτυρα
3543 5187 3806 5257 δηλονότι.

2229 5293 2419 5347 Ταῦτα
2454 5293 2551 5364 μὲν
2579 5291 2655 5355 ὡς
2679 5292 2738 5344 ὲν
2776 5287 2997 5359 ὀλίγοις.
3024 5288 3098 5340 Σὺ
3139 5285 3218 5352 δὲ,
3253 5284 3465 5348 τέκνον,
3509 5276 3712 5349 ὑγίαινὲ
3743 5290 3804 5328 τε

624 5470 667 5501 ³⁸
693 5469 842 5526 Psal.
875 5484 1033 5535 cun,
1061 5471 1116 5535 6,
1149 5472 1205 5526 7.
1280 5475 1324 5505 “
1365 5470 1524 5526 Hom.
1553 5471 1645 5536 45,
1674 5472 1742 5528 de
1769 5472 1830 5529 S.
1852 5470 2067 5528 Meletio
2103 5472 2474 5529 Antiocheno.

2057 5610 2288 5668 NOTAE.

626 5743 704 5817 (l)
740 5745 988 5803 Meminit
1013 5745 1176 5818 hujus
1209 5746 1550 5819 Nicephorus
1583 5747 1635 5804 in
1669 5748 2043 5806 Anﬂrrhetico
2079 5765 2180 5805 ms.
