4054 6364
309 317 447 385 1245

1513 321 2055 385 EPISTOLARUM
2111 322 2262 382 LIB.
2309 319 2390 384 ΙΙ.

3449 321 3587 388 1246

303 435 404 489 καὶ
441 431 639 498 σώζοιο
661 449 679 467 ·
717 434 814 490 καὶ
840 436 935 491 τοῦ
971 435 1275 510 Γρηγορίου
1317 435 1539 509 μακρὰν
1580 433 1886 506 απόστηθιο

2009 433 2200 501 )aucis.
2231 432 2314 490 Tu
2346 447 2496 504 vero,
2549 434 2649 502 ﬁli,
2688 435 2873 492 salvus
2916 435 2994 493 sis
3029 444 3086 492 et
3136 435 3430 492 incolumis
3467 454 3484 493 :
3517 445 3576 493 et

308 530 386 600 μή
421 544 480 582 σε
507 528 671 602 ὀλέσῃ
702 529 761 597 ἐξ
793 531 1151 604 ἁπροσεξίας.

770 731 902 785 Ml".
926 761 997 774 —
1029 731 1400 802 Ἐγκλείσντῃ.
1431 729 1612 805 [τκε’.]

1993 539 2026 579 a
2064 523 2329 596 Gregorio
2366 527 2599 584 abscede
2626 529 2840 600 procul,
2871 545 2941 587 ne
2976 529 3312 601 imprudenti
3337 530 3436 586 tibi
3461 530 3584 586 exi-

1995 616 2132 671 tium
2157 617 2374 673 aﬂ‘erat.

2521 734 2704 792 XLIII.
2729 768 2798 782 —-
2825 735 3076 793 Inclusw.

675 843 934 908 Praecepta
956 849 1240 896 monasticae
1262 849 1377 896 vitae
1402 845 1554 896 tradit
1586 858 1598 893 :
1627 842 1776 894 simul
1799 853 1910 904 quas
1932 839 1994 890 ad
2016 846 2345 894 constantiam
2371 843 2420 896 in
2453 829 2700 897 catholica.
2720 847 2818 897 ﬁde
2844 847 3212 898 adhortaretur.

395 955 664 1024 Ἀνέγνων
691 972 784 1008 σου
819 953 881 1008 τὸ
908 954 1145 1028 γράμμα
1176 955 1278 1025 τῆς
1303 953 1592 1018 εύλαόείας
1613 969 1627 983 ⁸
1663 951 1802 1008 ἆλλὰ
1823 949 1909 1014 τίς

311 1050 340 1100 ὀ
370 1046 591 1109 ἔπαινος
623 1044 683 1098 ὃν
711 1045 976 1116 ἐποίησας
1009 1047 1142 1117 ἡμῖν
1175 1045 1346 1111 ξένοις
1379 1039 1498 1098 οὖσι
1529 1042 1731 1106 παντὸς
1763 1042 1906 1109 ἀγα-

314 1138 446 1204 θοῦ;
476 1138 558 1202 τίς
581 1137 639 1192 δὲ
666 1137 730 1210 δὴ
756 1139 847 1193 καὶ
888 1139 924 1210 ἡ
951 1137 1273 1209 ἐπιζήτησις
1293 1136 1385 1192 τοῦ
1415 1133 1791 1191 διδασκαλικοῦ
1818 1134 1908 1186 λό-

314 1249 439 1299 γου,
469 1229 543 1302 μὴ
579 1230 794 1300 ἔχουσιν
823 1232 1199 1296 οἱκειοποτεῖν,
1235 1230 1334 1301 οὐχ
1367 1231 1447 1284 ὅτι
1473 1246 1538 1298 γε
1572 1226 1667 1281 καὶ
1696 1226 1906 1297 ἑτέροις

316 1322 502 1392 ἄρδειν
548 1323 797 1391 νάματας
827 1322 977 1392 ὅμως
1009 1321 1196 1392 ἐπειδὴ
1239 1321 1570 1390 γέγραπται,
1599 1315 1786 1374 Παντὶ
1823 1314 1904 1380 τῷ

315 1415 588 1470 αἰτοῦντί
607 1432 682 1470 σε
707 1414 901 1469 δίδου⁶
931 1414 1111 1482 δέξαιο
1135 1411 1497 1484 βραχυλογίαν
1523 1411 1644 1464 τινὰ
1673 1411 1772 1478 τῆς
1802 1425 1905 1460 πε-

316 1507 638 1578 νιχρότητος
681 1506 860 1577 ἡμῶν.
888 1507 1012 1560 Τῶν
1041 1508 1099 1559 ἐν
1124 1505 1202 1577 τῷ
1230 1503 1396 1574 κοινῷ
1432 1502 1532 1574 βίῳ
1561 1502 1905 1570 ἀναστρεφο-

322 1601 502 1672 μένων
533 1601 632 1672 ούχ
669 1601 844 1666 οὕτως
867 1601 1071 1656 δύναιτ’
1104 1601 1171 1655 ἂν
1191 1602 1220 1654 ὀ
1239 1600 1338 1670 τῆς
1361 1598 1601 1662 διανοίας
1626 1595 1906 1666 ὀφθαλμὸς

319 1694 686 1767 κεκαθάρθαι,
749 1695 823 1759 ὡς
888 1693 1217 1758 ὲνατενίζειν
1274 1691 1775 1765 ἀπαρεμποδίστως
1825 1689 1905 1760 τῷ

323 1787 514 1842 κάλλει
562 1787 665 1858 τῆς
714 1787 874 1858 δόξης
916 1786 1012 1840 τοῦ
1045 1785 1181 1840 Θεοῦ
1206 1801 1222 1819 ο
1250 1779 1361 1838 οἷόν
1387 1803 1495 1839 τινι
1531 1784 1680 1855 λύμῃ
1706 1785 1772 1855 τῇ
1805 1783 1905 1853 τῆς

325 1881 529 1951 σαρκὸς
569 1880 916 1952 προσπαθείᾳ
955 1879 1288 1951 μυωπάζων.
1328 1879 1491 1950 Ἡμῖν
1532 1878 1590 1932 δὲ
1621 1873 1704 1940 οἷς
1738 1878 1904 1930 πᾶσιν

320 1973 683 2033 ἀποτακτέον,
718 1971 815 2026 καὶ
863 1971 1026 2042 μόνον
1066 1971 1158 2025 τὸν
1195 1970 1432 2042 Χριστοῦ
1467 1969 1700 2042 σταυρὸν
1726 1969 1905 2039 αἴρειν

319 2065 792 2135 ἐγκελευομένοις,
819 2065 1055 2136 εὐπετὴς
1083 2065 1115 2134 ὴ
1144 2064 1369 2118 θεοπτία
1389 2081 1402 2094 ’
1438 2064 1606 2135 ἤγουν
1641 2063 1702 2116 τὸ
1738 2061 1904 2132 μηδὲν

319 2157 454 2212 ἄλλο
481 2157 575 2211 καὶ
597 2157 743 2228 ἔχειν
774 2158 868 2211 καὶ
902 2157 1108 2211 ἐννοεῖν
1127 2198 1141 2218 ,
1175 2157 1208 2228 ἢ
1258 2159 1317 2210 τό
1367 2156 1484 2221 πῶς
1509 2157 1902 2228 εύαρεστήσοι-

323 2267 429 2320 μεν
467 2249 546 2319 τῷ
574 2249 797 2320 Κυρίῳ·
827 2250 1046 2320 καθαρᾷ
1079 2250 1276 2321 καρδίᾳ
1316 2248 1604 2322 λατρεύειν
1643 2247 1814 2318 αὐτῷ,
1846 2250 1906 2302 ὲν

319 2340 626 2412 ἀπορῤήξει
649 2340 832 2412 πάσης
855 2342 1092 2412 σχέσεως
1117 2341 1408 2413 σαρκικῆς.
1437 2343 1618 2395 Ἔστω
1638 2337 1730 2396 οὖν
1751 2342 1904 2412 ὑμῶν

319 2433 362 2502 ἡ
393 2431 493 2500 τῆς
521 2431 845 2501 ὲγκλείσεως
876 2434 1129 2504 περιοχὴ,
1161 2434 1316 2497 πόλις
1339 2432 1474 2487 Θεοῦ
1501 2434 1903 2504 πεποικιλμένη

320 2522 577 2596 χρυσέοις
604 2522 1028 2595 κατορθώμασιι
1067 2527 1143 2596 μὴ
1177 2526 1324 2590 κλεῖς
1361 2526 1492 2598 περὶ
1519 2526 1580 2579 τὸ
1614 2527 1776 2597 σῶμα
1805 2527 1905 2593 μό-

320 2634 436 2680 νον,
466 2616 603 2670 ἁλλὰ
626 2618 739 2688 γὰρ
767 2619 863 2672 καὶ
911 2619 1053 2672 κατὰ
1101 2620 1339 2690 πνεῦμα.
1391 2620 1678 2691 Προσῆκον
1726 2619 1906 2673 τοίνυν

321 2707 552 2778 φεύγειν
593 2709 739 2781 ὑμᾶς
767 2712 866 2774 τὰς
896 2711 1008 2766 τῶν
1032 2712 1239 2784 ἀνδρῶν
1265 2713 1437 2782 ὄψεις,
1464 2713 1563 2776 τὰς
1604 2713 1743 2783 πρὸς
1779 2715 1906 2776 τοὺς

319 2801 422 2870 ἀφ’
454 2802 686 2872 αἵματος
729 2804 965 2874 σχέσεις,
998 2804 1096 2867 τὰς
1142 2805 1278 2876 πρὸς
1306 2805 1427 2860 ὅλον
1457 2805 1550 2858 τὸν
1577 2806 1782 2874 κόσμον
1819 2824 1908 2876 φι-

315 2893 478 2957 λίας’
533 2895 704 2958 αὐτὰς
763 2897 820 2949 δὲ
879 2897 964 2966 ἐφ’
1015 2897 1216 2960 ἑαυτὰς
1266 2899 1767 2969 συνανεστράφθαιο
1814 2898 1907 2950 καὶ

319 2986 472 3056 ἔχειν
510 2988 640 3057 μίαν
668 2987 846 3058 ψυχὴν
897 2989 992 3042 καὶ
1043 2989 1290 3060 καρδίαν,
1327 2991 1471 3044 κατὰ
1517 2991 1750 3062 μίμησιν
1797 2991 1906 3044 τῶν

318 3080 566 3150 ἀρχῆθεν
597 3082 690 3135 ἐπὶ
715 3081 824 3134 τῶν
844 3081 1165 3134 ἀποστόλων
1187 3083 1654 3136 πεπιστευκότων.
1694 3081 1758 3136 Ἦ
1781 3082 1906 3136 καθ-

2075 950 2204 1024 Legi
2233 955 2518 1024 epistolam
2547 955 2765 1026 pietatis
2799 965 2928 1020 tuae,
2947 954 3044 1010 sed
3069 970 3192 1026 qua:
3222 954 3343 1011 laus
3373 971 3438 1012 ea
3469 963 3583 1025 est,

2003 1059 2110 1114 qua
2145 1061 2245 1100 nos
2271 1045 2499 1102 aﬂ‘ecisti
2524 1047 2618 1119 qui
2653 1063 2847 1104 sumus
2874 1048 2942 1102 ab
2971 1049 3124 1103 omni
3164 1049 3308 1104 bono
3341 1050 3534 1120 inopes
3561 1051 3585 1105 ’ἒ

2003 1147 2098 1191 aut
2128 1138 2258 1206 quid
2295 1154 2326 1193 a
2368 1139 2526 1194 nobis
2571 1140 2815 1210 magistri
2852 1142 3057 1196 monita
3098 1140 3332 1214 ﬂagitas,
3365 1143 3459 1212 qui
3495 1141 3582 1198 vix

2003 1243 2197 1285 sumus
2232 1231 2467 1301 propriae
2498 1231 2589 1286 siti
2619 1232 2900 1302 explendae
2931 1249 3109 1302 pares,
3139 1235 3338 1289 nedum
3369 1244 3427 1288 ut
3463 1235 3588 1290 aliis

2000 1321 2155 1389 rigua
2186 1324 2570 1392 praebeamus?
2603 1324 2873 1391 Quoniam
2926 1334 3105 1380 tamen
3145 1327 3408 1397 scriptum
3447 1336 3532 1381 est
3565 1345 3582 1382 :

2006 1415 2163 1470 Omni
2191 1417 2384 1484 petenti
2408 1427 2454 1471 te
2483 1417 2652 1472 tribue
2681 1419 2726 1450 ”
2757 1435 2775 1472 :
2808 1419 3058 1489 exiguam
3093 1434 3192 1488 pro
3226 1429 3410 1475 nostra
3466 1420 3590 1473 ino-

2000 1508 2088 1577 pia
2115 1509 2417 1564 orationem
2454 1511 2662 1580 accipe.
2694 1510 2799 1577 Qui
2830 1512 2884 1566 in
2933 1511 3181 1566 saaculari
3213 1511 3320 1566 vita
3361 1511 3587 1582 degunt,

2002 1601 2148 1657 haud
2182 1603 2420 1672 proclive
2467 1613 2552 1660 est
2597 1614 2654 1660 ut
2696 1603 2786 1660 hic
2819 1605 3017 1660 ruentis
3047 1603 3238 1660 oculus
3270 1604 3343 1659 ita
3390 1620 3590 1675 purga-

1999 1702 2090 1751 tus
2125 1697 2215 1759 sit.
2246 1707 2306 1752 ut
2333 1699 2456 1752 sine
2487 1697 2644 1752 obice
2677 1696 2925 1752 intendat
2974 1695 3144 1752 aciem
3181 1697 3236 1752 in
3279 1697 3587 1764 pulchritu-

2004 1789 2184 1844 dinem
2243 1790 2428 1860 gloriaa
2492 1789 2587 1844 Dei
2639 1808 2654 1845 :
2706 1793 2863 1860 quasi
2921 1790 3158 1860 quadam
3220 1789 3585 1858 lippitudine,

2005 1883 2189 1938 carnis
2208 1882 2403 1937 affectu
2434 1883 2745 1938 caacutiens.
2769 1879 2941 1937 Nobis
2967 1898 3096 1936 vero
3119 1896 3258 1952 quos
3275 1882 3590 1935 renuntiare

2007 1977 2263 2032 omnibus
2290 1976 2455 2031 rebus
2493 1985 2728 2046 oportet,
2752 1977 2844 2045 qui
2873 1985 2927 2030 et
2951 1975 3125 2030 solam
3146 1975 3347 2030 Christi
3367 1989 3588 2029 crucem

2007 2071 2197 2126 tollere
2237 2071 2376 2139 jussi
2416 2084 2632 2133 sumus,
2668 2069 2828 2123 facile
2862 2077 2945 2123 est
2976 2067 3145 2122 Deum
3181 2069 3378 2122 intueri
3415 2085 3429 2122 :
3483 2067 3589 2122 hoc

2006 2165 2110 2218 est,
2135 2157 2282 2211 aliud
2312 2157 2446 2210 nihil
2473 2168 2721 2227 spectare
2749 2157 2832 2211 vel
2858 2157 3102 2226 cOgitare
3123 2173 3288 2227 quam
3321 2155 3588 2227 quemad-

2005 2250 2226 2304 modum
2256 2249 2491 2304 Domino
2536 2249 2850 2319 placeamus
2880 2267 2894 2304 :
2938 2250 3142 2303 mundo
3185 2249 3352 2304 corde
3386 2249 3436 2302 ei
3472 2265 3592 2304 ser-

2008 2341 2144 2405 vire,
2167 2341 2398 2412 praeciso
2429 2343 2580 2397 omni
2603 2342 2785 2397 carnis
2823 2341 3040 2397 allecto.
3063 2341 3146 2396 Sit
3193 2357 3324 2412 ergo
3365 2341 3588 2396 claustri

2007 2435 2170 2490 vestri
2207 2435 2470 2499 ambitus,
2497 2435 2692 2490 civitas
2733 2435 2850 2501 Dei,
2896 2435 3193 2490 virtutibus
3234 2433 3391 2502 quasi
3450 2448 3588 2487 auro

2006 2530 2265 2584 distincta
2296 2547 2310 2583 :
2345 2545 2443 2584 nec
2477 2543 2681 2599 corpus
2712 2529 2873 2582 modo
2916 2527 3184 2592 clavibus,
3214 2529 3308 2584 sed
3337 2538 3392 2582 et
3424 2525 3588 2598 spiri-

2007 2634 2098 2677 tus
2131 2622 2476 2676 cohibeatur.
2509 2620 2606 2675 Est
2634 2621 2799 2691 igitur
2825 2631 3250 2676 consentaneum
3271 2631 3324 2673 nt
3345 2619 3588 2674 virorum

2008 2724 2363 2784 conspectum
2399 2712 2641 2779 fugiatis,
2673 2714 2926 2769 allectum
2959 2729 3088 2782 erga
3117 2713 3586 2782 consanguineos,

2007 2808 2278 2863 amicitias
2330 2821 2460 2877 erga
2512 2807 2776 2860 mundum
2828 2807 3186 2861 universum:
3237 2815 3292 2860 et
3339 2815 3397 2860 ut
3448 2805 3590 2860 inter

2006 2918 2106 2957 vos
2162 2903 2312 2970 ipsas
2345 2900 2588 2970 dcgatis,
2620 2899 2977 2965 habeatisque
3018 2900 3255 2953 animam
3321 2914 3481 2952 unam
3535 2905 3590 2951 et

2007 3009 2106 3050 cor
2151 3009 2348 3059 unum,
2397 2993 2464 3046 ad
2511 2991 2820 3060 exemplum
2877 3005 3071 3044 eorum
3114 2991 3207 3059 qui
3251 2988 3360 3057 jam
3393 2989 3523 3042 olim
3556 3005 3589 3044 a

2009 3084 2300 3155 principio,
2367 3081 2740 3152 apostolorum
2814 3080 3152 3149 temporibus
3217 3079 3584 3133 crediderunt.

317 3171 609 3242 ηγουμένη
668 3171 810 3225 οὕτω
862 3172 1212 3243 καθηγείσθω
1253 3173 1330 3238 ὡς
1362 3173 1604 3244 Χριστοῦ
1636 3175 1905 3243 ἐπέχουσα

2011 3176 2309 3246 Ριδαξροείιει
2369 3175 2450 3229 sic
2509 3183 2660 3244 regat
2711 3182 2972 3242 tanquam
3032 3172 3237 3226 Christi
3293 3186 3585 3240 personam

317 3265 676 3336 χαρακτῆρα,
702 3266 934 3320 ποιοῦσα
963 3265 1204 3335 πρῶτον,
1230 3262 1329 3320 εἶθ’
1351 3266 1526 3332 οὕτως
1555 3268 1904 3322 διδάσκουσα’

321 3359 497 3429 μηδὲν
548 3359 957 3430 ὲλλιμπόινουσα
1009 3361 1118 3413 τῶν
1168 3359 1288 3414 κατ’
1327 3361 1548 3430 ἐντολήν
1589 3361 1910 3431 πρακτικῶς

321 3451 729 3506 ὑποδεικνύναι.
771 3451 836 3506 Ἦ
869 3453 1398 3524 καθυποτασσομένη
1436 3452 1580 3506 οὓτω
1621 3452 1910 3506 πείθεσθαι

316 3543 424 3602 καὶ
457 3543 723 3609 ὑπείκειν,
759 3546 835 3605 ὡς
861 3546 1012 3616 αὐτῷ
1039 3545 1263 3617 Χριστῷ
1292 3546 1393 3618 τὴν
1426 3546 1676 3617 ὑπακοὴν
1709 3545 1907 3600 ἀνύου-

321 3653 418 3688 σα.
453 3635 631 3689 Ὅπου
672 3635 729 3689 δὲ
755 3637 951 3699 ταῦτα,
989 3639 1106 3691 ἐκεῖ
1148 3639 1330 3709 πάσης
1372 3639 1738 3710 ἀγαθοεργίας
1777 3655 1912 3709 καρ-

321 3729 464 3792 πόςο
519 3722 583 3784 οὗ
640 3730 698 3784 δὲ
753 3732 813 3785 ού
867 3731 1061 3798 ταῦτα,
1098 3732 1218 3786 ἐκεῖ
1271 3732 1492 3796 πάντως
1541 3732 1612 3785 τὰ
1669 3733 1908 3796 ἐναντία,

320 3822 586 3895 ἐταιρίαι.
640 3823 988 3894 φιλονεικίαι,
1045 3823 1386 3896 ψιθυρισμοὶ,
1444 3824 1910 3896 ίδιοκτημοσύναι,

321 3913 662 3983 φυσιώσεις,
720 3917 1123 3986 προσπόιθειαι,
1186 3917 1325 3987 πρός
1384 3933 1446 3970 τε
1507 3917 1745 3988 ἀλλήλας
1813 3918 1912 3972 καὶ

321 4003 468 4075 πρὸς
522 4005 650 4070 τοὺς
703 4005 925 4073 ἔξωθεν,
957 4008 1067 4060 εἴτε
1119 4008 1183 4062 ἐκ
1228 4007 1441 4077 γένους,
1477 4010 1589 4062 εἴτε
1635 4010 1700 4062 ἐκ
1729 4009 1912 4080 φιλίας

320 4095 463 4166 ἄλλη
471 4113 518 4160 ς.

401 4187 562 4243 οὔτω
591 4189 690 4258 μὲν
722 4185 816 4245 οῦν
847 4190 922 4254 ὡς
947 4193 1005 4246 ἐν
1037 4192 1205 4265 ὀλίγῳ
1243 4193 1277 4265 ή
1314 4194 1443 4265 περὶ
1473 4193 1626 4248 τοῦδε
1659 4194 1912 4266 ὑπόμνη-

326 4298 438 4343 σις.
481 4281 624 4351 Ἐγὼ
660 4281 719 4334 δὲ
747 4283 776 4336 ὀ
804 4283 1059 4348 ταπεινὸς
1091 4285 1418 4354 παρακαλῶ,
1453 4285 1553 4340 σὺν
1583 4285 1662 4358 τῷ
1692 4287 1792 4358 βίῳ
1819 4288 1914 4341 καὶ

321 4375 430 4446 τὴν
464 4375 648 4429 πίστιν
681 4377 1056 4450 ἠγλαϊσμένην
1086 4379 1386 4450 κεκτῆσθαι
1429 4382 1606 4452 ὑμᾶς·
1644 4382 1916 4452 μηδαμῶς

321 4473 394 4537 τῇ
419 4469 785 4541 Χριστομάχῳ
827 4471 1034 4542 αἱρέσει
1077 4477 1378 4537 κοινωνεῖν,
1401 4475 1526 4545 ἥτις
1571 4476 1910 4546 Ἰουδαϊσμοῦ

321 4557 486 4612 οὐδὲν
512 4559 808 4631 διενήνοχε,
839 4561 938 4632 τὴν
991 4565 1258 4635 σωτήριον
1300 4567 1539 4637 Χριστοῦ
1577 4568 1909 4640 οἰκονομίαν,

321 4650 422 4705 διὰ
445 4653 545 4724 τῆς
576 4653 944 4726 καθαιρέσεως
977 4657 1087 4709 τῶν
1121 4657 1334 4712 σεπτῶν
1369 4661 1595 4714 εἰκόνων
1641 4661 1809 4714 αὐτοῦ
1851 4679 1912 4716 τε

323 4739 596 4810 Χριστοῦ,
631 4743 729 4810 τῆς
775 4761 834 4796 τε
870 4744 1136 4799 Θεοτόκου
1183 4746 1278 4800 καὶ
1317 4749 1536 4803 πάντων
1565 4749 1675 4804 τῶν
1716 4751 1910 4821 ἁγίων,

322 4831 641 4902 ἀρνουμένῃ
659 4848 673 4862 ·
706 4835 1006 4906 ἐπειδήπερ
1035 4838 1067 4908 ἡ
1099 4838 1264 4892 εἰκὼν
1299 4842 1494 4896 ταυτόν
1515 4842 1632 4898 ἐστι
1654 4843 1732 4916 τῷ
1758 4862 1913 4916 πρω-

320 4921 550 4992 τοτύπῳ
581 4927 714 4996 τιμῇ
737 4943 794 4978 τε
822 4929 916 4982 καὶ
943 4934 1308 5000 προσκυνήσει
1329 4949 1344 4962 ⁸
1377 4929 1488 4990 οἷον
1513 4937 1600 4989 ἐπ’
1625 4936 1792 4990 αὐτοῦ
1818 4937 1912 4990 τοῦ

324 5013 602 5074 ζωοποιοῦ
622 5013 908 5090 [σταυροῦ]
933 5019 1139 5074 καὶτοῦ
1166 5022 1362 5078 τύπου.
1379 5025 1548 5096 Μὴδὴ
1565 5025 1659 5080 οῦν
1677 5029 1919 5100 ἀρνήση-

327 5104 430 5158 σθε
447 5105 537 5158 τὸν
553 5108 788 5179 Χριστὸν
805 5112 862 5164 αἱ
876 5113 920 5165 Χ
929 5115 1240 5187 ριστοιρόροι
1264 5118 1344 5188 τῷ
1371 5120 1510 5190 ἁγίῳ
1528 5123 1918 5194 περιϐλήματι·

331 5198 477 5267 μήτε
499 5201 623 5264 τοὺς
639 5204 928 5268 τοσούτους
953 5207 1178 5274 κόπους,
1194 5209 1290 5276 οὒς
1307 5212 1568 5267 ἀνατλᾶτε
1589 5215 1680 5268 τὸν
1700 5217 1758 5271 ὲν
1781 5233 1926 5288 παρ-

329 5291 491 5363 θενίᾳ
520 5294 632 5364 βίον
669 5297 809 5366 μετὰ
828 5300 1164 5374 καθείρξεως
1196 5303 1697 5372 διανύουσαι,ἔνθεν
1715 5308 1923 5377 ὀλέσαι,

327 5387 432 5441 καὶ
475 5386 575 5456 τῆς
622 5388 1010 5464 ἀντικειμένης
1048 5395 1288 5466 μερίδος,
1315 5399 1452 5470 ὅπερ
1482 5399 1648 5472 ἀπείη
1693 5401 1786 5454 καὶ
1831 5402 1920 5456 ὲν-

295 5480 477 5550 ,νοεῖν
523 5479 620 5532 καὶ
661 5479 866 5550 λέγειν.
907 5485 1228 5555 γινόμεναιο
1274 5488 1390 5542 ἀλλ’
1419 5490 1613 5544 εἰδυῖαι
1659 5493 1743 5546 ὅτι
1793 5491 1918 5546 οὔτε

327 5569 452 5637 βίος
479 5569 605 5641 δίχα
633 5572 870 5640 πίστεως
913 5577 1104 5649 ὀρθῆς,
1134 5578 1250 5633 οὔτ’
1278 5576 1346 5636 αὖ
1376 5581 1556 5646 πίστις
1601 5584 1727 5655 δίχα
1773 5587 1918 5658 πρά-

329 5662 474 5730 ξεως
523 5664 673 5730 θείας
717 5666 908 5733 σώζειν
948 5670 1191 5739 δύναιτο,
1233 5673 1628 5748 ἀμφοτέρωθεν
1660 5680 1807 5752 εἴητε
1840 5681 1918 5736 δι-

407 5778 455 5812 ”
485 5781 616 5840 Luc.
649 5801 724 5851 v1,
753 5784 840 5841 50.
921 5788 963 5820 ³⁵
991 5789 1112 5845 Act.
1148 5806 1187 5851 t,
1227 5792 1276 5847 l.

2009 3268 2311 3330 sustinens,
2359 3266 2596 3335 primum
2640 3264 2871 3326 faciens,
2906 3263 3100 3316 deinde
3129 3263 3210 3316 sic
3261 3261 3463 3316 docens
3488 3261 3534 3293 "
3571 3275 3588 3312 :

2011 3363 2149 3418 nihil
2202 3359 2624 3430 praetermittens
2677 3372 2867 3412 eorum
2929 3371 3051 3426 qua:
3117 3363 3245 3410 sunt
3299 3357 3590 3424 imperata:

2009 3454 2258 3522 exemplo
2302 3460 2629 3506 monstrare.
2683 3449 2816 3515 Qua:
2867 3450 3084 3504 subdita
3119 3459 3221 3514 est,
3268 3448 3340 3502 ita
3378 3448 3558 3501 ohtem

2010 3564 2202 3620 pet-are
2232 3562 2296 3600 ac
2330 3560 2522 3615 parere
2551 3552 2898 3609 consuescat,
2944 3554 3203 3613 tanquam
3233 3542 3452 3596 Christo
3483 3539 3584 3610 ipsi

2011 3656 2219 3696 morem
2252 3649 2422 3708 gerat.
2445 3637 2575 3691 Nam
2600 3637 2716 3691 hac
2743 3637 2832 3691 ubi
2872 3636 3144 3699 aﬂ‘uerint,
3171 3635 3242 3688 ibi
3263 3635 3442 3688 omnis
3460 3633 3586 3688 boni

2011 3735 2192 3803 operis
2242 3731 2494 3786 fructus:
2550 3730 2644 3785 ubi
2679 3747 2786 3785 non
2846 3731 3028 3783 adsint
3077 3728 3186 3792 illa,
3228 3727 3302 3782 ibi
3364 3726 3590 3779 omnino

2011 3825 2315 3890 contraria,
2373 3825 2779 3885 conventicula,
2829 3821 3233 3885 contentiones,
3281 3833 3591 3872 murmura-

2013 3921 2212 3985 tiones,
2246 3918 2453 3988 privata
2486 3917 2720 3987 peculia,
2772 3926 2956 3969 tumor
2989 3913 3158 3968 animi
3189 3931 3204 3980 ;
3237 3913 3420 3966 vitiosi
3455 3910 3589 3964 οσο-

2013 4021 2133 4067 ctus
2178 4020 2292 4063 tum
2347 4023 2476 4081 erga
2529 4024 2588 4064 se
2644 4008 2898 4068 invicem,
2928 4015 3041 4060 tum
3092 4021 3218 4075 erga
3276 4013 3589 4068 extraneos,

2013 4105 2128 4159 sive
2152 4101 2222 4158 ob
2237 4101 2642 4172 cognationem,
2668 4100 2782 4156 sive
2831 4099 2902 4152 ob
2927 4097 3086 4151 aliam
3109 4095 3592 4150 necessitudinem.

2083 4194 2280 4252 Paucis
2314 4196 2498 4264 itaque
2526 4195 2705 4250 verbis
2723 4195 2837 4248 haec
2862 4191 2931 4247 de
2963 4192 3068 4245 isto
3091 4195 3416 4260 argumento
3442 4201 3593 4242 com-

2013 4289 2243 4346 monitio
2273 4289 2353 4343 lit.
2387 4287 2499 4359 Ego
2545 4285 2767 4341 humilis
2809 4285 3062 4348 obsecro,
3091 4290 3152 4335 ut
3185 4295 3311 4334 cum
3347 4279 3593 4332 moribus

2014 4383 2281 4438 illibatam
2327 4379 2489 4434 [idem
2547 4376 2833 4442 tueamini,
2882 4375 3035 4429 nullo
3071 4372 3236 4428 modo
3284 4368 3595 4426 communi-

2015 4485 2205 4531 cantes
2244 4471 2790 4528 Christomacborum
2839 4467 3055 4532 haeresi,
3101 4480 3224 4536 quae
3264 4463 3398 4517 nihil
3431 4477 3460 4515 a
3498 4459 3595 4514 Ju—

1967 4549 1987 4602 -’
2016 4569 2230 4624 daismo
2246 4567 2541 4634 discrepat,
2573 4563 2867 4618 salutarem
2890 4559 3092 4613 Christi
3119 4549 3592 4626 dispensationem

2016 4677 2244 4734 negans,
2277 4656 2512 4715 sublatis
2539 4671 2571 4711 e
2599 4655 2779 4710 medio
2808 4653 3134 4708 venerandis
3159 4650 3331 4718 ipsius
3364 4647 3593 4712 Christi,

2018 4767 2132 4812 tum
2168 4754 2432 4823 Deiparaa,
2459 4750 2819 4816 omniumque
2859 4754 3175 4800 sanctorum
3211 4741 3540 4812 imaginibus
3578 4757 3593 4796 :

2018 4844 2460 4919 quandoquidem
2526 4841 2707 4910 imago
2765 4838 2911 4892 idem
2963 4845 3048 4890 est
3097 4850 3222 4890 cum
3286 4844 3596 4904 prototypo,

2021 4942 2230 4995 honore
2283 4944 2339 4992 et
2392 4934 2746 4990 adoratione:
2779 4930 2916 4984 utin
2961 4928 3174 4982 vivifica
3234 4928 3406 4997 ipsius
3435 4943 3601 4982 cruce

2017 5030 2305 5100 contingit,
2337 5037 2393 5083 et
2427 5027 2480 5081 in
2514 5023 2758 5096 ejusdem
2785 5021 2980 5093 eﬂigie.
3014 5019 3194 5074 Nolite
3239 5020 3404 5090 igitur
3437 5019 3600 5073 Chri-

2019 5135 2166 5182 stum
2201 5136 2422 5192 negare,
2452 5119 2544 5190 qui
2601 5132 2761 5174 sacro
2795 5115 2985 5171 habitu
3011 5114 3288 5170 Christum
3325 5113 3553 5184 gestatis
3582 5131 3596 5167 :

2021 5233 2125 5274 nec
2166 5225 2441 5271 tantorum
2490 5212 2762 5275 laborum,
2797 5225 2934 5280 quos
2974 5219 3252 5264 transacto
3285 5208 3340 5261 in
3374 5205 3604 5272 virgini-

2023 5318 2136 5365 tate
2189 5323 2308 5363 αινο
2364 5307 2510 5361 intra
2559 5305 2796 5360 claustra
2862 5301 3138 5372 perfertis,
3167 5301 3292 5354 inde
3329 5298 3604 5368 iacturam

2022 5400 2206 5464 facite,
2245 5400 2300 5455 in
2339 5396 2783 5453 adversariorum
2839 5403 3039 5460 castra,
3099 5392 3245 5464 quod
3283 5391 3369 5446 vel
3422 5391 3604 5444 dicere

2020 5494 2108 5550 vel
2157 5493 2399 5564 cogitare
2455 5489 2609 5546 nefas
2651 5497 2758 5555 est,
2793 5488 3241 5544 transvolantes:
3293 5484 3387 5538 sed
3439 5483 3604 5551 probe

2023 5589 2407 5660 intelligentes,
2435 5601 2537 5641 nec
2556 5598 2738 5640 mores
2764 5585 2885 5638 sine
2909 5591 3054 5636 recta
3081 5579 3209 5642 ﬁde,
3260 5592 3358 5633 nec
3381 5591 3602 5631 rursum

2025 5681 2184 5738 ﬁdem
2219 5680 2339 5737 sine
2385 5675 2588 5734 divinis
2615 5673 2895 5747 operibus,
2938 5671 3132 5730 cﬂ‘erre
3154 5669 3385 5728 salutem
3420 5683 3600 5742 posse,
