4054 6364
450 315 588 378 124³1
1634 307 1697 368 S.
1739 303 2050 366 THEODO

2121 305 2138 365 [
2180 302 2533 366 ΞΤῙΙΒΙΤᾹΞ
3587 297 3722 364 1248

445 437 680 498 utraque
703 424 830 482 dote
859 421 1112 494 fulgeatis
1149 419 1219 477 ad
1257 419 1491 491 gloriam
1518 417 1637 480 Dei,
1665 416 1734 472 ad
1762 415 2025 472 Ecclesiae

2127 415 2476 486 ηυγασμέναι
2523 413 2607 478 είς
2650 411 2814 478 δόξαν
2852 411 3015 480 Θεοῦ,
3048 411 3132 477 είς
3163 411 3324 476 κλέος
3348 410 3455 480 τῆς
3489 411 3728 485 Ἐκκλη-

443 517 813 588 splendorem,
845 516 913 571 ad
937 513 1382 572 consecutionem
1403 520 1734 566 aeternorum
1760 510 2030 565 bonorum

2137 507 2280 572 σίας,
2304 509 2385 571 εἰς
2412 505 2692 573 ἐπίτευξιν
2721 504 2832 559 τῶν
2852 507 2912 560 ἐν
2937 505 3298 575 ἐπαγγελίαις
3327 505 3568 560 αἰωνίων
3595 508 3733 577 ἀγα-

442 625 568 682 quaa
600 611 874 680 promissa
903 616 1034 664 sunt
1063 627 1077 662 :
1107 615 1330 661 orantes
1367 603 1536 660 etiam
1582 617 1683 673 pro
1712 602 1872 658 nobis
1902 614 2032 684 pec-

2137 599 2247 654 θῶν
2267 616 2284 633 ο
2303 598 2741 671 προσευχόμεναι
2770 598 2866 653 καὶ
2891 599 3021 671 περὶ
3050 601 3083 670 ἡ
3091 598 3208 670 μῶν
3228 598 3340 653 τῶν
3367 598 3733 672 ἁμαρτωλῶν,

444 704 752 766 catoribus,
787 709 850 756 ut
873 701 1008 756 salvi
1047 700 1245 756 simus.

1079 700 1245 755 imus.
2133 692 2210 758 ὡς
2241 691 2309 749 ἂν
2341 689 2678 763 σωζοίμεθα.

891 834 1079 891 XLIV.
1101 867 1173 878 -
1193 833 1434 890 Simeoni
1455 833 1594 904 ﬁlio.

2547 832 2682 888 MA'.
2708 861 2780 875 —
2809 831 3058 903 Συμεὼν
3078 830 3290 897 τέκνῳ.
3331 829 3519 904 [τκζκ]

857 951 978 1003 Cum
998 948 1110 1000 aliis
1129 962 1309 999 novem
1337 947 1539 1010 latenti,
1566 949 1632 1000 de
1663 949 1730 1000 lis
1749 946 1836 1011 qui
1855 947 2093 1010 martyrio
2117 961 2176 999 se
2197 917 2294 1012 ipsi
2318 946 2578 1011 objiciunt.
2613 949 2816 1013 (Barou.
2843 961 2926 999 an.
2956 948 3070 1010 818,
3102 962 3156 999 n.
3182 947 3288 1012 18.)

523 1059 661 1115 Sero
701 1058 945 1128 quidem,
989 1055 1086 1111 sed
1129 1068 1313 1110 tamen
1367 1056 1582 1111 litteras
1640 1065 1766 1111 tuas
1825 1055 2036 1124 accepi,

452 1153 550 1218 Illi,
584 1161 639 1206 et
686 1150 894 1223 gratias
947 1148 1034 1219 egi
1079 1147 1316 1202 Domino
1367 1157 1483 1202 tum
1537 1148 1610 1203 ob
1657 1148 2037 1204 defensionem

2145 1162 2273 1198 κνον
2297 1162 2314 1179 ο
2343 1146 2849 1218 καὶηὺχαρίστησα
2883 1145 2966 1216 τῷ
3003 1143 3196 1217 Κυρίῳ
3227 1145 3322 1198 ἐπὶ
3358 1146 3424 1215 τῇ
3470 1143 3741 1216 ἀπηλογξᾳ

451 1255 626 1308 tuam,
662 1252 776 1296 tum
811 1242 884 1295 ob
930 1240 1214 1295 solertiam
1249 1248 1305 1294 et
1352 1255 1543 1295 curam
1573 1255 1681 1310 qua
1715 1247 1794 1294 tot
1836 1240 2040 1295 fratres

2147 1255 2265 1300 σου,
2295 1240 2361 1310 τῇ
2393 1255 2455 1292 τε
2486 1238 2703 1291 συνέσει
2732 1238 2828 1292 καὶ
2853 1236 3110 1292 διασώσει
3137 1253 3152 1269 ·
3190 1236 3384 1308 ὅτιπερ
3414 1236 3512 1290 καὶ
3543 1237 3739 1290 τοσού-

451 1345 602 1390 tutos
652 1343 882 1405 praestas
929 1333 999 1386 ab
1047 1332 1439 1386 haereticorum
1492 1331 1728 1402 laqueis,
1775 1333 1871 1402 qui
1929 1346 2040 1387 non

2145 1348 2276 1394 τους
2310 1331 2574 1401 ἀδελφοὺς
2601 1331 2746 1403 ἐχεις
2784 1329 3262 1400 συνδιαφυλάττων
3296 1329 3405 1383 ἀπὸ
3433 1330 3534 1399 τῆς
3563 1329 3741 1401 Θήρας

450 1441 684 1496 corpora
739 1425 837 1480 sed
891 1423 1109 1477 animos
1164 1422 1486 1492 discerpunt
1541 1441 1556 1478 :
1616 1433 1932 1494 quanquam
1988 1431 2044 1478 et

2147 1423 2258 1478 τῶν
2289 1423 2694 1496 αίρετιζόντων,
2730 1424 2826 1477 καὶ
2856 1423 2919 1477 ού
2962 1424 3194 1494 σάρκας,
3215 1421 3353 1476 ἀλλά
3391 1422 3574 1494 ψυχὰς
3599 1439 3741 1476 σπα-

453 1535 686 1589 corpora
715 1559 730 1584 ,
787 1516 964 1587 plagis
1013 1515 1396 1584 mortibusque
1442 1514 1628 1570 illatis.
1682 1513 1817 1570 Esto
1861 1525 2044 1570 mente

2151 1518 2464 1589 ρασσόντων
2485 1533 2499 1548 ⁸
2535 1517 2676 1589 πλὴν
2700 1517 2785 1570 ὅτι
2814 1517 2912 1572 καὶ
2945 1514 3198 1588 σώματα,
3232 1515 3301 1570 δι’
3321 1509 3398 1570 ὧν
3418 1516 3742 1588 ἐπιφέρουσι

2229 1055 2359 1124 Ὀψέ
2393 1055 2515 1126 μέν,
2549 1056 2700 1128 ὅμως
2729 1055 3002 1125 ἐδεξᾶμην
3029 1053 3101 1108 τὰ
3127 1051 3445 1123 ἀντίγραφά
3488 1067 3608 1117 σου,
3644 1051 3738 1105 τέ-

457 1613 694 1682 integra,
732 1610 810 1664 fili
850 1610 924 1664 mi
956 1608 1175 1672 dilecte,
1216 1617 1474 1664 strenuus
1505 1616 1643 1671 esto,
1681 1608 1877 1664 fratres
1916 1616 2043 1664 tuos

2192 1609 2370 1680 ληγῶν
2420 1609 2516 1663 καὶ
2570 1609 2837 1664 Θανάτων.
2880 1607 3141 1679 Ὑγίαινε,
3181 1607 3265 1662 υίέ
3312 1624 3416 1678 μου
3460 1609 3740 1678 ἀγαπητὲ,
3789 1591 3793 1596 ³

454 1722 604 1776 rege.
653 1705 740 1760 fac
787 1718 910 1758 esse
961 1717 1060 1758 eos
1111 1702 1297 1756 animo
1341 1701 1536 1760 alacri.
1583 1717 1705 1771 qua:
1754 1701 2044 1756 veritatem

2144 1701 2425 1771 ἀρίστευε,
2487 1701 2626 1774 ἡγοῦ
2681 1701 2794 1756 τῶν
2846 1701 3093 1773 ἀδελφῶν
3144 1719 3262 1766 σου,
3316 1701 3741 1772 προθυμοποίει,

454 1800 689 1854 attinent
737 1796 957 1862 exhibe,
1010 1794 1081 1850 ad
1131 1795 1456 1868 martyrium
1515 1795 1752 1865 impelle.
1799 1793 2044 1864 Tempus

2146 1795 2514 1866 παραδείκνυε
2537 1795 2608 1850 τὰ
2639 1797 2738 1866 τῆς
2770 1795 3054 1866 ἀληθείας,
3091 1795 3384 1867 παράθηγε
3414 1797 3495 1858 είς
3523 1782 3745 1866 ’μαρτυ-

457 1887 676 1941 enimid
705 1887 984 1955 postulat:
1010 1901 1326 1957 quanquam
1351 1885 1496 1957 iuste
1519 1887 1758 1940 latebras
1782 1886 2042 1958 petiistis.

2148 1887 2292 1958 ρίαν.
2337 1889 2395 1942 Ὀ
2421 1889 2533 1958 γὰρ
2579 1889 2773 1960 καιρὸς
2799 1888 3045 1954 τοιοῦτος
3061 1906 3076 1920 ο
3102 1889 3212 1944 κᾶν
3242 1887 3622 1960 ὑποκρύσεσθε
3647 1890 3742 1941 ἐν.

457 1977 738 2048 Projicere
768 1979 916 2032 enim
955 1979 1198 2048 seipsum
1247 1978 1302 2032 in
1340 1979 1725 2043 tentationem,
1775 1979 2043 2047 quemad-

2146 1982 2350 2051 νόμως.
2377 1982 2452 2036 Τὸ
2489 1981 2601 2054 γὰρ
2627 1981 2918 2056 ἐπιρῤίψαι
2939 1981 3131 2037 ἐαυτὸν
3160 1985 3218 2036 ἐν
3248 1982 3566 2054 πειρασμῷ,
3597 1982 3745 2037 καθά

457 2069 684 2126 modum
723 2078 783 2124 ut
812 2070 1089 2126 docereris
1131 2071 1358 2141 rogasti,
1393 2071 1525 2125 illud
1560 2080 1668 2136 est,
1706 2070 1909 2141 impelli
1943 2086 2044 2127 sua

2146 2075 2422 2147 ὲξήτιίσας
2453 2074 2670 2146 μαθεῖν,
2697 2075 2868 2134 ,τοῦτό
2900 2077 3039 2140 ἐστι,
3075 2075 3139 2128 τὸ
3165 2074 3260 2145 ἀφ’
3290 2073 3486 2128 ἐαυτοῦ
3512 2074 3746 2146 κινηθῆ-

458 2173 659 2233 spoute
689 2177 1048 2234 quemquam,
1091 2173 1151 2218 ut
1182 2179 1243 2220 se
1282 2165 1398 2234 ipse
1432 2163 1881 2220 interfectoribus
1909 2178 2046 2235 pro-

2146 2166 2236 2220 ναί
2261 2183 2408 2231 τινα,
2448 2168 2544 2220 καὶ
2573 2167 2888 2238 φανερῶσαι
2915 2166 3110 2222 ἑαυτὸν
3141 2168 3257 2230 τοῖς
3292 2165 3632 2235 φονεύουσιν.
3681 2166 3747 2218 Et

458 2258 573 2312 dat.
606 2256 764 2323 Quod
808 2256 852 2311 si
897 2266 1123 2313 sanctus
1171 2255 1432 2323 Gordius,
1484 2257 1944 2328 quemadmodum
1992 2264 2048 2312 et

2146 2257 2205 2312 δέ
2257 2258 2338 2312 ὅτι
2377 2259 2406 2312 ό
2453 2257 2608 2327 ἆγιος
2637 2257 2880 2329 Γόρδιος,
2910 2257 3104 2328 ὥσπερ
3135 2258 3232 2312 καί
3265 2275 3414 2322 τινες
3443 2256 3595 2313 ἄλλοι
3631 2257 3747 2310 τῶν

459 2348 553 2402 alii
598 2348 846 2402 nonnulli
881 2363 912 2404 e
951 2348 1309 2418 martyribus,
1353 2349 1601 2404 obtulere
1629 2347 1776 2404 ultro
1808 2363 1929 2404 sese
1955 2349 2044 2416 “;

2151 2348 2469 2422 μαρτύρων,
2499 2350 2824 2422 αύτόκλητοι
2848 2344 3005 2422 ἧκον·
3032 2351 3062 2403 ὁ
3090 2351 3294 2424 τρόπος
3319 2347 3496 2413 οὕτως
3517 2348 3745 2420 ἀπῄτειο

459 2443 543 2498 sic
574 2452 882 2512 temporum
911 2441 1050 2497 ratio
1075 2443 1334 2512 poscebat
1360 2460 1373 2497 :
1403 2443 1647 2506 nemine,
1675 2450 1736 2497 ut
1764 2441 1844 2508 fit,
1876 2441 2048 2498 libere

2147 2441 2363 2506 οὐδενὸς
2391 2441 2468 2506 ὡς
2500 2441 2659 2514 έτυχε
2692 2442 3234 2516 παρρησιαζομένου,
3265 2446 3362 2496 καὶ
3391 2439 3748 2509 ἀναπτούσης

461 2533 752 2605 loquente,
791 2544 846 2590 et
881 2535 1262 2590 vehementius
1307 2534 1704 2591 exardescentc
1743 2535 2044 2604 impietate.

2149 2535 2250 2605 τῆς
2280 2535 2473 2600 ἀθεῖας
2493 2537 2873 2610 σφοδρότερον.
2914 2537 3150 2591 Ἔπειτα
3173 2537 3268 2591 καὶ
3299 2535 3520 2608 καθαρᾷ
3549 2536 3750 2607 καρδίᾳ

462 2625 672 2681 Deinde
703 2625 786 2680 illi
816 2635 870 2680 et
905 2640 1044 2696 puro
1075 2625 1243 2680 corde
1278 2623 1446 2680 Deum
1479 2624 1665 2680 intuiti
1693 2623 1863 2690 clare,
1900 2633 1956 2680 et
1977 2623 2048 2678 ab

2148 2625 2286 2680 Θεὸν
2333 2625 2810 2699 ἐνοπτρισάμενοι,
2861 2627 2958 2680 καὶ¹
3020 2628 3163 2698 πρὸς
3214 2624 3380 2680 αὐτοῦ
3430 2626 3747 2696 νυχθένεες.

459 2716 652 2770 eodem
677 2715 912 2771 incitati.
937 2715 1074 2770 Nam
1101 2725 1156 2770 et
1179 2731 1410 2786 magnus
1433 2713 1751 2771 Praecursor
1774 2713 2050 2786 intrepido

2162 2718 2322 2772 Ἐπεὶ
2350 2719 2446 2772 καὶ
2484 2719 2514 2772 ό
2545 2719 2720 2791 μέγας
2763 2717 3078 2790 Πρόδρομος
3110 2715 3508 2789 ῥιψοκινδύνως
3553 2715 3745 2786 ἤλεγξε

461 2808 647 2862 animo
712 2806 982 2862 Herodem
1049 2806 1323 2878 coarguit.
1385 2806 1694 2862 Novissime
1755 2821 1890 2862 vero
1952 2805 2047 2862 Dei

2149 2811 2244 2866 τὸν
2277 2809 2546 2884 Ἡρώδην.
2579 2812 2740 2883 Ἀρτι
2767 2811 2826 2865 δὲ
2855 2810 3044 2864 πολλοὶ
3065 2810 3251 2882 χάριτι
3280 2806 3419 2863 Θεοῦ
3448 2807 3749 2878 ἐνιστάμε-

461 2897 726 2953 beneﬂcio
753 2898 1004 2953 restitere
1030 2897 1188 2951 multi
1209 2905 1265 2952 et
1288 2897 1610 2969 martyrium
1636 2901 2040 2954 sustinuerunt.

2147 2921 2224 2958 νοι
2245 2904 2340 2958 καὶ
2365 2901 2776 2976 μαρτυροῦντες
2795 2919 2810 2934 ·
2841 2902 2939 2957 καὶ
2959 2903 3060 2956 οὐκ
3085 2902 3314 2968 ἔννομον
3336 2899 3400 2955 τὺ
3427 2899 3748 2976 ἐπιρρίψαι,

460 2989 628 3046 Nefas
682 2989 888 3061 alioqui
943 2989 997 3044 in
1051 2990 1295 3060 pericula
1348 3007 1470 3046 sese
1528 2990 1752 3048 inferre.
1808 2991 2044 3048 Gavisus

2156 2970 2394 3066 Ἐχάρην
2418 2970 2477 3048 δέ
2501 2970 2625 3049 λίαν
2657 2995 2740 3049 ὅτι
2774 2995 2869 3048 καὶ
2908 2993 3091 3065 ἕτεροι
3124 2992 3379 3062 Πατέρες
3406 2970 3749 3063 συμίιτνέουσΙ

463 3094 649 3138 autem
681 3099 802 3138 sum
845 3083 1221 3149 vehementer,
1252 3083 1399 3152 quod
1435 3085 1618 3139 caeteri
1644 3093 1822 3140 tecum
1855 3084 2045 3140 Patres

2147 3104 2251 3153 σοι,
2279 3081 2391 3144 Ὧν
2419 3085 2496 3142 τὰ
2520 3087 2784 3158 ὀνόματα
2815 3087 2886 3140 ἐν
2907 3086 3106 3154 βίϐλῳ
3132 3084 3304 3156 ζωῆςο
3335 3083 3433 3150 οὓς
3457 3084 3556 3138 καὶ
3585 3100 3748 3154 προσ-

463 3177 824 3246 conspirant,
859 3175 1100 3242 Quorum
1147 3177 1365 3231 nomina
1397 3185 1520 3230 sunt
1563 3177 1618 3231 in
1653 3176 1788 3230 libro
1817 3177 2044 3233 vitae":

2147 3180 2400 3253 ἀγορεύω
2435 3180 2524 3234 διὰ
2557 3179 2676 3246 σοῦ,
2718 3180 2813 3234 καὶ
2842 3178 3110 3250 δεδέημαι
3150 3177 3264 3232 τῶν
3293 3177 3470 3246 ἀγίων
3509 3193 3748 3247 προσευ-

463 3285 605 3340 quos
649 3278 704 3323 et
757 3284 853 3338 per
898 3277 950 3333 te
986 3269 1202 3334 saluto,
1242 3283 1480 3338 quorum
1536 3269 1744 3324 sanctis
1791 3271 2049 3340 precibus

2147 3273 2258 3345 χῶν
2293 3275 2372 3338 είς
2403 3273 2732 3345 ἐπικουρίαν
2759 3273 3060 3344 σωτηρίας.
3094 3269 3327 3341 Ὄφελον
3352 3270 3436 3324 ὃτι
3463 3269 3622 3339 παρὰ
3651 3269 3747 3322 τοῦ

465 3379 599 3435 egeo
628 3361 697 3417 ad
739 3361 936 3417 salutis
984 3360 1314 3416 subsidium.
1348 3359 1521 3415 Valde
1555 3375 1644 3416 me
1686 3359 1862 3431 juvat,
1900 3359 2049 3432 quod

2149 3364 2382 3436 ἀδελφοῦ
2421 3365 2688 3420 ’Υπατίου
2715 3359 2876 3435 εῦρές
2908 3381 2964 3418 τι
2987 3363 3097 3418 τῶν
3124 3363 3333 3420 καλῶν.
3375 3361 3650 3432 Ἀδελφοί
3678 3363 3749 3416 ἐν

464 3457 535 3512 ab
568 3455 804 3527 Hypatio
835 3453 1004 3508 fratre
1051 3453 1178 3508 boni
1219 3453 1423 3523 aliquid
1459 3454 1795 3521 impetraris.
1823 3451 2048 3510 Fratres

2149 3460 2443 3531 ἀνάγκαις
2466 3461 2748 3516 ἔστωσαν
2781 3459 3105 3530 χρήσιμοι·
3150 3460 3186 3531 η
3215 3457 3410 3532 Γραφὴ
3452 3456 3748 3527 ἐγκελεύε-

461 3553 522 3606 in
553 3549 816 3621 angustiis
852 3547 1340 3618 comprobantur",
1391 3556 1453 3601 ut
1485 3561 1659 3603 sacra:
1701 3550 1915 3618 pagina;
1951 3547 2051 3602 ad-

2151 3573 2264 3611 ται.
2296 3553 2459 3627 Παρὰ
2492 3555 2604 3627 γὰρ
2627 3553 2728 3624 τῆς
2756 3555 2897 3625 ἐμῆς
2925 3551 3314 3617 ταπεινώσεως
3332 3551 3489 3606 οὐδὲν
3511 3552 3709 3621 ὄφελος
3728 3565 3747 3582 ·

468 3653 716 3699 monent.
770 3643 818 3696 Α
871 3653 1062 3697 nostra
1109 3641 1258 3696 enim
1313 3641 1582 3696 tenuitate
1636 3641 1784 3695 nulla
1841 3641 2052 3696 utilitas

2152 3648 2261 3701 κᾶν
2302 3646 2466 3711 αὐτὸς
2508 3647 2862 3717 μεγαλαυχῇς
2909 3647 3060 3717 ἡμᾶς
3107 3645 3168 3714 ἐξ
3203 3645 3448 3716 ἀγάπης.
3492 3643 3653 3698 Ἐπεὶ
3692 3643 3749 3696 δέ

465 3739 726 3808 cuiquam
759 3743 845 3792 est
876 3752 909 3789 ε.
937 3750 1254 3806 quanquam
1288 3734 1406 3804 ipse
1448 3734 1515 3789 de
1557 3733 1719 3790 nobis
1765 3733 2055 3804 magnifice

2153 3740 2429 3812 ἐζήτησας
2458 3739 2555 3794 καὶ
2589 3741 2918 3811 κατήχησιν,
2942 3738 3010 3811 ἢν
3040 3737 3181 3809 πρὸς
3208 3738 3423 3802 πάντας
3445 3737 3576 3800 τοὺς
3602 3736 3751 3789 ἀδελ-

465 3830 709 3901 loqneris
737 3844 806 3884 ex
835 3827 1126 3885 charitate.
1168 3825 1439 3894 Quoniam
1469 3841 1601 3882 vero
1634 3835 1691 3882 et
1719 3827 2053 3884 catechesim

2155 3833 2292 3904 φοὺς
2338 3832 2592 3903 ἐποίησα,
2629 3833 2758 3901 ἄρτι
2799 3829 3090 3885 ἐπέστειλα
3140 3830 3238 3884 καὶ
3268 3831 3407 3903 πρός
3441 3845 3525 3882 σε.
3567 3827 3643 3882 Σύ
3691 3844 3751 3882 τε

463 3921 670 3994 rogasti
722 3935 888 3992 quam
935 3919 1102 3974 habui
1153 3920 1222 3974 ad
1268 3918 1560 3974 universos
1604 3917 1825 3984 fratres,
1877 3933 2056 3990 nuper

2157 3923 2462 3998 προσεύχου
2495 3922 2860 3988 ἀδιαλείπτως
2903 3922 3004 3995 τὴν
3057 3921 3336 3995 σωτηρίαν
3370 3939 3484 3993 μοι.
3531 3921 3608 3974 Τὸ
3636 3936 3753 3973 κισ-

465 4018 534 4072 ad
578 4024 630 4070 te
670 4013 820 4069 misi.
857 4011 940 4068 'l‘u
988 4013 1123 4068 mihi
1175 4027 1341 4084 porro
1368 4012 1592 4069 assidua
1622 4027 1783 4082 prece
1820 4013 2050 4068 salutem

2162 4017 2350 4072 σύϐιον
2397 4015 2711 4088 ἐδεξάμην·
2758 4020 2853 4069 καὶ
2882 4015 3026 4070 έστω
3074 4032 3170 4068 σου
3223 4017 3308 4080 είς
3339 4013 3754 4086 ἐναργεστέραν

463 4124 652 4166 exora.
679 4108 881 4179 Accepi
913 4108 1174 4180 poculum
1204 4121 1476 4177 servoque
1502 4116 1562 4161 ut
1590 4107 1664 4161 sit
1687 4106 1849 4162 obvia
1878 4105 2053 4177 magis

466 4204 544 4228 .-.ξ
609 4201 918 4228 ---Α-,1-ι2η
1009 4199 1214 4228 Min-enm
1291 4199 1486 4228 nun—nl.
1562 4214 1717 4228 ..ν-,υπ-
1795 4199 2049 4228 "Hann"...

2162 4112 2408 4181 μνήμην.
2454 4109 2568 4181 Τὴν
2594 4107 2819 4163 ἐννεάδα
2841 4107 2950 4163 τῶν
2983 4107 3233 4177 ἀδελφῶν
3261 4124 3364 4179 μου
3395 4109 3498 4161 καὶ¹
3541 4107 3753 4160 τέκνων

2158 4200 2550 4228 _---_-.---.v..-
2655 4201 2719 4228 ..π
2733 4202 2886 4228 Α..-
2955 4199 3211 4228 manu.--
3260 4201 3353 4228 ..-ι
3402 4202 3508 4228 -3-
3561 4200 3729 4228 -.~...:-

349 4232 353 4238 -
466 4204 548 4260 tui
609 4201 941 4258 recordatio.
1009 4199 1216 4256 Novem
1290 4199 1490 4256 fratres
1562 4214 1719 4255 meos
1794 4199 1950 4254 illiust

2156 4200 2584 4273 προσαγορεύω,
2655 4201 2889 4256 πλείστα
2953 4199 3211 4272 δεόμενος
3260 4201 3358 4256 καὶ
3402 4202 3508 4272 τῇς
3559 4200 3752 4270 εὐχῆς.

465 4296 684 4354 salvere
713 4295 908 4366 jubeo,
963 4294 1144 4359 enixe;
1175 4308 1365 4362 preces
1416 4291 1741 4364 implorans.
1791 4289 2053 4348 Nicolaus

2281 4293 2513 4364 ἀδελφὸς
2574 4291 2846 4356 Νικόλαος
2900 4293 2930 4347 ὁ
2971 4293 3072 4346 σὺν
3114 4291 3240 4356 ἐμοὶ
3291 4291 3755 4362 ἐγκεκλεισμένος
3865 4347 3873 4353 ,

466 4391 636 4448 frater
683 4392 779 4462 qui
815 4403 1028 4444 mecum
1061 4396 1148 4443 est
1189 4386 1453 4452 inclusus,
1493 4385 1593 4441 tibi
1633 4400 1762 4441 cum
1792 4385 2052 4442 omnibus

2154 4385 2556 4460 προσαγορεύει
2608 4402 2671 4440 σε
2725 4387 2824 4441 σὺν
2868 4387 3057 4441 πᾶσιν.
3112 4384 3178 4441 Ἠ
3208 4385 3370 4458 χάρις
3420 4385 3546 4457 μεθ’
3573 4384 3752 4456 ὑμῶν.

466 4484 702 4541 salutem
736 4481 890 4540 dicit.
922 4480 1110 4536 Gratia
1143 4479 1453 4534 vobiscum.
1485 4478 1682 4534 Amen.
2166 4477 2362 4550 Ἀμήν.

844 4616 1008 4675 XLV.
1030 4646 1106 4659 --
1126 4615 1331 4672 Basilio
1363 4615 1666 4686 praeposito.
2430 4618 2445 4672 1

2430 4615 2568 4673 ME'.
2599 4646 2669 4657 —
2691 4617 2991 4682 Βασιλείᾳ)
3024 4613 3358 4688 ἡγουμένῳ.
3378 4611 3572 4687 [τλς’.]

1085 4733 1164 4786 De
1184 4730 1490 4796 recipiendis
1511 4729 1661 4795 lapsis
1680 4731 1848 4794 deque
1875 4742 2051 4782 eorum
2075 4735 2397 4796 pmnltentla.
2423 4733 2627 4797 (Baron.
2660 4747 2740 4784 au.
2771 4733 2883 4794 816,
2907 4745 2959 4782 n.
2982 4729 3087 4794 19.)

538 4842 767 4897 Brevem
799 4839 1092 4912 epistolam
1137 4848 1312 4903 tuam,
1347 4837 1510 4893 Pater
1540 4847 1751 4898 sancte,
1797 4838 1898 4908 legi
1931 4853 2056 4894 cum

2239 4841 2446 4906 Ἡδέως
2488 4858 2583 4894 σου
2620 4840 2865 4909 ἀνέγνων
2909 4839 2973 4894 τὸ
3003 4838 3414 4909 γραμματεῖον,
3465 4829 3514 4890 ὦ
3548 4837 3757 4908 πατρό-

468 4937 755 5004 voluptate.
789 4943 1052 5004 tanquam
1083 4949 1151 4988 ex
1184 4947 1324 5004 puro
1356 4932 1526 4988 corde
1571 4930 1870 5000 profectam
1901 4948 1916 4986 :
1958 4947 2060 4987 nec

2156 4953 2256 5008 της
2278 4935 2433 5004 ἁγία,
2457 4932 2536 4998 ὡς
2551 4935 2659 4988 ἀπὸ
2688 4933 2918 5004 καρδίας
2940 4932 3188 5004 καθαρᾶς
3209 4947 3544 5002 προσενηνεγ
3562 4931 3751 5002 μένον-

472 5028 727 5086 laudibus
782 5037 967 5082 tamen
1017 5027 1322 5083 delectatus
1365 5041 1528 5092 sum,
1586 5025 1790 5096 quippe
1865 5039 2062 5097 expers

2155 5030 2218 5082 ού
2245 5028 2352 5100 μὴν
2384 5029 2444 5082 ἐν
2472 5030 2588 5092 τοῖς
2613 5028 2859 5091 ἐπαίνοις
2895 5026 3092 5098 ἣσθην,
3119 5027 3196 5090 ὼς
3237 5025 3391 5092 ξένος
3437 5026 3552 5078 τῶν
3591 5024 3754 5078 λελε-

470 5136 666 5178 earum
715 5135 855 5192 quas
900 5119 1370 5176 commemorasti.
1423 5116 1530 5175 Sed
1586 5127 1669 5183 tu,
1722 5117 1770 5174 si
1817 5117 1895 5173 ita
1955 5117 2060 5183 vis,

2157 5118 2400 5190 γμένων.
2453 5116 2595 5172 Ἀλλ’
2629 5117 2814 5183 αὐτὸς,
2846 5117 2897 5171 εί
2942 5116 3144 5188 βούλει,
3190 5115 3392 5187 μᾶλλον
3442 5116 3756 5187 προσεύχου

470 5214 660 5287 potius
702 5229 801 5268 ora
850 5219 912 5268 ut
955 5221 1169 5283 partem
1224 5227 1290 5268 ac
1341 5220 1547 5268 statum
1603 5220 1758 5266 tuum
1813 5210 2065 5281 proxime

2157 5211 2262 5282 τῆς
2317 5210 2536 5282 μερίδος
2585 5210 2680 5265 καὶ
2713 5209 2957 5274 στάσεώς
2990 5227 3084 5263 σου
3127 5209 3365 5279 ἐγγύθεν
3397 5208 3752 5280 παραθίγειν.

471 5308 759 5380 attingam.
805 5304 915 5362 Sed
963 5307 1067 5364 hac
1110 5306 1180 5362 de
1229 5321 1290 5362 re
1321 5305 1606 5360 hactenus.
1644 5301 1865 5358 Utinam
1904 5317 2055 5368 vero,

2161 5303 2333 5358 Τοῦτο
2365 5303 2469 5376 μὲν
2495 5302 2758 5358 τοιοῦτον.
2786 5301 2887 5374 Είη
2909 5303 2967 5357 δὲ
2990 5303 3135 5358 κατὰ
3158 5303 3219 5357 τὺ
3249 5302 3404 5374 ῥῆμά
3429 5320 3524 5356 σου
3557 5318 3759 5372 χρησι-

471 5399 939 5472 quemadmodum
971 5398 1076 5466 ais,
1131 5398 1286 5454 utilis
1326 5396 1438 5452 Deo
1483 5397 1558 5453 sit
1600 5393 1820 5466 Hypatii
1867 5394 2060 5451 fratris

2165 5396 2354 5468 μεύειν
2380 5395 2460 5466 τῷ
2496 5395 2618 5466 Θεῷ
2660 5395 2922 5450 ’Υπάτιόν
2951 5412 3010 5449 τε
3035 5396 3129 5449 τὸν
3157 5394 3410 5465 ἀδελφὺν,
3442 5395 3538 5449 καὶ
3563 5397 3757 5449 ὅντινα

471 5508 662 5564 opera,
700 5491 1000 5547 alteriusve
1032 5489 1330 5562 cujuslibet
1357 5501 1550 5542 eorum
1587 5487 1682 5556 qui
1726 5485 2010 5542 decertant
2040 5502 2057 5541 :

2161 5489 2324 5545 ἄλλον
2363 5489 2473 5542 τῶν
2508 5487 2906 5543 ἐναθλούντων·
2939 5489 3016 5552 ὡς
3048 5490 3116 5544 ἂν
3159 5489 3228 5544 δι’
3250 5489 3433 5543 αὐτῶν
3479 5489 3630 5560 σχοίη
3643 5503 3757 5556 μεν

475 5594 535 5640 ιιι
557 5585 642 5639 vel
666 5599 760 5654 per
781 5585 932 5654 ipsos
960 5586 1263 5638 habeamus
1291 5589 1346 5635 et
1369 5593 1471 5635 nos
1501 5577 1734 5634 humiles
1760 5577 2055 5648 propitium

2165 5581 2262 5635 καὶ
2293 5583 2455 5652 ἡμεῖς
2480 5582 2528 5634 ot
2551 5581 2799 5634 ταπεινοὶ⁴
2821 5581 3049 5652 εὐμενὲς
3071 5581 3132 5635 τὸ
3159 5582 3335 5635 Θεῖον.
3369 5579 3444 5634 Τὸ
3480 5578 3755 5649 ἐρώτημα

475 5677 711 5731 Numen.
749 5674 1109 5746 Interrogatio
1133 5671 1313 5729 dehis
1347 5671 1441 5742 qui
1471 5669 1711 5742 prolapsi
1741 5679 1870 5725 sunt
1899 5670 1953 5724 in
1993 5685 2058 5725 ea

2162 5671 2274 5724 τῶν
2303 5671 2666 5744 ἐμπαρέντων
2715 5675 2774 5725 ἐν
2817 5675 2929 5737 τοῖς
2955 5674 3097 5728 κατά
3122 5672 3283 5743 φύσιν
3325 5671 3358 5745 ἦ
3402 5671 3552 5744 παρὰ
3579 5669 3756 5739 φύσιν

548 5795 595 5827 ⁸⁸
631 5793 796 5851 Basil.
829 5794 988 5851 Hom.
1025 5793 1082 5850 in
1117 5792 1173 5851 S.
1215 5791 1476 5850 Gordium
1514 5798 1833 5860 martyrem.
1909 5788 1955 5821 "
1993 5785 2228 5858 Philipp.
2251 5803 2326 5856 iv,
2355 5787 2408 5844 5.
2487 5787 2531 5820 ³⁷
2573 5784 2732 5842 Prov.
2771 5803 2904 5854 xvn,
2945 5786 3028 5841 l7.
