4054 6364
346 297 487 366 1249

1539 296 2086 359 EPISTOLARUM
2141 297 2292 359 LIB.
2336 297 2423 358 Π.

3484 295 3624 362 1250

343 408 661 479 πτώμασιν,
684 406 904 480 ἐκείνην
931 406 1043 477 ἔχει
1066 406 1171 479 τὴν
1198 407 1528 480 ἀπόκρισιν·
1555 410 1639 465 ὃτι
1664 412 1698 482 ἡ
1725 410 1933 482 ἀληθὴς

2038 417 2258 479 peccata
2316 423 2443 479 qua:
2492 407 2796 464 secundum
2851 416 3109 462 naturam
3159 415 3217 462 et
3264 422 3389 478 qua:
3430 418 3623 465 contra

345 499 606 570 μετάνοια
633 500 694 554 ὲν
719 498 976 566 ἐπιδείξει
1003 500 1114 553 τῶν
1139 500 1261 554 κατ’
1282 500 1455 573 αὐτῆς
1481 502 1712 574 καρπῶν
1729 518 1745 534 ’
1771 502 1933 558 ἅτινά

346 593 521 655 ἐστιν,
572 592 607 661 ἡ
648 591 829 663 ἀποχὴ
874 591 987 645 τῶν
1031 592 1393 662 ἀγιασμάτων
1440 594 1766 660 κανονικᾶκ,
1794 595 1933 666 μετά

337 685 443 787 ὶκαὶ
478 683 577 755 τῆς
609 683 1041 755 συντελουμένης
1064 685 1414 754 ἐγκρατείας,
1446 688 1548 759 τὴν
1581 688 1931 762 συγχώρησιν

340 776 452 831 τῶν
482 776 891 850 ἡμαρτημένων
918 776 1333 848 ἀντιλαμϐάνει,
1364 779 1460 833 καὶ
1484 779 1613 836 ἀνευ
1644 780 1931 851 μαστίγων

340 869 441 925 καὶ
476 869 800 941 μαρτυρίου.
836 869 984 934 Ἕως
1034 870 1103 925 ἂν
1149 870 1259 943 γάρ
1324 870 1404 945 μὴ
1454 874 1756 947 ἀποκλείσῃ
1805 874 1930 928 καθ’

338 959 523 1031 ἡμῶν,
553 960 629 1025 ώς
657 960 1003 1032 γέγραπται*
1034 961 1358 1027 ἀπόκλεισις
1378 962 1437 1018 δὲ
1468 966 1497 1018 6
1531 965 1790 1029 θάνατος·
1823 965 1930 1020 κᾶν

342 1055 403 1106 ὲν
424 1056 490 1125 τῇ
528 1054 735 1125 ἐσχάτῃ
764 1052 950 1125 ἡμέρᾳ
997 1056 1097 1124 τῆς
1142 1053 1292 1126 ζωῆς
1333 1056 1369 1127 ἡ
1406 1055 1615 1128 ἀληθὴς
1666 1057 1930 1130 μετάνοια

343 1143 627 1214 φθάσειεν,
662 1146 835 1198 ἔσωσε
884 1142 977 1198 τὸν
1029 1146 1439 1218 ἐπιστρέψαντα
1493 1149 1594 1220 τῆς
1629 1150 1927 1221 ἁμαρτίας.

343 1238 503 1292 Οὕτω
527 1236 660 1301 Θεὸς
680 1237 768 1292 διά
801 1235 1062 1310 Ἰεζεκιὴλ
1086 1239 1181 1292 τοῦ
1209 1239 1464 1311 θεολόγου
1488 1242 1801 1312 διωρίσατοο
1832 1244 1931 1299 καὶ

340 1330 586 1384 τοιοῦτον
616 1329 1002 1402 φιλάνθρωπον
1036 1332 1169 1386 Θεὸν
1198 1332 1420 1404 ἔχομεν,
1450 1334 1543 1389 τὸν
1583 1336 1679 1389 καὶ
1724 1334 1930 1409 λῃστὴν

345 1424 450 1495 μιᾷ
483 1422 603 1493 ὥρᾳ
632 1422 1088 1494 είσοικισάμενον,
1118 1424 1211 1478 τὸν
1231 1426 1402 1480 πάλαι
1430 1427 1525 1481 καὶ
1553 1426 1646 1481 τὸν
1675 1426 1927 1498 ἔσχατον,

342 1517 440 1570 καὶ
470 1514 708 1587 τελώνην
736 1515 999 1580 ὡσαύτως
1038 1516 1431 1576 δικαιώσαντα.
1468 1521 1531 1575 El
1570 1521 1647 1587 δὲ,
1683 1523 1828 1577 κατά
1858 1522 1931 1576 τὰ

274 1614 277 1615 ⁷
343 1610 627 1677 φθάσαντα
668 1609 816 1680 ἄρτι,
852 1608 1086 1663 ὲπιδοῖεν
1131 1611 1324 1666 ἑαυτὸν
1359 1614 1389 1666 6
1419 1613 1783 1686 ἡμαρτηκὼς,
1832 1618 1929 1670 καλ⁸

343 1702 561 1774 πληγὰς
592 1703 684 1756 ἐπὶ
708 1702 881 1756 νώτου
912 1702 1191 1770 δέξασθαι,
1223 1706 1318 1758 καί
1347 1724 1401 1760 τι
1438 1706 1568 1762 ἄλλο
1609 1706 1929 1775 περισσότε-

2039 508 2295 555 naturam
2322 500 2582 556 dicuntur
2603 500 2701 571 (l),
2729 515 3056 571 responsum
3081 500 3244 556 habet
3270 501 3621 571 hujusmodi:

2040 608 2224 649 veram
2260 592 2641 662 paenitentiam
2686 608 2751 648 ex
2793 592 3114 648 ostensione
3153 593 3431 647 fructuum
3477 591 3624 647 illius

2038 684 2295 756 intelligi.
2326 682 2595 739 Videlicet
2617 684 2696 738 rei
2720 698 2892 740 sacra:
2920 684 3091 739 dilata
3114 684 3394 755 perceptio
3424 699 3623 738 secun-

2038 776 2169 831 dum
2213 791 2486 842 canones,
2536 775 2834 846 conjuncta
2892 776 3109 831 interim
3159 776 3406 831 ciborum
3448 773 3624 829 absti-

2038 868 2248 933 nentia,
2289 869 2507 924 ven’am
2544 868 2803 938 impetrat
2839 867 3191 934 delictorum,
3233 868 3369 923 citra
3412 868 3621 937 plagas,

2037 961 2173 1018 citra
2210 961 2558 1032 martyrium.
2611 960 2861 1029 Quandiu
2894 962 3044 1017 enim
3094 978 3201 1016 non
3242 971 3325 1017 cst
3373 961 3624 1015 clausum

2036 1056 2240 1112 ostium
2285 1054 2576 1110 adversum
2627 1070 2728 1109 nos
2787 1056 2934 1110 sicut
2985 1055 3252 1124 scriptum
3292 1053 3436 1109 est"
3488 1055 3626 1123 (per

2036 1156 2273 1203 mortem
2305 1161 2438 1202 vero
2482 1146 2824 1218 occluditur)
2867 1147 2949 1203 vel
2998 1147 3045 1202 si
3090 1147 3228 1201 hora
3272 1146 3399 1201 vita:
3437 1145 3626 1199 novis-

2036 1242 2214 1306 sima,
2269 1254 2399 1295 vera
2447 1240 2775 1311 poenitentia
2834 1241 3224 1305 intervenerit,
3277 1249 3624 1295 revocantem

2037 1348 2097 1388 se
2125 1348 2156 1387 a
2198 1343 2424 1403 peccato
2472 1333 2685 1387 salvum
2731 1342 2974 1402 praestat.
3020 1332 3113 1388 Sic
3169 1334 3315 1389 Deus
3354 1348 3449 1403 per
3490 1331 3626 1386 Eze-

2035 1425 2263 1482 chielem
2315 1425 2631 1497 theologum
2675 1437 2860 1496 aperte
2889 1425 3195 1481 afﬁrmat”.
3229 1425 3362 1480 Tam
3391 1425 3628 1493 benigno

2035 1519 2182 1572 enim
2218 1519 2449 1573 numine
2478 1519 2710 1585 utimur,
2758 1527 2818 1573 ut
2858 1529 2913 1574 et
2947 1520 3217 1574 latronem
3256 1518 3406 1572 horae
3449 1517 3629 1587 spatio

2036 1610 2263 1665 domum
2313 1611 2702 1676 introduxerit,
2744 1612 2985 1680 primum
3033 1627 3189 1681 aeque
3230 1621 3397 1681 atque
3440 1610 3626 1666 novis-

2037 1704 2265 1771 simum,
2309 1712 2365 1759 et
2399 1704 2756 1774 publicanum
2803 1704 3058 1760 similiter
3101 1704 3315 1774 justum
3362 1703 3624 1759 effecerit.

349 1809 474 1865 ρ⁰ν⁶
508 1793 593 1855 τίς
636 1792 942 1863 ἀμφιδάλοι
996 1794 1071 1864 μὴ
1124 1796 1585 1867 συγκεχωρῆσθαι
1625 1796 1791 1850 αὑτὸν
1832 1796 1934 1867 τῆς

2038 1795 2193 1863 Quod
2245 1797 2402 1859 si,ut
2429 1800 2747 1867 nuperrime
2781 1798 3035 1868 contigit,
3085 1798 3353 1852 obtulerit
3398 1799 3517 1868 ipse
3568 1812 3629 1854 se

344 1884 653 1956 ἁμαρτίαςς
696 1884 771 1938 Τὸ
804 1884 914 1957 γάρ
944 1885 1038 1939 καὶ
1069 1884 1251 1941 θανεῖν
1282 1889 1342 1941 ὲν
1381 1890 1445 1959 τῇ
1481 1887 1745 1959 ὁμολογίᾳ
1791 1889 1923 1960 Χρι-

344 1975 496 2040 στοῦ,
525 1975 778 2046 μάρτυρα
804 1974 1059 2029 ἀποτελεῖ
1082 1976 1291 2046 κυρίως
1319 1978 1546 2049 Κυρίου.
1573 1979 1713 2031 Ἀλλ’
1742 1977 1872 2042 ἴσως
1900 1979 1929 2031 6

342 2068 500 2137 λόγος
536 2070 665 2139 περὶ
693 2066 790 2122 τοῦ
817 2068 1117 2139 ἐπιτιμίου.
1147 2069 1271 2122 Ὅτι
1303 2070 1397 2124 ἐὰν
1427 2069 1707 2141 ύποϐληθῇ
1760 2070 1926 2141 βασά-

341 2178 478 2227 νοις,
511 2160 585 2232 μὴ
619 2160 800 2231 μέντοι
828 2160 982 2215 θάνοι
1004 2175 1019 2190 ·
1049 2161 1209 2215 τοῦτο
1237 2162 1389 2231 παρά
1411 2162 1504 2215 τοῦ
1527 2162 1707 2227 δόντος
1726 2164 1787 2217 τὺ
1809 2166 1931 2218 ὲπι-

340 2253 528 2323 τίμιον
552 2251 942 2319 κανονιζέσθω,
985 2253 1153 2307 πόσον
1180 2253 1401 2323 ὑφελεῖν
1437 2254 1526 2308 διὰ
1559 2255 1630 2308 τά
1664 2256 1927 2327 παθήμα-

342 2364 436 2411 τα,
469 2346 594 2400 ὅλου
633 2344 695 2399 τὸ
720 2345 918 2425 ἥμισυ.
961 2346 1127 2416 Ἡμῖν
1158 2344 1269 2418 γὰρ
1314 2346 1519 2417 ὁρίζειν
1560 2348 1658 2418 οὐχ
1700 2343 1811 2402 οἷόν
1849 2366 1929 2405 τε.

342 2438 534 2500 Οὕτως
562 2440 591 2490 6
617 2436 723 2506 τῆς
746 2436 1133 2502 ταπεινώσεως
1160 2437 1319 2509 ἡμῶν
1347 2438 1524 2506 λόγος.
1557 2440 1618 2493 El
1644 2440 1700 2493 δὲ
1728 2439 1809 2494 δεῖ
1842 2439 1939 2495 άλ-

341 2530 473 2594 λως,
498 2529 731 2597 δίδαξον,
770 2530 975 2601 Πάτερ,
1010 2531 1107 2583 καὶ
1148 2528 1385 2599 φώτισον
1412 2532 1562 2601 ἡμᾶς
1603 2534 1729 2595 τοὺς
1759 2532 1940 2603 ἀμυή-

342 2640 495 2685 τους.
524 2622 630 2676 Τὸν
658 2620 887 2692 ἀδελφόν
919 2638 1025 2693 μου
1055 2621 1149 2675 τὸν
1178 2620 1341 2695 κύριν
1376 2623 1686 2693 Προκόπιον
1710 2622 1941 2678 πλεῖστα

344 2716 639 2785 πρόσειπε.

2025 1889 2120 1960 qni
2177 1890 2457 1959 peccavit,
2515 1900 2570 1945 et
2607 1892 2748 1945 idem
2783 1892 2950 1946 dorso
2985 1891 3173 1961 plagas
3229 1893 3526 1960 exceperit,
3572 1898 3629 1944 et

2025 1981 2246 2051 gravius
2276 1981 2421 2036 aliud
2443 1982 2723 2051 quidpiam
2759 2000 2773 2037 :
2806 1984 2934 2051 quis
2957 1983 3199 2053 ambigat
3236 1983 3454 2037 veniam
3487 1982 3621 2037 huic

2025 2072 2206 2127 delicti
2235 2071 2615 2127 datam?Nam
2651 2082 2705 2127 et
2732 2082 2964 2128 mortem
2995 2074 3148 2128 obire
3183 2075 3236 2127 in
3270 2072 3623 2129 confessione

2025 2163 2254 2229 Christi,
2296 2172 2592 2236 martyrem
2642 2164 2859 2219 Domini
2905 2166 3125 2235 proprie
3163 2164 3347 2220 eilicit.
3384 2166 3453 2219 At
3483 2165 3625 2220 forte

2026 2258 2095 2311 de
2146 2273 2305 2324 poena
2357 2258 2590 2326 quaestio
2634 2258 2888 2313 vertitur.
2930 2256 3086 2324 Quod
3119 2258 3163 2313 si
3208 2261 3489 2314 cruciatus
3532 2258 3625 2312 illc

2028 2349 2315 2418 pertulerit
2361 2348 2499 2402 citra
2534 2359 2788 2413 mortem,
2850 2349 3000 2403 illius
3030 2357 3114 2403 est
3165 2349 3217 2403 id
3269 2349 3502 2404 delinire
3533 2350 3626 2418 qui

2032 2455 2245 2512 poenam
2289 2442 2545 2511 imponit,
2577 2451 2847 2512 quantum
2880 2442 2953 2496 ob
2997 2443 3269 2497 malorum
3318 2444 3631 2513 perpessio-

2033 2548 2161 2587 nem
2217 2532 2430 2588 detrahi
2473 2548 2574 2603 par
2616 2532 2728 2598 sit;
2777 2533 3021 2588 totiusne
3063 2532 3351 2588 dimidiam
3392 2542 3627 2603 partem.

2034 2622 2207 2679 Nobis
2276 2625 2424 2680 enim
2484 2625 2537 2679 id
2586 2626 2814 2681 delinire
2872 2628 3019 2682 haud
3067 2628 3308 2697 proclive
3367 2638 3470 2683 est.
3503 2624 3633 2681 Haec

2039 2718 2218 2772 oratio
2278 2727 2363 2773 est
2410 2726 2613 2773 nostra:
2658 2720 3006 2776 humilitatis.
3051 2719 3147 2774 Sin
3183 2735 3344 2776 secus
3388 2727 3627 2789 oportet,

343 2809 537 2875 edoce,
577 2811 763 2874 Pater,
794 2819 849 2864 et
878 2805 1041 2862 nobis
1070 2805 1343 2877 imperitis
1410 2807 1590 2877 praebe
1653 2808 1860 2865 lumen.
1916 2806 2097 2867 Fratri
2156 2826 2280 2868 meo
2351 2810 2559 2868 domno
2632 2813 2899 2884 Procopio
2956 2814 3250 2885 plurimam
3324 2814 3413 2870 dic
3477 2814 3632 2869 salu-

348 2913 484 2959 tem.

701 2997 853 3064 MCT.
886 3025 957 3037 ——
987 2992 1267 3063 Ἁρκαδίῳ
1296 2992 1563 3063 μοναχῆ).
1602 2992 1782 3067 [τλζκ]

2392 2992 2578 3049 XLVI.
2612 3026 2685 3035 —
2716 2996 2946 3049 Arcadio
2994 2996 3274 3053 monacho.

1085 3114 1324 3165 Exsulem
1351 3115 1586 3173 vinctum,
1621 3118 1675 3162 et
1705 3112 1914 3163 verbera
1938 3126 2155 3176 passum,
2186 3112 2416 3163 hortatur
2439 3111 2497 3161 ad
2519 3108 2866 3160 constantiam.
3522 3152 3587 3178 ί

422 3201 516 3266 Δὶς
549 3201 673 3273 ἄρτι
723 3199 921 3270 γράφω
964 3198 1059 3270 ἀφ’
1088 3192 1151 3254 οὗ
1193 3197 1557 3269 συνελήφθης,
1581 3200 1935 3270 ἠγαπημένε,

2114 3198 2271 3253 Nunc
2304 3198 2506 3254 iterum
2546 3198 2611 3252 ad
2648 3207 2701 3252 te
2749 3196 2954 3262 scribo,
2989 3196 3208 3263 dilecte,
3247 3210 3313 3250 ex
3340 3211 3450 3266 quo
3477 3212 3627 3253 com-

347 3293 458 3348 ὑπὸ
478 3293 589 3347 τῶν
619 3290 1037 3355 Ἰουδαῖζόντων.
1070 3289 1184 3361 Τὴν
1216 3288 1443 3361 πρώτην
1472 3289 1573 3343 οὐκ
1604 3274 1768 3355 ἐδέξω
1792 3304 1805 3318 ·
1838 3288 1931 3342 εὗ-

346 3404 516 3459 χομαι
559 3384 661 3439 κᾶν
694 3383 902 3455 ταύτην
924 3382 1024 3455 τὴν
1053 3382 1344 3454 ἐπιστολὴν
1374 3383 1455 3447 είς
1488 3383 1678 3453 χεῖράς
1716 3399 1811 3435 σου
1841 3382 1936 3436 ὲλο

349 3482 485 3534 θεῖν.
531 3477 672 3548 Ἐγὼ
704 3478 815 3550 γὰρ
843 3478 1062 3549 πρῶτον
1116 3476 1217 3548 μὲν
1269 3474 1415 3529 κατά
1462 3474 1556 3527 τὸν
1605 3476 1784 3528 κοινὸν
1836 3474 1937 3545 τῆς

346 3574 575 3644 ἀγάπης
609 3570 795 3642 νόμον,
836 3569 1121 3642 χρεώστην
1168 3567 1404 3639 ἐμαυτὸν
1440 3566 1818 3637 λογιζόμενοςο
1852 3567 1936 3621 ὅτι

347 3666 461 3738 χρὴ
487 3663 749 3735 ἀλλήλους
780 3658 1424 3733 συμπροθυμοποιεῖσθαι
1444 3661 1571 3722 τοὺς
1601 3660 1692 3713 ἐπὶ
1724 3659 1785 3713 τὸ
1804 3659 1936 3713 αὐτὸ

350 3756 734 3829 συνημμένους
757 3753 837 3824 τῷ
871 3755 1183 3827 φρονήματι
1216 3753 1316 3825 τῆς
1342 3752 1897 3824 ὁμολογίαςμΧριστοῦ
1918 3768 1935 3785 ·

346 3853 413 3905 τὸ
457 3849 757 3907 ἐπιστεῖλαί
802 3866 886 3902 σοι
928 3846 1247 3917 ἀναγκαίως
1272 3846 1401 3918 ἔχω.
1440 3846 1673 3901 Ἔπειτα
1722 3848 1819 3901 καὶ
1848 3844 1940 3900 διὰ

347 3946 451 4016 τὴν
484 3944 784 4015 ἰδιότροπον
813 3941 1004 4012 σχέσιν
1028 3957 1043 3972 ⁸
1072 3942 1141 4011 ἥν
1167 3934 1326 3993 οἶσθα
1358 3940 1517 3993 ὁποία
1541 3940 1635 3993 καὶ
1663 3938 1806 4010 πόση
1834 3939 1941 3992 ἀπ-

349 4038 531 4109 αρχῆς
596 4037 730 4108 ἡμῖν
786 4033 1034 4105 ὑπῆρξε⁶
1082 4033 1226 4087 πάνυ
1287 4032 1660 4105 ὲπειγομένως
1716 4033 1935 4104 γράφω.

365 4130 532 4184 Ἀλλά
562 4128 723 4199 χάρις
746 4126 826 4199 τῷ
853 4125 992 4196 Θεῷ,
1030 4124 1229 4193 ἀδελφέ
1262 4142 1364 4195 μου
1393 4123 1693 4195 τιμιώτατε
1711 4140 1728 4157 ο
1756 4126 1839 4178 ὅτι
1878 4126 1939 4177 ὲν

350 4220 494 4293 τῷδε
518 4218 597 4288 τῷ
623 4216 803 4289 πικρῷ
827 4216 1059 4288 χειμῶνι
1084 4216 1183 4286 τῆς
1208 4215 1469 4280 ἀπιστίας
1492 4214 1654 4280 ἄνθος
1679 4215 1940 4288 διεφάνης

350 4308 675 4382 ὀρθοδοξοῦν
698 4324 713 4338 ο
753 4308 955 4378 μᾶλλον
997 4305 1055 4359 δὲ
1090 4305 1435 4376 ὁμολογητὴς
1482 4305 1748 4376 Χριστοῦ,
1791 4306 1939 4373 ἅπαξ

352 4401 598 4473 ἐνεχθεὶς
630 4401 710 4465 είς
740 4398 873 4470 ὕψος
904 4398 1064 4470 [Reg.
1099 4396 1223 4452 cod.
1268 4396 1419 4470 ὄψιν]
1452 4397 1563 4451 τῶν
1591 4396 1939 4469 κρατούντων

350 4498 454 4567 οὐχ
489 4493 807 4564 ὑπέπτηξας
827 4508 842 4522 °
873 4491 1291 4561 Ὠμολότησας
1336 4490 1454 4560 τὴν
1485 4490 1688 4559 καλὴν
1720 4494 1937 4561 ὁμολο-

2034 3289 2342 3361 prehensns
2370 3305 2431 3345 es
2464 3305 2495 3345 a
2524 3288 2958 3360 judaizantibus.
3008 3287 3230 3344 Priores
3281 3288 3492 3343 litteras
3519 3305 3628 3344 non

2035 3380 2354 3450 accepisti:
2409 3395 2609 3451 precor
2672 3390 2735 3437 ut
2793 3380 2987 3436 saltem
3056 3381 3123 3435 ad
3156 3391 3209 3436 te
3254 3382 3372 3437 haec
3396 3382 3629 3450 epistola

2037 3476 2366 3545 perferatur.
2417 3472 2660 3528 Primum
2706 3472 2876 3539 enim,
2919 3473 3076 3543 juxta
3108 3488 3460 3529 communem
3491 3476 3633 3529 ami-

2036 3566 2181 3621 citia:
2238 3567 2434 3635 legem,
2482 3580 2608 3620 cum
2661 3565 2962 3620 debitorem
3019 3581 3105 3621 me
3172 3566 3293 3637 ipse
3336 3579 3625 3639 rcputem:

2038 3658 2183 3728 quod
2216 3658 2432 3713 animos
2466 3658 2572 3713 sibi
2611 3656 2848 3712 invicem
2880 3656 3086 3713 addere
3114 3668 3365 3729 oporteat
3401 3677 3498 3717 eos
3527 3664 3625 3733 qui

2039 3758 2169 3807 sunt
2200 3751 2254 3804 in
2288 3750 2481 3805 eodem
2512 3748 2715 3803 Christi
2766 3749 3137 3807 confessionis
3182 3754 3467 3822 proposito
3489 3768 3627 3808 con-

2040 3840 2281 3895 sociati:
2333 3839 2586 3909 imposita
2649 3839 2783 3893 mihi
2848 3841 3101 3908 quaedam
3168 3844 3235 3897 ad
3270 3855 3321 3898 te
3349 3845 3628 3900 scribendi

2040 3932 2342 3987 necessitas
2401 3940 2504 3987 est.
2548 3929 2757 3986 Deinde
2784 3939 2842 3985 et
2898 3942 3121 4001 propter
3174 3935 3446 4003 privatam
3485 3951 3627 3992 con-

2041 4027 2407 4091 suetudinem,
2438 4040 2605 4096 quam
2647 4024 2791 4079 nosti
2823 4024 3006 4095 qualis
3035 4034 3089 4081 et
3127 4036 3334 4097 quanta
3361 4029 3504 4084 inter
3528 4046 3633 4085 nos

2041 4118 2111 4173 ab
2179 4118 2338 4171 initio
2388 4116 2781 4185 intercesserit,
2842 4116 3196 4172 vehementer
3253 4119 3506 4189 impellor
3560 4123 3627 4177 ad

2041 4208 2418 4266 scribendum.
2468 4205 2574 4263 Sed
2609 4206 2703 4261 Dei
2744 4206 2941 4276 gratia,
2980 4205 3151 4263 frater
3191 4208 3264 4263 mi
3286 4213 3632 4267 reverendis-

2042 4303 2203 4368 sime,
2251 4300 2399 4371 quod
2448 4301 2501 4354 in
2550 4300 2653 4355 hac
2695 4299 3014 4355 tristissima
3062 4301 3403 4360 infidelitatis
3448 4305 3631 4361 hieme

2042 4395 2210 4451 veluti
2242 4402 2404 4449 rectae
2438 4394 2562 4448 fidei
2616 4392 2718 4449 flos
2760 4392 3034 4448 emicuisti
3070 4411 3087 4452 :
3121 4394 3232 4449 imo
3263 4397 3449 4466 potius
3480 4400 3629 4467 quod

2045 4498 2107 4545 ut
2138 4489 2344 4545 Christi
2380 4487 2691 4554 confessor,
2722 4489 2888 4544 semel
2925 4488 3187 4559 abreptus
3218 4489 3283 4543 ad
3315 4506 3508 4546 eorum
3536 4495 3635 4547 tri-

353 4556 496 4657 γίάν
517 4604 533 4619 ·
561 4556 949 4657 ἐμαστιγώθης
996 4556 1178 4642 ἱκανὰ..
1210 4556 1534 4655 ἐξωρίσθης,
1567 4556 1935 4656 περιωρίσθης

2052 4584 2218 4639 bunal
2249 4582 2341 4654 qui
2375 4597 2561 4637 rerum
2600 4582 2910 4651 potiuntur,
2944 4556 3377 4651 non‘eXpavisti.
3408 4585 3632 4656 Confes-

355 4674 463 4733 ὧδέ
494 4696 599 4731 που
647 4678 706 4730 ὲν
737 4674 1098 4746 παραϐύστῳ.
1138 4673 1312 4727 Πάλιν
1357 4672 1533 4745 ἡχθης
1572 4674 1631 4726 ὲν
1659 4676 1844 4744 χεροῖν
1878 4672 1941 4745 [Γ.

356 4769 574 4843 χερσὶν]
607 4767 887 4824 κολαστῶν
906 4783 921 4798 ο
957 4767 1059 4821 οὐκ
1081 4764 1446 4838 ὠλιγώρησας
1467 4781 1481 4796 ·
1512 4765 1613 4819 οὐκ
1657 4765 1945 4836 ὲξηρνήσω

356 4863 460 4933 τὴν
486 4862 667 4916 πίστιν
690 4876 706 4892 ⁸
740 4858 1082 4934 κατεξάνθης
1113 4854 1269 4922 αὖθις
1292 4858 1414 4920 ταῖς
1434 4855 1673 4925 πληγαῖς
1692 4872 1706 4887 ’
1734 4855 1828 4908 καὶ
1860 4871 1948 4926 με-

361 4957 608 5028 μένηκας
630 4955 900 5025 ἀήττητος
919 4966 935 4984 ⁸
963 4952 1038 5023 μὴ
1066 4952 1232 5022 φοδού
1242 4967 1402 5022 μενος
1426 4950 1534 5004 ἀπὸ
1570 4948 1680 5001 τῶν
1708 4949 1945 5002 ἀποκτε-

357 5050 561 5102 νόντων
590 5048 650 5101 τὸ
679 5046 859 5117 σῶμα,
884 5045 1020 5099 ἀλλά
1047 5046 1138 5099 τὸν
1169 5046 1327 5115 μόνον
1349 5042 1553 5115 Κύριον
1582 5041 1678 5097 καὶ
1700 5042 1833 5095 Θεὸν
1857 5042 1952 5095 καὶ

366 5141 615 5215 βασιλέα,
641 5140 782 5194 κατὰ
808 5140 870 5193 τὸ
898 5139 989 5193 ὑπ’
1013 5137 1617 5209 αὐτοῦ’ὲντεταλμένον.
1650 5135 1952 5205 Μακάριος

364 5234 440 5299 εἶ,
466 5235 564 5289 καί
590 5236 781 5290 καλόν
805 5250 903 5288 σοι
928 5233 1122 5287 ἔσται·
1146 5232 1221 5296 ὡς
1245 5231 1474 5306 εὐγενὴς
1494 5232 1583 5296 σὺ,
1610 5232 1833 5286 καὶτῶν
1856 5233 1951 5301 ἀφ’

364 5331 521 5402 ἡλίου
560 5327 864 5382 Ἀνατολῶν
914 5323 1319 5395 εὐγενέστερος.
1354 5325 1418 5377 Ei
1460 5323 1517 5377 δὲ
1556 5325 1639 5378 ὅτι
1682 5327 1797 5388 τοῖς
1832 5326 1945 5376 ἱστ-

366 5425 587 5493 ουργοῖς
616 5440 675 5476 σε
700 5418 1134 5492 συνηρίθμησαν,
1171 5418 1246 5482 ὼς
1282 5418 1565 5488 βασιλικὸν
1590 5418 1831 5489 οἰκέτην,
1872 5415 1947 5488 μὴ

2042 4693 2134 4731 sus
2186 4693 2240 4731 es
2287 4677 2479 4730 bonam
2540 4674 2918 4746 confessionem
2936 4676 3023 4727 '°:
3070 4676 3336 4746 plurimas
3366 4681 3631 4751 excepisti

2043 4770 2257 4841 plagas,
2313 4768 2523 4839 ejectus
2561 4783 2623 4823 es
2684 4768 2741 4822 in
2783 4770 3062 4833 exsilium,
3122 4770 3177 4824 in
3228 4781 3389 4826 terra!
3442 4774 3633 4828 nescio

2045 4879 2207 4933 quem
2262 4862 2522 4933 angulum
2553 4862 2973 4916 exterminatus.
3013 4860 3259 4918 lncidisti
3296 4878 3523 4920 rursum
3576 4866 3633 4920 in

2048 4963 2322 5010 tortorum
2356 4969 2577 5017 manus,
2607 4969 2710 5009 nec
2739 4955 2926 5009 animo
2956 4955 3251 5010 concidisti
3279 4973 3293 5011 :
3323 4956 3483 5011 fidem
3521 4975 3631 5013 non

2050 5045 2260 5115 negasti
2296 5062 2309 5099 :
2341 5044 2518 5114 plagis
2561 5044 2761 5098 iterum
2820 5042 3126 5111 laceratus,
3170 5054 3352 5100 tamen
3392 5046 3634 5101 invictus

2050 5137 2365 5210 perstitisti:
2388 5138 2523 5191 nihil
2540 5151 2634 5191 eos
2646 5136 3011 5193 extimescens
3023 5138 3117 5208 qui
3132 5138 3389 5193 occidunt
3409 5154 3634 5209 corpus,

2050 5234 2144 5287 sed
2198 5232 2489 5287 Dominum
2516 5231 2693 5287 solum
2739 5240 2795 5285 et
2828 5231 2995 5287 Deum
3032 5241 3086 5287 et
3121 5246 3323 5301 regem,
3369 5234 3634 5301 quemad-

2049 5325 2272 5380 modum
2299 5324 2414 5394 ipse
2433 5323 2691 5394 praecepit
2711 5324 2777 5378 “.
2806 5322 3004 5378 Beatus
3019 5341 3095 5390 es,
3115 5333 3163 5378 et
3187 5324 3312 5378 bene
3336 5323 3433 5376 tibi
3462 5325 3633 5380 erit":

2048 5417 2250 5489 quippe
2274 5424 2330 5471 tu
2353 5415 2437 5471 vir
2465 5416 2688 5483 nobilis,
2709 5425 2765 5471 et
2798 5418 2969 5472 totius
2998 5416 3241 5470 Orientis
3264 5416 3627 5473 clarissimus.

446 5540 493 5573 ³⁸
533 5539 663 5596 Luc.
700 5556 819 5607 χιιι,
858 5538 949 5593 25.
1015 5537 1059 5571 ⁸⁸
1104 5536 1305 5594 Ezeclt.
1345 5552 1539 5604 χχχιιι,
1576 5536 1662 5591 12.
1738 5536 1781 5567 ³⁰
1818 5534 1935 5589 lTiI

2044 5534 2097 5589 h.
2128 5548 2203 5603 vt,
2239 5531 2327 5589 12.
2404 5532 2447 5564 ³⁸
2488 5529 2680 5587 Matth.
2718 5547 2772 5599 x,
2804 5531 2898 5588 28.
2972 5530 3018 5562 ³⁸
3056 5528 3203 5586 Psal.
3240 5543 3440 5597 cxxvn,
3472 5529 3527 5585 2.

1890 5625 2122 5683 NOT/E.

458 5729 536 5797 (I)
576 5727 653 5780 De
693 5725 948 5794 utrisque
987 5721 1228 5797 peccatis
1271 5720 1420 5797 illis,
1456 5719 2151 5797 vigesis“Prenitentialem
2200 5718 2401 5774 librum
2438 5715 2669 5775 Joannis
2699 5714 3060 5788 Jejunatoris,
3104 5718 3247 5789 apud
3281 5718 3440 5777 Joan.
3466 5718 3635 5776 Mori-

376 5792 527 5858 num'
552 5798 607 5854 in
638 5792 1035 5855 Commentario
1061 5795 1124 5851 de
1145 5794 1465 5865 paenitentia:
1494 5792 1797 5864 disciplina.
