4054 6364
474 296 610 366 1251
1667 305 1736 368 S.
1767 306 2069 369 THEODO

2149 309 2163 368 [
2189 308 2546 374 STUDI'l‘Il‘.I
3616 320 3753 388 19.52

470 417 631 487 Quod
656 430 790 474 vero
820 424 875 473 te
918 432 1029 474 una
1066 433 1192 475 cum
1231 419 1543 477 textoribns
1590 418 2049 491 aduumerarunt,

2154 425 2448 500 θαυμάσῃς
2477 443 2495 460 ο
2523 422 2750 482 τοιαῦτα
2782 426 2894 502 γὰρ
2916 428 3033 494 τοῖς
3063 426 3280 499 ἁγίοιςδ
3320 426 3519 489 ἔπειτα
3543 434 3629 490 ὅτι
3659 440 3754 494 καὶ

472 520 734 584 tanquam
791 511 936 582 regis
991 512 1364 584 mancipium,
1406 513 1599 570 desine
1628 514 1874 571 mirari:
1934 531 2065 572 nam

2172 516 2247 590 μὴ
2275 517 2613 590 βουλόμενοι,
2643 519 2720 585 ὡς
2746 519 2967 593 ἀληθῶς
2995 522 3287 589 ὑπέδειξαν
3307 523 3388 595 τῷ
3412 526 3609 598 κόσμῳ
3638 528 3758 583 δοῦ-

471 604 601 658 talia
661 604 866 659 sanctis
927 606 1299 676 contingunt:
1366 604 1561 660 deinde
1611 606 1697 661 vel
1728 604 1883 663 inviti
1935 622 2068 664 vere

2166 607 2259 662 λόν
2303 627 2365 664 σε
2401 605 2541 664 εῐναι
2587 610 2682 665 τοῦ
2725 611 2991 682 βασιλέως
3030 614 3143 669 τῶν
3174 616 3442 689 οὐρανῶν,
3492 618 3756 690 ἔνδειγμα

471 693 827 748 ostenderunt
853 694 1080 759 mundo,
1099 707 1150 750 te
1172 694 1439 750 fainulum
1470 710 1592 751 esse
1614 697 1762 767 regis
1786 699 2062 765 caelestis,

473 788 785 855 exemplum
836 788 1074 842 obeundi
1123 802 1222 857 pro
1269 788 1379 842 Deo
1438 788 1731 858 martyrii,
1763 791 2064 861 reprehen-

472 892 654 932 soretn
714 880 1034 948 impietatis.
1091 878 1280 948 Itaque
1310 888 1393 934 sta
1445 878 1577 936 forti
1608 880 2062 943 animo,'Cbristi

473 971 630 1026 miles
658 988 673 1024 :
706 984 826 1026 esto
851 987 912 1026 ex
942 971 1090 1026 omni
1119 981 1273 1041 parte
1302 982 1560 1028 strenuus
1590 989 1606 1028 :
1639 972 1853 1029 Labora
1879 990 1899 1030 :
1930 991 2063 1042 opus

471 1060 560 1129 {ac
583 1060 918 1131 evangelistw
935 1062 1017 1127 ³³;
1050 1061 1458 1117 confessionem
1505 1072 1657 1118 tuam
1686 1064 1854 1133 imple
1885 1106 1899 1119 .
1934 1078 2060 1121 cum

468 1152 642 1207 Deum
681 1154 894 1208 occulte
946 1154 1151 1208 habeas
1195 1154 1544 1224 adjutorem;
1588 1156 1876 1211 custodem
1927 1156 2057 1211 vitae

469 1254 575 1298 tuae
608 1246 883 1315 angelum,
921 1244 1015 1315 qui
1050 1255 1102 1302 te
1131 1256 1303 1302 totum
1326 1249 1727 1318 complectatur
1755 1263 1821 1304 ac
1850 1247 2057 1316 foveat,

466 1338 561 1407 qui
592 1340 658 1393 de
705 1347 759 1394 te
798 1339 955 1394 valde
988 1339 1229 1415 laetetur.
1266 1342 1362 1412 qui
1394 1355 1586 1411 preces
1617 1350 1744 1396 tuas
1777 1338 1847 1395 ad
1882 1342 2058 1396 Deum

466 1429 680 1484 deferat
715 1431 769 1485 in
807 1432 1033 1488 odorem
1087 1433 1398 1499 suavitatis,
1436 1434 1491 1487 in
1535 1434 1738 1505 quibus
1784 1440 1840 1488 et
1878 1433 2057 1490 nostri

466 1533 764 1586 memento,
816 1524 912 1595 qui
966 1526 1218 1596 quamvis
1273 1528 1594 1596 peccatores
1645 1526 1943 1598 plurimum
1999 1538 2055 1583 te

465 1630 738 1672 antamus.

934 1727 1145 1784 XLVII.
1176 1762 1247 1773 —
1274 1728 1592 1800 Praeposito.

2171 702 2475 773 μαρτυρίας
2509 702 2669 767 Θεοῦ,
2700 702 2923 775 ἔλεγχον
2952 706 3233 783 ἀσεϐείας.
3268 708 3438 781 Στῆθι
3478 711 3598 779 οῦν,
3627 730 3754 782 γεν-

2166 790 2284 844 ναῖε
2312 792 2620 860 στρατιῶτα
2666 795 2906 866 Χριστοῦ
2932 811 2948 829 ο
2983 797 3307 869 ἁρίστευσον
3349 802 3611 867 τελείως·
3651 809 3759 860 Ka-

2165 886 2519 952 κοπαθηονον
2573 887 2754 956 ἔργον
2806 890 3072 958 ποίησον
3126 893 3562 963 εὐαγγελιστοῦ
3580 911 3598 930 ο
3655 897 3757 951 τὴν

2163 972 2458 1042 ὁμολογίαν
2487 992 2582 1029 σου
2625 976 3079 1051 πληροφόρησον’
3134 980 3276 1053 ἔχων
3325 985 3578 1056 ἀοράτως
3620 986 3755 1041 Θεὸν

2164 1064 2459 1137 ἐπίκουρον
2480 1106 2497 1132 ,
2532 1066 2626 1121 τὸν
2672 1067 2891 1139 φύλακα
2923 1071 3025 1142 τῆς
3053 1071 3205 1146 ζωῆς
3248 1092 3345 1130 σου
3388 1075 3626 1146 ἄγγελον
3654 1096 3757 1132 κυ-

2161 1155 2398 1211 κλοῦντά
2422 1175 2506 1225 σε,
2546 1162 2881 1231 περιέποντὰ
2911 1181 2994 1229 σε,
3026 1165 3289 1237 χαίροντα
3335 1168 3478 1230 λίαν.
3522 1170 3621 1227 καὶ
3653 1172 3754 1235 τὰς

2160 1249 2474 1321 προσευχάς
2502 1269 2598 1305 σου
2626 1254 2969 1326 ἀναφέροντα
3020 1259 3104 1323 είς
3147 1258 3283 1314 Θεδν
3324 1263 3407 1326 είς
3440 1262 3620 1334 ὀσμὴν
3657 1263 3754 1316 εὐ-

2160 1340 2356 1404 ωδίας·
2402 1345 2461 1397 ὲν
2491 1339 2581 1410 αἷς
2612 1347 2862 1420 μέμνησο
2908 1348 3007 1405 καὶ
3049 1351 3208 1423 ἡμῶν
3241 1354 3351 1408 τῶν
3400 1353 3752 1429 ἁμαρτωλῶν

2164 1434 2287 1505 μὲν,
2319 1436 2633 1494 ποθούντων
2657 1439 2716 1495 δέ
2749 1458 2811 1495 σε
2838 1441 2982 1499 λίαν.

2617 1725 2753 1782 ΜΖ’-
2781 1757 2856 1770 -
2882 1726 3247 1804 Ἥγουμένφ-
3267 1732 3467 1812 [tW-1

1713 1845 1975 1899 Conﬁrmat
1997 1840 2180 1896 Christi
2200 1838 2554 1892 confessorem.

535 1955 619 2012 Ex
647 1970 760 2024 quo
787 1963 843 2012 te
868 1955 1112 2011 intellexi
1137 1955 1459 2011 damnatum
1490 1955 1545 2011 in
1563 1954 1794 2026 judicio,
1812 1964 1867 2011 et
1888 1952 2047 2009 Chri-
2080 1961 2124 2016 Β

460 2049 533 2105 sti
585 2064 751 2103 causa
787 2061 1013 2110 ctrsuin,
1057 2062 1091 2100 o
1131 2045 1535 2111 amantissime,
1588 2045 1822 2116 gaudeo,
1859 2054 1914 2100 et
1949 2043 2050 2098 tibi

462 2141 730 2211 gratulor.
763 2137 878 2194 Hoc
915 2140 1060 2193 enim
1090 2138 1351 2209 gaudium
1385 2146 1442 2194 et
1472 2139 1767 2195 exsultatio
1801 2146 1903 2201 est,
1941 2152 2049 2192 non

458 2231 616 2301 juxta
644 2231 832 2286 mundi
858 2230 1100 2285 laetitiam
1139 2249 1154 2285 :
1201 2230 1318 2286 hace
1352 2231 1498 2286 enim
1526 2230 1823 2287 illaetabilis
1865 2246 1881 2284 :
1928 2245 2050 2298 quae

459 2340 590 2379 cum
622 2308 741 2379 esse
779 2324 967 2378 laetitia
991 2324 1260 2389 videatur,
1302 2339 1413 2379 non
1442 2332 1527 2379 est
1562 2324 1762 2393 reipsa,
1794 2323 2046 2393 quamlu-

458 2416 683 2486 quidem
708 2415 908 2470 labitur
932 2416 1021 2469 illa
1056 2430 1156 2471 nec
1181 2425 1332 2471 stare
1358 2424 1556 2485 potest,
1586 2416 1891 2486 eademque
1914 2431 2041 2471 cum

458 2507 686 2574 desinit,
717 2515 950 2562 mortem
981 2516 1241 2577 operatur
1269 2526 1282 2562 :
1314 2508 1409 2564 sed
1440 2508 1748 2584 eam_dico,
1778 2523 1903 2578 quae
1927 2507 2045 2563 sola

458 2600 764 2658 secundum
814 2598 986 2655 Deum
1044 2609 1177 2656 est:
1244 2601 1358 2671 ipsa
1414 2603 1561 2657 enim
1609 2602 1834 2656 unicum
1871 2600 2083 2656 animi"

460 2692 926 2748 oblectamentum
971 2702 1077 2758 est,
1104 2701 1159 2748 et
1194 2701 1463 2763 perpetuo
1490 2693 1597 2749 sibi
1628 2702 1910 2757 constans,
1947 2706 2044 2746 cu-

454 2784 552 2857 jus
578 2786 704 2841 linis
730 2786 840 2839 vita
872 2786 1227 2854 sempiterna.
1273 2784 1643 2851 Quamobrem
1676 2783 1802 2854 jure
1831 2783 2043 2855 gaudeo

459 2887 515 2933 et
538 2878 783 2948 gratulor
808 2876 926 2942 tibi,
980 2875 1142 2931 Pater
1185 2875 1671 2931 reverendissime.
1701 2874 1836 2929 Nam
1869 2874 2038 2944 quod,

459 2977 519 3024 ut
546 2970 721 3029 aiunt,
757 2978 1003 3031 centum,
1035 2968 1177 3023 nivis
1224 2969 1357 3029 ritu,
1388 2969 1640 3035 impacta;
1678 2976 1808 3021 sunt
1846 2964 2038 3036 plagae,

457 3050 669 3132 quibus
682 3058 900 3113 concisa
936 3056 1117 3123 cutis;
1147 3057 1262 3112 haec
1294 3072 1427 3112 vero
1466 3071 1607 3110 nova
1643 3056 1828 3124 gaudii
1858 3070 2043 3110 acces-

457 3151 541 3206 sio
563 3158 666 3205 est.
703 3148 850 3205 istud
874 3147 1093 3218 quidem
1138 3163 1245 3201 non
1270 3146 1392 3203 sine
1411 3146 1597 3217 aliquo
1633 3147 1840 3202 doloris
1875 3161 2039 3223 sensu

454 3242 585 3298 licet
636 3241 835 3296 absens
863 3239 1071 3308 accepi.
1107 3236 1211 3292 Sed
1262 3237 1374 3293 Deo
1410 3247 1591 3293 tamen
1634 3235 1828 3308 gloria,
1862 3235 1954 3306 qui
1990 3245 2043 3291 te

2233 1946 2453 2018 Ἐπειδὴ
2474 1945 2679 2017 ἔμαθον
2712 1945 3090 2018 είσαγώγιμόν
3121 1966 3183 2003 σε
3219 1949 3498 2018 γενέσθαι,
3531 1953 3629 2007 καὶ
3655 1971 3747 2009 τε·

2149 2036 2353 2105 τύφθαι
2382 2036 2524 2106 ὑπὲρ
2552 2035 2818 2105 Χριστοῦ,
2849 2028 2895 2089 ὧ
2924 2037 3247 2110 τριπόθητε,
3279 2039 3459 2111 χαίρω
3488 2042 3584 2096 καὶ
3611 2061 3747 2113 συγ-

2149 2129 2328 2200 χαίρω
2350 2145 2456 2181 σοι.
2480 2126 2652 2181 Τοῦτο
2680 2127 2789 2198 γὰρ
2818 2131 2962 2199 χαρὰ
2991 2130 3089 2183 καὶ
3120 2131 3442 2199 ἀγαλλίασις
3464 2150 3479 2163 ·
3508 2136 3573 2189 οὐ
3601 2138 3747 2194 κατὰ

2147 2222 2246 2293 τὴν
2296 2220 2391 2274 τοῦ
2437 2220 2645 2290 κόσμου
2697 2220 2874 2292 χαρὰν
2905 2220 3155 2294 (ἀχαρὴς
3199 2224 3310 2296 γὰρ
3352 2225 3473 2296 ἥδε,
3512 2226 3751 2285 δοκοῦσα

2156 2311 2279 2383 μὲν,
2312 2313 2415 2366 οὐκ
2440 2307 2575 2365 οὖσα
2601 2310 2679 2378 δὲ,
2713 2311 2946 2383 ἐπείπερ
2995 2313 3195 2384 ῥέουσα
3229 2316 3327 2386 οὐχ
3369 2317 3612 2377 ἵσταται.
3647 2321 3749 2374 καὶ

2145 2404 2455 2458 τελευτῶσα
2485 2403 2715 2459 θάνατον
2766 2405 3232 2477 κατεργάζεται),
3268 2408 3407 2462 ἀλλὰ
3439 2410 3538 2481 τὴν
3597 2413 3745 2467 κατὰ

2148 2496 2285 2550 Θεόν
2309 2512 2323 2525 ⁸
2356 2494 2498 2565 αῦτη
2534 2497 2646 2568 γὰρ
2693 2496 2791 2551 καὶ
2839 2497 2976 2569 μόνη
3030 2496 3191 2570 [Reg
3227 2500 3349 2555 cod.
3390 2501 3577 2576 μόνον]
3608 2502 3750 2572 θυμ-

2145 2586 2297 2657 ηδία,
2333 2589 2429 2641 καὶ
2458 2586 2720 2651 ὡσαύτως
2747 2586 2965 2658 ἔχουσα,
2999 2584 3069 2661 ἦς
3091 2591 3153 2643 τὸ
3181 2590 3335 2656 τέλος
3366 2591 3481 2663 ζωὴ
3505 2592 3747 2658 αἰώνιος.

2144 2680 2385 2743 Εἰκότως
2415 2675 2508 2735 οὖν
2542 2681 2698 2753 γήθω
2755 2682 2853 2735 καὶ
2885 2682 3147 2752 ωγγὴθω
3183 2700 3288 2749 σοι,
3322 2684 3510 2757 Πάτερ
3550 2686 3747 2756 τιμιὼ-

2141 2789 2291 2826 τατε.
2310 2771 2569 2835 Ἀλλ’ὅτι,
2584 2770 2660 2835 ῶς
2677 2788 2832 2840 φασι,
2854 2773 3289 2830 ὲκατοστεύουσα
3311 2778 3346 2847 ἡ
3368 2778 3554 2847 νιφὰς,
3574 2777 3670 2832 καί
3681 2796 3747 2847 γε

2144 2861 2481 2933 βαρύδαρτος
2498 2878 2513 2894 ·
2538 2862 2616 2916 ἴδε
2643 2860 2710 2935 ιι.
2734 2862 2856 2937 ἥδε]
2876 2864 3037 2918 πάλιν
3062 2865 3318 2930 ἐπίτασις
3349 2870 3450 2938 τῆς
3478 2869 3749 2939 εὐφροσύο

2144 2969 2264 3021 νης.
2297 2953 2414 3005 Οὐκ
2440 2951 2665 3014 ἀπαθῶς
2695 2952 2907 3025 ἤνεγκα
2938 2955 3037 3026 τὴν
3063 2956 3233 3026 ἀκοὴν
3264 2959 3359 3011 καὶ
3384 2958 3564 3014 ἁπών.
3603 2960 3745 3014 Ἀλλ’

2142 3042 2292 3111 ὅμως
2314 3042 2442 3106 δόξα
2465 3041 2542 3113 τῷ
2563 3042 2849 3110 δοξάσαντί
2881 3063 2939 3100 σε
2967 3046 3109 3118 Θεῷ.
3154 3049 3279 3102 Ἐπὶ
3301 3047 3477 3104 νώτου
3504 3069 3563 3105 τε
3586 3069 3747 3106 κταν-

2144 3133 2302 3205 θῆναι
2330 3132 2437 3188 ὑπὸ
2460 3134 2572 3188 τῶν
2600 3135 2836 3204 ἀσεϐῶν,
2867 3137 3137 3193 ἄσϐεστόν
3167 3156 3260 3193 σου
3288 3140 3351 3194 τὸ
3384 3142 3566 3208 κλέος,
3596 3144 3745 3207 ἱερόν

2143 3242 2239 3280 σου
2265 3227 2327 3279 τὸ
2363 3227 2557 3291 πάθος,
2589 3229 2870 3300 στήριγμα
2897 3228 3005 3285 τῶν
3036 3234 3573 3304 συνομολογούντων,
3599 3252 3743 3306 προ-

455 3332 806 3404 glurilicavit.
839 3329 972 3384 Nam
1003 3328 1149 3398 quod
1189 3328 1458 3384 immania
1502 3328 1728 3383 vulnera
1779 3326 1947 3382 dorso
1975 3326 2046 3382 ab

2151 3317 2327 3389 θυμία
2353 3318 2464 3373 τῶν
2486 3318 2934 3391 ὀρθοδοξούντων,
2972 3322 3261 3397 διὰρῤηξις
3291 3326 3402 3380 τῶν
3432 3328 3746 3399 αἰρετιζόνσ

454 3427 643 3495 impiis
668 3424 952 3494 excepisti,
982 3424 1103 3477 laus
1149 3431 1241 3477 tua
1270 3420 1599 3477 immortalis
1632 3430 1736 3487 est,
1762 3419 2045 3490 perpessio

455 3527 673 3585 sancta,
722 3516 1125 3571 ﬁrmamentum
1177 3528 1368 3569 eorum
1398 3512 1493 3583 qui
1535 3512 1743 3583 pariter
1772 3510 2044 3566 conﬁten-

456 3625 570 3681 tur,
634 3613 891 3669 alacritas
923 3611 1377 3675 orthodoxorutn,
1425 3608 1813 3663 haereticorum
1847 3605 2040 3660 l'remi-

456 3717 571 3772 tus,
602 3706 891 3763 aediﬁcatio
921 3703 1181 3761 Ecclesiae
1210 3701 1326 3759 Dei.
1368 3700 1599 3771 Lapides
1635 3700 1808 3757 sancti
1830 3698 2044 3769 uoluun-

456 3812 548 3857 tur
566 3816 726 3870 super
761 3812 955 3853 terram
975 3796 1040 3862 “,
1072 3795 1222 3850 utait
1244 3792 1511 3864 propheta
1532 3833 1549 3851 .
1575 3791 1849 3858 Quorsum
1874 3789 2045 3845 istud?

456 3892 527 3948 ad
558 3891 985 3963 aequabilitatem
1003 3887 1244 3960 pietatis,
1280 3886 1348 3941 ad
1376 3884 1639 3942 Ecclesiae
1667 3894 2035 3942 structuram.

454 3981 581 4055 lpse
609 3984 777 4053 igitur
801 3997 943 4038 unus
969 3980 1214 4035 omnium
1248 3994 1279 4033 a
1319 3977 1530 4048 Spiritu
1553 3985 1767 4044 sancto,
1793 3975 2043 4046 angulari

458 4077 625 4147 lapidi
658 4086 1024 4147 coaptatuses
1049 4081 1106 4130 et
1134 4080 1573 4144 coagmentatus.
1616 4068 1723 4126 Sed
1753 4078 1809 4126 et
1840 4069 2040 4136 nostri,

336 4233 341 4240 ,
456 4171 553 4242 qui
580 4181 898 4241 peccatores
931 4182 1147 4232 sumus,
1175 4173 1475 4228 memento,
1518 4179 1553 4219 ο
1578 4163 1949 4228 sanctissime,
1985 4163 2041 4219 in

456 4262 805 4318 orationibus
836 4278 849 4314 :
879 4275 947 4314 ne
976 4275 1009 4313 a
1037 4268 1312 4315 structura
1339 4256 1687 4321 exeidamus,
1716 4254 1812 4311 sed
1839 4254 2041 4310 alicubi

453 4357 545 4413 vel
594 4364 857 4425 tanquam
901 4353 1036 4409 silex
1087 4351 1455 4415 inveniamur,
1486 4350 1666 4420 gratia
1696 4362 1763 4406 ac
1791 4347 2043 4419 benigni-

458 4459 569 4504 tate
596 4449 787 4519 optimi
839 4447 931 4502 Dei
961 4446 1156 4501 nostri.

454 4538 762 4596 XLVlll.——
798 4537 1100 4593 Theodorus
1159 4536 1411 4606 dispersis
1453 4535 1645 4606 ubique
1697 4532 2042 4588 Fraternita-

522 4633 661 4686 tibus
701 4648 821 4685 cum
875 4632 945 4687 iis
995 4632 1172 4701 quiin
1203 4629 1529 4701 confessione
1571 4626 1779 4683 Christi
1809 4634 2036 4695 certant,

521 4721 775 4778 salutem.

2142 3428 2273 3473 των,
2302 3412 2559 3484 οἰκοδομὴ
2585 3414 2686 3485 τῆς
2714 3413 2808 3469 τοῦ
2835 3416 2971 3471 Θεοῦ
3000 3418 3352 3492 Ἔκκλησίας.
3381 3423 3552 3476 Alam
3589 3422 3750 3492 ἅγιοι

2143 3502 2463 3558 κυλίονται
2506 3502 2607 3559 ἐπι
2647 3503 2760 3574 τῆς
2790 3503 2920 3577 γῆς,
2954 3507 3029 3570 ῶς
3057 3525 3224 3580 φησιν
3264 3510 3294 3563 ὁ
3322 3511 3636 3582 προφήτης.
3672 3511 3746 3565 Τί

2140 3593 2344 3662 τοῦτο;
2396 3595 2478 3660 είς
2513 3595 2820 3668 ὁμαλισμὸν
2854 3598 3159 3663 εὐσεϐείας,
3193 3601 3274 3664 εἰς
3307 3601 3603 3673 ἐνδόμησιν
3639 3602 3749 3673 τῆς

2152 3687 2508 3760 Ἐκκλησίας.
2536 3690 2659 3745 Τῶν
2683 3690 2940 3746 ἁπάντων
2962 3687 3056 3747 οῦν
3087 3687 3168 3757 εἷς
3194 3694 3289 3748 καὶ
3315 3694 3480 3758 αὐτὸς
3510 3694 3619 3748 ὑπὸ
3643 3694 3747 3749 τοῦ

2141 3781 2302 3851 ἁγίου
2338 3783 2661 3855 Πνεῦματος
2690 3786 2768 3856 τῷ
2802 3786 3189 3858 ἀκρογωνιαίῳ
3231 3786 3363 3857 λίθῳ
3397 3787 3748 3859 συναρμολο-

2141 3873 2411 3944 γούμενος
2458 3875 2552 3930 καὶ
2597 3875 3091 3948 συμὸιὸαζόμενος.
3131 3877 3296 3931 Ἀλλὰ
3346 3877 3598 3948 μέμνησο
3643 3877 3749 3931 καὶ

2143 3962 2303 4033 ἡμῶν
2351 3963 2461 4018 τῶν
2493 3964 2857 4037 ἁμαρτωλῶν,
2890 3966 3184 4035 ἁγιώτατε,
3236 3968 3294 4019 ἐν
3335 3968 3456 4028 ταῖς
3498 3982 3750 4035 προσευ-

2141 4057 2288 4127 χαῖς,
2340 4055 2416 4128 μὴ
2461 4057 2764 4113 ἀποπεσεῖν
2804 4058 2908 4128 τῆς
2947 4058 3309 4131 ὲνδομήσεως,
3341 4057 3458 4113 ἁλλ’
3490 4050 3596 4111 ὧδέ
3628 4073 3744 4110 που

2142 4146 2245 4202 κᾶν
2269 4147 2349 4214 ὡς
2369 4146 2528 4220 χάλιξ
2556 4149 2872 4223 εὑρεθῆναι,
2890 4151 3078 4223 χάριτι
3098 4152 3195 4207 καὶ
3222 4147 3609 4224 φιλανθρωπίᾳ
3634 4145 3744 4203 τοῦ

2139 4240 2350 4311 ἀγαθοῦ
2374 4240 2511 4298 Θεοῦ
2540 4244 2575 4315 ὴ
2583 4242 2726 4315 μῶν.

2140 4519 2284 4579 MH'.
2315 4553 2382 4565 -
2409 4521 2711 4593 Θεόδωρος
2748 4524 2878 4590 ταῖς
2905 4522 3219 4592 πανταχοῦ
3262 4518 3748 4590 διεσπαρμέναις

2216 4616 2588 4687 ἀδελφότησι
2608 4614 2733 4670 σὺν
2760 4615 2888 4681 τοῖς
2918 4613 3290 4670 ἐναθλοῦσιν
3313 4614 3385 4669 ἐν
3406 4610 3480 4683 τῇ
3502 4613 3747 4682 ὁμολο-

2218 4709 2320 4780 γίᾳ
2350 4705 2632 4778 Χριστοῦ,
2662 4704 2914 4777 χαίρειν.
2947 4704 3127 4780 [rvat]

1328 4816 1407 4867 Ad
1428 4815 1737 4879 patientiam,
1757 4813 1943 4866 Christi
1972 4829 2213 4880 amorem,
2240 4822 2297 4868 et
2315 4814 2745 4882 perseverantiam
2774 4818 2985 4867 excitat.

528 4918 707 4978 Omne
752 4923 1011 4994 gaudium
1053 4924 1371 4981 existimare
1429 4923 1665 4990 debetis,
1710 4922 1930 4993 fratres,
1981 4926 2040 4982 in

459 5017 715 5088 praesenti
795 5018 1145 5075 tribulatione
1208 5037 1224 5074 :
1302 5017 1749 5090 quandoquidem
1817 5029 2041 5091 propter

455 5108 737 5168 Christum
786 5118 842 5165 et
901 5113 1208 5178 persecutio
1254 5122 1341 5168 est
1372 5127 1566 5168 eorum
1598 5114 1694 5183 qui
1744 5125 2037 5182 vexantur,

2209 4928 2403 4982 Πᾶσαν
2431 4927 2608 4999 χαρὰν
2640 4926 2896 4999 ἡγητέον,
2923 4925 3147 4997 ἀδελφοί
3180 4943 3307 4998 μου,
3341 4927 3400 4981 ὲν
3433 4927 3546 4991 τοῖς
3580 4944 3751 5000 παρ-

2136 5018 2261 5076 οῦσι
2291 5019 2585 5092 θλισεροίς.
2638 5018 2902 5090 Ἐπείπερ
2929 5020 3018 5073 διὰ
3039 5020 3275 5091 Χριστὸν
3308 5020 3402 5073 καὶ
3428 5019 3458 5072 ὁ
3484 5020 3751 5091 διωγμὸς

2138 5111 2248 5167 τῶν
2274 5111 2645 5183 διωκομένων,
2667 5112 2763 5165 καὶ
2788 5113 2845 5166 αἱ
2874 5112 3117 5180 φυλακαὶ
3145 5110 3255 5165 τῶν
3279 5110 3743 5182 καθειργμένων·

457 5212 515 5259 et
542 5216 736 5259 comm
787 5217 978 5258 carcer
1013 5204 1106 5272 qui
1144 5205 1460 5260 detinentur
1493 5222 1508 5258 :
1555 5206 1717 5274 adjici
1749 5216 1949 5276 potest,
1983 5216 2040 5264 et

456 5312 649 5353 eorum
682 5295 911 5351 verbera
963 5295 1388 5367 quicaeduntur.
1443 5295 1564 5351 Non
1616 5298 1780 5367 igitur
1809 5301 2040 5356 cessabo

457 5396 514 5441 et
544 5369 737 5442 omnes
778 5384 1115 5457 conjunctim
1141 5393 1196 5440 et
1238 5386 1473 5442 seorsim
1505 5386 1756 5457 singulos
1783 5390 2030 5459 compel-

459 5479 598 5543 lare,
628 5480 856 5547 hortari,
893 5493 1288 5535 commonere:
1346 5480 1600 5549 quamvis
1637 5496 1745 5535 non
1790 5481 1895 5537 sim
1928 5497 2033 5538 ne-

461 5574 611 5626 scius
671 5588 793 5628 esse
845 5588 943 5629 vos
994 5573 1052 5628 in
1107 5572 1212 5627 lide
1260 5572 1509 5637 stabiles,
1556 5581 1611 5628 et
1643 5572 1844 5629 habere
1888 5574 2037 5631 domi

460 5663 897 5724 adhortationem
921 5683 987 5724 ac
1008 5667 1423 5724 documentum.
1460 5664 1569 5722 Sed
1611 5677 1792 5723 tamen
1821 5667 2039 5725 debitor

531 5774 579 5808 ³³
613 5773 659 5830 ιι
689 5774 927 5836 'l’imoth.
962 5794 1037 5851 tv,
1070 5778 1124 5838 5.
1224 5778 1269 5815 “
1307 5778 1471 5839 Zach.
1509 5795 1584 5849 ιδ,
1619 5777 1687 5838 l6
1724 5794 1840 5840 sec.
1868 5777 2035 5838 LXX.

2137 5204 2436 5277 προσθείην
2463 5205 2510 5260 δ’
2537 5204 2623 5269 ἂν,
2655 5205 2753 5260 καὶ
2779 5207 2837 5259 αί
2883 5205 3151 5276 μάστιγες
3198 5204 3308 5259 τῶν
3357 5208 3749 5277 μαστιγουμέο

2137 5317 2267 5356 νων.
2296 5298 2416 5352 Οὐκ
2437 5295 2821 5369 ἁποπαύσοιμι
2844 5297 3134 5370 τοιγαροῦν
3162 5298 3259 5351 καὶ
3290 5300 3444 5369 κοινῇ
3474 5299 3609 5351 πᾶσι
3634 5303 3750 5355 καὶ

2134 5392 2246 5464 ίδίᾳ
2301 5391 2517 5462 ἑκάστῳ
2563 5392 2930 5462 προσφωνεῖν,
2988 5391 3347 5463 παρακαλεῖν,
3407 5392 3749 5465 direpturi}-

2134 5500 2321 5540 σχειν·
2353 5482 2562 5553 καίπερ
2603 5482 2765 5547 εἰδὼς
2802 5471 3234 5555 ἐστηριγμένους
3272 5484 3420 5556 ὑμᾶς
3449 5486 3506 5537 ὲν
3530 5486 3597 5556 τῆ
3636 5486 3747 5540 πί-

2136 5593 2274 5641 στει,
2306 5578 2402 5630 καὶ
2427 5574 2641 5631 οἴκοθεν
2673 5575 2914 5647 ἔχοντας·
2932 5576 2994 5631 τὸ
3022 5576 3433 5649 παρακλητικὸν
3468 5577 3560 5631 καὶ
3587 5592 3739 5631 von.

2137 5667 2442 5740 θετητικόν.
2482 5667 2623 5724 Ἀλλ’
2647 5669 2799 5740 ὅμως
2828 5668 3115 5742 ὀφειλέτης
3154 5668 3273 5742 εἰμὶ
3318 5670 3348 5724 ὁ
3391 5668 3741 5741 ἁμαρτωλὸς
