4054 6364
241 342 383 410 1963

1432 338 1978 405 EPISTOLARUM
2009 338 2162 402 LIB-
2232 338 2319 403 II.

3377 334 3513 403 125i

234 450 333 506 καὶ
352 450 415 505 τὸ
442 447 572 521 παρ’
594 445 845 521 ἐμαυτοῦ
872 445 1226 520 προστιθέναι
1258 443 1418 523 [Βοε.
1443 448 1569 506 cod.
1595 463 1846 521 προστιο,

1947 462 2070 514 um,
2099 445 2203 503 etsi
2236 451 2513 517 peccator,
2536 450 2678 501 utet
2708 441 2919 515 aliquid
2950 442 3023 501 de
3057 457 3183 500 meo
3207 441 3517 511 conferam,

232 538 397 611 deiv],
423 536 603 602 ἄλλως
631 554 694 592 τε
727 538 824 592 καὶ
850 535 947 592 τοῦ
976 537 1144 593 πόθου
1183 536 1603 609 ὲκὸιαζομένου.
1653 534 1833 604 Ζηλῶ

232 631 349 699 τὰρ
376 625 537 696 ὑμᾶς
557 626 720 698 ζήλῳ
747 627 896 684 Θεοῦ
914 643 931 660 ο
960 624 1447 700 ἑγκαλλωπίζομαι
1470 629 1500 682 6
1522 625 1832 682 ἀκαλλώπι-

233 736 365 784 στος
413 722 538 785 ταῖς
574 720 999 791 ὀμολογητικαῖς
1042 717 1198 792 ὑμῶν
1242 719 1492 791 ἀρεταῖς.
1538 719 1700 792 Χαρά
1737 736 1829 790 μοι

232 814 333 867 καὶ
391 812 656 883 στέφανος
715 812 898 884 ὑμεῖς,
947 811 1183 884 ἔρεισμα
1237 811 1334 865 καὶ
1379 811 1831 881 ἀκαταγώνιστον

234 904 593 978 κραταίωμα.
645 905 759 961 Ναὶ
799 904 993 979 ἐρωτῶ
1023 904 1118 961 καὶ
1146 903 1455 976 παρακαλῶ
1497 903 1831 970 ἀσαλεύτους

234 998 516 1071 διαμένειν
557 997 808 1065 ἅπαντας
846 999 909 1053 ὲν
943 997 1093 1071 πάσῃ
1123 996 1363 1070 εὐθυμία
1400 998 1496 1053 καὶ
1525 997 1828 1071 προθυμίᾳ.

233 1089 526 1158 Πάντοτε,
558 1093 726 1163 φησιν
753 1092 783 1145 6
805 1089 950 1154 θεῖος
976 1087 1322 1156 Ἀπόστολος,
1349 1090 1586 1159 χαίρετε
1603 1104 1619 1120 ⁸
1662 1088 1831 1144 ἀδια-

235 1183 501 1251 λείπτως
549 1183 966 1254 προσεύχεσθε
992 1197 1007 1212 ο
1053 1180 1126 1235 ἐν
1167 1181 1350 1235 παντὶ
1394 1180 1828 1250 εὐχαριστεῖτε.

238 1278 355 1332 Καὶ
376 1276 437 1331 οὔ
458 1275 606 1348 χαρὰ
626 1273 801 1330 ταῦτα
834 1275 930 1329 καὶ
957 1272 1307 1343 ἀγαλλίασις;
1338 1273 1421 1327 ὅτι
1454 1272 1642 1342 Εἴπερ
1670 1286 1829 1341 συμ-

237 1369 582 1439 πάσχομεν,
611 1368 711 1423 καὶ
746 1366 1375 1436 συνδοξασθησόμεθα
1394 1382 1409 1397 ’
1435 1368 1489 1420 εὶ
1519 1365 1829 1422 ἀποθάνω-

230 1476 376 1531 μεν,
407 1460 508 1517 καί
545 1458 924 1529 συζήσομενο
969 1460 1024 1514 εί
1068 1459 1511 1529 ὑπομείνωμεν,
1542 1458 1645 1513 καὶ
1671 1475 1830 1527 συμ-

237 1554 711 1618 ϐασιλεύσομεν,
741 1551 820 1615 ὡς
846 1551 1183 1622 γέγραπται.
1218 1550 1410 1620 Ἦλίκη
1432 1553 1465 1621 ἡ
1501 1549 1827 1620 ἐπαγγελία,

236 1643 520 1714 ἀγαπητοί
546 1643 560 1697 !
596 1643 659 1696 El
688 1642 800 1713 γὰρ
824 1643 905 1706 είς
933 1642 1046 1713 πῦρ
1070 1641 1460 1714 ἐμϐληθῶμεν.
1488 1643 1746 1714 οῖσωμενο
1779 1643 1831 1696 εί

237 1737 343 1790 καὶ
363 1734 558 1808 θηρσὶν
581 1735 912 1806 ὲκδοθῶμεν,
936 1735 1271 1806 ὲνέγκωμεν.
1290 1735 1449 1790 Οὕτω
1467 1735 1575 1807 γὰρ
1595 1735 1831 1807 ἤνεγκαν

1932 540 2058 604 ipso
2098 539 2303 610 alioqui
2333 552 2523 594 amore
2564 537 2901 608 impellente.
2958 535 3217 592 ιΕηιιιίοι·
3261 539 3401 591 enim
3427 552 3517 592 vos

1932 630 2031 687 Dei
2064 629 2463 687 azmulatione”
2486 646 2506 685 :
2555 640 2611 687 et
2638 644 2761 685 cum
2791 630 2930 686 nihil
2972 630 3204 685 habeam
3234 630 3379 685 unde
3401 630 3521 696 glo-

1930 724 2065 781 riari
2106 725 2339 795 possim,
2394 722 2765 781 confessionis
2807 730 3007 777 vestrae
3056 722 3358 777 virtutibus
3401 723 3522 791 glo-

1932 817 2064 873 rior.
2105 816 2375 872 Gaudium
2430 816 2569 871 mihi
2615 824 2670 871 et
2710 830 2915 871 corona
2944 830 3044 870 vos
3074 815 3211 870 estis
3226 814 3293 879 ³⁸,
3360 812 3510 869 fulci-

1931 919 2175 966 mentum
2205 919 2260 966 et
2279 910 2445 965 robur
2466 909 2758 964 invictum.
2795 906 2992 979 Utique
3016 922 3208 978 precor
3230 915 3284 961 et
3304 906 3516 971 hortor,

1930 1012 1992 1059 ut
2014 1018 2208 1059 omnes
2228 1002 2373 1057 ﬁrmi
2397 1002 2670 1057 maneatis
2699 1001 2754 1055 in
2783 1002 2935 1055 omni
2990 1000 3194 1070 gaudio
3239 1009 3292 1054 et
3320 1000 3520 1055 alacri-

1930 1103 2064 1150 tate.
2109 1094 2326 1164 Semper
2373 1093 2616 1164 gaudete,
2659 1091 2837 1161 inquit
2889 1091 3112 1147 divinus
3159 1092 3457 1162 Apostolus
3495 1130 3516 1158 ,

1931 1187 2045 1242 sine
2065 1186 2453 1240 intermissione
2474 1193 2620 1238 orate
2653 1200 2672 1239 :
2703 1184 2757 1236 in
2785 1182 3033 1237 omnibus
3064 1185 3271 1252 gratias
3298 1184 3516 1254 agite".

1929 1277 2128 1335 Annon
2154 1278 2299 1334 istud
2331 1278 2592 1347 gaudium
2614 1286 2698 1332 est
2718 1285 2774 1332 et
2799 1277 3142 1332 exsultatio?
3176 1275 3446 1344 Quoniam
3471 1275 3523 1331 si

1930 1372 2303 1441 compatimur,
2352 1380 2403 1425 et
2449 1369 2972 1441 congloriﬁcabimur
3030 1384 3051 1422 .'
3104 1371 3152 1423 si
3205 1367 3523 1423 commortui

1931 1463 2219 1534 fuerimus,
2271 1472 2321 1516 et
2381 1462 2709 1516 convivemus
2726 1459 2808 1514 ”:
2862 1460 2909 1513 si
2977 1459 3405 1526 sustinuerimus,
3471 1467 3524 1513 et

1931 1554 2367 1625 conregnabimus
2386 1552 2451 1617 '9,
2500 1555 2646 1608 sicut
2703 1552 2973 1622 scriptum
3033 1564 3138 1606 est.
3174 1550 3348 1618 Quale
3395 1566 3525 1620 pro-

1931 1647 2188 1713 missum,
2212 1646 2398 1701 dilecti
2423 1646 2447 1700 ῖ
2473 1645 2642 1717 Igitur
2665 1644 2749 1700 vel
2779 1645 2827 1700 si
2852 1644 3219 1714 conjiciamur
3249 1645 3302 1697 in
3344 1644 3521 1713 ignes,

1933 1738 2178 1795 feramus
2221 1756 2237 1791 ι
2279 1739 2365 1793 vel
2413 1739 2459 1794 si
2505 1738 2788 1794 tradantur
2844 1737 3057 1799 bestiis,
3098 1737 3393 1807 patiamur.
3432 1735 3526 1792 Sic

238 1832 295 1884 oi
352 1798 448 1884 ἀτὲδ
482 1829 681 1893 αἰῶνος
715 1798 1166 1898 ἀθλοφόροῦντες,
1192 1828 1385 1900 ἄνδρες
1419 1798 1491 1883 τε.
1513 1798 1830 1898 atat-Tuni-

1947 1834 2081 1890 enim
2106 1834 2279 1889 tulere
2309 1832 2405 1903 qui
2437 1830 2507 1887 ab
2531 1830 2685 1886 omni
2736 1844 2855 1886 avo
2888 1830 3138 1885 vicerunt
3169 1830 3273 1884 viri
3310 1844 3374 1885 ac
3397 1845 3523 1883 mu-

240 1938 365 1989 κες,
384 1921 455 1976 τά
476 1920 689 1975 ἐκεῖθεν
713 1920 1135 1992 προσλέποντες,
1158 1922 1254 1974 καὶ
1278 1920 1338 1974 τὸ
1365 1920 1541 1991 παρὸν
1568 1920 1831 1993 ὀδυνηρὸν

239 2016 368 2078 ταῖς
409 2013 593 2068 ἐλπίσι
629 2012 1005 2083 κουφίζοντες,
1037 2012 1135 2067 καὶ
1175 2012 1390 2085 τρυφὴν
1432 2013 1731 2085 ἡγούμενοι
1760 2013 1832 2069 τὰ

243 2104 526 2169 ἐπώδυνα,
558 2104 658 2159 καὶ
698 2104 801 2175 τὴν
832 2103 1159 2178 προσθήκην
1187 2104 1300 2159 τῶν
1327 2104 1674 2178 παθημάτων
1707 2108 1835 2160 ἑπι-

244 2196 576 2269 θυμοῦντες,
606 2195 708 2250 οὐκ
750 2195 1212 2265 ἀποστυγοῦντες,
1249 2195 1441 2270 ὥσπερ
1469 2198 1521 2251 οἱ
1550 2198 1622 2251 τὰ
1660 2196 1833 2252 πλείω

245 2293 507 2360 χρήματα
534 2289 642 2343 τῶν
668 2289 1004 2360 συνεταίρων
1023 2289 1367 2361 ἁρπάζοντες
1386 2305 1402 2320 '
1430 2291 1507 2355 ὡς
1536 2291 1652 2345 ἴστε
1674 2291 1835 2361 ὑμεῖς

244 2381 344 2450 ἀφ’
379 2381 587 2436 ἑαυτῶν
632 2381 966 2452 γευσάμενοι
1014 2381 1120 2452 τῆς
1168 2381 1441 2438 ἀθανάτου
1474 2383 1833 2456 γλυκύτητος.

244 2467 322 2527 Ὦ
347 2473 520 2543 κόσμε
547 2472 750 2527 πλάνεί
773 2474 859 2528 ὃτι
894 2474 1091 2545 πικρόν
1126 2491 1222 2528 σου
1261 2475 1323 2529 τὸ
1359 2474 1552 2531 δοκοῦν
1579 2477 1699 2548 ἡδὺ,
1741 2477 1839 2532 καὶ

246 2567 578 2637 θανάσιμον,
602 2567 748 2621 κατὰ
769 2568 953 2622 πᾶσαν
980 2568 1177 2640 ἡδονὴν
1200 2571 1296 2626 καὶ
1319 2572 1700 2644 περιχάρειαν.
1724 2573 1838 2626 Καὶ

242 2654 295 2713 ὦ
321 2659 454 2715 πόθε
481 2660 744 2732 Χριστοῦ,
776 2662 862 2715 ὅτι
893 2662 976 2715 σοὶ
1006 2664 1040 2733 ἡ
1077 2663 1320 2733 εὐλογία,
1352 2664 1445 2719 καὶ
1484 2665 1518 2736 ἡ
1551 2665 1719 2737 χαρὰ,
1744 2666 1839 2720 καὶ

244 2756 284 2823 ἡ
304 2753 639 2825 δεσποσύνη,
675 2755 770 2807 καὶ
804 2754 900 2808 ἐπὶ
934 2755 1062 2819 τοὺς
1084 2758 1352 2829 κατόχους
1377 2775 1494 2815 σου.
1530 2758 1697 2813 Ἴδετε
1733 2779 1841 2832 πηο

242 2845 425 2910 λίκοις
456 2847 601 2918 ὑμᾶς
637 2846 916 2919 φθέγμασι
969 2850 1275 2921 παρακαλῶ
1323 2852 1353 2904 ό
1391 2852 1657 2924 εὐτελήςο
1693 2853 1755 2908 οὖ
1783 2854 1840 2908 τί

240 2958 356 2995 που
381 2940 491 2996 τῶν
514 2943 871 3010 ἀξιεπαίνων,
902 2942 1019 2997 ἀλλ’
1046 2945 1133 2998 ὅτι
1159 2943 1418 3014 φιλικοῖς.
1442 2944 1620 3000 Ὀσοι-
1638 2945 1841 3018 βραὸὐ-

238 3052 394 3108 τητα
419 3035 682 3103 ἡγοῦνται
706 3035 806 3107 τὴν
834 3037 1145 3108 ἐπισκοπὴν
1170 3037 1375 3109 Κυρίου
1393 3055 1408 3071 σ
1436 3039 1615 3093 ἐκεῖνο
1644 3040 1844 3094 ἐννοεί-

1930 1926 2116 1982 lieres.
2176 1924 2420 1979 Alterius
2459 1924 2587 1978 vitae
2633 1923 2779 1978 bona
2816 1921 3242 1991 prospicientes,
3277 1936 3525 1991 praiseu-

1932 2026 2158 2088 temqne
2182 2015 2492 2070 molestiam
2526 2029 2623 2084 spe
2676 2013 2963 2080 lenientes,
2988 2027 3268 2068 aerumnas
3300 2011 3524 2066 delicia-

1930 2124 2056 2165 rum
2102 2109 2226 2164 loco
2277 2108 2539 2173 habuere,
2593 2115 2650 2163 et
2704 2106 3078 2161 accessionem
3127 2112 3528 2176 exoptaverunt

1931 2201 2206 2266 dolorum,
2256 2198 2456 2253 nedum
2486 2212 2631 2268 aegre
2662 2199 2837 2252 tulere
2869 2214 2886 2252 :
2930 2198 3398 2267 quemadmodum
3425 2197 3523 2267 qui

1934 2293 2278 2365 copiosiores
2322 2305 2491 2362 quam
2546 2289 2685 2345 socii
2731 2297 2937 2361 cogunt.
2961 2303 3119 2358 opes.
3154 2287 3216 2343 id
3240 2288 3389 2357 quod
3423 2303 3525 2353 per

1934 2403 2035 2444 vos
2059 2387 2164 2459 ipsi
2189 2385 2391 2452 nostis,
2437 2383 2807 2439 immortalem
2850 2382 2994 2437 hanc
3038 2381 3252 2451 experti
3283 2381 3529 2436 dulcedi-

1937 2497 2086 2538 nem.
2120 2479 2167 2536 0
2202 2479 2404 2535 munde
2444 2477 2650 2533 fallax!
2687 2492 2854 2547 quam
2893 2491 3084 2532 amara
3114 2483 3200 2533 est
3230 2485 3286 2532 et
3321 2477 3530 2531 letifera

1939 2579 2030 2633 illa
2062 2587 2152 2632 tua
2173 2592 2297 2647 qua:
2316 2576 2534 2630 videtur
2563 2572 2846 2628 suavitas!
2878 2586 3045 2641 quam
3074 2569 3226 2624 omni
3262 2566 3531 2638 voluptati

1940 2671 2249 2741 laetitiaque
2277 2667 2584 2723 contraria!
2616 2665 2663 2721 0
2696 2664 2905 2721 Christi
2957 2678 3134 2727 amor,
3180 2661 3276 2717 tibi
3311 2661 3535 2715 benedi-

1941 2765 2073 2830 ctio,
2099 2762 2381 2832 gaudium,
2408 2758 2721 2827 imperium,
2759 2766 2814 2811 et
2836 2756 2903 2811 iis
2924 2755 3016 2826 qui
3046 2764 3175 2811 sunt
3200 2753 3280 2808 tui
3307 2767 3538 2822 compo-

1943 2868 2047 2914 tes.
2097 2854 2306 2911 Videtis
2335 2853 2537 2925 quibus
2586 2866 2710 2921 ego.
2744 2850 2840 2920 qui
2871 2848 3120 2903 tantillus
3166 2862 3309 2911 sum,
3346 2846 3533 2902 verbis

1943 2962 2045 3004 vos
2088 2948 2368 3009 adhorter,
2416 2960 2517 2999 nec
2552 2943 2663 2997 illis
2711 2941 2935 3011 quidem
2981 2938 3298 3008 exquisitis,
3330 2938 3423 2993 sed
3451 2946 3530 2991 ta-

1947 3057 2070 3097 men
2100 3039 2316 3096 amicis.
2348 3037 2679 3105 Qnicunque
2711 3033 2923 3087 Domini
2958 3031 3328 3086 visitationem
3360 3030 3538 3084 tardi.

238 3145 460 3194 τωσαν,
504 3130 589 3182 ὅτι
628 3129 698 3183 Τὸ
736 3130 1011 3198 χρηστὸν
1049 3130 1158 3185 τοῦ
1201 3131 1353 3185 Θεοῦ
1392 3135 1480 3198 εἰς
1514 3132 1842 3203 μετάνοιαν

1947 3135 2076 3189 tatis
2110 3131 2456 3193 insimulant,
2488 3143 2676 3183 secum
2711 3126 2792 3180 illi
2827 3132 3105 3193 reputent,
3159 3122 3541 3193 benignitatem

241 3220 384 3289 ἄγει
409 3220 536 3285 τοὺς
556 3218 879 3285 διιῖικοντας,
900 3223 982 3286 είς
998 3221 1230 3292 δοκιμὴν
1263 3223 1321 3276 δὲ
1348 3224 1478 3288 τοὺς
1507 3226 1842 3295 πάσχοντας.

244 3314 369 3366 Καὶ
415 3313 490 3384 μὴ
520 3312 926 3383 ἀθυμείτωσαν,
962 3314 1097 3384 μηδὲ
1128 3314 1199 3369 τά
1224 3316 1467 3385 κρίματα
1507 3317 1715 3388 Κυρίου
1758 3317 1847 3385 ὲξο

243 3405 621 3471 εταζέτωσαν.
655 3406 772 3460 Οὐκ
823 3407 1186 3476 εὐγνωμόνων
1235 3408 1442 3463 δούλων
1477 3407 1697 3479 λέγειν*
1741 3409 1849 3476 ἓως

244 3499 424 3562 ardre;
458 3499 573 3553 Οὐκ
598 3493 722 3553 εἷπε
745 3497 908 3553 τοῦτο
945 3498 1066 3553 Ἰὼό
1095 3501 1124 3554 6
1150 3500 1414 3571 ἀοίδιμος,
1444 3503 1543 3572 οὐχ
1565 3503 1595 3555 6
1619 3502 1847 3569 Πέτρος,

243 3590 372 3645 οὐδ’
395 3595 424 3647 6
450 3592 684 3662 Παῦλος,
738 3592 790 3648 οῖ
842 3592 1153 3667 μυρίαθλοι,
1200 3593 1322 3648 οὐδέ
1358 3609 1446 3658 τις
1495 3594 1607 3649 τῶν
1642 3595 1854 3668 μαρτύ-

251 3705 402 3759 ρων.

333 3864 494 3922 Οἶδεν
519 3870 548 3923 6
574 3869 880 3943 ἀκοίμητος
906 3870 1188 3944 ὀφθαλμὸς
1214 3870 1277 3926 τδ
1314 3872 1521 3946 ἀρκοῦν
1548 3875 1639 3928 ἐπ’
1671 3858 1855 3946 ἀμεροὲ

242 3961 464 4032 τέροις.
496 3962 613 4015 οὐκ
651 3961 844 4028 ἐλεεῖς,
889 3964 974 4017 ὅτι
1000 3964 1391 4032 Θησαυρίζεις
1429 3965 1624 4032 ἑαυτῷ
1665 3966 1858 4037 ὀργὴν

244 4055 335 4109 ἐν
358 4052 550 4123 ἡμέρᾳ
580 4054 765 4125 ὀργῆς
795 4056 896 4110 καὶ
922 4057 1370 4127 ἀποκαλύψεως
1396 4057 1495 4112 καὶ
1532 4057 1856 4128 δικαιοκρι-

246 4148 413 4214 σίας
442 4147 552 4202 τοῦ
585 4148 757 4217 Θεοῦ,
795 4150 827 4205 6
862 4149 1128 4216 τοιοῦτος,
1154 4144 1217 4206 οὗ
1252 4151 1354 4206 οὐκ
1380 4150 1498 4205 ἐστι
1536 4150 1714 4223 πέρας
1755 4151 1858 4222 τῆς

245 4237 567 4304 κολάσεως,
598 4241 720 4295 οὐδὲ
772 4240 1129 4315 ἑξαγόρευσις
1164 4244 1276 4298 τῶν
1319 4245 1379 4298 ιν
1430 4243 1566 4316 πυρὶ
1606 4242 1859 4315 ἀσϐέστῳ

247 4332 612 4389 ἅνυποίστων
653 4334 861 4403 ἀνιῶν;
896 4336 1006 4390 Καὶ
1053 4336 1397 4409 παρακαλεῖν
1444 4337 1591 4409 ὑμᾶς
1634 4337 1719 4391 δεῖ
1761 4336 1861 4410 τὴν

245 4424 489 4496 ἀνοχὴν,
522 4425 649 4480 ὅσον
675 4425 737 4480 τὸ
760 4426 848 4496 ἐφ’
871 4429 1006 4499 ἡμῖν
1023 4443 1040 4460 ·
1068 4429 1119 4481 εί
1151 4426 1226 4500 μὴ
1259 4427 1327 4482 ἂν
1353 4427 1442 4483 διὰ
1472 4428 1600 4493 τοὺς
1631 4428 1862 4500 ὀλλυμέ-

1946 3227 2046 3282 Dei
2078 3227 2151 3280 ad
2174 3222 2540 3294 pwnitentiam
2574 3216 2895 3273 adducere"
2924 3230 3022 3271 eos
3060 3214 3157 3283 qui
3202 3226 3543 3283 peremtum-

1948 3331 2058 3388 tur,
2108 3319 2176 3375 ad
2230 3316 2613 3389 probationem
2658 3326 2758 3367 eos
2808 3310 2903 3381 qui
2952 3308 3261 3380 patiuntur.
3299 3303 3414 3360 Nec
3446 3307 3544 3358 de-

1949 3411 2261 3484 spondeant
2285 3408 2557 3470 animum,
2600 3418 2703 3460 nec
2728 3402 2938 3473 judicia
2972 3400 3192 3454 Domini
3226 3398 3543 3468 explorent.

1947 3504 2115 3562 Nefas
2145 3511 2231 3559 est
2278 3515 2470 3558 servos
2497 3497 2769 3553 candidos
2803 3511 2870 3550 ac
2916 3493 3120 3565 probos
3158 3491 3343 3546 dicere
3378 3506 3393 3544 :
3435 3486 3546 3543 Us-

1950 3597 2217 3670 quequo?
2251 3595 2367 3651 Non
2422 3595 2477 3649 in
2518 3594 2661 3647 hanc
2697 3603 2886 3645 vocem
2935 3587 3121 3657 erupit
3156 3584 3395 3655 inclytus
3418 3581 3545 3650 Job,

1950 3708 2064 3749 non
2089 3689 2310 3756 Petrus,
2342 3701 2453 3742 non
2481 3684 2710 3749 Paulus,
2736 3681 2842 3735 viri
2897 3672 3263 3750 plurimorum
3289 3678 3550 3732 certami-

1952 3800 2108 3849 num,
2136 3799 2245 3838 non
2277 3796 2307 3835 e
2338 3777 2677 3850 martyribus
2725 3773 3045 3845 quisquam.

2025 3876 2190 3932 Novit
2240 3871 2466 3945 pervigil
2516 3869 2711 3925 oculos
2766 3865 2895 3937 quid
2955 3864 3202 3933 utrisque
3247 3869 3545 3931 competat.

1954 3969 2074 4026 Non
2117 3977 2170 4024 te
2218 3967 2297 4021 tui
2332 3965 2578 4027 miseret,
2604 3960 2699 4032 qui
2731 3959 3057 4013 thesaurisas
3088 3957 3185 4011 tibi
3215 3958 3353 4010 iram
3380 3958 3436 4009 in
3464 3955 3551 4010 die

1956 4062 2054 4118 ine
2095 4069 2145 4115 et
2185 4056 2524 4114 reuelationis
2553 4063 2603 4109 et
2626 4052 2762 4123 justi
2789 4050 2984 4119 judicii
3015 4046 3193 4114 Dei“,
3225 4047 3478 4126 quisquis
3502 4046 3552 4102 is

1957 4170 2040 4221 es,
2073 4153 2165 4210 ubi
2217 4151 2408 4207 nullus
2434 4145 2690 4219 supplicii
2716 4144 2865 4209 ﬁnis,
2891 4157 2992 4197 nec
3025 4141 3110 4197 fas
3148 4148 3230 4194 est
3260 4138 3444 4208 eloqui
3467 4139 3554 4193 in-

1959 4244 2271 4306 tolerabiles
2297 4244 2355 4297 in
2388 4243 2512 4314 igne
2546 4236 2875 4294 inexstincto
2897 4233 3153 4291 dolores?
3187 4232 3409 4288 Hortari
3455 4244 3554 4287 vos

1961 4341 2153 4411 utique
2181 4336 2251 4393 ad
2280 4333 2651 4393 tolerantiam,
2671 4338 2939 4403 quantum
2968 4335 3055 4384 est
3083 4328 3253 4382 situm
3282 4328 3340 4381 in
3366 4326 3551 4389 nobis,

1963 4446 2145 4504 Opera:
2185 4427 2423 4501 pretium
2449 4433 2555 4485 est,
2577 4424 2773 4478 saltem
2814 4421 2886 4476 ob
2911 4434 3007 4477 eos
3036 4416 3131 4488 qui
3162 4425 3411 4487 pereunt,
3442 4426 3494 4471 et
3522 4431 3555 4471 a

245 4536 417 4583 νους,
448 4519 546 4573 καὶ
571 4519 1000 4585 ἐκπεπτωκότας
1034 4522 1137 4591 τῆς
1179 4521 1482 4593 ὑπομονῆς.
1528 4521 1588 4578 '0
1635 4521 1846 4591 ἐπειγό-

1961 4523 2219 4593 patientia
2237 4519 2580 4577 exciderunt.
2604 4515 2709 4582 Qui
2740 4522 2971 4569 mortem
2990 4509 3296 4582 peccatoris
3338 4508 3557 4565 enixius
3625 4586 3630 4591 θ

251 4627 439 4682 μενος
471 4611 569 4666 τὸν
606 4611 837 4668 θάνατον
868 4614 996 4668 ἰδεῖν
1025 4614 1121 4669 τοῦ
1150 4612 1504 4685 ἀμαρτωλοῦ,
1535 4615 1596 4670 οὐ
1636 4614 1862 4670 δύναται

244 4707 501 4775 εἰρήνην
545 4704 691 4776 ἔχειν
731 4707 870 4779 πρὸς
899 4706 990 4761 τὸν
1022 4707 1158 4762 Θεόν
1183 4724 1199 4739 ο
1226 4700 1288 4762 οὗ
1311 4710 1495 4781 χεῖρον
1534 4707 1711 4764 οὐδέν.
1750 4708 1864 4762 ’Δεὶ

242 4798 383 4869 γὰρ
427 4799 486 4852 ὲν
538 4804 752 4873 ταραχῇ
803 4800 946 4856 κατὰ
985 4801 1165 4873 ψυχὴν
1208 4800 1515 4874 ἐπιθυμῶν,
1546 4802 1687 4873 ὅπερ
1731 4801 1865 4867 Θεὸς

244 4892 596 4960 ἀποστυγεῖ,
630 4893 728 4946 καὶ
752 4892 923 4948 θέλων
945 4892 975 4948 ὃ
1002 4894 1063 4948 οὐ
1087 4893 1253 4951 θέλει.
1301 4893 1588 4950 Ἐντεῦθεν
1617 4895 1864 4966 ἀκηδίαι,

246 4981 549 5048 ἐκλύσεις,
574 4983 939 5057 βλασφημίαι.
967 4985 1063 5040 καὶ
1093 4986 1162 5042 τὰ
1190 4986 1355 5042 λοιπά
1387 4986 1747 5058 βλαστήματα
1763 4987 1866 5057 τῆς

247 5078 565 5149 πονηρίας.
596 5078 880 5149 Εῖπωμεν,
902 5078 1153 5149 ἀδελφοί·
1187 5079 1510 5149 Γενηθήτω
1536 5079 1606 5134 τὸ
1634 5078 1870 5149 θέλημά

244 5186 396 5229 σου
415 5187 434 5204 ·
463 5172 529 5226 ὲκ
561 5170 807 5245 καρδίας.
848 5171 1172 5242 Κτηνώδης
1206 5172 1508 5244 ἐγενήθην
1550 5173 1712 5243 παρὰ
1742 5173 1866 5236 σοι,

250 5262 449 5332 κάγὼ
474 5262 805 5331 διαπαντὸς
822 5264 975 5334 μετὰ
993 5264 1132 5320 σοῦ.
1166 5266 1279 5321 Καὶ
1309 5265 1484 5330 οὕτως
1505 5265 1873 5338 εἰρηνεύουσα

248 5357 296 5427 ἠ
350 5352 503 5426 ψυχὴ
553 5355 872 5428 παρρησίαν
907 5355 1020 5423 ἔξει
1075 5355 1216 5427 πρὸς
1266 5356 1434 5413 Θεόν·
1484 5356 1870 5414 ἑκατονταετε-

254 5448 401 5513 ζειν
460 5449 519 5501 ὲν
555 5451 672 5512 τοῖς
719 5447 860 5521 ὑπὲρ
910 5448 1078 5503 αὐτοῦ
1137 5449 1431 5522 παθήμασι
1488 5450 1869 5523 προαιρουμέ-

252 5557 373 5609 νη.
409 5538 549 5593 Οὔτε
585 5543 698 5611 γὰρ
750 5542 847 5597 ἐὰν
892 5541 1285 5614 κατευξώμεθα
1311 5542 1375 5597 τὸ
1404 5543 1588 5614 τάχος.
1632 5544 1828 5615 ἐπιστῇ
1850 5558 1867 5575 ο

248 5629 399 5686 οὔτ’
451 5630 521 5685 ἂν
573 5632 968 5705 ἔπευξώμεθα,
1020 5632 1491 5709 βραδυνεῖ”ὰλλά
1544 5633 1668 5690 τότε
1724 5632 1869 5703 ἥξει,

354 5772 403 5845 ’f
445 5768 490 5826 ll
516 5771 643 5829 Cor.
680 5788 756 5839 ιι,
787 5771 867 5845 2.
898 5772 1019 5845 AA“,
1040 5774 1277 5845 Philipp.
1312 5788 1387 5840 tv,
1421 5771 1475 5830 1.

1580 5770 1629 5807 ³⁷
1667 5771 1687 5829 l
1718 5771 1915 5826 Thess.
1953 5788 2009 5835 ν,
2044 5769 2133 5825 16.

1959 4624 2113 4691 optat
2144 4613 2373 4681 intueri,
2427 4626 2614 4682 pacem
2668 4609 2718 4664 is
2760 4606 2966 4662 habere
3010 4618 3137 4658 cum
3173 4601 3284 4657 Deo
3316 4601 3553 4671 nequit:

1960 4727 2071 4784 quo
2101 4708 2238 4764 nihil
2266 4713 2353 4763 est
2381 4704 2602 4760 tetrius.
2634 4699 2867 4770 Semper
2895 4696 3042 4752 enim
3070 4694 3396 4766 perturbato
3424 4694 3559 4747 ani-

1960 4819 2056 4861 mo
2100 4811 2207 4868 est,
2233 4796 2488 4871 quisquis
2521 4808 2646 4865 qua:
2676 4792 2824 4848 Deus
2865 4798 3152 4847 aversatur
3199 4785 3426 4856 expetit,
3463 4794 3557 4839 ant

1963 4913 2029 4954 ea
2063 4896 2179 4950 vult
2229 4907 2351 4964 quae
2382 4890 2527 4945 Dens
2555 4887 2711 4942 nolit.
2747 4885 2884 4939 Hinc
2923 4883 3142 4937 taedium
3169 4921 3185 4948 ,
3218 4879 3387 4935 animi
3438 4878 3557 4931 lan-

1962 5004 2123 5062 guor,
2149 4982 2549 5041 maledicentia,
2585 4994 2650 5034 ac
2689 4977 2875 5032 caeteri
2910 4974 3124 5030 fructus
3162 4971 3558 5042 improbitatis.

1963 5078 2244 5136 Dicamus,
2295 5071 2514 5132 fratres,
2546 5065 2674 5121 Fiat
2722 5066 2966 5121 voluntas
3032 5064 3218 5129 tua“;
3276 5062 3444 5131 idque
3490 5074 3560 5114 ex

1963 5169 2165 5226 animo.
2221 5163 2290 5220 Ut
2320 5163 2625 5232 jumentum
2656 5159 2831 5229 {actus
2870 5173 2986 5212 sum
3040 5155 3181 5225 apud
3242 5166 3313 5218 te,
3358 5161 3409 5207 et
3463 5165 3560 5219 ego

1963 5275 2167 5329 semper
2189 5253 2443 5312 tecum".
2472 5252 2652 5322 Atque
2680 5251 2755 5305 ita
2794 5258 3020 5321 pacatus
3047 5248 3267 5303 animus
3292 5243 3550 5299 tiduciam

1970 5350 2196 5409 habebit
2252 5348 2321 5404 ad
2384 5347 2550 5401 Deum
2570 5344 2637 5409 “,
2665 5351 2849 5399 certus
2906 5340 2993 5396 vel
3032 5354 3213 5394 annos
3248 5344 3468 5391 centum
3504 5334 3561 5386 in

1972 5445 2256 5503 laboribus
2282 5444 2401 5515 ejus
2425 5455 2593 5498 causa
2621 5438 2838 5510 degere.
2874 5437 3064 5507 Neque
3087 5434 3235 5490 enim
3264 5432 3309 5487 si
3349 5426 3560 5484 accele-

1974 5538 2243 5595 rationem
2276 5538 2660 5606 imprecemur,
2694 5530 2922 5588 instabit
2950 5546 2964 5584 :
2995 5542 3095 5582 nec
3123 5527 3173 5581 si
3199 5526 3562 5595 deprecemur

1979 5646 2186 5688 moram
2243 5629 2423 5686 faciet.
2460 5626 2568 5685 Sed
2617 5637 2752 5684 tunc
2795 5624 3000 5689 veniet,
3022 5618 3263 5692 quando,
3296 5618 3393 5690 qni
3435 5624 3564 5674 ante

2237 5768 2283 5802 ³⁸
2321 5768 2488 5823 Rom.
2516 5782 2637 5830 vm,
2668 5763 2755 5819 17.
2857 5760 2903 5796 ³⁸
2941 5756 2987 5817 ll
3018 5756 3262 5818 Titnollt.
3298 5772 3359 5826 tt,
3398 5755 3488 5814 12.

250 5847 325 5884 ⁸ο
377 5843 542 5902 ilum.
574 5860 636 5915 ιι,
665 5845 722 5901 4.
744 5832 807 5878 ’δι
836 5841 972 5903 ibid.
1002 5841 1058 5903 5.
1126 5832 1400 5922 διξιίαιιιί.
1428 5858 1508 5916 Vl,
1536 5842 1626 5903 10.
1683 5842 1730 5878 δ’
1756 5841 1846 5901 Ps:

1947 5832 2106 5913 Laut,
2134 5840 2228 5900 23.
2320 5838 2421 5912 “_l
2448 5835 2609 5898 Joan.
2644 5832 2855 5912 ttt,_2f.
