4054 6364
1688 295 1751 356 s.
1779 249 2180 356 'i‘HEononI
2209 295 2561 358 s'rumw
3639 287 3773 356 1256

493 410 682 466 mundi
727 408 1177 465 constitutionem
1229 406 1462 474 deliniit,
1517 406 1816 462 convenire
1857 406 2069 478 justum

2194 409 2408 481 ιπηνίκα
2431 413 2460 464 6
2483 410 2593 481 πρὸ
2622 408 2930 482 καταδολῆς
2955 410 3162 482 κόσμου
3189 407 3458 479 διορίσας,
3481 405 3544 460 τὸ
3565 408 3772 478 συμφέ-

489 501 755 572 judicium
784 501 934 556 novit
967 499 1130 556 Deus.
1163 498 1492 564 Precamini,
1523 511 1622 553 oro
1644 512 1763 564 vos,
1793 512 1896 568 pro
1917 497 2077 554 nobis

2194 517 2270 554 ›ον
2319 499 2530 555 δίκαιον
2582 501 2759 572 κρῖμα
2807 495 2918 554 οἵδε
2969 500 3128 564 Θεός.
3193 494 3586 572 Προσεύχεσθε
3643 498 3772 567 περὶ

493 594 586 664 qui
644 603 964 664 peccatores
1014 607 1231 657 sumus,
1269 601 1327 647 ut
1370 591 1604 647 salutem
1639 604 2074 662 consequamur.

2194 591 2334 663 ἱμῶν
2389 591 2500 646 τῶν
2563 592 2945 663 ἁμαρτωλῶν,
3005 590 3350 665 παρακαλῶ,
3420 589 3511 643 ἵνα
3572 586 3766 652 σωζοί-

491 685 752 742 Nieolaus
826 685 996 741 frater
1068 697 1250 740 vester
1293 693 1350 739 et
1405 697 1563 739 meus
1607 696 1801 739 omnes
1853 681 2072 738 salutat.

2194 683 2342 739 180a.
2410 683 2471 739 '0
2521 683 2755 754 ἀδελφὸς
2815 685 2971 755 ὑμῶν
3029 703 3092 739 τε
3148 684 3247 739 καὶ
3297 683 3435 754 ἐμοῦ
3502 681 3771 744 Νικόλαος

496 779 684 836 Gratia
713 780 1019 835 vobiscum.
1043 777 1241 832 Amen.

2194 778 2578 851 προσαγορεύει
2603 778 2874 846 ἅπαντας.
2913 779 2980 834 Ἦ
3017 781 3180 854 χάρις
3213 780 3332 853 μεθ’
3359 779 3537 852 ὑμῶν.
3575 777 3770 848 ’Δμήν.

494 891 683 949 XLIX.
713 925 783 938 ——
814 891 1103 946 Exsulibus
1128 900 1344 962 propter
1368 887 1654 943 Dominum
1673 889 1874 943 sanctis
1899 886 2080 943 Patri-

559 988 655 1040 bus
691 987 818 1040 meis
842 980 1543 1054 spiritualibus,TIteodorus
1571 982 1824 1036 minimus
1853 983 2072 1054 presby-

563 1089 641 1134 ter
669 1097 731 1134 ac
759 1081 1074 1148 prwpositus
1098 1076 1455 1143 Studitarum,
1488 1078 1544 1132 in
1573 1075 1800 1130 Domina
1822 1075 2052 1130 salutent

2184 893 2322 951 MB'.
2342 926 2414 937 —
2442 895 2574 963 Τοῖς
2601 895 2702 950 διὰ
2730 895 2952 966 Κύριον
2995 895 3556 966 πεφυτηδευμένοις
3587 907 3772 947 πνεν-

2249 985 2525 1058 ιιατικοῖς
2551 987 2742 1058 ἁγίοις
2767 1005 2889 1058 μου
2916 986 3210 1057 Πατράσι,
3243 988 3547 1056 Θεόδωρος
3569 986 3774 1054 ἐλάχι-

2253 1095 2402 1146 στος
2417 1081 2841 1149 πρεσόύτερος,
2855 1079 2956 1134 καί
2972 1080 3310 1151 ἡγούμενος
3326 1078 3444 1134 τῶν
3457 1076 3774 1142 Στουὸίου,

2249 1171 2318 1226 ἐν
2339 1171 2534 1238 Κυρίῳ
2559 1171 2813 1241 χαίρειν.
2839 1167 3027 1244 [τνῖ

493 1263 638 1326 Quod
676 1261 856 1315 Christi
899 1275 1044 1326 causa
1073 1262 1271 1325 profugi
1303 1264 1611 1312 secesserint
1635 1260 1687 1312 in
1702 1268 1957 1326 montem,
1981 1265 2261 1325 gratulatur
2301 1269 2532 1326 tanquam
2571 1264 2698 1312 caelo
2725 1275 2801 1326 ac
2839 1261 2950 1312 Deo
2981 1259 3334 1326 propioribus:
3363 1276 3476 1313 mox
3508 1261 3574 1312 ad
3609 1261 3771 1322 varia,

889 1325 1019 1375 circa
1044 1326 1293 1387 lapsorum
1328 1337 1516 1387 poenas,
1545 1325 1901 1389 vitandamque
1926 1327 2362 1376 lconomachorum
2385 1325 2697 1387 societatem,
2719 1325 3030 1388 interrogata
3050 1325 3346 1387 respondet.

561 1408 660 1466 Vel
682 1411 752 1464 ab
772 1411 1080 1466 orthodoxo
1111 1425 1222 1465 uno
1256 1411 1507 1481 accipere
1534 1410 1740 1482 aliquid
1767 1411 2075 1466 litterarum

490 1499 824 1556 difﬁcillimis
874 1499 1026 1554 hisce
1063 1499 1620 1570 temporibus,multo
1661 1517 1792 1556 vero
1827 1502 2002 1572 magis
2041 1517 2076 1557 a

2253 1412 2366 1466 Καὶ
2391 1410 2483 1481 ἀφ’
2519 1409 2640 1473 ἐνὸς
2665 1407 2760 1463 τοῦ
2787 1409 3072 1481 ὀρθοδόξου
3115 1410 3178 1464 τὸ
3209 1408 3469 1476 δέξασθαι
3506 1426 3778 1481 γραμμα-

2182 1506 2324 1557 τείον
2349 1505 2407 1556 ὲν
2434 1505 2557 1566 ταῖς
2583 1501 2854 1574 χαλεπαῖς
2897 1503 3138 1574 ἡμέραις
3167 1501 3420 1566 ταύταις,
3455 1504 3532 1573 μὴ
3579 1504 3664 1558 ὅτι
3707 1519 3778 1570 γε

489 1592 679 1648 multis
708 1592 762 1646 in
789 1607 962 1646 unum
992 1592 1336 1662 congregatis
1359 1602 1468 1647 tam
1496 1608 1595 1662 pro
1623 1593 1728 1649 hac
1755 1602 2080 1664 tempestate

2194 1598 2250 1651 ὲκ
2271 1595 2484 1650 πολλῶν
2511 1597 2606 1649 ἐπὶ
2631 1595 2694 1649 τὸ
2723 1594 2856 1650 αὐτὸ
2889 1594 3352 1666 συνεληλυθότων,
3385 1594 3537 1659 ξένον
3561 1611 3674 1658 πως
3695 1595 3780 1667 τῷ

489 1702 716 1751 novum,
767 1701 936 1756 quam
997 1686 1193 1756 hyeme
1223 1701 1372 1752 ,rosa
1419 1684 1569 1742 foliis
1595 1687 1768 1742 dives.
1805 1662 1884 1742 Et—
1910 1696 1998 1743 est
2024 1685 2078 1740 id

2194 1689 2380 1761 καιρῷ.
2410 1690 2488 1753 ὡς
2509 1690 2568 1744 ὲν
2593 1688 2828 1760 χειμῶνι
2849 1662 3194 1756 πολύφυλλον
3220 1687 3394 1759 ῥόδον.
3429 1686 3543 1740 Καὶ
3569 1689 3638 1757 τῇ
3666 1662 3777 1757 ἐμῇ

490 1777 788 1867 humilitati
835 1791 970 1831 meae
1008 1776 1313 1844 jucundum
1366 1776 1424 1831 in
1486 1777 1721 1847 primis:
1758 1779 1832 1832 ita
1881 1786 1940 1833 ut
1994 1777 2081 1832 vel

2194 1781 2508 1836 ταπεινώσει
2530 1781 2722 1854 χάριεν
2758 1781 2841 1835 ὅτι
2873 1779 3143 1852 μάλιστω
3173 1778 3318 1833 ὥστε
3353 1777 3450 1833 ἀπ’
3479 1779 3654 1848 αὐτῆς
3675 1781 3780 1850 τῆς

490 1871 666 1940 ipsius
714 1868 1090 1938 inscriptionis
1119 1869 1318 1923 intuitu
1355 1868 1582 1938 spiritus
1611 1870 1988 1933 exsultaverit,
2021 1878 2079 1926 et

2194 1873 2516 1945 προγραφῆς
2565 1873 2861 1944 σκιρτῆσαι
2895 1890 2998 1944 μου
3041 1872 3106 1926 τὸ
3142 1871 3384 1943 πνεῦμα,
3412 1873 3508 1926 καὶ
3539 1871 3778 1942 ἀνθομο-

369 2039 384 2044 _
489 1962 714 2033 gratias,
746 1969 807 2015 ut
829 1975 928 2032 par
955 1969 1060 2027 est,
1096 1959 1328 2015 Domino
1354 1961 1526 2029 egerit
1555 1978 1570 2016 :
1596 1961 1689 2030 qui
1731 1961 1787 2016 in
1820 1963 2077 2031 praesenti

2194 1967 2524 2038 ioyﬁcasOat
2554 1965 2750 2038 Κυρίῳ
2772 1965 2843 2020 τὰ
2867 1965 3056 2020 εἰκότα
3083 1981 3099 1996 ⁶
3129 1964 3190 2029 ὃς
3215 1967 3310 2020 καὶ
3343 1967 3403 2018 ὲν
3437 1964 3520 2033 τῷ
3547 1965 3778 2035 παρόντι

491 2053 895 2124 persecutione,
919 2051 1212 2106 Achabicae
1236 2051 1426 2117 simili,
1443 2051 1654 2123 reliquit
1674 2053 1780 2107 sibi
1811 2054 2078 2121 totviros,

2195 2058 2506 2131 Ἀχαόαῖκῷ
2530 2059 2779 2130 διωγμῷ,
2809 2059 3137 2114 κατέλιπεν
3155 2058 3350 2125 ἑαυτῷ
3378 2058 3667 2122 τοσούτους
3684 2059 3776 2127 μὴ

488 2149 580 2218 qui
622 2162 725 2200 non
773 2153 1126 2200 curvaverunt
1158 2160 1331 2215 genua
1373 2155 1497 2199 ante
1553 2145 1910 2202 Baal".Nec
1944 2163 2082 2218 pau-

2194 2152 2540 2222 ιάμψαντας
2560 2153 2710 2222 γόνυ
2732 2151 2806 2222 τῇ
2825 2151 3012 2207 Βάαλ.
3036 2146 3205 2222 υἶμαι
3215 2152 3324 2222 γὰρ
3343 2151 3454 2204 τῶν
3473 2151 3779 2220 τηνικαῦτα

489 2243 665 2297 ciores
695 2239 843 2296 enim
863 2253 984 2294 esse
1011 2253 1159 2293 nunc
1186 2252 1312 2294 reor
1329 2239 1422 2308 qui
1443 2236 1601 2294 fracti
1626 2255 1735 2292 non
1762 2239 1893 2302 sint,
1914 2255 2080 2310 quam

2194 2245 2510 2320 ἰσαρίθμους
2532 2242 2675 2302 εἶναι
2693 2245 2821 2311 τοὺς
2844 2245 2940 2299 νῦν
2959 2247 3238 2316 ἁκαμπείς
3254 2261 3270 2278 ·
3299 2246 3360 2298 οὐ
3378 2244 3541 2315 μόνον
3560 2245 3649 2298 διὰ
3665 2246 3779 2298 τῶν

492 2343 624 2389 tunc
669 2333 821 2387 fuere
850 2347 866 2386 :
909 2347 1018 2386 non
1064 2340 1286 2402 propter
1310 2346 1407 2387 eos
1439 2332 1604 2387 modo
1633 2333 1728 2402 qui
1762 2349 1830 2388 ex
1863 2317 2084 2390 confes-

2194 2340 2263 2401 είς
2281 2317 2570 2408 *προῦπτον
2601 2336 2873 2408 κειμένων
2901 2336 2962 2402 ἐξ
2992 2335 3286 2407 ὁμολογίας
3313 2354 3328 2368 ·
3365 2337 3504 2391 ἀλλὰ
3543 2336 3655 2408 γὰρ
3681 2339 3779 2390 καὶ

488 2427 643 2480 sione
683 2425 1043 2479 innatuerunt
1076 2440 1092 2478 :
1121 2438 1313 2478 verum
1341 2424 1505 2479 etiam
1531 2425 1602 2479 ob
1639 2440 1737 2480 eos
1765 2425 1861 2496 qui
1893 2425 2002 2482 huc
2023 2435 2079 2482 et

2194 2431 2269 2484 Ξιὰ
2295 2431 2404 2484 τῶν
2425 2424 2529 2484 ὧδέ
2553 2448 2612 2484 τε
2639 2431 2865 2484 κάκεῖσε
2887 2429 3363 2500 διασεσωσμένων,
3382 2429 3454 2484 ἐν
3477 2431 3775 2500 ἐρημίαις,

488 2519 619 2574 illuc
655 2517 960 2573 incolumes
994 2532 1240 2580 evasere,
1275 2517 1336 2570 in
1384 2517 1764 2572 solitudinibus
1817 2529 2079 2585 errantes,

2194 2524 2280 2576 teat
2311 2522 2504 2591 ὄρεσι.
2525 2522 2627 2576 καὶ
2656 2521 2989 2590 σπηλαίοις
3016 2521 3271 2590 καὶτοῖς
3295 2521 3472 2589 ὀπαῖς
3503 2522 3617 2592 τῆς
3639 2523 3774 2593 τῆς,

487 2614 548 2664 in
580 2611 841 2664 mentibus
864 2648 879 2672 ,
912 2619 962 2663 et
1021 2607 1308 2678 speluncis,
1338 2618 1390 2661 et
1433 2609 1671 2662 cavernis
1720 2609 1972 2676 terrm“;
2024 2617 2083 2664 ut

2194 2613 2560 2677 ὶποστολικῶς
2598 2614 2806 2668 εἰπεῖν’
2841 2612 3098 2685 καθάπερ
3141 2615 3238 2668 καὶ
3262 2613 3364 2686 τὴν
3406 2613 3565 2684 ὑμῶν
3598 2615 3777 2685 όμάδα

489 2703 734 2773 Apostoli
783 2701 965 2757 verbis
1007 2711 1130 2756 utar
1163 2718 1178 2754 :
1209 2699 1672 2771 quemadmodum
1726 2709 1930 2756 emtum
1983 2716 2081 2756 ve-

2194 2705 2243 2759 τὸ
2301 2705 2636 2776 τρικόρυφον
2692 2704 2820 2776 ὅρος
2878 2705 2954 2769 ὡς
3008 2705 3321 2778 τρισόλϐιον
3389 2705 3550 2770 κλέος
3611 2707 3778 2776 φέρον

491 2805 667 2850 strum
708 2805 868 2847 mons
897 2791 989 2846 ille
1021 2789 1308 2860 tergemini
1336 2788 1578 2851 verticis,
1618 2797 1882 2859 tanquam
1913 2792 2082 2847 decus

2194 2799 2504 2871 ὣραῖζεται.
2543 2798 2721 2869 Χάρις
2759 2793 2853 2852 οὖν
2880 2797 2960 2870 τῷ
2985 2797 3104 2868 Θεῷ
3137 2796 3218 2868 τῷ
3255 2797 3580 2852 πλουτοῦντι
3631 2799 3777 2868 ὑμᾶς

494 2887 802 2942 immortale
851 2893 1200 2946 consecutus,
1237 2888 1499 2937 ostentat.
1542 2881 1653 2936 Deo
1696 2881 1865 2953 igitur
1895 2893 2080 2954 grates

2194 2892 2282 2944 σὺν
2351 2891 2487 2944 πᾶσι
2544 2891 2658 2953 τοῖς
2714 2889 3170 2961 ἐπικαλουμένοις
3232 2888 3294 2944 τὸ
3357 2889 3533 2960 ὃνομα
3581 2890 3774 2946 αὐτοῦ.

493 2979 736 3048 agendae,
762 2977 856 3046 qui
889 2975 1044 3030 dives
1071 2983 1155 3028 est
1175 2973 1232 3027 in
1255 2988 1376 3039 vos,
1407 2981 1462 3028 et
1493 2971 1548 3027 in
1572 2988 1764 3029 omnes
1793 2974 1887 3044 qui
1922 2976 2076 3030 invo-

2195 2981 2436 3036 Ἐπαινῶ
2466 2979 2567 3054 τὴν
2591 2981 2746 3054 ἱερὰν
2772 2981 3066 3051 φυγαδείαν
3094 2980 3250 3050 ὑμῶν
3271 2997 3287 3014 ο
3312 2981 3471 3052 ὑμνῶ
3491 2983 3592 3052 τὴν
3619 2985 3715 3055 ὀρε
3727 3002 3776 3036 ι-

489 3081 620 3126 cant
655 3084 853 3124 nomen
886 3067 1007 3138 ejus
1038 3067 1110 3125 ".
1147 3066 1372 3121 Sacram
1427 3065 1572 3120 hanc
1619 3075 1857 3121 vestram
1892 3066 2076 3138 fugam

2194 3073 2285 3142 νὴν
2316 3071 2592 3127 συνοικίαν
2623 3071 2780 3142 ὑμῶν
2798 3087 2815 3104 ·
2839 3072 2920 3125 ὅτι
2943 3072 2991 3124 εί
3019 3070 3116 3124 καὶ
3141 3069 3448 3141 τληπαθὴς,
3477 3071 3630 3141 ὅμως
3658 3069 3777 3123 θεο-

489 3165 655 3220 laudo
678 3180 692 3216 :
713 3170 954 3218 vestrum
984 3160 1116 3215 illud
1155 3159 1212 3213 in
1241 3166 1428 3214 monte
1449 3158 1789 3214 domicilium
1818 3160 2078 3229 praedico,

490 3259 870 3313 calamitosum
917 3253 1049 3309 illud
1102 3251 1322 3324 quidem
1369 3289 1386 3315 ,
1435 3251 1531 3307 sed
1583 3260 1766 3306 tamen
1806 3252 2078 3309 divinum.

487 3347 668 3403 Moses
694 3348 746 3400 in
783 3353 969 3400 monte
992 3342 1123 3399 Sina
1151 3357 1277 3397 cum
1311 3339 1420 3397 Deo
1455 3351 1541 3397 est
1568 3341 1898 3399 collocutus.
1929 3342 2081 3401 Elias

488 3444 545 3498 in
578 3447 766 3494 monte
816 3436 1000 3492 [ioreb
1033 3435 1204 3490 Deum
1234 3433 1471 3498 intueri,
1521 3444 1786 3504 quantum
1839 3433 1924 3490 fas
1974 3443 2080 3499 est,

489 3535 707 3589 meruit.
741 3531 902 3587 Jesus
934 3530 1053 3600 ipse
1096 3527 1476 3583 divinissimus
1528 3527 1582 3581 in
1621 3535 1861 3582 montem
1890 3542 2083 3584 ascen-

489 3627 571 3682 dit
599 3634 657 3680 ut
677 3625 864 3688 homo,
885 3622 954 3677 ad
979 3621 1270 3676 orandum.
1292 3619 1435 3686 Quid
1459 3619 1604 3676 istud
1633 3619 1710 3676 rei
1727 3619 2082 3691 estisignum

489 3732 611 3775 esse
641 3717 898 3772 existimo
933 3715 1132 3769 mentis
1153 3712 1946 3782 ascensus,contemplandum
1977 3726 2078 3766 no-

490 3813 596 3869 bis.
623 3809 761 3866 Nam
793 3809 872 3864 uti
902 3823 1064 3865 mons
1099 3806 1302 3862 elatior
1338 3815 1424 3862 est
1453 3806 1703 3876 subjecta
1737 3804 1962 3876 planitie
2001 3803 2082 3860 lo-

490 3905 682 3976 cisque
706 3901 965 3960 concavis
1002 3918 1018 3954 :
1049 3899 1239 3954 eadem
1271 3897 1626 3968 proportione
1667 3895 1942 3968 precantis
1964 3895 2084 3950 ani-:-

490 4017 616 4058 mus
641 4014 710 4057 ex
747 3996 968 4054 sublimi
1013 3996 1132 4051 loco
1159 3994 1409 4050 ascendit
1440 3993 1508 4048 ad
1563 3990 1760 4047 Deum.
1792 3988 2011 4056 Videte,
2048 4004 2082 4046 ο

489 4091 964 4155 desideratissimi,
986 4089 1166 4160 qualis
1191 4096 1246 4143 et
1289 4096 1500 4157 quanta
1533 4085 1695 4142 sedes
1744 4096 1928 4140 vestra
1980 4084 2076 4139 sit.

369 4227 373 4232 .
489 4187 670 4244 Nostri
693 4199 856 4256 porro
879 4189 1229 4248 mementote,
1260 4179 1356 4251 qui
1381 4187 1702 4250 peccatores
1733 4194 1954 4245 sumus,
1982 4178 2080 4248 qui

493 4282 584 4336 hic
614 4278 768 4334 humi
790 4277 1042 4348 degimus
1077 4293 1092 4330 :
1121 4283 1181 4330 ut
1201 4274 1586 4330 consociemur
1601 4271 1792 4338 Vobis,
1824 4271 1921 4342 qui
1949 4273 2082 4326 estis

2187 3164 2362 3227 ποιός.
2408 3162 2613 3234 Μωσῆς
2660 3163 2719 3216 ὲν
2766 3161 2885 3234 ὄρει
2929 3159 3009 3231 τῷ
3050 3160 3250 3228 Σιναίῳ
3289 3159 3412 3232 Θεῷ
3455 3160 3773 3230 συνωμίλει.

2201 3253 2389 3318 Ἠλίας
2432 3255 2492 3310 ἐν
2535 3253 2653 3324 όρει
2706 3253 2785 3324 τῷ
2816 3253 3021 3325 Χωρὴϐ
3071 3251 3204 3306 Θεὸν
3261 3251 3393 3306 ἰδεῖν
3443 3252 3520 3316 ὡς
3553 3250 3777 3304 δυνατὸν

2186 3347 2440 3418 ἠξίωται.
2486 3347 2695 3416 Ἰησοῦς
2719 3347 2883 3411 αὐτὸς
2909 3349 2939 3400 6
2972 3345 3415 3417 θεαρχικώτατος
3451 3347 3536 3410 εἰς
3563 3345 3626 3399 τὸ
3652 3345 3776 3417 όρος

2187 3441 2395 3496 ἄνεισιν
2444 3437 2935 3512 ἀνθρωποπρεπῶς
2978 3437 3407 3510 προσεύξασθαι.
3463 3437 3534 3492 Τί
3582 3436 3774 3500 τοῦτος

2186 3534 2313 3604 ἐμοὶ
2353 3533 2503 3587 δοκεί
2539 3531 2808 3603 σύμϐολον
2836 3531 2938 3602 τῆς
2969 3532 3112 3587 κατὰ
3138 3531 3320 3604 ψυχὴν
3347 3531 3672 3595 ἀναδάσεως
3717 3531 3779 3584 τὺ

2189 3623 2456 3696 θεώρημα
2497 3619 2659 3682 εἶναι.
2703 3624 2790 3688 Ὠς
2835 3624 2945 3696 γὰρ
2981 3625 3045 3678 τὸ
3083 3624 3211 3696 ὅρος
3245 3622 3634 3696 ύπερανεστώς
3661 3624 3778 3676 ἐστι

2187 3717 2288 3787 τῆς
2313 3715 2588 3789 ύπωρείου
2627 3716 2879 3781 πεδιάδος
2907 3717 3004 3771 καὶ
3033 3717 3134 3787 τῆς
3155 3717 3500 3789 κοιλότητος*
3537 3716 3780 3785 τοσούτῳ

2185 3809 2250 3879 δὴ
2294 3809 2481 3880 μέτρῳ
2527 3809 2558 3862 6
2599 3807 2724 3874 νοῦς
2773 3808 2870 3863 τοῦ
2913 3811 3360 3882 προσευχομένου
3405 3809 3586 3864 ἄνεισι
3639 3808 3780 3879 πρὸς

2186 3900 2320 3954 Θεὸν
2341 3899 2430 3954 διὰ
2457 3899 2554 3954 τοῦ
2584 3897 2862 3970 μετεώρου
2883 3901 3077 3953 τόπου.
3120 3899 3339 3970 Ὁρᾶτε,
3362 3891 3408 3952 ὦ
3435 3898 3778 3970 τριπόθητοι,

2186 3987 2299 4046 οἷον
2331 3991 2429 4046 καὶ
2459 3990 2648 4064 ἡλίκον
2686 3991 2842 4062 ὑμῶν
2885 3991 2948 4045 τὸ
2996 3991 3346 4064 ἐνδιαίτημα.
3381 3990 3780 4062 Μιμνήσκεσθε

2187 4085 2284 4137 καὶ
2310 4082 2470 4156 ήμῶν
2494 4082 2604 4136 τῶν
2633 4082 2975 4154 ἁμαρτωλῶν
3017 4083 3114 4137 καὶ
3141 4083 3450 4154 χαμοξώων
3479 4081 3736 4135 ἐντεῦθεν
3759 4096 3776 4109 ·

2187 4175 2264 4240 ὡς
2295 4174 2362 4229 ἂν
2390 4173 2797 4246 συναφθείημεν
2822 4175 2952 4246 ὑμῖν
2971 4177 3086 4238 τοῖς
3111 4173 3432 4244 ὑψιπετέσιν
3462 4175 3644 4238 ἀετοῖς
3666 4174 3783 4226 Κυ-

2189 4268 2326 4343 ρίου.
2366 4267 2506 4322 Ἀλλ’
2527 4267 2701 4338 ἐχέτω
2725 4265 2824 4338 μὲν
2848 4266 3020 4320 ταῦτα
3041 4259 3168 4331 ὧδε,
3188 4267 3240 4320 εἱ
3266 4267 3362 4321 καὶ
3385 4267 3416 4318 6
3439 4266 3605 4330 πόθος
3625 4266 3780 4338 ᾄττει

491 4373 730 4431 altivolae
755 4369 972 4426 Domini
991 4369 1210 4440 aquila).
1235 4367 1341 4422 Sed
1360 4366 1429 4422 de
1464 4365 1550 4421 his
1578 4364 1873 4429 hactenus,
1904 4377 2084 4434 quan-

2194 4363 2354 4416 πλέον
2377 4361 2579 4431 λέγειν.
2609 4359 2675 4413 Τί
2699 4359 2759 4414 δὲ
2791 4359 2873 4423 είς
2899 4357 3157 4413 τοσοῦτον
3180 4358 3479 4431 ἐληλύθατε
3500 4358 3780 4412 ταπεινώ·

486 4483 652 4539 quam
688 4465 841 4535 plura
870 4461 1054 4518 dicere
1081 4461 1236 4516 ardet
1266 4459 1508 4514 animus.
1540 4457 1674 4524 Quae
1702 4471 1833 4511 vero
1859 4465 1970 4512 tam
1991 4455 2088 4510 de-

489 4560 655 4615 misse
681 4557 750 4613 de
771 4555 927 4611 vobis
959 4553 1165 4610 sentire
1226 4565 1398 4607 causa
1449 4549 1688 4620 impulit,
1706 4559 1768 4604 ut
1795 4565 1827 4603 a
1852 4564 1963 4614 me,
1993 4551 2088 4618 qui

490 4669 613 4711 sum
641 4652 925 4716 indoctus,
950 4661 1215 4716 responsa
1253 4644 1480 4702 discatis
1517 4644 1584 4699 ad
1607 4644 1942 4713 interrogata
1964 4655 2088 4712 qua:

492 4745 799 4817 protulistis
813 4743 838 4796 ?
854 4751 978 4796 cum
993 4755 1118 4811 qua:
1130 4737 1338 4794 Christi
1354 4737 1530 4808 gratia
1545 4745 1650 4802 est,
1666 4734 1798 4806 quid
1815 4735 2087 4804 agendum

493 4840 674 4908 sitper
696 4823 817 4900 vus,
839 4833 944 4904 ipsi
963 4833 1192 4889 teneatis
1210 4849 1224 4887 :
1239 4830 1324 4887 sin
1353 4829 1557 4893 minus,
1593 4843 1686 4898 per
1701 4841 1796 4883 eos
1817 4836 1964 4882 certe
1991 4825 2086 4893 qui

491 4943 546 4988 et
569 4930 829 4999 dignitate
856 4937 911 4983 et
925 4926 1140 4983 dicendi
1172 4923 1435 4980 facultate
1469 4928 1752 4993 praestant.
1775 4917 1918 4974 Sunt
1938 4919 2084 4974 enim

494 5019 736 5092 plurimi,
765 5027 826 5073 ut
856 5014 1225 5072 subindicavit
1244 5013 1442 5076 oratiu,
1463 5027 1604 5083 quos
1623 5011 1840 5066 edoceri
1863 5024 2086 5066 necesse

490 5124 594 5171 est.
619 5112 837 5168 Veritus
861 5111 1026 5182 igitur
1049 5124 1119 5164 ne
1147 5123 1246 5164 vos
1270 5104 1616 5169 contristare,
1633 5103 1907 5174 simulque
1929 5102 2084 5158 vobis

495 5208 878 5275 obtemperare
910 5201 1054 5256 nolle
1074 5200 1265 5256 videar
1287 5219 1301 5255 :
1323 5208 1522 5256 memet
1551 5197 1620 5254 ad
1652 5211 1860 5252 morem
1892 5209 2082 5266 gereno

2195 4471 2333 4518 σεως
2358 4453 2580 4526 μέτρον,
2611 4452 2743 4524 παρ’
2775 4451 2913 4523 ἐμοῦ
2941 4451 3037 4506 τοῦ
3060 4449 3306 4522 ἀμαθοῦς
3334 4451 3526 4522 μαθεῖν
3542 4443 3618 4505 ὧν
3639 4467 3783 4522 προ-

2190 4546 2429 4601 ετείνατε
2460 4545 2708 4600 πεύσεων
2733 4543 2832 4608 τὰς
2855 4542 3215 4616 ἁποκρίσειςς
3249 4543 3407 4598 αὐτοὶ
3427 4543 3615 4614 χάριτι
3643 4544 3782 4614 Χρι-

2191 4639 2318 4694 στοῦ
2365 4639 2460 4708 ἀφ’
2509 4637 2718 4693 ἑαυτῶν
2752 4637 2953 4702 εἰδότες
3006 4637 3069 4690 τὸ
3097 4636 3252 4691 δέονσ
3304 4637 3355 4690 εί
3394 4636 3453 4690 δὲ
3490 4638 3593 4708 μὴ,
3641 4636 3781 4708 πρὸς

2187 4737 2297 4789 τῶν
2331 4733 2674 4806 προεχόντων
2721 4732 2816 4786 καὶ¹
2859 4728 3133 4801 ἀξιώματι
3172 4730 3267 4783 καὶ
3309 4727 3476 4800 λόγῳ.
3513 4728 3638 4782 Εἰσὶ
3667 4731 3781 4798 γὰρ

2188 4826 2546 4892 πλεῖστοι,ὡς
2567 4823 2845 4890 ὑπέδειξεν
2871 4827 2900 4879 6
2929 4822 3107 4893 λόγος,
3124 4823 3434 4892 ὀφείλοντες
3461 4821 3784 4892 ἐκδιδαχθῆ-

2186 4940 2296 4976 ναι.
2323 4921 2422 4975 Ἵν’
2453 4916 2550 4975 οὖν
2593 4919 2667 4990 μὴ
2709 4917 2847 4982 δόξω
2886 4918 3075 4972 λυπεῖν
3101 4917 3267 4988 ὑμᾶς,
3296 4916 3417 4988 ἅμα
3451 4932 3513 4968 τε
3562 4915 3658 4968 καί
3684 4913 3777 4966 δε-

2185 5015 2315 5080 διὼς
2361 5014 2426 5068 τὸ
2473 5014 2729 5085 ἀνήκοον,
2785 5010 3020 5082 καθίημι
3075 5009 3311 5082 ἐμαυτὸν
3362 5009 3502 5080 πρὸς
3547 5010 3610 5062 τὸ
3652 5007 3780 5060 ἐπί·-

2184 5124 2394 5178 ταγμα.
2439 5105 2601 5160 Ἀλλὰ
2630 5104 2844 5176 πρῶτον
2875 5105 3054 5157 ἐκεῖνο
3077 5103 3185 5173 ἔχω
3209 5102 3420 5172 λέγειν·
3445 5102 3528 5156 ὅτι
3558 5102 3592 5172 ὴ
3625 5101 3780 5171 αἴρε-

2186 5218 2272 5264 σις
2319 5199 2481 5272 αῦτη,
2514 5199 2563 5252 εί
2600 5199 2699 5252 καὶ
2729 5199 2844 5262 τοῖς
2887 5195 3254 5269 προλαϐοῦσιν
3287 5196 3464 5266 ἐφάνη
3503 5193 3698 5256 ἄλλως.
3737 5191 3777 5261 ἦ

489 5299 620 5353 dum
656 5297 906 5370 accingo.
946 5293 1017 5347 At
1047 5291 1181 5348 illud
1237 5291 1392 5362 prius
1438 5289 1616 5345 habeo
1659 5289 1846 5344 dicere
1883 5304 1898 5340 :
1931 5285 2080 5341 hanc

2194 5293 2274 5346 καί
2305 5309 2416 5346 τισι
2449 5291 2692 5361 φαίνοιτο
2729 5288 2852 5355 νῦν,
2882 5289 3257 5360 μεσοπόνηρος
3297 5289 3392 5342 καὶ
3417 5287 3477 5341 ού
3509 5285 3631 5340 λίαν
3669 5301 3778 5354 χα-

493 5389 754 5446 haeresim
785 5388 804 5458 (
829 5401 1148 5458 quanquam
1193 5384 1497 5452 majoribus
1525 5384 1642 5438 visa
1676 5381 1816 5436 forte
1843 5389 1950 5447 est,
1981 5389 2076 5434 ant

2194 5387 2352 5456 Leni);
2379 5387 2503 5456 ἐμοὶ
2541 5383 2674 5452 γοῦν
2716 5384 2796 5454 τῷ
2829 5381 3126 5455 ἀμύδρωπι
3171 5382 3325 5437 οὐδὲν
3361 5381 3492 5436 ἄλλο
3521 5379 3686 5444 δοκεῖ,
3735 5376 3778 5448 ἢ

492 5482 822 5554 quibusdam
851 5480 1153 5535 etiamnum
1207 5477 1481 5541 videatur,
1512 5491 1624 5530 non
1678 5474 1910 5530 scelesta
1943 5473 2080 5529 adeo

2194 5481 2412 5552 ίρνησις
2463 5477 2700 5554 Χριστοῦ
2763 5473 2925 5532 εἷναι.
2981 5477 3045 5531 Εἰ
3093 5477 3205 5548 γὰρ
3253 5477 3311 5528 ὲν
3369 5476 3438 5545 τῇ
3487 5472 3656 5526 εικόνι
3709 5467 3781 5521 τὸ

495 5592 596 5632 nec
618 5577 777 5632 valde
803 5575 1049 5646 gravis),
1075 5572 1209 5628 mihi
1231 5580 1402 5637 certe,
1435 5571 1532 5641 qui
1561 5568 1730 5624 hebes
1758 5581 1906 5632 sum,
1938 5565 2079 5622 nihil

2194 5571 2487 5642 Ξιρχέτυπον
2516 5570 2859 5642 ἑκφαίνεται,
2901 5567 2978 5633 ὦς
3011 5585 3178 5639 φησιν
3221 5569 3250 5622 6
3277 5566 3554 5633 πάνσοφος
3581 5559 3778 5615 Διονύ-

493 5671 640 5726 aliud
700 5669 892 5734 videri,
931 5682 1098 5739 quam
1151 5666 1359 5723 Christi
1418 5663 1764 5736 negationem
1817 5675 1960 5717 esse.
2019 5658 2077 5716 Si

2194 5679 2331 5724 νιος*
2364 5664 2462 5718 καὶ
2494 5663 2544 5717 εί
2581 5664 2616 5736 ἡ
2646 5661 2748 5734 τῆς
2774 5660 2985 5726 εἰκόνος
3015 5659 3154 5733 τιμὴ
3199 5660 3293 5714 ἐπὶ
3320 5657 3382 5712 τὸ
3414 5653 3778 5728 πρωτότυπσν

560 5807 608 5841 ⁸⁸
632 5807 699 5864 lll
739 5803 872 5878 Reg.
901 5818 1016 5873 ιιι,
1045 5803 1134 5861 18.
1197 5803 1242 5839 ⁸⁸
1274 5800 1440 5860 Hebr.
1465 5817 1540 5872 xl,
1578 5800 1666 5858 38.
1740 5798 1783 5833 "
1810 5795 1970 5855 Rom.
2012 5813 2066 5864 κ,
2100 5796 2188 5853 12.
