4054 6364
284 299 422 368 1257
1474 299 1849 361 ΕΡΙΞΤΟΙιΛῙ

1956 297 2012 356 Μ
2082 298 2230 356 LIB.
2275 299 2360 358 II.
3393 296 3555 364 ’1258

277 411 567 477 διαϐαίνει,
603 409 679 474 ὥς
709 427 876 480 φησιν
907 412 936 464 6
969 409 1142 481 μέγας
1165 407 1444 473 Βασίλειος
1465 428 1479 442 ο
1517 409 1843 475 ἐξουδένωτα

1970 405 2116 458 enim
2141 404 2195 457 in
2228 403 2468 475 imagine
2497 403 2852 474 archetypum
2890 406 3090 468 elucet,
3126 416 3180 460 ut
3210 408 3554 476 sapientissi-

277 505 337 560 δὲ
376 505 470 559 νῦν
511 505 546 576 ἡ
581 503 746 557 είκὼν
775 502 1036 575 Χριστοῦ,
1066 504 1322 574 ἤρνηται,
1352 501 1662 574 πεπάτηται
1709 502 1864 571 παρὰ

275 599 386 654 τῶν
424 597 826 670 Χριστομάχων
849 613 862 627 ·
909 598 1019 668 ἄρα
1051 598 1111 650 ὲν
1149 599 1216 668 τῇ
1247 595 1414 649 εἰκόνι
1462 595 1627 650 αὑτοῦ
1657 597 1752 648 καὶ
1775 595 1864 648 διά

278 696 378 764 τῆς
413 691 621 754 εἰκόνος
652 690 862 762 ἠρνήθη
905 689 1161 759 Χριστὸς,
1193 688 1494 760 ὴτιμάσθη.
1526 689 1863 760 ἀπεδοκιμά-

280 785 384 858 σθη
431 784 738 848 Ἰουδαϊκῶς
765 800 780 814 ’
818 783 912 837 καὶ
938 783 1168 846 ἀλλοίως
1191 782 1291 836 οὐκ
1324 782 1472 836 ἔστιν
1493 783 1865 853 ὑπεξαγαγεῖν

237 935 240 939 _
275 875 338 930 τὸ
369 875 650 948 θεώρημα.
685 873 784 928 Διὰ
815 872 971 928 τοῦτο
1001 874 1214 946 θρήνων
1252 874 1345 927 καὶ
1383 875 1632 928 κοπετῶν
1674 875 1702 928 6
1739 893 1864 929 και-

279 965 371 1036 ρός
391 982 406 997 ο
433 965 522 1019 διὰ
544 968 704 1018 τοῦτο
729 966 822 1018 καὶ
853 963 1098 1017 τοσοῦτοι
1122 965 1172 1017 οἱ
1206 964 1570 1033 ἐνιστάμενοι,
1605 966 1666 1019 οῦ
1701 966 1863 1036 μόνον

275 1055 492 1127 ἄνδρες,
518 1057 654 1111 ἀλλὰ
680 1058 774 1111 καὶ
803 1059 1066 1126 γυναῖκες
1085 1073 1098 1086 ·
1134 1057 1206 1121 ὡς
1240 1057 1478 1127 λογικῶς
1510 1076 1570 1112 τε
1601 1060 1694 1113 καὶ
1723 1076 1865 1130 πρα-

275 1146 562 1218 γματικῶς
600 1146 938 1217 ἀρνουμένου
975 1145 1216 1218 Χριστοῦ
1239 1164 1252 1177 ·
1285 1148 1421 1220 ὅπερ
1445 1150 1537 1203 ἐπὶ
1563 1148 1670 1202 τῶν
1695 1149 1862 1204 πάλαι

273 1235 542 1306 αἱρέσεων
570 1237 671 1289 οὐκ
692 1229 902 1290 (Timon:
928 1235 1165 1304 λογικῶς
1197 1238 1317 1306 μὲν,
1351 1239 1410 1292 ἐν
1431 1238 1508 1309 τῷ
1537 1239 1716 1308 λέγειν
1736 1241 1863 1304 τοὺς

271 1327 515 1392 ἀσεϐεῖς,
551 1329 625 1401 μὴ
665 1326 776 1382 οἷόν
817 1347 878 1383 τε
911 1330 1289 1402 ἐγγεγράφθαι
1335 1333 1574 1403 Χριστὸν
1609 1331 1863 1405 σώματος

269 1421 619 1492 χαρακτῆρι*
653 1423 1052 1492 πραγματικῶς
1085 1424 1164 1489 δέ,
1203 1425 1284 1478 ὅτι
1323 1425 1648 1497 καθαιροῦσι
1680 1429 1863 1482 πᾶσαν

272 1513 464 1566 εἰκόνα
497 1514 657 1581 ἁγίαν
681 1515 941 1584 Χριστοῦ,
963 1516 1063 1584 τῆς
1089 1516 1374 1584 Θεοτόκου,
1407 1519 1678 1587 ἀγγέλων,
1705 1519 1860 1590 ἁγίου

271 1605 480 1670 παντὸς
511 1607 607 1659 καὶ
636 1605 816 1675 ἁγίας,
865 1609 929 1662 ἐκ
969 1609 1153 1682 πάσης
1191 1611 1541 1682 Ἐκκλησίας,
1576 1614 1685 1668 ἀπὸ
1727 1631 1863 1668 παν-

267 1697 366 1761 τὸς
403 1697 549 1769 ἱεροῦ
577 1700 952 1770 ἀναθήματος,
983 1701 1118 1773 πυρὶ
1144 1703 1550 1774 παραδιδόντες,
1584 1706 1860 1760 ἐπιτωθά-

1966 487 2088 550 mus
2123 495 2418 567 Dionysius
2454 496 2562 549 ait:
2593 510 2657 549 ae
2691 495 2735 555 sj
2770 497 3025 568 imaginis
3069 501 3245 552 honor
3271 499 3338 553 ad
3371 509 3554 568 proto-

1965 596 2148 658 typum
2181 588 2448 650 ascendit,
2481 596 2538 641 ut
2568 603 2796 658 magnus
2820 591 3062 659 loquitur
3096 589 3370 645 Basilius:
3412 607 3554 645 nunc

1963 690 2146 735 autem
2201 681 2506 752 despicatui
2535 681 2720 736 habita
2761 691 2845 738 est
2879 683 3056 754 imago
3085 683 3310 750 Christi,
3335 695 3553 752 negata,

1965 775 2284 829 conculcata
2339 789 2368 828 a
2413 775 2866 846 Chrystomachis
2900 795 2914 830 :
2950 777 3140 846 utique
3189 775 3446 834 Christus
3496 779 3555 833 in

1961 868 2199 936 tmagiue
2231 866 2405 936 ipsius
2452 875 2507 921 et
2537 883 2633 937 per
2664 868 2960 938 imaginem
2993 878 3224 935 negatus
3251 878 3356 932 est,
3390 871 3552 939 igno-

1963 958 2132 1014 minia
2158 958 2406 1025 allectus,
2430 974 2584 1014 more
2611 959 2840 1015 Judaico
2873 963 3197 1031 reprobatus
3221 981 3234 1016 :
3262 979 3362 1018 nec
3389 965 3546 1018 colli-

1963 1065 2090 1121 gere
2119 1050 2292 1114 aliud,
2321 1065 2379 1105 re
2413 1051 2574 1120 plane
2609 1061 2914 1122 perSpeeta,
2945 1055 3090 1108 licet.
3129 1054 3336 1110 Idcirco
3393 1057 3553 1126 plan-

1961 1138 2123 1210 gendi
2149 1147 2204 1194 et
2229 1138 2471 1208 ejulandi
2529 1148 2745 1208 tempus
2788 1139 2934 1195 istud
2961 1151 3048 1196 est
3075 1159 3089 1196 :
3122 1142 3327 1199 idcirco
3356 1154 3411 1199 et
3441 1154 3552 1201 tam

1961 1232 2118 1288 multi
2147 1232 2506 1295 reluctantur,
2539 1247 2650 1286 non
2691 1233 2792 1288 viri
2818 1235 3000 1301 modo,
3054 1236 3150 1291 sed
3185 1246 3240 1292 et
3268 1238 3549 1298 mulieres,

1960 1339 2026 1380 eo
2056 1325 2201 1395 quod
2233 1340 2341 1380 non
2377 1340 2512 1380 voce
2543 1327 2742 1393 solum,
2777 1327 2874 1382 sed
2910 1336 2968 1382 et
2995 1343 3162 1398 opere
3215 1329 3336 1400 ipso
3393 1331 3554 1386 Chri-

1961 1426 2079 1472 stus
2121 1428 2396 1487 negatur:
2429 1419 2576 1488 quod
2618 1419 2673 1473 in
2720 1419 2950 1476 vetustis
2991 1420 3296 1477 baeresibus
3326 1423 3554 1479 minime

1961 1508 2144 1563 visum
2183 1517 2289 1563 est.
2342 1509 2491 1565 Voce
2517 1510 2760 1580 quidem,
2790 1527 2915 1567 cum
2948 1521 3142 1584 negent
3171 1514 3323 1584 impii
3352 1530 3551 1585 corpo-

1960 1613 2054 1654 rea
2089 1599 2453 1656 similitudine
2501 1601 2649 1673 pingi
2693 1601 2975 1662 Christum
3029 1619 3232 1675 posse:
3261 1621 3426 1677 opere
3453 1623 3552 1662 au-

1959 1701 2072 1746 tem
2102 1691 2244 1762 ipso,
2299 1707 2425 1747 cum
2475 1709 2694 1749 onmem
2744 1706 2994 1751 evertant
3033 1697 3242 1752 Christi
3300 1709 3550 1754 sanctam

268 1789 481 1855 ζοντες,
517 1793 786 1860 γελῶντες
813 1795 874 1847 τὸ
911 1795 1056 1864 μέγα
1084 1795 1183 1867 τῆς
1212 1797 1497 1859 εὐσεϐείας
1535 1799 1849 1870 μυστήριον,

1965 1782 2280 1851 imaginem,
2321 1783 2592 1856 Deiparae,
2646 1789 2964 1860 angelorum
2990 1833 3004 1857 ,
3033 1793 3207 1846 sancti
3238 1807 3303 1848 ac
3346 1801 3552 1849 sancte

270 1881 553 1955 βδέλυγμα
583 1887 820 1956 Χριστὸν
847 1888 1302 1960 ἐγγεγραμμένον
1328 1890 1424 1945 σὺν
1442 1891 1630 1962 Μητρὶ
1655 1893 1750 1946 καὶ
1772 1891 1859 1946 θε-

271 1975 540 2047 ράπουοιν
568 1978 974 2044 ἀποκαλοῦντες
993 1982 1159 2051 ’ὅπερ
1188 1984 1406 2051 φρονεῖν
1435 1983 1530 2036 καὶ
1560 1983 1738 2052 λέγειν
1764 1985 1858 2040 καὶ

268 2067 555 2136 πράττειν,
633 2067 902 2124 Ἰουδαίων
954 2072 1075 2126 ἐστὶ
1125 2073 1221 2126 καὶ
1277 2072 1567 2146 Ἑλλήνων.
1623 2077 1688 2130 Οἱ
1746 2077 1856 2150 γάρ

272 2159 516 2231 ’Δραϐες
547 2161 643 2216 καί⁸
679 2164 882 2218 Σκύθαι
922 2165 1064 2220 αἰδοῖ
1108 2166 1380 2238 χρώμενοι
1420 2170 1574 2224 οὐδὲν
1616 2171 1856 2226 τοιοῦτον

268 2250 551 2321 ἐφάνησαν
577 2256 962 2326 πεποιηκότες.
997 2257 1121 2322 Πῶς
1143 2253 1236 2312 οὖν
1265 2260 1366 2313 οὐκ
1395 2260 1625 2333 ἄρνησις
1649 2262 1749 2334 τῆς
1774 2266 1856 2317 ol-

269 2345 535 2414 κονομίας
563 2347 801 2419 Χριστοῦ
828 2349 1033 2416 ταῦτα;
1079 2350 1218 2404 Ἀλλ’
1242 2353 1337 2406 ἐπὶ
1375 2353 1475 2417 τὰς
1505 2355 1796 2426 προτάσεις
1827 2361 1855 2413 ὁ

266 2431 447 2510 λόγος.
477 2435 634 2500 Τινὲς
685 2439 744 2505 ἐξ
779 2440 915 2504 ἰδίας
955 2443 1330 2513 προαιρέσεως
1381 2445 1685 2516 ὑπέκυψαν,
1723 2450 1852 2502 ἄνευ

268 2523 364 2577 τοῦ
390 2531 902 2597 καταναγκάζοντος
923 2547 936 2562 ⁸
969 2533 1119 2588 ἄλλοι
1152 2534 1292 2605 μετὰ
1321 2537 1580 2607 πληγῶνο
1610 2539 1758 2593 ἄλλοι
1787 2541 1854 2594 δι’

266 2615 500 2688 ἀπειλῆς
529 2620 624 2674 καὶ
656 2622 858 2693 μόνης·
881 2624 1063 2696 ἕτεροι
1096 2627 1224 2681 ἄνευ
1254 2629 1509 2701 ἀπειλῆς,
1552 2633 1648 2685 καὶ
1683 2631 1855 2703 βασά-

265 2725 395 2775 νων,
433 2711 565 2778 δέει,
595 2716 690 2768 καὶ
727 2715 922 2785 μόνον’
957 2718 1108 2773 ἄλλοι
1141 2720 1228 2774 διὰ
1254 2722 1314 2775 τὸ
1345 2721 1421 2794 μὴ
1453 2727 1707 2780 ἐκπεσεῖν
1743 2728 1854 2782 τῶν

268 2801 440 2856 ἱδίων.
469 2806 625 2870 Τινὲς
653 2806 708 2860 δὲ
739 2809 834 2862 καὶ
868 2811 1010 2864 κατὰ
1040 2811 1287 2880 ἄγνοιαν.
1320 2816 1559 2882 Τούτους
1589 2819 1851 2891 ἐπιστρέ-

259 2907 470 2960 φοντας
491 2895 609 2960 πῶς
629 2897 710 2950 δεῖ
729 2899 1091 2970 ἀποδέχεσθαι
1110 2918 1125 2968 ;
1149 2904 1630 2976 ἐπιδεικνυμένους
1649 2907 1852 2980 δηλαδὴ

252 2983 453 3050 ἀξίους
479 2990 728 3059 καρποὺς
748 2991 850 3061 τῆς
880 2993 1168 3063 μετανοίας
1194 2996 1465 3062 ἅπαντας.
1489 2999 1647 3064 Τίνες
1680 3000 1736 3053 δὲ
1764 2995 1854 3056 οὖ-

1960 1872 2205 1942 cujusvis
2230 1917 2246 1942 ,
2288 1889 2355 1930 ex
2384 1877 2535 1930 omni
2573 1878 2687 1934 wde
2718 1895 2898 1945 sacra,
2946 1897 3014 1936 ex
3051 1882 3202 1938 omni
3227 1899 3389 1939 sacro
3429 1899 3552 1940 mo-

1960 1977 2247 2030 numento,
2275 1967 2388 2039 igni
2416 1969 2713 2033 tradentes,
2749 1974 3015 2028 conviciis
3047 1974 3401 2042 insectantes,
3434 1992 3551 2030 nia-

1956 2071 2122 2127 gnum
2153 2060 2374 2130 pietatis
2421 2065 2742 2133 mysterium
2779 2064 3068 2121 irridentes
3095 2106 3110 2132 ,
3145 2067 3426 2123 Christum
3456 2067 3550 2124 de-

1956 2151 2182 2221 pictum,
2213 2167 2338 2207 cum
2372 2162 2544 2209 matre
2578 2163 2633 2209 et
2679 2155 2927 2225 famulis,
2961 2159 3387 2217 abominandam
3431 2178 3548 2219 rem

1955 2254 2336 2314 nuncupantes
2361 2247 2536 2316 :quod
2560 2248 2778 2318 quidem
2799 2251 3059 2319 cogitare,
3083 2261 3138 2308 et
3159 2253 3361 2318 dicere,
3389 2263 3443 2310 et
3465 2255 3550 2310 fa-

1956 2351 2100 2400 cere,
2116 2336 2424 2392 Judaeorum
2443 2349 2527 2396 est
2545 2352 2706 2411 atque
2726 2343 3030 2412 gentilium.
3067 2347 3275 2402 Arabes
3298 2348 3443 2403 enim
3485 2363 3550 2404 ac

1957 2429 2174 2500 Scythae
2198 2433 2500 2487 reverentia
2537 2434 2706 2501 ducti,
2739 2437 2872 2491 nihil
2897 2438 3006 2494 tale
3048 2439 3150 2496 visi
3180 2451 3308 2496 sunt
3336 2442 3551 2511 prmsti-

1959 2521 2109 2576 tisse.
2147 2520 2286 2588 Quid
2315 2532 2401 2578 est
2430 2526 2591 2594 igitur
2615 2526 3073 2597 dispensationem
3102 2531 3303 2586 Christi
3328 2547 3547 2602 negares

1955 2614 1999 2667 si
2025 2614 2127 2668 hoc
2143 2630 2251 2668 non
2267 2624 2351 2670 est
2363 2616 2388 2670 ?
2401 2615 2504 2670 Sed
2523 2619 2588 2671 ad
2607 2620 3007 2688 propositiones
3029 2631 3332 2678 revertatur
3348 2625 3544 2680 oratio.

1955 2702 2188 2770 Quidam
2216 2709 2434 2776 propria
2463 2719 2656 2778 sponte
2703 2727 2898 2768 manus
2941 2713 3168 2778 dedere,
3209 2716 3424 2772 nemine
3453 2731 3548 2784 per

1955 2794 2062 2848 vim
2091 2807 2317 2866 cogente
2338 2817 2351 2852 :
2369 2799 2460 2853 alii
2478 2816 2601 2855 cum
2629 2802 2836 2873 plagis:
2858 2803 2948 2858 alii
2976 2805 3142 2862 minis
3169 2806 3432 2863 duntaxat
3453 2823 3548 2862 ex-

1953 2887 2125 2942 territi
2157 2907 2172 2954 ;
2207 2891 2300 2945 alii
2331 2893 2466 2947 citra
2516 2895 2696 2948 minas
2731 2911 2796 2951 ac
2847 2897 3114 2968 supplicia
3141 2941 3155 2965 ,
3186 2899 3304 2954 solo
3351 2909 3542 2966 metu;

1958 2977 2076 3042 alii,
2121 2995 2189 3035 ne
2235 2992 2570 3039 exurerentur
2600 2985 2763 3041 bonis
2803 3006 2816 3041 :
2855 2989 3100 3042 nonnulli
3131 2998 3314 3045 autem
3339 3005 3434 3060 per
3460 2991 3557 3044 iu-i

247 3093 384 3144 τοι;
432 3078 634 3150 Ἀποχὴ
666 3081 776 3134 τῶν
809 3084 1191 3155 ἁγιασμάτων,
1234 3089 1372 3158 μετὰ
1401 3091 1845 3177 προσκλαύσεοε,

1954 3072 2267 3128 scientiam.
2299 3074 2365 3128 lli
2398 3076 2444 3131 si
2478 3077 2834 3148 resipiscam,
2875 3096 2981 3149 qua
3032 3083 3245 3136 ratione
3297 3092 3428 3138 sunt
3445 3083 3546 3137 ad-

249 3166 359 3220 καὶ
388 3169 648 3223 ἐπιπόνου
685 3171 955 3240 δεήσεωςο
989 3177 1081 3230 ἐπὶ
1111 3178 1211 3248 μὲν
1239 3179 1347 3232 τῶν
1373 3180 1624 3252 πρώτων,
1655 3166 1849 3255 τριετί-

248 3260 432 3325 ζουσα
461 3277 475 3292 ⁸
511 3263 606 3316 ἐπὶ
640 3265 698 3319 δὲ
735 3267 842 3320 τῶν
883 3268 1173 3342 δευτέρων,
1210 3271 1550 3338 διετίζουσαο
1594 3277 1687 3330 ἐπὶ
1736 3277 1848 3331 τῶν

243 3355 462 3425 τρίτων
493 3359 588 3411 καὶ
617 3362 892 3432 τετάρτων
924 3363 1021 3416 καὶ
1045 3364 1334 3434 πέμπτων,
1367 3368 1400 3437 ἡ
1431 3368 1540 3422 τῶν
1575 3368 1843 3439 πρώτων·

243 3449 356 3502 ἐπὶ
405 3450 514 3504 τῶν
562 3451 760 3518 ἐκτων,
813 3457 1144 3512 ἐνιαυσιαία.
1175 3461 1330 3513 Μετὰ
1369 3461 1468 3531 τὴν
1498 3462 1846 3533 ἐκπλήρωσιν

243 3541 382 3605 πῶς
412 3542 495 3596 δεῖ
525 3543 669 3614 ἔχειν
701 3548 934 3616 αύτούς;
979 3551 1041 3604 Ei
1081 3551 1179 3621 μὲν
1208 3551 1267 3617 ἐξ
1306 3555 1582 3622 ἱερατικοῦ
1623 3557 1844 3628 πληρώ⁹

243 3649 454 3702 ματος,
485 3637 579 3690 καὶ
609 3638 706 3709 οὐχ
733 3640 1042 3712 ὑπέγραψε,
1091 3645 1288 3714 μηκέτι
1326 3647 1568 3716 μετέχων
1593 3649 1694 3718 τῆς
1723 3651 1848 3703 ἀσε-

239 3722 390 3786 ϐοῦς
420 3727 707 3793 κοινωνίας
732 3747 837 3794 τις.
888 3732 976 3796 Ὠς
1006 3735 1062 3786 ἐν
1087 3728 1132 3803 ᾧ
1164 3736 1423 3792 ἐτέτακτο
1453 3740 1664 3813 κλήρῳ.
1695 3743 1757 3795 Ei
1787 3744 1844 3797 δὲ

239 3815 356 3907 καὶ
398 3815 744 3890 ὑπογράψας,
783 3823 868 3894 εἴη
910 3824 986 3889 ὡς
1025 3828 1345 3900 εἰργόμενος
1393 3832 1493 3900 τῆς
1530 3835 1845 3907 ἱερουργίας

237 3905 365 3968 ἕως
405 3908 688 3979 ὀρθοδόξου
727 3915 946 3969 συνόδου
971 3933 985 3947 ·
1037 3920 1311 3974 κοινωνῶν
1355 3922 1400 3976 δ’
1427 3919 1519 3977 οὖν
1554 3925 1704 3996 ὅμως
1734 3927 1846 3981 τῶν

237 3999 642 4069 ἁγιασμάτων.
687 4006 815 4070 Τοῖς
869 4012 1048 4079 πάντη
1097 4013 1353 4067 ἀσεϐέσιν
1391 4017 1440 4069 εί
1480 4015 1657 4082 ἔξεστι
1701 4019 1846 4073 κατὰ

233 4090 505 4162 ἀνάγκην
533 4095 685 4160 δέους
714 4097 897 4166 ἕνεκα,
931 4103 962 4171 ἢ
989 4103 1075 4156 διὰ
1103 4104 1280 4175 λιμὸν,
1309 4107 1342 4178 ἢ
1384 4109 1476 4162 καὶ
1501 4110 1631 4164 ἄνευ
1671 4111 1844 4180 ἀνάγ-

233 4202 385 4256 κης,
416 4185 448 4258 ἢ
490 4189 586 4242 καὶ
621 4189 710 4244 διὰ
742 4191 863 4262 βίαν
887 4194 1080 4266 ,ἄλλοις
1106 4199 1478 4266 κοινωνοῦσιν,
1523 4201 1844 4272 ὀρθοδόξους

228 4278 304 4332 δὲ
333 4279 536 4343 αὐτοὺς
565 4282 908 4353 ὁμολογοῦσι,
927 4288 1232 4344 συνεσθίειν
1254 4308 1269 4358 ;
1301 4293 1526 4366 Οὐδαμῆ
1546 4295 1801 4366 οὐδαμῶς
1825 4314 1840 4330 ο

1949 3165 2199 3222 mittendi
2251 3167 2275 3221 ?
2320 3167 2518 3238 Utique
2565 3171 2610 3224 si
2661 3171 2856 3240 dignos
2900 3171 3151 3228 videlicet
3208 3175 3544 3243 pmnitentiaa

1949 3253 2162 3315 fructus
2180 3276 2372 3317 omnes
2385 3263 2696 3318 exhibeant.
2727 3264 2831 3330 Qui
2861 3278 2986 3319 sunt.
3008 3265 3083 3319 illi
3105 3281 3268 3335 porro
3291 3265 3546 3322 fructus?

1950 3351 2126 3408 Dilata
2159 3354 2518 3409 Eucharistia:
2548 3338 2839 3425 perceptio,
2873 3371 3000 3410 cum
3042 3357 3191 3416 lletu,
3227 3366 3278 3411 et
3310 3357 3538 3412 assidua

1948 3445 2350 3516 deprecatione,
2375 3448 2567 3516 primis
2591 3447 2833 3518 quidem,
2857 3464 2952 3518 per
2985 3451 3281 3504 triennium
3312 3467 3543 3507 :secun-

1948 3536 2052 3601 dis,
2082 3552 2176 3606 per
2233 3553 2409 3595 annos
2456 3539 2597 3596 duos
2629 3559 2642 3596 :
2673 3542 2874 3608 tertiis,
2930 3544 3162 3612 quartis,
3191 3554 3244 3599 et
3299 3545 3533 3612 quintis,

1947 3626 2408 3697 Quemadmodum
2451 3631 2645 3702 primis
2672 3649 2684 3685 :
2721 3637 2892 3690 sextis
2919 3635 3189 3706 denique,
3218 3637 3380 3691 unius
3401 3638 3534 3691 anni

1949 3723 2148 3790 Spatia.
2185 3722 2399 3788 Quibus
2430 3724 2523 3778 ubi
2579 3725 2848 3796 perfuncti
2898 3727 3119 3794 iuerint,
3155 3745 3265 3801 qua
3322 3730 3538 3785 ratione

1949 3824 2078 3867 sunt
2113 3814 2347 3868 habendi
2372 3816 2394 3869 ?
2417 3814 2472 3869 Si
2506 3817 2724 3884 quidem
2757 3827 2840 3872 est
2889 3837 2952 3873 ex
2988 3820 3311 3877 sacerdotali
3343 3821 3542 3878 ordine

1952 3905 2178 3974 aliquis,
2213 3922 2312 3961 nec
2334 3909 2682 3978 subscripsit,
2719 3925 2820 3965 nec
2842 3910 2944 3965 l’uit
2979 3911 3158 3982 impia:
3189 3915 3542 3970 communio-

1947 4000 2033 4053 nis
2054 4001 2360 4069 particeps;
2396 4001 2449 4054 in
2474 4018 2583 4072 quo
2611 4003 2898 4059 ordinatus
2923 4013 3007 4059 cst
3033 4007 3179 4060 clero
3200 4015 3537 4074 permaneat.

1947 4087 2042 4143 Sin
2074 4106 2204 4146 vero
2249 4093 2573 4163 subscripsit
2615 4094 2755 4149 idem
2791 4111 2806 4162 ;
2853 4096 3136 4152 abstentus
3176 4112 3206 4152 a
3261 4113 3320 4153 re
3378 4114 3542 4153 sacrae

1948 4182 2195 4238 facienda
2230 4184 2302 4239 sit
2336 4200 2511 4254 usque
2545 4186 2612 4240 ad
2647 4187 2914 4260 synodum
2957 4190 3316 4244 orthodoxam
3349 4209 3362 4244 :
3390 4205 3539 4246 com-

1947 4276 2186 4331 municet
2211 4284 2391 4332 tamen
2418 4278 2588 4334 sacris
2631 4280 2924 4350 mysteriis.
2955 4279 3014 4335 Si
3039 4283 3352 4338 hominibus
3378 4284 3530 4338 onmi

225 4369 290 4422 εἰ
341 4370 416 4440 μή
456 4369 511 4422 τί
553 4387 618 4439 γε
655 4376 770 4437 τοῖς
805 4377 1076 4447 ἐσχάτοις,
1117 4381 1218 4434 οὐκ
1257 4381 1586 4454 ἀδιαφόρως,
1631 4384 1750 4440 ἀλλ’
1781 4386 1840 4453 ἐξ

1951 4388 2005 4427 ex
2024 4381 2177 4443 parte
2199 4373 2402 4444 impiis,
2423 4384 2642 4445 propter
2665 4375 3037 4431 necessitatem
3059 4377 3348 4447 ingruente
3366 4388 3534 4445 metu,

223 4463 558 4530 ἀναγκαίου
588 4467 734 4526 τινὸς
755 4471 984 4540 τρόπου,
1016 4472 1164 4540 ἅπαξ
1193 4475 1224 4547 ἥ
1255 4475 1352 4540 δίς.
1393 4478 1456 4532 Ei
1485 4479 1596 4533 τῶν
1629 4481 1842 4546 τούτοις

224 4557 537 4628 ἐδωδίμων
577 4561 645 4614 τὰ
669 4562 899 4632 λείψανα
931 4567 1133 4621 ἐσθίειν
1173 4571 1314 4624 κατὰ
1359 4571 1628 4645 ἀνάγκην,
1673 4575 1706 4647 ἢ
1745 4576 1842 4629 καὶ

219 4651 378 4704 ἄνευ
432 4651 699 4724 ἀνάγκης,
742 4656 878 4710 διότι
929 4663 1436 4732 προεσχημάτισται
1485 4666 1542 4717 ἐν
1584 4665 1772 4730 αὐτοῖς
1813 4668 1843 4720 ό

222 4739 514 4810 σταυρόςς
545 4743 606 4795 Ei
648 4743 748 4814 μὲν
789 4747 939 4813 παρὰ
974 4749 1186 4818 ίερέως,
1223 4752 1474 4824 οὐδαμῶς
1499 4771 1511 4784 ·
1548 4757 1597 4808 εἱ
1631 4756 1688 4809 δέ
1740 4757 1836 4825 μὴ,

219 4830 634 4902 μεταληπτέον
676 4837 818 4890 κατὰ
845 4837 986 4906 βίαν.
1022 4841 1084 4893 Εἰ
1118 4842 1174 4894 δὲ
1209 4846 1288 4905 εἰς
1316 4845 1611 4917 εύκτήριον
1656 4847 1838 4900 αὐτῶν

213 4921 598 4991 εῖσέρχεσθαι
629 4926 794 4995 εὐχῆς
823 4929 984 4999 χάριν
1005 4947 1019 4962 ·
1057 4933 1152 4984 καὶ¹
1182 4935 1231 4986 εξ
1266 4935 1348 4987 δεῖ
1375 4936 1472 5007 τὴν
1510 4938 1674 5004 ἁγίαν
1704 4941 1837 4992 ἁνα-

211 5014 423 5085 φορὰν
487 5017 548 5069 ἐν
603 5018 752 5088 αὐτῷ
801 5022 1071 5075 ἐπιτελεῖν
1127 5027 1266 5093 μετά
1323 5027 1460 5091 ἰδίας
1514 5031 1834 5103 τραπέζης;

211 5105 518 5175 οὐδαμῶς
573 5110 856 5182 ἑκάτερον.
898 5113 961 5167 Εἰ
1014 5116 1096 5169 δεῖ
1141 5119 1353 5190 χαίρειν
1396 5123 1600 5188 αὐτοῖς,
1632 5124 1832 5192 λέγειν,

207 5196 340 5256 καὶ
369 5197 744 5267 ἀσπάζεσθαις
777 5206 1064 5276 Οὐδαμῶς,
1095 5208 1170 5274 ὥς
1215 5228 1380 5282 φησιν
1401 5217 1430 5267 6
1465 5215 1640 5284 μέγας
1670 5216 1835 5272 Βασί-

205 5289 414 5352 λειος.
482 5291 540 5344 Ὀ
601 5293 808 5364 Κύριος
857 5298 1100 5353 ἐκώλυσε
1150 5302 1242 5355 τὸν
1293 5305 1473 5359 κοινὸν
1517 5308 1833 5378 ἀσπασμόν.

203 5382 418 5436 Ὠστε
467 5382 626 5436 τοῦτο
678 5389 821 5441 κατὰ
851 5390 1122 5458 σύμϐασιν
1143 5411 1155 5422 ·
1186 5395 1261 5457 ὼς
1287 5396 1342 5448 δὲ
1387 5397 1446 5462 ἐξ
1489 5399 1713 5470 ἀγάπης
1744 5402 1836 5453 καὶ

202 5471 456 5546 φιλίας,
487 5476 778 5543 φευκτέον·
817 5481 901 5534 ἵνα
934 5484 1195 5555 πληρωθῇ
1240 5488 1298 5540 ἐν
1331 5489 1526 5559 τούτῳ.
1574 5492 1688 5544 Οὐκ
1719 5491 1834 5545 ἔστι

198 5569 431 5637 λέγειν
469 5570 685 5641 χαίρειν
727 5574 839 5636 τοῖς
876 5576 1151 5632 ἀσεϐέσιν.
1185 5580 1307 5633 Elei
1343 5599 1490 5647 τινες
1519 5583 1627 5638 τῶν
1663 5601 1832 5655 μονα-

202 5658 514 5731 στηρίων,
565 5663 616 5715 οἳ
670 5663 795 5716 οὔτε
849 5665 1012 5739 λόγῳ,
1054 5670 1178 5725 οὒτε
1206 5671 1356 5744 ἔργῳ
1387 5675 1652 5746 συνῆλθον
1685 5681 1832 5751 φυγῆ

651 5756 924 5818 Parnm.
959 5765 1072 5824 Gn.
1109 5766 1319 5828 XCIX.

1950 4467 2030 4521 vel
2065 4467 2136 4522 ob
2167 4469 2388 4535 famem,
2414 4470 2496 4523 vel
2547 4469 2710 4524 etiam
2741 4469 2874 4524 citra
2907 4471 3288 4525 necessitatem
3321 4483 3412 4526 aut
3442 4486 3540 4540 per

1943 4559 2076 4623 vim,
2103 4559 2190 4612 alii
2223 4562 2629 4615 communicent
2650 4561 2741 4630 qui
2775 4557 3113 4617 orthodoxos
3143 4578 3204 4618 se
3234 4565 3536 4633 proﬁtean-

1944 4661 2052 4714 tur,
2079 4667 2148 4706 an
2177 4653 2298 4707 licet
2331 4668 2454 4707 cum
2487 4655 2606 4709 istis
2645 4655 2828 4708 cibum
2886 4671 3104 4710 sumere
3134 4650 3156 4708 ?
3190 4655 3349 4712 Nullo
3383 4674 3540 4728 pror-

1943 4757 2037 4797 sus
2059 4743 2261 4796 modo:
2292 4744 2396 4796 nisi
2431 4742 2571 4797 forte
2601 4745 2710 4798 sint
2737 4761 2800 4798 ex
2832 4745 3018 4799 intima
3047 4746 3203 4816 plebe
3231 4765 3245 4801 :
3278 4763 3380 4802 nec
3410 4764 3536 4818 pas-

1941 4836 2043 4890 sim
2092 4851 2156 4890 ac
2182 4838 2510 4906 promiscue,
2545 4837 2639 4892 sed
2681 4853 2813 4892 casu
2861 4839 3048 4908 aliquo
3073 4841 3410 4904 necessario,
3443 4858 3531 4896 se-

1939 4930 2045 4985 mel
2083 4939 2176 4985 aut
2209 4931 2430 4985 iterum.
2473 4930 2556 4984 An
2589 4931 2717 4985 licet
2744 4947 2936 4986 eorum
2973 4948 3145 4988 creua:
3175 4935 3440 5005 reliquias
3463 4954 3533 4991 cc

1939 5025 2288 5091 necessitate,
2334 5024 2419 5078 vel
2451 5025 2586 5078 citra
2614 5025 2993 5080 necessitatem
3046 5030 3241 5091 edere,
3272 5043 3338 5082 eo
3387 5031 3532 5098 quod

1939 5119 1994 5173 in
2059 5118 2146 5174 his
2213 5118 2431 5188 signum
2491 5118 2675 5173 crucis
2741 5119 2894 5187 prius
2942 5135 3261 5188 expressum
3302 5122 3430 5176 sit?
3471 5122 3532 5178 Si

1937 5210 2158 5282 quidem
2193 5225 2224 5264 a
2265 5211 2582 5275 sacerdote,
2619 5210 2845 5266 minime
2879 5229 2892 5265 :
2926 5211 3010 5265 siu
3045 5211 3253 5279 minus,
3306 5226 3532 5282 cogente

1935 5308 1984 5357 vi
2018 5305 2162 5358 sumi
2193 5312 2432 5374 Oportet.
2457 5305 2540 5357 An
2571 5304 2983 5359 licctorationis
3009 5319 3177 5360 causa
3205 5307 3528 5360 eorumdem

1935 5398 2235 5451 oratorium
2263 5395 2472 5467 ingredi
2506 5397 2530 5451 ?
2563 5412 2629 5452 ac
2663 5413 2790 5451 num
2825 5398 2950 5452 licet
2989 5407 3233 5454 Sanctam
3269 5399 3341 5451 ibi
3379 5398 3532 5452 obla-

1939 5489 2142 5542 tionem
2173 5503 2432 5558 peragere
2464 5503 2590 5542 cum
2640 5504 2832 5543 mensa
2874 5490 3092 5559 propria
3120 5486 3426 5542 ?Neutrum
3459 5490 3530 5542 li-

1936 5590 2042 5636 cet.
2081 5581 2165 5634 Au
2200 5579 2282 5636 fas
2314 5589 2399 5635 est
2426 5581 2688 5652 gratulari
2720 5581 2874 5650 ipsis,
2907 5580 3252 5635 confabulari
3283 5598 3406 5635 cum
3437 5583 3525 5645 iis,

1934 5673 2156 5734 eosdem
2205 5675 2492 5731 salutare?
2518 5674 2874 5746 Neutiquam,
2910 5683 2966 5728 ut
2995 5673 3071 5728 ait
3121 5689 3349 5745 magnus
3379 5675 3529 5730 Basi-

3121 5765 3198 5824 to

4029 561 4040 582 Ι

4035 899 4042 916 Δ

4035 1047 4054 1106 ,ξὲ

4039 1145 4054 1238 ἓ

4030 1247 4054 1278 ,.

4041 1291 4054 1330 ι

4043 1403 4054 1454 i

4043 1465 4054 1504 τ
