4054 6364
555 284 692 353 1259
900 282 910 297 ’
1745 285 1805 347 S.
1845 283 2240 346 THEODORI
2280 285 2628 348 ΞΤΠΒΙΤᾹΞ
3684 281 3816 347 Ῑῆθ

549 398 676 455 ltus.
745 396 1037 453 Communi
1118 395 1452 453 salutatione
1508 394 1774 450 Dominus
1831 394 2127 450 interdixit.

2235 393 2334 465 τὴν
2366 393 2644 466 σωτηρίαν
2672 391 3054 464 ποριζόμενοι·
3077 391 3173 447 καὶ
3198 391 3363 447 πάλιν
3390 391 3530 464 μετά
3558 392 3658 464 τὴν
3688 394 3823 447 ὑπο-

546 485 917 556 Quamobrem
972 481 1118 539 istud
1171 500 1240 539 ex
1287 483 1582 540 occasione
1628 482 1724 537 liat
1751 499 1765 536 :
1794 491 1855 537 ut
1900 498 2030 537 vero
2064 498 2127 537 ex

2233 485 2480 558 χώρησιν
2504 486 2614 539 τῶν
2635 483 2850 539 ἀσεϐῶν
2877 483 3438 554 ἀνθυποστρέφοντες.
3472 481 3546 537 Εὖ
3578 485 3647 538 ἂν
3678 485 3812 556 ἔχοι.

549 580 810 637 amicitia:
839 593 905 634 ac
957 577 1347 633 benevolentia}
1378 576 1799 649 signiﬁcatione,
1854 575 2127 631 declinan-

2234 578 2297 631 Εἰ
2328 577 2387 632 δὲ
2420 577 2516 632 καὶ
2548 575 2935 649 ὲλειτουργήθη
2988 578 3023 648 ἡ
3061 576 3359 649 Ἐκκλησία
3393 576 3500 630 ὑπὸ
3531 577 3646 630 τών
3683 580 3813 632 ἀσε-

546 673 680 729 dum
713 691 729 728 :
769 680 828 727 ut
854 671 936 727 sic
958 670 1104 725 istud
1140 669 1475 740 impleatur:
1507 668 1669 723 Nefas
1694 677 1780 724 est
1809 658 1992 724 dicere
2021 669 2134 724 A‘O

546 765 734 838 impiis
759 765 827 818 “.
888 761 1028 818 Sunt
1061 763 1283 834 quidem
1324 777 1356 833 e
1389 761 1786 817 monachorum
1835 771 1980 818 coetu
2036 761 2132 832 qui

545 874 727 929 neque
753 858 922 914 verbo
959 871 1139 927 neque
1168 870 1333 926 opere
1358 862 1789 920 consenserunt,
1824 854 1948 924 fuga
1981 855 2133 909 salu-

547 963 655 1010 tem
707 951 987 1008 consecuti
1024 967 1040 1005 :
1073 964 1404 1019 rursumque
1466 957 1587 1018 post
1640 948 2007 1005 secessionem
2061 948 2131 1003 ab

545 1043 733 1115 impiis
784 1060 846 1099 se
903 1042 1248 1099 subtraxere.
1288 1040 1455 1095 itecte
1495 1041 1680 1096 habet.
1730 1039 1785 1093 Si
1839 1049 2019 1094 autem
2061 1040 2130 1091 ah

543 1135 728 1208 impiis
758 1151 914 1191 sacra
942 1144 1161 1206 peracta
1191 1135 1301 1188 sint
1330 1133 1384 1187 in
1430 1130 1669 1188 Ecclesia
1728 1133 1912 1204 aliqua
1962 1133 2130 1187 semel

541 1231 826 1295 duntaxat,
867 1230 922 1284 in
950 1244 1071 1283 eam
1112 1227 1322 1298 ingredi
1358 1235 1612 1296 poterunt
1642 1226 1789 1283 solas
1858 1227 2131 1296 peracturi

541 1337 733 1394 preces
765 1339 781 1378 :
815 1322 861 1375 si
891 1336 1019 1375 vero
1046 1320 1268 1390 saepius,
1299 1319 1557 1374 secedant
1586 1319 1657 1374 ab
1679 1335 1743 1374 ea
1793 1319 2128 1389 longissime.

542 1411 847 1469 Saeculares
868 1411 1088 1481 quidam
1119 1425 1184 1465 ac
1210 1410 1463 1466 monachi
1484 1411 1819 1480 impietatem
1839 1410 2131 1466 vehemen-

543 1511 628 1559 ter
682 1503 1027 1557 detestantur
1080 1516 1146 1556 ac
1203 1500 1422 1567 lugent:
1453 1509 1674 1570 propter
1709 1502 1890 1555 minas
1946 1510 2130 1556 autem

542 1592 859 1664 impiorum,
893 1592 960 1646 ad
988 1606 1179 1646 eorum
1215 1607 1277 1647 se
1314 1593 1759 1646 communionem
1802 1593 2128 1663 adjnngunt,

2233 668 2366 733 ϐῶν,
2406 670 2454 723 εί
2487 668 2563 741 μὴ
2602 667 2781 733 ἅπαξ·
2817 668 3110 723 είσίτωσαν
3140 668 3518 734 ἐπιτελοῦντες
3565 672 3625 723 ὲν
3676 673 3815 742 αὐτῇ

2230 763 2333 826 τάς
2361 760 2670 832 προσευχὰς
2706 760 2867 831 μόνον
2886 776 2902 791 ⁶
2940 762 2988 814 εί
3027 759 3086 812 δὲ
3114 759 3397 825 πολλάκις,
3428 761 3815 833 ὑποχωρείτω·

2236 869 2332 906 σαν
2359 850 2564 923 ταύτης
2598 853 2807 924 πόῤῥω.
2836 851 3107 923 Κοσμικοί
3127 853 3271 917 τινές
3299 854 3439 907 εἰσιν
3464 854 3496 926 ἢ
3524 856 3618 908 καὶ
3650 872 3818 925 μονα-

2233 946 2339 1016 χοὶ,
2374 943 2617 1017 σφοδρῶς
2648 944 3067 1014 μυσαττόμενοι,
3103 944 3257 1013 ἢκαὶ
3290 946 3694 1018 ἀποδυρόμενοι
3718 946 3815 1010 τὴν

2233 1037 2490 1092 ἀσέϐειαν
2511 1055 2527 1071 ·
2558 1036 2646 1090 διὰ
2666 1036 2720 1090 δὲ
2743 1036 2841 1100 τὰς
2872 1036 3103 1100 ἀπειλὰς
3134 1037 3243 1091 τῶν
3269 1038 3444 1092 ἀθέων
3476 1041 3814 1110 προσέρχον-

2232 1149 2323 1185 ται
2355 1133 2421 1202 τῇ
2464 1130 2646 1184 αὐτῶν
2695 1131 2974 1203 κοινωνίᾳ,
3013 1133 3251 1201 οἰόμενοι
3282 1133 3454 1204 αὐτὴν
3487 1133 3817 1205 δηλητήριον

2233 1218 2396 1285 εἶναι,
2422 1222 2700 1276 αἰτοῦνται
2738 1223 2794 1276 δὲ
2840 1224 3007 1295 εὐχὴν
3047 1224 3189 1296 ὑπὲρ
3234 1224 3414 1279 αὐτῶν
3444 1226 3600 1295 ἡμᾶς
3640 1229 3817 1279 ποιεῖ-

2235 1316 2381 1369 σθαι.
2425 1316 2487 1368 Εἰ
2521 1314 2728 1380 ἔξεστιν
2757 1317 2941 1379 αὐτοῖς
2982 1316 3331 1385 μεταδιδόναι
3376 1315 3485 1370 τῶν
3515 1317 3679 1369 θείων
3711 1334 3817 1387 μυο

2234 1407 2475 1480 στηρίων
2504 1424 2522 1475 ;
2565 1408 2748 1480 Εὑχὴν
2776 1408 2877 1479 μὲν
2906 1407 3183 1461 ποιεῖσθαι
3201 1408 3341 1475 ἐξὸν,
3368 1408 3430 1461 οὗ
3466 1407 3573 1478 μὴν
3595 1408 3817 1474 μεταδι-

2230 1502 2398 1567 δόναι,
2425 1498 2527 1554 κᾶν
2567 1501 2596 1554 ὃ
2628 1518 2681 1554 τι
2713 1500 2944 1569 λέγωσιν
2977 1501 3011 1572 ἢ
3057 1502 3360 1571 πράττωσι.
3392 1502 3674 1572 Σταυροϋς
3720 1500 3817 1553 ἐὰν

2233 1590 2421 1644 ιστῶσι
2449 1589 2592 1644 κατά
2625 1591 2722 1654 τὰς
2757 1590 3087 1662 λεωφόρους,
3121 1593 3171 1645 εἰ
3211 1592 3294 1645 δεῖ
3345 1596 3707 1661 προσκυνεῖνς
3738 1592 3815 1645 Οὐ

544 1686 619 1741 ita
646 1700 743 1742 eos
768 1685 911 1741 allici
937 1701 1098 1755 posse
1127 1683 1401 1749 arbitrati,
1434 1700 1625 1754 preces
1660 1695 1842 1740 autem
1875 1686 1991 1741 ﬁeri
2028 1702 2127 1757 pro

2233 1681 2526 1737 κωλυτέον.
2559 1682 2621 1735 El
2642 1682 2724 1736 δεῖ
2743 1682 2852 1736 τῶν
2877 1683 3134 1737 τοιούτων
3162 1684 3261 1745 τάς
3298 1684 3617 1753 προσφορὰς
3648 1699 3818 1751 προσ-

540 1773 678 1847 ipsis
710 1791 741 1830 a
771 1777 929 1831 nobis
965 1775 1280 1846 eﬂlagitant.
1313 1775 1395 1829 An
1427 1776 1551 1831 licet
1578 1776 1666 1831 his
1696 1775 1883 1832 divina
1923 1790 2127 1849 myste-

2232 1773 2516 1845 κομίζεινς
2549 1773 2837 1842 Οὐδαμῶς.
2873 1774 3059 1828 Ταῦτα
3103 1770 3196 1829 οὗν
3238 1775 3315 1838 ώς
3360 1777 3389 1828 ὁ
3424 1774 3635 1846 Κύριος
3676 1775 3816 1827 κατᾶ

541 1868 624 1925 ria
659 1867 969 1938 impertiri?
998 1867 1188 1922 l’reees
1216 1867 1431 1938 quidem
1466 1883 1720 1938 peragere
1761 1869 1906 1933 licet,
1929 1869 2127 1939 imper-

2231 1865 2358 1920 νοῦν
2385 1867 2667 1936 ἐπήγαγεν
2693 1868 2844 1937 ἡμῖν,
2874 1866 3285 1936 ἐφθεγξάμεθα·
3318 1867 3381 1919 οὐ
3410 1865 3815 1938 νομοθετικῶς⁸

543 1958 636 2015 tiri
673 1974 803 2015 vero
834 1974 990 2016 sacra
1038 1974 1142 2014 non
1201 1959 1346 2019 licet,
1381 1959 1642 2030 quidquid
1694 1960 1770 2015 illi
1812 1961 2001 2019 dicant
2035 1971 2127 2018 aut

2230 1960 2354 2013 ἐπεὶ
2399 1958 2536 2030 μηδέ
2575 1963 2745 2030 ἐσμεν
2787 1959 2898 2013 τῶν
2934 1959 3368 2031 ἱεραρχούντωνο
3404 1958 3586 2012 αὐτῶν
3616 1959 3725 2028 γάρ
3756 1957 3818 2011 τὸ

541 2060 728 2126 agant.
759 2051 816 2108 Si
847 2069 1006 2109 secus
1032 2055 1173 2108 viam
1201 2053 1471 2122 publicam
1517 2068 1712 2109 cruces
1740 2054 1775 2109 ii
1800 2056 2121 2121 statuerint,

542 2159 616 2201 an
657 2154 789 2200 snut
846 2145 1140 2200 adorandae
1172 2144 1365 2199 lNihil
1420 2154 1584 2200 vetat.
1630 2147 1712 2201 An
1752 2148 1878 2202 licet
1931 2148 2127 2204 horum

540 2235 849 2292 oblationes
886 2250 1216 2291 consecrare
1242 2236 1265 2290 ?
1295 2235 1540 2297 Minime.
1571 2235 1698 2292 llaec
1729 2238 1896 2309 igitur
1920 2255 2021 2308 pro
2061 2256 2129 2296 eo

541 2341 611 2385 ac
644 2325 916 2383 Dominus
940 2327 997 2382 in
1029 2335 1269 2382 mentem
1298 2326 1506 2397 injecit,
1538 2328 1737 2384 elecuti
1759 2346 1952 2387 sumus
1977 2349 1993 2387 :
2021 2346 2128 2388 non

541 2424 702 2492 quasi
728 2422 1043 2477 saneientes
1074 2420 1245 2493 legem
1272 2439 1287 2476 :
1320 2436 1499 2492 neque
1547 2429 1694 2477 enlm
1731 2438 1798 2479 ex
1821 2424 2128 2481 antistitum

544 2533 777 2575 numero
818 2534 1035 2586 sumus,
1084 2500 1257 2591 penies
1289 2535 1433 2592 quos
1463 2531 1711 2592 potestas
1741 2530 1826 2576 est
1856 2523 2128 2579 condendi

543 2625 786 2668 canones
818 2612 956 2675 :sed
1007 2613 1301 2669 consilium
1329 2615 1544 2676 dantes,
1578 2614 1839 2684 quoniam
1881 2614 2128 2686 ejusdem

545 2705 828 2762 vobiscum
867 2706 1079 2763 ordinis
1102 2722 1296 2763 sumus
1324 2724 1339 2761 :
1370 2721 1437 2762 ac
1466 2714 1754 2777 propterea
1800 2707 1951 2778 quod
1974 2708 2010 2762 il
2032 2707 2131 2763 de-

545 2805 677 2854 sunt
701 2800 793 2869 qui
826 2808 1071 2856 statuere
1117 2815 1335 2855 summo
1358 2800 1485 2871 jure
1529 2799 1785 2867 debeant,
1815 2802 1924 2857 huc
1950 2816 1985 2857 ιι
2023 2817 2125 2858 νο-

542 2887 633 2951 bis
670 2892 847 2947 coacti
894 2893 1306 2949 descendimus.
1338 2892 1449 2950 Vos
1478 2907 1611 2950 vero
1630 2935 1647 2961 ,
1675 2894 1867 2951 Patres
1892 2897 2129 2952 sanctis-

543 2982 693 3051 simi,
718 2984 935 3040 veniam
996 2986 1143 3051 date,
1172 2986 1219 3041 si
1275 2985 1410 3056 quid
1466 2987 1520 3041 in
1550 2986 1832 3058 praedictis
1856 2986 2127 3058 displicet.

544 3071 915 3149 Praeterquam
949 3079 1093 3150 quod
1125 3078 1371 3135 medicus
1419 3087 1535 3135 tum
1567 3079 1741 3135 animi
1769 3087 1887 3135 tum
1930 3094 2130 3151 corpo-

2230 2050 2441 2105 τυποῦν
2504 2050 2849 2114 κανονικῶς’
2920 2052 3060 2106 ἀλλά
3112 2050 3630 2118 συμϐουλευτικώς,
3694 2049 3817 2101 ἐπεί

2231 2144 2399 2214 ἐσμεν
2424 2141 2552 2215 ὑμῖν
2577 2145 2867 2213 ὁμοταγεῖς
2889 2144 2985 2198 καὶ
3010 2145 3199 2215 ἐπειδὴ
3226 2144 3285 2211 ἐξ
3312 2144 3551 2214 ἀπορίας
3571 2142 3681 2195 τῶν
3707 2143 3821 2213 ἱερ⁴

2231 2234 2475 2306 αρχικῶς
2532 2234 2856 2304 ὀφειλόντων
2890 2235 3177 2290 τυπώσαι·
3236 2236 3681 2307 ἀναγκασθέντες
3722 2234 3822 2305 ἀφ’

2233 2327 2387 2398 ὑμῶν
2432 2326 2776 2397 ἐληλύθαμεν
2814 2329 2895 2392 είς
2937 2327 3116 2383 τοῦτο.
3161 2328 3354 2399 Ὑμεῖς
3395 2329 3476 2391 δὲ,
3523 2329 3821 2397 ἁγιώτατοι

2232 2419 2515 2493 Πατέρες,
2537 2422 2837 2489 σύγγνωτε,
2872 2420 2927 2473 εἴ
2963 2421 3017 2474 τί
3049 2423 3200 2476 ἐστιν
3244 2423 3559 2493 ἀπαρέσκον
3587 2421 3718 2489 ὑμῖν
3762 2422 3823 2471 ἐν

2229 2513 2345 2574 τοῖς
2376 2513 2710 2584 εἰρημένοις.
2747 2513 2894 2585 Πλὴν
2931 2513 3014 2567 ὅτι
3057 2514 3088 2567 6
3139 2514 3319 2585 ἰατρὸς
3362 2514 3459 2567 καὶ
3506 2512 3684 2583 ψυχῆς
3720 2511 3822 2564 καὶ

2233 2600 2508 2674 σώματος,
2548 2606 2647 2660 καὶ
2678 2603 2974 2676 προσώπου
3008 2605 3291 2676 ποιότητα,
3326 2607 3421 2660 καὶ
3459 2601 3655 2674 καιροῦ
3689 2602 3823 2656 ἰδιό-

2228 2708 2389 2765 τητα,
2421 2693 2536 2760 ἕξιν
2560 2710 2621 2747 τε
2661 2694 2757 2748 καὶ
2798 2693 2990 2758 πάθος,
3016 2694 3248 2763 δύναμιν
3292 2711 3352 2748 τε
3386 2694 3479 2746 καὶ
3520 2693 3818 2761 ἀδράνειαν

2231 2782 2553 2856 ὲπιτηροίη*
2586 2784 2681 2838 καὶ
2713 2782 2857 2838 οὕτω
2903 2784 3252 2856 φαρμακεύοι
3286 2784 3383 2837 καὶ
3420 2786 3602 2837 ἰᾶται·
3640 2781 3821 2837 ἐλλεί-

2229 2873 2506 2959 ψεσιοκαὶ
2566 2875 2909 2948 προσθήκαις
2959 2872 3278 2945 χρώμενος·
3333 2874 3370 2929 ἃ
3423 2875 3480 2926 ὲν
3531 2871 3820 2943 κεφαλαίῳ

2231 2988 2551 3061 περιλαϐεῖν
2577 2989 2677 3061 οὐχ
2711 2984 2825 3045 οἷόν
2855 3006 2918 3043 τε
2954 2989 3284 3054 κανονικῶςι
3322 2989 3397 3054 ώς
3440 2991 3534 3044 καὶ
3572 2989 3739 3042 αὐτοὶ
3766 2989 3819 3042 oi

2231 3083 2380 3153 ἅγιοι
2409 3082 2654 3154 Πατέρες
2684 3081 2841 3153 ἡμῶν
2863 3081 3156 3153 ὡρίσαντο.

542 3168 646 3235 ris,
673 3179 728 3224 et
755 3184 1005 3239 persona:
1066 3171 1411 3241 qualitatem,
1472 3182 1530 3228 et
1591 3172 1853 3241 temporis
1909 3172 2398 3245 opportunitatem,
2447 3175 2716 3241 habitum,
2774 3171 3028 3238 affectus,
3074 3175 3245 3239 vires,
3276 3174 3823 3243 imbecillitatemque

542 3262 946 3331 contemplatur
982 3281 997 3317 :
1028 3272 1084 3319 et
1114 3263 1196 3319 sic
1226 3264 1467 3320 remedia
1500 3265 1725 3320 coniicit
1750 3254 2116 3337 adhibetque:
2156 3268 2539 3324 medicamenti
2577 3268 2799 3323 modum
2870 3282 3016 3324 nunc
3054 3282 3285 3339 augens.
3334 3283 3478 3323 nunc
3509 3268 3775 3321 minuens
3804 3284 3822 3322 :

542 3363 669 3419 quae
726 3366 838 3406 uno
893 3353 1074 3423 capite
1102 3368 1168 3409 ac
1197 3370 1399 3426 genere
1453 3357 1844 3427 comprehendi
1868 3359 1974 3416 rite
2011 3374 2123 3416 non
2161 3369 2438 3431 possunt:
2468 3360 2929 3431 quemadmodum
2961 3360 3067 3430 ipsi
3124 3376 3348 3432 quoque
3377 3362 3551 3416 Sallt‘ti
3611 3359 3818 3417 Patres

541 3439 721 3496 nostri
749 3439 1104 3499 deﬁnierunt.

1036 3557 1100 3615 L.
1130 3588 1201 3600 —
1227 3556 1468 3615 Luciano
1505 3556 1642 3628 ﬁlio.

2620 3558 2709 3616 N'.
2739 3589 2809 3603 ε-
2838 3561 3150 3630 Λουκιανῷ
3180 3563 3390 3632 τέκνῳ.
3428 3559 3599 3636 ιτνδπ]

1282 3670 1563 3723 Ρσωίιειιιί
1584 3669 1949 3723 absolutionem
1981 3673 2287 3739 imperatur.
2324 3675 2527 3739 (Baron.
2560 3688 2641 3725 an.
2673 3673 2785 3736 816,
2816 3688 2868 3724 n.
2903 3674 3005 3737 t9.)

612 3771 761 3831 Deus
787 3786 976 3833 noster
1009 3779 1253 3850 optimus
1275 3820 1292 3848 ,
1322 3795 1449 3836 cum
1481 3780 1736 3837 humanae
1758 3792 1969 3839 naturae
2024 3783 2132 3838 im-

539 3864 896 3924 becillitatem
952 3871 1192 3935 noverit,
1231 3870 1465 3943 ﬁerique
1502 3872 1778 3927 interdum
1813 3881 1892 3938 ut,
1930 3889 2131 3945 quam-

540 3956 629 4015 vis
658 3956 931 4016 inoﬂ‘enso
949 3960 1090 4031 pede
1120 3961 1334 4034 ingredi
1353 3962 1554 4035 aliquis
1571 3964 1840 4030 videatur,
1873 3966 1919 4022 is
1948 3978 2129 4022 tamen

542 4042 594 4106 Si
625 4051 867 4108 remittat
890 4051 1208 4121 paululum,
1242 4069 1353 4125 quo
1398 4055 1573 4111 nescit
1609 4057 1774 4112 modo
1802 4058 2127 4129 dejiciatur:

540 4140 744 4213 insigni
770 4142 1110 4215 benignitate
1140 4144 1518 4214 paenitentiam
1550 4146 1701 4203 dedit
1734 4189 1751 4214 ,
1781 4164 1905 4220 quae
1942 4149 2127 4204 homi-

542 4247 669 4287 nem
688 4247 735 4288 .a
802 4233 962 4302 lapsu
1015 4242 1284 4302 revocet,
1331 4235 1690 4306 restitnatque
1734 4235 1790 4289 in
1828 4236 2125 4305 integrum,

539 4322 993 4396 Quandoquidem
1032 4325 1199 4397 igitur
1229 4336 1282 4382 et
1325 4327 1464 4398 ipse,
1498 4326 1669 4382 frater
1726 4327 1824 4393 mi,
1872 4328 2128 4382 similiter

541 4414 821 4472 oti‘endisti
848 4458 866 4483 ,
898 4432 964 4472 ac
996 4418 1286 4473 laudabilis
1336 4418 1675 4488 pwniteutia}
1706 4428 1921 4489 tempus
1946 4420 2129 4489 exple-

540 4509 609 4565 sti
644 4524 660 4573 ;
699 4507 900 4563 acerbo
935 4510 1103 4562 animi
1135 4509 1344 4572 dolore,
1376 4509 1727 4581 profusisque
1756 4510 2012 4582 lacrymis
2069 4519 2128 4565 ut

536 4599 746 4670 accepi,
776 4607 1003 4654 exorato
1026 4598 1136 4655 Deo
1160 4617 1176 4667 ;
1219 4615 1367 4655 nunc
1392 4614 1524 4655 vero
1552 4600 1948 4655 absolutionem
1979 4601 2128 4654 ema-

535 4692 680 4763 gitas
712 4709 725 4746 :
754 4693 831 4763 (1)
889 4692 1353 4766 qnemadmodum
1396 4703 1451 4748 et
1500 4693 1570 4746 ab
1614 4707 1902 4748 (nconomo
1951 4701 2005 4747 et
2058 4693 2126 4748 ab

534 4789 814 4843 mconomi
845 4789 1053 4844 vicario
1077 4787 1449 4855 significatum
1481 4784 1615 4839 mihi
1644 4795 1767 4839 est:
1798 4786 1936 4839 hanc
1960 4785 2126 4839 habe-

531 4886 594 4933 ιο
632 4895 662 4934 a
694 4879 945 4947 Domino,
996 4890 1051 4935 et
1094 4880 1225 4947 eris,
1280 4879 1356 4934 [ili
1401 4878 1495 4944 uti,
1520 4878 1589 4932 ab
1620 4878 1889 4933 hodierno
1916 4879 2004 4933 die
2036 4895 2125 4933 sa-

537 4985 665 5035 nus,
706 4976 763 5025 in
786 4970 1007 5027 Christo
1037 4974 1304 5043 gaudens,
1337 4978 1392 5025 et
1420 4970 1474 5025 in
1508 4970 1626 5040 ipso
1659 4985 1923 5040 prospere
1952 4971 2120 5024 vitam

2318 3784 2377 3839 Ὀ
2426 3784 2632 3854 ἀγαθὸς
2678 3783 2838 3855 ἡμῶν
2865 3782 3018 3847 Θεὸς,
3052 3783 3209 3848 εἰδὼς
3236 3783 3296 3838 τδ
3324 3784 3423 3855 τῆς
3462 3783 3829 3856 ἀνθρωπίνης

2232 3873 2450 3944 φύσεως
2481 3873 2778 3937 εὐόλισθον,
2807 3875 2900 3927 καὶ
2927 3875 3008 3927 ὃτι
3044 3874 3094 3926 εί
3119 3875 3216 3927 καὶ
3243 3873 3391 3927 δοκεῖ
3416 3892 3495 3937 τις
3524 3875 3828 3942 κατορθῶν

2230 3964 2587 4036 πορεύεσθαι,
2623 3966 2697 4029 ὡς
2724 3967 2824 4018 οὑκ
2852 3960 2961 4018 οἶδε
2991 3964 3187 4035 μικρὸν
3222 3965 3543 4036 ρᾳθυμήσας
3571 3966 3830 4016 ὑποσκε-

2228 4056 2471 4121 λίζεται·
2528 4055 2927 4127 φιλανθρώπως
2988 4058 3302 4128 ἐδωρήσατο
3344 4057 3442 4127 τὴν
3491 4057 3823 4126 μετάνοιαν,

2229 4147 2682 4219 ἀνακαλουμένην
2713 4149 2801 4200 τὸν
2836 4148 3124 4220 ἄνθρωπον
3154 4149 3252 4221 τῆς
3282 4148 3560 4209 πτώσεως,
3600 4149 3697 4202 καὶ
3734 4150 3825 4211 εἰς

2227 4243 2290 4297 τὸ
2319 4244 2472 4312 ὑγιὲς
2496 4243 2972 4297 ἀποκαθιπιῦσαν.
3011 4244 3162 4296 Ἐπεὶ
3193 4238 3288 4296 οὖν
3319 4244 3411 4296 καὶ
3444 4241 3627 4304 αὐτὸς,
3660 4241 3830 4294 ἀδελ-

2229 4336 2297 4405 φέ
2328 4355 2457 4406 μου,
2495 4335 2769 4397 πέπονθας
2801 4334 2829 4388 ὃ
2863 4334 3155 4397 πέπονθας,
3195 4337 3289 4387 καὶ
3330 4334 3421 4387 τὸν
3460 4334 3557 4402 τῆς
3594 4332 3825 4397 ἀξιολό-

2228 4445 2328 4498 γου
2355 4429 2644 4499 μετανοίας
2669 4426 2860 4498 καιρὸν
2896 4426 3283 4497 πεπλῆρωκας,
3320 4423 3488 4494 πολλῇ
3515 4422 3825 4487 κατανύξει

2229 4522 2326 4576 καὶ
2352 4521 2630 4583 πλείστοις
2652 4521 2937 4592 δάκρυσιν,
2969 4519 3044 4582 ob;
3075 4519 3311 4588 ἀκήκοα,
3336 4516 3412 4579 ὡς
3439 4514 3785 4584 ἐξιλεωσᾶμε

2227 4631 2316 4678 νος
2340 4614 2430 4666 τὸν
2456 4612 2618 4666 Θεόνο
2654 4612 2969 4683 ὲπιζητοίης
3000 4611 3058 4664 δὲ
3086 4610 3210 4682 ἄρτι
3235 4608 3388 4660 λύσιν
3414 4625 3428 4639 ·
3455 4606 3597 4660 καθά
3625 4606 3714 4659 διά
3758 4624 3827 4658 τε.

2227 4704 2321 4758 τοῦ
2366 4705 2652 4772 οἰκονόμου
2698 4704 2791 4757 καὶ
2836 4701 2928 4757 τοῦ
2964 4700 3366 4774 παροικονόμου
3409 4699 3653 4770 ἐδηλώθη
3693 4716 3824 4768 μοι.

2228 4797 2328 4868 Εἴη
2362 4814 2442 4850 σοι
2468 4797 2608 4866 αὕτη
2641 4797 2784 4868 παρὰ
2816 4794 3021 4862 Κυρίου
3044 4813 3056 4824 ·
3084 4796 3179 4848 καὶ
3206 4794 3302 4865 ἔσῃ
3339 4791 3596 4861 ὑγιαίνων
3626 4791 3691 4842 ὲκ
3718 4787 3826 4842 τοῦ

2225 4887 2407 4959 δεῦρο,
2455 4889 2539 4940 υἱὲ
2587 4905 2712 4958 μου,
2766 4889 2859 4941 καὶ
2903 4888 3108 4960 χαίρων
3157 4888 3215 4939 ἐν
3256 4885 3503 4956 Χριστῷ,
3536 4886 3633 4937 καὶ
3676 4900 3829 4936 κατ’·

2226 4978 2586 5050 ευοδούμενος
2629 4984 2684 5034 ὲν
2737 4981 2928 5051 αὐτῷ*
2989 4980 3186 5050 μηκέτι
3244 4978 3583 5049 συμπίπτειν
3633 4976 3831 5036 διδους

534 5078 724 5135 agens,
755 5074 811 5120 ut
850 5083 915 5120 ne
946 5068 1175 5137 posthac
1203 5064 1426 5121 decidas
1457 5062 1693 5133 obligata
1728 5063 1961 5117 Domino
1992 5063 2117 5128 ﬁde,

2230 5070 2428 5139 ἐγγύας
2467 5071 2546 5143 τῷ
2588 5073 2853 5144 Δεσπὸτῃ,
2892 5070 3027 5124 ἀλλὰ
3056 5072 3313 5140 θνήσκειν
3348 5068 3491 5140 ὑπὲρ
3523 5066 3708 5129 αὐτοῦ,
3736 5064 3829 5127 ὡς

535 5157 629 5211 sed
656 5171 756 5225 pro
788 5157 909 5227 ipso
942 5168 1171 5213 mortem
1200 5157 1388 5221 obeas,
1421 5155 1883 5227 quemadmodum
1919 5166 1973 5209 et
2006 5156 2122 5224 ipse

535 5262 635 5318 pro
682 5257 736 5303 te
791 5249 1034 5320 pertulit.
1086 5252 1256 5305 Antea
1310 5251 1474 5320 igitur
1500 5266 1598 5321 per
1630 5248 1840 5305 litteras
1884 5249 2115 5316 ejnlans,

531 5339 793 5410 indignus
816 5341 962 5409 licet,
982 5342 1063 5397 sic
1091 5349 1141 5396 te
1163 5342 1559 5411 compellabam
1586 5358 1601 5395 :
1622 5340 1815 5407 Adam,
1839 5340 1929 5393 ubi
1952 5356 2004 5395 es
2029 5338 2118 5395 "‘2

601 5453 650 5487 ⁸⁸
683 5454 725 5510 ll
757 5453 919 5512 Joan.
950 5457 1039 5513 ll).
1116 5454 1162 5489 ⁴⁹
1189 5454 1327 5513 Gen.
1362 5471 1445 5521 ut,
1475 5454 1531 5510 9.

2226 5160 2323 5212 καὶ
2380 5162 2544 5226 αὐτὸς
2581 5162 2722 5233 ὑπὲρ
2764 5161 2858 5215 σοῦ
2901 5160 3091 5216 ἔπαθε.
3140 5160 3414 5233 Πρότερον
3446 5159 3550 5230 μὲν
3577 5154 3669 5211 οὖν
3718 5155 3829 5208 διὰ.

2225 5265 2259 5317 γ
2270 5252 2381 5323 ράμ
2389 5270 2558 5322 ματος
2576 5256 2603 5306 ὁ
2624 5252 2839 5317 ἀνάξιος
2854 5253 3023 5308 κλαυθ
3032 5270 3102 5324 μυ
3110 5252 3279 5324 ρικῶς
3302 5251 3650 5322 ἐφθεγξάμην
3664 5247 3827 5315 πρὸς

2224 5342 2287 5395 σέ
2309 5358 2325 5374 ο
2358 5343 2550 5415 Ἀδὰμ,
2575 5342 2693 5398 ποῦ
2716 5339 2806 5409 ei;
2829 5345 2927 5417 τὴν
2954 5344 3103 5400 θείαν
3127 5344 3310 5416 φωνὴν
3330 5341 3577 5396 ὑπειπών
3597 5355 3611 5370 ο
3632 5338 3730 5392 δια
3752 5335 3829 5391 τὸ

2049 5546 2284 5608 NOTAE.

604 5665 685 5733 (1)
720 5664 875 5742 Hanc
899 5666 1331 5742 absolutionem,
1364 5663 1594 5742 minime
1632 5667 2092 5742 sacramentalem
2126 5668 2361 5739 explicat
2397 5667 2562 5727 Joan.
2595 5666 2881 5742 Jejunator
2918 5671 2976 5728 in
3011 5668 3196 5728 libello
3244 5665 3609 5727 Pmiitmtiali
3644 5666 3825 5735 apud

528 5732 692 5794 Joan.
725 5738 1000 5795 Moratum
1038 5740 1089 5793 in
1115 5734 1513 5794 Commentario
1542 5732 1605 5789 de
1642 5733 1981 5795 Pa’uilenu'a.
