4054 6364
201 225 333 331 126i

1391 252 1931 320 EPISTOLARUM
1975 253 2124 314 LIB.
2181 253 2267 314 II-

3340 251 3476 317 12632

199 375 257 443 ἐξ
283 373 493 447 ὑψηλοῦ
526 358 588 431 σε
618 375 735 449 βίου
759 375 928 431 οίονεὶ
957 371 1393 447 παραδεισιακοῦ
1421 369 1782 427 ἐκπεπτωκέ-

1910 368 1987 426 )ei
2016 382 2206 425 vocem
2251 366 2559 435 inculcans,
2587 366 2737 438 quod
2774 381 2843 423 ex
2880 363 3102 421 sublimi
3132 365 3253 420 vitm
3283 381 3483 435 genere

198 483 310 522 vat.
341 466 458 522 Νῦν
486 466 545 521 δὲ
578 468 885 532 ἀναγκαῖον
925 460 1308 534 ἀποτολμῆσαι
1340 476 1409 534 με
1450 459 1545 515 τὸν
1584 458 1791 516 τάλανα

1910 477 2156 534 auquam
2173 476 2241 518 ex
2266 461 2522 533 paradiso
2541 459 2869 517 escidisses.
2901 458 3059 515 Nunc
3090 473 3221 514 vero
3255 474 3481 515 necesse

198 556 295 613 καὶ⁵
310 559 508 613 είπεϊνο
534 558 744 631 Εἰρήνη
768 575 874 626 σοι,
895 556 1130 621 ἀνάστα,
1151 555 1389 627 Χριστὸς
1409 552 1644 608 κελεύεν
1663 550 1791 623 ζῆθι

1910 562 1971 610 ist
2026 554 2299 610 miserum»
2342 566 2436 608 me
2488 551 2751 607 audacter
2789 565 2856 606 ac
2893 548 3282 617 libereldicere
3317 565 3333 604 :
3366 546 3480 606 Pax

199 648 279 715 είς
298 649 497 706 αἰῶνα.

406 763 539 821 NA‘.
561 792 633 807 --
659 763 978 833 Ἀλσενέκᾳ
1012 762 1533 836 πρωτοσπαθαριᾳ.
1609 758 1789 835 [τνζν.]

1892 643 1993 701 tibi
2025 662 2039 700 :
2068 659 2327 717 exsurge,
2356 643 2611 702 Christus
2635 641 2792 714 jubet
2820 659 2837 696 :
2867 641 2925 697 in
2960 649 3230 698 azternum
3258 640 3409 697 vive.

2177 754 2264 814 LI.
2288 786 2357 800 --
2384 756 2661 812 Albenecw
2702 754 3164 827 protospatharite.

797 895 1116 949 Renuntiare
1148 895 1333 948 saeculo
1355 898 1647 960 cupientem
1664 896 1815 948 docet
1831 908 1945 977 quo.
1959 899 2106 958 pacto
2126 894 2177 945 id
2199 891 2470 958 impetrare
2489 907 2517 944 a
2536 895 2714 945 marito
2733 893 2907 957 pOssit.

282 1025 521 1093 Ἐξένισέ
545 1043 616 1100 με
638 1026 702 1083 τὸ
727 1026 968 1100 γράμμα
998 1025 1099 1097 τῆς
1120 1024 1408 1094 εὐγενείας
1431 1041 1527 1078 σου
1555 1025 1656 1080 οὐκ
1679 1023 1791 1078 ὀλί-

201 1134 327 1188 γον*
360 1116 509 1174 οὕτω
541 1119 640 1191 μὲν
691 1118 757 1174 ἐκ
800 1116 1055 1189 φιλοθέου
1099 1116 1331 1189 καρδίας
1377 1114 1787 1188 ὐπαγορευθένο

200 1210 347 1266 οῦτω
380 1210 439 1265 δὲ
485 1210 595 1265 ὑπὸ
648 1208 1124 1282 συντετριμμένης
1169 1208 1265 1262 καὶ
1314 1205 1794 1279 τεταπεινωμένης

199 1303 501 1367 διαθέσεως
530 1302 775 1375 πραχθέν
793 1317 808 1334 ο
838 1300 982 1355 ὥστε
1015 1301 1099 1365 δὶς
1128 1300 1222 1355 ἐπὶ
1244 1299 1306 1355 τὸ
1328 1300 1463 1355 αὐτὸ
1489 1299 1797 1369 ἀναγνόντα

206 1413 278 1468 με
309 1395 607 1464 ἐπιλέγειν.
634 1394 732 1458 Τίς
755 1393 852 1448 καὶ
877 1392 1040 1448 ὁποία
1067 1393 1163 1448 καὶ
1184 1393 1344 1466 ἡλίκη
1378 1394 1414 1465 ἠ
1452 1391 1600 1465 ψυχὴ
1634 1391 1798 1464 αῦτη,

208 1489 238 1560 ἢ
281 1486 457 1540 ταῦτα
513 1484 863 1557 φθεγγομένη
911 1485 1051 1557 πρός
1081 1502 1150 1558 με
1173 1488 1269 1541 τὸν
1299 1486 1687 1560 ταλαίπωρον;
1722 1486 1803 1552 ὡς

201 1578 262 1633 δὲ
334 1578 430 1634 καὶ⁵
481 1578 636 1648 παρὰ
690 1578 789 1633 τοῦ
847 1578 1330 1652 γραμματηφόρου
1376 1580 1653 1653 ἀνηγγέλη
1708 1597 1801 1652 μοι

202 1672 353 1747 ἅπερ
415 1671 568 1744 ζώσῃ
630 1673 783 1744 φωνῇ
848 1671 1093 1744 παρέθου
1144 1671 1298 1743 αὑτῷ
1352 1673 1628 1740 ἐξειπεῖν’
1675 1674 1801 1729 τότε

201 1764 308 1820 καὶ
367 1763 571 1836 μᾶλλον
606 1763 859 1835 ἠγάσθην
903 1763 1049 1828 λίαν,
1093 1764 1192 1817 καὶ
1238 1763 1467 1830 ἐδόξασα
1511 1764 1607 1819 τόν
1659 1765 1799 1836 ἁγα-

1962 1025 2052 1081 Me
2074 1023 2267 1080 litterae
2306 1021 2613 1078 nobilitatis
2629 1031 2737 1077 tua:
2763 1019 2909 1077 haud
2932 1020 3280 1076 mediocriter
3293 1036 3487 1091 percn-

1894 1117 2009 1174 lere
2041 1133 2055 1172 :
2089 1124 2220 1173 sunt
2256 1117 2406 1171 enim
2443 1123 2555 1170 tam
2588 1114 2850 1186 religioso
2898 1113 3068 1168 animi
3100 1113 3300 1169 affectu
3323 1113 3492 1170 dicta-

1894 1218 1988 1278 ta,
2016 1218 2128 1266 tam
2178 1208 2376 1265 intimo
2407 1208 2486 1280 pii
2541 1207 2751 1263 doloris
2777 1221 2946 1264 sensu
2974 1205 3261 1274 confecta,
3294 1215 3356 1263 ut
3391 1207 3490 1263 iis-

1896 1305 2020 1360 dem
2046 1304 2245 1361 iterum
2280 1302 2536 1376 perlectis
2566 1302 2621 1357 in
2672 1301 2821 1357 hanc
2860 1301 3099 1373 denique
3136 1308 3328 1357 vocem
3358 1316 3491 1355 eru-

1897 1396 2071 1468 perim
2105 1414 2120 1453 2
2149 1395 2283 1464 Quae
2307 1402 2363 1452 et
2386 1394 2587 1466 qualis,
2614 1402 2670 1450 et
2691 1401 2896 1466 quanta
2933 1394 3115 1450 anima
3139 1403 3242 1459 est,
3267 1409 3387 1464 quze
3421 1391 3491 1448 ad

1899 1503 1989 1545 me
2046 1488 2321 1545 infelicem
2380 1488 2484 1543 ista
2534 1486 2827 1559 perscribit
2862 1487 2887 1539 ἲ
2929 1483 3004 1542 Iit
3065 1502 3197 1542 vero
3240 1486 3494 1541 nuntiata

1900 1588 2033 1635 sunt
2059 1578 2193 1635 mihi
2227 1595 2258 1635 a
2286 1579 2569 1636 tabellario
2598 1593 2664 1636 ea
2696 1594 2820 1650 quae
2851 1576 2974 1633 viva
3008 1591 3140 1633 voce
3174 1585 3234 1632 ut
3272 1590 3490 1631 mecum

1898 1672 1992 1728 ille
2026 1672 2463 1728 communicaret
2497 1670 2772 1728 mandasti
2820 1687 2836 1739 ;
2872 1679 3004 1727 tunc
3059 1683 3192 1725 vero
3235 1667 3497 1739 obstupui

1903 1765 2079 1822 multo
2117 1765 2516 1831 vehementius,
2561 1775 2618 1822 et
2645 1764 2863 1820 laudavi
2909 1762 3081 1818 Deum
3115 1770 3366 1819 nostrum
3396 1777 3497 1833 op-

203 1856 303 1912 θδν
351 1834 513 1929 μῶν
563 1855 720 1924 Θεὸν,
777 1834 838 1921 ὃς
899 1855 1196 1911 ὲνέπνευσέ
1249 1873 1332 1911 σοι
1390 1855 1637 1913 τοιοῦτον
1679 1834 1798 1913 δια-

1910 1861 2097 1916 timum
2129 1858 2225 1930 qui
2257 1858 2364 1914 tale
2409 1858 2505 1914 tibi
2531 1858 2871 1930 propositum
2906 1856 2963 1911 in
3010 1863 3252 1911 mentem
3287 1854 3494 1927 injecit,

201 1949 496 2020 λογισμὸν,
554 1947 655 2004 καὶ
711 1948 794 2012 είς
856 1944 1018 2020 ἔργον
1076 1944 1250 2018 αὐτὴν
1305 1948 1644 2019 προαγαγεῖν
1699 1948 1799 2019 ἐφ·

206 2059 253 2097 ιε
260 2043 455 2114 μένην.

200 2126 205 2131 ’
274 2134 443 2203 Μέγα
459 2130 752 2205 τοιγαροῦν
778 2134 840 2187 τδ
857 2130 1021 2204 ἔργον
1045 2131 1076 2186 δ
1094 2131 1465 2207 ἑπεπόθησας,
1489 2132 1678 2206 κυρία,
1702 2130 1800 2191 καὶ

200 2223 320 2278 τῶν
355 2222 710 2279 δυσανύστων
731 2239 749 2257 ο
779 2221 843 2276 οὐ
879 2222 1047 2294 μόνον
1071 2222 1161 2278 διὰ
1203 2222 1268 2278 τὸ
1324 2222 1533 2295 ὑψηλὸν
1574 2227 1675 2279 καὶ
1700 2225 1799 2282 οὐ·

205 2316 396 2388 ράνιον
421 2316 518 2371 τοῦ
545 2316 663 2389 βίου
702 2315 892 2388 (οὐδὲν
915 2315 1026 2389 γάρ
1053 2316 1183 2372 ἄλλο
1207 2319 1242 2391 ἡ
1269 2317 1541 2392 άποταγὴ,
1566 2319 1600 2390 ἢ
1637 2335 1805 2374 σταυ-

207 2409 310 2482 ροῦ
345 2410 442 2464 καὶ
461 2409 697 2465 θανάτου
742 2408 1055 2481 ἐπαγγελία
1075 2408 1157 2482 τῷ
1213 2427 1282 2482 γε
1329 2411 1604 2484 ἀληθινῶς
1635 2414 1804 2484 μονά-

206 2519 373 2561 σαντι
394 2506 436 2571 ),
467 2504 607 2559 ἀλλὰ
634 2505 731 2560 καὶ
752 2504 843 2559 διὰ
868 2504 933 2559 τὸ
957 2505 1203 2562 δεδέσθαι
1228 2522 1289 2561 σε
1311 2508 1493 2581 ἀνδρίο
1516 2503 1688 2580 οὗπερ
1703 2508 1804 2582 οὐχ

204 2596 285 2660 ὡς
317 2596 507 2668 ἔτυχεν
537 2597 656 2652 ἐστι
689 2597 1099 2671 διαζευχθῆναι,
1121 2599 1212 2654 διὰ
1238 2601 1301 2654 τὸ
1318 2599 1685 2657 θεοσύναπτόν
1718 2619 1804 2658 σοι

213 2686 366 2745 εἶναι
405 2691 671 2763 δηλονότι.
720 2689 820 2756 Τίς
858 2686 954 2747 οῦν
1005 2692 1427 2765 ἀποσυνάψειεν,
1454 2694 1490 2766 ἢ
1530 2694 1730 2767 δηλαδὴ
1774 2697 1805 2750 ό

221 2782 473 2852 συνάψας
494 2824 511 2850 ,
545 2784 641 2838 ἐπὶ
683 2783 909 2854 μείζονα
939 2785 1285 2857 ἡπειγμένην
1315 2772 1604 2858 προελθεῖν
1648 2786 1806 2841 πολι-

209 2874 375 2930 τοίαν
403 2892 421 2941 ;
458 2878 550 2930 Δεῖ
574 2871 670 2931 οῦν
719 2875 971 2949 καθάπερ
993 2879 1030 2949 ἡ
1057 2876 1290 2949 διαταγὴ
1318 2878 1416 2932 τοῦ
1452 2878 1611 2949 ἁγίου
1640 2880 1807 2933 Βασι-

205 2968 365 3022 λείου
392 2968 608 3040 πρῶτον
636 2969 707 3025 τά
735 2970 874 3040 πρὸς
898 2969 993 3024 τὸν
1019 2969 1295 3041 ὁμόζυγον
1315 2966 1376 3026 εὖ
1405 2971 1711 3028 διαθέσθαι.
1739 2972 1806 3028 Τί

206 3061 415 3131 τοῦτο;
477 3061 909 3135 ’Δπογυμνῶσαι
960 3063 1055 3118 τὸν
1085 3063 1348 3136 λογισμὸν
1379 3066 1479 3136 τῆς
1519 3067 1761 3137 ἐφέσεως
1786 3083 1804 3100 ο

1899 1945 2159 2022 idemque
2190 1958 2243 2006 te
2266 1947 2583 2021 perﬁciendi
2618 1948 2916 2020 cupiditate
2946 1945 3211 2003 incendit.

1969 2131 2228 2205 Magnum
2284 2130 2476 2203 utique
2531 2129 2792 2202 quiddam
2853 2137 2940 2186 est
2998 2130 3148 2200 quod
3199 2130 3496 2202 expetiisti,

1899 2226 2148 2290 domina,
2205 2232 2261 2282 et
2289 2225 2544 2290 arduum,
2580 2240 2692 2281 non
2743 2224 2912 2280 modo
2964 2235 3192 2296 prepter
3251 2227 3498 2285 «:(nlestis

1901 2319 2070 2392 hujus
2105 2318 2231 2374 vita:
2271 2318 2712 2385 sublimitatem;
2749 2315 2886 2373 nihil
2918 2318 3064 2372 enim
3104 2316 3252 2375 aliud
3288 2336 3497 2375 renun-

1903 2412 2059 2469 tiatio
2116 2419 2224 2477 est,
2281 2426 2451 2483 quam
2500 2410 2688 2468 crucis
2740 2426 2806 2467 ac
2876 2412 3074 2469 mortis
3150 2411 3498 2469 denuntiatio

1902 2504 1950 2559 ei
2013 2502 2110 2573 qui
2171 2517 2298 2559 vere
2351 2502 2662 2559 monachus
2720 2502 3075 2572 sit;'verum
3126 2504 3292 2561 etiam
3352 2507 3499 2577 quod

1915 2595 1994 2654 sis
2012 2611 2138 2653 cum
2173 2597 2296 2653 viro
2318 2596 2598 2669 copulata,
2623 2612 2655 2653 a
2683 2612 2796 2667 quo
2827 2596 3010 2653 divelli
3043 2612 3302 2667 maguum
3325 2612 3503 2671 nego-

1903 2687 2043 2745 tium
2086 2697 2192 2757 est,
2261 2697 2552 2761 propterea
2608 2689 2757 2758 quod
2789 2689 2986 2745 ambos
3017 2689 3270 2745 videlicet
3297 2705 3500 2747 conso-

1905 2781 2136 2838 ciaverit
2192 2780 2423 2838 Deus”.
2472 2780 2611 2849 Quis
2653 2797 2788 2853 ergo
2832 2782 3147 2856 disjunget‘.’
3181 2783 3306 2855 Ipse
3336 2785 3503 2841 nitui-

1905 2888 2029 2930 rum
2065 2873 2161 2945 qui
2192 2873 2505 2942 conjunxit,
2536 2873 2632 2946 qui
2665 2875 2918 2946 progredi
2950 2877 3099 2947 cogit
3133 2876 3202 2932 ad
3237 2884 3508 2947 praestant-

1906 2968 2019 3025 tius
2074 2970 2201 3025 vitae
2242 2969 2581 3026 institutum.
2633 2969 2873 3028 Necesse
2919 2981 3007 3029 est
3045 2972 3232 3044 igitur,
3262 2990 3330 3030 ex
3361 2990 3503 3045 pra:-

1907 3061 2113 3132 scripto
2159 3062 2334 3119 sancti
2368 3062 2578 3128 Basilii,
2612 3079 2678 3119 ea
2710 3063 2946 3134 primum
2979 3081 3103 3136 quae
3131 3068 3199 3123 ad
3233 3068 3496 3124 maritum

208 3155 500 3222 ὑποδεῖξαι
557 3155 622 3209 τὸ
664 3153 762 3212 τοῦ
823 3154 1037 3226 κόσμου
1074 3156 1309 3227 μάταιον
1340 3158 1443 3210 καὶ
1477 3157 1766 3228 ὀνειρῶδες
1789 3173 1804 3188 ·

1910 3160 2162 3223 spectant
2218 3163 2371 3209 recte
2436 3154 2718 3224 componi.
2780 3154 2926 3222 Quid
2981 3155 3127 3211 istud
3185 3159 3312 3214 est?
3365 3158 3506 3226 Quid

207 3247 290 3313 ὡς
317 3248 475 3303 οὐδὲν
511 3248 740 3319 μόνιμον
766 3248 826 3302 ὲν
840 3248 1013 3320 αὐτῷ,
1046 3249 1187 3305 ἀλλὰ
1218 3249 1568 3322 παρατρέχον
1600 3248 1690 3304 ἴσα
1716 3253 1811 3307 καὶ

211 3343 425 3407 σκιαῖς,
460 3341 566 3397 κᾶν
593 3342 892 3414 περιχαρὲς
936 3359 1015 3410 τι,
1067 3342 1173 3397 κᾶν
1211 3342 1636 3409 ἀπολαυστικὸν,
1703 3344 1810 3400 κᾶν

207 3432 541 3498 πολύολϐον,
569 3433 674 3488 κᾶν
719 3433 989 3504 ὲνὴδονον,
1023 3433 1126 3489 κάν
1189 3433 1434 3506 βασιλεία
1459 3435 1623 3506 αὐτή.
1665 3434 1812 3490 Ὦσεὶ

208 3524 384 3588 ἄνθος
410 3526 518 3594 γὰρ
538 3524 634 3579 τοῦ
646 3524 825 3594 ἀγροῦ
850 3525 1032 3579 πάντα
1063 3525 1389 3596 ἀφίπτατσι.
1422 3526 1533 3581 Kal.
1556 3527 1619 3579 οὐ
1651 3526 1812 3581 τοῦτο

210 3617 390 3687 μόνον
413 3632 427 3645 ·
457 3616 596 3671 άλλά
647 3617 742 3672 καὶ
782 3619 960 3688 κρῖμα
976 3617 1357 3688 ἀπαραίτητον
1390 3618 1485 3671 ἐπὶ
1511 3617 1625 3671 τῶν
1641 3635 1811 3688 προσ-

208 3707 412 3773 staﬁda;
441 3707 729 3778 ζησάντων
762 3710 822 3762 ὲν
850 3709 931 3778 τῷ
964 3707 1198 3780 παρόντι
1229 3707 1412 3773 αίῶνι,
1441 3709 1537 3763 καὶ
1569 3709 1644 3779 μὴ
1668 3710 1813 3765 κατὰ

204 3801 319 3866 τὰς
350 3800 577 3865 ἐντολὰς
607 3799 704 3856 τοῦ
731 3799 975 3873 Χριστοῦ
1000 3816 1015 3832 ο
1065 3801 1207 3872 ὅπερ
1250 3802 1491 3875 ἐργῶδες
1524 3803 1811 3858 ἐκτελέσαι

208 3897 275 3949 εν
297 3894 382 3964 τῷ
411 3894 574 3962 κοινῷ
598 3893 719 3966 βίῳ.
747 3894 935 3950 Ταῦτα
986 3895 1245 3965 λάλησον,
1271 3895 1684 3967 παρακάλεσον,
1713 3899 1812 3951 ὲκ-

210 3983 488 4056 μείλιξαι,
530 3984 607 4050 ὡς
653 3985 721 4040 ἂν
760 3987 1012 4053 πείσειας
1041 3987 1205 4043 αὐτὸν
1245 3987 1683 4060 συναιρήσασθαί
1725 4003 1811 4042 σοι

204 4079 311 4132 τὸν
349 4078 555 4132 σκοπὸν
575 4078 678 4151 τῆς
709 4079 1021 4152 ἁποταγῆς⁸
1060 4080 1124 4136 Τί
1156 4079 1269 4151 γὰρ
1302 4076 1495 4148 οἶδας,
1526 4081 1682 4152 φησὶ,
1706 4081 1812 4152 115-

202 4187 344 4235 ναι,
384 4172 439 4225 ει
461 4170 569 4225 τὸν
618 4171 812 4240 ἄνδρα
839 4173 1110 4239 σώσεις;
1144 4174 1255 4228 Καὶ
1286 4173 1447 4229 τοῦτο
1489 4176 1583 4229 ἐπὶ
1613 4176 1810 4246 χρόνον

209 4262 434 4318 ἱκανόν.
469 4264 582 4318 Kai.
608 4266 658 4320 εί
677 4266 778 4336 μὲν
811 4266 1142 4334 συνέλθοιεν,
1177 4263 1237 4322 εὖ
1254 4267 1322 4325 ἂν
1347 4267 1463 4338 ἔχοι
1484 4283 1503 4302 ·
1536 4272 1588 4324 εί
1622 4268 1681 4323 δὲ
1709 4268 1808 4341 μὴ,

204 4355 343 4411 τότε
369 4357 423 4409 εί
456 4355 714 4410 τοσοῦτον
742 4358 975 4412 ἀνάπτει
1002 4375 1064 4413 σε
1091 4360 1121 4413 ὁ
1149 4357 1288 4413 Θεοῦ
1322 4358 1510 4424 πόθος,
1543 4360 1809 4432 πράττεις

201 4448 285 4503 τὰ
332 4446 569 4513 δόξαντά
611 4464 717 4514 σοι,
751 4450 848 4503 καὶ
882 4450 959 4524 μὴ
1015 4449 1347 4522 βουλομένου
1385 4451 1483 4506 τοῦ
1515 4451 1805 4524 όμόζυγος.

1912 3244 2128 3302 consilii
2163 3246 2397 3316 ceperis,
2428 3246 2686 3316 aperire:
2728 3262 2894 3319 quam
2938 3249 3051 3304 sint
3088 3264 3179 3306 res
3216 3251 3508 3308 mundana:

1913 3340 2106 3396 inanes
2147 3354 2215 3396 ac
2262 3339 2465 3396 somnii
2494 3340 2731 3407 similes,
2781 3357 3123 3413 suggerere:
3158 3353 3216 3399 ut
3249 3345 3386 3400 nihil
3420 3346 3509 3402 hic

1912 3430 2080 3488 ﬁxum
2110 3432 2182 3488 sit
2209 3447 2277 3489 ac
2301 3431 2519 3500 stabile,
2550 3432 2688 3489 nihil
2722 3448 2832 3489 non
2857 3433 3035 3491 instar
3056 3435 3262 3492 umbrae
3289 3447 3511 3508 praeter-

1913 3524 2052 3592 iens,
2093 3524 2452 3594 quantumvis
2492 3524 2800 3595 jucundum
2860 3527 2998 3583 illud
3040 3537 3368 3600 gratumque
3411 3530 3505 3591 sit.

1910 3617 2319 3688 quantumlibet
2354 3615 2642 3673 felicitatis
2670 3617 2865 3675 aﬂ‘erat
2891 3636 2958 3676 ac
2985 3622 3304 3692 voluptatis.
3339 3625 3426 3679 vel
3458 3625 3507 3679 si

1914 3718 2157 3780 potestas
2209 3710 2358 3781 regia
2413 3708 2605 3767 fuerit.
2656 3709 2795 3767 Nam
2848 3713 3000 3769 velut
3040 3714 3142 3770 llos
3174 3717 3290 3786 agri
3318 3719 3506 3773 omnia

1912 3812 2268 3858 evanescunt.
2332 3800 2524 3874 Neque
2589 3804 2697 3859 hoc
2754 3805 2985 3861 solum:
3024 3807 3123 3863 sed
3155 3818 3211 3864 et
3233 3809 3507 3878 judicium

1913 3890 2256 3947 inexorabile
2283 3890 2392 3946 erit
2413 3905 2631 3957 eorum,
2658 3892 2756 3962 qui
2778 3892 2832 3947 in
2854 3895 3109 3963 praesenti
3139 3910 3256 3953 mvo
3289 3897 3507 3956 vitiosis

1913 3982 2198 4041 ati‘ectibus
2226 3983 2498 4055 inquinati
2529 3984 2792 4052 vixerint,
2824 3999 2927 4042 nec
2958 3987 3264 4045 secundum
3296 3988 3508 4050 Christi

1910 4082 2181 4147 pracepta
2213 4093 2230 4131 ι
2258 4075 2313 4130 id
2344 4076 2493 4144 quod
2534 4074 2852 4147 perdililcile
2886 4086 2976 4135 est
3008 4078 3070 4135 in
3101 4082 3352 4140 saeculari
3373 4084 3506 4141 vita.

1911 4165 2040 4225 Ilaec
2065 4167 2308 4239 loquere,
2339 4167 2654 4235 adhortare,
2678 4170 2974 4227 verborum
2992 4172 3259 4230 blanditia
3281 4175 3505 4258 adhibe,

1910 4269 1974 4318 ut
2025 4261 2303 4326 animum]
2330 4261 2382 4317 is
2428 4261 2655 4319 inducat
2702 4263 3136 4323 renuntiationis
3156 4269 3508 4339 propositum

1910 4369 2021 4412 una
2066 4363 2245 4411 tecum
2278 4354 2555 4425 amplecti.
2605 4353 2757 4411 Unde
2800 4358 2943 4412 enim
2969 4359 3099 4425 scis,
3131 4359 3337 4431 inquit,
3386 4379 3507 4417 nm-

1911 4447 2032 4513 tier,
2050 4445 2096 4501 si
2124 4447 2296 4502 virum
2322 4446 2528 4502 salvum
2582 4446 2751 4518 facies
2770 4448 2855 4502 "‘2
2898 4449 2967 4505 Et
3004 4449 3153 4506 istud
3179 4451 3248 4507 ad
3292 4461 3510 4524 tempus

218 4538 401 4603 'AM',
431 4537 508 4604 ὡς
534 4540 882 4612 προείρηται,
901 4540 1294 4608 δυσεξάνυστον
1320 4543 1382 4597 τὸ
1409 4546 1645 4615 πρᾶγμα
1669 4562 1684 4577 ⁸
1716 4546 1807 4600 καὶ

1916 4540 2051 4595 satis
2070 4548 2175 4595 est;
2209 4539 2291 4596 Ac
2324 4539 2372 4595 si
2411 4538 2636 4610 quidem
2686 4540 2779 4596 ille
2826 4543 3191 4609 consenserit,
3232 4544 3375 4602 belle
3410 4545 3515 4603 ba-

202 4632 466 4703 μάλιστα
498 4634 559 4686 ἐν
586 4634 708 4697 ταῖς
736 4632 834 4688 τοῦ
859 4634 1106 4706 διωγμοῦ
1144 4637 1385 4708 ἡμέραις
1404 4653 1419 4667 ο
1453 4638 1549 4692 καὶ
1576 4638 1663 4692 ὅτι
1690 4638 1815 4709 οὐχὶ

198 4725 465 4797 τυχοῦσα
492 4725 652 4797 αὑτὴ,
697 4727 836 4782 ἀλλὰ
882 4728 992 4783 τῶν
1018 4728 1427 4801 ὑπερεχουσῶν,
1459 4730 1555 4785 καί
1583 4747 1649 4800 γε
1705 4729 1816 4783 τῶν

200 4816 507 4888 συναίμων
548 4819 614 4890 τῇ
676 4818 1057 4891 βασιλευούσῃ.
1105 4820 1220 4890 Ἐφ’
1352 4824 1448 4874 καὶ
1510 4821 1815 4892 θαυμάζειν

196 4911 340 4966 ἔστί
367 4927 486 4974 πως
505 4912 565 4964 ὲν
593 4913 661 4983 τῇ
695 4910 838 4981 ἄγαν
869 4911 1085 4985 εὐδοξίᾳ
1126 4912 1222 4967 τοῦ
1271 4915 1399 4986 τῇδε
1429 4914 1572 4984 βίου,
1606 4914 1815 4985 ταύτην

195 5003 655 5075 βδελυσσομένη,
707 5004 808 5076 τὴν
864 5005 1199 5059 ταπείνωσιν
1244 5006 1481 5077 Χριστοῦ
1532 5007 1815 5072 ἐπιποθεῖς

195 5094 575 5149 ἐνδύσασθαι.
637 5096 948 5167 Εὐλογητὸς
972 5097 1184 5169 Κύριος
1215 5100 1246 5152 ὁ
1274 5098 1418 5153 οῦτω
1448 5099 1684 5153 πείθων*
1716 5101 1816 5154 καὶ

190 5189 331 5258 γὰρ
370 5187 510 5259 πρὸς
537 5187 637 5260 τὴν
662 5190 756 5243 τοῦ
791 5191 929 5244 Θεοῦ
955 5190 1115 5256 δόξαν
1154 5190 1231 5256 ὡς
1285 5193 1502 5263 ἀληθῶς
1537 5192 1816 5265 βδέλυγμά

191 5284 343 5334 ἐστι
370 5280 442 5333 τά
468 5279 654 5348 ἔνδοξα
698 5281 794 5337 τοῦ
847 5283 1082 5354 ματαίου
1125 5284 1264 5356 βίου.
1312 5285 1480 5356 Ἐχου
1511 5287 1690 5339 τοίνυν
1717 5285 1812 5339 τοῦ

191 5369 515 5427 καλλίστου
541 5372 660 5439 βίου
700 5391 816 5429 σου.
878 5376 1090 5431 Ἀκοὺω
1128 5378 1240 5450 γὰρ
1289 5372 1377 5432 οἶα.
1413 5378 1810 5450 ἀγαθουργείς·

189 5464 314 5519 καὶ
349 5461 472 5525 πῶς
501 5464 773 5535 ἁφιεμένη
801 5468 904 5532 τὰς
935 5468 1226 5537 βασιλικάς
1258 5469 1547 5541 διατριϐάς
1566 5512 1579 5535 ,
1616 5471 1814 5541 σχολά-

191 5555 338 5621 Cat;
379 5554 438 5605 ὲν
476 5553 645 5627 ἑαυτῇ
675 5556 770 5611 καὶ
796 5558 854 5610 ἐν
883 5560 1146 5629 ⁸ἀγαθοίς.
1179 5560 1339 5614 Ἐστι
1378 5564 1485 5632 γὰρ
1519 5564 1616 5613 καὶ
1646 5562 1706 5616 ὲν
1735 5560 1815 5632 τῷ

278 5728 345 5763 ⁸ο
414 5726 608 5789 Matth.
669 5750 785 5803 nr,
818 5738 871 5792 θ.
972 5725 1218 5797 "lCor.
1261 5754 1360 5809 vn,
1410 5739 1500 5795 16.

1916 4632 2007 4687 bet
2036 4649 2050 4686 :
2083 4631 2169 4688 sin
2201 4633 2407 4693 minus.
2448 4641 2581 4687 tunc
2606 4632 2651 4687 si
2692 4642 2745 4688 te
2769 4633 2865 4689 Dei
2904 4643 3091 4691 tantus
3129 4650 3288 4692 amor
3316 4638 3509 4694 incen-

1911 4724 2012 4792 dit,
2041 4723 2095 4778 id
2128 4723 2331 4779 ellicies
2350 4722 2500 4794 quod
2533 4723 2746 4779 libitum
2777 4726 2905 4790 erit,
2937 4726 3022 4781 vel
3048 4726 3222 4783 invito
3250 4728 3507 4800 conjuge.

1916 4817 2021 4871 Sed
2061 4831 2152 4870 res
2195 4830 2282 4879 ea,
2330 4824 2393 4869 ut
2449 4815 2661 4871 dictum
2716 4825 2802 4872 est
2861 4826 3043 4885 antea,
3082 4820 3317 4874 multum
3344 4821 3512 4876 habet

1912 4909 2252 4965 diliicultatis
2278 4924 2343 4964 ac
2376 4909 2621 4965 laboris:
2655 4912 2958 4978 praesertim
2992 4926 3127 4967 vero
3159 4918 3507 4983 persecutio-

1916 5001 2003 5056 nis
2025 5010 2272 5069 tempore
2306 5017 2318 5054 :
2349 5011 2405 5054 et
2438 5000 2587 5070 quod
2616 5015 2727 5055 non
2759 5002 3014 5071 quaelibet
3043 5018 3075 5058 e
3110 5005 3265 5075 plebe
3287 5007 3384 5071 sis,
3415 5007 3510 5062 sed

1914 5092 2261 5162 eprimariis
2309 5100 2367 5147 et
2426 5091 2774 5164 principibus
2824 5092 3066 5162 feminis,
3121 5112 3188 5152 ac
3248 5097 3512 5169 Augusue

1913 5186 2364 5256 consanguineis.
2424 5183 2581 5242 Unde
2638 5195 2693 5242 et
2742 5187 2933 5243 mirari
2967 5189 3119 5245 subit
3147 5191 3511 5260 quemadmo-

1913 5279 2046 5335 dum
2096 5280 2154 5333 iu
2212 5290 2323 5334 tam
2372 5279 2681 5335 abundanti
2724 5280 2853 5337 vitae
2904 5284 3194 5355 praesentis
3216 5283 3411 5352 gloria,
3445 5298 3511 5338 ea

1913 5372 2223 5442 repudiata,
2242 5371 2449 5429 Christi
2480 5372 2847 5431 humilitatem
2864 5375 3093 5433 induere
3123 5378 3508 5446 concupiscas.

1921 5467 2248 5523 Benedictus
2280 5466 2547 5523 Dominus
2579 5483 2612 5523 a
2657 5470 2915 5538 quohaec
2960 5470 3160 5541 injecta
3189 5484 3346 5525 mens
3377 5479 3462 5525 est
3493 5486 3508 5524 :

1922 5576 2048 5618 vere
2103 5561 2250 5618 enim
2309 5576 2420 5630 pra:
2480 5560 2577 5617 Dei
2607 5560 2805 5632 gloria,
2859 5562 3227 5623 abominanda
3283 5576 3373 5618 res
3428 5571 3512 5617 est
