4054 6364
527 273 667 336 12ὃ3

1730 269 1792 329 S.
1823 268 1926 328 ΤΗ
1934 267 2219 330 ΕΟΒΟΒΙ
2259 268 2606 331 STUDITAS

3679 276 3808 338 lilii

519 387 792 458 quidquid
843 393 925 441 est
994 385 1048 440 in
1105 385 1208 440 hac
1240 384 1388 438 iuani
1441 383 1550 437 vita
1599 381 1927 452 gloriosum.
1979 380 2127 438 Tene

2233 379 2332 452 βίῳ
2375 381 2647 452 σωθῆναι,
2695 383 2792 438 καὶ
2827 384 2968 458 μετὰ
3003 385 3234 458 ἀνδρόςο
3270 388 3366 440 καὶ
3397 387 3565 442 πάλιν
3593 388 3734 459 πρὸς
3759 392 3817 444 τδ

525 482 695 552 igitur
749 490 903 536 tuum
949 478 1219 546 optimum
1265 478 1391 532 vitze
1430 476 1764 532 institutum.
1807 476 1926 531 Tua
1967 477 2114 530 enim

518 573 664 630 facta
704 575 941 630 illustria
997 574 1182 636 audio,
1239 582 1295 626 ct
1350 569 1816 641 quemadmodum
1866 570 2116 626 abdicata

519 665 832 736 principum
897 663 1293 728 familiaritate,
1359 661 1455 716 tibi
1509 660 1600 715 uni
1649 675 1714 714 ac
1739 659 1907 714 rebus
1955 659 2120 715 bonis

2217 471 2370 542 ἑξῆς,
2421 473 2498 536 ῶς
2528 475 2557 526 ὁ
2601 472 2806 546 Κύριος
2864 475 3206 540 caesam“,
3239 475 3386 531 οὕτω
3431 481 3529 531 καὶ
3555 479 3812 550 διαγίνῃ,

2220 568 2298 640 μὴ
2337 565 2589 620 λυποῦσα
2635 567 2728 621 τὸν
2775 567 3072 639 ὁμόζνυγον,
3109 569 3246 624 ἀλλὰ
3277 568 3481 639 μᾶλλον
3515 574 3815 640 κατακάμ-

2215 678 2432 716 πτουσα
2462 661 2552 714 διὰ
2578 661 2678 732 τῆς
2710 660 2898 714 ἐνθέου
2923 661 3223 732 διαγωγῆς.
3258 666 3395 736 Περὶ
3423 665 3525 736 τῆς
3550 665 3815 734 ἀδελφῆς,

518 775 700 816 vaces.
745 757 882 812 Nam
911 769 965 812 et
995 759 1051 811 in
1077 758 1185 812 isto
1214 755 1339 810 vitae
1362 767 1562 824 genere
1585 752 1820 808 salutem
1851 753 2117 822 consequi

2233 755 2502 827 ἰεδήλωκα
2525 755 2664 827 αὐτῇ
2690 756 2752 809 τὸ
2781 757 3200 828 παριστάμενον
3235 776 3348 826 μοι.
3367 758 3507 828 Περὶ
3531 756 3630 810 τοῦ
3668 759 3815 809 οἰκο-

519 863 697 922 potes,
725 852 888 906 etiam
926 865 1053 904 cum
1092 849 1210 901 vim
1245 863 1258 898 :
1309 845 1505 899 deinde
1529 852 1714 898 autem
1750 844 2112 914 subsequenti

2233 849 2388 920 νόμου
2431 847 2528 902 καὶ
2575 849 2868 920 ἀγαπητοῦ
2920 849 3148 916 τέκνου,
3184 850 3416 904 πλεῖστά
3447 867 3532 903 σοι
3568 852 3811 918 ἀπευχα-

519 955 786 1015 tempore,
823 955 882 998 ut
911 939 1277 997 fortunaverit
1305 937 1591 998 Dominus,
1626 936 1706 991 sic
1735 943 1790 991 et
1824 952 1975 1006 ages,
2014 952 2115 992 nec

2233 939 2433 1013 ριστῶ,
2485 942 2796 1012 συμπαθῶς
2849 943 3169 1016 ἐπειχθείσῃ
3213 941 3366 1015 [cod.
3418 942 3549 1013 Reg.
3589 942 3816 1012 ἐπιχθέ-

521 1038 702 1092 virum
730 1036 1088 1101 contristaus,
1127 1034 1221 1088 sed
1255 1030 1442 1101 potius
1463 1028 1746 1084 inﬂectens
1778 1027 1963 1082 divina
1987 1043 2118 1083 con—

2233 1030 2366 1104 στῃ]
2397 1031 2536 1104 πρὸς
2565 1033 2752 1088 αὐτόν.
2787 1033 2988 1104 Εὖροις
3016 1034 3165 1098 ἔλεος
3200 1035 3357 1106 παρὰ
3383 1035 3603 1108 Κυρίῳ.

526 1130 858 1187 versatione.
903 1127 980 1184 De
1000 1141 1214 1193 sorore,
1233 1123 1536 1196 signiﬁcavi
1565 1123 1616 1178 ei
1650 1136 1763 1192 quo
1798 1136 1887 1176 res
1917 1121 2191 1178 meaeloco
2219 1135 2428 1182 essent.
2461 1127 2535 1181 De
2558 1140 2852 1182 (economo
2884 1128 3104 1196 liliaque
3128 1127 3508 1191 dilectissimo,
3544 1127 3820 1183 maximas

533 1225 629 1280 tibi
663 1225 867 1294 gratias
893 1238 1018 1292 ago,
1049 1218 1199 1291 quod
1227 1217 1379 1272 omni
1403 1232 1530 1272 eum
1565 1215 1926 1273 humanitatis
1963 1214 2146 1274 cilicio
2190 1217 2271 1274 sis
2299 1229 2617 1290 prosecuta.
2651 1218 2698 1274 Δ
2727 1218 2962 1275 Domino
2989 1220 3429 1275 misericordiam
3450 1234 3818 1290 consequare.

950 1313 1058 1369 Lll.
1099 1345 1171 1355 ——
1213 1312 1406 1367 Maria:
1438 1311 1682 1365 moniali.

2579 1311 2711 1367 NB'.
2752 1343 2825 1353 ——
2859 1313 3056 1381 Μαρίᾳ
3079 1311 3450 1382 μοναζῢύσῃ.

1203 1407 1315 1458 Non
1350 1404 1616 1469 improbat,
1641 1406 1775 1468 quod
1797 1403 2171 1468 persecutionis
2195 1413 2334 1456 metu
2353 1406 2448 1458 sub
2470 1406 2694 1456 saeculari
2723 1405 2900 1458 habitu
2924 1408 3130 1456 lateret.

594 1495 726 1568 Legi
762 1495 1086 1551 reverentiae
1120 1502 1228 1550 tuae
1257 1494 1600 1558 scliedulam,
1631 1507 1697 1547 ac
1738 1492 1888 1562 pium
1920 1491 2122 1546 consi-

2307 1494 2579 1562 Ἀνέγνων
2619 1509 2715 1546 σου
2740 1493 2842 1564 τὴν
2883 1492 3078 1562 τιμίαν
3106 1489 3404 1562 συλλαϐὴν,
3446 1491 3544 1546 καὶ
3569 1491 3824 1561 ἐπέγνων

521 1588 658 1643 lium
718 1585 1011 1642 intellexi:
1051 1584 1200 1657 quod
1251 1584 1398 1640 idem
1459 1599 1585 1640 cum
1637 1584 1797 1637 beato
1829 1583 1924 1636 illo
1961 1581 2123 1636 Patre

2233 1602 2319 1639 που
2349 1586 2443 1640 τὸν
2477 1585 2678 1659 εὐσεϐῆ
2713 1586 3011 1655 λογισμόν·
3045 1586 3129 1639 ὅτι
3169 1588 3270 1657 τῆς
3305 1585 3480 1655 αὐτῆς
3513 1585 3595 1656 τῷ
3633 1603 3819 1657 μακα-

523 1681 867 1752 propositum
931 1679 1134 1735 habeas
1202 1691 1427 1749 propter
1485 1675 1766 1731 Christum
1828 1676 2117 1748 patiendi:

2233 1679 2329 1751 ρίῳ
2363 1679 2560 1751 ἐκείνῳ
2606 1680 2787 1750 Πατρὶ
2818 1678 3119 1742 διαθέσεως
3151 1677 3468 1738 ἀκολούθως
3501 1678 3650 1747 ἔχεις
3679 1680 3824 1749 ὑπὲρ

521 1775 689 1845 idque
735 1772 864 1843 jure
914 1773 1166 1842 optimo:
1219 1782 1281 1826 ut
1330 1770 1508 1840 palam
1540 1770 1631 1836 sit,
1694 1784 1854 1824 unam
1906 1770 2125 1839 utrique

2233 1770 2465 1841 Χριστοῦ
2496 1771 2730 1841 πάσχειν
2750 1789 2764 1803 ο
2815 1772 2910 1824 καὶ
2939 1772 3204 1834 εἰκότως·
3243 1770 3331 1822 ἵνα
3365 1773 3508 1841 φανῇ
3539 1771 3625 1824 ὅτι
3655 1772 3691 1841 ἡ
3727 1773 3824 1840 μία

522 1883 744 1923 carnem
775 1876 829 1922 et
862 1875 1100 1921 mentem
1153 1881 1318 1919 unam
1375 1880 1519 1925 esse.
1575 1879 1676 1918 nec
1709 1873 1762 1918 te
1800 1864 2118 1933 discrepare

523 1961 648 2016 lide.
713 1957 825 2014 Deo
882 1959 1050 2029 igitur
1097 1967 1281 2029 grates
1335 1956 1580 2028 agendae,
1635 1957 1732 2028 qui
1768 1971 1868 2010 vos
1920 1955 2014 2021 ita,
2048 1971 2115 2010 ex

535 2043 712 2123 ipsius
735 2064 884 2107 metu
914 2060 971 2106 et
1006 2066 1214 2117 amore,
1256 2050 1525 2120 disjunxit
1567 2049 1800 2104 invicem
1839 2049 2116 2120 Evangelii

523 2145 726 2217 gladio,
760 2143 942 2216 quoad
987 2158 1229 2213 corpus;
1278 2159 1612 2211 rursumque
1655 2157 1765 2200 uno
1815 2143 2013 2212 Spiritu
2053 2156 2119 2196 ac

523 2255 715 2304 sensu,
752 2237 935 2310 quoad
979 2238 1225 2292 animum
1266 2238 1630 2292 conSOciavit.
1676 2235 1897 2290 Enitere
1927 2236 2117 2304 igitur,

522 2333 746 2386 domina
798 2346 942 2394 mea,
977 2339 1037 2386 ut
1079 2329 1276 2399 aequali
1327 2345 1451 2384 Cllll'l
1492 2343 1559 2382 (ιο
1588 2329 1908 2384 conditione
1954 2329 2120 2400 digna

522 2425 830 2488 ccnsearis,
884 2433 946 2477 ut
988 2423 1100 2478 illic
1137 2423 1317 2478 eidem
1359 2437 1646 2488 occurras,
1679 2431 1741 2477 ut
1774 2423 1854 2476 sis
1883 2437 2009 2476 cum
2053 2438 2122 2478 eo

525 2532 762 2587 semper,
812 2518 990 2587 ipsum
1038 2516 1267 2586 eligens,
1320 2525 1379 2570 ut
1435 2517 1552 2585 ipse
1599 2523 1654 2570 te
1702 2515 1884 2586 elegit.
1914 2515 2121 2586 Insigni

523 2611 670 2664 enim
710 2609 980 2664 charitate
1033 2623 1224 2663 curam
1275 2606 1367 2662 ille
1417 2607 1694 2677 ingentem
1726 2607 1780 2662 in
1817 2607 1996 2662 salute
2031 2616 2124 2662 tua

523 2701 869 2773 procuranda
901 2701 1167 2771 suscepit,
1212 2701 1681 2771 quemadmodum
1709 2710 1765 2756 et
1799 2700 1917 2770 ipse
1943 2702 2070 2758 novi
2106 2717 2120 2755 :

524 2809 652 2850 nam
685 2795 730 2848 is
777 2793 1068 2848 humilitati
1127 2807 1264 2850 mea:
1316 2801 1581 2862 tanquam
1615 2791 1728 2848 lilio
1759 2808 1860 2848 sua
1905 2793 2121 2862 negotia

525 2885 994 2941 communicabat.
1027 2882 1186 2953 Quod
1227 2893 1450 2955 propter
1487 2883 1890 2956 persecutionis
1915 2885 2128 2940 diliicil—

527 2977 656 3032 lima
715 2987 1002 3048 tempora,
1081 2977 1465 3034 dissimulandi
1535 2993 1726 3044 causa,
1801 2977 2126 3033 srecularem

525 3081 752 3127 externo
793 3073 982 3127 habitu
1015 3081 1273 3128 ornatum
1316 3071 1483 3141 geris,
1531 3071 1696 3142 idque
1750 3072 1992 3138 modice,
2027 3087 2129 3126 nec

525 3166 620 3219 diu
657 3183 672 3221 :

527 3258 838 3315 necessaria
876 3277 890 3313 :
933 3259 988 3311 in
1037 3271 1200 3312 onine
1236 3271 1369 3312 vero
1399 3265 1634 3326 tempus,
1667 3257 1935 3324 minime;
1972 3266 2134 3314 calle-

529 3369 652 3408 rum
701 3354 830 3424 quid
864 3352 1119 3408 dicturus
1149 3352 1255 3406 sim
1308 3351 1512 3406 haereo.
1545 3349 1684 3405 Nam
1728 3353 1774 3406 si
1806 3362 2002 3407 auctor
2029 3351 2133 3406 sint

528 3453 590 3498 ut
624 3445 808 3498 ﬁctum
843 3443 1094 3497 habitum
1141 3443 1408 3512 deponas,
1464 3442 1730 3513 imparem
1765 3454 1816 3498 te
1870 3445 2136 3513 martyrio

527 3540 720 3594 dices:
756 3539 1048 3595 vocaberis
1075 3539 1223 3594 enim
1274 3547 1331 3594 ct
1367 3538 1438 3594 ad
1469 3553 1686 3610 plenas.
1731 3537 1789 3592 Si
1823 3554 2046 3594 rursum
2082 3549 2134 3592 te

529 3630 612 3684 sic
663 3631 974 3697 dimittam,
1029 3631 1235 3703 scripta
1301 3630 1450 3685 nulla
1499 3632 1806 3686 auctoritas
1865 3638 1950 3686 est
2008 3645 2132 3700 quae

529 3719 880 3793 suffragetur.
908 3722 1135 3778 Duobus
1169 3721 1338 3793 igitur
1364 3721 1664 3793 propositis
1689 3721 1872 3783 malis,
1905 3732 2135 3792 praesta-

527 3813 696 3872 bilius
749 3824 835 3872 est
879 3816 1022 3874 clam
1079 3816 1378 3872 tnouialem
1422 3830 1569 3880 esse,
1619 3830 1812 3884 quam,
1865 3815 1911 3870 si
1945 3815 2134 3884 plagas

529 3907 735 3978 perpeti
794 3923 1061 3979 nequeas,
1111 3907 1376 3978 perduelli
1447 3907 1861 3964 communicare
1912 3906 2132 3972 haeresi,

528 4007 694 4069 angue
721 4015 750 4052 a
775 3999 998 4058 Christo
1043 4000 1376 4068 desciscere,
1425 4000 1482 4056 in
1525 4015 1638 4070 quo
1667 4014 1792 4056 sors
1821 4011 1913 4056 tua
1949 3996 2132 4058 futura

529 4103 616 4148 est
648 4094 1004 4165 sempiterna.
1835 4099 1844 4107 ‘

1052 4207 1185 4264 Llll.
1217 4239 1289 4250 —
1311 4208 1564 4264 Martiali.

2227 1865 2362 1934 σὰρξ
2411 1863 2471 1917 ἒν
2524 1865 2620 1917 καὶ
2675 1863 2934 1935 φρόνημα
2991 1867 3222 1935 κρατεῖ,
3257 1867 3358 1936 οὐχ
3411 1866 3824 1936 ἑτεροζυγοῦσα

2225 1955 2354 2024 περὶ
2379 1955 2480 2026 τὴν
2511 1953 2720 2010 πίστιν.
2769 1956 2945 2024 Χάρις
2975 1950 3070 2008 οῦν
3096 1955 3178 2027 τῷ
3200 1955 3323 2026 Θεῷ
3347 1957 3425 2026 τῷ
3465 1956 3642 2019 οὕτως
3673 1959 3820 2026 ὑμᾶς

2223 2047 2313 2100 διὰ
2349 2047 2444 2101 τὸν
2471 2046 2638 2117 φόϐον
2664 2048 2772 2113 ξκαὶ
2806 2046 2976 2099 πόθον
3011 2047 3180 2100 αὐτοῦ
3215 2047 3564 2114 διαζεύξαντι
3595 2051 3694 2102 ἀπ’
3727 2051 3822 2102 ἀλ-

2223 2140 2402 2211 λήλων
2451 2139 2698 2212 μαχαίρᾳ
2744 2141 3079 2211 εὐαγγελικῇ
3123 2143 3478 2212 σωματικῶς,
3512 2143 3612 2195 καὶ
3653 2143 3823 2195 πάλιν

2223 2233 2304 2304 τῷ
2327 2235 2409 2288 ἐνὶ
2433 2235 2706 2304 πνεύματι
2737 2235 2832 2286 καὶ
2862 2235 3175 2305 φρονήματι
3204 2233 3511 2303 συνάψαντι
3544 2234 3826 2304 ψυχικῶς.

2227 2328 2541 2383 Σπούδασον
2579 2327 2694 2392 οῦν,
2736 2328 2909 2398 κυρία
2946 2346 3071 2398 μου,
3111 2329 3210 2398 τῆς
3255 2327 3379 2396 ἴσης
3410 2327 3567 2397 αὐτῷ
3601 2327 3828 2397 μερίδος

2227 2423 2564 2494 ἀξιωθῆναι,
2614 2423 2713 2476 καὶ
2772 2421 3170 2488 συντεύξασθαι
3233 2422 3380 2485 ἐκεῖ,
3431 2421 3528 2474 καὶ
3579 2424 3828 2472 συνεῖναι

2227 2516 2432 2582 εἰσαεὶ,
2465 2515 2803 2585 αἱρουμένην
2838 2513 2988 2585 αὐτῷ
3017 2514 3093 2576 ὼς
3123 2513 3419 2584 ῄρετίσατό
3447 2529 3528 2566 σε.
3569 2513 3689 2566 Καὶ
3720 2513 3829 2580 γὰρ

2231 2606 2400 2676 πολλῇ
2455 2605 2647 2676 ἀγάπῃ
2711 2605 2912 2676 πολλὴν
2957 2604 3054 2660 καὶ
3101 2603 3361 2676 φροντίδα
3420 2604 3584 2673 ἔσχεν
3643 2603 3707 2652 ἐν
3759 2605 3824 2670 τῇ

2229 2699 2480 2771 σωτηρίᾳ
2521 2716 2651 2762 σου,
2705 2698 2782 2762 ὡς
2829 2696 2950 2752 οἶδα
2981 2697 3171 2766 κάγώ·
3206 2697 3399 2750 καθότι
3431 2695 3715 2750 κοινωνῶν
3759 2690 3828 2764 ἦν

2228 2797 2295 2864 τῇ
2326 2792 2661 2846 ταπεινώσει
2707 2810 2810 2862 μου
2843 2792 2913 2846 τὰ
2939 2791 3064 2845 καθ’
3089 2791 3256 2844 αὑτὸν
3285 2790 3362 2854 ὡς
3391 2789 3516 2860 υἱῷ.
3546 2789 3686 2864 Πφὶ
3723 2788 3827 2856 τῆς

2231 2886 2376 2938 κατὰ
2409 2885 2658 2955 ἀνάγκην
2689 2885 2785 2938 τοῦ
2815 2883 3060 2954 διωγμοῦ
3093 2884 3462 2954 ὑποκριτικῆς
3492 2897 3590 2934 σου
3620 2879 3829 2946 Ιῆωθεν

2231 2980 2725 3049 κοσμοφορήσεως,
2769 2977 2906 3047 πρὸς
2958 2977 3157 3047 μικρὸν
3205 2975 3400 3046 χρόνον
3439 2978 3536 3028 καὶ
3586 2974 3826 3044 τρόπον’

2234 3069 2468 3142 εὓρηται
2512 3071 2572 3122 ὲν
2615 3073 2731 3134 τοίς
2768 3069 2946 3138 ἁγίοις
2984 3071 3129 3122 κατά
3159 3068 3636 3136 τιναιὰναγκαίαν
3689 3066 3832 3120 ὑπό-

737 3175 1012 3236 repertum
1060 3164 1208 3220 istud
1264 3166 1319 3218 in
1377 3166 1586 3219 sanctis
1634 3179 1705 3220 ex
1737 3180 1908 3222 causa
1943 3166 2127 3236 aliqua

2236 3161 2421 3216 θεσιν⁹
2463 3163 2542 3225 εἰς
2583 3162 2638 3215 δὲ
2668 3162 2730 3215 τὸ
2768 3161 2880 3226 ἀεὶ,
2930 3161 3206 3231 οὐδαμῶς.
3256 3161 3464 3214 Λοιπὸν
3492 3161 3598 3213 οὐκ
3625 3155 3751 3214 οἶδα
3777 3161 3831 3212 τί

2235 3259 2395 3311 εἴπω.
2445 3255 2570 3310 Ἐὰν
2621 3256 2904 3327 ἐπιτρέψω
2939 3256 3098 3326 ῥίψαι
3149 3255 3248 3326 τὴν
3280 3256 3599 3325 ὑπόκρισιν,
3649 3256 3832 3316 εῐποις

2235 3350 2302 3404 ἂν
2335 3349 2410 3421 μὴ
2444 3350 2634 3419 φέρειν
2666 3347 2726 3402 τὸ
2764 3347 3102 3419 μαρτύριον·
3136 3347 3406 3418 ἐνεχθήσῃ
3451 3346 3563 3418 γὰρ
3609 3347 3707 3399 καὶ
3751 3347 3834 3407 εἰς

2234 3444 2466 3514 βασανα.
2514 3443 2641 3496 Ἐάν
2674 3459 2733 3496 τε
2767 3442 2934 3496 πάλιν
2969 3443 3324 3511 ὲπαφήσαιμι
3348 3441 3557 3504 οὕτως,
3592 3441 3696 3493 οὐκ
3722 3439 3836 3508 ἔχω

2234 3537 2520 3608 Γραφικὴν
2572 3538 2904 3608 μαρτυρίαν.
2953 3538 3059 3590 Δύο
3100 3534 3280 3589 τοίνυν
3337 3533 3523 3587 κακῶν
3599 3549 3832 3604 προκει-

2235 3631 2435 3700 μένων,
2477 3630 2724 3700 κρείττόν
2778 3631 2896 3684 ἐστι
2939 3629 3397 3700 κρυπτομόναχον
3445 3625 3614 3691 εἶναι,
3667 3626 3703 3695 ἦ
3753 3624 3838 3696 μὴ

2231 3723 2467 3791 φέροντα
2500 3722 2601 3782 τὰς
2649 3722 2902 3793 πληγὰς,
2943 3723 3275 3793 κοινωνῆσαι
3322 3725 3388 3792 τῇ
3425 3722 3707 3792 ἀρνητικῇ
3743 3721 3834 3770 αἰ-

2235 3817 2413 3886 ρέσει,
2465 3817 2564 3870 καὶ
2601 3817 2904 3888 ἀποστῆναι
2955 3814 3218 3888 Χριστοῦ,
3263 3814 3350 3884 ἐφ’
3385 3806 3432 3882 ᾦ
3482 3813 3640 3865 ἔσται
3676 3811 3772 3864 ἀεὶ
3801 3811 3836 3880 ἡ

2234 3911 2396 3980 μερίς
2427 3925 2544 3962 σου.

2699 4207 2826 4261 NF'.
2861 4236 2932 4247 —
2965 4201 3374 4273 Μοναζούσῃ.ι
3399 4199 3578 4272 τξα’.]

1659 4298 1728 4348 llt
1759 4261 1850 4361 pro
1869 4302 2006 4348 recta
2027 4299 2127 4349 ﬁde
2150 4297 2441 4361 martyrium
2472 4300 2702 4362 perferre
2733 4307 2902 4362 parata
2935 4300 3016 4348 sit.

606 4385 680 4442 Ea
739 4387 1004 4456 temporis
1061 4387 1294 4456 hujusce
1353 4386 1602 4443 conditio
1649 4396 1756 4454 est,
1812 4397 1872 4443 ut
1904 4387 1974 4443 de
2002 4387 2129 4443 aliis

533 4497 636 4540 nos
672 4495 796 4537 esse
824 4479 1091 4536 sollicitos
1112 4489 1396 4550 oporteat:
1429 4495 1555 4536 cum
1589 4480 1708 4551 pari
1743 4481 1930 4535 animo
1955 4482 2130 4536 simus

535 4590 602 4629 ac
624 4573 743 4644 pari
782 4571 888 4626 ﬁde
929 4571 1142 4642 prtediti
1174 4590 1189 4628 :
1237 4572 1684 4642 quandoquidem
1736 4573 1908 4628 veluti
1943 4573 2000 4628 in
2029 4572 2130 4630 Ec-

534 4666 758 4722 clesiam
813 4673 980 4720 uitam
1026 4665 1143 4720 sive
1195 4675 1399 4722 emtum
1454 4667 1780 4722 convocavit
1835 4666 1982 4722 Deus
2036 4682 2133 4722 eos

535 4773 728 4814 omnes
766 4756 863 4827 qui
896 4772 996 4827 pro
1019 4757 1246 4814 veritate
1269 4759 1558 4823 dimicant,
1597 4760 1650 4840 in
1692 4775 1867 4830 eaque
1899 4775 2132 4814 consen-

2314 4388 2375 4443 ὐ
2419 4389 2617 4462 Παρὼν
2663 4388 2856 4459 καιρὸς
2904 4387 3172 4451 τοιοῦτος,
3224 4386 3285 4449 ὃς
3317 4383 3628 4452 ἀναγκάζει
3677 4382 3834 4451 ἡμᾶς

2234 4489 2510 4559 μεριμνᾷν
2549 4487 2692 4558 ὑπὲρ
2726 4485 2976 4556 ἀλλήλων
2997 4501 3011 4514 ο
3047 4484 3135 4538 διὰ
3162 4483 3223 4536 τὸ
3252 4482 3352 4550 τῆς
3399 4478 3690 4548 ἰσοψυχίας
3727 4477 3832 4531 καὶ

2231 4582 2562 4653 ὁμοπιστίας
2607 4581 2858 4650 ἀξίωμαο
2921 4579 3112 4648 ἐπειδὴ
3138 4577 3218 4640 ὡς
3279 4576 3410 4646 μίαν
3479 4573 3830 4644 Ἐκκλησίαν

2233 4676 2403 4745 ἤγουν
2457 4672 2706 4726 συνοδίαν
2755 4671 3161 4724 συνεκαλέσατο
3197 4671 3225 4721 ὁ
3251 4667 3386 4730 Θεὸς
3416 4666 3672 4728 ἅπαντας
3698 4665 3836 4728 τοὺς

2239 4765 2632 4836 ἀντεχομένους
2677 4764 2780 4832 τῆς
2831 4762 3130 4833 ἀληθείας,
3186 4762 3280 4813 καὶ
3331 4761 3388 4812 ὲν
3447 4749 3601 4828 αὐτῆ
3634 4757 3836 4828 ὁμολο-

537 4853 702 4905 tiunt.
737 4849 1212 4916 Quemadmodum
1273 4851 1442 4920 igitur
1473 4827 1868 4908 citra‘oﬂ‘en—sm
1908 4853 2127 4921 pericu-

2238 4859 2494 4928 γοῦντας.
2527 4857 2794 4928 Καθάπερ
2830 4851 2924 4910 οῦν
2977 4855 3077 4907 οὐκ
3105 4852 3389 4906 ἀκίνδυνον
3415 4851 3493 4921 τῷ
3529 4851 3631 4922 τῆς
3658 4851 3840 4919 αὐτῆς

538 4941 654 4994 lum
687 4955 795 4995 non
823 4950 932 5007 est,
959 4941 1058 5012 qui
1090 4955 1216 4996 cum
1241 4943 1491 5012 ejusdem
1518 4945 1839 4998 monasterii
1872 4944 1965 5008 sit,
1999 4944 2132 4998 nihil

537 5035 608 5088 de
659 5034 1053 5104 condiscipulis
1101 5045 1288 5102 curet;
1325 5047 1420 5091 aut
1482 5037 1810 5108 praepositus
1858 5038 1951 5107 qui
1986 5038 2134 5092 nulla

539 5127 749 5198 pariter
792 5126 860 5182 de
903 5127 1193 5197 discipulis
1228 5129 1603 5184 sollicitudine
1637 5130 1710 5184 sit
1741 5147 1754 5182 :
1789 5131 1869 5184 sic
1899 5141 1986 5184 est
2009 5145 2134 5198 pro-

539 5220 685 5276 fecto
706 5220 773 5275 de
801 5219 960 5275 nobis
992 5219 1258 5276 omnibus
1287 5240 1302 5276 :
1333 5223 1804 5292 quandoquidem,
1839 5233 1898 5276 ut
1921 5223 2130 5276 dietum

538 5322 648 5377 est,
704 5312 949 5367 Ecclesia
1015 5327 1125 5366 una
1153 5315 1442 5367 caenolzica
1486 5329 1704 5369 sumus.
1736 5314 1920 5368 luviso
1957 5327 2006 5368 te
2043 5330 2138 5383 per

537 5405 854 5476 epistolam,
911 5414 965 5460 et
1031 5419 1166 5476 rogo
1223 5407 1505 5475 quomodo
1562 5407 1756 5477 utique
1811 5407 1866 5462 in
1902 5407 2136 5462 Domino

537 5496 747 5560 valeas,
783 5509 944 5550 soror
976 5495 1242 5566 spiritalis
1277 5512 1290 5549 :
1343 5504 1528 5550 utrum
1577 5497 1631 5550 in
1682 5499 1901 5568 egregia
1935 5497 2140 5554 Christi

539 5589 887 5646 confessione
935 5604 1301 5660 permaneas:
1355 5606 1423 5642 an
1472 5590 1777 5660 depositura
1829 5591 1954 5646 lidei
1989 5592 2126 5647 inte-

538 5697 695 5751 grum
740 5698 926 5738 serves
969 5698 1070 5752 ope
1129 5683 1369 5752 Spiritus
1417 5683 1640 5742 sancti:
1683 5698 1750 5739 an
1800 5683 1878 5740 sis
1913 5683 1966 5739 in
2017 5684 2129 5742 Deo

538 5774 916 5847 corroborata,
957 5792 1056 5834 nec
1086 5777 1284 5850 impios
1315 5792 1666 5850 expavescas.

2241 4953 2409 5022 μονῆς
2441 4952 2557 5006 δντι
2576 4991 2590 5016 ,
2626 4951 2700 5020 μὴ
2730 4949 2870 5020 ὑπὲρ
2900 4947 3012 5001 τῶν
3051 4945 3432 5016 συμμαθητῶν
3461 4942 3833 5013 φροντιοῦντι,

2237 5042 2270 5112 ἢ
2299 5042 2723 5114 καθηγουμένῳ,
2755 5041 2816 5094 τὸ
2847 5041 2923 5112 μὴ
2956 5039 3086 5110 περὶ
3119 5038 3230 5091 τῶν
3254 5036 3534 5107 φοιτητῶν
3563 5035 3838 5096 ὡσαύτως

2238 5131 2582 5202 φροντίζειν·
2629 5130 2773 5182 οὕτω
2813 5129 2877 5201 δὴ
2934 5129 3028 5182 καὶ
3077 5129 3210 5200 ἡμῖν
3259 5129 3458 5181 πᾶσιν·
3504 5126 3831 5196 ἐπειδήπερ,

2237 5223 2312 5286 ὡς
2343 5222 2598 5292 εἴρηται,
2627 5223 2729 5291 μία
2767 5221 3065 5292 Ἐκκλησία
3096 5219 3416 5290 κοινοϐιακή
3449 5223 3638 5290 ὲσμεν.
3677 5218 3838 5270 Ἐπι-

2238 5315 2548 5386 σκέπτομαί
2597 5331 2655 5367 σε
2683 5314 2769 5368 διὰ
2811 5315 2906 5368 τοῦ
2935 5315 3266 5384 γράμματος
3289 5354 3304 5378 ,
3338 5312 3436 5365 καὶ
3473 5308 3664 5378 ἐρωτῶ
3703 5309 3838 5371 πῶς

2235 5409 2300 5478 δὴ
2340 5409 2486 5479 ἔχεις
2525 5411 2582 5461 ὲν
2614 5409 2842 5478 Κυρίῳ,
2894 5402 2938 5461 ὧ
2975 5405 3180 5477 ἀδελφὴ
3216 5404 3598 5474 πνευματικήο
3641 5403 3688 5452 εξ
3723 5403 3838 5471 ἐμ-

2241 5503 2422 5571 μένεις
2452 5501 2512 5552 ἐν
2543 5503 2608 5570 τῇ
2655 5501 2792 5571 καλῇ
2820 5500 3086 5570 ὁμολογίᾳ
3117 5497 3359 5568 Χριστοῦ
3381 5515 3395 5527 ⁸
3430 5497 3480 5548 εί
3505 5496 3690 5564 τηρείς
3723 5493 3838 5563 τὴν

2239 5591 2715 5663 παρακαταθήκην
2755 5592 2853 5660 τῆς
2879 5591 3119 5653 πίστεως
3161 5589 3251 5642 διὰ
3297 5586 3616 5656 Πνεῦματος
3659 5584 3840 5650 ἁγίου

2236 5684 2491 5755 ἀσφαλῆ·
2519 5687 2569 5739 εἰ
2597 5683 2844 5757 κρατύνῃ
2875 5686 2932 5738 ἐν
2975 5681 3093 5754 θεῷ
3121 5682 3196 5754 μὴ
3227 5681 3541 5754 πτυρομένη
3569 5677 3678 5731 ἀπὸ
3709 5675 3838 5731 τῶν

2235 5777 2470 5836 ἀσεϐῶν.
