4054 6364
187 420 317 486 1265

1375 421 1920 485 EPISTOLARUM
1981 426 2131 489 LIB.
2174 427 2257 489 II.

3319 427 3456 493 1266

245 524 426 599 Εὖγε,
459 523 620 600 εὖγεο
665 530 1020 605 στηριχοείης
1072 529 1155 585 ἔτι
1205 530 1503 596 πλειόνως·
1535 532 1633 586 καὶ
1680 549 1770 586 το-

1941 532 2112 607 Euge,
2137 551 2277 608 euge
2316 554 2334 592 :
2381 536 2561 591 adhuc
2590 536 2826 607 amplius
2855 536 3169 594 confer-tare
3201 557 3213 592 :
3260 538 3370 595 imo
3401 540 3458 597 in

179 618 366 676 σοῦτον
410 621 487 685 ὡς
523 619 591 674 ἂν
623 616 775 693 ᾅδειν
806 620 1006 676 σε’σὺν
1036 620 1116 693 τῷ
1145 619 1288 692 ἁγίῳ
1318 621 1511 675 Δαείδο
1550 623 1633 676 Οὐ
1663 639 1771 692 φο-

178 711 516 782 ϐηθήσομαι
574 711 647 765 ἐν
698 710 780 776 τῷ
834 711 1252 781 ταράσσεσθαι
1311 710 1430 781 τὴν
1475 711 1617 782 γῆν,
1666 711 1765 766 καὶ

177 806 591 871 μετατίθεσθαι
655 804 762 875 ὄρη
814 805 886 859 ἐν
922 806 1197 875 καρδίαις
1257 803 1606 861 θαλασσῶν.
1654 806 1770 889 καὶ

177 897 285 970 γὰρ
321 898 351 952 ὁ
383 899 458 964 ὡς
487 899 708 970 ἀληθῶς
742 899 1125 970 βεϐαιόπιστος
1148 939 1164 965 ,
1197 899 1603 971 ἁμετακίνητός
1648 901 1765 952 ἐστι

177 993 410 1063 πάμπαν
438 992 541 1062 τῆς
566 992 791 1065 ἀγάπης
838 990 1112 1063 Χριστοῦ·
1149 985 1218 1066 ἧς
1243 992 1303 1045 ού
1332 991 1535 1061 θλίψις,
1562 992 1623 1045 ού
1649 1008 1769 1045 στε-

176 1083 448 1156 νοχωρία,
498 1084 560 1137 ού
610 1084 807 1155 λιμὸς,
848 1086 910 1138 ού
958 1084 1233 1154 διωγμὸς,
1280 1085 1342 1138 ού
1388 1084 1664 1148 κίνδυνος,
1704 1085 1765 1137 ού

180 1177 426 1249 μάχαιρα
463 1176 721 1250 χωρίζειν
750 1175 1002 1231 δύναται.
1029 1177 1217 1251 Ταύτῃ
1249 1179 1316 1250 τῇ
1350 1175 1678 1246 πεποιθήσει
1717 1174 1767 1229 οἱ

178 1268 322 1338 ἅγιοι
356 1270 558 1334 πάντες
594 1270 1033 1342 ἐτελειώθησαν
1081 1274 1149 1343 τῇ
1181 1272 1319 1343 αὐτῇ
1355 1271 1454 1325 καὶ
1501 1272 1535 1344 ἡ
1579 1269 1647 1340 σὴ
1684 1286 1768 1321 τι-

181 1362 373 1434 μιότης
404 1361 511 1434 εἴη.
552 1363 629 1417 Οὐ
657 1363 769 1434 γὰρ
806 1359 860 1418 ei
900 1364 1241 1437 ἁγενεστέρα
1281 1364 1524 1436 Θέκλης,
1548 1361 1770 1434 Φεὸρωο

181 1454 329 1517 νίας,
361 1453 458 1507 καὶ
481 1453 577 1507 τοῦ
608 1455 741 1527 περὶ
760 1456 933 1519 αὐτὰς
967 1455 1244 1528 μακαρίου
1275 1453 1443 1526 χοροῦ
1464 1472 1479 1485 ·
1519 1453 1769 1525 θυγάτηρ

177 1546 348 1612 Θεοῦ,
394 1546 583 1619 νύμφη
645 1548 918 1619 Χριστοῦ,
979 1549 1056 1614 ὼς
1108 1550 1394 1615 κάκεῖναι,
1445 1548 1541 1602 καὶ
1602 1548 1766 1618 αὐτή.

188 1637 363 1711 Ὑπὲρ
393 1636 457 1696 οὗ
483 1645 576 1696 καὶ
598 1642 763 1696 τανῦν
791 1641 852 1696 τὸ
891 1642 1196 1714 μαρτύριον
1221 1641 1415 1714 ὥσπερ
1443 1640 1768 1713 τηνικαῦτα.

1866 634 2081 701 tantum
2134 637 2198 683 ut
2249 641 2374 682 cum
2441 636 2636 682 sancto
2691 626 2860 682 David
2909 628 3093 699 possis
3152 628 3458 686 accinere:

1869 717 1997 774 Non
2049 718 2241 774 timebo
2267 719 2394 773 dum
2419 718 2723 773 turbabitur
2770 730 2916 775 terra
2942 759 2957 785 ,
2987 728 3037 774 et
3066 721 3461 792 transferentur

1869 819 2072 865 montes
2103 809 2161 865 iu
2185 825 2277 864 cor
2302 810 2466 865 maria
2484 810 2554 865 ".
2591 810 2888 867 Enimvero
2909 812 3004 881 qui
3036 827 3267 883 prorsus
3300 813 3459 869 ﬁrma

1866 899 1973 955 lide
2001 908 2106 965 est,
2138 897 2404 955 dimoveri
2455 900 2684 955 omnino
2718 901 2913 971 nequit
2935 916 2967 957 a
2995 901 3267 959 charitate
3294 901 3461 959 Chri-

1866 991 1939 1046 sti
1983 1009 1996 1046 :
2031 1004 2062 1044 ιι
2109 1006 2217 1060 qua
2255 1006 2366 1045 non
2423 991 2732 1061 tribulatio,
2761 1007 2872 1047 non
2905 993 3195 1065 angustia,
3227 1008 3339 1049 non
3375 993 3458 1049 fa-

1868 1098 2005 1152 mes,
2057 1099 2165 1139 non
2209 1087 2543 1155 persecutio,
2579 1102 2687 1142 non
2732 1087 3062 1159 perieulum,
3105 1102 3217 1143 non
3246 1088 3462 1163 gladius

1867 1185 2050 1249 potest
2101 1179 2444 1248 separare”.
2487 1178 2604 1236 Hae
2634 1179 2836 1236 ﬁducia
2890 1195 3087 1237 omnes
3113 1180 3290 1237 sancti
3322 1162 3495 1239 con-i

1869 1271 2130 1326 summati
2162 1281 2295 1327 sunt
2326 1289 2341 1326 :
2387 1272 2582 1328 eadem
2615 1272 2980 1329 reverentiam
3014 1280 3164 1328 tuam
3201 1287 3464 1329 consum-

1870 1371 1999 1419 met.
2028 1361 2214 1435 Neque
2235 1366 2381 1421 enim
2406 1381 2467 1422 es
2484 1364 2687 1423 Thecla
2707 1366 3022 1435 ignobilior,
3041 1374 3139 1422 aut
3165 1365 3463 1432 Febronia,

1870 1464 1967 1511 aut
1996 1454 2140 1510 felici
2185 1456 2401 1513 illarum
2459 1467 2607 1513 ccetu
2641 1475 2656 1512 :
2699 1473 2825 1512 cum
2851 1457 2930 1514 sis
2959 1454 3059 1513 Dei
3088 1455 3223 1524 tilia,
3257 1456 3465 1513 Christi

1872 1545 2111 1616 Sponsa,
2148 1547 2612 1617 quemadmodum
2638 1547 2765 1613 illae,
2798 1548 2881 1604 sic
2917 1555 2973 1603 et
3003 1548 3121 1617 ipsa
3158 1563 3367 1615 :quam
3392 1548 3466 1603 ob

1869 1653 2096 1695 causam
2120 1656 2267 1695 nunc
2289 1655 2510 1710 quoque
2563 1643 2886 1713 martyrium
2938 1642 3128 1706 instat,
3188 1641 3266 1699 uti
3308 1640 3463 1696 olim.

187 1733 608 1806 Ὑπομείνωμεν
654 1730 770 1804 οὖν,
803 1734 1142 1808 παρακαλῶ,
1169 1724 1375 1807 οὐχ’ὅτι
1402 1735 1461 1791 ὲν
1487 1728 1567 1796 οἷς
1603 1735 1773 1805 ἐσμεν

1881 1727 2261 1787 Sustineamns
2292 1732 2477 1803 igitur,
2519 1732 2777 1799 obsecro,
2806 1747 2917 1788 non
2949 1733 3117 1788 modo
3138 1748 3234 1788 eas
3255 1733 3465 1804 quibus

180 1825 518 1892 θλιπτικοῖς⁸
582 1828 719 1883 ἀλλὰ
796 1829 902 1883 κᾶν
966 1828 1037 1883 τὰ
1105 1826 1487 1902 προειρημένα
1551 1827 1769 1880 ἅπαντα

1881 1820 2176 1894 premimur
2219 1822 2524 1889 molestias,
2571 1823 2669 1878 sed
2702 1823 2787 1878 vel
2816 1824 2862 1881 si
2894 1840 3061 1895 supra
3101 1823 3248 1881 dicta
3278 1824 3464 1881 omnia

178 1918 404 1988 ἐπιστῇ.
439 1917 1030 1988 Ἀπροσωπόληπτος
1056 1921 1089 1975 ὀ
1117 1901 1264 1985 Sed;
1283 1935 1297 1950 '
1320 1920 1387 1990 τῇ
1415 1902 1772 1990 αὐτῇὰγάπῃ

1881 1914 2151 1985 ingruant.
2209 1911 2336 1968 Non
2380 1924 2458 1968 est
2515 1931 2862 1985 personarum
2930 1926 3172 1986 acceptor
3223 1915 3463 1972 Deus":

177 2007 412 2076 ἀγαπῶν
452 2009 625 2078 ἡμᾶς,
658 2002 695 2084 ᾖ
737 2009 997 2081 ἠγάπησε
1043 2010 1141 2063 καὶ
1182 2011 1311 2073 τοὺς
1355 2009 1546 2063 πάλαι.
1580 2007 1768 2061 Ταῦτα

1881 2010 2064 2064 eadem
2093 2022 2196 2063 nos
2244 2007 2518 2064 charitate
2546 2010 2724 2081 diligit
2755 2027 2862 2081 qua
2898 2020 2955 2067 et
2990 2011 3228 2082 majores
3250 2010 3465 2067 dilexit.

173 2097 247 2163 ὡς
282 2099 344 2152 ὲν
377 2099 581 2169 ὀλίγοις
602 2116 617 2132 υ
660 2099 818 2164 εἰδὼς
866 2100 949 2156 ὅτι
978 2101 1196 2156 οίκοθεν
1230 2102 1326 2155 καὶ
1364 2100 1427 2167 ἐξ
1456 2100 1633 2157 ἄλλων
1670 2101 1768 2165 τὰς

1881 2097 1985 2155 Sed
2045 2100 2162 2155 haec
2220 2100 2412 2170 paucis
2457 2118 2473 2156 :
2527 2116 2652 2157 eum
2701 2102 2873 2173 probe
2917 2102 3089 2158 sciam
3138 2104 3467 2171 gravitatem

174 2191 563 2263 παρακλήσεις
617 2191 732 2263 ἔχει
784 2209 880 2247 σου
912 2195 947 2264 ἡ
994 2194 1445 2266 σεμνοπρέπειασ
1493 2194 1645 2265 ὅμως
1674 2194 1771 2249 καὶ

1881 2202 2026 2249 tuam
2077 2192 2229 2248 domi
2286 2201 2455 2263 atque
2502 2193 2572 2248 ab
2597 2193 2720 2250 aliis
2762 2193 2964 2250 habere
2992 2193 3196 2251 solatia
3234 2209 3250 2248 :
3282 2202 3466 2248 tamen

174 2285 310 2357 παρ’
338 2285 523 2359 ἡμῶν,
556 2288 644 2342 ἴνα
668 2288 857 2359 γνοίης
879 2289 963 2342 ὅτι
996 2288 1464 2361 οἰκειοπαθοῦμέν
1493 2305 1577 2343 σοι
1614 2288 1769 2357 ὀφει-

173 2377 423 2451 λομένως
442 2395 458 2409 ·
487 2381 586 2435 καὶ
610 2383 761 2446 ὅπως
783 2380 1092 2455 προσεύχῃ,
1119 2381 1216 2437 τοῦ
1238 2380 1599 2455 στηρίζεσθαι
1622 2383 1770 2454 ἡμᾶς

170 2472 303 2535 τοὺς
332 2472 717 2545 ἁμαρτωλούς.

494 2592 622 2647 NA'.
684 2622 733 2633 -
766 2594 1070 2660 BaatJetqt
1100 2592 1411 2661 πατρικιῳ.
1449 2589 1634 2664 ξρξεᾌ]

1873 2297 1931 2342 et
1953 2300 1983 2340 a
2008 2284 2168 2342 nobis
2189 2286 2304 2341 hate
2326 2285 2465 2343 habe
2490 2304 2507 2342 :
2534 2294 2593 2341 ut
2619 2286 2895 2359 intelligas
2926 2300 3031 2341 nos
3058 2291 3168 2341 tuts
3192 2284 3381 2350 rebus,
3403 2291 3470 2343 ut

1875 2394 1978 2450 par
2015 2388 2119 2444 est,
2170 2376 2311 2433 allici
2344 2385 2445 2432 :et
2484 2386 2544 2433 ut
2590 2378 2750 2437 nobis
2814 2378 3200 2451 peccatoribus
3226 2377 3374 2434 vires
3401 2389 3471 2432 ac

1876 2470 2047 2527 robur
2086 2467 2342 2541 precibus
2375 2467 2655 2538 impetres.

2296 2584 2432 2641 LIV.
2464 2615 2536 2627 -—
2562 2585 2771 2642 Basilio
2808 2586 3059 2657 patricio.

1435 2700 1734 2753 Consolatur
1777 2695 1829 2748 in
1863 2688 2027 2747 morte
2058 2692 2171 2747 ﬁlii.

238 2812 364 2883 Τῆς
409 2810 751 2883 θεομιμήτου
799 2825 896 2863 σου
944 2807 1421 2878 συγκαταῦάσεως
1463 2804 1649 2878 ἔργον,
1703 2805 1766 2858 οὐ

173 2907 345 2978 μόνον
367 2905 449 2968 είς
474 2903 600 2975 δψιν
633 2903 728 2957 σου
772 2905 925 2975 ἱερὰν
954 2903 1204 2971 ἐνεγκεῖν
1229 2903 1322 2954 τὸν
1347 2899 1576 2967 ἀδελφὸν
1611 2896 1769 2969 ὴμῶν

169 3002 231 3054 δν
258 2998 572 3069 πνεύματι.
614 2996 879 3070 όμιλῆσαί
917 3013 979 3051 τε
1004 2998 1075 3051 τὰ
1099 2994 1362 3063 δόξαντα,
1412 2991 1559 3047 οὕτω
1599 3008 1771 3064 προσ-

173 3089 326 3161 ηνῶς
366 3091 460 3144 καὶ
482 3089 725 3162 μετρίως
743 3104 758 3121 ⁸
791 3087 907 3142 ἀλλ’
935 3088 1018 3142 ὅτι
1039 3090 1135 3142 καὶ
1164 3086 1263 3159 τὴν
1297 3084 1499 3158 κυρίαν
1524 3085 1622 3150 καὶ
1644 3084 1771 3155 ἐμοὶ

175 3181 490 3251 σεϐασμίαν
533 3182 853 3253 πατρικίαν,
902 3182 1025 3250 ἅμα
1051 3182 1170 3244 τοῖς
1210 3179 1628 3257 εὐγενεστάτοις
1674 3194 1770 3230 σου
1798 3220 1842 3277 c

172 3277 434 3349 βλαστοῖς
456 3274 705 3345 ἀγαγὼν,
751 3273 932 3328 κλῖναί
972 3290 1033 3327 τε
1063 3275 1126 3326 οὐ
1153 3271 1423 3343 κεφαλὴν,
1466 3272 1607 3324 ἀλλὰ
1637 3271 1770 3340 γόνυ

172 3366 321 3440 πρὸς
359 3365 526 3421 αὑτὸν
561 3364 961 3436 ἐπιτέτραφας.
992 3364 1059 3417 Ὢ
1088 3364 1191 3434 τῆς
1220 3366 1488 3434 μεγίστης
1531 3379 1629 3415 σου
1672 3378 1775 3415 τα-

174 3459 657 3532 πεινοφροσύνηςῑ
703 3457 750 3511 ὣ
793 3456 896 3527 τῆς
943 3455 1198 3527 φιλοθέου
1234 3455 1540 3519 συνέσεωςί
1586 3452 1634 3507 ὣ
1673 3454 1776 3521 τῆς

174 3552 636 3628 ὑπερϐαλλούσης
695 3568 792 3605 σου
840 3553 901 3605 ὲν
954 3548 1306 3621 ἁμαρτωλοῖς
1352 3546 1626 3605 πίστεωςι
1663 3544 1777 3599 Καὶ

171 3645 283 3699 οὐκ
310 3641 594 3713 ἀποτεύξῃ
612 3638 710 3695 τοῦ
729 3639 833 3711 τῆς
855 3635 1215 3704 εὐαποδεξίας
1240 3632 1459 3706 μισθοῦ.
1486 3631 1588 3685 Διὰ
1602 3629 1779 3684 ταῦτα

176 3754 269 3791 σοι
304 3735 492 3790 πάντα
509 3751 525 3768 ο
554 3733 651 3788 καὶ
674 3732 758 3787 ἔτι
792 3731 956 3786 πλέον
979 3730 1060 3794 είς
1090 3726 1298 3799 ἀρετῆς
1324 3725 1508 3794 λόγον,
1547 3720 1777 3784 εἰκότως

168 3831 201 3884 ὁ
232 3829 377 3901 ἐμὸς
412 3827 681 3897 δεσπότης
733 3825 831 3880 καὶ
875 3823 1071 3895 αἵματι
1107 3821 1205 3876 καὶ
1251 3817 1529 3889 πνεύματι
1586 3812 1779 3884 φιλού⁴

176 3936 352 3993 μενος
388 3918 621 3987 γέγονας
661 3916 803 3987 πρὸς
842 3915 1063 3969 πάντων
1110 3911 1224 3966 τῶν
1256 3908 1650 3982 γνωρισόωτων
1682 3904 1785 3959 καὶ

170 4013 446 4087 ὁρώντων
477 4029 559 4067 σε.
608 4012 720 4065 Καὶ
760 4010 1042 4082 μάρτυρες
1069 4006 1165 4060 τοῦ
1199 4004 1361 4072 λόγου
1396 4003 1456 4058 αἱ
1505 4000 1652 4055 κατὰ
1679 3998 1783 4063 τὰς

170 4108 345 4174 ἀξίας
396 4103 666 4178 ὑπεροχαί
696 4120 825 4167 σου,
867 4100 1074 4173 ἀρετῆς
1131 4097 1367 4153 ἔπαθλον
1424 4091 1779 4165 ίνιτάρξασαι⁹

169 4204 267 4272 ἐφ’
298 4197 337 4278 ᾖ
372 4202 473 4255 σὺν
504 4199 585 4271 τῷ
609 4198 713 4270 τῆς
755 4197 976 4267 φύσεως
1004 4194 1156 4265 νόμῳ
1200 4187 1503 4263 μορφώσας
1532 4185 1691 4249 υἱούς
1718 4198 1783 4239 τε

170 4295 279 4350 καὶ
317 4291 662 4363 θυγατέρας,
722 4290 842 4361 ἅμα
888 4291 959 4359 τῇ
994 4284 1285 4359 ὁμοζύγῳ·
1341 4281 1559 4344 εἰκόνας
1613 4278 1782 4341 ὅντως

167 4385 447 4457 ἐναργεῖς
491 4382 594 4455 τῆς
645 4378 933 4442 εὐσεϐείας
982 4393 1078 4431 σου
1123 4371 1514 4438 ὲναπέδειξαςδ
1565 4374 1633 4426 ἐκ
1680 4371 1785 4440 τῆς

164 4477 327 4552 πρὸς
358 4477 425 4531 σὲ
468 4472 906 4545 ἑπιφαινομένης
949 4468 1139 4534 αὐτοῖς
1167 4468 1486 4540 ὁμοιότητος
1521 4466 1783 4533 ιπιγινω-

165 4569 499 4641 σκομένους
530 4566 931 4639 ἀψευδέστατα.

249 4660 412 4715 Ἀλλ’
442 4661 471 4713 ό
502 4658 605 4730 μὲν
649 4658 780 4730 περὶ
805 4654 999 4710 τούτου
1049 4653 1209 4720 λόγος
1234 4648 1499 4713 τοιοῦτος.
1541 4648 1677 4702 Τίνα
1725 4646 1785 4701 st

160 4754 347 4824 λόγον
385 4748 848 4821 παραμυθητικὸν
890 4747 982 4800 ἐπὶ
1023 4744 1103 4815 τῷ
1141 4742 1308 4797 πάθει
1334 4740 1430 4794 τοῦ
1462 4739 1782 4812 Προᾷρόμου

159 4844 491 4916 ὁμωνύμου
516 4843 708 4915 ἑρνους
739 4857 834 4895 σου
860 4835 1272 4907 παγκαλλίστου
1315 4832 1599 4905 ὲξεύροιμι
1631 4834 1662 4885 ὁ
1690 4848 1785 4885 τα-

158 4937 413 5001 πεινὸς,
454 4935 742 4989 λεαίνοντα
776 4933 974 5004 μικρόν
1022 4947 1078 4982 τι
1125 4928 1188 4981 τὸ
1215 4927 1326 4981 τῶν
1368 4925 1565 4997 τιμίων
1590 4923 1784 4996 ψυχῶν

157 5029 349 5102 ὑμῶν
391 5026 674 5098 θλιεερόνς
708 5027 831 5079 ἐπεὶ
868 5020 1160 5091 ἀπηγγέλη
1200 5037 1293 5091 μοι
1327 5019 1466 5090 πρὸς
1493 5015 1661 5071 αὑτοῦ
1684 5014 1781 5070 τοῦ

154 5119 425 5191 ἀδελφοῦ
448 5122 633 5173 όποῖον
651 5117 713 5171 τὺ
733 5116 897 5186 ἄλγος
911 5131 926 5146 ·
955 5109 1045 5167 οἶα
1069 5111 1138 5166 τὰ
1158 5112 1372 5182 δάκρυα
1396 5106 1783 5172 ἀποστάζοντα

153 5214 375 5287 θερμὰ
404 5212 465 5280 ἐξ
491 5208 790 5282 ὀφθαλμῶν
812 5224 827 5239 ·
856 5207 956 5273 τάς
991 5223 1053 5260 τε
1089 5203 1421 5275 ἀνακλήσεις
1443 5240 1458 5267 ,
1485 5199 1785 5254 ὲλεεινολο-

150 5306 309 5379 γιας
334 5322 401 5358 τε
430 5303 526 5359 καὶ
547 5305 927 5373 στοναχήσεις·
949 5300 1027 5363 ὡς
1045 5295 1344 5351 ἀκούσαντι
1372 5293 1584 5346 ἕκαστα
1598 5290 1669 5344 τὰ
1686 5288 1785 5343 τοῦ

150 5398 387 5463 παιδὸς
421 5396 901 5467 πλεονεκτήματα,
930 5389 1127 5444 παθεῖν
1148 5405 1202 5441 τι
1236 5386 1437 5456 μικροῦ
1457 5384 1570 5437 δεῖν
1597 5384 1783 5455 ὁμοιο-

146 5491 370 5554 παθὲς
393 5489 549 5561 ὑμῖν.
574 5487 645 5542 Ὢ
675 5487 794 5551 πῶς
825 5482 1198 5556 ὡμοιώθημεν
1223 5479 1302 5548 τῷ
1332 5476 1500 5531 Δαὸὶδ
1533 5475 1786 5547 πενθήρη

142 5584 411 5659 ψαλμὸν
442 5582 536 5636 ἐπὶ
564 5580 647 5651 τῷ
668 5578 773 5650 υίῷ
802 5574 1032 5650 ᾅσαντιι
1066 5574 1131 5627 Εἰ
1155 5572 1211 5624 δὲ
1255 5571 1463 5633 ἐκεῖνος
1492 5568 1667 5632 οὕτως
1691 5569 1786 5622 ἐπὶ

1946 2799 2071 2856 Fuit
2115 2799 2319 2856 divinae
2377 2801 2668 2875 cujusdam
2725 2802 3099 2869 demissionis,
3157 2806 3303 2877 quod
3357 2821 3469 2862 non

1875 2895 2040 2951 modo
2091 2896 2147 2949 in
2177 2909 2398 2949 sacrum
2432 2903 2791 2967 conspectum
2830 2907 2990 2953 tuum
3045 2900 3233 2956 venire
3274 2912 3473 2970 passus

1874 2986 1955 3044 sis
1978 2984 2208 3040 fratrem
2247 2998 2502 3041 nostrum
2532 2986 2863 3058 spiritalem,
2890 3003 3068 3059 eaque
3099 2988 3310 3059 profari
3349 3005 3474 3061 qum

1884 3079 2104 3144 liberet,
2164 3087 2279 3135 tam
2330 3079 2527 3139 leuiter
2580 3094 2648 3137 ac
2691 3081 3023 3137 moderate:
3078 3098 3269 3139 verum
3304 3083 3470 3139 etiam

1875 3170 2158 3225 dominam
2210 3170 2459 3241 mihique
2483 3171 2859 3227 venerandam
2905 3173 3193 3244 patriciam
3222 3189 3349 3231 cum
3377 3190 3476 3231 no-

1874 3259 2144 3316 bilissima
2204 3270 2299 3316 tua
2331 3262 2522 3316 sobole
2572 3262 2893 3330 adduxeris,
2936 3264 3308 3337 jusserisque,
3360 3278 3472 3321 non

1875 3361 2061 3423 caput,
2089 3352 2185 3408 sed
2215 3368 2358 3423 genu
2391 3361 2521 3409 ante
2554 3353 2735 3424 ipsum
2778 3353 3088 3410 inﬂectere.
3121 3353 3169 3411 0
3198 3354 3470 3427 insignem

1875 3444 2045 3499 animi
2072 3444 2467 3501 demissionem
2490 3445 2506 3501 ι
2533 3460 2568 3502 o
2600 3447 2819 3517 plenam
2860 3447 3061 3517 pietate
3094 3449 3471 3518 prudentiam!

1877 3552 1913 3592 θ
1959 3536 2191 3592 nimiam
2237 3546 2387 3592 tuam
2424 3538 2479 3592 in
2524 3538 2909 3608 peccatoribus
2959 3537 3478 3611 llduciamlNeque

1876 3646 2013 3689 vere
2078 3632 2435 3688 admissionis
2489 3633 2658 3703 hujus
2708 3635 2939 3705 pranni‘o
2993 3634 3346 3691 fraudabere.
3397 3633 3475 3692 Ea

1880 3736 2106 3799 propter
2138 3726 2238 3781 tibi
2267 3725 2455 3780 omnia
2477 3725 2673 3780 insunt
2701 3742 2717 3780 :
2762 3740 2828 3781 ac
2860 3727 3036 3799 magis
3064 3727 3230 3783 etiam
3260 3727 3331 3782 ob
3363 3728 3478 3782 vir-

1880 3829 2074 3887 tutem,
2099 3818 2299 3874 merito
2322 3817 2594 3875 Dominus
2624 3833 2779 3874 meus
2808 3827 2866 3874 et
2896 3820 3168 3889 sanguine
3190 3827 3247 3874 et
3273 3820 3475 3890 spiritu

1880 3912 2085 3969 eharus
2141 3922 2205 3967 ea
2255 3910 2516 3966 omnibus
2566 3912 2661 3982 qui
2709 3921 2761 3967 te
2814 3920 3087 3967 noverunt
3117 3918 3172 3967 et
3201 3913 3477 3967 viderunt.

1881 4003 2065 4073 Atque
2111 4002 2309 4057 harum
2363 4016 2550 4056 rerum
2608 4010 2776 4057 testes
2840 4012 2974 4057 sunt
3002 4003 3109 4058 illae
3135 4016 3237 4074 pro
3263 4005 3478 4058 meritis

1881 4083 2254 4167 praerogativae
2277 4102 2406 4159 tuae,
2440 4094 2645 4167 quippe
2670 4095 2898 4150 totidem
2938 4097 3169 4167 praemia
3201 4094 3422 4152 virtutis
3459 4114 3475 4151 :

1883 4189 1951 4242 ad
1988 4200 2154 4257 quam
2187 4198 2337 4250 eam,
2371 4195 2428 4239 tu
2463 4185 2630 4241 simul
2669 4200 2796 4240 cum
2843 4200 3039 4252 uxore,
3076 4185 3232 4257 juxta
3268 4197 3479 4243 natura:

1883 4278 2059 4351 legem
2090 4277 2235 4332 lllios
2282 4275 2541 4348 ﬁliasque
2572 4275 2882 4333 int‘orinasti
2913 4295 2929 4347 ;
2984 4290 3117 4334 .vere
3143 4279 3478 4350 conspicuas

1884 4371 2109 4444 pietatis
2151 4379 2261 4426 tua:
2290 4370 2562 4442 imagines
2602 4370 2884 4434 ellinaisti,
2938 4386 3062 4440 qua:
3088 4386 3155 4426 ex
3181 4370 3476 4428 indiscreta

1886 4472 2069 4519 tecum
2114 4478 2179 4518 ac
2209 4461 2503 4519 manifesta
2548 4461 2910 4519 similitudine
2945 4463 3252 4519 certissime
3278 4462 3477 4535 digno-

1814 4568 1859 4624 υ
1887 4564 2136 4612 scautur.

1958 4646 2069 4702 Sed
2102 4646 2173 4702 de
2197 4646 2304 4702 hoc
2327 4654 2658 4717 argumento
2692 4646 2987 4701 hactenus.
3016 4644 3192 4712 Quam
3215 4661 3349 4702 vero
3376 4660 3483 4721 ego

1886 4740 2114 4795 humilis
2181 4738 2616 4795 consolatoriam
2691 4739 3002 4793 orationem
3074 4738 3351 4793 inveniam
3420 4741 3479 4795 in

1886 4831 2244 4904 pulcherrimi
2292 4831 2406 4886 nati
2436 4832 2513 4885 tui
2544 4840 2749 4898 morte,
2785 4831 2881 4901 qui
2912 4829 3249 4886 Praecursori
3273 4846 3481 4903 cogno-

1885 4926 2049 4980 minis
2086 4923 2233 4978 luit?
2286 4939 2530 4995 quanam
2580 4931 2701 4978 arte
2748 4922 2835 4977 vel
2890 4922 3167 4978 tantillum
3214 4923 3479 4995 mitigabo

1885 5016 2322 5071 venerandarum
2357 5017 2669 5070 animarum
2701 5025 3018 5072 vestrarum
3055 5015 3482 5086 aegritudinem?

1887 5110 2019 5165 Mihi
2053 5112 2200 5166 enim
2236 5111 2307 5166 ab
2337 5110 2531 5168 eodem
2563 5110 2735 5167 fratre
2763 5111 3204 5179 nuntiatumest,
3235 5122 3479 5182 quantus

1890 5204 1962 5260 sit
1987 5214 2165 5260 vester
2214 5205 2397 5270 dolor,
2423 5205 2635 5276 quales,
2697 5221 2864 5278 quam
2908 5207 3182 5264 fervelites
3203 5222 3270 5264 ex
3299 5208 3479 5265 oculis

1891 5296 2146 5369 lacrymaa
2174 5307 2396 5352 manent
2421 5314 2437 5352 :
2466 5310 2595 5368 qua
2622 5298 2821 5355 deinde
2842 5299 3282 5371 implorationes,
3309 5316 3477 5372 quam

1892 5387 2143 5460 lugubris
2197 5389 2400 5457 oratio,
2454 5406 2578 5461 quae
2619 5392 2907 5462 suspiria:
2964 5404 3025 5448 ut
3074 5408 3198 5449 cum
3228 5393 3480 5464 singulas

1892 5481 2049 5551 pueri
2090 5482 2252 5539 dotes
2293 5484 2571 5550 audirem,
2618 5486 2738 5556 pari
2768 5485 3164 5557 propemodum
3190 5484 3476 5540 vobiscum
3572 5518 3583 5529 κ

1892 5573 2099 5630 doloris
2126 5575 2323 5632 affectu
2362 5591 2760 5634 commoverer.
2808 5577 2946 5643 Heu,
2992 5590 3156 5649 quam
3189 5575 3378 5631 Davidi
3403 5576 3481 5631 si-

1895 5665 2053 5721 miles
2077 5665 2255 5723 ell‘ecti
2286 5682 2502 5732 sumus,
2528 5682 2657 5724 cum
2686 5668 3005 5724 luctuosum
3033 5667 3100 5720 de
3121 5664 3232 5720 lilio
3252 5679 3477 5720 carmen

1894 5756 2171 5814 accineret
2199 5758 2213 5813 ι
2248 5758 2404 5825 Quod
2436 5760 2482 5815 si
2511 5758 2602 5815 ille
2633 5759 2715 5815 sic
2739 5757 2966 5817 allectus
2985 5767 3069 5815 est
3092 5772 3222 5828 erga
3246 5754 3476 5830 impium

143 5674 489 5747 ἀτασθάλῳ
525 5674 621 5728 καὶ
650 5671 946 5740 ἁντάραντι
989 5667 1086 5722 καὶ
1114 5662 1331 5718 δικαίαν
1356 5662 1516 5733 δίκην
1554 5663 1654 5732 τῆς
1681 5678 1787 5714 πα-

138 5768 451 5846 τραλοίας
479 5766 717 5820 δὼσαντι
736 5780 751 5796 ·
786 5762 839 5818 τί
867 5762 950 5816 δεῖ
984 5757 1219 5814 ἐνταῦθα
1251 5757 1465 5821 simis;
1493 5753 1591 5808 καὶ
1621 5752 1782 5826 πηλί-

226 5889 287 5922 ⁸⁸
342 5883 627 5948 Psal.xi.v,
662 5882 716 5937 '5.
792 5879 839 5912 "
867 5878 1025 5936 Rom.
1054 5892 1176 5942 vin,
1206 5874 1298 5932 35.
1376 5873 1419 5906 “
1449 5870 1572 5929 Act.
1608 5888 1665 5939 κ,
1696 5872 1788 5928 34.
