4054 6364
660 421 798 486 1267
1852 417 1914 480 S.
1946 417 2341 480 THEODORI
2380 414 2728 479 STUDITE
3716 419 3814 486 1268

651 553 719 593 ac
749 537 1100 606 perduellem,
1147 538 1374 594 meritas
1413 536 1691 608 parricidii
1715 551 1910 608 poenas
1943 539 2186 593 luentem
2217 555 2231 593 :

2217 555 2231 593 :
2263 542 2310 601 Α
2337 553 2433 592 κον
2475 536 2668 608 ἔρανον
2713 531 2810 589 τοῦ
2862 533 3024 604 λόγου
3063 530 3424 604 ποιήσασθαις
3472 533 3660 605 οἴχεται
3705 542 3813 609 παῖς,

649 633 783 702 quid
820 644 964 687 nunc
993 631 1325 688 dicendum?
1375 641 1471 686 aut
1528 645 1690 700 quam
1727 644 1955 685 necesse
1999 641 2082 686 est
2112 645 2237 687 ora-

2216 663 2237 675 -
2339 627 2472 682 αὐτὸ
2492 629 2592 700 τῆς
2613 626 2834 700 ἡλικίας
2863 627 3014 697 ἄγων
3040 626 3102 680 τὸ
3124 624 3404 697 βιώσιμον,
3431 627 3730 694 εὐπαίδευτος
3749 635 3817 686 καὶ

651 726 818 781 tionis
849 726 1084 780 conferri
1120 725 1419 796 symbolam
1445 725 1469 778 ?
1508 722 1648 777 Puer
1675 723 1884 778 interiit
1911 739 2035 778 cum
2059 723 2236 780 artatis

2215 739 2236 780 ε
2337 721 2526 794 τρόπῳ
2572 723 2668 775 καὶ
2704 719 2870 791 λόγῳ,
2911 719 3288 792 εὐμελὴςκαὶ
3315 717 3429 790 ἤθει
3471 721 3555 773 καὶ
3583 720 3816 792 φθέγματι·

648 815 782 869 flore
832 815 952 885 ipso
995 814 1288 876 frueretur,
1327 821 1383 867 et
1419 823 1612 880 suopte
1641 813 1860 882 ingenio
1887 821 1941 866 et
1976 813 2234 884 magistri

2219 813 2234 868 i
2339 814 2436 867 ἀπ’
2466 811 2638 883 αὐτῆς
2666 813 2764 884 τῆς
2797 813 3044 884 ὁράσεως
3067 813 3150 875 είς
3169 812 3386 882 φίλτρον
3411 812 3740 882 ἐπισπώμενος
3755 818 3819 870 τὸν

647 921 782 961 voce
814 906 1178 976 pereruditus,
1213 904 1461 958 moribus
1502 911 1556 956 et
1587 917 1842 957 sermone
1867 902 2122 967 blandus,
2152 902 2236 956 vel

2221 902 2236 955 ι
2340 904 2649 976 θεώμενον·
2681 905 2744 957 τὸ
2773 904 2983 975 μεῖζον,
3018 903 3258 974 καθαρὸς
3283 903 3344 956 τὸ
3367 901 3548 972 σῶμα,
3579 903 3734 969 λευκὸς
3752 906 3820 978 τὴν

648 999 769 1069 ipso
795 1006 1020 1066 aspectu
1062 997 1310 1066 quemvis
1343 995 1394 1048 in
1433 994 1518 1050 sui
1549 1009 1794 1049 amorem
1837 994 2089 1048 alliciens
2118 1011 2132 1047 :
2161 1002 2233 1060 et,

2218 1035 2233 1060 ,
2338 998 2522 1070 ψυχήν
2543 1015 2558 1027 ο
2586 1001 2650 1052 τὸ
2673 996 2774 1068 μὲν
2799 999 2865 1066 τῇ
2895 997 3190 1068 παρθενίᾳ,
3219 997 3354 1067 ὅπερ
3379 997 3517 1049 ἐστὶν
3543 996 3818 1064 ἀξιάγαστον·

647 1093 794 1162 quod
841 1090 1019 1158 majus
1068 1098 1174 1154 est,
1205 1103 1378 1158 purus
1426 1103 1681 1158 corpore,
1715 1087 1901 1141 animo
1928 1087 2233 1141 candidus:

2220 1103 2233 1140 :
2343 1092 2420 1164 μὴ
2449 1091 2592 1146 κατὰ
2640 1092 2768 1154 τοὺς
2799 1089 3134 1162 ρηξίφρονας
3186 1088 3379 1152 ἁλοὺς,
3405 1087 3533 1141 ἀλλὰ
3557 1089 3640 1142 τοῦ
3673 1090 3821 1155 πάθους

647 1183 781 1236 illud
839 1181 1060 1251 quidem
1094 1181 1164 1234 ob
1211 1179 1603 1252 virginitatem,
1652 1194 1775 1249 quae
1806 1178 1906 1233 dos
1934 1179 2232 1232 maximam

2221 1192 2232 1230 I
2341 1183 2780 1254 ὑπεραλλόμενος
2800 1199 2815 1214 ο
2841 1182 2903 1236 τὸ
2921 1183 2981 1236 δὲ
3010 1184 3076 1254 τῇ
3108 1179 3373 1252 ἁμεθεξίᾳ
3394 1179 3488 1250 τῆς
3515 1180 3599 1234 νῦν
3622 1183 3822 1253 κορυϐαν-

647 1275 811 1328 habet
858 1272 1386 1338 admirabilitatem;
1444 1285 1626 1340 neque
1679 1269 1828 1324 enim
1890 1269 2232 1339 perditorum

2222 1284 2232 1321 ι
2339 1277 2545 1348 τιώσης
2606 1275 2898 1348 αἱρέσεως.
2957 1275 3135 1344 Ὅπερ
3194 1273 3508 1343 θαυμασίως
3567 1275 3638 1333 είς
3681 1275 3823 1326 ταυτὸν

644 1380 798 1420 more
857 1365 1104 1420 irretitus
1158 1373 1264 1426 est,
1321 1363 1414 1418 sed
1473 1363 1667 1417 vitium
1720 1361 2047 1432 superavit:
2086 1359 2230 1416 istud

2222 1359 2230 1414 Ι
2342 1365 2958 1440 συνέδραμεν,ἀφθορία
2987 1365 3196 1437 ψυχῆς,
3235 1364 3466 1436 ἀφθορία
3504 1364 3732 1434 σώματος.
3763 1365 3823 1429 Ὠς

648 1461 859 1519 autem,
915 1454 1062 1523 quod
1098 1453 1305 1507 nullam
1369 1468 1496 1507 cum
1551 1452 1742 1506 haeresi
1777 1467 1900 1522 quae
1929 1467 2076 1506 nunc
2102 1450 2234 1504 bac-

2223 1479 2234 1490 ·
2339 1461 2620 1515 ἑπαινετοὶ
2651 1461 2701 1513 οί
2739 1460 3100 1530 γεννήτορες,
3149 1455 3391 1510 τοιούτου
3435 1456 3606 1518 παιδὸς
3650 1457 3824 1526 πατέρες

645 1547 846 1600 chatur
906 1548 1224 1601 societatem
1279 1545 1483 1601 inierit.
1527 1543 1719 1614 Itaque
1761 1543 2023 1599 divinitus
2055 1543 2238 1598 coiere

2222 1557 2238 1598 ξ
2338 1550 2819 1623 χρηματίσαντες,
2862 1548 3212 1618 ἐνεγκόντες,
3251 1546 3313 1600 οὐ
3363 1546 3657 1617 σωματικῶς
3694 1546 3823 1616 μόνον,

645 1639 700 1692 in
745 1655 914 1693 unum
967 1639 1250 1709 integritas
1281 1640 1475 1704 animi,
1525 1637 1922 1708 integritasque
1964 1636 2234 1706 corporis.

2224 1674 2234 1688 -
2338 1645 2478 1700 ἀλλὰ
2499 1645 2596 1698 καὶ
2628 1642 3020 1714 πνευματικῶς
3058 1640 3424 1712 εὐφυέστατον
3463 1637 3632 1708 ἕρνοςῖ
3663 1639 3733 1701 Ὧς
3752 1653 3825 1708 μα-

645 1734 861 1797 Quunta
923 1732 1072 1800 digni
1115 1731 1276 1788 laude
1326 1743 1606 1802 parentes,
1650 1732 1740 1800 qui
1781 1731 1940 1784 talem
1979 1729 2236 1800 genuisse

2224 1745 2236 1784 3
2339 1739 2602 1811 καριστὸς
2633 1739 2661 1792 ὁ
2683 1737 2844 1807 γόνος
2860 1753 2876 1768 ο
2902 1734 3040 1806 ὁμοῦ
3069 1735 3170 1806 μὲν
3193 1731 3490 1802 πατρώζων
3511 1745 3523 1759 ·
3561 1730 3676 1800 ὁμοῦ
3695 1729 3738 1782 δὲ
3760 1729 3825 1781 καὶ

645 1837 876 1890 puerum
924 1823 1173 1879 feruntur
1208 1844 1221 1880 :
1278 1824 1372 1894 qui
1415 1839 1522 1877 non
1560 1824 1736 1877 solum
1781 1837 2030 1891 corpore,
2055 1825 2147 1876 sed
2183 1831 2238 1876 et

2224 1831 2238 1876 ι
2339 1831 2533 1885 ἑαυτὸν
2577 1828 2802 1900 Χριστῷ
2838 1827 3258 1898 ίνδαλματίσαςο
3295 1825 3355 1888 ὃς
3396 1826 3460 1894 τῇ
3495 1823 3715 1892 παρθένῳ
3737 1839 3825 1890 γενο

647 1915 866 1984 spiritu,
901 1925 1008 1970 tam
1058 1917 1273 1987 egregia
1306 1916 1488 1972 indole
1520 1917 1728 1986 prolem
1769 1915 2008 1970 finxere!
2039 1915 2082 1968 0
2112 1913 2233 1970 feli-

2224 1947 2233 1957 -
2264 1902 2307 1957 B
2336 1923 2490 1994 νήσει
2519 1921 2618 1992 τὴν
2650 1918 2950 1991 παρθενίαν
2979 1919 3241 1988 τιμήσας,
3263 1914 3470 1968 ¹ὀπαδὸν
3493 1913 3558 1976 ὠς
3582 1913 3677 1964 υίδν
3699 1912 3825 1980 ctuti;

646 2025 766 2063 cem
797 2021 1038 2080 partum,
1070 2014 1183 2068 sive
1213 2013 1358 2082 quod
1401 2012 1611 2082 patrios
1641 2025 1825 2066 mores
1853 2010 2100 2065 imitatus
2126 2019 2232 2077 est,

2222 2053 2232 2077 ,
2335 2013 2432 2067 τὸν
2477 2012 2592 2066 υἱὸν
2622 2011 2777 2081 ὑμῶν
2809 2010 3022 2081 εἴληφε.
3053 2009 3120 2060 Τί
3149 2002 3280 2074 οὖν;
3313 2002 3578 2074 κλαυθμοῦ
3608 2002 3659 2054 τὸ
3677 2001 3823 2072 δρᾶμα,

647 2103 763 2156 sive
790 2102 937 2171 quod
966 2103 1018 2157 in
1067 2119 1126 2158 se
1154 2104 1272 2174 ipse
1299 2104 1583 2158 Christum
1634 2104 1904 2172 expressit
1936 2120 1950 2156 :
1987 2103 2082 2172 qui
2109 2117 2233 2156 cum

2222 2118 2233 2156 ι
2337 2105 2616 2177 ἠχαρᾶς;
2658 2102 2872 2174 Δηλαδὴ
2924 2101 3288 2170 εὐφροσύνης,
3355 2097 3454 2151 κᾶν
3503 2095 3640 2158 ἀνίας
3680 2095 3823 2164 ὑμῖνὸ

645 2207 879 2248 nascens
925 2211 990 2249 ex
1051 2195 1278 2264 Virgine
1313 2195 1680 2264 virginitatem
1725 2195 1935 2249 honore
1964 2194 2228 2259 aﬂ‘ecerit,

2222 2236 2228 2256 ι
2336 2196 2616 2269 χωρισμὸς
2642 2193 2806 2249 αὑτοῦ
2851 2193 3191 2264 ἐνεποίησεν.
3222 2184 3394 2254 Οὗτος
3425 2189 3594 2260 χαίρει
3618 2189 3733 2258 χαρᾷ
3759 2184 3823 2240 νῦν

646 2285 732 2340 sui
785 2287 1069 2352 asseclam,
1131 2296 1318 2357 utpote
1367 2287 1538 2342 filium
1590 2286 1750 2351 lucis,
1788 2286 1958 2340 lilium
1993 2297 2234 2342 vestrum

2224 2301 2234 2340 ι
2337 2286 2395 2336 ὲν
2425 2285 2708 2354 οὐρανοῖς,
2741 2281 2986 2353 πρέσϐυς
3008 2280 3432 2350 καθιστάμενος.
3466 2281 3551 2331 Δεῖ
3569 2273 3648 2330 οὗν
3664 2275 3825 2344 συγχαί-

646 2377 878 2446 excepit.
939 2379 1077 2444 Quid
1104 2379 1274 2449 ergo?
1314 2377 1522 2434 Luctus
1580 2378 1658 2442 id,
1712 2393 1779 2432 an
1831 2377 2033 2432 laetitia;
2062 2392 2229 2447 argu-

2224 2407 2229 2418 '
2342 2394 2458 2449 ρειν
2497 2377 2644 2447 ἡμᾶς
2677 2374 2755 2446 τῷ
2788 2373 3100 2446 χαιρομένῳ
3144 2373 3355 2442 ὰπάρτι
3377 2411 3392 2436 ,
3423 2369 3549 2423 ἀλλὰ
3591 2369 3654 2440 μὴ
3689 2368 3825 2420 λυπεῖν

646 2482 888 2523 mentum
911 2471 935 2524 ?
960 2469 1153 2525 Gaudii
1183 2471 1366 2540 utique
1389 2489 1403 2538 ;
1435 2471 1562 2526 licet
1587 2484 1879 2525 maerorem
1907 2469 2060 2523 vobis
2083 2469 2230 2525 illius

2225 2486 2230 2522 ι
2339 2469 2506 2522 αὐτὸν
2546 2470 2603 2522 ὲν
2632 2465 2709 2538 τῷ
2763 2465 3073 2519 λυπεῖσθαι.
3126 2464 3312 2535 Πέρας
3337 2465 3365 2516 ὁ
3407 2461 3552 2530 λόγος
3580 2457 3826 2531 ἐχέτωοτὴν

645 2577 908 2618 excessus
951 2563 1217 2618 attulerit.
1254 2563 1376 2633 lpse
1422 2578 1572 2618 nunc
1605 2561 1808 2632 gaudio
1834 2562 2144 2632 triumphat
2173 2562 2230 2617 in

2223 2581 2230 2615 ι
2337 2556 2433 2609 ἐπὶ
2463 2559 2530 2627 τῇ
2581 2554 2901 2626 πεμφθείσῃ
2939 2552 3161 2624 εὐλογίᾳ.
3206 2551 3550 2624 εὐχαριστίαν
3578 2550 3662 2605 καὶ
3684 2547 3824 2604 ἀπολο-

649 2655 823 2718 ctelis,
869 2656 1122 2726 princeps
1157 2658 1358 2712 factus.
1394 2655 1460 2711 Et
1505 2671 1606 2727 nos
1640 2655 1807 2726 igitur
1829 2656 2067 2725 gaudere
2112 2655 2232 2726 ejus

1424 2655 1460 2711 2t
1505 2671 1606 2727 nos
1640 2655 1807 2726 igitur
1829 2656 2067 2725 gaudere
2112 2655 2232 2726 ejus
2337 2650 2462 2720 γίαν
2495 2647 3025 2719 συναποφερόμενος.

649 2747 907 2817 gaudium
967 2748 1223 2818 deinceps
1281 2764 1508 2804 necesse
1557 2756 1663 2808 est,
1710 2763 1816 2801 non
1877 2762 2003 2802 eum
2074 2756 2262 2802 nostro
2334 2757 2572 2798 maerore
2623 2741 2976 2797 contristare.
3009 2741 3216 2796 Habeat
3247 2740 3399 2795 hunc
3424 2739 3632 2812 epistola
3657 2737 3821 2795 exitum,

649 2857 748 2911 pro
773 2844 1099 2899 transmisso
1140 2859 1370 2898 munere
1403 2846 1704 2914 gratiarum
1748 2841 2018 2897 actionem
2070 2841 2237 2898 simul
2273 2847 2330 2894 et
2357 2837 2768 2894 excusationem
2797 2834 3062 2892 referens.

1113 2961 1224 3016 LV.
1261 2993 1326 3002 --
1359 2960 1607 3032 Gargara:
1639 2965 1796 3020 laico.
2649 2958 2714 3012 Νι

2649 2957 2774 3012 ΝΕ⁹ο
2832 2988 2887 2999 -
2921 2954 3199 3027 Γρηγορᾷ
3220 2953 3434 3022 λαικῷ-
3465 2952 3629 3029 ltiti-1

1570 3059 1672 3109 Pro
1692 3061 1788 3108 fide
1808 3061 2060 3121 captivum
2091 3058 2310 3108 roborat.
2339 3055 2542 3119 (Baron.
2575 3068 2654 3106 an.
2682 3053 2792 3115 818,
2825 3067 2877 3102 n.
2905 3052 3008 3116 19.)
3591 3033 3600 3048 ”

723 3145 903 3208 Salve,
943 3145 1230 3199 confessor
1255 3142 1484 3200 Christi.
1521 3144 1714 3201 Merito
1753 3146 1845 3201 Dei
1877 3146 2152 3200 hominem
2183 3155 2234 3200 te
2263 3153 2309 3212 ο

2227 3153 2309 3212 ⁵0
2409 3165 2604 3235 Χαῖρε,
2667 3161 2981 3232 ὁμολογητὰ
3039 3159 3134 3214 τοῦ
3190 3159 3471 3232 Χριστοῦο
3528 3160 3719 3221 εἰκότως
3764 3157 3828 3210 ἇν-

649 3237 780 3292 oiim
809 3237 1074 3308 appellavi
1103 3254 1118 3292 :
1155 3252 1221 3291 en
1253 3236 1514 3292 mentitus
1548 3253 1656 3292 non
1689 3247 1774 3293 est
1799 3237 2026 3293 humilis
2053 3253 2238 3292 sermo

2224 3253 2238 3292 ⁵
2338 3257 2556 3328 θρωπον
2593 3254 2687 3308 τοῦ
2746 3253 2883 3307 Θεοῦ
2916 3253 3086 3306 πάλαι
3124 3252 3546 3322 προσηγόρευσά
3577 3266 3655 3302 σε’
3687 3249 3762 3308 ῖδε,
3784 3247 3825 3300 οὗ

651 3346 826 3392 meus,
873 3330 968 3400 qui
1005 3329 1258 3384 sublimis
1289 3329 1342 3383 in
1393 3337 1446 3384 te
1477 3331 1749 3399 apparuit.
1801 3329 2088 3396 Quomodo
2111 3345 2235 3385 car-

2230 3361 2235 3370 '
2336 3347 2630 3419 διεψεύσθη
2661 3348 2691 3401 ό
2745 3345 3005 3410 ταπεινός
3059 3363 3160 3414 μου
3219 3345 3404 3414 λόγος,
3462 3343 3645 3413 ὑψηλὸς
3685 3343 3730 3394 ὲν
3776 3337 3831 3391 σοι

651 3423 782 3476 cer?
811 3421 1008 3475 Ferrea
1043 3420 1206 3474 etiam
1242 3421 1461 3476 vincula
1488 3421 1752 3485 sustines,
1790 3431 1850 3476 ut
1892 3421 2078 3486 audio,
2109 3437 2235 3476 eor-

2227 3451 2235 3463 '
2337 3441 2697 3511 ἀποφανθείς.
2764 3439 2950 3510 Πῶςή
3003 3438 3260 3508 φυλακῆς
3320 3438 3502 3510 φέρεις
3540 3436 3623 3488 καὶ
3663 3433 3828 3500 σίδηρα,

653 3529 787 3582 pore
817 3512 1168 3567 constrictus.
1202 3511 1312 3566 Res
1365 3511 1661 3567 laboriosa.
1692 3510 2081 3568 Verumtamen
2107 3528 2240 3566 con-

2231 3542 2240 3554 ³
2336 3531 2413 3594 ὡς
2444 3510 2660 3592 ἀκούω,
2699 3529 2847 3583 ἔνδον
2889 3529 3210 3599 πιεζόμενος
3260 3530 3365 3592 τὰς
3406 3528 3617 3598 σάρκας.
3642 3521 3832 3580 Κσπῶδες

651 3605 859 3660 fortare
905 3603 961 3658 in
1021 3601 1276 3668 Domino,
1333 3612 1519 3658 sancte
1587 3613 1646 3657 et
1708 3612 2013 3671 martyrum
2085 3619 2239 3659 more

2232 3623 2239 3658 ⁵
2337 3623 2400 3674 τὸ
2431 3623 2687 3691 πρᾶγμα.
2740 3620 2891 3693 Πλὴν
2937 3613 3383 3692 ὲνδυναμωθείης
3423 3621 3480 3673 ἐν
3511 3613 3833 3689 Κυρίῳ,ὁσῖως

651 3695 992 3765 depugnans.
1053 3693 1222 3760 Belle,
1283 3695 1442 3759 belle,
1494 3695 1682 3760 frater,
1741 3697 1922 3766 qualis
1972 3696 2233 3751 eluxistil

2338 3717 2436 3770 mi.
2497 3714 2854 3788 μαρτυρικῶς
2907 3713 3160 3770 διαθλῶν,
3212 3713 3316 3777 Ὢ,
3363 3710 3439 3780 ὣ,
3488 3708 3692 3777 ἀδελφὲ,
3729 3707 3835 3763 ποῖος

650 3797 914 3857 quantum
971 3790 1241 3843 exaltatus
1296 3791 1402 3844 es!
1458 3789 1612 3845 Unus
1654 3805 1723 3844 ex
1773 3790 2031 3845 omnibus
2065 3790 2240 3846 laicus

2231 3807 2240 3845 i
2339 3803 2682 3874 ὲξέλαμψαςῖ
2711 3803 2898 3874 ἡλίκον
2927 3801 3185 3872 ὑψώθηςῖ
3214 3797 3313 3866 Εἷς
3346 3803 3410 3856 ὲκ
3453 3803 3650 3855 πάντων
3677 3795 3832 3854 λαῖκὸςς

651 3883 740 3944 (de
773 3882 841 3936 iis
867 3883 1064 3953 loquor
1089 3883 1182 3952 qui
1215 3883 1318 3938 sub
1343 3883 1444 3938 hoc
1475 3884 1708 3955 imperio
1752 3884 1979 3955 degunt)
2003 3895 2057 3939 tu
2085 3884 2237 3940 solus

2233 3906 2237 3936 ί
2338 3895 2448 3948 τῶν
2481 3895 2589 3950 ὑπὸ
2614 3895 2774 3964 τήνδε
2798 3894 2898 3966 τὴν
2927 3894 3180 3961 ἐξουσίαν
3202 3894 3383 3962 λέγω,
3419 3894 3482 3947 σὺ
3513 3893 3654 3962 μάθος
3676 3884 3834 3954 τῷθεῷ

652 3977 761 4030 Ι)εο
786 3977 1069 4030 conlessor
1110 3986 1370 4032 ostensus
1402 3993 1462 4031 es
1494 3987 1548 4031 et
1577 3977 1784 4048 angelis
1817 3986 1870 4032 et
1901 3978 2234 4034 hominibus.

2230 4021 2234 4032 -
2338 3985 2617 4055 ὁμολογῶν
2647 3986 2975 4057 ὑπεδείχθης
3010 3986 3106 4039 καὶ
3147 3987 3408 4055 ἀγγέλοις
3454 3988 3546 4040 καὶ
3575 3981 3831 4051 evomam;-

647 4068 840 4124 Cernis
881 4070 1100 4124 ubinam
1133 4077 1187 4124 te
1212 4071 1494 4124 detineant
1530 4070 1949 4140 persecutores?
1989 4069 2046 4124 ln
2077 4072 2231 4141 pala-

2349 4077 2512 4148 Ὁρᾷς
2542 4075 2645 4129 ποῦ
2669 4093 2726 4129 σε
2750 4076 2840 4130 καὶ
2866 4077 3192 4146 κατέχουσιν
3230 4079 3282 4130 οί
3310 4076 3534 4130 διῶκται
3558 4091 3572 4140 ;
3602 4075 3679 4136 El;
3700 4072 3752 4124 ti
3771 4068 3835 4138 βα·

650 4162 776 4216 tiu:
835 4176 932 4216 ceu
996 4161 1347 4231 margaritam
1385 4201 1401 4226 ,
1486 4177 1583 4218 ceu
1645 4177 1830 4233 regem
1887 4163 2232 4218 affectuum:

2230 4183 2232 4212 τ
2337 4167 2544 4221 σῖλεια·
2581 4166 2658 4230 ὡς
2710 4167 3080 4236 μαργαρίτην,
3124 4168 3202 4229 ὡς
3236 4167 3469 4236 βασιλέα
3523 4166 3623 4220 τῶν
3667 4160 3831 4216 παθῶν·

647 4253 900 4322 quamvis
967 4253 1040 4308 ita
1095 4270 1201 4307 non
1247 4255 1504 4312 sentiant.
1565 4253 1642 4310 Ne
1691 4256 1905 4319 timeas,
1937 4257 2130 4322 amice,
2167 4273 2235 4313 ne

2234 4285 2235 4304 ς
2335 4258 2440 4313 κᾶν
2465 4259 2564 4329 οὐχ
2595 4257 2768 4322 οὕτως
2803 4259 3088 4328 νομίζωσι.
3130 4261 3286 4331 Μηδὲ
3307 4302 3322 4326 ,
3352 4261 3472 4331 φίλε
3491 4299 3506 4325 ,
3543 4257 3725 4327 δείσῃς.
3749 4247 3835 4321 μηδ’

649 4351 907 4404 terrearis
932 4350 1003 4404 ob
1029 4349 1374 4405 inuninentia
1425 4351 1650 4405 verbera
1673 4368 1687 4418 ;
1713 4351 1958 4418 sustine;
1981 4350 2233 4408 Christus

2232 4395 2233 4398 η
2335 4347 2404 4406 αὖ
2439 4351 2686 4422 φοϐηθῇς
2725 4352 2994 4422 μάστιγας
3043 4353 3351 4423 ὲρχομιὲνας
3373 4370 3389 4386 ·
3419 4351 3707 4411 ὑποίσειας·
3737 4347 3833 4414 Χρι-

648 4457 754 4496 una
789 4443 1105 4507 sublevans,
1156 4443 1321 4498 simul
1371 4443 1662 4513 adiuvans,
1693 4453 1752 4498 ut
1783 4444 1947 4498 simul
1981 4460 2232 4514 pugnans

2337 4444 2462 4508 στὸς
2511 4446 2540 4498 ὁ
2583 4442 2987 4512 συγκουφίζων,
3046 4445 3075 4496 ὀ
3126 4441 3752 4514 συναντιλαμϐανόμενος.
3784 4434 3834 4494 ὡς

645 4543 702 4588 et
740 4537 902 4589 simul
942 4550 1259 4606 percussus.
1303 4536 1360 4590 Si
1401 4551 1533 4603 ergo
1564 4552 1592 4590 a
1627 4541 1888 4607 quopiam
1933 4554 1964 4592 e
1998 4538 2234 4592 subditis

2339 4535 2620 4590 συναολῶν
2648 4536 2744 4589 καὶ
2777 4535 3232 4608 συντυπτόμενος.
3277 4538 3406 4589 Ἐὰν
3430 4532 3522 4589 οὖν
3549 4531 3836 4600 κατεχόμενος

647 4627 921 4692 detentus,
957 4629 1342 4698 imperatorem
1377 4628 1603 4682 haberes
1629 4629 1993 4694 defensorem,
2029 4638 2231 4683 etcum

2339 4628 2442 4681 ὑπό
2487 4645 2634 4690 τινος
2672 4628 2782 4680 τῶν
2829 4626 2936 4679 ὑπὸ
2981 4629 3174 4696 χεῖρα.
3230 4622 3380 4698 εἶχες
3434 4627 3522 4680 τὸν
3559 4622 3836 4695 βασιλεύοντα

648 4722 982 4785 verberaris,
1017 4730 1192 4776 tecum
1225 4730 1279 4776 et
1309 4721 1494 4776 animo
1519 4730 1573 4775 ct
1601 4719 1794 4774 affectu
1840 4723 2183 4776 verberatum
2215 4739 2229 4776 :

2335 4719 2848 4790 ὐπερασπιζόμενόν
2883 4735 3009 4785 σου,
3054 4719 3148 4771 καὶ
3180 4719 3240 4770 ὲν
3268 4718 3350 4789 τῷ
3380 4717 3618 4790 δέρεσθαι
3649 4709 3834 4778 συνδερό·

650 4829 834 4868 nonne
887 4815 996 4882 pati
1056 4815 1342 4883 gauderes,
1410 4826 1797 4869 ornamentum
1871 4816 2230 4884 amplectens,

2335 4813 2496 4883 μενόν
2521 4829 2606 4864 σοι
2631 4814 2698 4882 τῇ
2721 4811 2990 4864 διαθέσειο
3018 4813 3118 4863 οὐκ
3149 4811 3217 4864 ἂν
3245 4811 3470 4881 ἔχαιρες
3496 4810 3690 4868 παθεῖν,
3716 4799 3834 4872 φιλῶν

647 4905 804 4974 quasi
855 4905 1109 4972 patiendo
1161 4907 1472 4974 perciperes
1502 4921 1642 4976 quas
1680 4905 2034 4960 desiderabas
2075 4920 2226 4975 opes,

2329 4903 2422 4956 τὸν
2452 4902 2688 4972 κόσμονο
2723 4902 2800 4965 ὡς
2829 4902 2896 4955 ἂν
2921 4901 2997 4970 τῷ
3028 4901 3192 4954 πάθει
3221 4901 3440 4970 eapse.»
3470 4899 3505 4953 ἃ.
3527 4896 3715 4956 ἐπόθεις
3740 4889 3836 4961 χρή·

649 4997 904 5066 gloriam,
966 4998 1334 5066 principatum
1355 4999 1390 5064 ?,
1429 4999 1652 5064 Quanto
1680 5013 1812 5052 vero
1839 4999 2014 5064 magis
2039 4998 2146 5052 hoc
2180 4999 2234 5050 in

2233 5041 2234 5047 η
2341 5012 2489 5064 ματα
2511 5035 2525 5056 ,
2557 4994 2753 5060 δόξας,
2786 4997 3061 5062 necessia;
3107 4994 3264 5062 Πόσῳ
3289 4993 3355 5063 δὴ
3394 4988 3496 5061 ᾧδε
3529 4988 3704 5061 μᾶλλον
3723 4982 3834 5035 τοῦτο

649 5102 709 5140 re
763 5087 1016 5156 praesenti
1071 5088 1453 5142 sentiendum!
1489 5086 1646 5153 Quod
1692 5098 1746 5142 et
1792 5087 2234 5157 amplectendum

2337 5088 2580 5156 νοητέον.
2604 5088 2671 5137 Ὃ
2701 5087 2796 5138 καὶ
2819 5084 3075 5155 φιλητέον
3109 5086 3244 5152 ἡμῖν
3270 5083 3333 5148 ἐξ
3362 5081 3668 5150 ἀναγκαίου’
3695 5076 3763 5128 ἵνα
3785 5068 3835 5136 μὴ

648 5180 812 5235 nobis
867 5179 1199 5246 necessario,
1243 5189 1302 5233 ut
1362 5195 1468 5234 non
1531 5181 1710 5234 somni
1768 5181 1968 5234 similia
2029 5183 2142 5235 haec
2183 5191 2238 5234 et

2339 5180 2404 5231 τὰ
2442 5177 2702 5248 ὀνειρὼδη
2745 5176 2921 5230 ταῦτα
2959 5177 3052 5230 καὶ
3099 5177 3338 5246 μάταιαο
3374 5175 3509 5229 ἀλλὰ
3534 5174 3597 5226 τὰ
3627 5170 3749 5224 ἀΐδια
3773 5163 3838 5215 καὶ

650 5271 856 5332 inania,
909 5271 1000 5324 sed
1036 5270 1366 5340 sempitern:
1404 5279 1460 5324 et
1506 5285 1631 5324 vera
1666 5282 1720 5325 et
1752 5269 2046 5324 inetiabilia
2093 5269 2235 5323 bona

2335 5272 2567 5344 ἀληθινὰ
2611 5272 2707 5325 καὶ
2758 5271 3100 5342 ἀνεκλάλητα
3141 5271 3322 5338 ἀγαθὰ
3370 5269 3740 5334 ἀπολάϐοιμεν·
3765 5276 3837 5326 φ’)-

649 5373 1078 5432 consequamur,
1130 5349 1338 5416 aeterna
1387 5363 1656 5432 supplicia
1693 5363 2058 5425 declinantes,
2086 5377 2232 5430 quae,

2336 5363 2528 5430 γὸντες
2567 5361 2668 5424 τὰς
2702 5360 2956 5423 αἰωνίους
2993 5361 3298 5430 τιμωρίαςο
3333 5359 3402 5421 ἃς
3431 5361 3481 5410 οι
3510 5351 3840 5425 ἀπαρνούμενοι

649 5458 740 5527 qui
767 5455 912 5527 pingi
957 5455 1239 5511 Christum
1273 5465 1496 5526 negant,
1549 5455 1939 5510 sustinebunt:
1972 5471 2002 5508 a
2027 5456 2234 5522 quibus

2337 5452 2572 5523 Χριστὸν
2601 5450 2998 5522 ἐγγράφεσθαι,
3018 5451 3441 5516 ὑποστήσονται’
3466 5441 3539 5502 ὧν
3559 5443 3840 5517 ῥυσθείημενο

650 5549 968 5614 liberemur,
1025 5551 1218 5613 frater,
1245 5563 1344 5619 pro
1375 5549 1536 5603 nobis
1566 5547 1798 5600 invicem
1830 5555 2073 5601 orantes.

1908 5555 2073 5601 mles.
2339 5543 2538 5612 ἁδελφὲ
2559 5584 2574 5609 ,
2609 5543 2752 5614 ὑπὲρ
2777 5542 3024 5612 ἀλλήλων
3059 5541 3509 5612 προσευχόμενοι.

880 5662 1011 5717 LVI.
1034 5696 1099 5709 --
1125 5661 1288 5717 Leoni
1320 5661 1561 5716 Patricio
1591 5671 1638 5715 et
1671 5659 1987 5716 Sacellurio.
2337 5659 2480 5725 NG".

2337 5659 2480 5725 NG".
2505 5687 2575 5697 ο-
2609 5655 2819 5712 Λέοντι
2842 5656 3138 5726 Πατρικίῳ
3159 5654 3256 5710 καὶ
3277 5653 3670 5722 Σακελλαρίῳ.
3701 5637 3843 5720 [τπβἽ

1673 5775 2046 5828 l'ersecutionis
2070 5772 2398 5823 acerbitatem
2425 5786 2537 5822 cum
2559 5773 2646 5821 illo
2666 5773 2911 5835 deplorat.
3802 5833 3821 5844 ⁸

721 5852 795 5912 Eu
851 5857 895 5912 si
957 5874 1119 5916 nosse
1171 5860 1448 5918 desideras
1502 5877 1621 5932 qum
1679 5871 1921 5916 nostrum
1979 5859 2239 5913 humilem

2423 5857 2484 5909 ΕΞ
2551 5855 2710 5918 αὖτις
2773 5855 2945 5924 φιλεῖς
3020 5855 3311 5926 μανθάνειν
3384 5852 3452 5906 τὰ
3505 5851 3594 5920 τῆς
3641 5848 3846 5902 ταπεινῆς
