4054 6364
260 389 400 456 1269

1465 392 1827 456 EPISTOLA
1837 393 2004 454 RUM
2041 395 2190 456 LIB.
2232 395 2318 456 II.

3391 393 3526 456 1270

261 504 410 578 ζωῆς
451 505 639 576 ἡμῶν,
674 507 751 570 ὡς
795 506 863 576 τῇ
906 503 1088 576 ἀγαθῇ
1121 503 1218 560 καὶ
1242 503 1556 578 φιλαλλήλῳ
1603 506 1844 560 διαθέσει

1963 509 2114 563 vitam
2133 517 2381 580 spectant
2399 548 2414 572 ,
2439 505 2900 578 quemadmodum
2924 522 2988 562 ex
3011 507 3226 563 sincera
3251 523 3315 562 ac
3338 521 3525 565 mutua

261 603 543 674 χρώμενος
569 603 799 674 εἴρηκας
817 618 832 634 ο
869 602 1036 656 πόσον
1065 599 1176 671 ἐγὼ
1204 604 1232 656 ὁ
1261 603 1516 666 ταπεινὸς
1557 602 1849 674 προθυμη-

261 697 414 765 θείην
461 695 801 748 ἐπιστέλλειν
844 697 910 766 τῇ
963 693 1359 766 ἀνυπερϐλήτῳ
1410 712 1506 748 σου
1563 695 1843 766 ύπεροχῇο

261 791 399 847 αὐτὸ
445 788 604 842 τοῦτο
671 786 960 858 μανθάνων
1001 791 1105 848 τὰς
1150 785 1412 849 εὐκταίας
1465 786 1657 854 ὑγείας
1711 802 1844 838 σου·

261 885 363 940 καὶ
391 882 566 937 δοκῶν
609 881 741 952 ὁρᾷν
776 897 874 933 σου
914 879 976 932 τὸ
1023 877 1348 947 φιλούμενον
1393 877 1720 950 πρόσωπον
1754 876 1849 930 καὶ

261 977 484 1032 ἀκούειν
508 993 600 1028 σου
623 977 724 1044 τῆς
747 973 1020 1044 ἡδυτάτης
1046 972 1228 1041 φωνῆς
1249 986 1263 1001 °
1287 974 1352 1042 τῇ
1377 971 1514 1042 πρὸς
1543 972 1632 1024 τὸν
1662 987 1849 1042 γραμ-

266 1070 586 1143 ματηφόρον
623 1064 1070 1136 συγκαταϐατικῇ
1116 1063 1305 1135 ὁμιλίᾳ.
1348 1061 1445 1117 καὶ
1479 1063 1684 1136 θεωρία
1715 1064 1844 1117 σουι

261 1165 408 1236 Δέχῃ
438 1160 561 1232 ιγάρ
609 1159 700 1214 διὰ
745 1157 880 1211 Θεὸν
922 1156 1332 1225 εὐμενέστατα,
1386 1155 1483 1208 καὶ
1514 1156 1724 1226 ὁμιλεῖς
1755 1156 1849 1208 εὑ-

262 1258 503 1327 πρόσιτα
550 1253 644 1306 καὶ
690 1250 768 1320 τῷ
811 1249 1048 1320 τυχόντι.
1105 1250 1203 1312 Ὃς
1253 1249 1352 1301 καὶ
1398 1247 1707 1318 ἀπήγγειλέ
1758 1265 1848 1318 μοι

262 1350 418 1412 ὃπως
453 1342 872 1414 ὲπιστυγνάζεις
915 1343 1030 1404 τοῖς
1077 1339 1180 1410 ἤδη
1229 1338 1373 1393 κατά
1422 1337 1523 1398 τὰς
1575 1338 1852 1409 ἁμαρτίας

263 1446 304 1512 ἡ
314 1442 430 1514 μῶν
472 1437 907 1508 τετολμημένοις
927 1452 941 1466 ·
981 1433 1206 1498 στένων,
1243 1433 1342 1487 καὶ
1373 1431 1556 1500 ἀλγῶν
1585 1433 1684 1503 τὴν
1713 1449 1852 1504 καρ-

261 1536 388 1590 δίαν
417 1534 501 1602 ὲφ’
527 1532 743 1600 ἑκάστῳ
761 1529 871 1582 τῶν
903 1527 1266 1598 γιγνομένων.
1299 1526 1408 1580 Καὶ
1441 1526 1689 1590 εἰκότως.
1718 1527 1853 1579 Ἀν-

264 1629 488 1698 Θρωπος
512 1626 622 1694 γὰρ
645 1620 695 1676 εἷ
721 1621 878 1684 Θεοῦ,
899 1621 1024 1674 νοῦν
1052 1620 1191 1690 ἔχων
1217 1620 1384 1690 ἱερὸν,
1415 1618 1596 1690 ψυχὴν
1618 1621 1854 1689 Χριστο-

261 1722 421 1792 φιλῆ,
449 1717 654 1787 γνῶσιν
692 1713 935 1782 θεοτελῆ,
966 1711 1207 1766 διάνοιαν
1247 1711 1492 1782 ἐμμελῆ,
1528 1711 1689 1776 δόξαν
1717 1711 1852 1765 εἰλι-

261 1813 467 1884 κρινῆ·
521 1813 578 1864 ὲν
624 1803 704 1872 οἷς
749 1805 1072 1877 σφαδάζεις,
1127 1805 1202 1876 μὴ
1251 1805 1551 1874 δυνάμενος
1588 1803 1854 1875 βοηθῆσαι

1951 600 2221 655 charitatc
2247 599 2601 670 signiﬁcasti:
2627 608 2830 669 quanta
2849 614 2937 654 me
2963 599 3223 654 humilem
3247 603 3530 656 alacritate

1949 707 2048 761 par
2093 701 2177 747 est
2223 693 2290 746 ad
2330 691 2662 745 eminentem
2711 701 2858 746 tuam
2899 692 3276 748 excellentiam
3321 693 3532 748 litteras

1951 783 2085 836 dare
2129 797 2142 834 :
2195 798 2320 837 cum
2374 784 2477 838 hoc
2527 785 2704 852 ipsum
2731 785 2796 838 de
2824 793 2876 838 te
2912 784 3151 847 discam,
3183 785 3324 840 belle
3357 795 3438 850 te,
3475 795 3536 840 ut.

1951 875 2308 944 cupidissime
2351 885 2520 946 opto,
2563 879 2747 932 valere
2783 895 2795 932 :
2849 893 2974 934 cum
3027 879 3420 935 suavissimum
3471 896 3535 936 os

1952 976 2104 1022 tuum
2163 969 2352 1023 videar
2409 969 2651 1034 intueri,
2711 985 2778 1025 ac
2832 969 3293 1040 iucundissimam
3345 988 3536 1027 vocem

1952 1061 2164 1127 audire,
2191 1061 2283 1115 ubi
2305 1061 2706 1118 humanissimo
2726 1073 2822 1118 tuo
2845 1064 3086 1135 alloquio
3107 1076 3398 1136 etaspeCIu
3429 1067 3538 1121 frui

1952 1153 2239 1207 tabellario
2271 1163 2466 1208 nostro
2508 1155 2671 1210 licet!
2716 1154 2934 1224 Excipis
2981 1158 3127 1214 enim
3179 1157 3540 1214 blandissime

1953 1257 2176 1317 propter
2222 1246 2422 1311 Deum,
2477 1261 2543 1303 ac
2587 1248 2853 1304 benevole
2898 1249 3085 1306 all‘aris
3133 1250 3218 1304 vel
3263 1251 3538 1321 privatum

1958 1339 2281 1410 quemlibet.
2313 1339 2394 1394 Ad
2429 1356 2515 1394 me
2545 1350 2724 1394 autem
2757 1341 2846 1395 ille
2879 1342 3066 1397 retulit
3090 1382 3104 1402 .
3147 1357 3309 1410 quam
3345 1343 3542 1398 acerbo

1956 1433 2141 1487 animo
2171 1448 2234 1488 ea
2263 1433 2410 1487 feras
2427 1449 2549 1502 quae
2569 1433 2682 1502 jam
2708 1433 2807 1496 illi,
2834 1442 3059 1504 propter
3082 1444 3306 1504 peccata
3329 1445 3539 1497 nostra,

1955 1525 2076 1579 ausi
2115 1533 2245 1578 sunt
2277 1524 2521 1578 facinora
2562 1543 2574 1578 :
2611 1524 2980 1595 ingemiscens
3005 1565 3021 1589 ,
3061 1540 3126 1579 ac
3164 1523 3396 1594 singulis
3423 1540 3544 1593 qua:

1957 1617 2217 1672 accidunt
2262 1618 2424 1672 malis
2451 1617 2696 1673 oll'ensus
2730 1633 2854 1672 cum
2892 1618 3090 1672 intimo
3119 1633 3284 1672 sensu
3313 1617 3544 1671 doloris.

1957 1709 2026 1765 Et
2055 1713 2269 1765 merito.
2314 1710 2452 1765 Nam
2485 1721 2540 1766 et
2571 1713 2737 1767 homo
2768 1711 2862 1766 Dei
2901 1727 2994 1778 cs,
3033 1711 3120 1766 cui
3163 1727 3316 1768 sacra
3354 1728 3545 1775 meus,

1960 1805 2148 1858 anima
2181 1804 2388 1860 Christi
2423 1819 2614 1859 amans
2637 1845 2652 1868 ,
2681 1804 2864 1858 divina
2896 1805 3124 1874 peritia,
3153 1807 3550 1874 circumspecta

262 1909 382 1968 τοῖς
439 1904 759 1976 πράγμασι,
806 1900 948 1954 κατά
988 1898 1052 1951 τὸ
1102 1897 1327 1960 εἰωθός·
1381 1895 1496 1949 ἀλλ’
1530 1895 1673 1966 ὁρῶν
1714 1895 1857 1948 οὕτω

1963 1899 2260 1969 cogitatio,
2321 1916 2508 1954 rerum
2560 1898 2900 1954 existimatio
2963 1899 3224 1964 sincera;
3284 1898 3550 1967 quocirca

263 1997 688 2052 κινδυνεύουσαν
717 1993 820 2059 τὴν
869 1990 1218 2060 Ἐκκλησίαν,
1268 1989 1349 2057 ῆν
1385 1988 1850 2058 περιεποιήσατο

263 2092 491 2156 Κύριος
527 2085 624 2140 διὰ
668 2085 776 2139 τοῦ
804 2084 1029 2137 οἰκείου
1065 2083 1336 2150 αἵματος.
1368 2078 1440 2134 Ὦ
1467 2081 1735 2142 δέσποτα,
1773 2082 1852 2142 εἰς

263 2177 362 2234 οἷα
399 2179 549 2233 δεινά
596 2175 934 2247 ἐφθάσαμεν
971 2174 1068 2228 καὶ
1113 2173 1279 2244 ἡλίκα
1314 2173 1462 2227 κακὲ
1500 2171 1848 2244 τεθεάμεθαί

279 2269 540 2342 Ἀμοιὸαὶ
561 2269 735 2321 ταῦτα
759 2265 1140 2338 προλαϐόντων
1158 2264 1595 2336 ἁμαρτημάτων.
1631 2263 1854 2334 Ἐπειδὴ

264 2365 383 2434 γὰρ
425 2364 537 2416 οὐκ
577 2358 1022 2428 ἐδοκιμάσαμεν
1069 2359 1178 2411 τὸν
1220 2357 1370 2412 Θεὸν
1396 2357 1562 2427 ἔχειν
1605 2357 1674 2410 ἐν
1725 2357 1850 2410 ἐπι·

265 2456 514 2529 γνώσει,
552 2455 640 2508 διὰ
669 2453 920 2522 φυλακῆς
953 2451 1060 2505 τῶν
1086 2449 1321 2505 ἐντολῶν
1351 2451 1518 2504 αὑτοῦ
1538 2467 1553 2480 ·
1591 2449 1707 2505 ἀλλ’
1729 2449 1856 2504 ἐλύ-

268 2568 451 2620 σαμεν
483 2549 542 2601 οὐ
579 2547 728 2618 μίαν,
775 2544 914 2600 ἀλλὰ
948 2543 1045 2597 καὶ
1101 2543 1324 2606 πολλὰς,
1354 2544 1448 2596 καὶ
1487 2543 1595 2615 ἰδίᾳ
1629 2543 1724 2597 καὶ
1763 2544 1858 2616 δη-

271 2643 444 2714 μοσίᾳ
477 2641 762 2710 σχίσαντες
791 2638 854 2691 τὸ
883 2637 1219 2704 Εὑαγγέλιον
1245 2636 1339 2689 τοῦ
1363 2637 1600 2707 Χριστοῦ
1626 2652 1642 2667 ·
1675 2635 1856 2700 οἶσθα,

266 2738 300 2790 ὁ
352 2734 535 2805 σοφὸς,
587 2733 623 2787 ἃ
671 2731 850 2799 λέγω·
887 2731 1208 2800 παρέδωκεν
1255 2731 1404 2800 ἡμᾶς
1452 2731 1480 2782 ὁ
1508 2729 1641 2793 Θεὸς
1673 2732 1730 2782 ὲν
1774 2723 1858 2792 οἷς

267 2825 589 2895 πάσχομενο
622 2824 723 2876 ἵνα
747 2821 832 2891 μὴ
859 2821 981 2876 σὺν
1009 2819 1090 2886 τῷ
1131 2822 1336 2888 κόσμῳ
1380 2820 1856 2890 κατακριθῶμεν

266 2915 439 2985 καίγε
475 2915 524 2966 oi
548 2911 838 2974 δοκοῦντες
861 2907 1000 2964 εἶναι
1031 2927 1106 2965 τι.
1135 2909 1298 2962 Ὥστε
1325 2908 1412 2978 μὴ
1444 2909 1860 2978 ὑψούσθωσαν

266 3010 346 3064 ἐν
397 3005 634 3071 ἑαυτοῖς
674 3005 726 3057 οἱ
777 3003 1138 3065 ἀσεϐοῦντες,
1189 3002 1266 3064 ὼς
1322 3001 1432 3070 ἄρα
1485 2995 1882 3066 εὐσεϐοῦντες,’

267 3099 412 3158 ἀλλὰ
469 3099 564 3151 καὶ
597 3097 718 3149 λίαν
763 3095 1187 3163 γινωσκέτωσαν
1213 3091 1451 3161 Χριστὸν
1481 3090 1763 3161 ἀρνεῖσθαι
1790 3095 1860 3162 τῇ

268 3191 533 3261 ἁθετήσει
561 3189 662 3259 τῆς
692 3187 897 3257 σεπτῆς
941 3185 1108 3239 αὐτοῦ
1150 3185 1360 3246 εἰκόνος
1380 3223 1395 3244 ,
1425 3182 1485 3246 ὸς
1519 3183 1599 3235 ἔτι
1624 3183 1862 3236 ἀναϐαλ-

1957 1987 2316 2042 vehementer
2351 1988 2568 2057 anget-is
2601 1989 2746 2056 quod
2794 2003 2950 2057 opem
2985 1988 3129 2043 ferre
3173 1996 3281 2042 non
3335 1988 3547 2057 possis.

1961 2089 2020 2132 ut
2049 2081 2232 2134 soles:
2272 2079 2574 2134 Ecclesiam
2608 2089 2790 2135 autem
2835 2081 2907 2134 ita
2954 2079 3352 2150 periclitantem
3389 2079 3550 2133 intel-

1963 2171 2100 2240 ligas
2125 2211 2140 2236 ,
2185 2188 2343 2242 quam
2386 2172 2645 2227 Dominus
2671 2173 2950 2243 acquisivit
2983 2173 3240 2242 sanguine
3271 2189 3366 2226 suo
3395 2173 3462 2226 ⁸³.
3506 2169 3552 2226 Ο

1965 2262 2230 2329 Domine,
2287 2265 2338 2318 in
2385 2279 2526 2334 quas
2555 2266 2878 2320 devenimus
2917 2265 3297 2320 calamitates!
3349 2274 3552 2332 quanta

1960 2343 2222 2413 vidimus]
2264 2359 2452 2412 mala!
2511 2358 2679 2414 Poma
2731 2359 2848 2414 hinc
2890 2359 3040 2429 justa
3090 2359 3384 2414 criminum
3427 2372 3554 2427 qua:

1965 2459 2382 2519 praecesserunt.
2409 2451 2862 2522 Quandoquidem
2895 2451 3041 2505 enim
3077 2467 3179 2505 non
3213 2450 3550 2520 probat-imus

1965 2539 2135 2593 Deum
2177 2542 2367 2594 habere
2413 2545 2465 2596 in
2498 2544 2690 2598 notitia
2725 2543 2772 2576 ⁸⁸
2801 2587 2816 2610 ,
2859 2543 3117 2597 mandata
3164 2542 3312 2596 illius
3353 2541 3549 2596 obser-

1963 2640 2191 2698 vantes;
2225 2635 2320 2688 sed
2351 2649 2457 2688 non
2486 2650 2653 2688 unum
2678 2635 2864 2700 modo,
2895 2649 3078 2688 verum
3103 2649 3168 2689 ex
3200 2633 3288 2688 bis
3314 2633 3551 2702 plurima

1966 2725 2336 2791 negleximus,
2390 2736 2445 2779 et
2497 2727 2753 2796 privatim
2809 2735 2864 2781 et
2917 2727 3135 2797 publice
3191 2724 3546 2794 Evangelium

1963 2816 2170 2873 Christi
2227 2817 2581 2884 scindentcs;
2636 2818 2936 2888 intelligis,
2997 2819 3080 2872 vir
3125 2818 3376 2886 sapiens,
3418 2815 3552 2887 quid

1967 2911 2166 2978 velim;
2215 2911 2423 2966 idcirco
2451 2911 2671 2966 tradidit
2709 2927 2810 2967 nos
2842 2911 2982 2966 Deus
3026 2911 3110 2966 his
3136 2927 3256 2980 quae
3280 2911 3549 2980 patimur,

1968 3013 2025 3057 ut
2061 3021 2162 3058 nou
2193 3021 2312 3057 cum
2346 3004 2440 3057 hoc
2467 3004 2662 3058 mundo
2681 3005 2994 3058 damnentur
3014 3003 3059 3035 ⁸⁷
3089 3023 3101 3058 :
3144 3005 3248 3059 etsi
3305 3005 3556 3058 ridemur

1969 3095 2171 3164 aliquid
2195 3111 2337 3150 esse.
2371 3095 2743 3162 Quamobrem
2781 3113 2885 3150 non
2919 3095 3224 3149 cxaltentur
3265 3095 3319 3148 in
3359 3104 3552 3148 semet-

1970 3187 2098 3256 ipsis
2125 3187 2169 3218 ⁸⁸
2204 3188 2357 3256 impii
2390 3229 2405 3253 ,
2441 3197 2703 3258 tanquam
2733 3189 2844 3244 sint
2879 3189 3069 3258 utique
3100 3189 3171 3258 pii
3212 3208 3224 3243 :
3267 3189 3359 3242 scil
3393 3188 3553 3258 plane

268 3285 430 3338 λεται
455 3285 746 3350 ἐπαφεῖναι
775 3280 876 3351 τὴν
901 3278 1206 3349 ἐκδίκησιν,
1239 3277 1416 3345 φειδοῖ
1458 3275 1554 3329 καὶ
1594 3275 1730 3346 ἐλέῳ
1764 3292 1856 3345 cpt-

1968 3279 2274 3349 intelligant
2322 3283 2512 3352 negari
2559 3283 2883 3345 Christum,
2926 3282 3016 3336 tibi
3070 3282 3380 3334 veneranda
3431 3279 3552 3350 ejus

269 3375 630 3447 λανθρωπίας
660 3373 754 3427 καὶ
802 3371 1096 3441 μετανοίας
1116 3388 1130 3402 ·
1164 3366 1274 3424 οἶδε
1303 3369 1359 3423 δὲ
1391 3369 1450 3422 ὲν
1479 3369 1621 3422 τέλει
1650 3367 1866 3438 ἀμύνα-

272 3469 404 3523 σθαι
434 3469 562 3532 τοὺς
611 3463 1067 3536 ἀνεπιστρὸφους.
1100 3461 1272 3523 Αὐτὸς
1301 3461 1397 3514 οῦν
1427 3460 1756 3530 προσεύχου,
1789 3460 1865 3525 ὼς

271 3561 554 3632 θεοφιλὴς,
590 3559 695 3630 τὴν
723 3557 833 3612 τῶν
874 3554 1156 3626 δυσχερῶν
1200 3554 1377 3608 λύσιν.
1424 3553 1586 3606 Ἀλλὰ
1619 3553 1694 3624 μὴ
1733 3555 1865 3625 ἡμῖν

268 3654 576 3726 ἐπίτρεπεο
623 3651 674 3706 οἳ
727 3651 828 3704 οὐκ
864 3647 1145 3721 ἀρκοῦμεν
1192 3646 1299 3700 κᾶν
1331 3646 1462 3717 περὶ
1490 3645 1600 3700 τῶν
1647 3647 1865 3699 οἰκείων

271 3747 568 3818 ἁμαρτιῶν
609 3743 949 3810 ὲξιλεοῦσθαι
994 3741 1088 3796 τὸν
1116 3739 1320 3810 ἀγαθὸν
1352 3739 1506 3795 Θεόν.
1560 3740 1752 3812 Ὅμως
1778 3741 1860 3794 ὃτι

271 3835 376 3889 καὶ
402 3836 565 3905 ἡμεῖς
595 3831 918 3904 αἰτούμεθα.

1965 3371 2148 3442 imago
2178 3373 2476 3445 abrogatur
2504 3392 2517 3428 ε
2562 3375 2655 3445 qui
2688 3372 3052 3430 nihilominus
3092 3373 3297 3428 inferre
3331 3389 3550 3442 poenam

1964 3475 2261 3522 cunctatur
2306 3486 2373 3524 ex
2405 3470 2742 3541 benignitate
2774 3485 2902 3541 erga
2938 3471 3191 3526 homines
3227 3486 3292 3524 ac
3335 3468 3553 3524 miscri-

1963 3560 2176 3625 cordia,
2205 3570 2375 3632 utque
2407 3563 2532 3617 illos
2567 3564 2634 3618 ad
2666 3564 3044 3634 paenitentiam
3085 3565 3361 3619 adducat:
3402 3562 3556 3618 licvit

1964 3660 2146 3706 autem
2173 3655 2318 3710 malo
2343 3655 2564 3710 demum
2591 3655 2807 3712 allicere
2822 3673 2916 3712 eos
2939 3656 3033 3726 qui
3056 3672 3164 3710 non
3197 3657 3552 3726 resipiscunt.

1968 3743 2048 3798 Tu
2082 3746 2248 3814 igitur
2270 3789 2285 3814 ,
2321 3750 2524 3820 quippe
2555 3749 2668 3806 Deo
2692 3760 2916 3820 gratus,
2947 3765 3320 3805 aerumnarum
3352 3748 3556 3802 libera-

1971 3838 2178 3894 tionem
2212 3844 2470 3912 precibus
2505 3859 2694 3899 exora.
2750 3843 2857 3897 Sed
2910 3843 3022 3898 noli
3074 3843 3176 3897 has
3211 3842 3370 3896 nobis
3409 3840 3556 3894 vices

271 3928 577 3990 mandare,
634 3926 726 3996 qui
776 3925 866 3980 vix
916 3939 1077 3995 pares
1109 3939 1304 3980 sumus
1340 3924 1606 3994 placando
1648 3924 1735 3980 vel
1770 3940 1869 3997 pro
1907 3936 2154 4000 peccatis
2219 3939 2458 4008 propriis
2491 3937 2602 3995 Deo
2662 3940 2893 4009 optimo.
2929 3938 3302 3992 Nihilominus
3338 3937 3468 3991 illud
3502 3945 3557 3991 et

275 4035 387 4078 nos
419 4019 521 4089 ipsi
555 4019 888 4089 ﬂagitamus.

456 4112 582 4168 NZ'.
612 4141 686 4151 -—
715 4109 1082 4176 Ἀναστασίῳ
1112 4109 1648 4179 πρωτοσπαθαρὶῳ.
1670 4108 1870 4184 [τπγ’.]

2255 4109 2416 4166 LVII.
2440 4142 2510 4152 —-
2537 4112 2827 4167 Anastasio
2855 4114 3307 4183 protospatltario.

781 4227 958 4277 Grates
975 4238 1066 4288 pro
1087 4227 1244 4289 ipsius
1267 4241 1385 4291 erga
1408 4241 1464 4278 se
1485 4228 1653 4280 studio
1683 4230 1788 4293 agit
1819 4243 1834 4280 :
1873 4235 1977 4279 tum
2007 4230 2193 4294 quibus
2218 4233 2452 4280 utrumuis
2473 4231 2792 4280 conﬂictetur
2819 4232 3044 4292 exponit.

362 4337 453 4401 Ὦς
483 4335 624 4408 καλὴ
651 4338 683 4408 ὴ
720 4335 872 4406 φιλία
896 4376 910 4399 ,
965 4337 1036 4390 τά
1066 4355 1127 4390 τε
1157 4336 1292 4392 ἄλλα
1312 4377 1328 4402 ,
1384 4338 1477 4391 καὶ
1513 4338 1595 4392 ὅτι
1649 4338 1868 4394 ἀποῦσα

271 4433 355 4497 ὥς
414 4431 666 4502 παροῦσα
719 4429 846 4492 τοὺς
901 4429 1260 4500 ψιλουμένους
1309 4431 1624 4501 εὐεργετεῖν
1685 4432 1868 4487 εἴωθε.

274 4523 520 4594 Τοιαύτη
570 4522 636 4593 δὴ
681 4523 714 4592 ἠ
770 4525 1082 4592 περιφανής
1135 4539 1226 4574 σου
1283 4523 1379 4575 καὶ
1413 4523 1602 4594 ἀγάπη
1635 4523 1732 4576 καὶ
1778 4523 1870 4577 εύο

278 4617 475 4671 σέϐεια
500 4614 634 4684 πρός
682 4631 748 4682 με
776 4613 866 4666 τὸν
898 4613 1158 4683 δύστηνον
1189 4614 1424 4667 ἔκπαλαι
1455 4615 1548 4668 καὶ
1583 4615 1746 4686 μέχρι
1773 4614 1867 4668 τοῦ

275 4708 446 4779 δεῦρο
467 4723 479 4736 °
514 4707 606 4759 καὶ
637 4704 893 4778 παροῦσα
918 4705 1036 4758 κατ’
1059 4705 1393 4776 ὀφθαλμοὺς,
1418 4707 1513 4759 καὶ
1548 4707 1606 4759 ἐν
1629 4707 1870 4780 τοσούτῳ

2042 4339 2316 4396 Eximium
2346 4340 2608 4410 quiddam
2643 4341 2889 4396 amicitia
2915 4347 3031 4406 est,
3063 4354 3186 4393 cum
3227 4338 3298 4391 ob
3327 4348 3556 4398 exteras

1971 4449 2191 4498 causas,
2226 4444 2340 4488 tum
2379 4435 2525 4504 quod
2556 4435 2624 4491 de
2660 4435 2981 4489 absentibus
3021 4448 3177 4502 aeque
3211 4449 3278 4487 ac
3311 4449 3556 4502 prseseu-

1972 4526 2120 4582 tibus
2149 4524 2343 4581 amicis
2371 4527 2509 4580 bene
2541 4526 2738 4582 mereri
2793 4525 2954 4581 solet.
3004 4523 3156 4578 Talis
3197 4524 3387 4594 utique
3418 4526 3556 4582 insi-

1975 4620 2096 4689 gnis
2137 4618 2226 4672 illa
2267 4626 2357 4672 tua
2392 4617 2770 4674 benevolentia
2804 4618 3093 4687 pietasque
3121 4631 3251 4682 erga
3291 4632 3378 4670 me
3410 4617 3555 4672 infe-

1975 4710 2131 4764 licem
2157 4709 2480 4778 jamdudum
2514 4724 2687 4778 usque
2718 4708 2784 4762 ad
2816 4707 3140 4761 hodiernum
3163 4708 3330 4771 diem,
3352 4716 3406 4763 et
3426 4724 3551 4763 cum

275 4797 685 4871 ἀπειροπληθεῖ
747 4799 913 4868 μήκει
974 4797 1276 4850 διεστῶσαι
1331 4797 1441 4850 ἀπὸ
1492 4797 1741 4862 Σικελίας
1801 4817 1859 4869 με

1973 4812 2026 4859 te
2049 4818 2235 4857 coram
2268 4812 2571 4872 spectarem
2599 4802 2795 4867 oculis,
2829 4814 2882 4858 et
2908 4818 3052 4856 nunc
3073 4819 3196 4857 cum
3222 4810 3375 4857 tanto
3403 4802 3553 4858 loco-

278 4891 657 4960 εὐεργετοῦσα
692 4892 751 4944 ὲν
801 4890 880 4962 τῷ
937 4889 1218 4960 Βυζαντίῳ
1265 4888 1428 4953 ὄντα,
1489 4891 1586 4943 καὶ
1634 4891 1741 4944 ἀπὸ
1773 4889 1868 4945 τοῦ

277 4983 586 5050 Βυζαντίου
626 4977 728 5036 ὧδε
776 4986 1001 5037 κάκεῖσε
1034 4983 1492 5053 περιωρισμένον,
1539 4981 1730 5055 ῶσπερ
1776 4983 1872 5036 καὶ

277 5076 475 5131 τανῦν.
529 5075 639 5128 Καὶ
671 5074 724 5127 τί
753 5075 932 5138 τοῦτο,
966 5075 1048 5128 ὅτι
1084 5077 1162 5139 εἰς
1205 5075 1492 5144 ἄνθρωπον
1547 5075 1872 5147 ἁμαρτωλὸν

281 5170 384 5225 καὶ
407 5167 623 5232 ἀνάξιον
667 5166 765 5236 τῆς
794 5167 1075 5235 εὐγενείας
1109 5184 1202 5220 σου
1234 5167 1377 5221 οὕτω
1399 5171 1692 5238 πράττειςο
1731 5166 1870 5238 πλὴν

280 5263 370 5316 ὅτι
411 5258 714 5326 ἀγαπῶντά
747 5276 806 5312 σε
845 5258 965 5312 λίαν
997 5259 1085 5312 διὰ
1113 5259 1214 5331 τὴν
1243 5261 1300 5313 ὲν
1331 5261 1536 5314 ἅπασιν
1556 5259 1756 5331 ἀρετὴν
1776 5260 1872 5313 καὶ

283 5352 567 5425 φιλοθεῖαν
602 5367 732 5404 σου·
785 5351 851 5423 ἢν
892 5351 1011 5424 ᾅδει
1061 5352 1120 5405 οὑ
1177 5351 1336 5422 μόνον
1393 5353 1646 5415 Σικελία,
1707 5352 1869 5422 καὶὴ

282 5444 435 5499 τίσδε
478 5443 632 5514 χώρα
669 5443 763 5496 καὶ
805 5443 916 5507 τίς·
967 5443 1104 5497 ἁλλᾶ
1147 5445 1402 5512 minuti}
1446 5446 1478 5515 ἡ
1513 5443 1873 5514 βασιλεύουσα

285 5534 467 5596 πόλις.
511 5535 609 5587 Διὰ
633 5533 792 5587 τοῦτο
823 5534 916 5587 καὶ
945 5533 1227 5604 βασιλεῦσι
1260 5535 1322 5586 σὺ
1355 5535 1598 5606 φιλητὸς,
1630 5537 1724 5589 καὶ
1759 5539 1872 5600 τοῖς

286 5628 349 5678 ὲν
379 5626 560 5678 τέλει’
593 5627 688 5680 καὶ
721 5627 776 5678 αἱ
820 5627 969 5693 ἀξίαι
1003 5643 1085 5678 σοι
1132 5627 1227 5680 ἀπ’
1260 5627 1480 5696 ἀρετῆς.
1515 5625 1672 5680 Οὕτω
1698 5627 1870 5695 φιλῶν

285 5716 382 5770 τὸν
414 5716 884 5787 Θεὸν,πεφίλησαι
906 5717 1000 5770 καὶ
1033 5715 1126 5771 ὑπ’
1155 5716 1320 5770 αὐτοῦ
1345 5718 1438 5771 καὶ
1457 5716 1610 5787 παρὰ
1632 5717 1742 5770 τῶν
1773 5719 1871 5772 αὺ-

361 5832 409 5866 ”
439 5833 558 5890 Act.
596 5851 686 5896 xx.
711 5835 804 5891 28.
878 5835 924 5867 ⁸⁸
951 5832 1112 5890 Rom.
1143 5850 1180 5899 ι.
1221 5833 1314 5890 ‘28.
1391 5835 1436 5867 "
1469 5835 1489 5890 Ι
1521 5835 1648 5893 Cor.
1675 5852 1748 5901 XI,
1781 5836 1870 5892 52.

1972 4910 2093 4950 rum
2123 4895 2411 4948 intervallo
2432 4894 2668 4950 dissides
2693 4911 2706 4948 :
2735 4910 2859 4949 cum
2885 4909 2950 4949 ex
2981 4893 3167 4949 Sicilia
3193 4911 3279 4950 mc
3306 4893 3551 4967 Byzantii

1973 4996 2407 5042 commorantem
2431 5027 2445 5050 ,
2481 4997 2532 5042 et
2563 5003 2592 5040 a
2626 4987 2887 5058 Byzantio
2919 4987 3008 5042 hic
3036 4987 3119 5042 vel
3152 4987 3264 5042 illic
3291 4987 3553 5042 exsulan-

1975 5090 2106 5145 t‘em,
2144 5079 2424 5136 beneﬁciis
2453 5096 2672 5143 oneras,
2703 5083 2848 5135 sicut
2873 5091 2927 5135 et
2953 5097 3118 5136 nunc.
3153 5080 3361 5149 Ecquid
3402 5081 3551 5137 istud

1972 5170 2054 5226 rei
2089 5181 2198 5234 est,
2224 5170 2372 5238 quod
2406 5184 2535 5240 erga
2572 5171 2846 5225 hominem
2879 5183 3249 5242 peccatorem,
3292 5187 3356 5228 ac
3385 5188 3552 5242 gene-

1970 5262 2198 5318 rositate
2231 5273 2323 5317 tua
2359 5263 2663 5330 indignum,
2695 5264 2776 5318 sic
2804 5279 2864 5317 es
2899 5264 3174 5320 animatus
3211 5279 3226 5317 :
3262 5263 3368 5318 nisi
3405 5263 3550 5332 quod

1969 5355 2058 5410 ille
2082 5364 2133 5410 te
2159 5358 2508 5410 vehementer
2527 5356 2701 5426 diligit
2723 5365 2944 5426 propter
2965 5358 3270 5411 absolutam
3291 5355 3548 5409 virtutem

1967 5459 2032 5498 ac
2066 5445 2320 5515 pietatem
2350 5455 2522 5510 tuam,
2556 5462 2716 5516 quam
2743 5462 2851 5501 non
2883 5447 3072 5502 Sicilia
3095 5447 3278 5511 modo,
3315 5455 3409 5500 aut
3433 5447 3548 5499 lucc

1967 5536 2052 5589 vel
2081 5536 2184 5590 ista
2212 5535 2364 5606 regio
2385 5537 2767 5601 concelebrat,
2811 5535 2906 5592 sed
2947 5547 3000 5591 et
3040 5540 3159 5606 ipsa
3197 5535 3546 5604 imperatoria

1978 5632 2194 5686 civitas.
2248 5632 2591 5701 Quapmpter
2633 5641 2686 5685 et
2728 5631 2951 5699 regibus
2981 5628 3114 5698 ipsis
3151 5636 3204 5681 tu
3246 5629 3448 5683 cbarus
3496 5633 3551 5682 et

1979 5721 2377 5790 Optimatibus:
2431 5739 2495 5778 ac
2532 5722 2825 5794 dignitates
2865 5720 2959 5776 tibi
3003 5719 3074 5776 ob
3091 5718 3345 5776 virtutem
3386 5718 3547 5775 datae.

1985 5836 2031 5868 "
2065 5835 2214 5893 Psal.
2251 5853 2376 5905 va,
2410 5839 2465 5892 7.
