4054 6364
502 360 635 426 1271

1691 364 1752 425 S.
1785 364 2181 427 THEODOBI
2218 362 2567 427 STUDIT/E

3621 364 3763 431 1272

502 478 596 532 hic
619 518 634 537 .
673 491 798 530 cum
834 475 1004 532 Deum
1039 476 1268 546 diligas,
1297 482 1353 530 et
1374 474 1446 532 ab
1476 475 1596 546 ipso
1625 475 1893 547 diligeris,
1923 487 1981 533 et
2009 476 2080 532 ab

2188 475 2299 531 τοῦ.
2346 474 2489 545 Ἐγὼ
2512 474 2571 529 δὲ
2601 472 2737 544 ὁμοῦ
2759 473 2859 544 μὲν
2893 469 3189 543 ἅπόθητος,
3218 473 3358 545 ὁμοῦ
3384 474 3444 530 δὲ
3469 475 3566 531 καὶ
3581 476 3763 551 ὀρφα.

497 570 583 624 eis
618 569 713 641 qui
751 577 878 622 sunt
909 567 1051 639 ejus.
1086 565 1199 638 Ego
1238 582 1368 623 vero
1411 582 1514 622 nec
1545 568 1803 637 cuiquam
1833 568 2074 634 charus,

496 673 553 718 et
583 663 725 717 idem
760 659 1081 731 parentibus
1105 659 1425 717 destitutus.
1476 660 1776 730 Dereliquit
1810 661 1955 716 enim
1988 677 2076 717 me

496 765 653 827 pater
681 769 838 810 meus
869 753 1112 825 migrans
1151 753 1218 806 ad
1255 750 1572 816 Dominum,
1607 753 2074 823 quemadmodum

497 858 551 903 et
579 848 694 919 ipse
723 846 949 901 omnino
975 846 1140 901 noeti.
1171 842 1436 901 Similiter
1457 854 1512 901 et
1527 845 1847 918 Calogerus.
1878 845 2076 902 Archi—

497 940 788 1010 episcopus
814 946 870 994 et
894 938 1036 993 idem
1066 938 1255 1005 frater,
1287 937 1442 994 solus
1468 947 1557 993 est
1581 939 1832 994 relictus.
1864 936 2072 993 Verum

498 1042 551 1085 et
574 1033 711 1101 ipse,
737 1042 960 1101 propter
981 1045 1042 1084 ea
1074 1044 1197 1101 qua:
1224 1045 1323 1084 nos
1343 1030 1881 1101 comprehenderunt
1911 1032 2073 1094 mala,

494 1123 820 1195 longissimo
877 1130 1153 1177 terrarum
1207 1122 1384 1192 spatio
1441 1122 1741 1178 dirimitur.
1794 1124 2079 1194 Angustiae

499 1216 632 1271 mihi
665 1215 924 1286 utrinque
950 1234 964 1271 :
998 1231 1123 1287 quae
1155 1225 1339 1271 tamen
1369 1214 1572 1274 Christi
1601 1232 1769 1273 causa
1794 1216 2079 1273 latissimae

497 1324 560 1364 ac
585 1308 926 1365 suavissimae
957 1317 1107 1365 sunt.
1147 1309 1253 1367 Sed
1280 1308 1413 1380 quid
1454 1309 1522 1366 ad
1558 1309 1901 1366 infidelitatis
1937 1317 2076 1367 tem-

495 1410 801 1472 pestatem:
854 1401 907 1455 in
955 1417 1065 1472 qua
1108 1401 1399 1459 universus
1443 1402 1842 1475 propemodum
1881 1403 2075 1471 orbis,

495 1490 591 1563 qui
633 1492 762 1549 huic
808 1503 968 1564 paret
1015 1494 1285 1565 imperio,
1313 1494 1659 1567 naufragium
1691 1493 1862 1551 facit?
1898 1494 2075 1560 Vide,

494 1585 718 1641 domine
739 1625 754 1651 ,
786 1585 855 1641 ad
889 1602 1012 1655 quae
1041 1585 1185 1641 mala
1221 1587 1483 1642 reserVati
1516 1602 1710 1643 smnus
1741 1605 1754 1642 :
1787 1603 1910 1658 qua:
1940 1586 2077 1642 nihil

494 1678 577 1731 vel
603 1694 795 1748 parum
828 1679 1125 1734 admodum
1146 1695 1177 1734 a
1199 1679 1484 1736 Judaismo
1512 1681 1827 1752 discrepent
1854 1700 1869 1737 :
1898 1698 2077 1754 quan-

495 1771 792 1838 tloquidem
839 1769 1082 1838 Christi,
1131 1771 1621 1843 sanctissimeque:
1677 1773 1965 1845 Deiparaa,
2025 1784 2082 1831 et

494 1862 671 1919 sancti
702 1861 949 1932 cujusvis
978 1862 1158 1933 imago
1184 1872 1364 1934 spreta
1384 1904 1400 1929 ,
1443 1864 1602 1919 nihili
1637 1864 1825 1921 habita
1846 1907 1863 1933 ,
1913 1866 2080 1922 dede-
2110 1849 2153 1903 Β

493 1972 623 2010 core
648 1954 841 2010 affecta
866 1963 973 2010 est.
1007 1953 1129 2024 Ipse
1153 1954 1301 2010 enim
1330 1953 1586 2012 Christus
1609 1999 1625 2024 ,
1653 1971 1781 2012 cum
1820 1966 2001 2013 matre
2028 1966 2085 2012 et

495 2049 761 2116 famulis,
811 2049 915 2105 ista
972 2048 1278 2120 perpetitur
1320 2067 1336 2102 :
1380 2048 1483 2103 etsi
1541 2047 1869 2119 negantibus
1923 2047 2085 2103 aliter

494 2140 732 2197 videtur.
786 2139 984 2196 Verum
1040 2139 1316 2196 custodiat
1374 2148 1426 2193 te
1488 2138 1759 2196 Dominus
1812 2141 1873 2195 in
1930 2153 2084 2198 recta

495 2235 791 2298 sententia,
821 2241 1111 2303 servetque
1137 2249 1169 2288 a
1204 2230 1531 2303 naufragio;
1564 2247 1882 2303 quanquam
1908 2232 2079 2289 luere-

494 2327 573 2382 sis
596 2324 856 2383 ﬂuctibus
877 2327 1224 2382 extrinsecus
1238 2325 1577 2396 respergaris
1596 2324 2075 2397 :jquandoquidem

493 2416 773 2475 declinare
815 2418 868 2473 id
913 2418 1140 2474 minime
1183 2427 1377 2489 potes,
1425 2417 1482 2473 in
1526 2417 1706 2473 media
1753 2425 2080 2489 tempestate

2182 566 2293 630 νός.
2349 564 2407 620 ’0
2442 566 2628 636 πατήρ
2677 580 2781 635 μου
2820 563 3152 632 ἐγκατέλιπε
3178 581 3280 635 με,
3325 567 3589 638 χωρήσας
3626 569 3765 641 πρὸς

2180 657 2408 729 Κύριον,
2439 655 2586 711 καθὰ
2623 656 2840 719 πάντως
2872 655 3099 725 διέγνως
3123 657 3221 710 καὶ
3252 659 3439 723 αὐτός.
3486 660 3765 727 Ὡσαύτως

2182 748 2278 803 καὶ
2297 751 2326 804 6
2353 748 2714 822 Καλόγηρως.
2758 749 2817 803 '0
2841 748 3068 819 ἀδελφὸς
3096 750 3192 804 καὶ
3216 750 3652 822 άρχιεπίσκοπος
3674 755 3769 826 μό-

2182 859 2274 909 νος
2291 860 2384 914 μοι
2404 841 2919 912 ἐγκαταλέλειπται.
2958 840 3120 897 Ἀλλά
3148 844 3243 899 καὶ
3259 839 3437 908 οὗτος,
3457 845 3552 899 διὰ
3576 846 3647 900 τὰ
3666 847 3765 902 νῦν

2182 935 2547 1007 κατειληφότα
2569 936 2720 1007 ἡμᾶς
2753 934 2923 1000 δεινὰ,
2952 935 3353 1006 διεσπασμένος
3399 937 3523 992 λίαν
3548 939 3767 1011 πὸρῤω.

2183 1027 2354 1082 Στενά
2370 1044 2462 1097 μοι
2483 1024 2845 1095 ἑκατέρωθεν
2868 1026 3020 1096 ὅμως
3055 1026 3140 1081 ὅτι
3160 1027 3248 1083 διὰ
3268 1028 3508 1100 Χριστὸν
3534 1029 3634 1085 καὶ
3647 1030 3771 1089 λίαν

2183 1120 2391 1189 γλυκέα
2409 1119 2504 1172 καὶ
2519 1118 2813 1188 εὐρύτατα.
2844 1117 3011 1172 Ἀλλὰ
3038 1118 3092 1172 τί
3121 1119 3258 1190 πρὸς
3274 1120 3370 1175 τὸν
3395 1119 3649 1176 κλύδωνα
3664 1123 3768 1194 τῆς

2183 1211 2474 1272 ἀπιστίας*
2532 1210 2617 1278 ἐφ’
2661 1202 2708 1279 ᾧ
2749 1209 2814 1265 τὸ
2857 1210 3206 1282 παγκόσμιον
3247 1212 3373 1266 ὅσον
3405 1213 3469 1269 τὸ
3497 1215 3642 1269 κατά
3665 1214 3772 1288 τὴν

2183 1303 2307 1359 καθ’
2340 1303 2491 1375 ἡμᾶς
2519 1300 2770 1367 ἐξουσίαν
2816 1302 3107 1371 ναυάγιονς
3140 1302 3248 1368 ίδε,
3274 1302 3548 1368 δέσποτα,
3572 1305 3653 1369 είς
3680 1300 3773 1360 οἷα

2184 1396 2398 1470 πονηρὰ
2429 1393 2874 1466 ὲταμιεὺθημεν,
2898 1394 3052 1449 οὐδὲν
3079 1393 3114 1467 ἢ
3155 1394 3356 1466 μικρόν
3387 1412 3441 1451 τι
3465 1396 3772 1452 ἀποδέοντα

2196 1485 2566 1555 Ἰουδαϊσμοῦ⁸
2590 1485 2757 1557 ἡνίκα
2785 1488 2821 1557 ἡ
2858 1485 3025 1541 είκὼν
3055 1486 3329 1559 Χριστοῦ,
3363 1488 3466 1560 τῆς
3499 1504 3560 1543 τε
3601 1489 3773 1559 ἁγίας

2183 1580 2470 1647 Θεοτόκου,
2502 1579 2596 1633 καὶ
2625 1579 2829 1642 παντὸς
2850 1578 3008 1646 ἁγίου
3028 1618 3045 1643 ,
3066 1577 3349 1649 ἠθέτηται,
3381 1579 3769 1648 ἐξουδὲνωται,

2184 1672 2548 1746 ὲνυὸρίζεται.
2596 1671 2772 1735 Αὐτὸς
2814 1671 2925 1742 γὰρ
2990 1670 3229 1742 Χριστὸς
3292 1672 3392 1726 σὺν
3449 1673 3625 1747 μητρὶ
3672 1675 3775 1730 καὶ

2187 1766 2516 1837 θεράπουσίν
2556 1766 2705 1819 ἒστιν
2729 1764 2759 1817 6
2779 1763 2952 1817 ταῦτα
2979 1764 3353 1834 ὑφιστάμενος
3372 1779 3386 1794 ⁸
3418 1766 3524 1822 κᾶν
3541 1769 3606 1822 οὐ
3634 1769 3773 1841 δοκῇ

2180 1864 2294 1925 τοῖς
2323 1859 2701 1930 ἀρνουμένοις.
2745 1857 2910 1911 Ἀλλά
2939 1874 3000 1910 σε
3030 1856 3234 1928 Κύριος
3270 1856 3563 1929 φυλάξειεν
3594 1862 3650 1913 ὲν
3691 1860 3774 1932 τῷ

2179 1951 2324 2025 ὀρθῷ
2363 1952 2676 2024 φρονήματι
2719 1949 3204 2005 άκαταϐάπτιστον
3226 1966 3241 1981 ο
3271 1951 3321 2003 εί
3349 1952 3445 2007 καὶ
3468 1953 3585 2015 τοῖς
3614 1953 3773 2023 αἰρε-

2179 2046 2356 2108 τικοῖς
2400 2042 2612 2114 κύμασι
2646 2042 3222 2114 καταρῤαντιζόμενον
3248 2041 3450 2107 ἔξωθεν
3472 2058 3489 2073 ·
3519 2044 3647 2097 ἐπεὶ
3671 2045 3776 2116 οὐχ

2179 2133 2294 2191 οἶόν
2344 2151 2403 2189 τε
2438 2134 2724 2203 διαφυγεῖν
2755 2150 2817 2187 σε
2858 2134 3207 2188 παντάπασιν
3253 2135 3315 2189 ὲν
3345 2134 3501 2207 μέσῳ
3535 2137 3776 2208 στρεφό-

2183 2245 2364 2300 μενον.
2390 2229 2505 2282 Καὶ
2530 2227 2622 2281 τὸν
2652 2225 2797 2296 ὑπὲρ
2826 2226 2927 2296 τῆς
2966 2226 3111 2297 ἐμῆς
3156 2226 3550 2292 ταπεινώσεως
3576 2229 3776 2297 μισθόν

2188 2339 2270 2376 σοι
2303 2320 2576 2392 παράσχοι
2607 2313 3180 2387 πολυπλασίονα,ιῶδέ
3210 2336 3272 2374 τε
3314 2319 3413 2375 καὶ
3434 2324 3498 2375 ὲν
3527 2321 3612 2393 τῷ
3644 2322 3778 2393 μὲλ-

2185 2417 2332 2470 λοντι
2359 2415 2541 2473 αἰῶνι.

494 2511 734 2581 positus.
766 2508 916 2565 Idem
943 2518 998 2564 et
1036 2508 1363 2564 humilitatis
1395 2523 1530 2563 mea:
1569 2507 1687 2563 vice
1728 2509 2085 2580 multiplicem
2123 2506 2221 2563 tibi
2250 2505 2530 2574 persolvat
2589 2504 2919 2571 mercedem,
2951 2510 3068 2559 tum
3127 2504 3186 2560 in
3209 2505 3337 2574 isto,
3359 2513 3477 2561 tum
3505 2504 3563 2561 in
3588 2503 3776 2563 futuro

493 2607 713 2661 saeculo.

827 2696 1004 2752 L\'lil.
1029 2730 1095 2738 ——
1121 2696 1403 2750 Fratribus
1444 2696 1746 2750 Sludiuuis.

2309 2691 2441 2748 NH’.
2471 2720 2543 2734 --
2574 2691 2705 2757 Τοῖς
2725 2694 2815 2757 εἰς
2836 2689 2911 2745 τὰ
2938 2689 3232 2745 Στουδίου
3259 2691 3574 2762 ἀδελφοῖς.
3603 2690 3771 2767 [oga]

1062 2790 1328 2839 Monachos
1348 2787 1617 2839 Studianos
1638 2789 1690 2838 in
1716 2788 1903 2843 Christi
1935 2786 2253 2840 confessione
2284 2788 2560 2836 confirmat.
2586 2786 2790 2848 (Baron.
2819 2796 2902 2833 an.
2929 2782 3043 2844 818,
3068 2796 3120 2831 n.
3144 2781 3249 2845 20.)

563 2872 781 2927 Salvete
827 2870 882 2924 in
924 2869 1197 2936 Domino,
1244 2872 1445 2926 fratres
1477 2885 1543 2926 ac
1564 2871 1754 2927 Patres
1788 2888 1803 2925 :
1844 2870 2075 2935 salvete,

494 2963 695 3017 milites
768 2959 974 3016 Christi
1040 2978 1054 3013 :
1104 2961 1276 3026 Salve,
1338 2959 1573 3016 fratrum
1624 2961 1796 3030 trias,
1873 2970 2079 3016 sanctae

495 3040 781 3110 Trinitatis
806 3052 977 3123 gratia
1002 3052 1177 3117 dives,
1210 3068 1337 3107 vere
1366 3052 1517 3123 digni
1548 3053 1753 3133 talibus
1788 3052 2076 3107 salutatio—

495 3149 660 3202 nibus
682 3188 698 3214 ,
720 3145 851 3216 quia
879 3154 1103 3217 propter
1126 3142 1407 3199 Christum
1431 3158 1696 3213 generose
1718 3143 2077 3199 durissimum

495 3254 773 3297 carcerem
822 3237 1120 3310 patimini,
1165 3254 1193 3290 a
1244 3236 1473 3293 Leontio
1527 3236 1755 3292 nefario.
1787 3238 1984 3293 vexati.
2034 3235 2078 3292 Ο

497 3330 778 3388 Judaicam
804 3330 1136 3400 apostasiam
1165 3330 1180 3383 !
1210 3327 1267 3383 Si
1296 3329 1531 3399 agrestis
1566 3327 1678 3383 fera
1702 3338 1867 3395 esset,
1890 3329 2082 3384 satiari

499 3424 686 3494 utique
741 3422 856 3491 jam
909 3429 1139 3491 posset,
1199 3422 1523 3491 sanguinem
1580 3428 1823 3474 vestrum
1893 3419 2080 3475 tantliu

500 3514 677 3585 [)(BltiS
717 3512 951 3567 fundens
999 3520 1055 3567 et
1104 3511 1383 3566 hauriens.
1438 3511 1507 3564 At
1555 3525 1706 3566 nunc
1753 3510 2086 3566 insatiabilis

503 3614 688 3662 manet
702 3602 984 3675 sanguinis
1020 3611 1179 3674 potor
1198 3602 1591 3666 da‘moniacus,
1624 3602 1829 3657 nullum
1861 3617 2085 3657 sensum

501 3694 913 3759 misericordiae,
936 3693 1140 3749 nullam
1166 3692 1529 3747 humanitatis
1549 3693 2087 3748 commiserationem

499 3802 629 3859 erga
668 3800 768 3841 vos
815 3784 1122 3856 suscipiens
1173 3798 1346 3854 agnos
1397 3782 1639 3854 Christi,
1694 3783 1791 3841 sed
1841 3782 2087 3856 affligens

501 3880 763 3951 omnique
791 3876 957 3932 modo
988 3877 1258 3933 devorare
1286 3890 1384 3931 vos
1415 3891 1541 3932 cum
1573 3876 1776 3931 Satana
1810 3876 2044 3931 moliens
2071 3893 2085 3929 :

503 3980 563 4025 ut
612 3971 876 4043 glorietur
916 3969 1125 4025 draco:
1169 3978 1228 4023 ut
1276 3982 1372 4040 per
1416 3983 1547 4034 vos,
1584 3983 1686 4025 nos
1708 3983 1900 4023 omnes
1923 3967 2084 4023 etiam

503 4059 936 4130 perterrefaeiat.
970 4058 1076 4115 Sed
1103 4058 1332 4114 frustra.
1366 4058 1574 4115 Fidelis
1600 4061 1742 4115 enim
1778 4060 1949 4128 Deus,
1997 4061 2090 4131 qui

504 4168 611 4207 non
643 4155 874 4222 patietur
914 4169 1002 4207 vos
1055 4152 1252 4206 tentari
1297 4168 1462 4222 supra
1497 4170 1658 4217 quam
1695 4154 1944 4224 potestis,
1998 4154 2088 4208 sed

505 4243 664 4312 faciet
699 4243 863 4295 etiam
905 4257 1027 4295 cum
1073 4242 1362 4297 nutatione
1389 4251 1692 4312 proventum
1714 4283 1730 4309 ,
1778 4253 1837 4297 ut
1873 4246 2089 4312 possitis

502 4331 763 4383 sustinere
790 4329 857 4380 ⁸³.
896 4327 1282 4387 Recordamini
1322 4339 1644 4387 sanctorum
1677 4332 1773 4403 qui
1821 4347 1851 4386 a
1882 4334 2088 4388 saeculo

507 4425 761 4486 fuerunt,
795 4420 923 4490 quia
958 4434 1122 4476 nemo
1168 4422 1534 4477 tentationum
1579 4429 1636 4478 et
1664 4423 2086 4478 tribulationum

504 4528 705 4583 expers
744 4513 952 4583 placuit
999 4512 1132 4567 Deo.
1180 4514 1283 4568 Hic
1328 4512 1553 4585 quidem
1599 4525 1786 4569 sectus
1837 4527 1955 4583 est;
1998 4516 2090 4572 ille

2248 2871 2485 2944 Χαίρετε
2515 2870 2574 2923 ὲν
2601 2869 2816 2938 Κυρίῳ,
2835 2866 3058 2936 ἀδελφοὶ
3089 2872 3184 2920 καὶ
3215 2865 3495 2937 Πατὲρες·
3521 2868 3769 2940 χαίρετε,

2180 2962 2514 3035 στρατιῶται
2554 2960 2648 3014 τοῦ
2684 2961 2959 3031 Χριστοῦο
2985 2961 3231 3031 χαίρετε,
3269 2961 3428 3030 τριὰς
3464 2961 3770 3030 ἁδελφικὴ,

2179 3054 2279 3125 τῆς
2326 3053 2490 3117 ἁγίας
2534 3052 2769 3124 Τριάδος
2815 3051 2917 3123 τὴν
2961 3051 3126 3123 χάριν
3181 3052 3769 3124 καταπλουτήσαντεςυ

2181 3146 2350 3209 ὅντως
2387 3144 2530 3212 ἄξιοι
2559 3145 2818 3198 τοιούτων
2852 3144 3262 3215 χαιρετισμῶνο
3285 3145 3370 3200 ὅτι
3408 3145 3498 3200 διὰ
3532 3147 3773 3218 Χριστὸν

2184 3236 2378 3308 φέρετε
2400 3236 2665 3306 γενναίως
2691 3237 2790 3306 τὴν
2815 3236 3130 3306 δεινοτάτην
3161 3236 3434 3309 φυλακὴν,
3464 3236 3574 3292 ὑπο
3602 3240 3772 3292 Aem-

2186 3327 2303 3382 τίου
2333 3327 2426 3381 τοῦ
2456 3327 2754 3399 ἀλάστορος
2783 3326 3162 3399 κολαζόμενοι.
3198 3328 3263 3381 ’Ὠ
3293 3328 3395 3399 τῆς
3433 3329 3776 3396 άποστασίας

2186 3417 2281 3475 τοῦ
2326 3419 2784 3489 Ἰουδαιόφρονοςι
2834 3420 2898 3473 Et
2946 3419 3053 3492 θὴρ
3096 3416 3166 3492 ἦν
3207 3421 3439 3492 ἄγριος,
3493 3423 3775 3489 τοσούτοις

2189 3511 2401 3583 χρόνοις
2457 3510 2697 3564 ὲκκενῶν
2744 3512 2811 3583 τῇ
2866 3510 3112 3569 κακώσει
3168 3516 3266 3567 καὶ
3317 3513 3493 3568 πίνων
3520 3515 3585 3568 τὸ
3632 3510 3777 3586 αἷμα

2188 3600 2364 3673 ὑμῶν,
2400 3602 2664 3674 ἐκορέσθη
2700 3602 2789 3661 ἄν.
2830 3602 2888 3656 '0
2921 3600 2980 3656 δὲ
3027 3601 3184 3673 μένει
3214 3604 3512 3675 ἀκόρεστος
3544 3606 3777 3677 αίματο-

2188 3695 2361 3766 πότης
2387 3695 2751 3767 ἀγριούμενος
2774 3698 2802 3750 6
2827 3695 3128 3768 δαιμονῶν,
3161 3696 3223 3751 οὐ
3247 3695 3547 3768 λαμϐάνων
3574 3698 3775 3768 αἰσθη-

2191 3803 2276 3839 σιν
2305 3785 2523 3850 ἐλέους,
2571 3785 2674 3840 οὐκ
2719 3786 3007 3857 οίκτιρμδν
3048 3786 3463 3858 φιλανθρωπίας
3510 3790 3595 3853 είς
3626 3789 3775 3860 ὑμᾶς

2189 3873 2258 3928 τὰ
2316 3874 2480 3946 ἀρνία
2524 3874 2617 3928 τοῦ
2661 3875 2924 3947 Χριστοῦ,
2967 3875 3084 3930 ἀλλ’
3134 3876 3403 3931 ὲκθλίϐων
3455 3877 3556 3932 καὶ
3606 3879 3772 3933 παντὶ

2188 3968 2377 4038 τρόπῳ
2408 3968 2805 4040 μηχανουργῶν
2836 3970 2935 4024 σὺν
2961 3969 3038 4042 τῷ
3068 3968 3246 4023 Σατᾶν
3275 3973 3573 4025 καταπιεῖν
3591 3973 3771 4042 ὑμᾶς’

2189 4057 2278 4111 ἵνα
2315 4058 2727 4131 ἐγκαυχήσηται
2764 4061 2791 4112 6
2823 4058 3074 4129 δράκων
3104 4058 3194 4113 ἴνα
3235 4061 3448 4133 πτοήσῃ
3501 4061 3571 4115 δι’
3618 4062 3772 4132 ὑμῶν

2190 4149 2290 4204 καὶ
2335 4149 2485 4220 ἡμᾶς
2537 4149 2779 4214 πάνταςσ
2829 4149 2943 4203 ἀλλ’
2990 4151 3265 4223 οὐδαμῶς.
3320 4152 3547 4220 Πιστὸς
3596 4153 3709 4222 τὰρ
3738 4156 3773 4209 ό

2192 4241 2369 4308 Θεὸς,
2411 4238 2481 4309 ὃς
2527 4243 2641 4296 οὐκ
2689 4241 2855 4296 ἐάσει
2902 4241 3058 4312 ὑμᾶς
3091 4243 3493 4313 πειρασθῆναι
3547 4245 3703 4314 ὑπὲρ
3738 4245 3773 4300 ὃ

2190 4331 2493 4389 δύνασθε’
2541 4332 2704 4388 ἀλλὰ
2735 4332 2978 4401 ποιήσει
3028 4332 3152 4388 σὺν
3191 4333 3273 4400 τῷ
3323 4335 3637 4406 πειρασμῷ
3675 4333 3775 4390 καὶ

2191 4425 2309 4492 τὴν
2332 4425 2607 4493 ἔκϐασιν,
2628 4424 2736 4480 τοῦ
2756 4426 3055 4481 δύνασθαι
3081 4428 3457 4497 ὑπενεγκεῖν.
3498 4429 3773 4502 Ἀναμνήο

2194 4520 2359 4587 σθητε
2384 4518 2496 4573 τῶν
2521 4520 2619 4573 ἀπ’
2648 4517 2846 4582 αἰῶνος
2884 4518 3077 4589 ἁγίων,
3108 4520 3192 4573 ὅτι
3215 4519 3396 4585 οὐδεὶς
3430 4520 3561 4575 ἄνευ
3578 4538 3774 4595 πειρα-

505 4607 823 4677 lapidatns;
881 4607 1027 4661 alius
1077 4606 1204 4677 igne
1253 4613 1661 4676 consumptus;
1713 4608 1807 4662 alii
1861 4609 2084 4664 distenti

2191 4612 2396 4683 τηρίων
2425 4613 2520 4667 καὶ
2551 4612 2763 4667 πολλῶν
2795 4611 3028 4680 θλίψεων
3055 4611 3392 4684 εὐηρέστησε
3419 4613 3499 4685 τῷ
3528 4614 3672 4685 θεῷ.
3716 4614 3772 4669 ὀ

505 4710 635 4755 sunt
662 4700 730 4753 °°.
762 4698 828 4752 Et
855 4698 1005 4769 quod
1036 4707 1255 4768 tempus
1281 4700 1516 4755 sulllciat
1545 4700 1898 4755 recensendae
1929 4700 2091 4756 nobis

505 4793 912 4860 circumposita:
954 4791 1109 4846 nubi-
1136 4800 1477 4864 martyrum;
1527 4808 1762 4863 quorum
1821 4809 1917 4849 vos
1961 4809 2089 4849 cum

507 4885 804 4955 participes
869 4884 991 4941 sitis
1047 4893 1103 4940 et
1157 4887 1521 4940 certaminum
1576 4885 1757 4950 socii,
1814 4886 2087 4954 gaudete,

506 4974 708 5031 fratres
745 4975 887 5040 mei,
925 4976 1128 5046 gaudio
1160 4976 1423 5032 inell‘abili
1452 5016 1469 5039 .
1516 4991 1745 5046 regnum
1781 4977 2094 5032 obtinentes

506 5076 702 5125 contra
728 5067 980 5124 haeresim
1000 5110 1017 5134 ,
1058 5080 1251 5125 contra
1280 5070 1527 5126 affectus.
1561 5068 1640 5125 Tn
1664 5112 1681 5136 ,
1713 5072 1923 5125 nomini
1957 5085 2091 5125 cono

507 5169 768 5227 gruemer
790 5200 807 5226 ,
838 5159 965 5215 forti
997 5176 1059 5217 es
1083 5161 1272 5217 animo
1295 5202 1311 5226 ,
1334 5162 1619 5221 Carteritts
1645 5180 1659 5216 :
1694 5177 1750 5219 tu
1793 5165 1846 5219 in
1881 5164 2091 5235 patien-

509 5255 583 5310 tia
632 5252 827 5321 dives,
865 5253 1327 5324 opulentissimus
1363 5255 1753 5325 Aphthonius:
1801 5267 1855 5311 tn
1905 5256 2088 5312 divina

506 5346 779 5403 charitate
808 5346 1224 5411 corroboratus,
1245 5346 1534 5402 verissime
1556 5351 1816 5417 Agapius.
1844 5350 2094 5404 Carceris

507 5440 817 5497 obscuritas
859 5449 1077 5497 aeternae
1109 5438 1265 5495 vobis
1301 5448 1358 5495 et
1395 5439 1797 5495 inaceessihilis
1831 5440 1972 5496 lucis
2008 5449 2095 5497 est

507 5528 849 5585 conciliatrix
880 5547 894 5584 :
931 5526 1128 5594 fames,
1155 5528 1399 5599 paradisi
1429 5528 1752 5584 deliciarum
1777 5546 1793 5594 ;
1824 5530 2049 5585 auditas
2070 5570 2087 5596 ,

514 5621 662 5685 pallii
698 5622 1159 5687 immortalitatis;
1196 5621 1461 5686 solitudo,
1492 5621 1931 5677 conversationis
1961 5637 2089 5676 cum

511 5710 658 5779 Deo;
689 5730 841 5769 coma
873 5715 1116 5782 intonsa,
1144 5716 1361 5772 decora
1389 5716 1731 5772 venustatis:
1763 5722 1825 5770 ut
1850 5716 2085 5771 revelata

582 5827 627 5858 ”
658 5827 677 5880 l
710 5830 837 5882 Cor.
872 5846 932 5891 x,
972 5831 1054 5887 li.
1138 5834 1182 5862 ⁶⁰
1220 5830 1386 5888 llehr.
1424 5847 1498 5887 χιι
1525 5870 1539 5897 ,
1577 5830 1666 5887 55.

2195 4705 2297 4776 μὲν
2329 4705 2565 4777 ὲπρίσθη
2593 4723 2608 4737 ’
2647 4706 2676 4760 6
2726 4706 2784 4760 δὲ
2834 4704 3131 4778 ὲλιθάσθη’
3178 4704 3341 4770 ἄλλος
3402 4707 3770 4777 πυρίκαυστος

2190 4797 2448 4867 γέγονεν’
2489 4799 2676 4870 ἕτερος
2721 4797 3202 4868 ἀπετυμπανίσθη.
3252 4798 3365 4852 Καὶ
3414 4797 3520 4852 ποῦ
3584 4797 3767 4869 καιρὸς

2193 4887 2511 4960 ἐξαριθμεῖν
2553 4890 2614 4943 τὸ
2657 4889 3039 4960 περικείμενον
3082 4890 3216 4958 ἡμῖν
3262 4890 3428 4959 νέφος
3458 4890 3571 4943 τῶν
3628 4905 3765 4961 μορ-

2192 4978 2409 5050 τύρων;
2440 4974 2516 5035 ὧν
2537 4980 2691 5045 ὄντες
2723 4981 2817 5034 καὶ
2866 4980 3026 5050 ὑμεῖς
3056 4981 3308 5035 κοινωνοὶ
3355 4982 3453 5037 καὶ
3480 4982 3760 5049 σύναθλοι,

2194 5072 2444 5143 χαίρετε,
2497 5072 2715 5142 ἀδελφοί
2769 5088 2908 5143 μου,
2967 5073 3112 5144 χαρᾷ
3159 5072 3548 5145 ἀνεκλαλήτφ’
3618 5073 3767 5144 βασι-

2188 5162 2438 5229 λεύοντες
2475 5164 2617 5219 κατὰ
2653 5165 2752 5234 τῆς
2787 5164 3083 5235 αἱρέσεως,
3126 5164 3272 5219 κατὰ
3299 5163 3410 5218 τῶν
3443 5165 3654 5219 παθῶν.
3694 5164 3761 5217 Σὺ

2190 5259 2220 5310 6
2247 5257 2589 5328 φερωνύμως
2618 5254 3026 5328 καρτερόψυχός
3058 5272 3160 5326 μου
3194 5255 3536 5327 Καρτέριοςσ
3566 5256 3633 5308 σὺ
3659 5256 3688 5309 6
3709 5256 3765 5306 ἐν

2193 5349 2438 5420 ὑπομονῇ
2483 5348 2969 5419 δεδαψιλευμὲνος,
3021 5346 3409 5417 ἀφθονώτατος
3458 5347 3759 5416 ’Δφθόνιος’

2195 5441 2260 5494 σὺ
2314 5441 2344 5492 6
2391 5437 2789 5509 εὐσθενημένος
2849 5439 2916 5510 τῇ
2977 5438 3098 5510 θεία
3162 5437 3392 5510 ἀγάπῃ,
3427 5436 3761 5507 ἀληθέστατα

2207 5530 2488 5601 ’Δγάπιο;.
2520 5530 2597 5584 Τὸ
2638 5527 2875 5597 ζοφῶδες
2911 5528 3014 5600 τῆς
3056 5531 3300 5604 φρουρᾶς
3336 5528 3601 5602 πρόξενον
3643 5529 3765 5598 ὑμῖν

2194 5623 2290 5679 τοῦ
2322 5623 2543 5678 αἰωνίου
2572 5622 2668 5676 καὶ
2696 5621 2997 5693 ἀπροσίτου
3033 5623 3242 5693 φωτός’
3278 5625 3313 5694 ἡ
3351 5622 3763 5695 λιμοκτόνησις.

2194 5717 2293 5787 τῆς
2336 5717 2547 5787 τρυφῆς
2598 5713 2694 5769 τοῦ
2742 5715 3119 5786 παραδείσου*
3163 5716 3199 5788 ἠ
3236 5716 3641 5788 γυμνήτευσις,
3672 5710 3763 5770 τοῦ
