4054 6364
203 346 333 412 1273
1393 349 1804 412 EPISTOLAE

1854 351 1938 413 lM
1972 353 2125 416 LIB.
2159 355 2246 417 ΙΙ.
2555 403 2559 408 ι
3318 367 3455 434 1274

194 461 288 526 τῆς
333 456 637 521 ἀθανασίας
682 455 1065 530 περιϐολαίου·
1115 454 1436 527 ήμόνωσις,
1492 457 1591 524 τῆς
1632 456 1770 527 μετά

1871 455 2012 514 facie
2046 458 2138 514 Dei
2170 461 2398 529 gloriam
2428 463 2800 534 conspiciatis.
2847 466 2966 522 Non
3016 471 3276 540 gaudium
3329 493 3461 534 sunt

195 550 325 604 Θεοῦ
374 551 680 621 διαγωγῆς·
720 553 752 620 ἡ
786 550 887 619 τῆς
915 549 1094 620 κόμης
1123 549 1355 620 ἀκαρσις
1376 587 1392 611 ,
1431 548 1532 618 τῆς
1564 549 1770 620 εὐπρε-

1871 548 2022 605 ista?
2072 550 2192 606 Non
2247 555 2544 612 exsultatio
2596 559 2750 613 omni
2808 561 3182 618 exsultatione
3239 568 3458 638 major?

194 642 329 708 ποῦς
359 642 688 716 θεομρρφὶας
707 660 720 674 ·
754 644 834 707 είς
861 643 922 697 τὸ
955 642 1459 714 ἀνακεκαλυμμένῳ
1493 641 1771 714 προσώπῳ

1869 640 2037 714 .Egre
2081 643 2268 699 forsan
2312 647 2471 701 laturi
2508 665 2738 718 sumus;
2785 655 2930 722 quod
2965 671 3072 710 non
3111 657 3322 717 inditus
3357 679 3457 734 pes

188 735 290 804 τὴν
339 735 499 799 δόξαν
555 735 760 806 Κυρίου
807 734 1295 807 κατοπτρίζεσθαι.
1346 736 1460 788 Οὐκ
1491 733 1572 788 ἔνι
1624 735 1770 806 χαρά

1868 734 2040 805 ligno,
2074 753 2182 791 non
2217 739 2473 808 imposita
2500 751 2712 798 catena.
2743 744 2864 810 Quo
2893 747 3045 801 enim
3080 751 3253 821 magis
3283 733 3461 810 abun~

191 826 397 889 ταῦτα;
465 828 564 880 οὑκ
618 827 697 880 ἔνι
757 829 1078 896 ἀγαλλίασις
1139 830 1323 896 πάσης
1387 827 1767 895 ἀγαλλιάσεως

1865 826 2306 895 dautaerumnaa,
2334 838 2488 886 tanto
2527 833 2896 890 abundantior
2936 840 3241 896 consolatio
3271 843 3461 912 gloriae

191 919 591 990 ὑπεραίρουσα;
625 921 777 990 Τάχα
802 921 1094 992 ὀφείλομεν
1128 922 1222 974 καλ⁵
1252 919 1544 985 ἀνιᾶσθαι,
1575 921 1656 973 ὃτι
1693 920 1768 990 μὴ

1867 918 1985 974 Dei.
2016 919 2142 975 llaec
2185 924 2379 992 paucis
2413 943 2428 979 :
2471 926 2651 982 sciens
2683 944 2780 985 vos
2819 946 2849 984 a
2898 932 3056 987 vobis
3091 933 3227 1004 ipsis
3256 935 3463 992 habere

191 1011 284 1066 xui.
311 1015 389 1076 εἰς
423 1012 577 1077 ξύλον
603 1015 631 1067 ὁ
667 1014 824 1079 ποῦς,
855 1016 950 1068 καὶ
975 1015 1161 1078 ἅλυσις
1194 1013 1576 1084 περικειμένη,
1603 1013 1769 1067 Ὀσον

1868 1011 2188 1080 patientiam
2216 1055 2230 1078 ,
2270 1015 2522 1072 hortatus
2561 1034 2720 1085 sum,
2774 1023 3114 1080 charissimi.
3171 1025 3282 1082 Vos
3326 1043 3459 1083 vero

189 1106 298 1174 γὰρ
335 1105 618 1171 πλεονάζει
649 1109 718 1160 τὰ
749 1107 1050 1177 παθήματα
1069 1147 1085 1171 ,
1114 1106 1367 1160 τοσοῦτον
1397 1094 1492 1160 καί
1521 1108 1552 1177 ή
1588 1106 1770 1176 παρά-

1870 1106 2152 1173 rependite
2184 1107 2354 1174 mihi,
2394 1111 2671 1181 simulque
2697 1111 2932 1180 .Nicolao
2979 1119 3073 1186 qui
3118 1133 3333 1174 mecum
3375 1130 3461 1177 est

189 1198 383 1268 κλησις
415 1199 514 1268 τῆς
545 1199 704 1271 δόξης
729 1199 822 1253 τοῦ
851 1198 1008 1255 Θεοῦ.
1036 1201 1223 1252 Ταῦτα
1258 1202 1316 1253 ὲν
1342 1199 1545 1267 ὀλίγοις
1565 1211 1580 1226 ⁸
1615 1197 1772 1262 είδὼς

1869 1197 2059 1260 fratri:
2098 1209 2310 1268 nostro,
2345 1203 2437 1272 qui
2477 1219 2577 1260 vos
2626 1212 2682 1260 et
2738 1208 2976 1275 salutat,
3032 1226 3217 1270 sacras
3273 1229 3461 1283 preces

175 1287 268 1340 εὸτι
314 1288 523 1341 οἴκοθεν
550 1290 704 1360 ἔχετε
737 1291 836 1363 τὴν
865 1290 1166 1362 ὑπομονὴν,
1202 1289 1557 1359 παρεκάλεσα
1587 1288 1733 1360 ὑμᾶς
1753 1329 1769 1355 ,

1006 1290 1166 1362 μονὴν,
1202 1289 1557 1359 παρεκάλεσα
1587 1288 1733 1360 ὑμᾶς
1753 1329 1769 1355 ,
1870 1301 2083 1348 vestras
2108 1333 2123 1358 ,
2151 1303 2210 1348 ut
2242 1296 2374 1349 salvi
2406 1296 2607 1352 simus.

190 1381 453 1454 φίλτατοι.
507 1383 696 1456 Ὑμεῖς
741 1386 796 1438 δὲ
828 1386 1134 1456 ἀντιδοίητέ
1167 1403 1279 1456 μοι,
1312 1386 1410 1439 σὺν
1461 1382 1540 1454 τῷ
1577 1384 1792 1437 συνόντι
1865 1383 2121 1458 Νικολάῳ
2166 1387 2244 1459 τῷ
2280 1387 2497 1461 ἀδελφῷ
2548 1391 2728 1462 ἡμῶν,
2761 1391 2820 1456 ὃς
2849 1393 2995 1466 ὑμᾶς
3028 1397 3125 1452 καὶ
3177 1415 3453 1470 προσαγο-

190 1473 359 1547 ρεύει,
389 1476 487 1541 τὰς
511 1477 662 1547 ἱερὰς
688 1478 997 1550 προσευχὰς
1030 1480 1110 1543 είς
1139 1477 1202 1530 τὸ
1233 1476 1504 1541 σώζεσθαι
1535 1477 1704 1548 ἡμᾶς.

555 1637 684 1693 ΝΘ’.
717 1666 791 1680 --
819 1638 1255 1706 Μοναζούσαις.
1285 1637 1441 1712 [υκ⁹.]

1366 1637 1441 1710 ι⁹.]
2377 1645 2517 1704 LIX.
2539 1680 2608 1690 —
2624 1648 2967 1706 Martialibus.

186 1774 415 1840 Triginta
449 1771 697 1824 moniales
738 1786 851 1837 quae
885 1785 977 1856 pro
999 1772 1196 1824 Christo
1249 1769 1787 1896 carcereuzngtogerggl

1857 1775 2226 1902 lgeﬁulzeﬁnt,
2258 1777 2446 1840 laudat,
2479 1785 2534 1830 et
2573 1781 2636 1830 ad
2681 1791 3108 1845 perseverantiam
3150 1786 3458 1837 adhortatur.

251 1971 434 2042 Χρέος
471 1968 632 2039 εἴπερ
681 1967 810 2022 ἄλλο
840 1985 893 2020 τι
937 1967 1063 2037 ἐμοὶ
1089 1965 1169 2036 τῷ
1197 1963 1460 2036 ταπεινῷ,
1498 1964 1644 2035 ὑμᾶς
1667 1963 1768 2028 τὰς
1798 1971 1840 2026 Β

1941 1963 2160 2032 Debeo,
2199 1967 2247 2022 si
2287 1967 2421 2039 quid
2463 1968 2640 2036 aliud,
2680 1969 2908 2028 humilis
2946 1988 3050 2039 ego
3082 1990 3205 2039 vos,
3241 1976 3462 2034 Domini

185 2065 277 2120 τοῦ
313 2063 520 2134 Κυρίου
561 2059 799 2130 ἀδελφὰς
847 2059 942 2114 καὶ
993 2059 1235 2130 μητέρας
1273 2060 1416 2113 κατὰ
1443 2057 1504 2112 τὸ
1531 2057 1768 2129 ἀληθὲς,

1871 2073 2060 2114 revera
2109 2075 2330 2116 sorores
2362 2073 2677 2134 matresque
2703 2106 2718 2132 ,
2773 2074 2835 2120 ut
2884 2065 3094 2122 Veritas
3125 2069 3243 2140 ipsa
3277 2071 3458 2137 dixit,

185 2159 258 2222 ὼς
302 2157 466 2218 αὑτὸς
499 2155 758 2225 ἐφησενή
791 2153 1052 2223 ἀλήθεια,
1091 2152 1235 2223 λόγῳ
1284 2153 1642 2223 παρακαλεῖν,
1672 2151 1770 2206 καὶ

1869 2153 2053 2208 verbis
2079 2154 2321 2220 hortari,
2355 2165 2409 2211 et
2445 2158 2668 2212 monitis
2702 2159 3005 2215 accendere
3029 2201 3043 2226 ,
3077 2178 3200 2232 qua:
3233 2176 3461 2234 propter

187 2247 510 2318 παραινέσει
554 2245 833 2314 ἀλείφειν·
865 2243 1244 2313 ὑπομενούσας
1272 2243 1360 2296 διὰ
1404 2245 1640 2314 Χριστὸν
1673 2243 1770 2296 καὶ

1869 2244 2172 2310 Christum,
2205 2256 2259 2301 et
2285 2247 2584 2316 spiritualis
2613 2253 2804 2304 matris
2835 2251 3220 2321 privationem,
3253 2266 3309 2310 et
3341 2273 3462 2311 mu-

188 2341 444 2412 στέρησιν
481 2337 688 2409 μητρὸς
735 2335 1140 2406 πνευματικῆς,
1171 2335 1267 2389 καὶ
1295 2334 1569 2401 διάζευξιν
1599 2334 1769 2406 ἀλλή-

1870 2343 2019 2389 tuam
2051 2352 2079 2388 a
2105 2336 2262 2391 vobis
2284 2341 2707 2406 separationem,
2732 2350 2786 2396 et
2811 2343 2987 2397 sancti
3015 2345 3251 2399 coenobii
3271 2347 3461 2402 adem-

185 2434 314 2498 λων,
347 2434 440 2487 καὶ
483 2432 652 2503 μονῆς
693 2430 923 2500 εὑαγοῦς
967 2431 1282 2501 ἀφαίρεσιν,
1313 2429 1771 2500 καίγεξφυλακῆς

1871 2427 2115 2496 ptionem
2136 2467 2151 2492 ,
2179 2437 2233 2483 et
2261 2431 2503 2484 carceris
2533 2431 2842 2486 custodiam
2875 2435 3161 2490 sustinetis
3181 2477 3197 2501 ,
3230 2439 3461 2494 verbera

184 2529 441 2597 τήρησιν,
489 2524 592 2596 ἠδη
632 2521 1139 2596 προμαστιχθείσας
1180 2521 1441 2591 ὁμολογίᾳ
1483 2521 1764 2593 ἀληθείας.

1863 2519 1976 2589 jam
2015 2528 2142 2575 ante
2177 2536 2277 2590 pro
2314 2523 2565 2577 veritatis
2609 2522 2962 2580 confessione
3001 2541 3294 2597 perpessae.
3350 2530 3459 2585 Sed

193 2615 360 2673 Ἀλλὰ
381 2617 436 2670 τί
478 2615 736 2670 τοσοῦτον
761 2617 901 2669 εἴπω
927 2614 1172 2682 ἐπαίρων
1202 2614 1356 2685 ὑμῶν
1380 2614 1440 2668 τὸ
1472 2613 1770 2684 ἀξιόχρεων

1872 2611 2008 2681 quid
2057 2612 2194 2667 satis
2234 2628 2494 2682 magnum
2540 2615 2720 2669 dicam
2742 2657 2757 2678 ,
2787 2618 3112 2686 praeclarum
3144 2622 3459 2677 eneomium

186 2711 499 2782 ὲγκώμιον;
545 2710 691 2772 Mra;
757 2709 927 2779 μονῆς
981 2708 1078 2777 ὂλη
1129 2705 1429 2776 ἀδελφότης
1481 2723 1771 2778 τριακοντο

1871 2711 2114 2758 vestrum
2155 2704 2467 2760 extollens?
2500 2705 2677 2762 Unius
2711 2711 3038 2764 monasterii
3077 2716 3460 2782 congregatio-

184 2802 310 2874 άριθ
322 2819 421 2872 μος
450 2803 507 2855 ὲν
530 2799 610 2872 τῷ
634 2800 867 2871 παρόντι
897 2799 1096 2870 χρόνῳ,
1125 2799 1214 2852 ὅτε
1238 2797 1621 2868 ἐξετράπησαν
1636 2797 1772 2868 ὁμοῦ

1872 2807 1996 2847 nem
2024 2793 2357 2857 universam,
2388 2809 2639 2850 sororum
2665 2813 2896 2851 numero
2925 2799 3166 2867 triginta,
3195 2803 3296 2856 hoc
3321 2814 3460 2858 tem-

186 2897 286 2967 μὲν
313 2895 574 2965 ἄρχοντες
600 2893 695 2946 καὶ⁵
719 2892 1033 2964 ἀρχόμενοι,
1057 2891 1167 2944 δέει
1196 2891 1427 2945 θανάτου
1453 2907 1771 2961 παρακρου-

1871 2898 2004 2955 pore
2049 2902 2174 2941 cum
2222 2901 2332 2942 una
2379 2887 2740 2943 desciverunt
2786 2891 3066 2960 principes
3114 2903 3168 2948 et
3217 2896 3456 2962 subditi,

184 2988 414 3058 σάμενοι
449 2985 540 3038 τὸν
573 2982 671 3037 τοῦ
707 2981 914 3053 Κυρίου
952 2981 1143 3050 λόγον·
1178 2979 1316 3050 ὁμοῦ
1356 2980 1412 3032 δὲ
1444 2981 1772 3050 μονάζοντες

1870 2975 2100 3031 verbum
2145 2975 2365 3032 Domini
2407 2980 2599 3034 mortis
2635 2993 2783 3035 metu
2815 2982 3164 3052 rejicientes,
3201 2989 3457 3044 monachi

183 3082 275 3134 καὶ
305 3077 662 3151 μονάζουσαι,
682 3077 731 3129 εί
755 3074 847 3129 καί
869 3090 1016 3136 τινες
1035 3072 1308 3140 ὀλιγοστοὶ
1339 3070 1768 3141 ὑπελείφθησαν·

1871 3069 2037 3123 etiam
2090 3070 2194 3140 ipsi
2241 3080 2296 3125 et
2341 3073 2614 3128 moniales
2644 3113 2658 3138 ,
2702 3074 2827 3130 licet
2880 3077 3040 3146 pauci
3089 3079 3314 3149 quidam
3347 3082 3458 3138 sint

181 3171 534 3243 ὁμοψυχῆσαι
581 3168 777 3232 οὑτως,
831 3166 928 3220 καὶ⁵
977 3166 1071 3221 τὸν
1104 3163 1246 3235 ὑπὲρ
1292 3162 1530 3234 Χριστοῦ
1578 3162 1771 3218 ἄεθλον

1873 3165 2108 3234 reliqui;
2157 3167 2238 3220 sic
2267 3167 2468 3221 animis
2492 3169 2885 3238 conspirasse,
2926 3182 3315 3244 certamenque
3358 3192 3457 3244 pro

181 3262 572 3335 ἀναδήσασθαι,
604 3261 765 3315 τοῦτο
791 3261 906 3323 τοῖς
930 3257 1100 3313 πάλαι
1126 3257 1340 3328 χρόνοις
1365 3256 1766 3326 παραϐλητέον.

1871 3256 2094 3312 Christo
2137 3259 2448 3328 suscepisse
2472 3297 2488 3323 ,
2523 3260 2626 3315 hoc
2655 3275 2784 3315 vero
2821 3277 2943 3318 cum
2976 3264 3172 3333 priscis
3205 3277 3289 3322 est
3321 3278 3458 3323 tem-

334 3318 507 3423 ἀγίων
534 3318 949 3422 τεσσαράκοντα
969 3352 1004 3422 ἡ
1037 3318 1386 3420 ὁμοίωσις,νὴ
1415 3318 1556 3402 τισιν
1585 3318 1767 3412 ἀλλοις

1871 3349 2098 3419 poribus
2131 3318 2584 3420 comparandum.
2601 3351 2929 3409 Sanctorum
2950 3318 3307 3429 quadraginta
3324 3318 3456 3416 haec

179 3449 288 3502 τῶν
338 3447 626 3520 μακαρίων
657 3444 972 3514 ἁθλοφόρων
1004 3441 1489 3512 ὲξεικονιξόμενον.
1541 3441 1628 3505 Ὠς
1661 3461 1765 3513 μα-

1865 3444 2204 3510 similitudo,
2235 3446 2540 3502 aliorumve
2572 3451 2958 3520 quorumpiam
3008 3466 3039 3505 e
3083 3452 3254 3508 beat-is
3283 3455 3457 3510 victo-

182 3548 378 3612 κάριαι
400 3541 580 3610 ὑμεῖς,
629 3537 726 3609 μία
752 3538 852 3606 τῆς
885 3537 1013 3606 μιᾶς
1042 3533 1120 3606 τῷ
1142 3533 1392 3606 διαπύρῳ
1422 3533 1568 3607 ζήλῳ
1597 3537 1767 3608 ὑπερ.

1864 3535 2022 3591 ribus
2051 3551 2311 3606 expressa
2338 3538 2600 3594 imitatio.
2633 3540 2811 3604 Quam
2842 3543 3015 3599 beata:
3044 3559 3139 3600 vos
3164 3547 3319 3610 estis,
3349 3549 3455 3604 alia

180 3634 510 3698 ϐάλλουσαι,
541 3631 636 3685 καὶ
657 3632 827 3684 πᾶσαι
853 3628 991 3698 ὁμοῦ
1015 3627 1251 3698 ἀλλήλας
1279 3627 1666 3699 παραθήξασαι
1682 3630 1764 3694 είς

1865 3627 2032 3682 aliam
2063 3629 2274 3684 ardenti
2309 3631 2426 3684 zelo
2459 3645 2733 3702 superans
2753 3674 2769 3700 ,
2815 3645 2871 3690 et
2904 3650 3098 3690 omnes
3130 3639 3337 3706 pariter
3384 3640 3454 3694 ad

178 3729 240 3782 τὸ
268 3729 372 3798 τῆς
404 3726 694 3798 ὁμολογίας
734 3724 972 3778 στάδιον.
1022 3723 1206 3788 ’Ἄξιον
1233 3722 1414 3792 θέαμα
1463 3723 1766 3793 ἀγγελικῆς

1864 3719 2230 3776 confessionis
2253 3722 2492 3777 stadium
2514 3740 2612 3781 vos
2637 3725 2870 3781 invicem
2900 3731 3190 3784 acuentes!
3221 3729 3453 3801 Dignum

178 3819 439 3890 χορείας·
479 3817 826 3888 μαρτυρικῖκ
871 3813 1200 3885 ὀμηγύρεως
1250 3812 1556 3883 ἐπέραστον
1604 3811 1764 3883 Θεῷ,

1865 3813 2130 3884 angelicis
2175 3815 2360 3870 choris
2403 3826 2822 3888 martyrumque
2866 3829 3012 3874 cmtu
3043 3825 3450 3890 spectaculum.

179 3913 324 3983 ὑπὲρ
348 3904 412 3965 οὗ
439 3913 536 3964 καὶ
563 3907 636 3963 τὰ
661 3907 985 3979 παθήματα.
1027 3905 1197 3976 Δεῦρο
1225 3904 1290 3974 δὴ
1319 3899 1435 3966 οὖν,
1463 3904 1764 3976 θυγατέρες

1865 3902 1977 3959 Deo
2035 3904 2310 3974 imprimis
2340 3915 2588 3975 gratum,
2622 3908 2784 3977 cujus
2819 3924 2985 3963 causa
3017 3922 3285 3981 suscepta:
3315 3913 3452 3968 allii-

176 4006 278 4074 τῆς
304 4006 422 4060 ἀνω
458 4003 844 4076 Ἰερουσαλὴμ,
871 4001 1132 4074 κλήματα
1153 3999 1255 4070 τῆς
1279 3999 1544 4070 ἀληθινῆς
1581 4000 1761 4070 ἀμπέ-

1864 3995 2097 4051 ctiones.
2117 3996 2320 4050 Adeste
2340 3996 2672 4067 igitur,filiaa
2700 3999 2939 4054 caelestis
2963 3998 3290 4068 Jerusalem,
3309 4019 3452 4059 vera;

175 4097 292 4162 λου,
336 4097 640 4170 μαθήτριαι
670 4096 918 4166 ἀψευδῶς
945 4092 1042 4148 τοῦ
1062 4093 1269 4163 Λόγου·
1301 4091 1763 4162 ἀγαλλιασὼμεθα

1863 4087 1992 4142 vitis
2021 4087 2310 4157 palmites,
2342 4085 2506 4144 Verbi
2540 4089 2685 4144 haud
2715 4091 2897 4145 dubia:
2923 4093 3210 4163 discipulae
3241 4111 3255 4148 :
3308 4096 3451 4150 divi-

177 4189 507 4262 θεοπρεπῶς
533 4204 549 4221 ·
604 4183 1174 4258 ἀνθομολογησώμεθα
1227 4181 1305 4254 τῷ
1342 4196 1349 4202 ’
1382 4183 1762 4252 δυναμώσαντι

1863 4197 1996 4237 num
2037 4182 2094 4236 in
2137 4197 2347 4238 morem
2375 4184 2716 4240 exsultemus
2746 4202 2760 4239 :
2793 4185 3019 4242 Christo
3049 4188 3447 4257 conﬁteamur,

176 4280 326 4348 ὑμᾶς
357 4277 579 4352 Χριστῷ
623 4278 847 4331 ὑποῖσαι
877 4275 946 4329 τὰ
984 4275 1304 4343 φθάσαντα·
1341 4267 1462 4326 εἶτα
1490 4274 1583 4326 καὶ
1625 4272 1762 4343 πρὸς

1863 4275 1956 4346 qui
2001 4289 2101 4330 vos
2141 4275 2210 4330 ad
2255 4275 2538 4330 toleranda
2577 4291 2701 4346 quae
2747 4280 3130 4348 praeterierunt
3164 4281 3453 4338 confirma-

171 4375 241 4429 τά
300 4373 566 4445 μέλλοντα
631 4367 1207 4442 παρασκευασώμεθα.
1257 4365 1324 4419 Τί
1390 4364 1584 4431 τοῦτο;
1643 4365 1763 4419 Κᾶν

1863 4367 1984 4421 vit:
2023 4365 2224 4421 deinde
2267 4366 2333 4420 ad
2379 4365 2561 4422 futura
2603 4383 2825 4438 quoque
2871 4371 3248 4442 accingamur.
3281 4374 3451 4438 Quid-

173 4465 339 4529 αὖθις
393 4463 692 4535 μάστιγες,
747 4461 851 4516 κᾶν
877 4459 1082 4530 δεσμὰ,
1118 4457 1221 4513 κᾶν
1254 4456 1389 4529 πῦρ,
1431 4457 1534 4511 κᾶν
1577 4453 1758 4526 ξίφος·

1861 4473 1989 4514 nam
2019 4457 2128 4513 hoc
2152 4457 2231 4511 rei
2264 4456 2382 4512 est?
2408 4456 2522 4513 Etsi
2557 4475 2777 4514 rursum
2803 4460 3050 4526 verbera,
3079 4463 3182 4518 etsi
3208 4464 3447 4532 vincula,

177 4556 456 4630 μηδαμῶς
517 4557 844 4627 ἀναδυῆναι,
906 4554 1042 4608 ἀλλά
1101 4552 1282 4606 πάντα
1335 4551 1760 4623 προθυμηθῆναι

1861 4550 1962 4604 etsi
1993 4549 2273 4619 ignis,etsi
2291 4549 2504 4620 gladius
2536 4568 2550 4605 :
2585 4551 2735 4606 nullo
2759 4553 2923 4607 modo
2944 4552 3212 4622 refugere,
3235 4557 3332 4610 sed
3354 4557 3449 4612 la:-

176 4651 434 4718 ὲνεγκεῖν
482 4647 578 4701 σὺν
632 4645 876 4718 Χριστῷ.
947 4643 1262 4714 Ἰσχύσομεν
1321 4642 1462 4712 γάρ·
1526 4640 1760 4712 ἐπείπερ

1861 4644 1931 4698 tis
1949 4644 2145 4697 animis
2159 4643 2404 4713 perferre
2434 4645 2617 4700 omnia
2639 4661 2836 4717 cupere
2853 4663 2976 4702 cum
2994 4648 3236 4704 Christo.
3261 4649 3449 4706 Enim-

171 4744 413 4814 εἴρηκε·
471 4739 554 4806 Τῷ
605 4740 954 4793 πιστεύοντι
1011 4735 1209 4789 πάντα
1257 4733 1508 4788 δυνατά.
1560 4734 1756 4803 Ὁρᾶτε

1863 4751 1993 4788 vero
2023 4735 2369 4803 poterimus:
2404 4738 2848 4808 quandoquidem
2869 4739 3006 4793 dixit
3027 4757 3038 4792 :
3063 4739 3257 4795 Omnia
3277 4743 3447 4810 possi-

169 4831 262 4888 οἷα
293 4833 368 4887 τὰ
402 4831 685 4902 ὲγκὼμιας
717 4830 782 4882 Τί
812 4829 1019 4890 λοιπὸν,
1065 4829 1133 4880 τὰ
1193 4825 1457 4896 μέλλοντα
1510 4826 1755 4878 ἀνταπο-

1863 4826 1993 4880 bilia
2026 4838 2147 4882 sunt
2177 4830 2412 4883 credenti
2438 4831 2508 4884 “.
2542 4830 2780 4886 Cernitis
2803 4833 2985 4900 qualia
3019 4834 3129 4888 sint
3153 4834 3450 4890 encomia?

167 4926 425 4996 δόματα,
465 4922 712 4994 βασιλεία
740 4920 1009 4994 οὐρανῶν,
1051 4919 1194 4990 χαρά
1224 4917 1627 4987 ἀνεκλάλητος;
1664 4917 1755 4987 Μή

1863 4918 2005 4985 Quid
2037 4919 2256 4974 demum
2298 4920 2494 4976 futura:
2536 4924 2958 4990 retributiones,
3015 4941 3238 4996 regnum
3283 4930 3451 4983 coelo-

166 5036 256 5082 τις
282 5013 382 5070 οὖν
414 5015 800 5068 ὑποπίπτουσα
831 5012 910 5082 τῷ
941 5012 1186 5080 Σατανᾷ·
1229 5011 1304 5080 μή
1335 5026 1421 5072 τις
1465 5009 1754 5077 φιλόζωος,

1865 5027 2018 5078 rum,
2060 5013 2318 5083 gaudium
2358 5014 2652 5068 ineffabile.
2706 5014 2862 5070 Nulla
2899 5033 3030 5084 ergo
3067 5019 3285 5075 Satanae
3315 5037 3446 5077 suc-

166 5110 248 5174 ὼς
271 5103 359 5172 εἷς
387 5107 496 5161 τῶν
523 5106 954 5178 τεσσαράκοντα,
973 5107 1036 5157 ἐκ
1051 5104 1163 5157 τῶν
1186 5103 1502 5174 τριάκοντα.
1527 5104 1756 5156 Ἐκεῖνοι

1864 5105 2166 5171 cumbens,
2212 5105 2361 5160 nulla
2398 5107 2519 5160 vitae
2561 5122 2788 5175 amans,
2844 5109 2990 5164 sicut
3043 5111 3132 5166 ille
3188 5129 3327 5168 unus
3381 5129 3447 5168 ex

165 5205 274 5272 τῆς
326 5199 654 5272 ἐγκρατείας
695 5199 756 5252 τὸ
801 5197 1167 5266 ἀπεικόνισμα
1195 5213 1208 5226 ·
1247 5197 1406 5266 ὑμεῖς
1447 5198 1548 5265 τῆς
1599 5193 1760 5262 ἁγίας

1859 5196 2252 5265 quadraginta.
2296 5196 2349 5249 in
2395 5195 2482 5251 his
2516 5198 2736 5265 triginta
2790 5200 3118 5268 reperiatur.
3165 5201 3244 5254 Illi
3277 5203 3448 5258 absti-

166 5292 413 5364 Τριάδος
459 5290 519 5344 τὸ
574 5289 951 5360 ὑποτύπωμα,
1006 5287 1298 5360 τριαδικῶς
1345 5287 1758 5358 δεκατούμενον.

1861 5287 2062 5341 nentiae
2101 5286 2406 5358 symbolum
2443 5307 2455 5342 :
2501 5302 2601 5342 vos
2640 5298 2842 5342 sancta:
2877 5287 3168 5344 Trinitatis
3220 5291 3450 5345 simula-

166 5383 420 5454 Τοιαύτη
468 5384 502 5452 ἡ
550 5381 815 5453 οὑδαμινὴ
846 5379 1004 5452 ὴμῶν
1031 5380 1403 5450 παράκλησις.
1466 5379 1654 5450 Ὑμεῖς
1705 5377 1762 5432 δὲ

1860 5395 2014 5435 crum
2066 5379 2353 5450 tripliciter
2384 5380 2750 5435 decumatum.
2804 5379 2955 5436 Talis
3007 5391 3094 5438 est
3144 5383 3330 5436 intima
3394 5392 3447 5438 et

164 5474 480 5546 ἀντιδοίητέ
507 5491 599 5545 μοι
616 5475 715 5536 τὰς
745 5473 1078 5546 προσευχὰς,
1107 5466 1154 5527 ὧ
1177 5473 1415 5545 μητέρες
1441 5469 1758 5543 τρισόλϐιοι,

1862 5473 2022 5528 nihili
2055 5473 2367 5528 exhortatio
2407 5482 2622 5530 nostra.
2661 5473 2768 5528 Vos
2799 5490 2930 5530 vero
2971 5491 3163 5546 preces
3192 5475 3326 5529 milii
3355 5517 3370 5542 ,
3415 5490 3447 5531 ο

164 5571 256 5634 εἰς
299 5567 578 5639 σωτηρίας
616 5566 845 5636 ἑφόδιον.

1866 5573 2070 5618 matres
2123 5571 2205 5619 ter
2253 5564 2446 5632 beatae,
2521 5564 2588 5620 ad
2643 5563 2838 5620 salutis
2888 5564 2996 5621 iter
3054 5565 3444 5635 perliciendum

1864 5655 2163 5727 rependite.

258 5837 308 5869 "
348 5836 517 5895 Marc.
550 5851 600 5892 ix
626 5877 642 5904 ,
681 5833 772 5888 22.
