4054 6364
594 389 736 458 1275

1042 505 1155 564 LX.
1173 537 1244 550 —
1265 506 1351 563 Ad
1391 507 1714 564 Canonicas.

1777 399 1842 458 S.
1876 393 2275 458 THEODORI
2311 392 2658 458 STUDITE

3715 393 3847 461 1276

2659 506 2740 562 Ξ’.
2780 531 2854 548 —
2890 506 3271 575 Κανονικαῗς.
3305 506 3490 580 [υκε’.]

1150 625 1340 676 Gratias
1360 623 1467 689 agit
1488 639 1580 690 pro
1601 621 1866 682 beneﬂciis
1883 621 1935 672 in
1953 622 2270 674 Naucratium
2299 623 2523 686 aliosque
2541 621 2722 674 Christi
2747 621 3058 673 confessores
3087 622 3297 675 collatis.

663 731 733 788 Et
762 730 1139 802 superioribus
1191 733 1533 802 temporibus
1581 734 1861 804 egregium
1895 732 2171 803 specimen

2350 732 2462 786 Καὶ
2495 731 2603 784 ἀπὸ
2630 730 2740 786 τῶν
2775 731 3156 802 προλαϐόντων
3195 732 3385 805 ίκανὴν
3427 731 3711 799 ἀπόδειξιν
3753 733 3850 804 τῆς

595 826 841 897 religiosi
874 825 1039 881 vestri
1081 839 1209 896 erga
1246 836 1494 880 nostram
1540 827 1904 880 humilitatem
1943 825 2169 879 affectus

595 920 936 988 accepimus,
977 927 1031 974 et
1063 935 1211 975 nunc
1250 927 1310 974 ut
1339 935 1463 976 cum
1502 921 1782 974 maxime:
1821 919 1896 974 ita
1928 928 1984 972 ut
2013 920 2171 988 plane

594 1013 1066 1082 obstupescamus,
1091 1028 1214 1066 cum
1231 1028 1352 1082 qua;
1369 1022 1694 1082 quantaeque
1717 1013 1829 1068 sint
1856 1011 2171 1082 largitiones

593 1113 786 1157 vestrze
819 1102 1097 1155 intuemur
1131 1119 1143 1154 :
1182 1111 1349 1170 atque
1379 1104 1471 1157 ubi
1505 1103 1682 1158 edocti
1713 1119 1898 1158 sumus
1935 1118 1963 1156 a
1997 1103 2170 1156 tabe—

593 1190 769 1256 lat-io,
821 1191 914 1258 qui
963 1199 1242 1260 spectator
1292 1190 1408 1260 ipse
1451 1192 1757 1255 intellexit,
1809 1203 2009 1260 quanta
2039 1206 2170 1245 cura

593 1282 752 1338 vobis
782 1283 1200 1352 sollicitndoquc
1233 1284 1325 1345 sit,
1354 1283 1614 1348 charitas,
1649 1283 2074 1345 commiseratio,
2103 1281 2171 1336 ad

593 1375 800 1438 cibum,
825 1385 1034 1444 potum,
1061 1377 1556 1446 vestimentumque
1585 1378 2025 1447 suggerendum;
2062 1390 2172 1444 qua

593 1467 875 1522 alacritate
922 1467 1169 1521 tenuitati
1223 1479 1424 1522 nostra:
1469 1469 1901 1523 subministretis
1948 1467 1995 1522 si
2036 1466 2170 1536 quid

594 1559 663 1613 ad
698 1561 863 1612 vitam
899 1560 1266 1614 necessarium
1296 1569 1380 1614 est
1412 1575 1424 1611 :
1471 1575 1636 1630 quam
1685 1560 1882 1628 cupide
1935 1559 2171 1628 idipsum

596 1650 912 1720 inquiratis,
946 1660 1008 1717 ut
1040 1667 1204 1721 opere
1236 1651 1353 1722 ipso
1387 1649 1638 1706 eti'ectum
1667 1651 1825 1706 detis.
1857 1649 2046 1704 Nonne
2075 1650 2175 1720 igi-

596 1752 688 1797 tur
714 1744 837 1814 jure
868 1744 1082 1813 optimo
1111 1753 1291 1814 grates
1325 1743 1432 1799 Deo
1471 1760 1630 1814 agere
1662 1759 1748 1798 me
1784 1743 1850 1797 de
1891 1743 1977 1796 bis
2010 1743 2174 1796 rebus

595 1851 698 1907 par
730 1847 847 1903 est,
892 1837 984 1906 qui
1041 1846 1243 1891 matres
1283 1852 1610 1906 sororesque
1647 1836 1921 1904 spiritales
1955 1835 2174 1890 invene-

597 1927 738 1982 rim?
774 1928 966 1981 Annon
997 1939 1050 1982 et
1083 1929 1278 1984 merito
1309 1938 1740 1984 consentaneum
1774 1939 1859 1983 est
1885 1939 1945 1982 ut
1981 1929 2173 1984 laudes

2270 821 2530 884 εὐσεϐοῦς
2579 822 2734 893 ὑμῶν
2777 823 2916 894 πρὸς
2965 825 3065 892 τὴν
3111 823 3442 877 ταπείνωσιν
3470 823 3634 893 ἡμῶν
3674 823 3848 877 διαθέ-

2272 934 2410 981 σεως
2459 917 2786 988 εἰλήφαμεν,
2843 916 2939 970 νῦν
2989 917 3046 970 δὲ
3097 917 3192 970 καὶ
3243 917 3420 986 μάλα·
3457 916 3532 979 ὡς
3593 917 3851 985 ἐκστῆναι

2268 1009 2418 1080 ἡμᾶς
2433 1010 2510 1081 τῷ
2537 1009 2671 1073 ὄντι,
2694 1009 3084 1074 διαὸλέποντας
3104 1010 3202 1073 τὰς
3223 1009 3433 1080 δωρεὰς
3456 1009 3635 1080 ὑμῶν,
3661 1010 3852 1061 ὁπόσαι

2269 1105 2364 1157 καὶ
2408 1103 2634 1173 ήλίκαιυ
2696 1103 2886 1155 ἔπειτα
2939 1102 3033 1154 καὶ
3088 1100 3498 1170 ὲκδιδαχθέντες
3549 1100 3706 1170 παρὰ
3760 1098 3851 1152 τοῦ

2271 1193 2748 1264 γραμματηφόρου
2793 1191 3019 1261 αὑτοψεὶ
3063 1190 3451 1262 ὑπειληφότας,
3483 1191 3584 1260 ὅση
3621 1192 3655 1259 ἡ
3688 1189 3854 1258 φειδὼ

2272 1284 2368 1338 καὶ
2410 1286 2442 1356 ή
2491 1283 2714 1355 φροντὶς
2755 1283 3034 1354 περίεστιν
3083 1282 3247 1353 ὑμῖν
3293 1283 3484 1347 ἐλεεῖν,
3539 1282 3853 1352 οἰκτείρειν,

2271 1375 2512 1446 τρέφειν,
2546 1375 2807 1438 ποτίζειν,
2847 1373 3207 1427 ἐνδιδύσκειν·
3230 1373 3356 1426 εἴτι
3386 1373 3514 1427 ἄλλο
3547 1372 3854 1441 ἐπιτήδειον

2273 1466 2420 1535 ζωῆς
2450 1467 2531 1530 εἰς
2571 1467 2669 1535 τὴν
2714 1465 2991 1519 εὐτέλειαν
3020 1465 3181 1536 ἡμῶν
3223 1466 3614 1535 ὲπειγομέναις
3646 1467 3850 1519 ποιεῖν·

2273 1561 2368 1614 καὶ
2409 1559 2772 1628 ὲκζητούσαις
2801 1558 2994 1627 μαθεῖν
3023 1560 3102 1620 είς
3144 1557 3204 1611 τὸ
3237 1559 3430 1610 τελεῖν.
3458 1552 3612 1628 Ἀρα
3644 1551 3740 1608 οῦν
3758 1556 3855 1608 οὐκ

2219 1663 2222 1666 ’
2273 1651 2497 1714 εἰκότως
2517 1652 2864 1721 εὐχαριστεῖν
2893 1667 2962 1720 με
2985 1650 3133 1704 ἐστιν
3166 1651 3224 1702 ὲν
3252 1648 3462 1712 τούτοις
3489 1650 3565 1718 τῷ
3591 1647 3732 1718 Θεῷ,
3755 1667 3856 1718 μη-

2273 1745 2438 1813 τέρας
2471 1743 2743 1813 εὑρηκότα
2773 1742 2868 1795 καὶ
2901 1742 3137 1811 ἀδελφὰς
3167 1742 3580 1812 πνευματικάς;
3619 1738 3730 1810 ἆρα
3757 1741 3855 1794 οὑκ

2275 1839 2642 1909 ὀφειλομένως
2667 1839 2877 1910 πρέπον
2915 1856 3004 1910 μοι
3035 1837 3236 1910 ὕμνους
3271 1839 3400 1908 ὑμῖν
3435 1837 3731 1898 ἀναθεῖναι,
3762 1838 3854 1889 ὲκο

2277 1929 2568 2000 ζητούσαις
2616 1931 2748 1983 Θεὸν
2769 1929 3131 2002 ὁλοκαρδίως;
3171 1930 3436 1999 Χαίρετε,
3478 1929 3716 2000 μητέρες
3760 1930 3854 1981 καὶ

597 2019 758 2074 vobis
789 2021 1034 2074 accinam
1061 2059 1075 2083 ,
1112 2037 1236 2090 quae
1265 2020 1432 2074 Deum
1459 2038 1525 2074 ex
1556 2031 1670 2074 toto
1700 2021 1861 2074 corde
1888 2019 2175 2086 emeritis?

2283 2023 2579 2093 Θυγατέρες
2636 2025 2694 2076 ὲν
2749 2024 2960 2092 Κυρίῳ·
3013 2022 3262 2094 χαίρετε,
3310 2022 3690 2092 φιλεργάτιδες
3747 2021 3852 2072 τῶν

600 2112 880 2172 Gaudete.
935 2121 1138 2166 matres
1189 2129 1254 2167 ae
1304 2113 1425 2166 tiliae
1474 2115 1526 2166 in
1581 2113 1830 2166 Domino.
1886 2111 2173 2177 Gaudete,

597 2219 719 2272 qua:
739 2203 1064 2272 Evangelica
1103 2205 1354 2258 mandata
1387 2205 1578 2258 scdulo
1605 2204 1881 2273 perficitis.
1908 2203 2172 2268 Gaudete,

598 2295 709 2350 lilia
734 2297 847 2366 agri
879 2295 1158 2365 spiritalis,
1193 2298 1243 2349 in
1277 2297 1470 2350 mediis
1495 2297 1714 2365 quidem
1743 2296 1916 2364 spinis
1949 2295 2137 2364 posita:
2157 2336 2172 2361 ,

597 2387 645 2442 si
674 2387 826 2442 locus
850 2397 1160 2456 spectetur;
1183 2388 1267 2442 sin
1295 2397 1478 2441 autem
1505 2403 1702 2451 mores,
1736 2388 1895 2456 longe
1918 2387 1986 2441 ab
2006 2387 2175 2440 haere-

596 2481 705 2534 tico
735 2480 952 2549 spineto
978 2487 1288 2532 summola'.
1319 2478 1586 2542 Gaudete,
1607 2488 1784 2532 coetus
1803 2479 2174 2548 egregius,in-

595 2571 771 2626 vicem
837 2572 1196 2633 cohaerentes,
1224 2580 1277 2624 et
1316 2570 1383 2623 ad
1434 2568 1528 2622 Dei
1575 2569 1901 2639 obsequium
1942 2570 2174 2625 invicem

597 2665 886 2732 colligatis.
921 2663 1136 2729 Quanta
1165 2674 1344 2718 vestra
1377 2663 1468 2716 illa
1500 2662 1801 2717 secundum
1847 2661 2012 2718 Deum
2045 2679 2177 2717 con-

598 2755 785 2810 cordia
834 2764 954 2821 est,
999 2755 1092 2809 illa
1137 2755 1313 2809 amica
1355 2755 1708 2825 conjunctio,
1754 2754 1843 2809 illa
1889 2755 1998 2809 vita
2042 2754 2178 2810 soli-

599 2847 776 2899 taria!

668 2936 878 3003 Gaude,
927 2936 1145 2992 domina
1183 2935 1339 2991 alteri
1373 2938 1688 2992 consociata
1721 2937 1980 3000 dominae,
2017 2936 2178 2991 matri

599 3039 807 3090 mater,
869 3028 1217 3083 moderatrici
1255 3028 1629 3093 moderatrix;
1693 3029 1856 3084 simul
1891 3028 2179 3098 praeposita

599 3121 874 3191 simulque
941 3120 1183 3176 subdita.
1241 3119 1417 3187 Quam
1463 3122 1676 3192 egregia
1719 3131 1810 3174 tua
1864 3121 2184 3176 exercitatio

599 3222 685 3268 est
743 3223 908 3283 atque
971 3212 1283 3282 professio!
1319 3225 1378 3266 ut
1430 3229 1497 3267 ex
1541 3213 1846 3268 obedientia
1885 3214 2184 3266 mercedem
2219 3225 2230 3238 '

601 3305 846 3377 colligas,
883 3315 938 3360 et
958 3306 1262 3375 praeposita:
1291 3305 1644 3360 securitatem
1692 3315 1937 3376 praestes.
1973 3305 2180 3370 Gaude,

2278 2114 2650 2182 εὑαγγελικῶν
2703 2113 3165 2184 προσταγμάτων.
3224 2114 3488 2184 Χαίρετε,
3547 2113 3710 2183 κρίνα
3763 2111 3851 2164 τοῦ

2277 2203 2448 2273 ἀγροῦ
2470 2204 2562 2256 τοῦ
2594 2203 2817 2276 νοητοῦ,
2849 2207 2907 2258 ὲν
2943 2205 3094 2275 μέσῳ
3127 2205 3378 2258 ἀκανθῶν
3406 2206 3682 2275 ὲνειμέναι
3717 2205 3855 2257 κατὰ

2275 2296 2439 2348 τόπον
2459 2312 2473 2326 ο
2503 2295 2643 2349 κατά
2683 2296 2740 2348 δὲ
2764 2295 2988 2367 τρόπον,
3024 2299 3124 2366 τῆς
3149 2297 3432 2366 αἱρετικῆς
3493 2295 3854 2358 ἀκανθώσεως

2277 2389 2616 2460 πορρωτέρω
2672 2388 2918 2443 θέουσαι.
2967 2389 3228 2460 Χαίρετε,
3267 2392 3299 2460 ἠ
3356 2389 3497 2459 καλὴ
3536 2389 3770 2458 ξυνωρὶς
3802 2391 3855 2440 ὲν

2276 2481 2537 2554 ἀλλήλαις
2564 2483 2844 2553 ἐχόμεναι,
2884 2483 2980 2536 καὶ
3014 2482 3084 2536 δι’
3117 2481 3363 2554 ἀλλήλων
3394 2483 3532 2552 πρὸς
3565 2482 3701 2534 Θεὸν
3737 2499 3854 2534 συν·

2275 2573 2665 2645 δεσμούμεναι.
2705 2575 2900 2645 Ἢλίκη
2928 2575 3084 2644 ὑμῶν
3123 2578 3155 2644 ή
3193 2577 3336 2629 κατά
3365 2577 3500 2629 Θεὸν
3534 2575 3762 2648 ὁμόνοια
3783 2593 3795 2605 ·
3822 2576 3852 2645 ἡ

2276 2667 2597 2740 ἀγαπητικὴ
2625 2668 2871 2732 σύνδεσις
2891 2684 2905 2698 ⁸
2937 2670 2971 2740 ἡ
3006 2669 3270 2740 μοναδικὴ
3302 2669 3522 2740 βίωσιςί

2350 2944 2544 3014 Χαῖρε,
2573 2943 2607 3013 ἡ
2636 2941 2803 3013 κυρία
2828 2941 2929 3012 τῆς
2961 2940 3240 3012 κυρίαςοὴ
3277 2940 3460 3010 μήτηρ
3486 2938 3588 3005 τῆς
3617 2937 3851 3008 μητρὸςο

2282 3039 2316 3111 η
2367 3035 2754 3104 καθηγουμένη
2801 3033 2902 3103 τῆς
2928 3032 3384 3103 καθηγουμὲνης·
3434 3028 3573 3100 ὁμοῦ
3626 3030 3724 3099 μὲν
3765 3030 3856 3099 ἄρ-

2283 3147 2473 3202 χουσα,
2502 3127 2640 3200 ὁμοῦ
2671 3128 2726 3180 δὲ
2757 3127 2853 3180 καὶ
2878 3125 3180 3198 ἀρχομένη.
3210 3125 3298 3186 Ὠς
3337 3123 3475 3194 καλή
3508 3140 3602 3175 σου
3628 3125 3662 3193 ἡ
3696 3125 3855 3190 ἐργαο

2287 3217 2378 3269 σία
2420 3218 2513 3268 καὶ
2564 3215 2626 3268 τὸ
2669 3214 3042 3284 ἐπιτηδευμαο
3075 3214 3164 3266 ἴνα
3207 3213 3303 3266 καὶ
3346 3213 3436 3265 τὸν
3487 3211 3549 3276 ἐξ
3584 3212 3856 3280 ὑποταγῆς

2290 3307 2482 3377 μισθὸν
2524 3305 2792 3378 ἑρανίζῃ,
2836 3305 2932 3359 καὶ
2975 3307 3043 3376 τῇ
3081 3304 3400 3376 προεστώσῃ
3450 3302 3725 3374 ἀσφαλείᾳ
3757 3301 3856 3353 ὑπ-

601 3409 716 3454 tum
753 3415 877 3468 quae
929 3415 989 3453 es
1022 3399 1310 3467 magistra,
1341 3407 1455 3452 tum
1491 3414 1612 3467 quae
1641 3414 1701 3453 es
1755 3398 1972 3452 subdita
2011 3415 2026 3452 :
2068 3397 2182 3487 illa,

2299 3401 2494 3471 ἀρχῃς.
2526 3399 2718 3469 Χαῖρε,
2746 3400 2780 3469 ἡ
2809 3398 3195 3469 καθηγουμένη
3217 3399 3308 3451 καὶ
3335 3395 3774 3465 ὑποτασσομένη·
3802 3395 3856 3446 τὸ

601 3491 747 3560 quod
779 3491 1026 3560 pluribus
1075 3506 1244 3560 praess
1274 3506 1289 3556 ;
1321 3491 1446 3554 ista,
1506 3491 1650 3560 quod
1686 3491 1778 3544 uni
1830 3506 2005 3560 pares.
2037 3490 2188 3547 Felix

601 3583 891 3654 prudentia
923 3594 1037 3647 tua,
1066 3584 1180 3638 sive
1207 3598 1332 3652 quae
1385 3583 1550 3652 regis,
1615 3582 1731 3636 sive
1767 3599 1888 3651 quae
1944 3584 2148 3652 regeris
2171 3621 2187 3650 ,

601 3683 657 3728 et
687 3674 740 3727 in
776 3685 990 3744 portum
1021 3673 1536 3729 salutisdeduceris.
1569 3671 1714 3728 Laus
1753 3673 1941 3744 utique
1968 3674 2185 3728 brevis:

605 3766 698 3821 scd
733 3749 859 3820 licet
888 3781 953 3819 ex
983 3767 1172 3835 paucis
1199 3765 1369 3819 multa
1407 3764 1729 3834 intelligere.
1776 3762 2055 3832 Rependat
2092 3779 2192 3819 vo-

604 3857 691 3910 bis
719 3855 983 3910 Dominus
1017 3857 1133 3910 vice
1161 3864 1348 3910 nostra
1367 3854 1691 3917 mercedem,
1723 3853 1974 3908 similiter
2039 3868 2189 3908 oeco-

605 3951 754 4004 nomi
781 3949 917 4013 vice,
947 3949 1067 4003 vice
1104 3947 1352 4016 cujusvis
1396 3947 1624 4002 alterius
1658 3946 1725 4000 de
1767 3962 1877 4016 quo
1909 3945 2046 4001 bene
2073 3960 2188 4000 me-

605 4043 725 4097 rita:
763 4043 914 4098 estis.
948 4041 1232 4096 Custodite
1264 4055 1388 4106 vos,
1426 4041 1684 4102 obsecro,
1709 4037 1780 4093 ab
1803 4039 2020 4104 lnnresi,
2079 4053 2186 4108 qua

605 4134 741 4188 nihil
801 4134 995 4188 animae
1047 4133 1342 4188 exitiosius
1397 4143 1519 4188 est:
1555 4133 1716 4202 cujus
1749 4132 2107 4195 communio,
2156 4146 2189 4186 a

607 4226 831 4280 Christo
853 4226 1110 4280 alienatio
1142 4238 1246 4282 est.
1281 4225 1456 4280 Simul
1487 4235 1724 4280 vestram
1774 4224 1988 4278 vivendi
2021 4223 2191 4277 ratio-

608 4333 732 4371 nem
766 4316 974 4371 reddite
997 4317 1444 4386 splendidiorem,
1476 4317 1626 4372 velut
1650 4327 1900 4370 catenam
1932 4330 2150 4369 auream
2170 4356 2187 4382 ,

611 4415 666 4460 et
712 4422 740 4460 a
783 4407 1130 4462 multitudine
1164 4407 1509 4477 sejunctam:
1544 4417 1604 4461 ut
1658 4422 1722 4461 ex
1766 4415 1998 4476 utraque
2036 4414 2190 4476 parte

609 4514 838 4568 ornata,
872 4520 995 4559 cum
1053 4503 1256 4559 lucidis
1293 4503 1633 4573 lampadibus
1669 4502 1722 4556 in
1757 4501 1972 4555 Domini
2013 4501 2190 4556 thala-

610 4613 760 4652 mum
825 4597 1178 4668 perveniatis,
1219 4594 1746 4666 sctnpiteruisbonis
1777 4593 2045 4649 fruiturae.

1060 4708 1572 4767 LXl.——Naucratio
1597 4710 1732 4779 ﬁlio.

2295 3493 2418 3564 μὲν,
2460 3491 2570 3545 τῶν
2608 3490 2820 3544 πολλῶν
2841 3505 2854 3519 ’
2887 3489 2948 3543 τὸ
2988 3489 3045 3543 δὲ
3067 3528 3082 3554 ,
3129 3492 3194 3560 τῇ
3244 3490 3363 3559 μιᾷ.
3395 3488 3665 3558 Μακαρία
3699 3503 3790 3538 σου
3824 3488 3854 3555 ἡ

2291 3585 2508 3649 σύνεσις
2527 3600 2541 3616 ⁸
2562 3584 2695 3637 κυὸε
2705 3583 2885 3656 ρνῶσα
2906 3582 2999 3636 καὶ
3019 3581 3433 3652 κυϐερνωμένη,
3455 3580 3547 3632 κα)⁵
3569 3580 3650 3641 εἰς
3673 3578 3857 3645 λιμένα

2290 3677 2569 3748 σωτηρίας
2597 3672 3034 3745 ἀπευθυνομένη.
3086 3671 3302 3744 Βραχέα
3338 3671 3406 3724 τὰ
3430 3668 3685 3739 ἐγκώμια
3705 3683 3720 3698 ⁸
3748 3667 3858 3721 ἀλλ’

2290 3769 2350 3835 ἐξ
2373 3770 2572 3838 ὀλίγων
2596 3769 2664 3821 τὰ
2691 3767 2865 3821 πολλά
2894 3765 3343 3830 συνεξακούεται.
3361 3761 3710 3833 ’Δνταποδῴη
3737 3763 3860 3830 ὑμῖν

2290 3863 2497 3930 Κύριος
2521 3860 2614 3913 τὸν
2643 3858 2786 3930 ὑπὲρ
2827 3857 2986 3928 ήμῶν
3018 3855 3208 3928 μισθόν
3227 3871 3244 3884 ο
3287 3854 3380 3907 τὸν
3411 3855 3553 3925 ὑπὲρ
3583 3852 3680 3906 τοῦ
3719 3853 3862 3904 οἰκο-

2289 3953 2478 4024 νόμου,
2519 3953 2610 4006 τὸν
2658 3951 2800 4023 ὑπὲρ
2827 3947 3142 4004 οὑτινοσοῦν
3171 3948 3334 4002 ἄλλου
3374 3943 3435 4002 εὖ
3478 3947 3857 4005 πανθάνοντος.

2289 4045 2566 4110 Φυλάξατε
2613 4043 2696 4096 ἐτι
2739 4043 2938 4107 ἑαυτὰς
2961 4083 2978 4110 ,
3014 4040 3319 4113 παρακαλῶ
3341 4081 3356 4106 ,
3395 4040 3494 4110 τῆς
3521 4039 3859 4108 ψυχοφθόρου

2291 4138 2590 4209 αἱρέσεως*
2618 4131 2687 4208 ἦς
2717 4136 2750 4206 ὴ
2784 4134 3041 4189 κοινωνία
3071 4131 3428 4203 ἀλλοτρίωσις
3456 4128 3721 4200 Χριστοῦ.
3753 4127 3860 4194 Τὴν

2291 4231 2567 4284 πολιτείαν
2628 4228 2765 4300 ὁμοῦ
2839 4227 3202 4298 φαιδροτέραν
3267 4223 3713 4296 ἀπεργάζοισθε,
3765 4223 3859 4288 τὴν

2290 4323 2497 4393 χρυσῆν
2545 4322 2732 4392 σειρὰν
2779 4321 2874 4373 καὶ
2916 4321 3031 4382 τοῖς
3079 4317 3294 4380 πολλοῖς
3335 4317 3609 4370 ἀπλοκονο
3669 4315 3756 4367 ἵνα
3803 4311 3861 4376 ἐξ

2292 4413 2621 4484 ἀμφοτέρων
2651 4411 3062 4482 κοσμούμεναι,
3097 4409 3380 4480 λαμπραῖς
3425 4411 3548 4469 ταῖς
3588 4405 3862 4476 λαμπάσιν

2292 4508 2372 4570 εἰς
2397 4505 2489 4558 τὸν
2517 4503 2784 4575 νυμφῶνα
2819 4500 3022 4574 Κυρίου
3060 4501 3473 4572 καταντησοιτε,
3500 4500 3610 4552 τῶν
3633 4498 3864 4552 αἰωνίων

2290 4596 2512 4666 ἀγαθῶν
2537 4596 2933 4650 ἀπολαύουσαι.

2568 4707 2691 4764 EA’.
2716 4739 2785 4750 —
2804 4708 3156 4776 Ναυκρατιφ
3185 4704 3397 4773 τέκνῳ.
3441 4702 3590 4778 [υδν.]

1492 4823 1674 4877 Christi
1697 4825 2037 4876 confessorem
2061 4822 2326 4888 praeconia.
2355 4824 2563 4885 (Baron.
2585 4837 2665 4874 an.
2691 4823 2803 4883 818,
2827 4837 2876 4874 η.
2899 4822 3002 4888 ει.)

685 4932 818 4988 Tam
861 4934 1026 4989 fidum
1054 4947 1246 4991 nactus
1268 4950 1327 4991 es
1357 4935 1722 5001 tabellarium,
1769 4944 1828 4990 ut
1872 4934 1962 4990 Dei
1997 4935 2182 5006 optimi

2365 4933 2623 4986 Τοιούτου
2657 4932 2850 4987 πιστοῦ
2895 4932 3378 5004 γραμματηφόρου
3430 4930 3860 4998 ὲπιτετύχηκαςο

612 5027 970 5096 proﬁcientia:
1018 5028 1484 5097 dispensationem
1538 5042 1658 5084 esse
1713 5029 2018 5098 putaverim
2091 5043 2194 5097 ego

617 5118 863 5177 humilis.
891 5135 985 5188 per
1010 5135 1134 5174 eum
1188 5121 1396 5176 litteras
1437 5120 1506 5174 ad
1541 5130 1593 5176 te
1644 5120 1810 5184 mitti,
1848 5120 1922 5175 fili
1977 5131 2187 5176 sancte.

617 5209 771 5277 Quod
805 5225 969 5279 porro
993 5212 1288 5268 didicimus
1318 5223 1369 5268 te
1398 5223 1545 5268 recte
1579 5215 1756 5268 valere
1777 5229 1903 5268 cum
1935 5213 2193 5268 omnibus

615 5303 1026 5360 confessorihus
1057 5320 1122 5360 ac
1149 5305 1408 5362 fratribus
1433 5307 1563 5367 tuis,
1595 5308 1874 5375 quomodo
1911 5322 2018 5360 non
2052 5306 2194 5361 foret

619 5397 774 5471 nobis
803 5397 1178 5466 peccatorilms
1192 5412 1357 5452 causa
1388 5398 1848 5463 [artandimumtu
1870 5399 2193 5470 praisertim,

619 5489 711 5556 qui
743 5489 1062 5558 coryplneus
1088 5504 1168 5552 es,
1202 5489 1479 5543 constanti
1522 5488 1706 5543 animo
1755 5489 1854 5554 sis,
1892 5499 2058 5558 atque
2089 5488 2196 5542 huc

617 5582 747 5636 illuc
781 5581 974 5636 feraris
1028 5597 1124 5652 per
1151 5583 1409 5652 epistolas
1436 5582 1622 5652 plenas
1644 5581 1927 5637 charitatis
1965 5589 2018 5636 et
2043 5580 2198 5635 solli-

616 5673 874 5728 citudinis
903 5688 1030 5744 erga
1061 5691 1274 5740 omnes,
1329 5684 1389 5728 ut
1446 5676 1622 5728 virum
1682 5675 1925 5730 divinum
1990 5675 2192 5730 decet?

621 5763 824 5820 Deinde
848 5768 991 5835 quod
1021 5775 1073 5820 et
1127 5766 1293 5820 frater
1321 5766 1597 5820 Adrianus
1640 5767 1928 5822 incolumis
1946 5767 2192 5836 pervenit

623 5874 796 5926 usque
823 5859 888 5914 ad
918 5875 1011 5915 eos
1042 5859 1132 5928 qui
1169 5858 1290 5914 istic
1323 5867 1470 5924 sunt,
1505 5857 1616 5929 jatn
1649 5875 1779 5914 cura
1812 5859 1970 5915 levati
1995 5875 2189 5916 sumus

2293 5027 2362 5080 δι’
2395 5019 2456 5081 οὗ
2485 5027 2799 5098 οἰκονομίαν
2846 5028 3144 5098 ἡγησάμην
3177 5022 3318 5080 εἶναι
3352 5027 3448 5080 τοῦ
3495 5025 3699 5094 ἀγαθοῦ
3729 5021 3862 5074 Θεοῦ

2295 5121 2452 5192 ὴμῶν
2483 5121 2639 5190 κάγὼ
2667 5123 2696 5175 ὁ
2722 5121 2979 5184 ταπεινὸς
3011 5120 3320 5173 ἐπιστεῖλαί
3348 5136 3453 5184 σοι,
3487 5120 3629 5191 ίερὸν
3658 5119 3858 5170 τέκνον.

2295 5215 2438 5269 Αὐτὸ
2471 5215 2573 5285 μὲν
2599 5210 2693 5268 οὖν
2722 5214 2784 5267 τὸ
2809 5214 3002 5285 μαθεῖν
3024 5214 3192 5283 ἡμᾶς,
3213 5213 3294 5265 ὅτι
3325 5211 3591 5279 ὑγιαίνεις
3616 5213 3706 5262 σὺν
3729 5211 3862 5260 πᾶσι

2295 5311 2409 5372 τοῖς
2443 5308 2804 5379 ὀμολογηταῖς
2834 5307 2932 5360 καὶ
2961 5305 3209 5376 ἀδελφοῖς
3241 5323 3334 5358 σου
3353 5321 3370 5337 ο
3408 5304 3528 5367 min;
3557 5301 3706 5374 [Reg.
3733 5302 3858 5353 cod.

2297 5401 2473 5470 πόσης
2561 5399 2790 5470 χαρᾶς]
2847 5400 2950 5452 οὑκ
3019 5398 3087 5452 ἂν
3153 5394 3266 5452 εἷεν
3321 5398 3456 5467 ἡμῖν
3515 5399 3626 5457 τοῖς
3676 5395 3862 5461 ἀμαρο

2296 5493 2487 5554 τωλοῖς
2531 5494 2706 5563 χαράο
2754 5490 2848 5544 σοῦ
2887 5491 3122 5561 μάλιστα
3170 5488 3266 5543 τοῦ
3311 5486 3730 5558 κορυφαιοτάτου
3775 5484 3865 5534 εὑ-

2300 5582 2644 5648 σταθοῦντος,
2673 5583 2770 5636 καὶ
2801 5581 3350 5653 συμπεριφερομένου
3383 5579 3462 5650 τῷ
3485 5579 3625 5648 λόγῳ
3646 5576 3866 5642 ἀγάπης

2298 5679 2395 5730 καὶ
2441 5677 2724 5747 φροντίδος
2773 5676 2914 5748 πρὸς
2956 5675 3205 5736 ἅπαντας
3252 5672 3604 5743 θεοπρεπῶς;
3639 5670 3865 5720 Ἔπειτα

2297 5769 2380 5822 ὅτι
2409 5769 2505 5822 καὶ
2533 5770 2562 5820 ὁ
2592 5766 2820 5836 ἀδελφὸς
2855 5766 3130 5839 Ἀδριανὸς
3158 5765 3541 5819 ἀποσέσωσται
3574 5761 3726 5832 μέχρι
3753 5757 3866 5809 τῶν

2301 5859 2512 5925 αὐτόθι,
2551 5859 2853 5930 ἀνείθημεν
2891 5861 2991 5929 τῆς
3035 5858 3330 5928 μερίμνης,
3368 5854 3862 5926 εὐχαριστήσαντες
