4054 6364
247 403 390 472 1277

1447 407 1984 473 EPISTOLARUM
2028 412 2177 476 LIB.
2217 413 2308 477 II.‘

3374 428 3514 492 1278

243 525 326 595 τῷ
357 523 578 595 Κυρίῳ⁹
609 525 658 578 εί
696 525 788 580 καὶ
830 525 914 582 ὅτι
957 523 1132 580 είσαεὶ
1158 523 1248 579 διὰ
1278 523 1370 578 τὸν
1401 524 1632 594 ἀδελφὸν
1668 525 1822 580 Ἐπιυ

1936 534 1978 582 ει
2008 536 2188 598 grates
2239 526 2472 583 Domino
2523 528 2780 600 egimus:
2827 547 3144 607 quanquam
3185 553 3402 609 semper
3446 547 3518 597 oh

243 619 458 689 φάνιον,
507 617 652 672 καθὰ
683 619 1068 692 προεδήλωσας
1100 618 1438 690 ὲμμέριμνοί
1482 619 1684 690 ἐσμεν,
1727 619 1825 672 καὶ

245 709 670 781 ὲμπαρἀσκευοι
733 712 871 782 πρὸς
923 711 1254 783 πειρασμὸν,
1311 711 1700 782 ὑπονοούμενοι
1757 709 1829 767 τὰ

243 799 603 870 ὑφορμῶντα,
643 801 786 855 κατὰ
815 801 876 855 τὸ
902 803 1070 866 εἰκός.
1099 803 1248 873 Ὀπη
1295 803 1354 857 δὲ
1379 801 1458 874 τῷ
1496 802 1616 873 Θεῷ
1654 802 1828 874 φίλον,

248 891 426 960 ἐχέτω
481 892 655 947 ταῦτα
707 893 801 947 καὶ⁷
868 894 1108 960 ἀγέσθω·
1180 894 1310 962 Τοῖς
1353 895 1628 965 ἀγαπῶσι
1681 895 1832 950 Θεὸν

256 982 460 1036 ,πάντα
504 983 792 1053 συνεργεῖ
811 985 900 1050 εις
927 983 993 1038 τὸ
1023 985 1278 1054 ἀγαθόν·
1310 984 1383 1050 ὥς,
1416 1003 1582 1054 φησιν
1619 988 1647 1039 ὁ
1687 987 1830 1058 ἱερὸς

251 1073 434 1144 λόγος.
471 1076 760 1140 Τοιούτους
788 1078 956 1148 ἡμᾶς,
980 1076 1196 1147 ἀδελφέ,
1226 1079 1528 1150 προσεύχου
1553 1079 1828 1148 γενέσθαι·

243 1167 355 1222 κᾶν
384 1171 602 1240 μακράν
631 1169 802 1238 ἐσμεν
828 1169 937 1222 ἀπὸ
966 1169 1102 1222 Θεοῦ
1131 1172 1252 1233 ταῖς
1282 1171 1581 1241 ἁμαρτίαις
1601 1185 1615 1199 '
1649 1171 1742 1224 καὶ
1767 1170 1828 1224 οὐ

241 1261 677 1333 φοϐηθησόμεθα
722 1262 776 1315 τί
825 1263 1106 1332 ποιήσειεν
1150 1266 1283 1335 ἡμῖν
1314 1263 1622 1333 ἄνθρωπος.
1662 1263 1831 1318 Οὐδὲν

239 1351 342 1409 οὖν
371 1356 634 1419 τοιοῦτον,
681 1350 793 1410 οἷον
817 1349 957 1428 ᾖσας
984 1357 1116 1426 ἡμῖν
1145 1356 1504 1424 καταστέφων
1529 1357 1643 1418 τοῖς
1671 1355 1830 1409 ἐπαί-

239 1463 383 1510 νοις,
415 1447 751 1517 ὑπέστημεν.
784 1447 848 1500 Εἰ
877 1447 936 1500 δὲ
966 1447 1060 1501 καί
1095 1465 1146 1501 τι
1174 1445 1372 1511 δεξιὸν,
1395 1446 1532 1501 ἀλλὰ
1555 1445 1831 1502 καὶτοῦτο

237 1540 315 1594 δι’
352 1542 498 1612 ὑμᾶς
525 1537 754 1610 καὶύφ’
790 1538 981 1612 ὑμῶν·
1027 1542 1150 1604 ταῖς
1197 1539 1381 1610 εὐχαῖς
1417 1537 1831 1610 δυναμωθέντες

238 1632 344 1686 καὶ
385 1631 732 1696 ἀξιωθέντες.
763 1633 862 1703 Εῖη
896 1632 1155 1702 καὶπρὸς
1181 1630 1242 1684 τὸ
1287 1631 1415 1700 ὲξῆς
1443 1632 1505 1685 τὸ
1539 1631 1687 1694 ἕλεος
1731 1628 1828 1684 τοῦ

239 1725 458 1796 Κυρίου
489 1725 572 1793 ἐφ’
616 1726 765 1795 ἡμᾶς
789 1725 917 1790 τοὺς
945 1725 1219 1790 ἀναξίους.
1253 1724 1469 1796 ’Ἢσθην
1497 1725 1582 1778 ὃτι
1609 1739 1825 1794 συμπε-

1932 617 2159 674 fratrem
2195 619 2583 689 Epiphanium,
2635 626 3095 690 quemadmodum
3132 638 3261 684 ante
3295 633 3513 701 signiti-

1933 711 2094 773 casti,
2119 711 2338 766 solliciti
2368 721 2422 766 et
2453 713 2603 768 anxii
2635 729 2826 772 sumus
2849 727 2902 770 et
2931 718 2996 772 ad
3033 721 3383 775 tentationem
3417 737 3514 790 pa-

1932 802 2058 868 rati,
2086 801 2335 868 adversa,
2362 814 2422 858 ut
2453 821 2551 874 par
2572 817 2675 871 est,
2708 810 2891 862 animo
2923 821 3334 879 praesumentes.
3369 813 3516 880 Quo-

1934 894 2153 962 runque
2184 903 2364 947 autem
2433 894 2596 950 modo
2637 895 2750 950 Deo
2791 897 3030 963 libuerit,
3078 901 3271 955 cedant
3318 904 3420 957 ista
3462 913 3517 958 et

1934 985 2169 1039 evadant
2201 1003 2216 1044 ;
2255 985 2606 1056 Diligentibus
2641 989 2806 1044 Deum
2830 993 3008 1045 omnia
3056 1004 3412 1062 cooperantur
3458 996 3515 1048 in

1934 1075 2127 1131 bonum
2155 1079 2200 1110 "
2225 1116 2240 1144 ,
2273 1087 2332 1134 ut
2357 1081 2512 1134 aiunt
2557 1097 2726 1136 sacra:
2770 1085 2996 1153 paginae.
3029 1084 3187 1141 Tales
3223 1103 3324 1143 nos
3375 1089 3514 1156 fieri,

1934 1165 2122 1233 frater,
2157 1184 2322 1224 exora
2356 1189 2370 1225 :
2399 1186 2712 1242 quanquam
2755 1175 2825 1226 oh
2849 1185 3068 1242 peccata
3125 1179 3365 1246 procula
3405 1179 3518 1234 Deo

1933 1261 2196 1316 absumus
2223 1279 2237 1317 :
2274 1263 2704 1319 nectimchimus
2729 1265 2857 1336 quid
2878 1265 3043 1322 faciat
3063 1270 3222 1324 nobis
3250 1272 3414 1325 homo
3446 1272 3513 1327 °'.

1928 1349 2076 1406 Nihil
2153 1354 2340 1424 utique
2394 1357 2504 1412 tale
2569 1358 2808 1427 perpessi
2877 1375 3070 1416 sumus
3129 1363 3291 1432 quale
3367 1377 3519 1418 com-

1931 1449 2276 1513 memorasti,
2307 1446 2561 1504 laudibus
2594 1464 2695 1505 nos
2729 1466 3024 1506 exornans.
3083 1452 3141 1507 Si
3175 1454 3303 1524 quid
3331 1464 3513 1510 autem

1931 1538 2268 1608 estdignum
2310 1540 2490 1608 laude,
2542 1541 2690 1597 istud
2723 1559 2850 1600 vero
2911 1546 3088 1615 ipsum
3126 1557 3353 1617 propter
3406 1563 3510 1604 vos

1931 1637 1987 1684 et
2013 1643 2043 1683 a
2079 1629 2238 1684 vobis
2268 1641 2351 1686 est
2383 1633 2678 1702 :precibus
2711 1636 2907 1692 vestris
2936 1637 3200 1705 roborati,
3252 1639 3514 1710 dignique

1933 1719 2102 1776 habiti
2135 1737 2346 1778 sumus.
2375 1721 2598 1778 Utinam
2647 1733 2702 1780 et
2733 1726 2987 1798 deinceps
3033 1727 3299 1784 Dominus
3346 1731 3514 1786 mise-

244 1792 542 1886 ριηνέχθης
571 1792 936 1890 τῇηπατρικίᾳ
956 1820 1013 1871 ὲν
1033 1818 1241 1890 Κυρίῳ.
1261 1818 1355 1872 καὶ
1382 1792 1540 1870 τοῦτο
1558 1817 1626 1870 δι’
1653 1792 1823 1887 ἡμᾶς.

1936 1812 2223 1866 ricordiam
2265 1813 2425 1869 nobis
2470 1814 2600 1870 licet
2651 1815 2890 1885 indignis
2951 1819 3226 1874 exhibeat.
3273 1819 3516 1878 Gavisus

239 1905 362 1960 Καὶ
415 1906 523 1976 γὰρ
581 1906 810 1977 κάκείνη
856 1907 988 1960 αὐτὸ
1030 1907 1191 1961 τοῦτό
1245 1924 1334 1979 μοι
1375 1905 1679 1978 δεδήλωκε’
1733 1904 1827 1959 καὶ

241 1999 552 2069 προσετέθη
625 1999 828 2070 μᾶλλον
887 2001 1264 2069 ἀγαθοποιεῖν.
1331 2001 1409 2054 Δι’
1470 2000 1621 2070 ἡμᾶς
1687 1998 1825 2070 ζῇς,

238 2091 478 2160 ἀδελφέ’
509 2091 645 2145 ἀλλὰ
675 2092 770 2147 καὶ
807 2095 969 2164 ἡμεῖς
1015 2094 1083 2148 δι’
1134 2095 1302 2164 ὑμᾶς.
1338 2093 1432 2162 Μὴ
1465 2089 1712 2162 θαύμαζε
1745 2092 1827 2145 ὅτι

239 2182 682 2254 κορυϐαντιῶσιν
721 2187 772 2239 οἱ
807 2186 1262 2258 Χριστοδιῶκται,
1311 2185 1434 2257 μηδ’
1462 2185 1544 2240 ὃτι
1576 2183 1828 2255 ἀνέχεται

239 2277 510 2347 Χριστός.
543 2279 636 2332 Δεῖ
661 2279 842 2333 πάντα
888 2279 1242 2350 τελεσθῆναι·
1290 2279 1379 2334 ἴνα
1409 2279 1504 2333 καὶ
1534 2279 1584 2333 οἱ
1613 2280 1829 2349 δόκιμοι

241 2370 620 2442 φανερώτεροι
664 2371 1020 2443 ὲκλὰμψωσι·
1066 2375 1163 2428 καὶ
1199 2375 1250 2427 οἱ
1283 2375 1612 2444 ἀνομοῦντες
1646 2373 1829 2427 τέλεον

145 2529 150 2536 θ
241 2460 582 2512 ἁποτίσωσιν
624 2455 698 2514 ὧν
744 2463 1070 2532 εἰργάσαντο
1121 2462 1220 2534 τὴν
1279 2463 1649 2533 ἀντιμισθίαν,
1700 2465 1831 2516 Ἀπ-

242 2551 492 2604 έσταλκὰ
514 2569 595 2604 σοι
619 2551 970 2621 βιϐλιδάκιον,
1001 2553 1094 2606 καὶ
1115 2552 1380 2624 τετράδας
1402 2553 1827 2622 δεκατέσσαρας·

243 2641 339 2710 ἐφ’
369 2636 448 2704 οἷς
489 2643 598 2694 εισι
644 2641 792 2711 λόγοι
826 2645 920 2697 καὶ
969 2644 1074 2715 βίοι
1105 2645 1214 2699 τῶν
1255 2645 1502 2713 ἀδελφῶν
1532 2646 1830 2716 ἐμμέτροις

245 2731 460 2803 στίχοις
480 2749 492 2761 ·
523 2733 668 2804 ἅπερ
699 2734 966 2803 ἀναγνοὺς
1009 2735 1168 2798 αὑτός
1200 2752 1259 2788 τε
1297 2733 1390 2789 καί
1422 2751 1570 2798 τινες
1594 2733 1704 2789 τῶν
1744 2753 1833 2788 πι-

244 2825 396 2879 στῶν
451 2826 720 2894 ἀδελφῶν,
777 2826 1036 2896 ἀσφαλῶς
1082 2826 1454 2898 κατάκρυψον.
1517 2827 1684 2880 Οὐδὲν
1738 2823 1832 2880 οὖν

244 2918 414 2982 ποιῶ,
443 2919 662 2988 ἀδελφέ,
689 2919 839 2986 ἄξιον
869 2919 1032 2988 λόγου
1050 2935 1064 2950 ο
1093 2919 1210 2972 ἀλλ’
1239 2920 1429 2992 ἐπειδὴ
1452 2920 1717 2991 εὐκαιρῶ,
1737 2921 1835 2974 καὶ

245 3011 442 3081 ἐπειδὴ
477 3012 747 3082 νύσσομαι
808 3013 884 3077 ὡς
930 3013 1036 3067 ὑπὸ
1081 3012 1176 3066 τοῦ
1227 3013 1386 3082 ἁγίου
1438 3030 1538 3084 μου
1585 3014 1830 3083 Πατρόςο

247 3103 475 3157 ἀκούων
518 3122 577 3157 τε
631 3105 796 3158 πάλιν
859 3105 955 3159 τοῦ
1001 3105 1144 3159 θείου
1162 3139 1178 3158 ,-
1199 3105 1416 3160 Παύλου
1467 3105 1716 3174 λέγοντος
1753 3107 1834 3177 τῷ

246 3197 400 3267 ἁγίῳ
433 3196 710 3269 Τιμοθέῳ⁶
743 3197 841 3266 Μὴ
867 3197 1077 3268 ἀμέλει
1105 3199 1210 3253 τοῦ
1229 3199 1302 3252 ἐν
1321 3198 1422 3253 σοι
1441 3176 1833 3269 χαρίσματοςέι
1862 3176 1905 3232 c

247 3290 335 3352 ὡς
383 3290 602 3356 ἀνάξιος
653 3291 795 3360 μετὰ
833 3291 997 3361 φόϐου
1048 3292 1143 3346 καὶ
1191 3293 1396 3362 τρόμου
1429 3291 1569 3345 ποιῶ
1598 3290 1635 3346 ἃ
1671 3290 1832 3345 ποιῶ.

249 3382 364 3435 Τὸν
393 3382 623 3453 ἀδελφὸν
654 3383 979 3438 Ἀθανάσιον
1015 3391 1112 3440 σὺν
1145 3385 1223 3456 τῷ
1248 3385 1634 3457 παροικονόμῳ
1663 3386 1838 3438 ἀσπα-

251 3489 372 3526 σαι.
415 3474 478 3526 Εἰ
524 3475 619 3528 καὶ
682 3475 916 3548 ἔγραψα,
976 3475 1052 3542 ὡς
1101 3478 1184 3530 ὅτι
1232 3477 1480 3550 εἰσῆλθεν
1535 3480 1564 3531 ό
1609 3476 1837 3546 ἀδελφὸς

262 3565 554 3636 Ἀδριανὸς
574 3609 589 3634 ,
624 3568 836 3637 ἀγνοῶν
869 3565 1052 3622 εἷπον·
1091 3568 1318 3639 ὕστερον
1363 3569 1548 3641 μαθὼν
1574 3569 1656 3623 ὅτι
1683 3568 1838 3624 οὔπω

249 3659 494 3728 ἔφθασεν
549 3660 714 3732 ἡνίκα
780 3663 1120 3726 ἐπέστειλας.
1185 3661 1244 3716 '0
1292 3662 1518 3732 ἀδελφὸς
1568 3663 1835 3727 Νικόλαος

251 3752 491 3807 πλεῖστά
541 3771 600 3807 σε
648 3753 1088 3825 προσαγορεύει,
1140 3753 1455 3825 αἰδούμενος
1484 3755 1610 3818 τοὺς
1643 3753 1836 3823 λόγους

253 3863 379 3899 σου.
440 3847 498 3900 '0
541 3847 746 3918 Κύριος
793 3851 934 3919 μετὰ
962 3847 1056 3902 τοῦ
1085 3847 1400 3920 πνεύματός
1443 3865 1562 3914 σου,
1613 3846 1838 3918 ἀδελφά·

255 3955 458 4010 πατερ.

633 4208 751 4266 ΞΒν.
785 4241 845 4254 -
869 4210 1238 4281 Κατήχησις.
1281 4211 1476 4285 [υλς’.]

1929 1919 2046 1960 sum
2065 1903 2208 1974 quod
2239 1920 2360 1960 cum
2391 1907 2618 1975 patricia
2647 1909 2876 1962 Comiter
2898 1909 2949 1962 in
2980 1908 3212 1964 Domino
3237 1919 3291 1965 et
3336 1912 3518 1966 indul-

1927 2005 2114 2064 genter
2143 1997 2336 2067 egeris,
2369 1997 2532 2068 idque
2565 2009 2788 2069 propter
2817 2016 2939 2056 nos.
2976 1999 3110 2055 Nam
3153 2011 3207 2057 et
3250 2003 3342 2058 illa
3379 2003 3518 2060 mihi

1929 2088 2072 2143 istud
2095 2089 2271 2159 ipsum
2291 2091 2650 2161 significavit:
2677 2093 3025 2164 decrevitque
3049 2095 3171 2164 plus
3195 2096 3357 2151 solito
3382 2098 3519 2152 bene

1930 2180 2139 2236 facere.
2167 2180 2395 2252 Propter
2435 2201 2534 2238 nos
2563 2185 2720 2250 vivis,
2753 2185 2960 2241 frater:
3001 2189 3094 2241 sed
3125 2197 3178 2241 et
3231 2205 3332 2243 nos
3361 2203 3517 2260 aeque
3588 2212 3589 2215 η

1930 2284 2155 2343 propter
2214 2290 2335 2329 vos.
2393 2275 2515 2330 Noli
2561 2278 2747 2332 mirari
2810 2277 2956 2348 quod
3015 2278 3218 2334 Christi
3262 2295 3518 2350 persecu-

1929 2372 2074 2418 tores
2126 2364 2426 2432 insaniant,
2458 2375 2554 2422 ant
2593 2369 2740 2438 quod
2801 2369 3056 2424 Christus
3105 2371 3302 2426 tacitus
3351 2369 3515 2426 ferat.

1931 2453 2354 2522 Oportetomnia
2369 2460 2737 2514 consummari
2753 2461 2819 2526 ⁸⁵,
2837 2470 2898 2515 ut
2915 2462 3005 2530 qui
3031 2462 3240 2531 probati
3262 2474 3389 2518 sunt
3412 2478 3501 2518 ma

1934 2546 2191 2602 nifcstius
2232 2547 2497 2618 fulgeant,
2521 2561 2574 2606 et
2605 2552 2776 2622 iniqui
2803 2554 3020 2608 tandem
3059 2571 3245 2610 eorum
3273 2572 3395 2626 quae
3417 2572 3518 2626 pa-

1935 2639 2131 2694 trarint
2151 2656 2342 2710 poenas
2363 2643 2536 2698 luant.
2558 2643 2676 2698 Misi
2703 2646 2768 2700 ad
2790 2656 2839 2700 te
2863 2646 3104 2700 libellum
3131 2657 3186 2702 et
3205 2649 3520 2718 quaternio-

1937 2747 2035 2786 nes
2069 2735 2504 2801 quattuordecim,
2527 2736 2579 2791 in
2604 2739 2804 2807 quibus
2826 2749 2954 2792 sunt
2977 2754 3278 2803 sermones,
3303 2750 3358 2795 et
3381 2739 3520 2797 Vitae
3607 2737 3614 2742 ’

1935 2825 2164 2880 fratrum
2200 2829 2426 2882 metrico
2452 2831 2695 2885 carmine
2727 2849 2742 2886 :
2779 2847 2900 2902 quae
2953 2848 3075 2888 cum
3111 2843 3164 2888 tu
3218 2833 3432 2905 legeris,
3463 2845 3520 2891 et

1935 2933 1966 2972 e
2004 2918 2125 2972 tidis
2183 2917 2446 2976 fratribus
2494 2923 2774 2989 nonnulli;
2832 2923 3116 2993 diligenter
3172 2926 3513 2981 abscondito.

1935 3011 2087 3068 Nihil
2119 3015 2374 3084 equidem
2419 3029 2544 3083 ago,
2584 3013 2772 3080 frater,
2821 3017 2966 3085 quod
2998 3015 3162 3070 ullius
3205 3016 3360 3084 pretii
3409 3016 3514 3072 sit:

1939 3106 2033 3160 sed
2073 3107 2332 3176 quoniam
2362 3107 2494 3160 mihi
2535 3108 2775 3177 suppetit
2804 3108 2977 3162 otium
3003 3147 3018 3173 ,
3056 3123 3120 3163 ac
3149 3108 3315 3163 veluti
3343 3109 3518 3164 exsti-

1938 3197 2118 3250 mulor
2151 3212 2181 3251 a
2215 3207 2406 3253 sancto
2445 3197 2603 3252 Patre
2630 3213 2775 3265 meo,
2805 3214 3141 3269 rursumque,
3177 3201 3342 3254 audio
3373 3200 3518 3254 divi-

1939 3306 2070 3345 num
2104 3289 2331 3344 Paulum
2363 3290 2429 3345 ad
2469 3302 2718 3348 sanctum
2776 3291 3126 3347 Timotheum
3166 3291 3242 3346 ita
3269 3292 3518 3348 scribeno

1938 3391 2044 3438 tem
2081 3401 2095 3436 :
2133 3382 2262 3436 Noli
2299 3384 2557 3454 negligere
2587 3384 2816 3455 gratiam
2845 3400 2961 3454 qua:
2989 3385 3043 3437 in
3095 3392 3142 3438 te
3169 3392 3246 3438 est
3283 3385 3328 3416 ⁸⁸
3358 3402 3372 3452 ;
3399 3393 3519 3439 tan-

1939 3491 2104 3544 quam
2146 3475 2402 3546 indignus
2429 3491 2552 3531 cum
2585 3476 2783 3530 timore
2811 3491 2876 3531 ac
2923 3486 3161 3533 tremore
3200 3477 3344 3532 facio
3395 3493 3518 3547 qua-

1941 3565 2106 3620 facio.
2166 3565 2411 3620 Fratrem
2446 3567 2812 3622 Athanasium
2845 3583 2970 3622 cum
3007 3571 3282 3624 mconomi
3312 3557 3517 3624 vicario

1940 3660 2139 3715 saluta.
2177 3657 2243 3712 Et
2271 3659 2314 3712 si
2339 3658 2533 3727 scripsi
2576 3659 2798 3714 fratrem
2853 3659 3156 3714 Adrianum
3189 3661 3291 3714 iter
3333 3659 3519 3715 confe-

1941 3751 2106 3815 cisse,
2160 3753 2418 3822 ignorans
2492 3751 2652 3806 dixi:
2700 3755 3053 3823 postmodum
3092 3754 3332 3808 intellexi
3389 3768 3517 3808 eum

1943 3845 2187 3898 nondum
2216 3844 2532 3914 pervenisse
2566 3859 2694 3899 cum
2722 3845 2788 3899 ad
2845 3861 2932 3898 me
2983 3846 3275 3916 scripsisti.
3325 3843 3519 3899 Frater

1941 3933 2199 3990 Nicolaus
2219 3936 2509 4004 plurimam
2534 3936 2766 3990 salutem
2797 3936 2960 4003 dicit,
2981 3951 3045 3992 ac
3077 3950 3359 3990 sermones
3393 3945 3517 3988 tuos

1947 4029 2240 4084 admodum
2269 4038 2570 4085 reveretur.
2592 4027 2859 4084 Dominus
2891 4043 3016 4084 cum
3041 4028 3236 4098 spiritu
3270 4039 3385 4092 tuo,
3416 4025 3520 4079 fra-

1947 4128 2031 4178 ter
2079 4121 2155 4176 mi
2190 4137 2254 4176 ac
2281 4131 2454 4193 pater.

2433 4212 2994 4269 LXII.-—Catechesis.

758 4304 800 4355 E
823 4304 1114 4366 Smyrnensi
1139 4319 1362 4368 carcere,
1388 4309 1639 4370 dispersos
1665 4306 1844 4360 fratres
1872 4323 1991 4360 suos
2015 4309 2321 4360 cohortatur.
2357 4308 2558 4370 (Baron.
2585 4321 2668 4356 an.
2689 4307 2800 4368 819,
2821 4320 2872 4356 n.
2900 4306 3004 4370 22.)

337 4384 538 4457 Πρώην
587 4386 715 4457 ὑμῖν
775 4386 836 4453 ἐξ
896 4387 1252 4442 Ἀνατολικῶν
1305 4389 1838 4460 ἀναγινωσκόμενος,

255 4478 365 4534 νῦν
384 4481 492 4533 ἀπὸ
513 4479 844 4551 Θρᾳκησίων
873 4480 1254 4550 ἐπιφαίνομαι.
1278 4482 1363 4535 Ἐν
1391 4482 1500 4553 γὰρ
1528 4485 1593 4554 τῇ
1617 4483 1838 4556 Σμύρνῃ

263 4572 646 4646 μεθωρίσαντο
685 4575 834 4646 ἡμᾶς
871 4575 922 4628 oi.
957 4575 1218 4646 ἄρχοντες
1255 4574 1349 4628 τοῦ
1389 4577 1584 4639 αἰῶνος
1611 4576 1836 4630 τούτουο

260 4669 363 4722 καὶ
385 4667 592 4738 μᾶλλον
633 4667 731 4738 τῆς
758 4667 1036 4738 προτέρας
1063 4665 1313 4738 φυλακῆς
1338 4668 1744 4740 ἀσφαλέστερόν
1779 4684 1840 4721 τε

262 4760 366 4812 καὶ
413 4757 934 4830 πειραστικώτερον.
984 4759 1140 4812 Ἀλλ’
1168 4757 1200 4812 ὁ
1232 4760 1414 4828 λόγος
1446 4759 1552 4812 τοῦ
1587 4758 1736 4813 Θεοῦ
1771 4761 1842 4814 οὐ

262 4851 504 4906 δέδεται
525 4866 537 4880 ’
569 4851 679 4904 οὐδ’
706 4853 734 4904 ό
757 4851 921 4913 πόθος
951 4851 1152 4923 ἠρεμεῖ
1171 4891 1188 4916 ,
1227 4851 1347 4904 οὐδὲ
1374 4852 1406 4922 ἡ
1443 4851 1632 4922 ἐντολὴ
1667 4868 1847 4921 παρα-

266 4945 476 5015 σιωπᾷ.
527 4943 628 4997 Διά
675 4943 832 4997 τοῦτο
885 4945 914 4996 ὁ
961 4944 1220 5008 ταπεινὸς
1281 4944 1444 4998 πάλιν
1497 4942 1842 5013 φθέγγομαιο

264 5037 502 5108 Χαίρετε
536 5039 594 5091 ὲν
618 5037 826 5108 Κυρίῳ,
857 5037 1101 5106 Πατέρες
1128 5037 1222 5090 καὶ
1250 5035 1488 5104 ἀδελφοὶ,
1512 5037 1756 5107 χαίρετε,
1796 5037 1845 5088 οἱ

264 5129 617 5201 δεδιωγμένοι
645 5129 830 5183 ἕνεκεν
859 5127 1207 5199 δικαιοσύνης
1225 5143 1238 5156 ·
1259 5127 1503 5200 χαίρετε,
1532 5129 1582 5180 οἱ
1611 5131 1668 5180 ὲν
1695 5127 1848 5198 ὄρεσι

268 5224 368 5278 καὶ
421 5223 706 5294 σπηλαίοις
745 5221 1184 5292 ἐνδιαιτώμενοιο
1228 5221 1363 5276 ἀλλὰ
1408 5221 1514 5292 μὴν
1549 5222 1644 5275 καὶ
1696 5223 1746 5275 οἱ
1790 5222 1848 5276 έν

271 5317 485 5381 πόλεσι,
527 5317 624 5370 καὶ
678 5315 1110 5387 ὲρημικωτέροις
1156 5315 1345 5377 τόποις
1385 5314 1845 5387 κρυπταςόμενοι.

271 5409 340 5462 Εἰ
386 5407 496 5478 γὰρ
553 5409 783 5460 πάντοτε
833 5407 946 5459 δεῖν
991 5408 1140 5476 ἡμᾶς
1187 5407 1400 5477 χαίρειν
1449 5408 1850 5476 ἐπιτέτραπται

273 5502 429 5574 παρὰ
469 5501 547 5574 τῷ
582 5500 925 5572 ’Δποστόλῳο
976 5501 1128 5553 πόσω
1157 5518 1221 5570 γε
1254 5501 1453 5572 μᾶλλον
1495 5503 1640 5573 ἄρτι,
1685 5503 1849 5556 ὁπότε

274 5598 421 5667 ὑπερ
464 5596 702 5666 Χριστοῦ
733 5595 805 5649 τὰ
847 5593 1150 5664 παθήματα
1181 5593 1275 5646 τοῦ
1317 5595 1731 5666 ἐγγραφομένου
1771 5593 1850 5664 τῷ

275 5688 472 5740 ⁶πίνακι
495 5703 509 5719 ο
543 5685 639 5740 τοῦ
669 5684 1072 5757 ἐμφαινομένου
1114 5684 1173 5737 ὲν
1213 5686 1279 5754 τῇ
1310 5685 1487 5756 οἰκείᾳ
1519 5684 1722 5739 είκόνιτ
1754 5683 1852 5736 τοῦ

352 5800 398 5831 ⁶¹
433 5800 592 5856 Rom.
624 5816 741 5865 vm,
771 5799 863 5854 28.
939 5801 984 5832 ⁸³
1014 5799 1158 5854 Psal.
1208 5812 1352 5853 cum
1378 5838 1394 5864 ,
1427 5799 1481 5855 6.
1557 5797 1601 5832 “
1634 5799 1654 5853 Ι
1720 5798 1848 5854 Cor.
1882 5813 1960 5866 XI,
1993 5798 2080 5854 19.

283 5870 330 5903 ⁸⁷
349 5871 531 5927 Matth.
571 5890 653 5941 ιιι,
687 5873 774 5927 10.
849 5871 895 5904 ⁸⁸
920 5870 937 5925 Ι
966 5870 1161 5928 Thess.
1184 5884 1235 5933 v,
1266 5871 1350 5924 16.

2017 4393 2200 4464 Nuper
2251 4408 2282 4447 a
2311 4391 2466 4447 vobis
2493 4391 2666 4446 lectus
2694 4407 2760 4445 ex
2789 4389 3032 4454 Oriente,
3069 4403 3217 4444 nunc
3245 4404 3310 4444 ex
3341 4389 3518 4445 Thra-

1946 4485 2028 4541 cia
2095 4484 2366 4541 advenio.
2427 4483 2714 4555 Smyrnam
2756 4482 2901 4538 enim
2964 4495 3064 4537 nos
3124 4483 3521 4538 transtulerunt

1945 4578 2222 4648 principes
2271 4576 2460 4632 saeculi
2505 4576 2691 4645 hujus,
2731 4585 2785 4630 et
2815 4569 3021 4630 arctius
3058 4590 3218 4644 quam
3265 4575 3318 4629 in
3348 4576 3518 4646 priori

1873 4683 2165 4758 Dcarcere
2217 4667 2572 4734 severiusque
2632 4665 2969 4720 custodiunt.
3019 4662 3122 4717 Sed
3156 4666 3367 4717 verbum
3421 4663 3521 4718 Dei

1947 4776 2050 4814 non
2077 4771 2155 4813 est
2205 4759 2486 4829 alligatum
2515 4759 2561 4789 °°
2590 4797 2606 4822 ,
2643 4772 2743 4812 nec
2796 4757 3026 4825 quiescit
3073 4772 3248 4824 amor,
3281 4772 3382 4811 nec
3443 4758 3522 4811 si-

1945 4854 2020 4908 let
2053 4853 2391 4907 mandatum.
2432 4850 2725 4920 Propterea
2760 4849 2982 4904 humilis
3021 4849 3217 4903 iterum
3283 4851 3518 4916 loquor:

1949 4943 2192 5000 Gaudete
2219 4944 2272 4996 in
2306 4941 2559 5007 Domino,
2589 4940 2780 4995 Patres
2809 4950 2863 4994 et
2889 4938 3084 4994 fratres
3118 4956 3131 4993 :
3168 4941 3398 5007 gaudete
3427 4941 3521 5010 qui

1947 5037 2381 5109 persecutionem
2413 5045 2634 5104 prepter
2651 5033 2924 5102 justitiam
2981 5033 3226 5102 patimini
3263 5031 3306 5064 θ’
3337 5050 3350 5086 :
3387 5048 3522 5102 gau-

1949 5131 2071 5184 dete
2122 5127 2215 5196 qui
2243 5127 2296 5180 in
2319 5125 2597 5179 montibus
2623 5134 2677 5178 ct
2714 5123 2990 5193 speluncis
3039 5123 3373 5182 versamini:
3425 5123 3519 5178 sed

1946 5229 2002 5276 et
2043 5220 2136 5290 qui
2171 5221 2222 5272 in
2253 5219 2500 5280 urbibus,
2535 5225 2589 5271 et
2619 5217 2710 5286 qui
2747 5217 3144 5272 desertioribus
3178 5219 3232 5270 in
3271 5217 3405 5271 locis
3423 5218 3522 5270 ab-

1946 5316 2044 5371 diti
2088 5315 2285 5369 latetis.
2335 5313 2392 5368 Si
2411 5313 2554 5367 enim
2587 5327 2802 5382 semper
2830 5312 3066 5383 gaudere
3111 5325 3212 5366 nos
3269 5319 3520 5380 oportere

1949 5408 2162 5462 monuit
2192 5408 2488 5477 Apostolus
2517 5408 2561 5440 ⁶⁸
2593 5416 2841 5476 ;quanto
2873 5407 3046 5477 magis
3071 5419 3220 5460 nunc
3253 5419 3376 5458 cum
3422 5418 3519 5472 pro

1949 5500 2166 5556 Christo
2201 5498 2469 5570 patimini,
2501 5499 2592 5568 qui
2631 5499 2685 5551 in
2725 5498 2906 5552 tabula
2935 5497 3182 5566 depictus
3221 5503 3322 5555 est,
3346 5493 3436 5561 qui
3465 5491 3521 5546 in

1950 5594 2186 5664 imagine
2236 5607 2332 5648 sua
2360 5593 2624 5656 cernitur,
2681 5590 2775 5658 qui
2833 5605 2928 5658 per
2982 5603 3103 5640 eam
3174 5582 3522 5638 honoratur?

1951 5684 2070 5740 Non
2117 5700 2236 5741 mea
2279 5691 2407 5739 sunt
2452 5683 2642 5738 miseri
2685 5680 2924 5736 hominis
2971 5680 3086 5733 haec
3135 5675 3344 5734 verba:
3383 5675 3522 5730 Dio-

2193 5793 2460 5851 "lTim.
2519 5809 2610 5860 tv,
2670 5792 2756 5849 M.
2869 5793 2914 5825 ⁶⁶
2964 5791 3007 5846 ll
3054 5788 3196 5844 Tim.
3281 5801 3344 5844 ll.
3414 5785 3448 5842 9
