4054 6364
523 360 664 426 1279

1706 363 1768 425 S.
1805 365 2198 426 THEODORI
2243 363 2589 426 STUDITIE

3640 354 3780 419 1280

517 470 661 542 nysii
688 469 1082 540 sapientissimi
1115 479 1265 535 sunt,
1299 480 1354 525 et
1390 469 1573 539 magni
1605 469 1814 526 Basilii.
1843 470 1954 526 Nec
1979 471 2090 542 jam

2207 470 2509 540 τιμωμένου
2538 466 2608 523 δι’
2639 465 2846 537 αὑτῆς;
2891 465 2983 534 Μὴ
3013 465 3122 538 γὰρ
3159 463 3272 535 ἐμὰ
3299 465 3368 520 τὰ
3418 466 3642 536 ῥήματα
3678 481 3776 517 του

515 571 734 631 tempus
761 571 844 617 est
871 563 1100 618 aliorum
1129 574 1444 619 sanctorum
1467 563 1765 617 sententias
1794 564 1880 618 his
1901 564 2095 620 litteris

517 668 808 723 apponere.
842 654 1004 717 Audi,
1033 655 1239 718 aetum,
1263 665 1309 708 et
1337 654 1554 707 auribus
1602 655 1827 724 percipe,
1858 665 1998 709 terra
2025 656 2092 708 ‘9.

517 742 678 800 Moab
707 745 930 814 sprevit,
961 746 1260 818 Byzantina
1328 747 1500 816 regio,
1556 747 1764 801 scilicet
1815 748 2097 819 Evangeli-

517 851 642 891 cum
671 837 861 906 iugum
893 839 1138 892 excussit
1168 854 1182 902 ;
1217 838 1364 893 velut
1396 839 1562 892 vitula
1589 839 1887 903 insaniens,
1928 841 2095 895 babe-

517 942 620 980 nas
649 925 987 984 detrectavit.
1020 928 1151 984 Vias
1181 937 1301 984 tuas
1335 931 1478 984 scire
1510 931 1658 998 nolo,
1691 931 1848 987 factis
1885 934 2096 988 verbis-

521 1031 629 1085 que
676 1019 1053 1086 pronuntiavit
1087 1021 1134 1051 ⁷ο
1171 1059 1183 1072 .
1223 1021 1595 1091 Corybantum
1661 1037 1810 1078 more
1868 1025 2092 1096 agitur:

520 1111 728 1164 insanit
760 1113 1117 1181 :sanguinem
1151 1112 1287 1168 bibit
1312 1121 1373 1167 ut
1413 1115 1625 1168 leaena:
1671 1124 1729 1171 ut
1753 1116 1906 1187 aspis
1935 1134 2097 1173 aures

521 1201 777 1258 obturat:
811 1205 1140 1273 reprehensa
1173 1203 1494 1260 reluctatur.

591 1479 752 1534 Venit
811 1479 876 1533 ad
921 1494 1040 1534 eam
1081 1494 1187 1533 vox
1259 1479 1678 1534 commonitoria
1739 1479 2101 1536 velutecoalo

525 1574 718 1633 missa,
765 1587 796 1627 a
835 1587 1114 1642 supremo,
1145 1587 1174 1626 a
1212 1573 1462 1626 Romano
1505 1571 1910 1637 thronozﬁuid
1970 1573 2102 1627 feci-

522 1664 594 1719 sti
629 1665 652 1716 ?
679 1664 920 1718 clamans
948 1679 964 1729 ;
997 1661 1274 1718 Christum
1318 1663 1548 1733 negasti,
1578 1662 1778 1718 Christi
1833 1665 2104 1735 abrogans

523 1752 836 1823 imaginem;
870 1752 1131 1822 Deiparte,
1159 1761 1212 1806 et
1262 1764 1575 1806 sanctorum
1625 1753 1892 1807 omnium.
1939 1756 2105 1824 Aperi

2195 561 2439 632 οίκτροῦ’
2471 559 2750 612 Διονυσίου
2777 558 2872 612 τοῦ
2901 558 3206 628 πανσόφου,
3236 559 3331 612 καὶ
3365 556 3650 610 Βασιλείου
3682 556 3776 609 τοῦ

2201 653 2463 724 μεγάλου.
2497 651 2604 704 Καὶ
2625 649 2776 704 οὔπω
2809 651 3000 720 καιρὸς
3038 649 3146 702 τῶν
3175 649 3353 702 ἄλλων
3375 648 3655 718 θεοφόρων
3677 648 3779 710 τὰς

2199 747 2427 816 χρήσεις
2452 745 2694 814 εἰσάγειν
2723 745 2780 795 ὲν
2809 742 2945 812 τῷδε
2969 742 3045 812 τῷ
3071 743 3381 813 γράμματι.
3412 743 3645 804 Ἄκουε,
3672 743 3780 794 σὺ-

2188 837 2359 906 pars,
2379 838 2477 891 καί
2502 835 2798 898 ἐνωτίζου,
2831 833 2926 904 τῆ.
2955 835 3128 889 Μωάὁ
3149 833 3434 904 ὴθέτησεν,
3455 835 3488 902 ἠ
3513 833 3780 896 Βυζαντὶς

2198 909 2472 998 δηλόνότιο
2523 928 2615 980 τὸν
2657 926 3012 995 εὐαγγελικδν
3056 927 3220 994 ζυγὸν
3277 926 3644 978 ἀπεσείσατο·
3704 925 3780 987 ὡς

2199 1023 2433 1091 δάμαλις
2464 1019 2852 1092 παροιστρῶσα
2880 1019 3203 1090 ὴφηνίασεν.
3240 1017 3426 1081 Ὀδούς
3451 1034 3548 1070 σου
3579 1016 3782 1069 εἰδέναι

2196 1117 2256 1167 οὐ
2287 1113 2565 1182 βούλομαι.
2585 1111 2989 1184 πραγματικῶς
3014 1126 3073 1162 τε
3107 1110 3203 1162 καὶ
3217 1108 3455 1176 λογικῶς
3489 1108 3781 1176 ἀπεφθέγ-

2202 1204 2351 1268 ξατο.
2413 1202 2789 1274 Κορυόαντιᾷ,
2828 1201 3103 1272 μαίνεται,
3137 1203 3430 1270 αίμοποτεῖ
3453 1201 3531 1263 ὡς
3553 1199 3780 1252 λέαινα·

2200 1296 2276 1360 ὡς
2322 1295 2488 1358 ἀσπὶς
2533 1293 2660 1366 μύει
2705 1293 2804 1358 τὰς
2853 1293 3044 1358 ἀκοὰς,
3104 1291 3442 1363 ὲλεγχομένη
3485 1290 3787 1344 ἀποτινάσ-

2203 1403 2380 1440 σεται.

2273 1474 2451 1533 Ἧκεν
2477 1479 2616 1549 αὐτῇ
2654 1477 2806 1548 φωνὴ
2849 1475 3234 1547 ὑπομνηστικὴ
3275 1475 3352 1538 ὡς
3380 1475 3475 1528 ἀπ’
3520 1473 3783 1544 οὐρανοῦ,

2201 1573 2266 1626 ἐκ
2293 1571 2388 1625 τοῦ
2424 1573 2876 1644 κορυφαιοτάτου,
2911 1571 2975 1624 ἐκ
3004 1570 3099 1622 τοῦ
3113 1567 3426 1638 Ῥωμαῖκοῦ
3453 1567 3648 1638 θρόνου
3671 1582 3686 1595 ’
3716 1567 3784 1619 Τί

2202 1663 2520 1735 πέπραχαςς
2576 1663 2772 1733 βοῶσα.
2809 1662 3043 1733 Χριστὸν
3086 1661 3354 1732 ἡρνησαι,
3395 1659 3636 1730 Χριστοῦ
3687 1660 3786 1729 τὴν

2203 1753 2391 1808 εἰκόνα
2424 1754 2713 1819 ἀθετοῦσα,
2749 1753 2850 1823 τῆς
2864 1752 3152 1816 Θεοτόκου,
3181 1753 3292 1806 τῶν
3321 1751 3544 1805 πάντων
3573 1750 3774 1820 ἁγίων.

523 1845 862 1900 obedientem
887 1861 1095 1910 aurem,
1119 1845 1245 1900 audi
1274 1845 1605 1915 evangelica,
1633 1845 1950 1916 apostolica,
1984 1861 2107 1916 pro-

2214 1845 2457 1909 Ἀνοιξον
2481 1845 2709 1914 εὐήκοον
2733 1840 2825 1908 οὖς
2843 1860 2858 1875 ⁶
2876 1843 3130 1898 ὲνώτισαι
3151 1845 3342 1912 λόγους
3364 1842 3784 1912 εὐαγγελικοὺς,

523 1939 760 2007 phetica,
790 1949 1014 2008 paterna
1073 1939 1260 1992 verba.
1299 1937 1361 1992 Et
1396 1953 1506 1992 non
1549 1937 1792 2001 admisit,
1827 1953 1935 1993 non
1977 1953 2100 1994 sus-

523 2034 666 2103 cepit
690 2051 702 2086 :
722 2033 815 2087 sed
844 2032 1080 2086 avellens
1113 2031 1345 2101 seipsam
1377 2046 1408 2084 a
1443 2031 1596 2101 quini
1627 2032 1844 2087 verticis
1873 2046 2101 2102 corpore

525 2127 821 2192 Ecclesiae;
855 2124 1297 2194 quandoquidem
1351 2124 1652 2178 etiamnum
1689 2123 1822 2178 vivit
1859 2134 1914 2179 et
1939 2121 2170 2179 Nice-

526 2219 734 2288 phorus
761 2231 950 2283 sacer;
989 2217 1252 2271 adversus
1289 2217 1453 2271 Deum
1499 2217 1926 2287 omnipotentem
1978 2231 2101 2272 cer-

525 2311 674 2365 vices
725 2309 903 2378 erigit,
939 2307 1159 2363 Christo
1205 2303 1494 2374 insult‘ans,
1540 2318 1729 2364 sancta
1753 2311 2099 2380 proculcans.

525 2401 682 2457 Talia
727 2409 856 2456 sunt
927 2401 1049 2470 ejus
1115 2399 1382 2468 facinora,
1427 2417 1460 2456 ο
1507 2402 1979 2458 desideratissimi.
2037 2402 2105 2460 Et

525 2496 812 2550 nobiscum
846 2493 1006 2557 Deus,
1038 2493 1252 2558 Oriens,
1278 2493 1563 2560 Occidens,
1597 2496 1815 2566 Aquilo,
1843 2511 2014 2552 mare.
2041 2499 2103 2552 ln

529 2586 617 2642 his
645 2587 897 2657 gaudium
926 2604 940 2640 :
970 2585 1053 2640 sin
1082 2586 1260 2642 luctus
1289 2587 1475 2654 etiam,
1506 2597 1728 2658 propter
1748 2603 1844 2654 eos
1864 2588 1956 2658 qui
1977 2603 2104 2658 per-

529 2687 681 2732 eunt.
727 2678 842 2748 Age
875 2693 1005 2748 ergo
1035 2686 1177 2732 state
1204 2677 1393 2743 fortes,
1435 2679 1606 2748 gratis
1649 2679 1848 2735 animis
1878 2681 1978 2736 has
2005 2695 2105 2750 pro

529 2770 766 2825 Christo-
803 2784 1110 2836 aerumnas,
1158 2771 1315 2840 quasi
1379 2771 1700 2836 thesauros,
1751 2773 2102 2841 abripientes.

531 2863 706 2930 Quam
759 2872 1128 2935 opportunum
1178 2873 1392 2936 tempus
1442 2866 1813 2932 certantibus,
1867 2867 2108 2922 suaviter

531 2957 772 3026 spirans,
823 2956 1119 3027 unguentis
1168 2957 1580 3013 tribulationum
1636 2957 1886 3028 fragrans
1940 2974 2107 3029 supra

2201 1938 2630 2006 ἀποσιολικοὺς,
2692 1938 3102 2008 προφητικοὺς,
3162 1935 3484 2006 πατρικούς.
3552 1936 3666 1988 Καὶ
3720 1937 3784 1989 οὐ

2201 2031 2536 2102 προσήκατο,
2579 2030 2679 2083 οὐκ
2721 2029 2970 2093 ἐδέξατο·
3025 2029 3161 2083 ἀλλὰ
3205 2029 3548 2100 διαρῤήξασα
3580 2028 3785 2098 ἑαυτὴν

2199 2123 2295 2176 τοῦ
2329 2123 2742 2193 πεντακορύφου
2776 2121 3027 2192 σώματος
3059 2121 3159 2191 τῆς
3187 2121 3552 2190 Ἐκκλησίαςο
3590 2119 3787 2191 ἐπειδὴ

2200 2213 2282 2268 ἐτι
2311 2215 2376 2284 ζῇ
2405 2214 2498 2266 καὶ
2531 2213 2843 2285 Νικηφόρος
2884 2215 2912 2266 6
2946 2212 3086 2284 ἱερός
3107 2227 3121 2242 ο
3155 2211 3427 2282 τραχηλιᾷ
3470 2211 3614 2264 κατὰ
3641 2210 3784 2262 Θεοῦ

2203 2307 2641 2378 παντοκράτορος
2663 2325 2676 2338 ο
2743 2304 3104 2376 ὲνυὸρίζουσα
3135 2305 3388 2374 Χριστὸν,
3425 2304 3678 2356 πατοῦσα
3716 2304 3786 2356 τὰ

2203 2401 2357 2468 ἅγια.
2387 2399 2623 2452 Τοιαῦτα
2654 2397 2722 2451 τὰ
2762 2397 2896 2468 παρ’
2928 2397 3100 2467 αὐτῆς
3125 2437 3140 2461 ,
3188 2391 3234 2450 ὦ
3281 2395 3629 2467 τριπόθητοι.
3673 2396 3786 2448 Καὶ
3856 2459 3872 2474 .

2207 2491 2326 2562 μεθ’
2357 2491 2512 2564 ἡμῶν
2534 2494 2564 2544 6
2583 2491 2736 2558 Θεὸς,
2753 2489 3036 2561 Ἀνατολὴ,
3062 2488 3246 2552 Δύσις,
3273 2489 3474 2560 Eappa,
3511 2489 3784 2542 θάλασσα.

2216 2586 2306 2640 Ἐν
2357 2585 2646 2656 τούτοιςή
2690 2584 2866 2655 χαρά⁶
2909 2585 2959 2637 εί
3005 2583 3062 2637 δὲ
3102 2583 3198 2637 καὶ
3246 2583 3463 2654 θρῆνος,
3510 2583 3602 2635 διὰ
3655 2582 3783 2645 τοὺς

2205 2677 2634 2746 ἀπολλυμένους.
2668 2675 2837 2746 Δεῦρο
2863 2676 2928 2746 δὴ
2965 2674 3128 2745 στῆτέ
3163 2692 3253 2746 μοι
3299 2677 3540 2743 γενναῖοι
3562 2716 3578 2738 ,
3619 2675 3784 2744 εὐχά-

2208 2785 2402 2840 ριστοι,
2430 2767 2767 2837 ἁρπάζοντες
2795 2766 2866 2820 τὰ
2889 2767 3032 2837 ὑπὲρ
3055 2765 3292 2836 Χριστοῦ
3315 2757 3475 2837 ’παθή
3486 2784 3635 2836 ματα
3654 2806 3669 2831 ,
3709 2767 3784 2830 ὡς

2207 2859 2651 2929 θησαυρίσματα.
2671 2853 2795 2920 Οἷος
2819 2859 2848 2911 6
2871 2858 3061 2928 καιρὸς
3089 2857 3291 2926 ἀγαθὸς
3315 2857 3452 2930 πρὸς
3480 2862 3606 2920 τοὺς
3642 2861 3784 2927 ἀγω-

2206 2951 2544 3021 νιζομένους,
2591 2949 2880 3020 ἡδύπνους,
2952 2950 3197 3022 μυρίξων
3246 2951 3314 3004 τὰ
3360 2950 3785 3020 ἁθλοφορήματα

531 3051 714 3104 omnia
750 3050 1036 3104 aromata!
1066 3049 1212 3103 Fluit
1239 3058 1540 3122 martyrum
1579 3051 1802 3119 sanguis
1827 3053 1880 3106 in
1916 3051 2105 3107 Eccle-

2208 3047 2348 3118 ὑπὲρ
2376 3047 2553 3100 πάντα
2578 3044 2648 3098 τὰ
2678 3044 2952 3117 ἀρώματα
2981 3047 2996 3100 ι
3035 3041 3182 3115 Αἷμα
3211 3047 3296 3115 ῥεῖ
3323 3045 3665 3116 μαρτυρικὸν
3697 3046 3785 3098 ἐπει

531 3141 692 3206 siam,
725 3141 961 3212 irrigans
989 3157 1112 3196 eam
1141 3143 1278 3197 ultra
1315 3159 1478 3213 quam
1523 3143 1687 3198 Edem
1727 3145 2101 3214 quadruplicis

2207 3139 2308 3210 τὴν
2347 3139 2696 3208 Ἐκκλησίαν,
2727 3139 2890 3210 ἇρδον
2925 3139 3094 3208 αὐτὴν
3123 3139 3262 3209 ὑπὲρ
3301 3138 3458 3208 Ἐδὲμ
3495 3141 3561 3191 ὲκ
3589 3154 3784 3206 τετρα-

531 3227 772 3284 fluminis
797 3229 944 3284 fonte
983 3229 1282 3299 perfusam.
1315 3230 1598 3285 Accedunt
1628 3241 1930 3298 martyrum
1954 3233 2104 3286 chori

2210 3233 2457 3302 ποτάμου
2485 3233 2692 3303 κρήνης
2716 3233 3104 3303 ποτιουμένην.
3130 3231 3525 3303 Προστίθενται
3556 3232 3611 3283 οἱ
3635 3232 3786 3301 χοροὶ

532 3320 627 3388 qui
678 3323 826 3375 omni
873 3331 1030 3376 aetate
1085 3321 1354 3378 fuerunt:
1400 3339 1521 3392 qua:
1559 3323 1688 3377 olim
1727 3322 2107 3379 confessorum

2209 3326 2319 3379 τῶν
2351 3326 2446 3379 ἀπ’
2485 3325 2680 3389 αἰῶνος
2710 3325 3032 3397 μαρτύρων·
3065 3324 3174 3378 τῶν
3197 3324 3548 3396 ὁμολογητῶν
3573 3327 3647 3377 τὰ
3680 3325 3784 3375 πά-

533 3412 818 3468 ῙοιΙίοἰιοιεε
874 3415 1330 3484 praedicabantur,
1373 3430 1521 3468 nunc
1567 3415 1741 3469 oculis
1789 3425 2106 3470 cernuntur.

2211 3416 2300 3470 λαι
2337 3417 2773 3487 μακαριζόμενα,
2806 3419 2864 3470 ὲν
2884 3416 3183 3489 ὀφθαλμοῖς
3200 3417 3295 3471 νῦν
3317 3417 3669 3488 όρᾶται.’Ᾱρ⁹
3695 3412 3785 3469 οὖν

533 3506 616 3558 An
663 3505 830 3575 igitur
861 3524 966 3562 non
1014 3507 1240 3563 festines
1269 3509 1334 3562 ad
1377 3517 1651 3562 certamen
1697 3509 1813 3564 haec
1859 3508 2106 3573 audiens,

2211 3511 2311 3564 οὐκ
2344 3511 2542 3584 ἐπείγῃ
2562 3511 2698 3580 πρὸς
2716 3511 2814 3582 τὴν
2838 3509 3064 3578 ἄθλησιν
3095 3512 3123 3562 6
3148 3510 3386 3573 ἀκούων,
3416 3509 3784 3578 δυσχεραίνων

535 3596 818 3653 fastidiens
833 3609 1169 3666 montanam,
1201 3608 1295 3655 aut
1320 3599 1544 3664 deserti,
1568 3608 1660 3654 aut
1680 3601 2107 3671 qualemcunque

2209 3601 2311 3672 τὴν
2335 3603 2570 3673 ὀρεινὴν,
2598 3603 2631 3672 ἢ
2661 3601 2758 3672 τὴν
2792 3601 3050 3672 ἐρημίαν,
3081 3601 3114 3672 ἢ
3140 3601 3238 3672 τὴν
3260 3601 3507 3654 ὁπωσοῦν
3539 3618 3784 3672 κρυπτα-

534 3689 994 3746 occultationem?
1030 3694 1281 3747 Attamen
1324 3707 1485 3747 mane
1535 3692 1624 3745 ubi
1688 3707 1791 3746 es:
1825 3692 1996 3747 babes
2057 3703 2107 3746 et

2208 3693 2360 3760 δίαν;
2400 3693 2540 3748 Ἀλλ’
2569 3693 2719 3763 ὅμως
2762 3693 2888 3763 μένε
2932 3694 2988 3744 ὲν
3020 3686 3101 3754 οἷς
3147 3687 3230 3744 εἴ·
3281 3690 3424 3762 ἔχεις
3459 3693 3555 3746 καὶ
3589 3695 3656 3746 σὺ
3694 3695 3786 3748 τὸν

535 3793 591 3838 ιιι
623 3783 1011 3840 beatitudinem
1033 3785 1328 3856 ingentem.
1363 3785 1490 3852 Ora,
1524 3794 1580 3842 et
1609 3785 1771 3841 lauda
1796 3786 2107 3852 beatiores;

2216 3783 2569 3868 μακαρισμὸν
2616 3783 2821 3853 ἡλίκον.
2864 3781 3216 3853 Προσεύχου,
3263 3783 3360 3837 καὶ
3409 3785 3626 3838 ἐπαίνει
3663 3788 3786 3849 τοὺς

536 3886 764 3948 percute
794 3877 926 3933 mihi
959 3879 1398 3948 iuaspectabilem
1429 3879 1724 3934 draconem
1749 3897 1764 3942 ;
1792 3878 2001 3934 debella
2029 3879 2107 3932 in«

2213 3878 2753 3949 πλεομακαρίστους·
2797 3878 2955 3948 βάλλε
2984 3895 3074 3948 μοι
3101 3878 3196 3932 τὸν
3225 3878 3457 3948 ἀόρατον
3485 3879 3782 3950 δράκοντα·

534 3969 795 4025 testinum
851 3971 1034 4025 carnis
1093 3971 1332 4036 bellum;
1368 3970 1546 4025 vincat
1602 3973 1846 4042 spiritus,
1911 3971 2107 4026 serviat

2212 3973 2383 4044 τρέπε
2413 3989 2504 4042 μοι
2529 3972 2620 4024 τὸν
2652 3971 2913 4041 ἐμφύλιον
2943 3972 3043 4041 τῆς
3077 3971 3281 4042 σαρκὸς
3315 3971 3571 4041 πόλεμον·
3587 3973 3783 4025 νικάτω

535 4073 736 4129 corpus
777 4077 790 4112 :
823 4067 882 4112 ut
927 4059 1173 4114 libertate
1227 4058 1441 4112 fruatur
1471 4061 1652 4114 anima
1682 4072 1938 4129 tanquam
1982 4060 2107 4113 hera

2211 4066 2273 4119 τὸ
2334 4063 2584 4134 πνεῦμα’
2639 4063 2910 4116 δουλούτω
2959 4063 3020 4116 τὸ
3070 4063 3262 4134 σῶμαο
3319 4063 3395 4127 ὡς
3440 4063 3507 4118 ἂν
3559 4067 3592 4134 ἠ
3643 4065 3784 4135 ψυχὴ

535 4167 600 4206 ac
654 4151 897 4214 domina,
943 4167 1128 4221 pacem
1173 4150 1379 4206 habens
1412 4166 1534 4206 cum
1571 4152 1704 4208 Deo.
1750 4151 1864 4207 Hoc
1895 4151 2108 4219 sitiat,

533 4244 916 4315 quotidianum
947 4242 1294 4314 martyrium,
1325 4258 1356 4297 a
1397 4241 1510 4298 Deo
1541 4252 1700 4298 textae
1725 4243 1966 4300 corollae.

2215 4155 2610 4226 ἐλευθεριάζει,
2640 4158 2673 4226 ἡ
2707 4155 2872 4226 κυρία
2909 4155 3005 4208 καὶ
3036 4155 3318 4218 δέσποινα,
3345 4156 3570 4227 εἰρήνην
3592 4155 3784 4226 ἔχουσα

2215 4249 2352 4320 πρὸς
2379 4249 2470 4302 τὸν
2497 4248 2650 4302 Θεόν.
2689 4249 2816 4302 Ἐὰν
2843 4247 2906 4302 οὗ
2919 4265 3010 4313 τω,
3058 4247 3362 4319 μαρτύριον
3401 4248 3782 4318 καθεκάστην’

2218 4341 2472 4410 στέφανοι
2504 4340 2812 4395 θεὸπλοκοι.

606 4425 683 4483 De
713 4427 871 4482 nobis
900 4426 1278 4497 peccatoribus
1311 4443 1378 4481 ne
1410 4427 1530 4482 silis
1557 4427 1725 4492 anxii,
1753 4427 1898 4491 licet,
1921 4426 2107 4482 audie-

2286 4431 2422 4500 Περὶ
2473 4431 2632 4501 ἡμῶν
2679 4430 2790 4483 τῶν
2850 4429 3192 4502 ἁμαρτωλῶν
3243 4429 3320 4501 μὴ
3371 4430 3634 4484 ἀνιᾶσθε·
3687 4431 3784 4484 κᾶν

535 4516 656 4572 ritis
681 4525 736 4571 et
763 4531 862 4571 nos
890 4515 1117 4587 ﬂagellis
1155 4530 1328 4571 cazsos
1369 4516 1564 4570 iterum
1624 4514 1817 4570 fuisse.
1868 4513 2115 4572 Tulimus

537 4624 638 4679 ope
667 4619 964 4664 vestrarum
993 4623 1215 4678 precum
1274 4622 1399 4663 cum
1429 4606 1726 4676 gratiarum
1760 4605 1996 4672 actione,
2026 4607 2114 4660 bi-

538 4702 723 4756 lariter
759 4719 772 4754 :
809 4701 912 4757 etsi
949 4701 1206 4756 diuturna
1256 4715 1364 4754 non
1409 4701 1512 4755 fuit
1562 4700 1836 4756 acerbitas
1884 4699 2111 4756 doloris.

539 4791 775 4846 Tantum
819 4809 886 4848 ne
930 4805 1149 4849 sanctas
1199 4809 1393 4848 manus
1423 4802 1630 4848 vestras
1659 4792 1949 4847 extendere
1995 4807 2116 4847 ces-

538 4887 678 4935 sate.
714 4878 1010 4949 Speramus
1039 4884 1182 4935 enim
1229 4881 1481 4951 quamvis
1517 4881 1669 4935 valde
1699 4881 2020 4945 imbecilles,
2047 4881 2114 4934 de

536 4972 759 5026 Amalec
791 4973 896 5026 isto
929 4982 1188 5042 tropzeum
1239 4984 1541 5028 erecturos.
1572 4971 1784 5026 Salutat
1812 4987 1910 5026 vos
1939 4972 2114 5042 pluri-

541 5083 691 5122 mum
741 5064 998 5122 Nicotaus
1041 5066 1210 5121 frater
1263 5077 1466 5123 vester.
1521 5065 1768 5121 Salutate
1799 5067 2022 5121 invicem
2055 5066 2113 5120 in

539 5159 720 5214 osculo
752 5169 936 5213 sancto
959 5161 1025 5225 τί,
1065 5161 1203 5216 socii
1242 5161 1445 5226 socios,
1485 5161 1636 5230 parvi
1670 5175 1914 5228 magnos,
1951 5168 2115 5229 atque

539 5253 791 5324 inprimis
823 5252 1030 5309 vicinos
1059 5252 1270 5308 Patres.
1302 5255 1549 5324 Cumque
1582 5270 1612 5308 a
1645 5254 1802 5310 vobis
1827 5254 1965 5309 lecta
1996 5254 2114 5308 fue-

539 5347 612 5400 rit
637 5346 886 5415 epistola,
908 5362 976 5401 ne
997 5345 1175 5416 pigeat
1199 5354 1254 5399 et
1281 5349 1424 5416 apud
1452 5347 1573 5401 illos
1599 5347 1722 5416 legi,
1752 5347 1797 5401 si
1829 5346 1994 5400 modo
2031 5346 2118 5401 di-

539 5455 644 5510 gua
679 5436 857 5492 fuerit
899 5457 911 5492 :
957 5437 1398 5508 quandoquidem
1469 5438 1755 5492 unanimes
1823 5451 2034 5500 omnes,
2063 5445 2117 5491 et

543 5541 716 5579 unum
742 5540 960 5595 corpus,
1000 5525 1252 5597 quamvis
1297 5525 1510 5580 diversa
1552 5526 1818 5580 membra.
1855 5524 2116 5583 Dominus

541 5615 701 5673 Jesus
729 5617 979 5675 Christus
1003 5619 1288 5676 vobiscum
1312 5627 1366 5676 et
1395 5618 1681 5674 nobiscum
1713 5620 2111 5688 peccatoribus.

546 5711 745 5766 Amen.

619 5823 662 5856 θ’
694 5825 798 5881 lsa.
831 5824 872 5894 l,
895 5826 950 5882 2.
1027 5827 1070 5860 ⁷⁸
1095 5825 1216 5884 Job.
1254 5845 1368 5894 ut,
1405 5827 1487 5882 Η.
1565 5829 1607 5858 '“
1640 5827 1678 5881 ll
1698 5828 1824 5885 Cor.
1854 5844 1970 5896 xm,
2003 5829 2086 5885 12.

2217 4523 2491 4592 ἀκηκόατε
2521 4524 2602 4575 ὅτι
2624 4522 2718 4576 καὶ
2751 4518 2908 4586 αὖθις
2939 4521 3421 4592 ὲμαστιγώθημεν.
3448 4522 3784 4592 Ἦνέγκσμεν

2216 4617 2402 4686 εὐχαῖς
2452 4616 2606 4685 ὑμῶν
2653 4616 3015 4688 εὐχαρίστως,
3067 4615 3424 4687 περιχαρῶς⁹
3484 4614 3591 4668 κᾶν
3655 4616 3785 4686 πρὸς

2215 4706 2394 4774 ὀλίγον
2428 4707 2460 4776 ὴ
2494 4705 2766 4776 δρίμυξις.
2814 4705 2992 4759 Μόνον
3022 4705 3096 4776 μὴ
3121 4705 3286 4776 ἀνῆτε
3315 4706 3414 4767 τὰς
3442 4706 3600 4768 ὁσίας
3637 4706 3782 4775 ὑμῶν

2217 4803 2404 4870 χεῖρας
2443 4799 2797 4861 ἐκτείνοντες.
2828 4799 3165 4868 Πιστεῠομεν
3196 4799 3329 4868 γὰρ,
3349 4799 3397 4850 εί
3420 4798 3517 4852 καὶ
3544 4798 3784 4858 ἀσθενεῖς

2215 4891 2354 4956 λίαν,
2390 4895 2448 4944 ὲν
2478 4891 2653 4961 τούτῳ
2678 4891 2769 4944 τὸν
2801 4891 3050 4960 ’Δμαλὴκ
3073 4890 3484 4962 τροπώσασθαι.
3520 4891 3780 4954 Ἀσπάζεο

2215 4997 2305 5036 ται
2335 4982 2500 5037 πολλὰ
2543 4983 2806 5047 Νικόλαος
2835 4975 2878 5036 ’ό
2917 4983 3146 5052 ἀδελφὸς
3190 4983 3365 5051 ὑμῶν.
3409 4983 3780 5038 Ἀσπάσασθε

2215 5075 2530 5140 ἀλλήλους
2555 5076 2626 5128 ἐν
2653 5074 2940 5144 φιλήματι
2969 5075 3118 5144 ἁγίῳ
3145 5091 3158 5104 ·
3190 5076 3246 5128 αἱ
3279 5075 3520 5129 συνοδίαι
3549 5077 3646 5138 τὰς
3666 5093 3780 5128 σνν-

2215 5165 2395 5228 οδίας·
2437 5166 2485 5218 οἱ
2533 5167 2720 5238 μικροὶ
2765 5167 2893 5230 τοὺς
2941 5166 3247 5238 μεγάλους’
3304 5169 3399 5222 καὶ
3443 5171 3627 5238 μέντοι
3663 5169 3778 5230 τοὺς

2218 5257 2616 5329 πλησιάζοντας
2669 5261 2942 5331 Πατέρας.
2997 5261 3110 5314 Καὶ
3138 5262 3264 5314 ὅταν
3297 5262 3619 5332 ἀναγνωσθῇ
3659 5260 3776 5329 παρ’

2217 5351 2343 5420 ὑμῖν
2375 5352 2408 5420 ἡ
2439 5351 2693 5422 ἐπιστολή
2715 5367 2728 5380 ⁶
2760 5352 2839 5424 μὴ
2885 5353 3298 5424 παραιτήσησθε
3342 5354 3438 5406 καὶ
3484 5355 3613 5424 παρ’
3642 5352 3776 5405 ἐκεί-

2216 5458 2329 5504 νοις
2365 5442 2785 5512 ἀναγνωσθῆναι
2809 5460 2824 5475 ο
2856 5443 2952 5496 ἐὰν
3041 5443 3167 5508 ἀξία
3200 5443 3365 5511 μόνον
3392 5463 3404 5476 ·
3433 5445 3620 5512 ἐπειδὴ
3650 5444 3775 5496 πάν-

2216 5551 2309 5596 τες
2336 5534 2601 5604 όμόψυχοι
2625 5575 2641 5598 ,
2685 5538 2778 5590 καὶ
2815 5535 2872 5589 ἓν
2900 5537 3061 5606 σῶμα
3081 5576 3096 5602 ,
3128 5537 3232 5590 κᾶν
3257 5535 3494 5608 διάφορα
3536 5537 3686 5607 μέλη.
3720 5535 3776 5587 ’0

2219 5625 2422 5696 Κύριος
2476 5625 2684 5698 Ἰησοῦς
2711 5627 2946 5700 Χριστὸς
2995 5629 3114 5700 μεθ’
3156 5629 3312 5700 ὑμῶν
3341 5633 3434 5686 καὶ
3471 5631 3594 5701 μεθ’
3627 5631 3776 5702 ἡμῶν

2219 5716 2326 5773 τῶν
2352 5717 2712 5791 ἁμαρτωλῶν.
2755 5720 2810 5774 ’A
2819 5722 2945 5791 μήν.
