4054 6364
228 215 358 282 1231

441 331 560 388 ΞΡ.
588 363 659 374 -—
679 335 1031 406 Ναυκρατίφ
1056 338 1264 407 τέκνῳ.
1307 338 1495 415 [υλξη

1417 226 1961 295 EPISTULARUM
1994 233 2143 295 LIB.
2177 234 2250 295 ΙΙ.

3336 241 3477 305 1282

2278 342 2469 399 LXlll.
2503 370 2572 384 --
2606 341 2906 401 Naucratio
2947 347 3081 417 ﬁlio.

214 449 413 504 Romani
437 449 691 526 episcopi,-
711 450 1021 526 aliorumque
1045 454 1439 526 Occidentalium
1468 458 1717 526 adversus
1730 459 2093 526 .iconomachos
2110 462 2341 524 sutl'ragia
2375 457 2628 526 ρτξόὶοιιο
2654 458 2841 526 Ροειεξέ
2870 476 3014 513 suum
3034 475 3147 526 cum
3170 464 3469 526 ειιοηθηιων

634 514 869 579 Phrygia
891 514 1044 578 urbis,
1076 519 1325 581 praefecto,
1349 520 1548 569 homine
1569 519 1823 583 haeretica,
1848 534 2171 588 congressum
2191 514 2390 574 nanti-at;
2415 522 2621 584 (Baron.
2650 535 2732 573 an.
2756 524 2869 587 819,
2893 538 2944 575 η.
2963 524 3066 583 25.)

279 618 356 671 (i5
404 616 789 689 πλησθήσεται
839 618 900 672 τὸ
956 619 1049 685 οὓς
1106 638 1210 694 μου
1271 622 1379 676 ἀπὸ
1428 622 1622 692 φωνῶν
1688 640 1762 676 σοι

1956 622 2075 678 Non
2112 625 2405 681 satiabitur
2449 620 2601 677 auris
2630 636 2749 676 mea
2775 639 2969 681 vocum
3009 635 3225 680 tuarum
3257 624 3468 680 auditu.

210 709 547 780 ἀκροάσεως.
573 713 774 777 Φωνεῖς
795 711 903 782 γὰρ
929 714 1203 782 ἀναγκαῖα
1236 718 1331 773 καὶ
1360 718 1777 786 καιιῖιετιείγοντα⁸

207 803 242 858 ἀ
269 805 363 858 καὶ
406 802 503 858 νῦν
530 803 844 868 ὲνωτισθεὶς
867 846 883 871 ,
909 799 955 860 ὦ
999 809 1100 860 παῖ
1125 807 1289 873 καλὲ,
1315 804 1425 883 ᾗσα
1468 810 1497 862 ὁ
1529 811 1783 874 ταπεινὸς

207 894 538 966 χαριστήρια
561 911 576 926 ο
602 895 690 958 ηὼς
725 894 787 947 οὐ
833 897 1192 952 καταλέλοιπε
1222 900 1406 954 τέλεον
1441 901 1645 972 Κύριος
1682 903 1781 974 τὴν

217 985 548 1056 Ἐκκλησίαν
575 986 774 1040 αὐτοῦ’
825 988 942 1042 ἀλλ’
971 989 1171 1055 ἔδειξεν
1202 992 1285 1047 ἔτι
1312 992 1458 1063 ἔχειν
1486 993 1585 1066 τὴν
1628 996 1782 1066 ίσχῦν

201 1077 406 1149 αὐτῆς·
457 1080 690 1150 κινήσας
721 1080 847 1144 τοὺς
870 1082 980 1136 ἀπο
1024 1083 1242 1148 Δύσεως
1284 1086 1547 1156 ἀδελφοὺς
1598 1088 1779 1159 ἡμῶν,

200 1171 423 1242 ἔλεγχον
448 1172 546 1241 τῆς
584 1172 872 1242 παροινίας
900 1175 1010 1227 τῶν
1034 1176 1184 1247 τῇδε.
1225 1177 1319 1231 καὶ¹
1358 1179 1643 1249 φωτισμὸν
1670 1179 1779 1234 τῶν

198 1265 688 1335 νυκτομαχούντων
734 1269 803 1337 τῇ
852 1267 1083 1339 αἱρέσει.
1139 1268 1260 1325 Κᾶν
1308 1272 1676 1327 ἀπεσείσαντο
1725 1274 1777 1329 oi

196 1357 569 1428 ἀτεράμονες⁶
611 1358 714 1413 κάν
756 1359 1072 1431 ὀφθαλμοὺς
1108 1363 1336 1434 καρδίας
1381 1364 1482 1418 οὐκ
1531 1365 1772 1436 ἤνοιξαν.

196 1449 482 1521 Μαρτυρῶ
534 1449 659 1522 ἀρτι
724 1451 1064 1509 κατενώπιον
1106 1453 1243 1509 Θεοῦ
1288 1456 1381 1510 καὶ
1432 1456 1771 1528 ἀνθρώπων⁸

194 1542 425 1607 ἑαυτοὺς
456 1543 774 1615 ἀπέρρηξαν
802 1543 898 1598 τοῦ
937 1543 1187 1615 σώματος
1236 1546 1333 1600 τοῦ
1379 1547 1643 1618 Χριστοῦ,
1677 1549 1773 1603 τοῦ

191 1632 540 1705 κορυφιακοῦ
565 1633 779 1705 θρόνου,
797 1635 856 1687 ὲν
882 1628 926 1703 ᾧ
945 1636 1180 1708 Χριστὸς
1204 1636 1358 1692 ἔθετο
1383 1637 1483 1701 τὰς
1503 1639 1651 1702 κλεῖς
1674 1640 1772 1706 τῆς

189 1723 463 1789 πίστεως·
512 1716 583 1796 ἦς
639 1723 701 1779 οὐ
751 1725 1085 1796 κατίσχυσαν
1133 1727 1231 1780 ἀπ’
1274 1727 1502 1791 αἰῶνος,
1550 1727 1660 1780 οὐδ’
1703 1725 1771 1782 ἂν

186 1814 564 1887 κατισχύσωσι
596 1817 760 1889 μέχρι
805 1818 1114 1885 συντελείας
1141 1818 1310 1873 πύλαι
1343 1819 1472 1891 ᾅδου
1494 1859 1509 1885 ,
1556 1821 1625 1876 τὰ
1661 1820 1769 1875 τῶν

187 1906 488 1978 αίρετικῶν
520 1904 726 1979 δηλαδὴ
752 1908 995 1979 στόματα
1019 1925 1033 1939 ο
1056 1909 1132 1971 ὡς
1155 1911 1188 1982 ή
1216 1909 1311 1963 τοῦ
1345 1909 1610 1979 ἀψευδοῦς
1636 1910 1768 1964 ὑπό-

1882 714 2203 773 Necessaria
2251 718 2397 773 enim
2448 714 2687 783 loqueris
2727 724 2781 769 et
2827 728 3172 787 opportuna:
3201 717 3385 786 qualia
3412 730 3472 773 et

1882 824 2030 863 nunc
2088 812 2337 876 audiens,
2388 827 2421 865 ο
2470 810 2543 865 illi
2595 813 2831 883 egregie,
2864 812 3189 869 charisteria
3239 811 3467 865 humilis

1879 900 2163 957 decantavi
2198 919 2214 959 :
2245 907 2499 975 quoniam
2551 927 2660 966 non
2714 906 3005 974 dereliquit
3043 905 3098 959 in
3145 905 3305 958 tinem
3353 904 3467 957 Do-

1879 993 2064 1051 minus
2101 996 2403 1055 Eeclesiam
2454 1018 2611 1057 suam
2645 1019 2661 1069 ;
2696 1001 2791 1057 sed
2824 1001 2973 1054 illam
3016 998 3160 1053 vires
3203 1011 3334 1051 suas
3363 995 3461 1050 ad-

1879 1085 1987 1139 huc
2029 1085 2232 1143 habere
2285 1090 2495 1155 docuit,
2520 1093 2712 1150 fratres
2739 1100 2965 1149 nostros
2993 1090 3240 1145 excitans
3266 1087 3337 1143 ab
3366 1102 3464 1141 oc-

1877 1191 2008 1233 casu
2036 1177 2103 1233 ad
2135 1182 2611 1249 reprehensionem
2634 1185 2966 1243 temulentiae
3010 1181 3364 1243 nostratium,
3398 1187 3459 1232 et

1877 1267 2328 1327 illuminationem
2363 1274 2585 1331 haeresis
2612 1283 2779 1331 noctu
2830 1273 3233 1331 dimicantium.
3266 1270 3461 1336 Quan-

1876 1371 2038 1426 quam
2076 1357 2386 1429 rejecerunt
2435 1362 2729 1432 pmfracti,
2772 1373 2830 1419 et
2876 1362 3060 1418 cordis
3106 1359 3299 1414 oculos
3344 1374 3459 1413 non

1875 1459 2229 1518 aperuerunt.
2261 1449 2457 1508 Testor
2476 1470 2622 1510 nunc
2646 1462 2836 1509 coram
2864 1452 2977 1509 Deo
2998 1460 3054 1507 et
3084 1449 3403 1505 hominibus
3437 1466 3454 1503 :

1873 1541 2087 1610 seipsos
2134 1544 2457 1600 avulsarum
2494 1560 2526 1600 a
2554 1560 2790 1617 corpore
2834 1544 3062 1610 Christi,
3088 1550 3145 1598 et
3194 1554 3461 1612 supremo

1874 1631 2117 1685 verticali
2159 1632 2378 1695 throno,
2408 1634 2462 1688 in
2493 1650 2607 1705 quo
2649 1636 2905 1691 Christus
2953 1634 3139 1690 claves
3173 1631 3360 1703 posuit
3389 1630 3458 1685 li-

1871 1720 1959 1775 dei
1994 1739 2009 1777 :
2042 1720 2310 1780 adversus
2347 1739 2513 1794 quam
2539 1740 2647 1783 non
2667 1726 3001 1796 pra-valuere
3033 1725 3324 1789 hactenus,
3353 1737 3457 1778 nec

1872 1815 2245 1881 pramatebunt
2306 1832 2485 1886 usque
2555 1818 2622 1872 ad
2694 1820 3225 1874 consummationem
3284 1825 3458 1887 porta:

1871 1902 2035 1959 inferi
2064 1906 2131 1971 τ’,
2163 1923 2261 1962 ora
2287 1909 2503 1965 scilicet
2532 1909 2913 1965 liatreticomm
2951 1928 2965 1965 :
3001 1913 3143 1966 sicut
3176 1909 3456 1980 pollicitus

187 2014 400 2067 σχεσις.
434 1999 689 2071 Χαιρέτω
718 1996 812 2061 οὖν
839 2003 867 2054 ὁ
899 2001 1323 2073 μακαριώτατος
1351 2004 1448 2056 καὶ
1473 2004 1762 2056 ἀποστολι-

1870 2007 1954 2054 est
1994 1997 2089 2068 qui
2124 2014 2234 2055 non
2266 2002 2552 2056 mentitur.
2604 2000 2854 2056 Gaudeat
2901 2001 3070 2074 igitur
3097 1999 3454 2056 beatissimus

180 2092 280 2156 κδς
305 2092 400 2146 καὶ
422 2091 743 2164 φερώνυμος
786 2093 1096 2166 Πασχάλιος
1114 2110 1128 2124 ⁸
1159 2095 1244 2149 ὅτι
1268 2094 1330 2149 τὸ
1359 2094 1524 2167 ἔργον
1555 2095 1762 2167 Πέτρου

179 2183 562 2256 ἐξεπλήρωσε.
610 2185 898 2256 Σκιρτάτω
945 2186 1053 2248 πᾶς
1093 2185 1392 2257 ὀρθοδόξων
1420 2185 1641 2252 θίασος*
1681 2188 1764 2242 ὅτι

176 2274 309 2331 κατ’
338 2274 652 2347 ὀφθαλμοὺς
680 2274 788 2331 εἶδε
831 2277 931 2348 τὴν
976 2262 1295 2350 ἐπισκοπὴν
1321 2278 1591 2351 Χριστοῦ,
1621 2280 1764 2335 κατὰ

175 2366 313 2427 τοὺς
348 2365 515 2422 πάλαι
546 2368 733 2436 ἁγίους
761 2369 1015 2440 Πατέρας
1043 2370 1218 2441 ἡμῶν.
1250 2370 1332 2424 Τὰ
1355 2371 1463 2444 γὰρ
1492 2371 1628 2425 ἀλλα
1654 2373 1762 2444 ὅπη

146 2460 256 2531 ,τῷ
278 2459 404 2530 Θεῷ
434 2460 566 2530 φίλα
591 2463 830 2532 ἀγέσθω.
848 2464 905 2517 ’Δ
915 2464 1150 2533 ρδευὲτω
1170 2464 1232 2518 τὺ
1260 2467 1598 2537 μαρτυρικὸν
1622 2460 1763 2537 αἷμα

172 2552 278 2624 τὴν
323 2551 685 2625 Ἐκκλησίαν
719 2555 1040 2621 αὐξανὲσθω
1075 2557 1103 2610 ὁ
1143 2557 1303 2628 χορὸς
1343 2558 1452 2611 τῶν
1486 2558 1760 2630 ὁμολογη-

170 2644 287 2699 τῶν
310 2658 328 2675 ⁹
354 2646 514 2700 τοῦτο
547 2646 765 2701 εὐδοκία
786 2647 920 2701 Θεοῦ
942 2665 956 2678 ·
990 2649 1150 2702 τοῦτο
1174 2650 1319 2720 χαρὰ
1353 2651 1446 2703 καὶ
1499 2650 1761 2719 ἀγαλλία-

173 2754 263 2802 σις
286 2755 302 2768 ·
333 2738 438 2793 κᾶν
459 2738 546 2794 διὰ
572 2740 699 2805 τοὺς
724 2740 1137 2812 ἀπολλυμένους
1159 2743 1545 2799 ὲλεεινότατον.

244 2920 323 2977 Τί
372 2925 597 2994 φήσοιεν
640 2926 691 2980 οί
741 2926 1010 2992 ἐναντίοις
1057 2927 1348 3000 Ἀνατολὴν
1388 2930 1490 2983 οὐκ
1541 2929 1755 3000 ἔχουσι·

134 3020 141 3026 ’
170 3016 409 3080 Δύσεως
432 3018 774 3089 ἐστέρηνταιο
803 3019 897 3074 τοῦ
926 3021 1343 3091 πεντακορύφου
1373 3021 1758 3093 ἐκκλησιαστι-

168 3107 276 3161 κοῦ
308 3107 564 3179 σώματος
621 3110 713 3181 (ζῇ
754 3110 865 3183 γὰρ
904 3112 983 3166 ἔτι
1039 3114 1130 3166 καὶ
1163 3113 1474 3183 Νικηφόρος
1509 3115 1538 3166 ὁ
1571 3110 1757 3183 ἱερὸς)

60 3222 73 3231 -
162 3200 611 3273 διεσπάσθησαν.
660 3203 871 3257 Οὐκοῦν
910 3204 1300 3276 ἠλλοτρίωντοιι
1350 3204 1607 3276 Χριστῷο
1648 3206 1759 3275 ἄρα

168 3291 598 3363 ἐνεκρώθησαν·
634 3295 743 3365 ἄρα
785 3296 843 3350 ὲν
885 3296 1066 3349 σκότει
1108 3296 1542 3367 διαπορεύονται.
1597 3298 1661 3351 Ei
1701 3296 1757 3351 δὲ

159 3387 257 3440 ὅτι
294 3387 562 3457 ἄρχουσιν
608 3387 696 3441 ἐπ’
748 3388 959 3460 ἐρήμου
1007 3388 1306 3460 αἱρέσεως,
1351 3389 1510 3443 τοῦτο
1538 3391 1635 3445 καὶ
1663 3391 1761 3461 λῃ-

166 3476 305 3531 σταί
325 3494 343 3509 ’
378 3477 499 3531 ἐπεὶ
521 3477 615 3532 xal.
646 3478 969 3542 κτείνουσιν,
1003 3477 1192 3549 ὥσπερ
1224 3480 1318 3533 καὶ
1343 3476 1488 3533 οὗτοι
1508 3499 1520 3511 ·
1549 3481 1760 3549 αἵματα

164 3568 471 3632 κενοῦντες
498 3610 513 3633 ,
566 3569 642 3631 ὡς
694 3570 822 3634 ἔπος
878 3573 1082 3636 εἰπεῖν,
1133 3571 1498 3642 καθεκάστην.
1557 3572 1760 3642 Ἐχέτω

158 3660 357 3715 ταῦτα
405 3655 528 3715 ὧδε.
567 3661 783 3715 Ἦλίκον
844 3662 902 3716 δὲ
953 3662 1158 3735 ᾄσομαι
1216 3664 1309 3716 ἐπὶ
1356 3664 1422 3733 τῇ
1486 3662 1756 3734 μεταεολῇ

156 3752 478 3817 Λεοντίους
510 3754 576 3808 Ὢ
617 3753 728 3807 τῶν
783 3756 1056 3826 μεγίστων
1100 3753 1194 3807 τοῦ
1230 3753 1364 3807 Θεοῦ
1422 3754 1752 3824 τεραστίωνῐ

154 3845 239 3900 Σὺ
300 3845 430 3914 μὲν,
472 3838 519 3900 ὦ
559 3847 678 3909 τᾶν,
724 3847 802 3910 εἰς
833 3846 990 3900 τοῦτο
1022 3848 1243 3900 κάκεῖνο
1280 3847 1757 3917 μετεσχημάτισας

153 3937 259 3989 τὸν
311 3936 659 4009 δύσχριστον.
702 3938 842 4008 Ἐγὼ
872 3938 929 3992 δὲ
959 3938 1353 4009 Κυπριανίξειν
1385 3938 1546 3991 αὑτὸν
1584 3939 1642 3990 ἐν
1678 3937 1757 4009 τῷ

153 4026 475 4098 πράγματι
520 4027 731 4100 ᾠήθην·
773 4030 1216 4102 ἀποκρουσθέντα
1266 4030 1419 4101 παρᾶ
1450 4029 1545 4083 τοῦ
1601 4029 1753 4099 βασιο

150 4115 315 4183 λέως
350 4119 694 4191 προδραμεῖν
718 4125 830 4186 τοῖς
850 4122 1211 4195 ἀθλοφοροῦσι
1235 4123 1331 4175 καὶ
1354 4122 1756 4192 ἐναγωνιζομέ-

145 4228 281 4275 νοις
304 4226 321 4240 ⁸
356 4213 481 4266 κατ’
519 4211 810 4268 Ἰουστίναν
850 4213 949 4286 τὴν
980 4216 1247 4286 ἀοίδιμον.
1279 4212 1402 4285 Δῴη
1432 4213 1635 4286 Κύριος
1666 4217 1755 4268 re.

145 4302 289 4357 λεον
318 4303 420 4356 ἐπὶ
444 4304 651 4373 ἀμφοῖν
675 4305 745 4357 τὰ
773 4306 1062 4377 ἀμφότερα
1093 4305 1501 4377 ἀποφανθῆναι.
1547 4305 1611 4359 Ἡ
1651 4324 1754 4376 φυα

138 4392 313 4464 ὶακή
348 4409 447 4445 σου
480 4394 564 4447 ὅτι
598 4394 874 4467 ἐνδότερον
901 4398 1141 4464 ἐγένετο,
1188 4398 1433 4470 λυπηρόν
1463 4416 1552 4468 μοι
1580 4398 1671 4452 διά
1691 4398 1754 4451 τὸ

138 4483 408 4546 ἁτοενές
439 4502 555 4538 σου.
606 4486 752 4556 Πλὴν
787 4486 937 4558 ἴσχυε
971 4489 1065 4542 κα)⁸
1106 4488 1393 4561 κραταιοῦ,
1444 4489 1752 4560 ὁμολογητὰ

136 4575 451 4648 Χριστοῦ,
498 4577 574 4644 ὡς
620 4581 1108 4651 προεσημάναμεν.
1163 4582 1281 4636 Ἵνα
1328 4582 1385 4635 δὲ
1441 4584 1627 4654 γνοίης
1669 4582 1749 4635 ἔτι

1869 2100 1926 2146 et
1953 2091 2290 2161 apostolicus
2314 2102 2369 2149 et
2392 2095 2613 2149 nomine
2638 2110 2741 2150 suo
2762 2094 2963 2166 dignus
2987 2094 3284 2160 Paschalis,
3312 2107 3454 2164 quod

1870 2183 2016 2239 niam
2046 2182 2194 2240 Petri
2225 2201 2364 2256 opus
2390 2187 2726 2255 adimplevit.
2770 2186 3019 2243 Exsultat
3052 2187 3232 2242 omnis
3259 2186 3453 2242 ortho-

1868 2275 2138 2333 doxorum
2167 2279 2391 2344 chorus,
2427 2279 2557 2349 quia
2587 2280 2657 2335 ob
2698 2282 2893 2336 oculos
2915 2280 3049 2335 vidit
3074 2281 3448 2349 episcopatum

1867 2369 2100 2435 Christi,
2136 2372 2440 2429 secundum
2497 2383 2721 2429 sanctos
2776 2373 2907 2428 olim
2962 2373 3155 2428 Patres
3205 2382 3446 2427 nostros.

1869 2462 2077 2518 Caetera
2118 2464 2265 2519 enim
2299 2475 2360 2520 ut
2392 2465 2503 2521 Deo
2548 2468 2727 2522 visum
2762 2465 2926 2522 fuerit
2963 2463 3233 2520 ferantur.
3259 2464 3448 2536 lrriget

1868 2568 2169 2625 martyrum
2218 2556 2443 2627 sanguis
2485 2555 2813 2622 Ecciesiam,
2859 2568 3117 2628 augescat
3161 2556 3447 2615 confesso-

1867 2661 1990 2700 rum
2026 2646 2230 2702 chorus
2258 2664 2272 2700 :
2301 2648 2403 2702 hoc
2427 2648 2537 2702 Deo
2568 2659 2812 2719 gratum;
2844 2650 2949 2704 hoc
2979 2650 3239 2719 gaudium
3265 2657 3320 2703 et
3346 2664 3446 2703 ex—

1866 2738 2093 2795 sultatio
2117 2756 2131 2793 :
2156 2739 2410 2808 quamvis
2437 2750 2662 2811 propter
2705 2757 2802 2797 eos
2852 2743 2945 2812 qui
2984 2750 3215 2811 pereunt
3253 2740 3447 2797 miser-

1866 2831 2089 2888 rimum.
2346 2878 2353 2891 .

1938 2926 2076 2990 Quid
2129 2923 2311 2979 dicere
2354 2924 2567 2995 possint
2618 2925 2966 2982 adversarii?
3002 2925 3282 2982 Orientem
3332 2938 3442 2979 non

1864 3016 2071 3071 habent
2100 3033 2115 3083 ;
2156 3013 2452 3071 Occidente
2491 3018 2689 3087 privati
2744 3029 2874 3072 sunt
2907 3036 2921 3074 :
2955 3034 2985 3072 a
3017 3018 3170 3089 quini
3219 3019 3443 3074 verticis

1864 3124 2097 3180 corpore
2171 3111 2543 3167 ecclesiastico
2610 3110 2787 3166 avulsi
2854 3121 3017 3178 sunt;
3104 3111 3240 3165 vivit
3294 3116 3439 3167 enim

1863 3206 2163 3260 etiamnum
2201 3216 2256 3259 et
2302 3203 2645 3275 Nicephorus
2698 3220 2875 3261 sacer.
2915 3204 3086 3276 Igitur
3138 3221 3168 3261 a
3216 3205 3442 3262 Christo

1865 3294 2085 3348 alienati
2141 3305 2318 3349 sinit:
2358 3296 2524 3365 igitur
2578 3297 2779 3352 mortui
2812 3315 2828 3351 :
2860 3297 3029 3368 igitur
3088 3301 3145 3351 in
3198 3297 3441 3353 tenebris

1865 3383 2168 3439 ambulant.
2200 3382 2356 3448 Quod
2394 3382 2440 3438 si
2483 3383 2847 3454 principatum
2879 3393 3061 3439 tenent
3114 3385 3169 3438 in
3218 3383 3440 3439 haeresis

1861 3471 2101 3533 deserto.
2133 3474 2236 3528 hoc
2276 3473 2490 3530 faciunt
2520 3485 2573 3530 et
2609 3475 2849 3531 latrones
2876 3493 2892 3531 :
2937 3476 3138 3545 quippe
3161 3477 3255 3544 qni
3288 3475 3438 3532 occi-

1860 3561 1996 3616 dunt
2031 3563 2219 3626 etiam,
2254 3563 2397 3618 sient
2439 3564 2528 3618 isti
2562 3581 2577 3618 :
2613 3565 2956 3635 sanguinem,
3002 3573 3061 3618 nt
3118 3580 3230 3619 uno
3272 3566 3437 3619 verbo

1858 3655 2058 3717 dicam,
2086 3656 2333 3724 quotidie
2372 3655 2684 3711 fundentes.
2725 3657 2803 3711 De
2857 3656 2944 3710 his
2975 3664 3158 3710 autem
3193 3656 3260 3710 ad
3290 3656 3438 3711 hunc

1860 3750 2101 3803 modum.
2131 3750 2406 3816 Quantum
2439 3764 2567 3805 vero
2607 3749 2892 3805 eoncinam
2926 3749 2981 3802 in
3015 3747 3229 3802 Leontii
3258 3756 3435 3802 muta-

1860 3837 2045 3893 tione?
2075 3836 2121 3892 Ο
2154 3840 2389 3893 maxima
2422 3838 2517 3893 Dei
2543 3838 2818 3909 prodigia!
2855 3837 2935 3892 Tu
2966 3839 3209 3907 quidem,
3233 3837 3432 3900 amice,

1857 3929 1912 3983 in
1954 3929 2059 3984 hoc
2106 3937 2161 3984 et
2196 3929 2325 3984 illud
2369 3929 2573 3985 Christi
2616 3930 2824 3985 hostem
2861 3928 3288 3985 transformasti.
3322 3929 3434 4000 Ego

1859 4039 1986 4078 vero
2009 4020 2401 4094 Cyprianizare
2431 4023 2586 4078 illum
2622 4024 2677 4078 in
2707 4023 2925 4094 negotio
2940 4023 3239 4079 arbitratus
3270 4038 3429 4078 sum:

1855 4123 2143 4171 extrusum
2189 4118 2259 4171 ab
2298 4117 2648 4186 imperatore,
2686 4117 2752 4171 ad
2784 4124 3060 4172 certantes
3097 4124 3152 4172 et
3184 4116 3238 4171 in
3261 4130 3434 4186 agone

1853 4218 2139 4263 versantes
2179 4222 2489 4274 accurrere,
2523 4208 2685 4279 juxta
2714 4209 2980 4265 celebrem
3009 4207 3302 4263 Justinam.
3338 4208 3433 4263 Det

1854 4297 2122 4379 Dominus
2143 4309 2202 4354 ut
2232 4300 2284 4353 in
2305 4300 2551 4371 utrisque
2584 4302 2797 4356 tandem
2823 4313 3051 4370 utraque
3079 4300 3429 4370 conspician-

1856 4402 1965 4449 tnr.
2021 4393 2282 4450 Custodia
2324 4402 2416 4449 tua
2461 4394 2602 4464 quod
2627 4395 2857 4449 interius
2888 4393 3114 4448 reducta
3141 4404 3244 4460 est,
3268 4407 3431 4462 grave

1852 4485 1989 4539 mihi
2022 4496 2104 4541 est
2136 4496 2353 4556 prOpter
2378 4486 2748 4541 inﬁrmitatem
2780 4496 2948 4541 tuam.
2993 4485 3261 4542 Caeterum
3289 4499 3426 4540 con-

1852 4574 2059 4631 fortare
2089 4585 2143 4633 et
2181 4577 2414 4639 sustine,
2449 4576 2731 4633 confessor
2760 4576 2983 4641 Christi,
3020 4585 3083 4631 ut
3116 4584 3241 4631 ante
3262 4574 3431 4646 signi-

133 4665 528 4737 λευκὸτερον,
573 4670 908 4741 προστίθημι
937 4673 1030 4726 καὶ⁵
1059 4672 1226 4727 ταῦτα
1249 4691 1261 4705 ·
1300 4672 1374 4737 ὡς
1404 4674 1487 4728 ἔτι
1515 4673 1744 4744 ἀσφαλί-

1864 4670 2161 4726 licavimns.
2194 4668 2262 4725 Ut
2292 4682 2471 4725 autem
2505 4670 2705 4724 clarius
2745 4668 2924 4724 adhuc
2955 4681 3276 4739 cognoscas,
3314 4667 3427 4721 hac

129 4754 321 4819 ζεται
353 4757 508 4827 ἡμᾶς
555 4759 584 4812 ὁ
626 4759 994 4831 φρούραρχος.
1024 4761 1124 4816 Διά
1155 4762 1241 4829 τί,
1272 4765 1367 4816 καὶ
1396 4763 1548 4831 πῶςς
1595 4765 1750 4819 Ἐπεὶ

1864 4762 1993 4817 addo
2027 4780 2040 4816 :
2072 4762 2287 4817 clausos
2316 4778 2459 4816 nunc
2487 4762 2654 4816 etiam
2688 4776 2788 4815 nos
2816 4769 2976 4815 tenet
3009 4759 3249 4815 carceris
3283 4774 3423 4828 pra:-

126 4848 265 4919 γὰρ
325 4848 414 4902 δεῖ
457 4850 739 4922 οἰκονομίᾳ
782 4853 1088 4924 κεχρῆσθαι
1134 4857 1192 4909 ἐν
1236 4860 1345 4920 τοῖς
1392 4857 1713 4926 ἀναγκαίοις
1733 4873 1762 4913 ἐ

1864 4853 2045 4909 fectus.
2089 4855 2288 4921 Quare,
2321 4846 2375 4909 et
2409 4854 2730 4925 quomodo?
2756 4854 3027 4919 Quoniam
3056 4863 3271 4923 oportet
3308 4853 3422 4911 dis-

122 4939 420 5012 ὁπηνίκα
446 4940 868 5016 συνωψίσθημεν
897 4945 975 5018 τῷ
999 4948 1199 5001 Χωνῶν
1230 4950 1553 5021 αἱρεσιάρχῃ
1616 4951 1755 5021 (ἐκεῖ

1864 4949 2169 5029 rensatione
2223 4949 2301 5002 uti
2352 4949 2407 5002 in
2456 4949 2617 5003 rebus
2664 4948 3041 5004 necessariis:
3079 4948 3301 5017 quando
3336 4950 3420 5003 ci-

122 5035 260 5104 γὰρ
312 5031 545 5105 πρῶτον
583 5035 912 5107 ἀπήχθημεν
940 5038 1047 5090 ὑπὸ
1091 5038 1200 5093 τῶν
1246 5040 1352 5093 ἀπὸ
1391 5041 1751 5107 Ἀνατολικῶν

116 5125 427 5198 ἀράντων
457 5126 648 5198 ἡμᾶς),
694 5129 789 5181 καὶ
817 5130 948 5197 γόνυ
982 5129 1289 5202 ὲκλίναμεν,
1329 5133 1750 5204 συγγονυκλιτή-

118 5235 367 5282 σαντος
428 5220 718 5274 κάκείνου⁶
784 5223 879 5276 καὶ
950 5224 1321 5294 ὴσπασάμεθα
1385 5227 1568 5281 αὐτόν.
1639 5227 1749 5281 Καὶ

109 5310 359 5381 ἐπειδὴ
388 5310 571 5364 εἴασεν
595 5313 678 5376 είς
705 5313 901 5367 ταυτὸν
931 5313 1105 5369 ἐλθεῖν
1162 5316 1262 5386 ἐμέ
1292 5334 1349 5371 τε
1376 5319 1468 5371 καὶ
1513 5320 1603 5372 τὸν
1647 5320 1748 5374 κύο

111 5419 267 5474 ριον
323 5399 685 5456 ’Δθανάσιονο
730 5406 825 5457 καὶ
879 5406 1205 5479 συνεπίομεν
1249 5408 1398 5480 αὐτῷ
1446 5411 1596 5477 ἅπαξ
1653 5414 1746 5468 καὶ

103 5496 259 5562 δξςο
340 5494 405 5546 οὐ
468 5493 654 5566 μέντοι
712 5498 1122 5571 συνεφάγομεν·
1171 5498 1598 5572 έκλιπαροῦντος
1648 5504 1746 5558 τοῦ

1849 5030 1979 5096 bum
2010 5041 2347 5110 sumpsimus
2379 5055 2503 5094 cum
2530 5039 2839 5095 Chonarttm
2875 5041 3257 5096 haeresiarcha.
3291 5041 3423 5105 Illuc

1848 5134 2055 5205 quippe
2096 5131 2315 5188 deducti
2358 5132 2593 5201 primum
2651 5132 2854 5188 fuimus
2888 5134 2957 5187 ah
2994 5132 3060 5188 iis
3088 5134 3183 5205 qui
3221 5148 3322 5189 nos
3353 5147 3422 5189 ex

1848 5225 2071 5281 Oriente
2105 5225 2444 5280 abduxerant
2474 5243 2488 5277 :
2519 5235 2571 5280 et
2594 5225 3009 5296 genuﬂeximus,
3030 5226 3424 5297 genuﬂectente

1848 5320 2051 5392 pariter
2086 5319 2178 5373 illo
2209 5336 2223 5373 :
2256 5327 2310 5373 et
2345 5319 2578 5388 amplexi
2616 5333 2740 5373 eum
2781 5335 2997 5375 sumus.
3043 5318 3107 5373 Et
3129 5328 3419 5390 postquam

1848 5411 2094 5485 permisit
2146 5420 2204 5467 ut
2253 5421 2420 5466 unum
2457 5410 2511 5464 in
2559 5410 2740 5465 locum
2785 5412 3202 5467 conveniremus
3239 5425 3339 5480 ego
3365 5417 3421 5464 et

1846 5505 2104 5564 dominus
2144 5504 2497 5567 Athanasius,
2536 5503 2776 5560 bibimus
2824 5519 2932 5558 una
2978 5519 3101 5557 cum
3145 5517 3211 5556 eo
3249 5501 3417 5557 semel

99 5590 369 5658 ὅψεως,
398 5585 495 5640 καὶ
515 5584 893 5660 ψιθυρίζοντος
920 5589 1197 5661 ἀπατηλά.
1231 5591 1421 5661 Τούτῳ
1447 5592 1527 5664 τῷ
1558 5593 1744 5667 μέτρῳ

1864 5604 2008 5670 itque
2060 5597 2665 5666 iterummequaquam
2705 5602 2883 5649 tamen
2930 5592 3291 5661 comedimus,
3314 5591 3416 5648 ob-

192 5703 255 5735 ’³
288 5698 502 5756 Matth.
536 5715 648 5768 ενι,
682 5699 768 5756 l8.
