4054 6364
557 297 699 364 1233

1758 301 1821 360 S.
1862 289 2259 359 ‘I‘HEODORI
2290 288 2435 352 STU
2443 287 2640 350 DITIE

3700 282 3836 346 1284

559 427 793 474 testante
820 429 1093 492 serpente,
1116 429 1171 478 et
1198 421 1584 477 insusurrante
1617 416 1988 473 fraudulenta.
2021 410 2136 466 Hac

2242 403 2598 476 ἐχρησάμεθα
2621 442 2638 466 ,
2677 400 3018 473 ἀπαχθέντες
3047 399 3222 465 ἐνθεν,
3257 399 3354 452 καὶ
3405 397 3543 468 πρὸς
3573 397 3665 451 τὸν
3694 399 3754 451 ἐν

557 513 933 569 moderatione
964 515 1048 569 usi
1079 529 1273 570 sumus
1327 529 1454 568 cum
1489 511 1708 567 abducti
1760 508 1886 564 inde
1942 505 2142 560 fuisse-

556 620 681 660 mus
704 605 770 658 ad
801 607 1117 667 draconem,
1153 619 1392 674 quocum
1428 603 1514 657 hic
1539 615 1847 655 versamur.
1879 597 1985 663 Qui
2017 611 2145 651 cum

556 692 753 748 seriem
790 702 918 747 ante
951 693 1248 756 didicisset,
1287 691 1422 745 nihil
1477 690 1728 759 amplius.
1755 689 1914 748 ursit,
1967 695 2026 740 ut
2051 686 2146 757 qui

557 776 888 845 persuadere
918 791 1028 830 non
1063 784 1247 845 posset
1287 792 1300 828 :
1339 774 1524 843 injecit
1549 784 1752 831 tamen.
1787 771 1996 826 utvidit
2019 785 2143 835 nos,

556 870 625 922 de
665 877 988 936 argumento
1045 881 1374 930 sermonem,
1425 865 1552 934 quia
1613 863 1750 918 nihil
1808 872 1912 928 est,
1948 861 2144 932 inquit,

556 969 653 1013 aut
695 961 1071 1029 perexiguum,
1102 959 1154 1012 id
1195 959 1264 1013 de
1299 974 1409 1028 quo
1449 967 1533 1012 est
1566 961 1824 1028 quaestio.

629 1053 707 1107 Ad
728 1070 849 1122 qme
883 1054 1266 1124 respondimus
1285 1094 1299 1119 ,
1335 1053 1416 1107 vel
1447 1070 1511 1107 ex
1537 1053 1696 1120 longe
1720 1051 1975 1106 maximis
1999 1065 2142 1105 esse.

559 1140 715 1207 Quod
749 1143 792 1194 si
823 1141 1002 1210 jubcs,
1044 1142 1288 1212 inquam,
1327 1142 1430 1206 dic,
1474 1151 1528 1196 et
1568 1141 1814 1196 vicissim
1847 1141 1994 1197 audi.
2036 1138 2146 1194 Sed

559 1221 878 1288 oinittatitus
917 1235 1302 1304 inpraesentia,
1343 1235 1485 1305 quod
1519 1247 1571 1289 et
1620 1233 1825 1289 factum
1879 1242 1984 1288 est.
2026 1231 2144 1286 Alia

557 1324 776 1393 quidem
806 1326 984 1380 dicere
1029 1326 1246 1396 Iungum
1289 1328 1363 1381 sit
1398 1344 1411 1380 :
1448 1327 1515 1380 ad
1563 1328 1724 1381 linem
1773 1327 1945 1382 tendit
1968 1325 2146 1378 oratio

556 1415 718 1484 cujus
772 1418 944 1486 gratia
973 1432 1204 1472 exorsus
1239 1433 1384 1473 sum.
1439 1416 1671 1473 Putabat
1700 1417 1931 1472 callidus
1959 1431 2018 1471 se
2043 1431 2144 1471 nos

555 1506 762 1559 sensim
800 1505 1180 1575 pellecturum,
1211 1521 1317 1559 non
1356 1522 1666 1561 sermonem
1692 1506 1760 1560 de
1795 1505 2130 1575 imaginibus

555 1593 909 1656 conferendo,
972 1595 1064 1649 sed
1129 1593 1517 1650 benefaciendo
1565 1594 1832 1659 fortasse,
1865 1605 1921 1649 et
1950 1596 2133 1650 amice

555 1685 943 1753 colloquendo,
1001 1695 1058 1739 et
1111 1684 1452 1754 praefectura:
1509 1685 1843 1740 mentionem
1905 1685 2141 1740 interse-

2246 496 2416 564 ἐσμεν
2459 494 2750 564 δράκοντα.
2786 495 2884 557 Ὃς
2931 489 3238 564 προμαθὼν
3284 491 3376 545 τὸν
3417 489 3632 561 εἱρμὸν,
3682 489 3838 543 οὐδὲν

2246 585 2408 640 πλέον
2436 586 2770 655 ἠνάγκασεν,
2801 585 2877 649 ὡς
2910 585 2987 658 μὴ
3021 585 3222 656 ἰσχύων
3252 587 3471 638 πεῖσαι·
3513 584 3835 653 συνεκίνησε

2245 677 2290 728 δ’
2317 673 2411 732 οὖν
2445 679 2596 748 ὅμως
2627 677 2820 745 λόγους
2853 679 2910 731 ὲν
2956 663 3036 749 τῷ
3065 678 3194 732 ίδεῖν
3225 679 3374 748 ἡμᾶς
3405 677 3666 747 περὶτῆς
3705 678 3838 730 ὑπο-

2247 767 2450 832 θέσεως
2469 783 2484 796 °
2529 769 2618 832 Ὦς
2641 769 2793 822 οὐδέν
2823 769 2963 836 ἐστι,
2994 769 3152 842 φησι,
3186 770 3280 822 καὶ
3308 767 3544 840 σμικρὸν
3570 767 3636 821 τὸ
3659 770 3834 840 ἀμερι-

2248 860 2638 933 σὸητούμενον,

2318 1041 2464 1114 Πρὸς
2500 1041 2537 1096 ἀ
2565 1043 2972 1115 ἀπεκρινάμην,
3001 1044 3082 1098 ὅτι
3104 1044 3216 1098 Καὶ
3243 1043 3353 1097 τῶν
3382 1043 3660 1115 μεγίστων
3691 1043 3832 1100 λίαν.

2244 1135 2377 1201 Καὶ,
2414 1137 2464 1188 εἰ
2491 1135 2757 1199 κελεύεις,
2799 1137 2924 1206 λέγε
2954 1139 3051 1190 καὶ
3078 1138 3368 1192 ἀντάκουε.
3400 1138 3544 1191 Ἀλλ’
3576 1139 3836 1209 ἐάσωμεν

2243 1227 2304 1280 τὸ
2337 1226 2454 1290 νῦν,
2487 1227 2515 1280 ὃ
2545 1229 2642 1281 καὶ
2668 1229 2881 1297 γέγονε.
2919 1225 3103 1282 Τᾶλλα
3149 1229 3248 1299 μὲν
3285 1227 3482 1281 πολλοῦ
3512 1228 3576 1282 τὸ
3616 1229 3836 1298 λέγειν

2244 1319 2338 1372 ἐπὶ
2365 1319 2423 1372 δὲ
2453 1320 2512 1371 τὸ
2545 1319 2874 1390 τελεώτερον
2905 1322 2932 1373 ὁ
2956 1321 3112 1389 λόγος
3134 1361 3149 1386 ,
3199 1320 3268 1373 δι’
3293 1321 3321 1374 ὂ
3350 1323 3445 1376 καὶ
3467 1320 3831 1392 ἀπηρξάμην.

2247 1412 2406 1483 ’ῼετο
2429 1415 2457 1466 ὁ
2488 1413 2660 1476 δεινὸς
2683 1413 2826 1468 κατὰ
2860 1414 3056 1484 μικρὸν
3083 1416 3232 1484 ἡμᾶς
3255 1415 3437 1469 ἕλκειν
3455 1431 3470 1446 ο
3511 1417 3614 1469 οὐκ
3641 1419 3706 1469 ἐκ
3736 1415 3832 1468 τοῦ

2244 1503 2524 1574 συναίρειν
2557 1504 2714 1574 λόγον
2748 1505 2876 1576 περὶ
2926 1505 3186 1558 εἰκόνων·
3231 1506 3346 1560 ἀλλ’
3389 1509 3454 1560 ἐκ
3501 1507 3598 1560 τοῦ
3628 1508 3831 1576 ἀγαθο-

2242 1595 2418 1646 ποιεῖν
2450 1595 2616 1664 τυχόν
2636 1610 2648 1622 ·
2675 1594 2770 1648 τοῦ
2808 1613 2864 1648 τε
2898 1595 3087 1662 φιλικά
3117 1595 3325 1666 ὁμιλεῖν
3360 1597 3454 1650 καὶ
3480 1597 3833 1650 ἀνατίθεσθαι

2240 1683 2370 1747 τοὺς
2397 1683 2500 1754 τῆς
2533 1684 2792 1756 ὲξαρχίας
2831 1685 3024 1753 λόγους
3072 1685 3210 1751 (ἐπὶ
3255 1686 3366 1755 γὰρ
3397 1685 3506 1738 τῶν
3542 1687 3709 1738 πέντε
3735 1685 3836 1738 Θε-

556 1778 728 1830 rendo
760 1775 1153 1846 (Thematibus
1205 1778 1350 1833 enim
1408 1778 1656 1847 quinque
1691 1776 1976 1848 praefectus
2006 1778 2136 1848 est)1

2254 1777 2441 1846 μάτων
2485 1777 2775 1846 τέθειται),
2812 1779 2906 1832 καὶ
2946 1778 3056 1849 μὴν
3104 1778 3200 1830 καὶ
3245 1778 3316 1831 τὰ
3356 1777 3450 1830 τοῦ
3500 1778 3836 1849 κρατοῦντος

556 1870 691 1939 quin
723 1880 778 1923 et
818 1871 1204 1940 imperatorem
1261 1870 1462 1924 divinis
1516 1869 1774 1924 laudibus
1808 1868 2138 1923 extollendo.

558 1960 744 2023 Venit,
785 1959 1109 2029 hujustnodi
1168 1961 1444 2030 colloquia
1501 1969 1685 2014 movet
1716 1977 1730 2012 :
1761 1969 1835 2021 et,
1888 1959 2032 2026 quod
2075 1974 2142 2012 ne

557 2051 728 2108 semel
779 2053 998 2122 quidem
1044 2053 1247 2108 fecerat
1283 2052 1338 2106 in
1389 2066 1628 2116 carcere,
1666 2061 1854 2120 potum
1890 2049 2138 2121 praebuit.

555 2143 763 2198 Anxius
790 2145 996 2214 accepi,
1029 2145 1176 2199 ebibi
1197 2153 1280 2198 ter
1309 2143 1626 2214 obsignans,
1663 2141 1863 2198 factum
1891 2142 2138 2197 extimui.

557 2233 710 2290 Vah!
748 2235 916 2291 Paulo
959 2245 1081 2307 post
1125 2239 1264 2292 clam
1325 2237 1570 2294 abducit.
1619 2237 1782 2307 lnjeci
1830 2250 2138 2290 sermonem

555 2328 624 2384 de
649 2329 894 2385 veritate.
946 2327 1285 2384 lncitabatur
1317 2340 1372 2384 et
1401 2330 1512 2384 ille.
1549 2328 1850 2384 Sententiis
1881 2329 2021 2381 ultro
2067 2325 2146 2379 ci-

556 2426 754 2490 troque
791 2421 1224 2490 depugnavimus
1256 2438 1272 2488 ;
1310 2421 1404 2476 illo
1433 2421 1651 2491 quidem
1691 2421 1850 2491 pleno
1879 2435 1976 2473 ore
2011 2417 2144 2472 ridi-

555 2512 676 2566 cule
736 2511 1032 2576 effutiente,
1078 2527 1166 2568 tne
1226 2527 1358 2567 vero
1421 2513 1652 2567 remisse
1705 2512 1758 2565 in
1808 2510 2138 2581 quibusdam

554 2605 884 2673 procedente
917 2624 930 2660 :
961 2620 1026 2660 eo
1051 2605 1198 2674 quod
1222 2606 1289 2660 ad
1316 2606 1704 2675 imperatorem
1739 2605 1986 2658 tenderet
2015 2617 2138 2656 ser-

556 2713 668 2763 mo,
709 2708 761 2753 ct
823 2714 891 2754 ne
941 2715 1066 2754 cum
1094 2699 1332 2754 tumultu
1368 2700 1808 2769 sejungeremur.
1843 2697 2138 2766 Postquam

557 2806 692 2845 sane
723 2791 1157 2861 propositionem
1207 2807 1384 2848 meam
1426 2801 1483 2847 et
1523 2791 1638 2861 ipse
1665 2791 1862 2856 objeci,
1895 2805 2002 2842 non
2044 2789 2140 2841 lia-

556 2883 677 2940 buit
706 2887 850 2955 quod
883 2887 1252 2955 responderet.
1305 2887 1367 2941 Et
1400 2886 1512 2940 dixi
1549 2903 1562 2939 :
1597 2886 1857 2952 Quaenam
1889 2894 1974 2938 est
2023 2883 2139 2938 haec

557 2978 892 3047 blasphemia
915 2980 937 3031 i
962 2977 1120 3058 Pater
1138 2990 1194 3033 et
1219 2977 1454 3047 Spiritus
1487 2978 1966 3034 communicarunt
1987 2976 2039 3030 in
2073 2976 2138 3030 iis

556 3082 680 3135 qua:
709 3065 965 3121 Christus
999 3067 1316 3123 humanitus
1353 3068 1546 3137 gessit,
1583 3068 1814 3122 annon?
1846 3069 1913 3122 Et
1934 3067 2022 3122 ille
2044 3082 2140 3121 an-

2245 1869 2572 1934 ὲκθειάζειν.
2605 1863 2805 1935 Ἦκεν,
2861 1870 3082 1941 ἐκίνησε
3128 1871 3229 1934 τὰς
3275 1869 3536 1930 τοιαύτας
3575 1870 3832 1940 ὁμιλίαν

2242 1961 2324 2013 ἐτι
2369 1960 2398 2013 ὃ
2440 1962 2551 2014 οὐδ’
2596 1960 2744 2026 ἅπαξ
2788 1962 3046 2031 ἐποίησεν
3087 1962 3145 2015 ὲν
3179 1965 3246 2034 τῇ
3296 1961 3537 2032 φυλακῇ,
3587 1962 3834 2015 ἐπέδωκε

2244 2055 2416 2106 πιεῖν.
2447 2054 2684 2109 Ἔλαὸον
2718 2055 2963 2124 δαχθείςο
3004 2054 3158 2108 ἔπιον
3190 2055 3654 2126 κατασφραγέσας
3677 2054 3831 2123 τρίς-

2241 2146 2515 2216 ἐφοϐήθην
2541 2147 2604 2200 τὸ
2629 2147 2834 2217 δρξρὶμα.
2884 2147 3032 2202 υύάί
3063 2149 3222 2202 Κατά
3249 2147 3447 2220 βραχὺ,
3489 2147 3837 2218 ἀνεπαισθή-

2241 2253 2350 2300 τως
2376 2239 2655 2309 κατασπᾷ.
2685 2239 2902 2309 Συνῆρα
2925 2238 3083 2306 λόγον
3112 2240 3241 2310 περὶ
3265 2239 3542 2309 ἀληθείας.
3564 2239 3836 2310 Ὠτρύνθη

2243 2332 2518 2393 κάκεῖνος.
2539 2331 3033 2402 Ἀντετοξεύσαμεν
3054 2332 3314 2401 χρήσεσιν
3339 2332 3604 2403 ἀλλήλους
3625 2349 3639 2362 ·
3662 2332 3836 2385 αὐτοῦ

2245 2423 2342 2493 μὲν
2373 2425 2904 2494 ἀποστοματίῖοντος
2954 2425 3350 2496 χλευαστικῶς,
3385 2425 3567 2495 κάμοῦ
3596 2426 3836 2496 ὑφειμέ-

2242 2532 2348 2578 νως
2401 2516 2699 2586 ἐρχομένου
2734 2515 2792 2569 ἔν
2824 2532 2973 2569 τισι·
3023 2517 3112 2570 διὰ
3158 2516 3220 2569 τὸ
3269 2515 3662 2570 ἀποτείνασθαι
3702 2516 3836 2579 τοὺς
3866 2525 3880 2542 ⁶

2239 2606 2434 2675 λόγους
2464 2609 2602 2679 πρὸς
2629 2612 2721 2661 τὸν
2757 2608 2983 2679 βασιλέα
3006 2627 3020 2642 ’
3055 2609 3150 2662 καὶ
3190 2609 3252 2662 τὸ
3299 2610 3374 2680 μὴ
3408 2611 3619 2680 ταραχῇ
3660 2626 3837 2661 κατα-

2239 2699 2522 2770 διαστῆναι
2551 2699 2816 2770 ἀλλήλων.
2871 2700 3092 2772 Ἐπειδὴ
3123 2701 3220 2754 καὶ
3251 2701 3515 2771 πρότασίν
3549 2717 3652 2770 μου
3691 2716 3828 2768 προ-

2239 2790 2516 2854 τείναντος
2544 2792 2816 2862 ἠπόρησε.
2849 2793 2956 2845 Καὶ
2978 2785 3153 2844 εἶπον·
3181 2792 3513 2861 Βλασφημία
3535 2791 3620 2853 τίς
3649 2789 3831 2859 αῦτης

2251 2882 2307 2934 '0
2342 2881 2531 2953 Πατὴρ
2561 2885 2658 2936 καὶ
2686 2884 2748 2937 τὸ
2784 2883 3011 2955 Πνεῦμα
3035 2884 3436 2954 κεκοινώνηκεν
3467 2886 3525 2937 ὲν
3553 2879 3638 2946 οἷς
3665 2884 3833 2954 ἐδρα-

2242 2990 2331 3026 σεν
2362 2974 2721 3045 ἀνθρωπίνως
2738 2979 2766 3029 ὁ
2783 2977 3040 3046 Χριστὸς,
3059 2979 3147 3031 ναὶ
3169 2977 3200 3048 ἢ
3232 2976 3292 3030 οὗ
3316 2977 3404 3041 ;’0
3425 2976 3480 3028 δὲ
3508 2977 3829 3038 κατένευσε,

2238 3067 2333 3120 καὶ
2354 3067 2714 3140 διισχυρίζετο
2734 3067 2909 3132 οὕτως
2936 3070 3102 3140 ἔχειν.
3131 3070 3232 3123 Διά
3253 3087 3335 3122 τοι
3357 3069 3530 3122 ταῦτα
3555 3071 3585 3139 ἡ
3609 3068 3705 3137 ῦφε
3716 3085 3828 3131 σις,

554 3158 695 3222 nuit,
735 3169 786 3214 et
813 3159 1104 3215 afﬁrmavit
1132 3161 1205 3215 ita
1240 3176 1352 3214 rem
1385 3161 1607 3215 habere.
1643 3160 1869 3230 Propter
1899 3163 2014 3216 haec
2040 3175 2131 3214 re-

2242 3158 2392 3229 καὶή
2425 3157 2502 3223 ὼς
2540 3163 2598 3213 ὲν
2634 3160 2786 3234 μάχῃ
2828 3161 3129 3226 διάστασις.
3173 3162 3232 3215 ’0
3256 3162 3308 3215 δὲ
3335 3161 3588 3228 ἐξελθὼν,
3625 3161 3830 3231 φησίν⁸

561 3252 736 3308 missa
787 3254 1092 3319 contentio,
1123 3263 1179 3308 et
1224 3255 1380 3324 quasi
1411 3270 1442 3308 a
1474 3269 1653 3324 pugna
1691 3255 1995 3309 discessum
2030 3261 2132 3308 est.

555 3346 627 3398 At
677 3345 764 3398 ille
801 3346 1084 3400 discedens
1118 3363 1131 3399 :
1171 3347 1246 3399 lta
1298 3347 1581 3415 putabam,
1629 3345 1826 3415 inquit,
1857 3346 2005 3399 hunc
2034 3360 2130 3415 pe-

557 3435 708 3488 nitus
763 3434 898 3488 nihil
953 3436 1136 3490 scire:
1169 3435 1262 3489 sed
1315 3445 1369 3489 et
1415 3437 1685 3505 elinguem
1738 3451 1861 3490 eum
1902 3435 2130 3490 reddidi.

557 3520 671 3590 Ego
701 3537 829 3575 vero
857 3538 1046 3576 noram
1073 3523 1289 3591 quidem
1329 3523 1480 3576 illum
1507 3524 1719 3576 ratione
1749 3534 2050 3588 carentem,
2078 3533 2134 3578 et

557 3627 724 3682 quam
768 3613 1003 3667 maxime
1053 3613 1266 3667 fatuum
1307 3631 1431 3668 cum
1471 3615 1771 3684 impietate.
1811 3613 1990 3670 Unum
2034 3631 2134 3669 au-

557 3714 666 3759 tem
697 3705 944 3774 quaesivi,
976 3715 1034 3758 ut
1063 3705 1340 3760 lit-tionem
1367 3708 1719 3774 deponerem,
1744 3716 1795 3762 et
1823 3707 1984 3760 aliam
2019 3721 2140 3776 per-

555 3810 746 3851 sonam
779 3812 1018 3867 agerem,
1047 3799 1258 3866 qualem
1289 3798 1443 3853 decet
1491 3799 1756 3853 adversus
1805 3797 1998 3853 ducem
2031 3799 2136 3852 im-

552 3889 773 3958 pietatis
804 3906 818 3942 :
852 3889 979 3959 quia
1011 3889 1166 3944 nefas
1195 3899 1280 3944 est
1309 3900 1434 3945 ante
1483 3905 1685 3959 porcos
1740 3895 1956 3944 mittere
1990 3905 2136 3944 tuar-

553 3981 755 4050 garitas
790 3980 856 4032 ⁷³.
897 3979 1032 4036 llinc
1082 3996 1273 4052 magna
1325 3983 1590 4036 custodiae
1637 3997 1791 4046 cura,
1821 3991 1875 4036 et
1909 3981 2135 4036 interdi-

552 4081 700 4126 ctum
739 4086 808 4126 ne
853 4071 1125 4126 hominem
1162 4073 1333 4126 ullum
1367 4073 1650 4128 videamus
1683 4091 1696 4126 :
1731 4073 1948 4128 tametsi
1980 4073 2138 4127 aliter

551 4163 826 4232 dispenset
869 4162 1031 4218 Deus.
1091 4161 1214 4218 Haec
1258 4164 1384 4218 licet
1426 4181 1517 4233 per
1578 4165 2005 4235 digressionem,
2040 4180 2137 4218 ne-

2252 3248 2502 3302 Ἐδόκουν
2529 3251 2613 3303 ὅτι
2643 3251 2764 3321 ᾔδει
2795 3268 2850 3304 τι
2878 3251 2988 3305 οὐδ’
3018 3251 3155 3316 ὅλως
3174 3267 3190 3280 °
3221 3250 3359 3305 ἀλλὰ
3387 3251 3479 3304 καὶ
3511 3251 3833 3319 ἀπεστομά-

2239 3359 2367 3395 τισα
2415 3343 2600 3397 αὐτόν.
2653 3343 2796 3411 Ἐγὼ
2844 3345 2902 3398 δὲ
2947 3345 3122 3414 ἔγνων
3175 3344 3276 3414 μὲν
3321 3345 3480 3398 αὐτὸν
3513 3343 3702 3411 ἄλογον
3743 3343 3833 3396 ὅτι

2244 3433 2480 3504 μάλιστα
2513 3436 2610 3487 σὺν
2644 3436 3002 3506 ἀσεϐεία.“Εν
3027 3437 3084 3488 δὲ
3119 3436 3381 3504 ἐζήτησα,
3414 3437 3510 3505 τὴν
3538 3436 3833 3502 ὑπόκρισιν

2233 3526 2538 3580 ἀποθέσθαι
2568 3544 2657 3596 με,
2688 3530 2778 3580 καὶ
2810 3528 2940 3582 ἄλλο
2973 3529 3267 3599 πρόσωπον
3309 3527 3600 3590 ἐπιδεῖξαιο
3632 3525 3706 3589 ὡς
3749 3526 3834 3578 δεῖ

2237 3616 2374 3688 πρὸς
2405 3617 2756 3688 ἀσεϐἀρχην’
2808 3620 2933 3672 ἐπεὶ
2979 3619 3040 3672 ού
3077 3618 3300 3688 Θεμιτὸν
3342 3620 3422 3680 εἰς
3471 3617 3570 3679 ῦας
3608 3616 3831 3686 βάλλειν

2233 3709 2361 3770 τοὺς
2390 3709 2763 3778 μαργαρίτας.
2807 3709 3148 3780 Ἐντεῦθενή
3194 3708 3367 3779 πολλὴ
3395 3708 3687 3777 ἀσφάλεια,
3731 3709 3833 3760 καὶ

2237 3800 2586 3869 παραγγελία
2619 3801 2713 3855 τοῦ
2748 3802 2824 3874 μὴ
2852 3804 2980 3856 ίδείν
3006 3805 3154 3873 ἡμᾶς
3184 3803 3490 3876 ἄνθρωπον,
3521 3801 3624 3854 κᾶν
3651 3800 3833 3862 ἄλλως

2241 3895 2501 3968 οἰκονομῇ
2552 3899 2706 3962 Θεός.
2757 3897 2947 3951 Ταῦτα
2996 3900 3046 3951 εί
3100 3899 3194 3952 καὶ
3243 3896 3830 3968 παρεκδατικώτερον.

2241 3984 2391 4053 ὅμως
2420 3987 2734 4055 ἀναγκαίως
2764 3987 3015 4059 εἴρηται’
3043 3989 3178 4060 πρὸς
3211 3989 3272 4041 τὸ
3307 3987 3527 4060 Θερμῶς
3555 3985 3833 4040 αἰτεῖσθαί

2243 4091 2304 4127 σε
2332 4076 2598 4147 ρυσθῆναι
2629 4081 2778 4149 ἡμᾶς
2813 4080 2919 4132 ἀπὸ
2951 4081 3052 4150 τῆς
3085 4080 3308 4151 ἐνέδρας
3334 4080 3428 4133 τοῦ
3465 4078 3723 4142 ἀσεϐοῦς.
3771 4079 3831 4128 '0

2244 4167 2475 4236 ἀδελφός
2505 4187 2598 4225 σου
2624 4177 3026 4242 προσαγορεύει
3054 4188 3136 4225 σε.

552 4255 794 4310 cessarit)
852 4264 1034 4310 tamen
1063 4255 1204 4310 dicta
1244 4266 1394 4320 sunt,
1438 4273 1549 4328 quo
1586 4259 1746 4314 enixe
1815 4259 2058 4327 postules
2111 4267 2172 4312 ut
2212 4259 2282 4314 ab
2315 4261 2469 4331 impii
2511 4263 2730 4319 insidiis
2793 4265 3110 4320 liberemur.
3145 4261 3336 4320 Frater
3364 4275 3491 4317 tuus
3528 4261 3626 4316 tibi
3683 4262 3831 4316 salu-

551 4363 658 4408 tem
691 4349 843 4404 dicit.

1121 4460 1221 4510 Pro
1250 4459 1446 4512 Christo
1465 4467 1718 4512 certantes
1739 4461 1974 4526 praedicat
2005 4465 2359 4525 conﬁrmatque
2383 4465 2642 4525 proposito
2674 4471 2945 4525 martyrum
2969 4464 3220 4527 exemplo.

621 4644 809 4703 LXIV.
843 4647 1146 4701 Theodorus
1181 4661 1424 4718 peccator
1463 4654 1770 4718 monac/tus,
1797 4656 2131 4723 spiritalibus

544 4735 672 4787 meis
695 4733 946 4788 Patribns
968 4753 1029 4788 ac
1046 4737 1306 4804 fratribus
1321 4740 1412 4807 qui
1431 4743 1653 4808 confessi
1670 4755 1810 4807 sunt,
1831 4745 2132 4799 decertant-

544 4843 643 4893 que
692 4828 748 4880 in
803 4831 1104 4883 carceribus
1135 4846 1154 4884 :
1185 4846 1407 4900 quarunt
1466 4833 1678 4888 nomina
1730 4849 1851 4892 sunt
1890 4841 1946 4892 in
1992 4841 2127 4895 libro

543 4931 689 4972 t‘llw.

619 5050 718 5106 Ubi
763 5055 966 5123 accepi,
1004 5071 1036 5109 ο
1064 5057 1542 5124 ἁρείιιργιιιίεεὶηιί,
1586 5064 1961 5120 testimonium
1998 5070 2116 5124 cxi-

542 5143 664 5195 mia:
721 5155 914 5198 vestra:
966 5148 1328 5204 confessionis
1381 5167 1478 5220 pro
1535 5152 1800 5219 Christo;
1839 5158 1892 5210 in
1931 5157 2121 5215 laudes

540 5235 694 5304 crnpi
731 5253 744 5289 :
786 5236 1081 5306 gloriﬁcavi
1127 5237 1292 5294 Deum
1349 5245 1440 5312 qui
1479 5259 1574 5297 vos
1605 5261 1665 5298 ex
1699 5248 1985 5317 peregrina
2037 5266 2125 5304 reo

540 5333 703 5398 gione
736 5333 787 5383 in
830 5333 1032 5399 regiam
1088 5333 1364 5388 civitatem
1406 5339 1640 5402 vocavit,
1685 5349 1944 5409 tauquam
1991 5357 2121 5397 oves

537 5421 856 5488 rationales,
888 5421 956 5476 ad
991 5423 1430 5493 profundendum
1463 5430 1781 5498 sanguinem
1813 5431 1864 5484 in
1895 5435 2116 5488 odoren't

535 5513 821 5568 sitavitatis
864 5513 969 5586 ipsi
997 5535 1011 5572 :
1037 5526 1291 5588 tanquam
1329 5519 1503 5573 lucem
1531 5536 1721 5573 eortim
1757 5523 1850 5591 qui
1888 5525 1938 5578 in
1969 5534 2119 5580 tene-

537 5604 654 5661 bris
685 5607 950 5665 dimicant
979 5610 1245 5669 haereticae
1267 5612 1516 5684 caliginis
1541 5615 1553 5668 !
1587 5613 1895 5672 incredibili
1924 5619 2118 5676 deinde

601 5763 649 5799 ”
674 5763 865 5824 Matth.
908 5784 1002 5832 ιιι,
1035 5769 1089 5838 6.

2237 4659 2341 4714 ΞΔ.
2383 4690 2452 4700 —
2510 4661 2810 4730 Θεόδωρος
2865 4665 2900 4714 d
2945 4661 3297 4730 ἁμαρτωλὸς
3330 4663 3644 4730 μονηχύς,
3703 4661 3826 4728 τοῖς

2304 4754 2729 4823 πνευματικοῖς
2758 4773 2874 4822 μου
2905 4755 3175 4824 Πατρὰσι
3209 4757 3309 4808 καὶ
3342 4756 3659 4823 ἀδελφοῖς,
3687 4760 3826 4822 ὀμο-

2299 4847 2626 4916 λογήσασι,
2661 4849 2757 4900 καὶ
2789 4849 3160 4902 ἐναθλοῦσιν
3187 4850 3256 4901 ἑν
3292 4849 3558 4917 εἱρκταῖς
3580 4867 3593 4880 ·
3638 4843 3726 4902 ὧι·
3751 4851 3824 4902 τὰ

2302 4940 2565 5006 ὀνόματα
2587 4940 2657 4991 ἐν
2675 4940 2874 5006 ,βίϐλῳ
2901 4941 3072 5009 ζωῆς.
3103 4942 3290 5016 [υλη’.]

2309 5071 2611 5144 Ἀκηκοὼς,
2648 5068 2692 5126 ὦ
2721 5075 3062 5146 τριπόθητοι,
3092 5077 3152 5130 τὸ
3181 5078 3482 5148 μαρτύριον
3515 5078 3616 5147 τῆς
3648 5077 3823 5142 καλῆς

2222 5161 2378 5232 ὑμῶν
2413 5163 2708 5233 ὁμολογίας
2757 5168 2896 5237 ὑπὲρ
2944 5169 3225 5238 Χριστοῦ,
3279 5169 3542 5241 ὕμνησα·
3591 5171 3820 5233 ἐδόξασα

2221 5254 2314 5307 τὸν
2342 5257 2474 5307 Θεὸν
2522 5259 2612 5308 τὸν
2645 5258 2951 5313 καλέσαντα
2977 5263 3123 5329 ὑμᾶς
3158 5264 3221 5313 ἑκ
3264 5265 3364 5330 τῆς
3410 5263 3714 5331 ἀλλοδαπῆς
3755 5264 3818 5314 ὲν

2220 5353 2286 5421 τῇ
2321 5349 2555 5418 βασιλίδι
2585 5349 2694 5403 τῶν
2722 5351 2954 5416 πόλεων,
2982 5355 3145 5405 οἱονεὶ
3171 5355 3342 5424 ἄρνας
3376 5355 3646 5420 λογικοὺς,
3665 5350 3816 5421 αἷμα

2226 5441 2460 5494 κενῶσαι
2492 5443 2572 5504 εἰς
2594 5442 2770 5513 ὀσμὴν
2798 5443 3025 5505 εὐωδίας
3049 5444 3198 5514 αὐτῷ
3219 5462 3232 5475 ο
3257 5445 3373 5513 φῶς
3398 5446 3509 5497 τῶν
3538 5448 3592 5497 ἐν
3623 5447 3814 5498 σκδτει

2224 5532 2324 5601 τῆς
2355 5533 2644 5603 αἱρετικῆς
2683 5535 3076 5604 νυκτομαχίας.
3119 5533 3253 5590 Εἶτα
3302 5538 3571 5608 ἐπιθυμία
3606 5539 3816 5590 ἐπεθύ-

2226 5641 2375 5698 μησα
2407 5629 2434 5680 ὁ
2457 5627 2718 5690 ταπεινὲς
2758 5628 2882 5682 ἰδεῖν
2912 5631 3060 5701 ὑμᾶς
3086 5635 3213 5694 τοὺς
3243 5631 3506 5703 ἀθλητὰς,
3527 5634 3614 5685 καὶ
3645 5647 3811 5702 περιο
