4054 6364
198 266 334 334 1285

1399 274 1942 339 EPISTOLARUM
1981 276 2130 339 LIB.
2170 275 2249 338 II.

3315 277 3457 343 1286

194 373 500 441 πτύξασθαι
526 373 629 431 ἕνα
654 375 778 432 καθ’
827 377 946 446 ἕνα,
981 378 1133 453 πόθῳ
1172 380 1425 455 διαπύρῳ
1452 383 1766 455 ἑλκόμενος.

1876 385 2176 456 cupiditate
2195 381 2380 439 exarsi
2405 396 2506 455 ego
2533 370 2786 447 humilis,
2815 399 2911 442 vos
2938 384 3173 443 athletas
3188 385 3457 454 intuendi,

208 466 348 524 Ἀλλ’
387 468 575 541 ἐπειδὴ
623 468 786 524 τοῦτο
837 474 1169 543 σωματικῶς
1211 474 1505 531 ἀδύνατον
1547 475 1638 531 διὰ
1672 477 1771 532 τοῦ

193 559 517 635 γράμματος
545 562 838 633 ἀρπαγείς,
864 565 961 618 καὶ
990 564 1155 636 μέσος
1179 564 1375 630 ἑστὼς,
1405 566 1502 621 καί
1531 568 1773 635 ἀσπάζο-

198 670 294 724 μαι
319 652 388 707 τά
412 651 545 723 am
577 653 731 725 ὑμῶν
756 655 899 727 ἴχνη,
931 673 1006 710 κα
1017 658 1047 709 ἰ·
1070 657 1215 727 φιλῶ
1240 657 1511 730 φλιήματι
1536 659 1677 732 ἁγίῳ
1702 660 1774 715 τά

196 745 317 819 ἰερὰ
355 745 510 817 ὑμῶν
540 745 922 819 πρόσωπα.*Ω
946 749 1106 803 καλοί
1135 750 1472 821 στρατιῶται
1505 751 1769 822 Χριστοῦ,

193 838 269 904 ὡς
305 839 400 895 ἀπ’
430 839 688 910 οὐρανίου
718 840 1110 913 στρατολογίας
1140 843 1472 914 κεκλημένοι
1493 859 1506 874 ⁸
1538 838 1584 899 ὧ
1612 845 1775 900 ἀστέ-

195 948 287 1004 ρες
314 933 524 1002 φαεινοὶ
555 932 616 986 ὲν
646 934 804 987 νυκτὶ
842 934 1101 999 ἀσεϐείας
1132 935 1521 1006 διαυγάζοντες
1549 937 1770 1011 ὀρθοδο-

193 1025 344 1091 ξίανί
391 1024 532 1096 ὑπὲρ
569 1026 795 1096 χρυσίον
838 1025 1307 1100 τιμαλφέστεροι,
1358 1028 1501 1101 ὑπὲρ
1552 1030 1771 1102 σμάραο

190 1118 321 1187 γδον
369 1120 462 1173 καὶ
508 1120 794 1192 μάργαρον
839 1121 1313 1193 ἑκλαμπρότεροιί
1354 1121 1575 1186 Πολλοῖς
1626 1123 1771 1195 ὑμᾶς

190 1206 418 1278 ὀνόμασι
439 1209 807 1280 καταστέφειν
836 1209 1134 1280 ἀξιολόγως
1166 1212 1475 1285 ἐφιέμενος,
1509 1213 1571 1267 οὐ
1594 1229 1774 1283 παρα-

191 1298 371 1371 χωροῦ
379 1316 475 1370 μαι
490 1298 569 1371 τῷ
598 1301 784 1373 μέτρῳ
804 1305 902 1374 τῆς
927 1303 1218 1376 ἐπιστολῆς
1236 1306 1573 1380 στενοχωρού
1583 1324 1767 1379 μενος.

205 1389 318 1446 Ἑνὶ
362 1392 420 1447 δὲ
468 1391 615 1465 λόγῳ
660 1393 724 1447 τὸ
768 1394 879 1447 πᾶν
928 1394 1241 1466 περιλαϐὼν
1283 1395 1499 1469 λέγοιμι
1520 1413 1536 1430 ⁸
1577 1399 1659 1453 ὅτι
1708 1398 1772 1453 τὸ

194 1476 497 1557 μαρτύριον
541 1484 699 1556 ὑμῶν
739 1485 1048 1541 ἰσοστάσιον
1089 1489 1204 1552 τοῖς
1248 1488 1363 1544 ἀνω
1411 1490 1767 1562 μαρτυρίοις·

192 1577 426 1649 ἐπείπερ
472 1578 764 1649 τηλαυγῶς
807 1579 1044 1652 Χριστὸν
1089 1580 1345 1652 ὁμολογεῖ
1386 1585 1416 1636 6
1448 1583 1548 1655 τὴν
1584 1584 1770 1639 εἰκόνα

192 1670 435 1742 Χριστοῦ
477 1670 756 1742 ὁμολογῶν
808 1671 1060 1745 δέχεσθαι
1080 1689 1096 1704 ·
1123 1673 1199 1738 ὡς
1227 1673 1408 1729 καὶτὸ
1454 1678 1555 1747 τῆς
1596 1677 1770 1748 ἀρνή-

195 1780 336 1827 σεως
363 1762 497 1835 ἔχει.
543 1763 611 1817 Ἦ
648 1764 754 1837 γὰρ
780 1767 881 1836 τῆς
917 1765 1129 1830 εἰκόνος
1155 1768 1290 1838 τιμὴ
1329 1767 1426 1821 ὲπί
1462 1768 1524 1823 τδ
1554 1770 1770 1841 πρωτό·

187 1869 359 1906 τυπον
390 1853 698 1919 ἀναϐαίνει,
729 1855 807 1919 ὡς
841 1857 871 1910 6
898 1856 1071 1926 μέγας
1098 1857 1382 1921 Βασίλειος
1405 1858 1509 1931 ἔφη
1530 1876 1545 1891 ·
1578 1861 1674 1915 καί
1709 1861 1772 1916 τὸ

186 1946 499 2016 ἀρχέτυπον
528 1946 585 1998 ὲν
624 1948 690 2018 τῇ
727 1947 898 2001 εἰκόνι
935 1947 1277 2018 ὲκφαίνεται,
1333 1949 1411 2015 ὡς
1455 1947 1613 2017 αὖθις
1645 1955 1771 2007 Διο-

187 2036 375 2102 νύσιος
407 2038 437 2091 ὀ
474 2036 751 2108 πάνσοφος
799 2033 944 2094 εἶπε.
979 2041 1090 2094 Καὶ
1119 2041 1245 2095 ἐπεὶ
1289 2042 1527 2113 Χριστὸς
1557 2043 1772 2116 ἀνθρω-

187 2146 289 2192 πος
325 2130 574 2198 τέλειος,
629 2130 800 2203 μηδὲν
845 2131 1180 2199 ἐκλελοιπὼς
1223 2134 1337 2189 τῶν
1362 2137 1420 2191 ἰν
1463 2137 1773 2209 ἀνθρώποις

189 2220 616 2293 θεωρουμένων·
637 2221 752 2294 ἔχει
782 2223 842 2277 τδ
872 2222 1300 2290 ὲξεικονίζεσθαι
1321 2227 1399 2292 ὡς
1418 2229 1528 2291 πᾶς
1555 2229 1773 2302 ἀνθρω-

188 2331 291 2379 πος
312 2329 329 2346 ·
376 2313 568 2385 ὥσπερ
600 2312 714 2385 ἔχει
755 2313 817 2368 to
868 2314 944 2387 μὴ
978 2317 1422 2389 περιγράφεσθαι
1448 2358 1465 2384 ,
1505 2319 1642 2374 καθὸ
1678 2319 1776 2375 καὶ

187 2402 325 2468 Θεδς
352 2404 381 2458 6
411 2390 575 2468 αὖτδς
606 2404 834 2470 τέλειος.
867 2406 932 2459 Εἰ
977 2406 1023 2460 δ’
1061 2408 1163 2461 οὐκ
1208 2410 1545 2481 ὲγγράφοιτο
1582 2428 1776 2482 σωμα-

170 2495 330 2567 ιτικῷ
368 2496 682 2569 χαρακτῆρι
704 2536 721 2560 ,
756 2496 982 2552 οὐτίπου
1031 2498 1339 2571 ἄνθρωπος.
1394 2503 1633 2573 Σημείον
1666 2503 1777 2576 γάρ

187 2589 413 2662 πρῶτον
442 2590 538 2644 καὶ
569 2590 771 2662 ἀληθὲς
818 2592 901 2646 ὅτι
933 2591 1222 2665 ἄνθρωπος
1243 2635 1261 2661 ,
1292 2596 1342 2650 εἰ
1392 2594 1771 2662 ὲξεικόνισται.

186 2683 301 2738 Καὶ
327 2681 482 2737 οὔπω
506 2683 639 2755 περί
669 2685 772 2754 τῆς
802 2683 1093 2758 δεσποίνης
1128 2687 1226 2741 τοῦ
1256 2689 1459 2753 παντὸς
1485 2689 1776 2758 Θεοτόκου,

186 2778 281 2831 καὶ
308 2775 450 2829 ὅλων
484 2774 785 2849 συλλήϐδην
816 2776 927 2831 τῶν
963 2777 1137 2847 ἁγίων
1156 2794 1171 2809 '
1202 2772 1279 2834 ὧν
1306 2780 1570 2854 ἀθέτησις
1596 2783 1630 2854 ἡ
1668 2782 1778 2839 τῶν

188 2866 412 2921 σεπτῶν
445 2866 627 2921 αὐτῶν
658 2868 888 2923 εἰκόνων
933 2869 1238 2942 ἀναίρεσις.
1296 2872 1440 2927 Ἀλλ’
1490 2875 1520 2927 6
1577 2873 1778 2928 συνιὼν

188 2960 371 3014 συνιεῖ
393 2975 408 2992 ο
445 2959 540 3013 καί
571 2960 601 3012 6
626 2959 838 3016 ἀθετῶν
884 2962 1072 3017 ἀθετεῖ
1099 2963 1364 3036 ὀλεθρίως
1383 2980 1401 2998 ⁸
1431 2969 1546 3030 τοῖς
1578 2966 1782 3035 λογίοις

185 3053 719 3125 ἀντιφθεγγόμενος.
753 3056 864 3111 Καὶ
896 3059 930 3129 ὴ
961 3056 1183 3122 ἐξουσία
1205 3059 1311 3131 δρᾷ
1329 3060 1417 3114 ἀεὶ
1439 3060 1781 3127 ὲξουσιαστι-

188 3147 345 3213 κῶς·
381 3149 475 3202 καῖ
517 3149 570 3203 oi.
621 3147 720 3204 τοῦ
766 3148 903 3205 Θεοῦ
943 3149 1140 3220 ὀλίγοι,
1179 3152 1231 3204 εί
1274 3151 1370 3205 καὶ
1408 3151 1613 3216 πάντες
1642 3151 1782 3206 πλά-

190 3254 416 3310 σματα·
450 3239 547 3293 καὶ
570 3239 729 3306 τέλος
759 3243 827 3314 τῇ
862 3241 1145 3315 θεοκλήτῳ
1166 3243 1346 3315 πέτρᾳ
1367 3242 1576 3298 ἀνωθεν
1600 3244 1695 3297 καὶ
1720 3242 1784 3310 ἐξ

186 3331 373 3402 ἀρχῆς
421 3330 589 3386 πύλαι
636 3331 765 3404 ᾆδον
809 3334 1295 3405 προσρήτνυνταιο
1355 3334 1474 3391 ἀλλ’
1529 3334 1782 3408 οὐδαμῶς

188 3423 561 3492 κατίσχυσαν,
593 3423 702 3477 οὐδ’
731 3423 800 3478 ἂν
832 3425 1244 3495 κατισχύσωσιν
1282 3425 1451 3497 αὐτῆς
1472 3442 1486 3457 ·
1517 3426 1593 3491 ὡς
1620 3430 1655 3500 ὴ
1684 3426 1781 3482 τοῦ

187 3513 465 3584 ἀψευδοῦς
498 3515 817 3587 ὑπόσχεσις.
845 3516 958 3583 Διὸ,
988 3518 1234 3588 Πατέρες
1265 3535 1369 3590 μου
1402 3519 1500 3573 καὶ
1540 3520 1782 3591 ἀδελφοὶ,

186 3606 454 3675 στήκετε
482 3607 555 3663 ἐν
587 3607 661 3679 τῇ
710 3609 914 3665 πίστει
931 3649 947 3675 ,
981 3608 1354 3679 ἀνδρίζεσθε,
1393 3613 1787 3681 κραταιοῦσθε

186 3698 259 3754 ἐν
306 3701 535 3769 Κυρίῳ.
574 3701 642 3758 Ol
687 3701 842 3775 χοροὶ
881 3700 993 3757 τῶν
1028 3702 1324 3773 μαρτύρων
1375 3704 1512 3776 πρὸς
1558 3706 1788 3770 ἑαυτοὺς

187 3789 343 3863 ὑμᾶς
369 3790 734 3860 ὲγκαλοῦνται
753 3808 768 3822 ·
785 3792 899 3847 τῶν
926 3792 1278 3864 ὁμολογητῶν
1304 3793 1788 3858 ὡσαύτως.Ταῦτα

187 3882 266 3948 ὡς
292 3886 362 3941 ἓν
390 3883 620 3955 ὀλίγοις.
678 3885 1049 3950 Συνάπτοντες
1081 3886 1210 3952 ὑμῖν
1239 3886 1472 3951 ἑαυτοὺς
1514 3888 1564 3940 οἰ
1608 3887 1791 3957 ἐλάχι-

189 3989 338 4044 στοι,
384 3978 482 4032 καὶ
510 3977 766 4043 ἀπόντες,
794 3977 873 4049 τῷ
909 3977 1188 4047 πνεύματι
1209 3993 1224 4009 θ
1258 3976 1335 4041 ὡς
1363 3976 1430 4033 ἂν
1451 3976 1671 4047 γνοίητε
1705 3978 1790 4031 ὅτι

193 4072 355 4144 ἔχετε
392 4070 553 4143 μέλος
594 4070 823 4142 ἔσχατον
851 4066 958 4126 ὦδέ
984 4088 1088 4125 που
1122 4070 1563 4142 περιωρισμένον
1590 4071 1685 4124 ἐπὶ
1722 4073 1788 4142 τῇ

194 4166 345 4238 αὐτῇ
372 4164 669 4236 ὁμολογίαν
721 4164 818 4220 καὶ
864 4164 1054 4218 αἰτοῦν
1104 4163 1250 4233 ὑμᾶς
1283 4161 1688 4233 συλλαμϐάνειν
1728 4163 1789 4214 ὲν

193 4260 322 4322 ταῖς
355 4256 541 4326 ἁγίαις
570 4258 935 4329 προσευχαῖς,
978 4256 1210 4311 κατόπιν
1257 4255 1395 4309 ἰέναι
1440 4253 1550 4310 τῶν
1587 4253 1789 4325 τιμίων

195 4353 228 4406 ὑ
234 4351 364 4421 μῶν
404 4350 588 4421 ἰχνῶν.

193 4461 327 4501 rum
383 4444 560 4516 spatio
610 4442 999 4514 disiungimur,
1045 4440 1239 4510 Spiritu
1291 4439 1450 4495 vobis
1506 4438 1894 4496 consociamus
1950 4458 1973 4494 -:

1871 491 1938 553 ac
1990 474 2340 547 amplexandi
2402 490 2880 546 unumquemque,
2930 476 3156 534 incenso
3210 480 3458 537 omnium

1872 583 2062 625 amore
2092 577 2422 638 pertractus.
2459 566 2567 624 Sed
2611 568 2871 640 quoniam
2908 568 3024 623 fleri
3061 585 3168 624 non
3200 579 3380 641 potest
3398 580 3461 627 ut

1872 672 2059 713 coram
2092 656 2267 713 adsim
2335 672 2571 728 corpore
2604 676 2620 725 ;
2656 675 2753 729 per
2810 659 3023 717 litteras
3077 662 3359 734 abreptus,
3393 680 3461 721 ac

1872 746 2039 802 veluti
2085 754 2240 803 stans
2298 747 2354 803 in
2410 748 2613 813 medio,
2645 758 2701 804 et
2752 751 3099 807 sanctissima
3157 754 3461 822 amplector

1871 838 2101 908 vestigia
2147 846 2351 904 vestra,
2379 847 2435 893 et
2462 854 2558 895 ora
2584 855 2741 895 sacra
2774 843 2967 898 osculo
2998 853 3192 899 sancto
3222 861 3461 901 exoscu-

1871 927 1978 983 lor.
2011 927 2057 982 0
2089 930 2301 985 strenui
2334 930 2536 987 milites
2569 930 2797 995 Christi,
2823 932 2980 1003 quasi
3009 934 3218 990 cmlesti
3243 935 3458 992 delectu

1871 1022 2200 1092 conscripti!
2238 1037 2273 1077 ο
2308 1023 2490 1079 sidera
2524 1023 2705 1080 lucida
2755 1041 2852 1096 per
2904 1026 3198 1096 impietatis
3236 1038 3457 1085 noctem

1870 1121 2036 1168 recta:
2068 1113 2193 1171 fidei
2228 1114 2514 1184 splendore
2548 1113 2809 1186 fulgentia
2837 1118 2852 1171 ἰ
2894 1117 3042 1172 omni
3090 1132 3225 1173 auro
3255 1121 3461 1190 pretio-

1873 1207 2049 1261 siora!
2082 1208 2374 1280 smaragdo
2402 1218 2456 1263 et
2492 1209 2694 1265 unione
2747 1209 3070 1266 niicantiora
3098 1212 3111 1266 !
3148 1212 3284 1267 Cum
3317 1211 3459 1269 tuui-

1872 1296 1947 1352 tis
1978 1312 2077 1354 vos
2108 1313 2378 1356 exornare
2401 1299 2737 1365 nominibus,
2770 1311 2830 1357 ut
2860 1317 2961 1372 par
2982 1310 3086 1368 est,
3109 1303 3459 1374 desiderem;

1872 1402 1982 1443 non
2009 1387 2200 1443 sinunt
2235 1389 2486 1459 epistola:
2543 1390 2710 1447 unius
2760 1392 3029 1464 angustiae
3056 1393 3259 1463 quibus
3280 1395 3460 1451 inclu-

1871 1478 1994 1536 dor.
2052 1477 2175 1536 Uno
2210 1492 2391 1537 autem
2425 1483 2590 1538 verbo
2648 1483 2903 1540 universa
2933 1485 3255 1555 complexus
3299 1487 3454 1541 dixe-

1871 1572 2000 1639 rim,
2029 1574 2379 1643 superiorum
2408 1583 2718 1645 temporum
2754 1578 3029 1649 martyriis
3062 1586 3304 1635 vestrum
3338 1595 3465 1635 esse

1876 1681 1977 1736 par
2027 1675 2083 1722 et
2135 1668 2345 1738 aequale
2392 1671 3230 1742 martyrium:quandoquidem
3286 1676 3465 1729 mani-

1877 1757 2017 1814 feste
2041 1757 2325 1816 Christum
2378 1762 2688 1829 comitetur,
2714 1766 2808 1834 qui
2838 1780 2897 1820 se
2928 1764 3134 1821 Christi
3166 1765 3462 1837 imaginem

1876 1852 2170 1909 conﬁtetur
2200 1853 2493 1911 admittere
2525 1874 2539 1911 :
2577 1857 2834 1928 idemque
2856 1858 2927 1913 de
2962 1858 3255 1928 negatione
3285 1859 3458 1914 vicis-

1878 1944 1981 1999 sim
2009 1945 2380 2003 sentieudum.
2427 1946 2687 2020 lmaginis
2715 1952 2864 2004 enim
2904 1950 3082 2006 honos
3112 1952 3180 2005 ad
3224 1960 3466 2022 prototy—

1878 2051 2011 2107 pum
2041 2038 2262 2102 transit,
2294 2049 2355 2094 ut
2384 2055 2616 2110 magnus
2643 2041 2784 2095 dixit
2833 2039 3076 2097 Basilius
3106 2057 3122 2095 :
3159 2050 3215 2095 et
3242 2043 3295 2097 in
3326 2041 3468 2096 ima-

1878 2126 2005 2198 gine
2035 2128 2391 2202 archetypum
2427 2131 2692 2199 cernitur,
2726 2141 2786 2186 ut
2813 2147 3035 2188 rursum
3064 2131 3140 2187 ait
3170 2132 3467 2203 sapientis-

1879 2218 2056 2277 simus
2084 2220 2398 2292 Dionysius.
2428 2220 2498 2278 Et
2521 2224 2786 2294 quoniam
2823 2223 3081 2280 Christus
3126 2223 3295 2281 homo
3339 2212 3487 2295 perv.

1880 2309 2062 2367 fectus
2089 2320 2195 2378 est,
2220 2313 2309 2369 cui
2327 2314 2466 2369 nihil
2481 2330 2674 2371 eorum
2707 2316 2881 2373 defuit
2905 2331 3029 2386 quae
3057 2316 3115 2371 in
3147 2315 3468 2375 hominibus

1879 2400 2163 2458 intuemur
2193 2420 2209 2457 :
2239 2415 2437 2461 natura
2483 2405 2672 2473 habet,
2720 2406 2956 2478 perinde
2983 2421 3049 2464 ac
3073 2407 3257 2478 quivis
3286 2407 3469 2463 homi-

1881 2510 2035 2562 num,
2061 2502 2123 2548 ut
2148 2494 2411 2552 delineari
2446 2499 2618 2569 possit
2655 2516 2671 2554 :
2711 2497 3174 2569 quemadmodum
3217 2499 3383 2555 habet
3409 2504 3470 2554 ut

1881 2587 2261 2645 circumscribi
2299 2604 2408 2644 non
2460 2590 2653 2660 possit,
2700 2601 2973 2661 quatenus
3021 2591 3166 2646 idem
3217 2598 3273 2645 et
3318 2588 3467 2648 Deus

1881 2679 2161 2753 perfectus
2185 2689 2291 2737 est.
2343 2681 2503 2750 Quod
2548 2684 2595 2738 si
2635 2698 2901 2754 corporea
2949 2683 3314 2740 similitudine
3365 2683 3467 2739 de-

1883 2774 2034 2847 pingi
2064 2788 2176 2829 non
2205 2784 2405 2847 potest,
2439 2777 2630 2847 utique
2678 2792 2779 2832 nec
2827 2778 2995 2833 homo
3017 2788 3123 2834 est.
3159 2779 3468 2847 Argumen-

1884 2876 2001 2924 tum
2053 2871 2199 2927 enim
2258 2868 2497 2937 primum
2526 2874 2611 2922 est
2643 2881 2709 2922 ac
2741 2882 2953 2932 verum,
2986 2869 3135 2937 quod
3176 2869 3341 2925 homo
3372 2871 3468 2933 sit,

1805 2999 1850 3059 α
1884 2963 1931 3018 si
1961 2972 2047 3021 est
2071 2960 2344 3033 ejusmodi
2378 2968 2439 3015 ut
2478 2959 2602 3059 ejus
2632 2959 2815 3059 imago
2868 2959 3178 3030 eﬂingatur.
3220 2961 3469 3019 Necdum

1882 3054 2079 3125 loquor
2111 3055 2179 3110 de
2205 3053 2394 3123 regina
2418 3051 2660 3107 universi
2698 3052 2922 3121 Deipara
2956 3070 2970 3107 :
2997 3064 3092 3108 aut
3119 3054 3187 3110 de
3209 3055 3470 3112 omnibus

1880 3153 2091 3209 sanctis
2124 3151 2424 3224 generatim
2453 3165 2729 3220 :quorum
2761 3158 3110 3220 contemptura
3158 3159 3265 3218 est,
3308 3166 3474 3208 vene-

1883 3244 2183 3298 randarum
2237 3240 2485 3311 ipsorum
2520 3239 2819 3310 imaginum
2851 3240 3082 3296 eversio.
3123 3239 3228 3295 Sed
3257 3243 3350 3312 qui
3384 3241 3473 3296 in-

1882 3333 2142 3405 telligens
2188 3341 2294 3398 est,
2325 3331 2581 3402 intelligit
2610 3347 2626 3386 :
2658 3341 2714 3386 et
2737 3331 2831 3401 qui
2865 3342 3080 3401 spretor
3123 3341 3227 3399 est,
3272 3332 3476 3388 damno

1883 3443 1986 3485 suo
2013 3426 2244 3496 spernit,
2268 3426 2445 3481 sacris
2475 3424 2693 3495 paginis
2719 3425 3122 3480 contradicens.
3148 3424 3215 3479 Et
3239 3427 3478 3482 abutun-
3592 3463 3610 3485 τ

1883 3533 1975 3577 tur
2005 3521 2226 3592 quidem
2263 3519 2495 3590 imperio
2527 3528 2829 3588 potestates
2858 3536 2873 3574 :
2902 3528 2957 3575 et
2989 3520 3082 3587 qui
3106 3535 3206 3588 pro
3234 3519 3346 3575 Deo
3376 3520 3464 3575 di-

1885 3616 2094 3670 micant
2114 3612 2271 3684 pauci
2290 3622 2452 3679 sunt;
2488 3627 2805 3683 quanquam
2833 3626 3028 3667 omnes
3048 3613 3117 3668 ab
3136 3628 3204 3668 eo
3224 3612 3431 3669 conditi
3457 3629 3475 3680 ;

1886 3706 2123 3776 denique
2158 3706 2226 3760 ad
2258 3715 2489 3774 petram.
2528 3702 2610 3759 sic
2659 3703 2804 3758 enim
2855 3702 2999 3760 Deus
3042 3705 3297 3774 appellat,
3329 3704 3476 3774 jam-

1888 3798 2100 3870 pridem
2137 3807 2300 3867 atque
2336 3811 2368 3851 a
2416 3795 2689 3867 principio
2741 3803 2912 3866 portae
2939 3794 3104 3850 inferi
3128 3796 3430 3852 alliduntur
3461 3815 3477 3852 :

1889 3891 1984 3946 sed
2050 3903 2400 3958 nequaquam
2477 3887 2877 3958 praevaluere:
2937 3901 3038 3943 nec
3104 3888 3483 3957 praevalebunt

1891 3982 2154 4038 adversus
2201 3994 2323 4034 eam
2345 3978 2416 4040 7‘,
2443 3987 2504 4034 ut
2529 3977 2806 4048 pollicitus
2850 3985 2936 4032 est
2971 3978 3020 4033 is
3049 3978 3142 4047 qui
3173 3993 3337 4033 verax
3368 3989 3472 4034 est.

1891 4070 2290 4136 Quamobrem,
2319 4066 2512 4123 Patres
2542 4067 2647 4122 mei
2700 4068 3010 4137 fratresque
3042 4086 3059 4122 :
3094 4065 3243 4122 State
3268 4068 3327 4121 in
3353 4068 3481 4138 ﬁde,

1892 4162 2114 4219 viriliter
2141 4162 2304 4233 agite,
2330 4159 2716 4230 confortamini
2748 4160 2805 4214 in
2829 4159 3057 4214 Domino
3096 4161 3164 4215 ".
3198 4158 3305 4216 Vos
3328 4162 3394 4216 ad
3418 4176 3481 4217 se

1896 4255 2053 4311 chori
2081 4264 2387 4327 martyrum
2418 4253 2652 4307 invitant
2674 4267 2831 4323 eique
2860 4268 2923 4307 ac
2946 4252 3350 4308 confessorum.
3375 4252 3480 4308 Sed

1825 4342 1866 4396 Ι)
1898 4349 2002 4404 ista
2043 4346 2280 4417 paucis:
2311 4359 2543 4415 nosque,
2591 4344 2687 4414 qui
2734 4343 2949 4399 minimi
2990 4359 3204 4411 sumus,
3235 4353 3288 4398 et
3329 4345 3482 4400 luco-

2039 4448 2102 4495 ut
2138 4438 2456 4509 intelligatis
2518 4436 2719 4492 habere
2748 4448 2847 4492 vos
2914 4438 3222 4492 membrum
3288 4440 3487 4494 vilissi-

196 4553 384 4601 mum,
414 4535 559 4608 quod
586 4535 786 4591 alicubi
820 4549 920 4605 pro
951 4534 1140 4590 eadem
1170 4531 1518 4588 confessione
1533 4531 1787 4585 exsulat:
1832 4547 1896 4587 ac
1924 4532 2105 4603 poscit
2169 4538 2228 4587 ut
2296 4528 2432 4585 illud
2476 4543 2699 4600 quoque
2747 4528 2953 4584 sanctis
3007 4529 3262 4600 precibus
3288 4531 3485 4585 vestris

196 4630 474 4695 exoretis,
508 4637 568 4683 ut
620 4627 705 4683 fas
728 4629 802 4683 sit
827 4626 1135 4683 veneranda
1165 4625 1394 4697 vestigia
1442 4631 1626 4680 vestra
1661 4623 1944 4695 subsequi.

456 4749 576 4803 ΞΕ’.
611 4779 680 4790 -
713 4748 1065 4816 Ναυκρατίῳ
1097 4745 1311 4809 τέκνῳ.
1356 4743 1477 4818 [υλθ
1499 4746 1544 4818 .j

2314 4740 2478 4797 LXV.
2502 4771 2577 4784 —
2599 4738 2901 4794 Naucratio
2924 4740 3062 4810 ﬁlio.

196 4868 518 4934 Dogmatica,
541 4870 594 4916 et.
613 4866 753 4934 valde
779 4866 1077 4934 necessaria,
1098 4864 1160 4934 de
1185 4876 1322 4913 sacra
1342 4861 1521 4934 Christi
1543 4858 1757 4934 imagine
1781 4876 1794 4910 :
1823 4873 2080 4934 exponens
2100 4859 2349 4934 quomodo
2374 4854 2601 4934 intelligi
2618 4852 3483 4934 Βοροιςίειιι399θᾲ’Δίμιηειβοέςίιιτενιξ

304 4919 519 4993 perinde
562 4942 620 4978 ac
671 4930 781 4990 ipse
819 4927 1041 4979 Christus
1066 4919 1321 4975 adoretur
1345 4939 1358 4974 :
1382 4928 1614 4975 nimirum
1640 4919 1852 4973 ratione
1872 4919 2219 4974 similitudinis
2253 4923 2360 4971 sive
2396 4919 2679 4979 relationis,
2703 4932 2802 4967 non
2827 4923 2997 4989 autem
3021 4919 3362 4991 conﬁrmative
3400 4923 3487 4967 aut

304 4989 621 5042 naturaliter.

296 5095 523 5165 Ἐπειδὴ
548 5092 752 5164 ἔμαθον
775 5092 928 5164 παρά
947 5089 1043 5146 τοῦ
1068 5084 1641 5164 γραμματηφόροι),ρῶ
1676 5091 1809 5145 καλὲ

202 5187 440 5257 ἁδελφὲ,
467 5187 551 5241 ὅτι
570 5185 745 5257 ἔριδες
766 5187 824 5239 ὲν
847 5186 978 5256 ὑμῖν
1008 5184 1323 5255 ἀνεφύησαν
1354 5184 1522 5254 (λέγω
1545 5183 1603 5235 δὲ
1625 5181 1809 5253 τοῦτο,

1977 5089 2276 5160 Postquam
2324 5104 2356 5143 a
2416 5087 2702 5143 tabellario
2751 5085 2940 5152 didici,
3008 5084 3178 5139 frater
3230 5085 3484 5154 egregie,

1905 5190 2129 5238 exortas
2157 5181 2300 5234 inter
2323 5194 2420 5233 vos
2447 5192 2568 5233 esse
2590 5175 2971 5231 contentiones
3000 5175 3127 5245 (hoc
3149 5185 3330 5229 autem
3361 5176 3489 5227 dico

205 5285 304 5338 ὅτι
335 5284 365 5336 6
397 5280 496 5352 μὲν
525 5281 701 5349 λέγει’
743 5277 888 5347 Ἐγὼ
922 5280 1026 5349 τὴν
1051 5278 1238 5332 εἰκόνα
1266 5277 1505 5347 Χριστοῦ
1533 5277 1610 5339 ὡς
1648 5274 1777 5329 αὐτὸ

1910 5272 2060 5344 quod
2119 5286 2316 5341 nempe
2367 5270 2510 5325 alius
2557 5270 2704 5325 dicat
2735 5284 2749 5323 :
2778 5269 2893 5336 Ego
2941 5268 3234 5337 imaginem
3282 5263 3487 5321 Christi

206 5375 314 5430 τδν
362 5373 600 5444 Χριστὸν
657 5372 989 5443 προσκυνῶο
1044 5372 1073 5424 6
1118 5370 1178 5424 δὲ
1228 5369 1637 5441 ἀπαναίνεται),
1688 5367 1777 5422 οῦτ

1911 5366 2055 5422 sicut
2102 5364 2280 5434 ipsum
2327 5362 2608 5418 Christum
2657 5360 2849 5426 adoro,
2896 5360 3038 5414 alius
3073 5360 3259 5413 dicere
3303 5357 3489 5410 detre-

211 5463 455 5526 ἀλύπως
502 5461 798 5531 ἐδεξάμην
854 5458 1013 5523 εἰδὼς
1046 5459 1130 5513 ὅτι
1181 5458 1240 5510 αἰ
1292 5455 1603 5526 ὲρεσχελίαι
1648 5450 1777 5510 αῦτο

1918 5460 2054 5525 etet)
2079 5474 2093 5521 ;
2116 5471 2227 5510 non
2257 5453 2377 5510 sine
2410 5468 2646 5508 maerore
2676 5450 2728 5507 id
2762 5453 2971 5520 accepi,
3000 5450 3182 5505 sciens
3211 5452 3358 5501 rixas
3384 5445 3491 5499 hu-

211 5553 384 5627 παρά
408 5552 504 5607 τοῦ
531 5552 779 5607 διαϐόλου
815 5550 1307 5624 ὑποσπειρόμεναι,
1335 5551 1555 5623 τέμνειν
1584 5549 1777 5607 είώθαο

1913 5546 2179 5621 jusmodi,
2218 5561 2342 5619 quae
2377 5561 2409 5602 a
2435 5544 2657 5604 diabolo
2690 5544 3052 5610 suscitantur,
3092 5539 3284 5596 solitas
3314 5538 3491 5609 ipsam

305 5728 567 5788 "Matth.
606 5746 741 5804 mi,
772 5732 859 5789 18.
935 5733 982 5766 τι
1008 5729 1025 5787 l
1056 5729 1186 5789 Cor.
1225 5700 1335 5795 ενι,
1374 5728 1460 5785 l5.
