4054 6364
584 316 720 383 1287

1766 311 1827 374 S.
1862 308 2253 372 THEODORI
2294 310 2644 376 STUDITIE

3694 313 3833 380 1388

578 443 804 505 quoque
842 442 1033 501 sanam
1067 434 1279 498 partem
1326 422 1762 478 ortliodoxorum
1799 419 2153 476 discindere:

2259 423 2355 475 καὶ
2385 421 2520 475 αὐτὸ
2539 420 2601 475 τὸ
2620 420 2867 490 ὑγιαῖνον
2888 419 3053 492 μέρος
3076 420 3177 490 τῆς
3196 386 3528 493 ὀρδώοξίας·
3553 422 3695 493 ὅπερ
3716 425 3835 478 ἐστὶ

578 539 705 597 qua:
733 538 824 578 res
852 521 1095 578 laetitiam
1135 518 1293 575 all‘ert
1316 515 1673 581 adversariis,
1706 527 1775 568 ex
1814 510 2153 567 inﬁrmitati-

580 616 689 672 bus
722 614 928 670 nostris
957 628 1113 669 suam
1147 612 1392 682 ipsorum
1436 607 1774 677 impietatem
1800 603 1984 658 valere
2013 618 2153 658 con~

582 708 948 765 ﬁrmantibus.
985 706 1094 760 Nec
1121 719 1248 759 vero
1292 698 1853 769 convenirejudicavi
1880 707 1942 753 ut
1985 698 2154 751 silen-

581 803 662 857 tio
689 813 997 871 premerem
1022 795 1169 866 quod
1202 795 1508 855 audieram,
1542 792 1633 846 sed
1660 799 1720 845 ut
1745 790 1963 860 aliquod
1988 789 2153 843 etiam

585 894 703 964 ipse
750 889 1050 947 curationis
1103 885 1404 940 remedium
1449 884 1561 938 Deo
1605 891 1882 937 annuente
1926 880 2154 935 adhibe-

580 1000 721 1040 rem.
748 982 1063 1053 Argumenti
1090 994 1220 1051 ergo
1246 992 1460 1033 summa
1494 977 1618 1032 talis
1647 986 1751 1031 est.
1782 973 2058 1029 Particula
2078 972 2154 1036 ὼς

583 1076 640 1131 in
681 1075 868 1130 divina
915 1072 1207 1143 Scriptura
1254 1066 1529 1124 interdum
1580 1070 1817 1124 sumitur
1841 1069 1910 1124 ad
1939 1067 2154 1138 signiti-

582 1164 815 1219 candam
861 1160 1275 1218 similitudinem
1324 1173 1340 1214 :
1386 1157 1661 1212 interdum
1713 1153 2152 1210 alﬁrmationem.

580 1255 770 1310 Priore
797 1251 962 1308 modo
994 1271 1009 1307 :
1047 1250 1246 1306 Factus
1275 1266 1393 1305 sum
1432 1250 1568 1304 sicut
1602 1247 1720 1320 (ὡς)
1750 1262 1933 1318 passer
1962 1244 2156 1301 solita-

582 1348 694 1402 rius
735 1347 791 1400 in
847 1354 983 1400 tecto
1004 1345 1073 1398 ".
1104 1343 1168 1397 Et
1206 1360 1220 1398 :
1266 1341 1378 1414 Ego
1430 1342 1569 1396 sicut
1615 1339 1734 1412 (ὡς)
1788 1340 1928 1393 oliva
1968 1338 2156 1409 fructi—

581 1438 697 1508 fera
719 1437 785 1492 ".
818 1435 1125 1491 Posteriore
1147 1451 1161 1488 :
1183 1432 1357 1499 Quam
1383 1432 1503 1501 (ὡς)
1534 1430 1699 1485 bonus
1721 1427 1892 1484 Israel
1916 1427 2058 1482 Deus
2074 1426 2150 1481 ἀί

580 1530 649 1586 Ει
679 1548 694 1586 :
726 1529 900 1595 Quam
924 1528 1042 1599 (ὡς)
1069 1527 1264 1582 dilecta
1296 1524 1637 1581 tabernacula
1666 1533 1781 1587 tua,
1810 1522 2033 1576 Domine
2050 1521 2157 1576 cir-

582 1630 755 1676 tutum
778 1620 857 1675 τοι
901 1617 1021 1674 Non
1051 1621 1196 1673 enim
1232 1617 1531 1673 secundum
1582 1613 2023 1677 similitudinem,
2059 1611 2155 1668 sed

584 1716 652 1772 ad
700 1714 1118 1769 aﬂlrmationem
1150 1711 1241 1766 hic
1278 1724 1461 1765 sermo
1487 1716 1596 1764 est.
1632 1707 1899 1774 Quocirca
1947 1706 1995 1761 si
2028 1704 2155 1775 quis

581 1806 677 1861 illo
711 1805 873 1859 modo
899 1803 1046 1860 dicat
1079 1817 1138 1859 se
1163 1802 1392 1857 adorare
1439 1799 1734 1870 imaginem
1764 1796 1967 1852 Christi
2009 1796 2153 1851 sicut
2186 1782 2225 1836 Β

582 1895 763 1966 ipsum
795 1893 1101 1957 Christum,
1133 1902 1281 1948 recte
1330 1892 1538 1946 sentit:
1566 1890 1657 1944 sin
1697 1898 1880 1944 autem
1916 1887 2155 1942 aliirma-

584 1985 716 2051 tive,
751 1998 1121 2054 nequaquam.
1171 1979 1360 2051 Neque
1404 1979 1550 2035 enim
1594 1988 1787 2033 natura
1830 1977 1972 2032 idem
2025 1984 2155 2034 sunt

584 2077 940 2149 archetypum
969 2084 1025 2129 et
1056 2074 1258 2144 imago,
1288 2071 1383 2127 sed
1408 2072 1549 2127 idem
1573 2069 1950 2126 similitudine.
1978 2070 2154 2124 Ambo

582 2171 730 2227 enim
796 2184 921 2240 qua:
971 2170 1158 2223 eodem
1228 2166 1391 2221 modo
1453 2165 1789 2225 etl‘eruntur,
1848 2163 2155 2219 substantia

586 2273 820 2329 prorsus
871 2255 1152 2313 dill‘erunt.
1200 2254 1278 2310 De
1328 2254 1659 2326 imaginibus
1716 2254 1908 2323 utique
1958 2253 2156 2323 loquor

585 2365 709 2420 quae
751 2358 868 2404 arte
904 2351 1064 2405 liunt.
1104 2346 1225 2413 Quo
1269 2347 1436 2417 igitur
1466 2354 1625 2416 pacto
1674 2345 1961 2416 imaginem
2014 2345 2156 2400 sicut

587 2442 771 2513 ipsum
803 2441 1082 2498 Christum
1136 2438 1460 2495 aﬁirmative
1506 2438 1775 2502 adorabit,
1822 2454 1947 2493 cum
1994 2438 2052 2492 in
2089 2452 2154 2493 ea

584 2533 841 2589 Christus
882 2534 1106 2604 physice
1161 2547 1271 2587 non
1334 2533 1427 2595 sit,
1463 2530 1560 2587 sed
1608 2530 1857 2596 relative,
1909 2529 2024 2584 sive
2062 2544 2157 2599 per

587 2622 1060 2682 similitudinem?
1085 2623 1301 2693 Alioqui
1331 2637 1521 2677 verum
1562 2636 1669 2677 non
1698 2619 1863 2675 fuerit
1886 2621 2035 2690 quod
2065 2620 2157 2675 di-

586 2716 735 2771 citur
768 2733 785 2771 :
814 2716 1183 2786 Archetypum
1229 2715 1285 2769 in
1324 2714 1561 2784 imagine
1608 2712 1963 2782 conspicitur,
2002 2722 2058 2767 et
2099 2712 2155 2766 in

586 2806 827 2876 imagine
882 2806 1141 2863 adorator
1191 2805 1468 2863 Christus.
1531 2803 1773 2859 Dicendo
1826 2803 2044 2873 itaque,
2100 2802 2156 2857 in

586 2896 835 2966 imagine,
888 2897 1118 2952 alterum
1170 2896 1225 2952 in
1276 2897 1453 2950 altero
1482 2894 1917 2950 demonstratum
1952 2903 2059 2957 est,
2101 2905 2158 2950 et

586 2989 736 3044 aliud
802 3004 900 3059 per
952 2989 1100 3047 aliud
1156 2989 1439 3044 adoratur.
1518 2986 1661 3043 Vidit
1728 2988 2158 3060 (lhrysostomus

587 3078 842 3148 angelum
901 3077 956 3133 in
1016 3079 1256 3149 imagine
1310 3096 1325 3133 :
1379 3077 1672 3134 Cornelius
1724 3093 1854 3132 vero
1904 3079 2155 3149 angelum

588 3171 769 3242 ipsum
791 3168 863 3225 ⁸⁸.
919 3171 1209 3228 Cernimus
1264 3184 1366 3226 nos
1423 3170 1701 3225 Christum
1757 3170 1812 3225 in
1872 3170 2156 3240 imagine:

586 3261 822 3332 apostoli
853 3275 984 3316 vero
1022 3259 1303 3317 Christum
1334 3260 1536 3330 ipsum.
1571 3258 1809 3313 Vidimus
1857 3259 2027 3322 enim,
2072 3259 2159 3312 in-

587 3354 728 3423 quit,
760 3352 1045 3407 Dominum
1068 3353 1138 3407 ⁸¹.
1168 3353 1479 3408 Adoramus
1509 3353 1661 3406 illttm
1691 3353 1744 3407 in
1772 3353 1994 3422 propria
2022 3353 2160 3406 ima-

587 3445 716 3517 gine
746 3461 760 3497 :
791 3444 868 3498 illi
893 3459 1025 3500 vero
1046 3457 1172 3499 eum
1203 3444 1405 3510 ipsum.
1436 3443 1504 3498 Et
1535 3444 1764 3499 uidentes
1792 3460 1932 3505 eum,
1959 3444 2156 3513 inquit,

586 3538 940 3591 adorarerunt
965 3536 1033 3591 ⁸³.
1061 3534 1374 3591 Secundum
1405 3535 1815 3591 similitudinem
1850 3550 1983 3606 ergo
2020 3536 2156 3591 ado—

584 3640 739 3686 retur
793 3632 851 3687 in
901 3630 1141 3701 imagine
1189 3629 1442 3686 Christus
1470 3667 1488 3695 ,
1545 3629 1661 3685 sive
1717 3629 1981 3696 relative,
2037 3629 2153 3685 sive

2253 514 2545 585 χαροποιὸν
2568 516 2681 577 τοῖς
2703 513 2991 579 ἐναντίοις,
3016 514 3080 568 ἐκ
3105 513 3217 567 τῶν
3237 516 3525 587 ἡμετέρων
3546 516 3837 589 ἀρρωστη-

2256 608 2441 679 μάτων
2482 607 2544 660 τὸ
2576 609 2779 661 οἰκεῖον
2817 608 3075 679 ἀσέϐημα
3109 607 3526 679 βεϐαιουμένοις
3567 604 3630 664 εὖ
3671 608 3835 680 ἔχειν.

2252 698 2391 755 Οὔτε
2432 700 2537 771 μὴν
2566 702 2742 770 σιωπῇ
2787 700 2850 753 τὸ
2882 700 3150 754 ἁκουσθὲν
3182 703 3483 773 κατασχεῖν
3513 701 3687 757 καλὸν
3720 702 3837 756 ἑνό-

2255 811 2412 865 μισα,
2446 793 2583 847 ἀλλά
2603 811 2656 846 τι
2692 794 2789 847 καὶ
2830 795 2964 865 παρ’
2990 794 3231 864 ἐμαυτοῦ
3266 794 3565 866 φάρμακον
3592 795 3839 866 ἐξευρεῖν

2253 886 2577 958 θεραπείας,
2611 885 2747 939 Θεοῦ
2780 885 3152 949 εὐδοκοῦντος.
3194 887 3385 940 Ἔστιν
3415 886 3511 940 οῦν
3546 887 3611 940 τὸ
3642 887 3842 959 λῆμμα

2251 978 2513 1032 τοιοῦτον.
2554 977 2649 1036 Τὸ.
2687 978 2790 1043 ὡς,
2824 977 2901 1047 πῆ
2944 977 3044 1048 μὲν
3092 976 3189 1031 ἐπὶ
3226 976 3543 1046 ὁμοιώσεως
3582 977 3843 1049 εἴληπται

2253 1069 2408 1140 παρὰ
2434 1071 2501 1141 τῇ
2535 1068 2879 1139 θεοπνεύστῳ
2900 1070 3117 1141 Γραφῇ·
3142 1069 3222 1138 πῆ
3245 1069 3304 1123 δὲ
3334 1071 3429 1122 ἐπὶ
3463 1069 3838 1140 βεϐαιώσεως.

2253 1161 2328 1215 Τὸ
2378 1161 2598 1232 πρῶτον
2618 1177 2636 1193 ο
2702 1161 3033 1230 Ἔγενόμην
3077 1161 3159 1228 ὡς
3202 1163 3529 1230 στρουθίον
3573 1161 3845 1233 μον-ἆξον

2252 1252 2350 1306 ἐπὶ
2385 1251 2625 1323 δώματι.
2664 1253 2795 1307 Καί’
2844 1251 2993 1322 Ἐγὼ
3020 1252 3102 1319 ὡς
3121 1252 3299 1308 ἐλαία
3327 1252 3738 1321 κατάκαρπος.
3768 1254 3845 1307 1'6

2252 1344 2524 1417 δεύτερονο
2571 1344 2665 1412 Ὠς
2713 1342 2937 1415 ἀγαθὸς
2964 1347 2997 1399 ό
3022 1345 3169 1412 Θεὸς
3203 1344 3314 1399 τοῦ
3372 1345 3675 1414 Ἰσραήλ]
3708 1346 3842 1401 Καί·

2264 1437 2361 1502 Ὠς
2408 1434 2689 1506 ἀγαπητὰ
2742 1435 2816 1491 τὰ
2868 1435 3237 1506 σκηνώματά
3292 1453 3433 1503 σου,
3493 1438 3673 1506 Κύριε
3722 1437 3846 1491 τῶν

2254 1528 2605 1597 δυνάμεων]
2628 1528 2703 1582 Οὐ
2745 1528 2857 1600 γὰρ
2886 1527 3010 1582 καθ’
3039 1529 3329 1598 ὁμοίωσιν,
3363 1528 3502 1583 ἀλλὰ
3543 1528 3843 1600 βεὸαὶωεην

2255 1619 2492 1674 ἐνταῦθα
2517 1621 2546 1673 6
2576 1619 2757 1690 λόγος.
2790 1620 2852 1674 Εἰ
2881 1617 2976 1674 οὖν
2997 1618 3143 1674 οὕτω
3170 1621 3327 1689 λέγοι
3378 1639 3465 1686 τις
3505 1625 3844 1693 προσκυνεῖν

2254 1711 2355 1783 τὴν
2386 1711 2575 1765 εἰκόνα
2603 1710 2870 1781 Χριστοῦ,
2902 1712 2979 1776 ὡς
3015 1711 3181 1766 αὐτὸν
3208 1713 3470 1785 Χριστὸν,
3501 1712 3741 1787 ἔρρωται
3763 1714 3844 1786 τῷ

2252 1804 2601 1876 φρονήματιο
2648 1805 2697 1858 εἰ
2742 1803 2799 1857 δὲ
2848 1803 3251 1875 βεϐαιωτικῶς,
3303 1804 3579 1874 οὐδαμῶς.
3618 1806 3696 1858 ού
3730 1806 3843 1878 γὰρ

2252 1896 2455 1952 ταυτὸν
2490 1896 2653 1950 εἰκὼν
2683 1895 2779 1950 καὶ
2813 1896 3121 1968 ἀρχέτυπον
3150 1898 3218 1970 τῇ
3249 1896 3411 1967 φύσει
3432 1937 3448 1961 ,
3478 1897 3617 1952 ἀλλᾶ
3640 1899 3839 1952 ταυτὸν

2253 1992 2319 2060 τῇ
2358 1987 2637 2060 ὁμοιώσει.
2673 1988 3049 2059 Ταυτιζόμενα
3079 1989 3189 2061 γὰρ
3220 1990 3408 2061 ἄμφω,
3437 1993 3505 2061 τῇ
3532 1990 3697 2062 οὐσίᾳ
3723 1992 3841 2044 6m-

2255 2080 2501 2153 φορεῖται
2539 2079 2884 2132 παντάπασιν
2906 2095 2921 2109 ’
2951 2081 3044 2133 ὲπὶ
3071 2080 3181 2133 τῶν
3211 2080 3490 2151 τεχνητῶν
3519 2082 3751 2135 εἰκόνιον
3776 2082 3839 2153 δὴ

2253 2166 2417 2237 λέγω.
2463 2166 2588 2231 Πῶς
2623 2162 2715 2222 οὖν
2754 2168 2854 2239 τὴν
2879 2169 3065 2223 εἰκόνα
3106 2170 3183 2234 ὡς
3215 2171 3376 2224 αὑτὸν
3401 2172 3639 2242 Χριστὸν
3666 2189 3843 2244 προσ-

2255 2258 2477 2327 κυνήσει
2517 2256 2920 2326 βεϐαιωτικῶς·
2965 2259 3067 2312 οὒκ
3114 2261 3171 2313 ὲν
3201 2261 3338 2331 αὕτῇ
3372 2261 3527 2324 liv-co;
3562 2261 3661 2315 τοῦ
3704 2263 3843 2332 Χρι-

2257 2348 2385 2402 στοῦ
2415 2348 2683 2418 φυσικῶς.
2709 2349 2845 2403 ἀλλὰ
2874 2351 3162 2421 σχετικῶς,
3185 2352 3354 2423 ἧγουν
3378 2353 3841 2425 ὁμοιωματικῶςς

2256 2440 2578 2510 Διέψευσται
2614 2442 2712 2511 τῆς
2753 2441 3013 2511 ἀληθείας
3044 2444 3141 2496 καὶ
3186 2444 3366 2505 ἄλλως
3397 2445 3458 2498 τὸ
3502 2446 3839 2517 λεγόμενον

2271 2532 2359 2584 Ἐν
2392 2530 2566 2584 εἰκόνι
2599 2532 2919 2601 ἐκφαίνεται
2964 2531 3025 2584 τὸ
3059 2533 3399 2602 ἁρχέτυπον’
3432 2536 3529 2589 καὶ
3576 2538 3635 2589 ὲν
3669 2538 3842 2590 εἰκόνι

2258 2623 2644 2690 προσκυνεῖται
2681 2621 2934 2692 Χριστός.
2969 2621 3043 2674 Τὸ
3067 2618 3160 2676 οῦν
3191 2625 3394 2687 εἰπεῖν,
3427 2626 3499 2679 ἐν
3524 2628 3743 2691 εἰκόνι,
3784 2629 3842 2680 ἐν

2257 2712 2431 2782 ἑτέρῳ
2455 2711 2643 2782 ἕτερον
2667 2713 2980 2784 δεδήλωταιο
3013 2714 3106 2769 καὶ
3148 2716 3216 2770 δι’
3254 2717 3415 2771 ἄλλου
3441 2718 3572 2774 ἄλλο
3598 2737 3844 2791 προσκυ-

2257 2804 2451 2856 νεῖται.
2487 2800 2639 2856 Εἱδεν
2672 2806 2702 2857 6
2734 2806 3117 2876 Χρυσόστομος
3147 2807 3379 2876 ἄγγελον
3404 2811 3462 2862 ὲν
3494 2810 3703 2863 εἰκόνι·
3736 2811 3766 2863 6
3788 2810 3844 2863 δὲ

2258 2893 2564 2965 Κορνήλιος
2590 2894 2750 2948 αὐτὸν
2786 2895 2880 2949 τὸν
2910 2896 3163 2965 ἄγγελον.
3193 2898 3475 2970 Βλέπομεν
3506 2901 3749 2972 Χριστὸν
3786 2903 3844 2954 ἐν

2257 2987 2447 3040 εἰκόνι·
2478 2989 2529 3041 οῖ
2572 2988 2632 3041 δὲ
2673 2988 2960 3043 ἀπόστολοι
3005 2990 3169 3044 αὐτὸν
3204 2991 3298 3044 τὸν
3326 2993 3584 3063 Χριστόν.
3626 2995 3848 3063 Ἑωρά-

2261 3094 2452 3147 καμεν
2475 3079 2609 3149 γὰρ,
2632 3080 2788 3150 φησὶ,
2816 3079 2923 3134 τὸν
2947 3082 3185 3149 Κύριον.
3219 3083 3645 3155 Προσκυνοῦμεν
3670 3088 3844 3140 αὑτὸν

2261 3171 2320 3224 ἐν
2342 3173 2409 3241 τῇ
2445 3172 2624 3242 οἰκείᾳ
2644 3172 2836 3226 εἰκόνι·
2861 3175 2909 3226 οἰ
2932 3174 2992 3227 δὲ
3012 3174 3179 3228 αὐτὸν
3206 3176 3438 3229 ἐκεῖνον.
3462 3177 3571 3230 Καί
3607 3178 3848 3242 266nm,-

2261 3261 2478 3328 αὑτὸν,
2522 3262 2687 3332 φησὶ,
2713 3264 3209 3332 προσεκύνησαν.
3253 3265 3709 3337 Ὀμοιωματικῶς
3748 3267 3844 3323 οὖν

2260 3356 2648 3424 προσκυνεῖται
2678 3354 2738 3405 ὲν
2779 3353 2969 3416 εἰκόνι,
3001 3354 3102 3408 εῖτ⁹
3138 3350 3233 3408 οὖν
3272 3357 3558 3427 σχετικῶς,
3597 3358 3699 3411 εἰτ’
3749 3360 3848 3413 οὖν

2261 3444 2600 3515 ὁμωνύμως,
2647 3446 2676 3500 6
2718 3447 2974 3519 Χριστόςυ
3019 3450 3100 3512 εἰς
3149 3450 3344 3504 ταυτὸν
3391 3450 3502 3522 γὰρ
3552 3451 3849 3525 ἀμφότερα

2262 3538 2580 3609 συντρέχει*
2629 3539 2730 3593 οὐκ
2779 3540 3144 3605 αὐτοπτικῶς.
3190 3544 3301 3598 Καὶ
3345 3545 3469 3616 δίχα
3510 3540 3603 3600 οὖν
3635 3549 3851 3611 εἰκόνος

2256 3630 2375 3683 ἐστὶ
2400 3632 2874 3701 προσκυνούμενος
2901 3632 3134 3704 νοερᾶς
3177 3636 3241 3688 ού
3282 3635 3393 3708 γὰρ
3438 3641 3661 3701 πάντως
3695 3641 3848 3693 πάν-

585 3722 956 3795 hotnouyme;
1017 3736 1145 3777 nam
1200 3719 1391 3777 eodem
1456 3719 1708 3777 recidunt
1766 3722 1933 3776 ambo
1970 3736 1989 3773 :
2040 3735 2148 3777 non

2259 3737 2380 3775 τοτε
2413 3722 2646 3794 αἰσθητῇ
2672 3724 2846 3778 εἰκόνι
2874 3723 3151 3796 βλέποιτο.

585 3823 773 3871 autem
797 3817 946 3887 quod
990 3818 1106 3887 ipse
1132 3828 1412 3871 cernatur.
1443 3815 1511 3870 Et
1537 3818 1658 3871 sine
1686 3816 1925 3887 imagine
1954 3830 2151 3871 rursus
2187 3823 2371 3871 mente
2424 3827 2480 3872 et
2540 3818 2877 3890 cogitatione
2904 3821 3190 3889 adoratur,
3224 3836 3349 3878 cum
3396 3823 3582 3881 sensili
3613 3839 3844 3898 semper

588 3910 830 3982 imagine
861 3913 1011 3969 cerni
1044 3912 1269 3967 omnino
1294 3927 1401 3965 non
1429 3910 1625 3982 possit.

672 4005 829 4074 Quod
872 4007 920 4063 si
963 4006 1090 4077 quis
1133 4006 1322 4061 dicat:
1357 4005 1517 4077 Ergo,
1564 4004 2013 4076 quandoquidem
2060 4020 2161 4076 per

584 4100 971 4169 cogitationem
1028 4100 1259 4156 adorare
1297 4100 1430 4154 mihi
1478 4101 1623 4167 licet,
1676 4114 2155 4170 supervacaneum

583 4198 670 4246 est
715 4198 777 4244 ut
831 4189 888 4244 in
939 4190 1176 4259 imagine
1207 4205 1223 4243 :
1253 4188 1416 4255 sciat,
1446 4188 1699 4259 quisquis
1747 4197 1850 4254 est,
1899 4197 2154 4259 negatum

585 4281 750 4337 etiam
783 4283 867 4337 sic
895 4295 1019 4337 esse
1048 4282 1194 4350 quod
1224 4281 1480 4337 Christus
1507 4288 1688 4336 mente
1714 4280 1992 4335 adoretur.
2038 4279 2156 4335 Nisi

585 4373 736 4428 enim
783 4387 942 4428 mens
984 4372 1351 4442 contemplata
1396 4371 1565 4427 fuerit
1621 4372 1773 4426 illum
1811 4370 1864 4424 in
1916 4370 2158 4426 hominis

587 4465 948 4520 similitudine
977 4463 1043 4519 ad
1074 4465 1352 4518 dexteram
1386 4462 1480 4518 Dei
1505 4471 1562 4517 et
1593 4461 1775 4517 Patris
1813 4460 2154 4525 consedisse,

589 4557 964 4612 adorationem
1011 4572 1120 4611 non
1167 4555 1367 4611 inferet
1395 4572 1409 4611 :
1438 4556 1547 4611 nisi
1576 4556 1719 4610 forte
1745 4552 1985 4608 Verbum
2037 4568 2157 4608 caro

588 4665 716 4706 nem
742 4648 950 4706 factum
987 4663 1112 4703 esse
1159 4657 1337 4718 neget.
1373 4645 1530 4714 Quod
1580 4655 1761 4701 autem
1814 4644 2013 4700 similis
2055 4645 2157 4698 ho-

589 4740 724 4796 mini
762 4740 937 4796 factus
987 4741 1080 4806 sit,
1117 4739 1220 4795 title
1247 4740 1414 4810 digna
1461 4738 1620 4793 testis
1668 4745 1754 4793 est
1790 4736 2015 4807 imago:
2048 4751 2157 4806 qua

589 4844 843 4903 suscepta
893 4843 948 4888 et
1005 4835 1255 4897 adorata,
1317 4841 1609 4902 susceptus
1658 4840 1742 4885 est
1789 4831 2159 4900 adoraturque

587 4924 840 4980 Christus
869 4944 884 4978 :
911 4925 1057 4980 sicut
1086 4940 1117 4979 e
1154 4924 1434 4980 contrario
1478 4925 1523 4978 si
1559 4932 1870 4991 respuatur.
1896 4921 2161 4977 Adoravit

587 5015 858 5086 Ahgarus,
895 5017 998 5072 [ide
1045 5027 1320 5087 suscepta,
1364 5014 1803 5070 intellectualiter
1828 5013 2106 5069 Christum
2140 5030 2155 5066 :

586 5106 840 5162 adoravit
890 5117 946 5162 et
1003 5109 1177 5161 multo
1238 5105 1588 5162 manilestius
1654 5104 1709 5159 in
1764 5103 2001 5175 imagine
2050 5119 2159 5157 non

588 5196 903 5253 manufacta
947 5197 1018 5254 ab
1052 5198 1171 5269 ipso
1210 5196 1433 5254 Christo
1482 5196 1550 5253 ad
1580 5212 1704 5252 eum
1730 5178 1941 5252 'missa.
1977 5194 2159 5262 Quare

588 5291 645 5346 in
693 5290 785 5345 illa
827 5301 882 5346 et
929 5291 1236 5349 secundum
1284 5291 1721 5356 similitudinem,
1770 5300 1826 5345 et
1870 5289 2034 5346 simul
2067 5305 2162 5359 per

589 5382 951 5449 intellectum,
986 5383 1246 5441 adoratus
1295 5392 1379 5439 est
1416 5383 1713 5438 Christus:
1743 5397 1891 5437 nunc
1937 5382 2158 5449 quidem

588 5462 692 5539 sic,
730 5475 783 5530 in
819 5474 1004 5531 futuro
1035 5484 1217 5531 autem
1266 5475 1471 5531 saeculo
1515 5473 1788 5529 intuitive.
1820 5476 1896 5527 Ac
1922 5472 2161 5527 visibilis

585 5567 720 5638 qui/
758 5582 813 5624 η
844 5568 1019 5637 ipsius
1064 5566 1158 5624 Dei
1189 5567 1569 5639 apparitionis,
1618 5574 1679 5622 ut
1723 5564 2163 5634 sapientissimus

658 5679 706 5711 "
733 5678 877 5736 Psal.
907 5696 980 5743 cr,
1013 5682 1068 5742 8.
1180 5679 1392 5739 "Psal.
1426 5695 1501 5747 ιι,
1538 5679 1627 5735 10.

587 5745 639 5782 ⁸⁸
675 5748 865 5807 Matth.
892 5768 1084 5821 uvnt,
1118 5750 1203 5807 l7.
1334 5754 1355 5767 ’

1723 5678 1768 5711 ⁷⁸
1794 5676 1938 5734 Psal.
1969 5693 2139 5744 Lxxn,
2176 5678 2224 5732 l.

2327 4001 2391 4056 Et
2425 4002 2485 4057 δέ
2516 4019 2605 4067 τις
2636 4003 2796 4075 φαίη·
2830 4004 3073 4072 Οὐκοῦν,
3103 4006 3294 4078 ἐπειδὴ
3329 4008 3451 4062 εστι
3496 4025 3586 4075 μοι
3635 4009 3853 4081 νοερῶς

2259 4099 2627 4168 προσκυνεῖν,
2670 4097 2944 4169 παρέλκον
2993 4099 3055 4154 ὲν
3097 4102 3295 4155 εἰκόνι·
3331 4103 3462 4155 ἰστω
3509 4104 3538 4155 6
3571 4100 3848 4166 τοιοῦτος,

2260 4186 2532 4257 ὴρνῆσθαι
2571 4186 2669 4241 καὶ
2690 4187 2752 4241 τὸ
2792 4188 2996 4259 νοερῶς
3026 4194 3355 4263 προσκυνεῖν
3383 4192 3643 4263 Χριστόν.
3669 4192 3741 4247 Ei
3772 4194 3849 4263 pit

2258 4280 2372 4351 γὰρ
2400 4281 2430 4333 6
2459 4278 2585 4342 νοῦς
2605 4281 2987 4353 ὲνοπτρισθείη
3009 4283 3068 4334 ὲν
3096 4281 3401 4354 ὁμοιώματι
3423 4282 3713 4354 ἀνθρώπου
3748 4288 3849 4339 αὖ·

2262 4371 2354 4424 τὸν
2383 4372 2441 4423 ἐν
2469 4370 2619 4442 δεξιᾷ
2650 4371 2745 4425 τοῦ
2780 4371 2917 4425 Θεοῦ
2962 4373 3057 4426 καὶ
3086 4373 3299 4444 Πατρὸς
3332 4373 3699 4445 κεκαθῆσθαι·
3744 4377 3849 4429 οὐκ

2265 4462 2489 4516 εἰσοίσει
2516 4462 2616 4532 τὴν
2636 4462 3040 4533 προσκύνησιν
3075 4465 3125 4518 εἰ
3159 4465 3235 4535 μή
3261 4483 3315 4519 τι
3342 4466 3450 4537 ἄρα
3471 4467 3847 4531 ἀποσκευαζει

2265 4554 2445 4624 σάρκα
2473 4553 2723 4623 γενέσθαι
2755 4552 2848 4608 τὸν
2879 4556 3072 4623 Λόγον.
3093 4556 3201 4609 Τοῦ
3234 4556 3292 4610 δὲ
3324 4556 3645 4627 ὡμοιῶσθαι
3679 4560 3847 4612 αὐτὸν

2264 4646 2538 4719 ἀνθρώπῳ
2558 4685 2573 4713 ,
2609 4647 2819 4717 μάρτυς
2847 4649 2880 4719 ή
2906 4646 3072 4701 εἰκὼν
3096 4647 3263 4702 αὐτοῦ
3293 4652 3458 4721 πιστή
3480 4665 3495 4681 ⁸
3528 4652 3624 4704 καὶ
3646 4654 3717 4722 τῇ
3748 4652 3847 4704 αύ-

2260 4739 2365 4809 τῆς
2397 4738 2674 4810 παραδοχῇ
2720 4741 2816 4793 καὶ
2857 4742 3263 4812 προσκυνήσει,
3300 4740 3705 4812 παραδέδεκται
3749 4744 3847 4797 καὶ

2263 4835 2652 4902 προσκυνεῖται
2684 4832 2916 4902 Χριστός
2936 4848 2950 4862 °
2992 4834 3067 4897 ὼς
3102 4833 3342 4903 ἔμπαλιν
3389 4834 3483 4886 ἐπὶ
3508 4836 3606 4906 τῆς
3638 4835 3845 4906 deni}-

2261 4939 2422 4985 σεως.
2479 4924 2890 4995 Προσεκύνησεν
2948 4924 3235 4997 Λῦγαρος,
3282 4927 3575 4999 δεξάμενος
3632 4931 3840 4991 πίστιν,

2262 5013 2467 5083 νοερῶς
2503 5016 2765 5088 Χριστόν·
2795 5017 3168 5088 προσεκύνησε
3202 5018 3260 5071 δὲ
3293 5018 3496 5089 μᾶλλον
3533 5019 3696 5073 αὐτὸν
3733 5022 3841 5090 ἐμ-

2262 5105 2594 5177 φανέστερον
2640 5108 2699 5159 ὲν
2743 5109 2809 5178 τῇ
2856 5107 2995 5178 πρὸς
3036 5108 3202 5161 αὑτοῦ
3234 5109 3477 5181 Χριστοῦ
3522 5111 3835 5181 πεμφθείσῃ

2262 5197 2412 5269 αύτῷ
2441 5202 2841 5273 ἀχειροποιήτῳ
2874 5202 3065 5257 εἰκόνι.
3098 5203 3260 5257 ’Ὥστε
3305 5207 3365 5258 ὲν
3392 5205 3533 5278 αὐτῇ
3561 5208 3841 5276 ὁμοιωμα-

2264 5292 2433 5356 τικῶς
2459 5294 2594 5363 ὁμοῦ
2635 5310 2695 5346 τε
2731 5297 2826 5347 καὶ
2870 5295 3072 5364 νοερῶς
3104 5296 3549 5369 προσκεκύνηται
3579 5300 3839 5371 Χριστνῐς·

2262 5382 2356 5437 νῦν
2387 5383 2485 5453 μὲν
2511 5382 2704 5448 οὕτως’
2738 5387 2797 5437 ἐν
2820 5386 2875 5438 δὲ
2902 5386 2977 5456 τῷ
3004 5385 3251 5458 μέλλοντι
3276 5387 3439 5442 αἰῶνι
3466 5390 3833 5452 αύτοπτικῶςο

2262 5474 2362 5546 τῆς
2396 5474 2497 5543 μὲν
2523 5475 2724 5544 ὁρατῆς
2753 5474 2920 5529 αὐτοῦ
2951 5478 3289 5548 θεοφανείας,
3313 5479 3392 5544 ὣς
3428 5498 3590 5550 φησιν
3611 5484 3640 5534 6
3665 5481 3839 5533 πολύ-

2264 5583 2426 5635 σοφος
2454 5566 2752 5636 Διονύσιος,
2786 5571 2845 5624 ἐν
2870 5571 3168 5641 πανάγνοις
3196 5571 3451 5645 θεωρίαις
3478 5575 3835 5645 amulum-5-

2318 5677 2365 5709 "
2388 5692 2615 5744 Lxxxm,
2650 5678 2705 5733 2.
2806 5679 2853 5712 ⁸⁵
2878 5680 2999 5737 Act.
3034 5698 3089 5748 ι,
3121 5680 3209 5738 30.

3311 5684 3356 5715 ⁸¹
3412 5682 3573 5743 Joau.
3602 5701 3690 5750 xx,
3722 5684 3821 5739 25.
