4054 6364
169 338 308 403 1289

1361 337 1899 399 EPISTOLARUM
1963 340 2034 399 L1
2046 341 2110 399 Β.
2169 340 2251 400 II.

3314 339 3450 404 ιεςο

166 471 347 526 μενοι,
391 453 721 522 φανοτάταις
772 455 924 527 ἡμᾶς
981 458 1374 527 μαρμαρυγαῖς
1433 472 1766 526 περιαστρα-

1875 459 1952 512 ait
2028 456 2325 526 Dionysius
2360 457 2448 521 ⁸³,
2509 456 2842 514 castissimis
2895 458 3451 528 contemplationibus

162 545 444 616 πτούσηςθ
493 545 568 610 ὡς
596 547 724 609 τοὺς
761 545 1010 617 μαθητὰς
1057 549 1114 599 ὲν
1151 547 1335 618 ἐκείνῃ
1381 551 1447 618 τῇ
1493 547 1745 618 θειοτάτῃ

167 637 616 708 μεταμορφώσει·
652 637 754 707 τῆς
789 636 847 690 δὲ
889 638 1087 709 νοητῆς
1119 638 1286 691 αὑτοῦ
1328 637 1660 706 φωτοδοσίας
1696 639 1756 690 ὲν

167 728 379 784 ἀπαθεῖ
412 728 507 782 καὶ
538 728 688 800 ἀῢλῳ
717 728 798 798 τῷ
824 727 901 799 νῷ
931 729 1273 798 μετέχοντες.
1298 728 1506 792 Ταῦτα,
1535 727 1644 782 εἴτε
1674 727 1760 784 ὲλο

165 820 368 886 λιπῶς,
393 822 503 874 εῐτε
532 821 869 892 ἀρκούντως,
904 821 1044 890 πρὸς
1071 820 1251 891 ἡμῶν.
1283 821 1463 892 ’Υμᾶς
1487 821 1545 875 δὲ
1575 839 1758 893 παραο

162 913 323 966 καλῶ
349 915 409 966 ἐν
430 915 544 976 τοῖς
586 913 716 985 περὶ⁸
755 911 892 966 Θεοῦ
926 911 1109 981 λόγοις
1136 911 1385 976 εὐλαϐῶς
1420 930 1479 965 τε
1513 913 1630 984 ἅμα
1663 914 1758 966 καὶ

164 1005 560 1077 προσεκτικῶς
586 1008 686 1068 τὰς
715 1002 1076 1075 ἑπιζητὴσεις
1106 1003 1401 1058 ποιεῖσθαι⁶
1432 1005 1529 1058 καὶ
1557 1003 1591 1075 ἢ
1623 1003 1758 1076 παρ’

167 1097 406 1164 ἑαυτῶν,
429 1099 462 1168 ἢ
488 1100 615 1168 παρ’
642 1097 849 1170 ἑτέρων
871 1097 934 1150 τὸ
959 1097 1161 1168 ἀληθὲς
1179 1096 1541 1168 ἐξευρίσκειν,
1565 1097 1758 1169 πόρρω

164 1189 413 1259 ἀφέντας
447 1189 508 1244 τὸ
546 1189 872 1263 ὲρεσχελεῖνο
905 1189 967 1242 οὐ
993 1190 1102 1259 μὴν
1124 1187 1262 1242 ἀλλὰ.
1285 1189 1380 1242 καὶ
1401 1188 1458 1241 εἴ
1476 1205 1530 1240 τι
1559 1187 1760 1254 ἐσφαλ-

172 1281 344 1350 μένον
365 1283 424 1335 ὲν
450 1285 563 1346 τοῖς
591 1282 930 1353 εἰρημένοις,
945 1281 1287 1353 διορθώσεως
1304 1283 1508 1352 τυχεῖνο
1529 1280 1761 1352 ἐπείπερ

169 1371 456 1441 όλιγόνους
483 1375 580 1428 καὶ
612 1373 935 1446 ἁμαρτωλὸς
961 1371 1095 1442 ἐγώ.

549 1680 690 1749 EQ".
716 1711 786 1722 —
806 1681 1175 1750 Κατήχησις.
1200 1678 1390 1751 [υμε’.]

1865 548 2037 620 pleni,
2087 547 2449 602 lucidissimis
2498 548 2884 618 splendor-ibus
2944 565 3046 605 nos
3107 551 3448 614 irratliantis,

1863 641 2095 713 perinde
2121 655 2185 694 ac
2211 639 2518 710 discipulos
2550 642 2605 695 in
2637 640 2984 696 divinissima
3021 642 3111 695 illa
3155 641 3452 710 transfigu-

1863 734 2119 798 ratione;
2186 731 2550 802 iutelligibilis
2631 749 2763 788 vero
2837 733 2960 804 ejus
3022 733 3449 796 illustrationis,

1866 825 2175 882 secundum
2206 835 2449 880 mentem
2489 827 2840 897 passiouibus
2872 835 2926 882 et
2971 827 3206 880 materia
3253 841 3450 880 caren-

1855 932 2004 987 tem,
2058 919 2359 991 participes
2417 920 2649 975 erimus.
2706 922 2885 990 Atque
2946 921 3101 982 hzec,
3165 919 3283 973 sive
3339 934 3450 973 non

1853 1011 2036 1082 plene,
2089 1012 2205 1066 sive
2259 1010 2620 1074 sumcienter,
2672 1025 2704 1066 a
2761 1011 2924 1066 nobis
2991 1011 3246 1081 accipite.
3298 1009 3454 1079 Rogo

1855 1109 2039 1156 autem
2073 1116 2174 1156 vos
2204 1109 2284 1166 ut,
2317 1115 2443 1156 cum
2476 1101 2545 1156 de
2575 1100 2688 1155 Deo
2728 1115 2912 1156 sermo
2955 1111 3060 1167 est,
3091 1099 3351 1169 religiose
3400 1107 3455 1152 et

1857 1201 2062 1248 attente
2098 1193 2435 1263 quaestiones
2487 1193 2776 1260 moveatis,
2829 1194 3230 1262 veritatemque
3279 1200 3377 1245 aut
3420 1207 3449 1243 a

1861 1285 2015 1340 vobis
2051 1285 2210 1354 ipsis,
2242 1295 2336 1340 aut
2377 1287 2446 1341 ab
2497 1286 2621 1341 aliis
2656 1284 2972 1356 inquiratis,
3007 1287 3197 1354 procul
3251 1283 3452 1353 rejecta

1861 1376 2220 1432 contentione
2267 1393 2282 1430 :
2325 1377 2421 1430 sed
2469 1384 2524 1430 et
2571 1376 2616 1431 si
2656 1376 2788 1446 quid
2837 1375 2895 1428 in
2933 1375 3001 1430 iis
3050 1389 3173 1444 quae
3208 1374 3452 1427 diximus

1863 1484 2106 1524 erratum
2148 1479 2255 1532 est,
2285 1469 2579 1536 corrigatis
2610 1487 2624 1522 :
2659 1484 2786 1522 cum
2833 1468 3016 1538 exigui
3066 1470 3170 1523 sim
3223 1465 3450 1536 ingenii,

1867 1573 1924 1617 et
1955 1570 2234 1633 peccator.

2345 1675 2534 1732 LXVI.
2557 1708 2626 1717 -—
2653 1677 2980 1734 Catecltest's.
3036 1665 3051 1685 ’

173 1795 401 1847 Primum
424 1797 589 1859 aliqua
611 1798 674 1846 de
699 1801 804 1847 suis
843 1799 996 1846 rebus
1017 1795 1224 1846 scribit:
1248 1795 1432 1845 deinde
1453 1796 1695 1847 adversus
1717 1794 2081 1859 Icono_machos.
2104 1793 2314 1842 Romani
2337 1796 2490 1842 etiam
2515 1795 2762 1859 pontificis
2784 1793 3038 1859 sententia
3063 1795 3318 1859 damnatos
3339 1809 3452 1859 esse

274 1862 492 1921 laetatur.
510 1856 644 1908 Suos
668 1861 726 1907 ad
756 1860 1177 1921 perseverantiam
1219 1859 1484 1921 hortatur:
1519 1862 1710 1920 piarum
1749 1856 2042 1906 feminarum
2088 1867 2256 1904 curam
2291 1856 2603 1906 commendat
2628 1871 2639 1904 :
2664 1856 2864 1905 demum
2887 1856 3107 1918 patiendi
3145 1867 3235 1918 pro
3259 1857 3455 1909 Christo

267 1919 492 1969 studium
517 1925 722 1970 excitat.
747 1919 959 1983 (Baron.
985 1935 1066 1970 an.
1094 1921 1206 1980 8l8,
1229 1933 1275 1969 η.
1316 1919 1415 1982 15.)

249 2004 328 2056 Τὸ
369 2004 541 2075 παρὸν
571 2005 768 2068 κοινῶς
816 2007 951 2058 πᾶσι
984 2007 1078 2058 καὶ
1109 2006 1208 2058 οὐκ
1254 2005 1361 2077 ἰδίᾳ
1400 2005 1619 2075 ἑκάστῳ
1648 2004 1767 2056 ἑπι-

1940 2000 2191 2056 Prteseus
2221 1999 2484 2069 temporis
2523 1999 2769 2054 conditio
2798 2000 2990 2069 poscit,
3026 2010 3085 2056 ut
3115 1999 3452 2070 conjunctim

172 2095 391 2149 στεῖλαί
422 2114 488 2164 με
513 2113 528 2126 ·
559 2097 659 2149 οὐκ
687 2098 754 2150 ἐκ
787 2099 1248 2168 καταφρονήσεως
1269 2141 1285 2168 ,
1317 2097 1440 2151 οὐδὲ
1471 2097 1532 2162 ἐξ
1572 2097 1768 2164 ὀλιγω-

173 2185 329 2254 ρίας.
361 2186 562 2255 ἄπαγε’
594 2187 713 2250 πῶς
745 2187 854 2258 γὰρ
883 2187 952 2241 ἂν
974 2189 1455 2259 καταφρονήσαιμι
1481 2187 1591 2239 τῶν
1619 2187 1767 2256 ἐμῶν

173 2275 512 2344 σπλάγχνων
548 2275 645 2330 καὶ
683 2276 1036 2349 ὁμολογητῶν
1071 2278 1333 2349 Χριστοῦ,
1373 2278 1448 2349 μὴ
1477 2279 1600 2349 οὐχὶ
1635 2278 1770 2348 μᾶλ-

173 2368 276 2420 λον
315 2371 412 2422 καὶ
442 2368 502 2444 τὸ
535 2363 680 2439 αἷμά
711 2385 813 2439 μου
847 2370 1043 2424 κενοῦν
1085 2372 1208 2424 ἀντὶ
1247 2371 1498 2442 μέλανος,
1536 2373 1632 2424 καὶ
1671 2372 1769 2433 τὰς

171 2459 396 2528 σάρκας
425 2460 686 2530 παρέχειν
708 2460 832 2513 ἀντὶ
861 2460 1091 2531 χάρτου’
1115 2463 1196 2526 εις
1217 2463 1282 2515 τὸ
1315 2463 1685 2532 ωθεκάστην,
1719 2464 1768 2515 εἰ

169 2543 293 2602 οἷόν
323 2567 384 2603 τε
415 2547 504 2620 ἦν,
541 2553 778 2623 γράφειν
810 2554 904 2606 καὶ
941 2556 1288 2625 προσφωνεῖν
1318 2556 1500 2625 suac;
1535 2556 1644 2607 Καὶ
1671 2556 1769 2625 οὐχ

169 2642 266 2694 ὅτι
297 2643 398 2696 οὐκ
421 2644 547 2696 ἐστὲ
574 2645 669 2714 ἀφ’
693 2645 906 2698 ἑαυτῶν
928 2647 1346 2719 ἐστηριγμένοι.
1377 2644 1508 2702 Οἶδα
1537 2649 1648 2722 γὰρ
1674 2653 1770 2704 καὶ

171 2735 490 2807 πέπεισμαι
531 2739 632 2807 ὅση
672 2740 802 2808 ὑμῖν
845 2741 879 2810 ὴ
933 2740 1085 2813 παρὰ
1130 2740 1266 2794 Θεοῦ
1305 2739 1539 2812 δύναμις
1564 2757 1578 2771 °
1631 2743 1770 2797 ἀλλά

170 2829 275 2882 τὸν
299 2828 540 2897 ἐμαυτοῦ
569 2830 738 2883 πόθον
777 2831 1132 2902 θεραπέυων,
1177 2836 1271 2888 καὶ
1313 2835 1375 2888 τὸ
1413 2835 1515 2904 τῆς
1547 2836 1770 2906 ἐντολῆς

173 2921 522 2994 ἀποπληρῶν
542 2922 721 2994 χρέος.
753 2924 935 2978 Αἴτιον
953 2927 1009 2980 δὲ
1038 2927 1101 2980 τὺ
1127 2929 1226 2998 τῆς
1255 2929 1530 3000 φυλακῆς,
1567 2930 1769 2999 μᾶλλον

174 3015 614 3086 ἀσφαλέστερον·
651 3017 1086 3088 μεθορισθέντων
1114 3021 1275 3091 ἡμῶν
1300 3023 1447 3093 ἄρτι,
1470 3022 1649 3085 καθὼς
1675 3023 1769 3075 καὶ

175 3106 606 3178 προηκούσατε,
657 3110 716 3175 ἐξ
775 3108 1140 3164 Ἀνατολικῶν
1190 3113 1271 3176 εἰς
1314 3113 1658 3184 Θρᾳκησίους
1711 3115 1769 3168 ὲν

175 3197 440 3270 Σμύρνῃο
470 3199 552 3268 τῷ
575 3217 632 3252 τε
665 3202 739 3271 μὴ
761 3201 1018 3265 δέξασθαι
1052 3204 1362 3275 ἀντίγραφα
1407 3206 1516 3258 ἀπὸ
1553 3205 1766 3274 χρόνόυε

174 3289 283 3340 καὶ
319 3290 495 3355 ἄλλως
526 3291 741 3356 ὅτιξοίς
769 3294 905 3357 ῐσοις
928 3295 1258 3363 ἀγωνισταῖς
1282 3297 1314 3366 ἡ
1345 3296 1484 3367 αὑτὴ
1509 3296 1767 3367 ἐπιστολὴ

174 3379 474 3449 ἀρκέσειεν
496 3384 626 3453 ἄρα.

252 3559 427 3630 Δεῦρο
453 3560 518 3631 δὴ
542 3557 658 3627 οὖν,
689 3563 910 3633 ἀδελφοί
942 3582 1069 3634 μου,
1099 3564 1320 3636 ᾅσωμεν
1353 3569 1444 3619 καὶ
1483 3567 1581 3621 νῦν
1610 3586 1770 3638 χαρι⁴

176 3653 410 3722 στήρια,
431 3654 514 3708 ὅτι
536 3653 851 3726 ἠξιώθημεν
872 3656 1148 3710 δουλεύειν
1178 3657 1298 3728 Θεῷ
1321 3659 1486 3724 ζῶντι
1512 3662 1608 3713 καὶ
1633 3662 1768 3729 ἀλη-

175 3742 339 3812 θινῴο
369 3745 431 3796 οὺ
471 3744 596 3815 μὴν,
628 3746 761 3799 ἀλλὰ
794 3749 886 3800 καὶ
911 3747 972 3800 τὸ
998 3748 1137 3819 ὑπὲρ
1156 3748 1322 3801 αὑτοῦ
1350 3750 1600 3820 πάσχεινο
1631 3752 1771 3821 ὅπερ

175 3835 305 3888 ἐστὶ
334 3835 496 3906 δόξης
536 3837 754 3908 ἀπάσης
792 3838 1154 3908 ἐνδοξότερον,
1195 3841 1291 3895 καὶ
1326 3843 1503 3912 χαρᾶς
1548 3843 1772 3912 ἁπάσης

175 3927 562 3998 χαριέστερονο
608 3930 696 3982 Ἐν
728 3930 834 3983 τίνι
864 3934 974 4002 γάρ
997 3933 1059 3986 τὸ
1089 3933 1260 3995 πάθος
1288 3933 1452 4002 ὑμίν;
1501 3935 1643 3988 Ἀλλ’
1671 3936 1770 4004 οὐχ

174 4019 330 4089 ὑπὲρ
367 4019 462 4071 τοῦ
500 4021 772 4090 Χριστοῦ;
809 4023 1045 4093 Χριστὸν
1077 4024 1436 4094 ὁμολογοῦσιν
1483 4027 1771 4098 ἄνθρωπον

172 4110 453 4178 γεγονότα
473 4149 488 4173 ,
523 4110 796 4181 ἀληθινῶς
841 4114 1016 4184 σαρκὶ·
1037 4116 1478 4185 περιγράφεσθαι
1503 4132 1518 4146 ’
1551 4118 1649 4170 εἴτ’
1676 4114 1771 4170 οὖν

172 4199 610 4263 ἔξεικονίξεσθαι
631 4219 644 4230 ·
676 4203 774 4254 καὶ
799 4204 900 4272 τὴν
933 4207 1034 4273 τῆς
1071 4205 1281 4270 εἰκόνος
1322 4207 1640 4279 παραδοχὴν
1671 4209 1770 4278 τῆς

171 4289 655 4362 ὲνανθρωπήσεως
689 4293 855 4346 αὐτοῦ
893 4289 1036 4348 εἶναι
1075 4296 1370 4350 πίστωσιν·
1409 4293 1476 4370 ἦς
1511 4300 1767 4368 ἀναιρου-

173 4382 357 4451 μένης
399 4383 494 4435 καὶ
544 4383 937 4458 ἁθετουμένης,
983 4388 1229 4458 δηλονότι
1271 4390 1646 4462 συνανῄρηται
1679 4395 1772 4445 καὶ

171 4473 551 4546 συνηθέτηται
577 4477 670 4529 καὶ
711 4479 1197 4551 ηὲνανθρώπησις.
1243 4481 1386 4535 Ἀλλ’
1413 4483 1602 4553 ἐπειδὴ
1632 4484 1736 4538 stt)
1763 4513 1771 4524 ε

165 4569 434 4634 φλωσεν
467 4570 501 4620 ό
549 4568 694 4635 Θεὸς
749 4571 856 4625 τοῦ
896 4571 1114 4639 αἰῶνος
1142 4574 1356 4629 τούτου
1391 4573 1464 4628 τὰ
1500 4577 1773 4644 νοήματα

164 4655 291 4709 τῶν
338 4657 752 4728 Εἰκονομάχων,
789 4661 928 4730 πρὸς
971 4660 1034 4712 τὸ
1081 4660 1157 4731 μὴ
1185 4662 1428 4730 αὐγάσαι
1460 4663 1648 4725 αὐτοῖς
1679 4665 1771 4715 τὸν

1870 2091 2132 2145 omnibus
2160 2105 2271 2145 non
2295 2089 2530 2160 singulis
2555 2089 2809 2158 privatim
2839 2089 3052 2145 litteras
3075 2091 3222 2157 dem,
3249 2109 3358 2145 non
3391 2107 3455 2146 ex

1870 2191 2188 2252 contemptu
2239 2181 2325 2235 vel
2384 2181 2676 2251 neglectu,
2735 2181 2877 2235 absit
2932 2200 2945 2234 :
2998 2198 3124 2236 nam
3177 2185 3456 2252 quomodo

1868 2275 2080 2330 viscera
2133 2289 2254 2328 mea
2294 2289 2549 2343 speruam
2592 2282 2647 2328 et
2688 2271 3042 2328 confessores
3093 2275 3322 2339 Christi,
3356 2292 3456 2331 nec

1869 2367 2057 2438 potius
2095 2367 2419 2437 sanguinem
2451 2366 2573 2420 vice
2611 2366 2899 2420 atramenti
2931 2365 3182 2430 fututam,
3221 2368 3454 2437 pellem-

1869 2475 1978 2530 que
2029 2474 2128 2528 pro
2174 2460 2366 2512 charta
2409 2458 2705 2528 praebeam,
2765 2464 2823 2511 ut
2871 2457 3106 2528 singulis
3139 2459 3354 2523 diebus,
3408 2457 3454 2513 sl

1872 2550 1989 2604 fieri
2021 2548 2219 2618 possit,
2250 2563 2349 2602 vos
2386 2547 2608 2616 scriptis
2642 2547 2838 2600 litteris
2865 2545 3159 2614 alloquar?
3185 2545 3255 2598 At
3282 2561 3457 2614 neque

1873 2641 2088 2696 idcirco
2117 2639 2265 2710 quod
2294 2653 2393 2708 per
2419 2653 2515 2692 vos
2555 2637 2656 2707 ipsi
2689 2636 2848 2690 firmo
2883 2637 3052 2690 animi
3089 2637 3288 2690 robore
3315 2651 3456 2705 prat-

1869 2735 1970 2789 diti
2026 2750 2136 2789 non
2189 2733 2334 2789 sitis.
2397 2730 2532 2786 Novi
2586 2731 2738 2784 enim
2789 2745 2853 2785 ac
2901 2745 3225 2800 persuasum
3281 2730 3456 2783 habeo

1869 2837 2077 2897 quanta
2111 2826 2185 2881 sit
2214 2825 2373 2880 vobis
2416 2839 2446 2878 ιι
2480 2823 2591 2877 Deo
2624 2823 2800 2877 virtus
2833 2842 2846 2878 :
2874 2823 2970 2877 sed
3012 2821 3288 2876 desiderio
3335 2834 3457 2874 meo

1870 2919 2286 2979 obsecundans,
2311 2931 2378 2970 ac
2407 2917 2650 2969 mandati
2683 2915 2934 2970 debitum
2965 2916 3276 2970 exsolvens.
3307 2913 3457 2967 Scri-

1870 3013 2033 3068 beudi
2059 3019 2244 3065 autem
2269 3023 2439 3063 causa
2467 3018 2572 3073 est,
2601 3007 2922 3075 diligentior
2951 3007 3127 3060 multo
3155 3005 3407 3060 custodia
3441 3021 3456 3057 :

1869 3103 2017 3173 quod
2085 3099 2321 3156 traducti
2379 3113 2614 3163 sumus,
2659 3097 3126 3168 quemadmodum
3183 3105 3238 3150 et
3303 3096 3457 3166 prius

1869 3191 2259 3253 inaudivistis,
2315 3204 2382 3243 ex
2435 3186 2678 3242 Orientis
2740 3195 2921 3242 tractu
2983 3187 3038 3240 iu
3085 3185 3456 3241 Tltraceusem

1872 3283 2165 3354 Smyrnam
2204 3300 2216 3335 :
2251 3293 2361 3336 tum
2395 3296 2525 3334 vero
2559 3279 2706 3350 quod
2743 3279 3070 3350 jamdudum
3119 3277 3190 3332 ad
3221 3292 3325 3331 nos
3364 3293 3457 3330 rc-

1793 3395 1837 3453 c
1870 3379 2073 3448 scripta
2121 3392 2234 3431 non
2285 3374 2644 3446 perferuntur
2678 3391 2690 3427 :
2725 3373 2945 3436 deinde,
2984 3371 3133 3441 quod
3178 3385 3244 3424 ex
3297 3385 3458 3439 teth

1868 3467 2264 3523 dimicantibus
2288 3466 2523 3536 epistola
2559 3480 2667 3519 una
2701 3464 2922 3519 abunde
2953 3462 3141 3517 futura
3172 3470 3277 3516 est.

1938 3560 2096 3630 Agite
2149 3559 2372 3628 itaque,
2416 3557 2616 3612 fratres
2666 3558 2820 3612 mei:
2867 3572 3014 3611 nunc
3074 3569 3297 3626 quoque
3351 3569 3457 3608 nou

1870 3651 1991 3707 sine
2022 3661 2186 3706 cantu
2215 3660 2404 3722 grates
2429 3665 2680 3720 agamus,
2701 3649 2849 3720 quod
2879 3648 3034 3717 digni
3068 3647 3244 3702 habiti
3263 3661 3458 3702 sumus

1870 3742 1963 3810 qui
1987 3741 2100 3798 Deo
2122 3743 2249 3797 vivo
2273 3756 2339 3796 ac
2365 3755 2495 3796 vero
2525 3742 2835 3797 serviamus
2863 3754 3084 3808 :neque
3113 3738 3218 3792 hoc
3251 3737 3456 3800 solum,

1870 3831 1968 3886 sed
2009 3841 2064 3886 et
2105 3830 2200 3901 qui
2233 3845 2334 3901 pro
2370 3831 2492 3901 ipso
2525 3831 2801 3900 patiamur
2831 3847 2847 3883 :
2875 3827 3025 3900 quod
3075 3843 3294 3883 omnem
3337 3827 3458 3896 glo-

1870 3923 2010 3978 riam
2077 3933 2339 3993 superat,
2401 3937 2737 3994 omnemque
2801 3921 3072 3976 laetitiam.
3131 3919 3269 3974 Nam
3333 3934 3459 3989 qum

1872 4017 2028 4071 vobis
2079 4031 2246 4070 causa
2291 4014 2571 4086 patiendi?
2604 4017 2802 4070 Annon
2855 4024 3082 4084 propter
3123 4013 3456 4068 Christum?

1871 4107 2018 4178 quod
2063 4106 2350 4162 Christum
2389 4107 2673 4161 hominem
2709 4106 2916 4162 factum
2956 4104 3300 4160 confitemini
3331 4120 3460 4159 vero

1872 4215 2040 4256 carne
2069 4199 2477 4263 circumscribi,
2522 4208 2688 4267 atque
2723 4198 2861 4254 adeo
2891 4197 3156 4253 delineari
3203 4197 3454 4268 pictura;
3563 4212 3565 4215 ·

1871 4308 1937 4348 ac
1964 4292 2209 4363 ejusdem
2243 4293 2502 4363 imaginis
2538 4293 2971 4362 susceptionem,
3017 4292 3166 4345 illius
3198 4291 3458 4359 incorpo-

1872 4386 2104 4441 rationis
2155 4384 2315 4441 ﬁdem
2368 4400 2670 4455 esse:qua
2722 4383 2942 4439 sublata
2999 4393 3055 4438 et
3101 4391 3456 4451 contempta,

1873 4477 2084 4532 tollitur
2117 4478 2348 4533 omnino
2395 4487 2453 4533 et
2498 4476 2875 4534 contemnitur
2911 4475 3312 4544 iucorporatio.
3347 4474 3456 4530 Sed

1872 4573 2136 4640 quoniam
2188 4570 2328 4627 Deus
2371 4570 2531 4640 hujus
2575 4571 2763 4626 saecula”
2790 4569 3077 4624 excecavit
3117 4578 3312 4621 mentes
3341 4567 3456 4622 lcu-

1875 4664 2274 4718 nomachorum
2299 4663 2370 4729 “,
2403 4675 2464 4719 ut
2489 4680 2557 4719 ne
2588 4663 2870 4733 afl‘ulgeret
2895 4662 2962 4717 iis
2993 4661 3254 4730 splendor
3278 4660 3455 4729 ipsius

167 4747 469 4818 φωτισμὸν
509 4749 612 4818 τῆς
654 4751 864 4814 εἰκόνος
909 4751 1113 4805 αὐτοῦ’
1149 4753 1242 4806 διὰ
1275 4752 1434 4808 τοῦτο
1477 4755 1538 4807 ὲν
1584 4756 1766 4807 σκότει

1873 4754 2175 4824 imaginis:
2210 4755 2421 4810 idcirco
2480 4755 2535 4808 in
2593 4753 2835 4809 tenebris
2897 4752 3242 4807 ambulantes
3296 4751 3459 4804 Chri-

163 4839 631 4910 διαπορευόμενοι
659 4842 952 4912 ἀρνοῦνται
975 4844 1229 4915 Χριστὸν,
1257 4845 1584 4916 ἀρνούμενοι
1601 4846 1771 4898 αὑτοῦ

162 4932 280 4998 τὴν
314 4929 524 4983 εἰκόνα·
554 4932 648 4984 καὶ
676 4933 1048 5000 φιλονεικοῦσι
1077 4936 1288 4998 πάντας
1321 4936 1770 5006 συνεκτυφλωθῆ-

163 5038 268 5076 ναι
301 5020 516 5081 αὐτοῖς’
547 5023 858 5088 διώκοντες.
886 5027 1212 5092 αἰκίζοντες,
1235 5027 1647 5095 φυλακίζοντες,
1674 5028 1772 5082 καὶ

163 5115 256 5178 ὡς
285 5117 466 5166 εἰπεῖν
495 5115 584 5168 ἀεὶ
625 5117 1040 5182 ἀποκτὲνοντες.
1099 5120 1240 5173 Ἀλλ’
1272 5121 1371 5190 οὐχ
1399 5120 1612 5185 ἒλξουσι
1645 5124 1772 5185 τοὺς

167 5206 589 5278 βεϐαιωθὲντας
635 5211 732 5263 καὶ
791 5211 1220 5283 ἐστηριγμένους
1270 5216 1337 5284 τῇ
1390 5215 1772 5286 ἀμεταπτώτῳ

164 5296 439 5368 ἀληθείᾳ.
469 5298 592 5352 Οὐδ’
623 5300 684 5353 οὐ
719 5306 826 5372 μὴν
858 5302 1118 5372 διέφυγον
1161 5303 1237 5374 μὴ
1263 5306 1384 5375 οὐχὶ
1415 5307 1512 5358 καὶ
1541 5307 1647 5358 ὑπὸ
1675 5305 1770 5358 τοῦ

164 5388 493 5462 κορυφαίου
557 5393 747 5462 θρόνου
795 5395 894 5464 τῆς
959 5397 1290 5468 Ἐκκλησίας
1344 5397 1766 5470 διελεγχθῆναι,

163 5480 373 5545 καθὼς
401 5483 496 5536 καὶ
526 5485 745 5553 ἐγένετο
767 5527 783 5554 ,
817 5489 910 5541 καὶ
942 5489 1142 5544 οἴδατε.
1175 5490 1287 5544 Καὶ⁷
1317 5486 1386 5560 ἦν
1423 5491 1522 5560 μὲν
1547 5492 1679 5561 ἡμῖν
1705 5492 1769 5545 τὸ

162 5570 432 5639 ἀσφαλὲς
461 5573 557 5627 καὶ
585 5575 914 5644 εἰλικρινὲς,
956 5580 1053 5631 καὶ
1083 5578 1188 5646 πρὸ
1231 5579 1332 5649 τῆς
1372 5580 1481 5632 τῶν
1522 5578 1767 5633 Δυτικῶν

162 5662 475 5727 ἐλεύσεως.
514 5665 887 5734 Προσεγένετο
924 5669 980 5723 δὲ
1021 5671 1182 5724 πλέον
1227 5671 1309 5724 ὅτι
1361 5671 1597 5742 μάλιστα
1638 5672 1768 5726 κάν-

254 5780 304 5812 ⁸³
327 5780 393 5837 de
421 5781 540 5839 Div.
573 5786 888 5851 nominibus,
917 5805 1042 5859 cap.
1069 5791 1120 5844 1.
1198 5792 1244 5824 ⁸⁸
1268 5789 1310 5847 ll
1339 5792 1464 5848 Cor.
1499 5807 1571 5858 tv,
1609 5791 1660 5845 ι.

483 5881 752 5946 ΡΑτιιοι.
804 5887 899 5949 Gn
973 5888 1186 5954 XCIX.

1871 4857 2015 4901 stum
2033 4847 2331 4918 abnegauit,
2363 4848 2537 4918 ipsius
2565 4847 2860 4918 imaginem
2886 4848 3220 4916 abnegautes
3251 4863 3266 4900 :
3294 4855 3460 4914 atque

1869 4939 2023 4992 omni
2059 4955 2165 5009 ope
2206 4941 2552 4996 contendunt
2607 4949 2665 4997 ut
2693 4955 2890 4995 omnes
2941 4957 3068 4994 cum
3106 4939 3241 5010 ipsis
3266 4953 3458 4994 caecu-

1872 5031 2010 5084 tiant
2044 5049 2058 5085 :
2093 5040 2510 5100 persequentes,
2565 5030 2858 5097 cadentes,
2891 5032 3096 5086 carceri
3132 5029 3458 5100 mancipau-

1872 5133 1976 5189 tes,
2027 5139 2094 5178 ac
2155 5125 2553 5194 propemodum
2594 5139 2808 5194 semper
2857 5125 3190 5180 occidentes.
3234 5124 3306 5176 At
3347 5138 3454 5177 non

1878 5217 2202 5287 pertrahent
2241 5232 2338 5272 eos
2363 5218 2458 5286 qui
2509 5217 2818 5272 confirmati
2857 5227 2986 5273 sunt
3019 5231 3084 5271 ac
3111 5217 3458 5272 corroborati

1875 5309 2211 5364 immutabili
2256 5312 2509 5365 veritate.
2543 5309 2688 5366 Sane
2732 5326 2841 5366 non
2889 5309 3216 5380 effugerunt,
3257 5307 3390 5378 quin
3424 5323 3458 5361 a

1874 5415 2135 5470 supremo
2164 5399 2428 5458 Ecclesiae
2449 5401 2648 5457 throno
2671 5411 3054 5473 arguerentur,
3083 5401 3225 5455 sicut
3252 5399 3456 5454 factum

1874 5501 1980 5558 est,
2015 5503 2071 5549 et
2101 5496 2208 5565 ipsi
2236 5496 2411 5552 scitis.
2447 5495 2517 5551 Et
2544 5495 2706 5551 nobis
2740 5495 2956 5564 quidem
2989 5503 3104 5548 tuta
3149 5501 3204 5548 et
3241 5492 3459 5548 sincera

1878 5596 2040 5641 erant
2072 5588 2280 5656 omnia,
2307 5589 2474 5645 etiam
2509 5597 2637 5644 ante
2669 5585 3103 5644 Occidentalium
3137 5585 3454 5639 adventum.

1876 5676 2178 5736 Plurimum
2231 5697 2358 5738 vero
2403 5682 2567 5738 etiam
2602 5681 2729 5738 inde
2766 5681 3020 5745 accessit,
3054 5689 3114 5735 ut
3161 5691 3458 5749 cognosca-

2943 5883 3014 5943 41
