4054 6364
609 311 744 379 1291

1801 305 1864 368 S.
1886 299 2283 365 THEODORI
2337 301 2686 363 STUDIT/E

3746 299 3876 364 129:1

609 439 756 486 mus,
786 419 861 473 uti
891 417 1204 490 superiores
1244 426 1456 480 aetates,
1499 414 1580 472 sic
1609 421 1665 469 et
1696 423 1940 470 nostram
1973 427 2194 483 quoque

2296 411 2508 474 τεῦθεν,
2533 413 2609 475 ὡς
2633 413 2700 465 ἂν
2721 411 2940 481 γνῶμεν
2963 412 3047 464 ὅτι
3071 409 3344 464 ἀκόλουθα
3370 414 3487 475 ταῖς
3507 412 3626 466 ἄνω
3652 417 3884 479 γενεαῖς,

607 514 720 568 Deo
753 526 898 567 cura:
939 525 1086 573 esse,
1117 518 1282 578 atque
1312 507 1381 562 ab
1421 507 1543 576 ipso
1573 516 1700 560 ante
1725 503 1973 558 omnium
2005 503 2198 558 oculos

607 605 867 662 constitui
904 604 1306 666 testimonium,
1338 600 1487 670 quod
1533 598 1602 652 ab
1647 613 1714 651 eo
1757 595 1922 650 alieni
1954 596 2064 650 sint
2098 593 2195 664 qui

609 697 904 766 imaginem
959 701 1180 764 negant.
1230 691 1288 745 Si
1341 691 1490 745 enim
1540 705 1568 742 a
1633 689 1925 759 coryphan
1975 686 2196 756 abrupti

605 801 755 856 sunt,
807 799 862 844 et
907 787 975 842 ab
1027 787 1152 842 aliis
1193 785 1370 840 tribus
1416 784 1783 854 patriarchis;
1828 781 2019 851 utique
2071 791 2125 834 et
2164 795 2195 834 a

605 885 852 946 Christo,
910 883 1002 953 qui
1065 892 1230 952 caput
1289 891 1371 934 est
1433 878 1817 948 przedictorum
1851 893 1868 931 :
1902 885 1956 930 et
2012 875 2197 946 lugere

606 978 822 1032 illorum
851 991 1018 1031 οουεςι
1057 985 1114 1030 et
1153 989 1387 1029 mcerere
1415 971 1694 1036 convenit,
1724 979 1914 1025 nostra
1950 983 2082 1024 vero
2106 969 2197 1022 lae-

603 1071 708 1126 tari
745 1085 911 1139 supra
949 1068 1200 1122 modum.
1817 1105 1839 1133 η

677 1161 946 1231 Deinceps
977 1160 1185 1230 itaque,
1220 1157 1428 1222 dilecti,
1471 1155 1712 1211 carceris
1745 1155 2027 1210 molestias
2071 1169 2196 1223 per-

608 1251 877 1315 feramus,
931 1266 997 1306 ac
1053 1252 1393 1306 tentationes
1443 1265 1567 1318 quae
1625 1249 1986 1318 impendent;
2046 1247 2195 1302 istud

602 1345 809 1414 ipsum,
849 1343 1098 1414 quotidie
1127 1343 1290 1407 mori,
1323 1342 1698 1396 testimonium
1731 1341 1983 1406 reddere,
2008 1341 2197 1394 decer-

606 1446 725 1490 tare
769 1435 950 1506 quoad
1005 1449 1184 1504 usque
1232 1433 1387 1503 pacis
1440 1441 1658 1502 tempus
1712 1431 2013 1486 adveniat:
2051 1431 2196 1500 quod

604 1519 878 1582 Dominus
901 1526 1172 1598 judicavit
1208 1525 1344 1580 satis
1391 1540 1516 1579 esse
1567 1523 1636 1578 ad
1681 1539 1872 1578 eorum
1913 1523 2195 1594 probatio-

604 1635 731 1673 nem
781 1619 878 1690 qui
927 1618 1285 1683 conﬁtentur,
1334 1627 1390 1672 et
1440 1617 1508 1671 ad
1549 1616 1817 1671 ultionem
1860 1631 2053 1670 eorum
2099 1616 2196 1686 qui

603 1711 766 1767 fidem
799 1712 1018 1766 veritati
1066 1712 1360 1782 abrogant.
1403 1710 1532 1764 Dies
1567 1710 1716 1764 diem
1751 1709 1935 1763 trudat
1969 1723 2068 1777 per
2096 1722 2196 1776 pa-

607 1803 859 1856 tientiam
904 1810 960 1857 et
990 1802 1333 1858 alacritatem
1365 1819 1379 1854 :
1413 1817 1610 1856 manus
1639 1800 2028 1870 qualecunque
2057 1813 2196 1868 opus

606 1908 866 1964 operetur
913 1895 1146 1965 :lingua
1200 1895 1401 1966 psallat
1445 1912 1458 1948 :
1498 1909 1702 1963 corpus
1755 1894 1812 1948 in
1874 1893 2194 1948 servitutem

605 1991 942 2059 redigatur:
979 1990 1084 2045 sibi
1135 1991 1252 2060 ipse
1304 1989 1553 2044 attendat
1616 1989 1861 2056 animus,
1917 2003 1988 2042 ne
2045 1987 2197 2042 vitiis

606 2083 812 2152 pandat
849 2079 1042 2138 fores:
1078 2091 1138 2136 ut
1166 2097 1232 2136 eo
1278 2092 1440 2152 pacto
1490 2081 1734 2150 spatiosa
1784 2081 1878 2134 ﬁat
1920 2079 2192 2140 custodia,

606 2176 876 2245 gratiosa,
916 2175 1186 2246 jucunda,
1223 2175 1429 2230 Christi
1465 2175 1734 2244 palatium
1768 2188 1784 2227 :
1813 2189 1941 2228 nam
1992 2188 2080 2228 res
2119 2172 2199 2227 vi-

605 2271 770 2323 detur
813 2277 1008 2323 contra
1040 2283 1100 2323 se
1129 2268 1353 2322 habere.
1401 2267 1578 2324 Penes
1606 2283 1706 2323 vos
1737 2279 1822 2322 est
1867 2267 2067 2323 ﬁducia
2102 2282 2199 2322 eo-

605 2378 730 2416 rum
762 2363 858 2432 qui
895 2361 1032 2417 l'oris
1063 2371 1215 2425 sunt,
1252 2362 1498 2415 virorum
1536 2376 1600 2416 ac
1630 2361 1949 2427 mulierum,
1982 2362 2200 2414 monia.

606 2455 743 2508 lium
797 2470 862 2508 ac
893 2453 1084 2524 plebis
1119 2471 1131 2507 :
1185 2465 1244 2507 et
1277 2452 1408 2521 jure
1464 2454 1673 2523 optimo
1703 2473 1716 2508 :
1746 2455 2194 2525 quandoquidem

605 2547 816 2602 Christi
856 2545 1126 2600 beneﬁcio
1157 2546 1251 2599 lux
1282 2546 1418 2601 estis
1449 2546 1718 2618 Byzantii,
1749 2563 1818 2602 ne
1840 2548 2018 2602 dicam
2045 2549 2198 2602 orbis

608 2637 804 2692 totius.
834 2636 940 2691 Sed
973 2636 1258 2691 diabolum
1295 2638 1616 2691 intueamur
1642 2637 2064 2692 interserentem
2088 2636 2201 2690 fru-

530 2797 534 2800 η
605 2739 796 2784 mento
857 2728 1068 2784 zizania
1113 2739 1214 2784 :et
1260 2732 1504 2800 spiritali
1567 2729 1751 2784 cribro
1798 2731 1958 2784 [idem
2007 2730 2200 2798 utique

607 2822 991 2886 admittamus,
1038 2822 1386 2878 excutiamus
1417 2807 1609 2879 autem.
1631 2822 1862 2902 allectus
1895 2843 1909 2878 :
1939 2839 2008 2878 ne
2032 2824 2200 2895 spiri-

609 2916 735 2971 talis
775 2931 905 2986 ager
933 2917 1342 2986 pessumdetur.
1393 2916 1596 2972 Habuit
1640 2925 1696 2971 et
1733 2933 1966 2988 magnus
1993 2918 2199 2974 Paulus

608 3008 990 3073 cltarissimas,
1033 3010 1266 3080 Appiam
1293 3011 1364 3076 ⁸⁸,
1403 3011 1685 3065 Persidem
1711 3010 1758 3042 ⁸⁸
1788 3028 1802 3063 :
1837 3020 1892 3065 et
1933 3009 2199 3065 Evodiam

609 3111 789 3169 rogat,
824 3110 880 3155 et
913 3103 1236 3173 Syntychen
1273 3105 1628 3172 deprecatur,
1659 3102 1903 3171 Idipsum
1936 3119 2119 3169 sapere
2145 3103 2200 3155 in
2227 3120 2269 3178 ο

607 3190 838 3244 Domino
860 3190 906 3222 ⁸⁷
935 3210 948 3245 :
983 3200 1247 3263 tanquam
1299 3193 1553 3248 laborum
1590 3196 2064 3264 certaminumque
2108 3211 2201 3251 so-

608 3283 724 3335 cias
763 3290 819 3335 et
841 3281 1165 3350 adiutrices.
1214 3282 1284 3336 Et
1311 3282 1517 3337 habere
1556 3283 1789 3337 omnino
1828 3299 2054 3360 necesse
2090 3296 2197 3350 est,

608 3375 704 3428 sed
753 3375 1223 3443 quemadmodum
1276 3377 1369 3431 ille
1417 3377 1630 3432 habuit.
1668 3376 1879 3434 Deinde
1927 3379 2104 3450 inquit
2134 3383 2200 3436 de

607 3463 863 3519 Priscilla
895 3477 949 3518 et
975 3466 1218 3536 Aquila:
1255 3466 1538 3535 Siquidem
1571 3485 1670 3538 pro
1704 3469 1887 3524 anima
1920 3487 2034 3525 mea
2087 3487 2200 3525 cer-

606 3560 743 3612 uices
773 3575 900 3612 suas
923 3568 1312 3638 supposuerunt
1334 3561 1404 3616 ⁸⁸.

681 3651 850 3707 Vides
895 3654 1104 3708 amoris
1154 3653 1431 3720 ardorem,
1468 3665 1522 3710 et
1551 3657 1802 3726 Apostoli
1841 3657 2199 3715 commenda-

607 3745 852 3800 tionem?
901 3745 1016 3815 Sic,
1061 3749 1262 3804 fratres
1302 3749 1432 3814 mei,
1464 3758 1520 3805 et
1572 3766 1674 3806 nos
1723 3759 1778 3805 et
1827 3765 1945 3817 vos,
1993 3755 2198 3821 pariter

606 3839 918 3894 habeamus
947 3848 1004 3893 et
1043 3841 1448 3909 amplectamur
1492 3856 1589 3898 eas
1617 3857 1741 3913 qua:
1781 3842 2027 3914 ejusdem
2064 3858 2199 3899 con-

583 3932 835 3986 ditionis
865 3946 930 3986 ac
959 3932 1164 3995 meriti,
1198 3933 1360 3988 nobis
1391 3932 1667 4004 adjuncta:
1697 3945 1829 3989 sunt
1864 3950 1928 3990 ac
1951 3936 2146 3990 deditae
2178 3954 2193 3992 :

604 4033 764 4095 ut,et
810 4026 1153 4097 gloriticetur
1183 4026 1350 4092 Deus,
1388 4036 1445 4083 et
1479 4043 1582 4085 nos
1634 4029 2038 4095 illuminemur,
2083 4045 2194 4084 non

605 4119 964 4190 inquinemur
1002 4129 1187 4174 autem
1229 4130 1282 4174 et
1323 4121 1733 4190 perturbemur.
1769 4121 1846 4176 De
1890 4121 2048 4176 vobis
2095 4123 2197 4175 tri-

603 4213 710 4266 bus
749 4213 818 4267 ad
850 4227 938 4266 me
973 4213 1246 4282 perlatum
1278 4223 1384 4278 est,
1429 4214 1784 4270 consociatos
1819 4228 1916 4270 vos
1944 4229 2068 4270 esse
2098 4229 2196 4283 per

604 4311 987 4381 pmnitentiam
1040 4319 1103 4364 et
1162 4313 1530 4366 mutationem
1582 4309 1800 4366 Leontii
1851 4328 1868 4366 :
1915 4319 1971 4366 et
2017 4311 2192 4366 Deum

605 4402 906 4469 gloriﬁcavi
954 4419 1054 4474 ego
1103 4413 1385 4475 peccator,
1417 4413 1534 4458 tum
1581 4405 1653 4460 ob
1690 4405 1838 4460 illius
1891 4405 2194 4476 mitigatio-

605 4510 754 4558 nem,
789 4497 836 4550 si
882 4496 1049 4550 modo
1089 4507 1426 4566 perseveret,
1460 4506 1578 4552 tum
1611 4498 1684 4553 ob
1720 4509 1969 4554 vestrum
2015 4507 2194 4553 certa-

605 4606 732 4645 men
768 4611 779 4644 :
815 4591 986 4661 quod,
1023 4598 1300 4661 tanquam
1336 4607 1366 4647 e
1405 4593 1628 4648 camino
1677 4593 1823 4665 ignis
1867 4603 1980 4649 tres
2017 4593 2196 4648 sancti

601 4684 786 4753 pueri,
826 4684 907 4740 sic
942 4694 998 4740 et
1046 4685 1149 4754 ipsi
1201 4699 1233 4738 e
1285 4692 1430 4739 tetro
1484 4699 1710 4740 carcere
1753 4685 1910 4740 illaasi
1952 4687 2194 4754 exiistis,

604 4785 843 4846 tyranno
869 4778 1186 4847 perterrito.
1230 4776 1336 4832 Sed
1373 4777 1578 4843 adhuc,
1616 4778 1715 4832 viri
1762 4781 2000 4842 strenui,
2029 4781 2194 4834 dimi-

605 4875 747 4934 cate,
781 4878 836 4923 et
863 4883 965 4924 vos
1011 4868 1078 4923 ad
1122 4869 1486 4924 tentationem
1540 4879 1857 4939 comparate
1904 4887 2078 4941 usque
2123 4871 2192 4926 ad

605 4960 953 5031 sanguinem.
1006 4959 1134 5017 Hac
1171 4961 1318 5016 enim
1367 4961 1454 5016 lex
1489 4961 1741 5033 martyrii
1791 4970 1899 5018 est.
1949 4965 2074 5018 Sint
2112 4964 2190 5017 illi

603 5052 876 5108 benedicti
929 5054 1025 5124 qui
1084 5069 1184 5109 ves
1219 5054 1634 5120 corroborant,
1695 5070 1794 5110 seu
1847 5055 2034 5120 domi,
2090 5072 2187 5112 seu

601 5147 758 5203 foris.
792 5143 903 5201 Nos
941 5147 1132 5201 miseri
1170 5162 1392 5202 rursum
1435 5147 1611 5218 plagis
1653 5148 1779 5202 caesi
1819 5163 2014 5204 sumus
2047 5165 2062 5203 :
2093 5151 2186 5204 sed

543 5275 549 5282 ο
602 5254 729 5294 cum
759 5240 1060 5308 gratiarum
1099 5239 1318 5293 actione
1354 5240 1672 5308 excepimus
1703 5256 1718 5292 :
1746 5247 1802 5294 et
1830 5255 1978 5294 nunc
2012 5241 2188 5312 magis

599 5334 768 5390 etiam
797 5332 960 5387 nobis
987 5331 1289 5402 placemus.
1325 5330 1508 5396 Quare
1538 5346 1638 5386 nec
1659 5348 1758 5388 vos
1781 5335 2188 5390 contristemini

601 5428 656 5482 in
693 5425 1004 5481 humilitate
1035 5432 1260 5489 nostra;
1309 5423 1401 5478 sed
1449 5423 1684 5492 gaudete
1710 5424 1918 5494 potius,
1951 5433 2008 5480 et
2037 5435 2190 5481 orate

601 5527 660 5572 ut
681 5518 961 5572 valeamus
994 5515 1174 5570 adhuc
1204 5515 1258 5567 in
1291 5514 1578 5579 omnibus,
1610 5525 1664 5570 et
1687 5531 1750 5570 ea
1790 5517 2027 5572 tolerare
2061 5533 2185 5588 qua:

586 5624 632 5664 μα
669 5607 1034 5678 potestatibus
1073 5603 1407 5672 inferuntur,
1457 5615 1512 5662 et
1561 5620 1626 5663 ea
1659 5605 1935 5663 sustinere
1963 5623 2085 5678 qua:
2110 5609 2184 5664 ab

2300 505 2394 557 καὶ
2421 504 2520 577 τὴν
2552 505 2676 560 καθ’
2705 507 2858 576 ἡμᾶς
2889 509 2917 560 6
2946 507 3082 570 Θεὸς
3107 507 3424 560 ἐπισκοπῶν
3451 510 3768 560 ἐπισκοπεῖ·
3800 508 3885 560 καὶ

2299 597 2392 650 ὑπ’
2419 598 2541 667 ὄψιν
2577 599 2755 668 ἣγαγε
2788 600 2849 650 τὸ
2879 598 3204 670 μαρτύριον,
3241 601 3324 652 ὅτι
3355 599 3758 670 ἠλλοτρίωνται
3791 600 3884 652 αύ-

2297 690 2394 744 τοῦ
2433 692 2485 743 οἱ
2524 692 2624 761 τῆς
2671 691 2880 754 εἰκόνος
2927 691 3182 762 ἀρνηταί.
3215 692 3278 744 Et
3321 692 3431 761 γὰρ
3461 691 3555 744 τοῦ
3590 692 3886 760 κορυφαίου

2297 783 2406 836 εἰσὶ
2430 783 2846 856 διερῤηγμένοι,
2871 784 2981 838 τῶν
3005 802 3064 836 τε
3087 784 3291 854 ἑτέρων
3309 784 3480 855 τριῶν
3505 784 3884 854 πατριαρχῶν·

2295 877 2501 948 δηλαδὴ
2529 879 2625 930 καὶ
2653 879 2750 932 τοῦ
2783 877 3054 949 Χριστοῦ,
3084 878 3143 941 ὃς
3167 875 3379 947 κεφαλὴ
3405 877 3519 929 τῶν
3549 877 3885 946 προειρημέ-

2297 985 2425 1023 νων·
2459 972 2556 1023 καὶ
2579 970 2801 1024 πενθεῖν
2827 972 2947 1024 ἔστι
2980 971 3076 1023 καὶ
3102 970 3530 1040 σκυθρωπάζειν
3565 968 3656 1022 ἐπ’
3686 970 3884 1033 αὐτοῖς·

2297 1063 2429 1133 ἡμῖν
2458 1061 2517 1116 δὲ
2550 1063 2764 1135 χαίρειν
2798 1063 2944 1133 μέγα
2978 1063 3075 1116 καὶ
3101 1064 3402 1134 ὑπερφυές.

2381 1155 2728 1227 Ἐνέγκωμεν
2771 1155 2866 1210 οὖν
2899 1155 3085 1209 λοιπὸν
3109 1195 3124 1220 ,
3167 1157 3480 1226 ἀγαπητοὶ,
3525 1157 3599 1210 τὰ
3637 1155 3888 1209 eamme

2296 1248 2396 1319 τῆς
2417 1248 2686 1318 φυλακῆς·
2717 1248 2784 1302 τὰ
2810 1247 3245 1319 προσδοκώμενα
3265 1248 3346 1301 ἔτι
3376 1251 3740 1320 πειρατήρια·
3767 1249 3888 1302 αὐτὸ

2296 1341 2480 1408 τοῦτο,
2531 1341 2904 1413 ἀποθνήσκειν
2947 1341 3292 1412 καθημέραν,
3330 1345 3674 1412 μαρτυρεῖν,
3713 1341 3887 1395 ἀθλεῖν

2296 1434 2404 1497 ἕως
2433 1433 2500 1487 ἂν
2527 1434 2725 1504 ἐπιστῇ
2755 1434 2780 1486 6
2816 1433 3011 1503 καιρὸς
3038 1433 3138 1503 τ’ῆς
3167 1434 3412 1503 εἰρήνης·
3441 1433 3502 1486 ὃν
3525 1433 3552 1484 ὁ
3579 1431 3792 1504 Κύριος
3810 1434 3889 1486 δε-

2295 1526 2592 1595 δοκίμακεν
2635 1524 2951 1595 ἀρκούντως
2979 1524 3124 1596 ἔχειν
3161 1527 3241 1588 είς
3269 1524 3517 1594 δοκίμιον
3554 1525 3668 1578 τῶν
3701 1526 3887 1596 ὁμολο-

2298 1618 2559 1686 γούντων,
2617 1619 2713 1671 καὶ
2763 1617 3124 1686 ἀνταπόδομα
3169 1615 3278 1670 τῶν
3337 1615 3745 1670 ἀπειθούντων.
3833 1617 3886 1668 Ἦ

2230 1757 2271 1815 Β
2299 1712 2482 1784 ἡμέρα
2528 1711 2627 1783 τὴν
2669 1711 2887 1782 ἡμέραν
2928 1709 3299 1776 διαϐιϐαζέτω
3350 1709 3419 1762 δι’
3469 1709 3760 1781 ὑπομονῆς
3799 1711 3888 1764 καὶ

2298 1803 2632 1874 προθυμίας·
2664 1805 2698 1874 ὴ
2743 1804 2868 1873 χεὶρ
2909 1802 3230 1874 ὲργαζέσθω
3264 1802 3658 1874 οίονδηποτοῦν
3693 1803 3886 1872 ἔργον·

2297 1897 2360 1950 τὸ
2391 1897 2565 1966 στόμα
2590 1895 2867 1966 ψαλλέτω·
2899 1895 2962 1949 τὸ
2987 1895 3149 1966 σῶμα
3177 1895 3664 1964 δουλαγωγείσθω·
3704 1897 3733 1947 ὁ
3774 1895 3888 1958 νοῦς

2298 1990 2618 2062 προσεχέτω
2645 1988 2858 2060 ἑαυτῷ·
2897 1989 2974 2060 μὴ
3005 1989 3248 2057 ἀνοίγειν
3278 1987 3451 2060 θύραν
3494 1990 3612 2052 τοῖς
3643 1989 3883 2042 πάθεσιν·

2297 2085 2373 2148 ὡς
2399 2083 2465 2138 ἂν
2503 2084 2786 2154 ἡφυλακὴ
2815 2082 3130 2157 εὐρύχωρος
3175 2078 3317 2149 εἷεν,
3363 2083 3724 2155 εὐχάριστος,
3768 2084 3884 2151 γλυ-

2299 2177 2444 2238 κεῖα,
2483 2174 2748 2228 παλάτιον
2779 2172 3040 2241 Χριστοῦ.
3075 2173 3152 2226 Τὸ
3183 2173 3293 2244 γὰρ
3321 2174 3572 2228 ἐναντίον
3599 2174 3882 2245 πρῶηλον.

2298 2268 2490 2330 Πίστις
2515 2265 2671 2336 παρὰ
2702 2267 2810 2320 τῶν
2847 2265 3048 2331 ἔξωθεν
3089 2265 3228 2337 πρὸς
3259 2267 3426 2336 ὑμᾶς,
3457 2267 3680 2338 ἀνδρῶν
3713 2285 3776 2320 τε
3810 2269 3883 2320 καὶ

2298 2358 2608 2428 γυναικῶν·
2654 2359 3006 2429 μοναζουσῶν
3045 2376 3104 2412 τε
3138 2360 3235 2412 καὶ
3270 2359 3540 2427 μιγάδων.
3594 2359 3715 2412 Καὶ
3762 2361 3884 2412 εἱκὸ-

2297 2467 2428 2516 τως·
2455 2451 2578 2505 ἐπεὶ
2606 2451 2722 2522 φῶς
2746 2455 2870 2505 ὲστε
2900 2451 3091 2522 χάριτι
3120 2451 3361 2522 Χριστοῦ
3401 2452 3502 2521 τῆς
3539 2451 3880 2514 Βυζαντίδος·

2301 2543 2390 2596 ῖνα
2431 2542 2507 2613 μὴ
2540 2543 2702 2608 εἴπω,
2735 2541 2860 2595 ὅλου
2890 2541 2987 2594 τοῦ
3018 2542 3248 2613 κόσμου.
3297 2542 3464 2596 Ἀλλά
3487 2544 3788 2612 βλέπωμεν
3809 2544 3886 2595 τὸν

2300 2635 2693 2704 ὲπισπείροντα
2716 2635 2796 2706 τῷ
2821 2634 2955 2704 σίτῳ
2985 2635 3200 2700 ζιζάνια
3227 2635 3478 2690 διάϐολον
3498 2651 3513 2665 ·
3539 2636 3640 2688 καὶ
3671 2636 3754 2705 τῷ
3784 2637 3885 2688 δια-

2302 2724 2540 2796 νοητικῷ
2567 2725 2808 2794 κοσκίνῳ
2835 2725 2936 2796 τὴν
2981 2725 3081 2796 μὲν
3111 2725 3296 2779 πίστιν
3321 2725 3689 2796 προσιέμεθα·
3722 2725 3820 2788 τὰς
3841 2727 3885 2778 δὲ

2302 2821 2518 2889 σχέσεις
2537 2817 2990 2888 ἁποσεισώμεθα·
3018 2818 3107 2871 ἵνα
3136 2816 3216 2890 μὴ
3238 2819 3271 2884 ἡ
3298 2817 3505 2887 ψυχικὴ
3537 2816 3702 2888 χώρα
3726 2818 3886 2886 λυμή-

2301 2929 2485 2982 νηται.
2539 2905 2670 2982 Εἶχε
2715 2911 2814 2965 καὶ
2856 2910 3072 2974 Παῦλος
3101 2912 3130 2965 6
3181 2910 3358 2981 μέγας
3409 2911 3748 2980 ἀγαπητός·
3801 2910 3888 2980 τὴν

2314 3003 2575 3074 Ἀπφίαν,
2601 3003 2702 3074 τὴν
2737 3003 2996 3072 Περσίδα,
3037 3005 3136 3058 καὶ
3162 3003 3406 3057 Εὐωδίαν
3436 3003 3780 3074 παρακαλεῖ,
3805 3005 3888 3056 καὶ

2303 3095 2583 3166 Συντύχην
2615 3096 2931 3170 παρακαλεῖ
2963 3096 3025 3150 τὸ
3054 3095 3188 3150 αὐτὸ
3219 3099 3442 3166 φρονεῖν
3478 3098 3538 3150 ὲν
3568 3096 3785 3166 Κυρίῳ·
3824 3097 3889 3157 ὡς

2303 3187 2694 3256 συγκοπιὼσας
2721 3188 2816 3242 καὶ
2847 3187 3222 3250 συναθλούσας
3249 3189 3344 3242 καὶ
3382 3188 3766 3251 διακονούσας.
3793 3190 3891 3240 Καὶ

2299 3281 2602 3347 ἀναγκαῖον
2623 3279 2843 3343 πάντως
2869 3279 3037 3350 ἔχειν·
3063 3279 3179 3333 ἀλλ’
3203 3278 3372 3349 ἔχειν,
3395 3279 3472 3341 ὡς
3494 3275 3644 3349 εἶχεν
3664 3281 3887 3340 ἐκεῖΜ.

2315 3371 2469 3425 Ἐπεί
2500 3389 2635 3442 φησι
2681 3373 2811 3444 περὶ
2857 3373 3196 3443 Πρισκίλλης
3229 3373 3327 3426 καὶ
3387 3371 3624 3426 Ἀκύλα·
3666 3375 3892 3436 Οἰανες

2300 3464 2454 3533 ὑπὲρ
2492 3463 2604 3533 τῆς
2635 3464 2845 3536 ψυχῆς
2873 3483 2996 3536 μου
3043 3467 3153 3520 τὸν
3180 3465 3404 3519 ἑαυτὸν
3435 3466 3756 3534 τράχηλον
3791 3469 3889 3520 ὐετ-

2297 3553 2554 3623 ἐθιιικαν.

2383 3663 2548 3736 Ὁρᾷς
2577 3664 2637 3718 τὸ
2661 3665 2865 3738 θερμὸν
2893 3667 2994 3738 τῆς
3013 3667 3263 3739 ἀγάπης,
3301 3668 3398 3721 καὶ
3443 3667 3546 3739 τὴν
3605 3668 3892 3722 ἀποστολε-

2298 3755 2403 3826 κὴν
2429 3757 2738 3830 ἀποδοχήνς
2787 3759 2998 3825 Οὕτως,
3049 3760 3272 3830 ἀδελφοί
3313 3779 3437 3833 μου,
3474 3761 3569 3816 καὶ
3603 3764 3778 3832 ἡμεῖς
3811 3765 3896 3814 καὶ

2299 3847 2484 3918 ὑμεῖς,
2536 3851 2631 3903 καὶ
2674 3849 2892 3920 ἔχωμεν
2927 3853 3023 3906 καὶ
3068 3851 3448 3925 ἀσπαζώμεθα
3493 3855 3597 3918 τὰς
3641 3858 3701 3909 ὲν
3751 3855 3894 3919 τάξει

2296 3937 2408 3991 τῶν
2431 3939 2694 3995 τοιούτων
2729 3945 2864 4014 ἡμῖν
2907 3946 3343 4016 καθισταμένας.
3391 3947 3482 4012 Ὠς
3511 3948 3580 4003 ἂν
3607 3949 3897 4020 δοξάζηται

2296 4031 2326 4083 6
2348 4029 2504 4097 Θεὸς,
2533 4033 2630 4087 καὶ
2657 4035 3013 4108 φωτίζωμεν·
3041 4037 3183 4092 ἀλλὰ
3219 4039 3296 4109 μὴ
3331 4038 3627 4110 θολὼμεθα
3653 4042 3752 4094 καὶ
3775 4057 3898 4106 συγ·

2297 4119 2574 4191 χεὼμεθα.
2601 4125 2911 4181 Ἠκουσταί
2945 4145 3036 4197 μοι
3076 4129 3211 4200 περὶ
3251 4129 3408 4200 ὑμῶν
3436 4129 3547 4183 τῶν
3579 4130 3753 4200 τριῶν
3774 4173 3790 4196 ,
3819 4131 3898 4184 ὅτι

2296 4213 2544 4286 ήνὼθητε
2584 4217 2691 4272 ὑπὸ
2735 4220 3110 4292 μεταμελείας
3138 4221 3232 4276 τοῦ
3263 4223 3527 4277 ταπεινοῦ
3571 4222 3591 4295 Ῐ
3617 4224 3748 4295 Reg.
3779 4227 3895 4278 cod.

2295 4304 2560 4382 έλεεινοῦ]
2597 4311 2880 4376 Λεοντίου,
2933 4315 3028 4366 καὶ
3067 4314 3160 4368 τὸν
3204 4313 3340 4368 Θεὸν
3387 4315 3623 4382 ἐδόξασα
3653 4317 3682 4369 6
3714 4319 3897 4387 ἁμαρ·

2297 4401 2491 4467 τωλὸς,
2525 4402 2618 4455 ὲπί
2647 4420 2708 4456 τε
2739 4406 2806 4475 τῇ
2843 4405 3172 4476 μετοκλάσει
3199 4405 3416 4460 ἐκείνου
3436 4423 3451 4438 ·
3471 4408 3638 4479 εἴπερ
3669 4409 3898 4461 uta-.1-

2306 4495 2505 4565 μείνοι·
2540 4497 2636 4550 καὶ
2667 4501 2736 4569 τῇ
2767 4499 3012 4570 ὑμετέρᾳ
3052 4498 3368 4571 ὲναθλήσει·
3416 4501 3502 4554 ὅτι
3544 4501 3624 4564 ὡς
3658 4501 3768 4554 ἀπὸ
3799 4517 3894 4553 κα·

2300 4587 2462 4650 μίνου
2491 4589 2668 4660 πυρὸς
2695 4591 2746 4642 οί
2794 4591 2942 4660 ἅγιοι
2971 4594 3124 4662 τρεῖς
3163 4593 3354 4658 παῖδες
3376 4633 3392 4658 ,
3427 4594 3622 4647 καύτοὶ
3652 4594 3766 4646 τῶν
3795 4595 3896 4646 δειε-

2297 4680 2406 4734 νῶν
2454 4682 2714 4749 φυλακῶν
2757 4685 2966 4749 ἀσινεῖς
3012 4684 3403 4756 ὲξεληλύθατε,
3447 4687 3896 4756 καταπλήξαντες

2294 4771 2385 4824 τὸν
2408 4771 2694 4844 τύραννον.
2737 4775 2879 4828 Ἀλλ’
2903 4775 3005 4839 ἔτι,
3032 4777 3276 4844 γενναῖοί
3311 4795 3438 4847 μου,
3467 4778 3775 4831 ὲναθλοῖτε·
3811 4787 3898 4836 καὶ

2294 4866 2358 4918 τὸ
2380 4867 2749 4938 πειρασθῆναι
2788 4869 3148 4939 ἑτοιμάζεσθε
3186 4871 3382 4942 μέχρις
3423 4871 3678 4942 αἵματος.
3709 4870 3896 4924 Τοιοῦ-

2295 4975 2390 5021 τος
2435 4959 2546 5031 γὰρ
2583 4961 2612 5012 6
2659 4962 2826 5032 νόμος
2856 4961 2960 5032 τῆς
2997 4963 3329 5034 μαρτυρίας.
3364 4964 3821 5034 Εὐλογηθείησαν
3851 4964 3898 5014 οξ

2297 5053 2557 5107 ἀλεῖπται
2614 5055 2792 5125 ὑμῶν,
2839 5055 2888 5108 ei
2933 5055 3150 5108 ἔνδοθεν
3191 5057 3289 5108 καὶ
3334 5055 3558 5122 ἔξωθεν.
3609 5055 3806 5124 Ἡμεῖς
3853 5054 3897 5104 οἱ

2295 5143 2641 5217 ταλαίπωροι
2698 5145 2794 5198 καὶ
2845 5144 3005 5208 αὖθις
3059 5143 3569 5216 ὲμαστιγὼθημεν·
3628 5144 3754 5196 ἀλλ’
3811 5143 3902 5195 εύ-

2296 5240 2574 5310 χαρίστως
2598 5237 2928 5309 ἐδεξάμεθα·
2956 5237 3051 5290 καὶ
3078 5236 3416 5308 εὐδοκοῦμεν
3440 5237 3639 5307 μᾶλλον
3665 5237 3772 5289 καὶ
3802 5237 3900 5296 ἔτι,

2297 5332 2463 5384 Ὥστε
2498 5331 2656 5402 ὑμεῖς
2689 5332 2766 5402 μὴ
2800 5329 3028 5384 ἀνιᾶσθε
3077 5332 3135 5384 ὲν
3182 5333 3250 5401 τῇ
3303 5329 3633 5385 ταπεινώσει
3689 5329 3862 5398 ἡμῶν
3885 5369 3900 5390 ,

2287 5421 2423 5476 ἀλλὰ
2462 5422 2664 5494 μᾶλλον
2699 5421 2948 5492 χαίρετε,
2977 5421 3075 5476 καὶ
3107 5420 3480 5492 προσεύχεσθε
3512 5420 3724 5490 ἰσχύειν
3751 5419 3906 5488 ἡμᾶς

2292 5514 2374 5568 ἔτι
2402 5516 2460 5567 ὲν
2488 5515 2653 5567 πᾶσιν
2674 5531 2690 5544 ·
2721 5514 2894 5567 οἴσειν
2920 5529 2979 5566 τε
3014 5513 3108 5566 καὶ
3134 5514 3203 5566 τὰ
3233 5512 3388 5584 παρά
3409 5511 3520 5567 τῶν
3553 5510 3910 5575 ὲξουσιαζόν-

2291 5628 2400 5662 των
2429 5608 2772 5678 ἐπαγόμενα·
2816 5605 3006 5680 φέρειν
3031 5622 3092 5660 τε
3121 5606 3216 5662 καὶ
3247 5605 3316 5660 τὰ
3349 5604 3500 5676 παρὰ
3528 5603 3620 5658 τοῦ
3651 5603 3906 5675 ἁοράτιυ

669 5788 716 5819 ⁸⁸
741 5785 974 5845 P..ilem.
1011 5806 1046 5855 ι,
1087 5790 1136 5843 l.
1213 5789 1256 5821 ⁸³
1288 5786 1447 5845 Rom.
1486 5801 1596 5854 ινι,
1637 5785 1723 5843 12.
1803 5787 1847 5822 ⁸⁷
1876 5786 2116 5860 Philipp.
2141 5805 2194 5846 tv

2296 5835 2297 5840 η
2373 5788 2419 5822 ⁸⁸
2442 5785 2604 5846 Rom.
2641 5800 2755 5852 tm,
2781 5783 2834 5840 4.
