4054 6364
192 324 332 390 1293
1394 308 1936 372 EPISTOLARUM
1984 305 2133 369 LIB.
2170 304 2253 363 II.
3315 274 3454 355 1294

190 427 455 498 πολεμίου
512 422 676 496 [Reg.
719 423 836 476 cod.
885 417 1166 490 πολέμου]
1197 416 1651 488 συμϐαλλόμενα,
1686 415 1784 467 σὺν

1907 411 2148 467 uvisibili
2179 410 2336 465 hoste
2357 407 2762 477 conjiciuntur;
2793 412 2902 461 una
2926 421 3050 483 cum
3086 405 3255 459 fratre
3279 403 3445 458 Nico-

191 522 275 592 τῷ
323 496 538 587 ἀδελφῷ
580 514 840 583 Νικολάῳ
869 528 881 540 ·
933 513 991 575 ὂς
1044 511 1138 564 καὶ
1188 507 1588 580 προσαγορεύει
1637 507 1781 592 ὑμᾶς

1907 520 1974 560 ao
2003 505 2099 575 qui
2131 518 2229 559 vos
2260 510 2608 574 peramauter
2641 501 2864 556 salutat.
2904 498 3234 554 Mementote
3273 496 3458 566 suspig

193 589 530 681 θερμότατα.
575 594 966 674 Μνημονεύετέ
1007 617 1110 671 μου
1153 601 1262 653 τῶν
1315 596 1660 669 στεναγμῶν.
1717 591 1783 648 Ἦ

1906 597 2094 652 'iorum
2126 609 2401 650 meorum.
2444 591 2629 648 Gratia
2661 592 2964 647 vobiscum.
3000 589 3197 643 Amen.

192 705 355 775 χάρις
386 700 505 771 μεθ’
532 697 711 769 ὑμῶν.
751 697 944 767 Ἀμήν.

442 812 560 866 ΞΖ’.
598 840 670 851 —
703 807 1056 878 Ναυκρατίφ
1088 805 1298 870 τέκνῳ.
1335 803 1534 878 [υμζ’.]

2302 787 2465 845 LVII.
2495 819 2566 832 —
2594 788 2886 842 Naucratio
2917 788 3049 856 ﬁlio.

192 921 457 988 Captivum
476 935 573 985 pro
592 922 788 973 Christo
808 920 1000 969 solatur
1023 919 1398 988 confirmatque.
1420 930 1510 988 spe
1535 912 1751 986 praemii.
1770 906 2470 988 Dequoruimgummlapsorum
2511 901 2803 967 pcenitentia
2843 900 3116 964 respondet
3141 915 3152 948 :
3179 911 3374 948 necnon
3396 898 3462 946 de

1336 968 1582 1040 aliquibus
1603 976 1874 1038 imaginum
1891 968 2316 1030 inscriptionibus.

272 1091 412 1162 Παρ’
435 1087 626 1141 ἐλπίδα
652 1087 772 1158 μὲν,
798 1086 888 1140 ἐπ’
912 1085 1091 1138 ἐλπίδι
1115 1083 1174 1138 δὲ
1198 1086 1368 1155 ὅμως,
1393 1082 1662 1152 ἐδεξάμην
1686 1096 1780 1132 σου

1961 1075 2165 1128 Prazter
2215 1087 2369 1141 spem
2425 1069 2668 1141 quidem,
2713 1077 2769 1122 at
2813 1068 2972 1138 juxta
3038 1082 3188 1136 spem
3258 1078 3460 1128 tamen.

193 1184 301 1256 τὴν
340 1156 670 1250 ἐπιστολὴν,
701 1180 884 1250 τίμιον
922 1179 1142 1232 τέκνον·
1172 1177 1234 1230 τὸ
1275 1175 1514 1246 πρῶτον,
1550 1173 1640 1226 διὰ
1685 1173 1784 1243 τὴν

1906 1163 2073 1232 Iccepi
2107 1162 2318 1216 litteras
2347 1168 2494 1224 tuas,
2535 1157 2610 1212 (ili
2653 1156 2952 1212 revereude
2983 1174 2998 1212 :
3027 1157 3284 1217 alterum,
3316 1157 3464 1225 quod

199 1247 518 1344 ἐπίσφιγξιν
551 1247 654 1343 τῆς
683 1247 934 1341 φυλακῆς
961 1270 1022 1336 ἐξ
1041 1270 1349 1341 ἐπιτροπῆς
1376 1270 1470 1320 τοῦ
1495 1263 1780 1336 βασιλέως·

1906 1256 2054 1322 iussu
2105 1253 2252 1323 regis
2305 1253 2518 1306 arctior
2569 1251 2641 1305 sit
2685 1249 2976 1304 custodia:
3012 1247 3268 1321 alterum,
3319 1247 3467 1312 quod

199 1368 268 1421 τὸ
286 1337 561 1437 δεύτερον,
577 1337 665 1418 διὰ
817 1337 921 1417 one
931 1337 1190 1434 ράπειρον
1215 1337 1527 1429 ἁγαθότητα
1543 1356 1634 1410 τοῦ
1664 1355 1785 1424 φιλ-

1912 1359 2160 1400 Inmensa
2191 1341 2606 1397 clementissimi
2656 1339 2745 1394 Dei
2779 1339 3091 1408 benignitas
3122 1337 3214 1404 sit,
3245 1346 3467 1406 propter

202 1429 496 1532 ανθρώπου
539 1459 676 1512 Θεοῦ
696 1474 710 1488 ⁸
737 1429 804 1510 δι’
845 1429 992 1528 ope;
1021 1429 1148 1519 τοῦς
1181 1455 1372 1525 ἁγίους
1401 1453 1497 1506 καὶ
1523 1451 1592 1503 τὰ
1623 1449 1783 1520 ἡμῶν

1906 1453 1990 1492 ros
2019 1436 2116 1507 qui
2155 1434 2334 1489 sancti
2369 1434 2525 1498 estis,-
2560 1447 2647 1488 res
2689 1446 2911 1502 quoque
2945 1439 3184 1492 nostras,
3213 1429 3306 1498 qui
3348 1444 3471 1498 pec-

198 1522 687 1623 cmv'dpapzwktbv
721 1544 780 1604 εὖ
827 1522 1242 1618 διατιθεμένου(
1281 1545 1384 1599 κᾶν
1416 1544 1467 1596 οἱ
1510 1541 1786 1612 ἂνθρωποι

1906 1539 2113 1586 ratores
2160 1543 2376 1590 sumus,
2425 1524 2642 1595 egregie
2668 1522 3006 1579 fortuuantis
3039 1539 3052 1576 :
3083 1524 3336 1596 quamvis
3385 1535 3472 1575 co-

199 1611 614 1707 δυσδιεξόδευτα
655 1639 956 1712 πειρῶνται
999 1611 1210 1710 φερειν.
1251 1637 1361 1690 Καὶ
1391 1633 1444 1687 τί
1477 1611 1638 1696 εἴπω,
1674 1631 1708 1702 ἢ
1737 1629 1789 1684 τί

1906 1629 2097 1678 nentur
2145 1619 2399 1674 homines
2446 1617 2691 1672 difﬁcilia
2749 1629 2938 1670 creare
2974 1615 3216 1684 negotia.
3260 1611 3470 1699 Ecquid

200 1703 473 1802 διανοηθῶ
491 1735 518 1785 6
539 1732 707 1793 τάλας
727 1703 800 1800 {il
819 1731 899 1783 ὅτι
947 1703 1150 1782 Πάντα
1168 1725 1238 1780 τὰ
1259 1723 1410 1780 ὀστᾶ
1425 1739 1544 1792 μου
1561 1722 1788 1789 ἐροῦσι,

1906 1729 2060 1784 porro
2091 1712 2296 1776 dicam,
2318 1720 2414 1766 aut
2441 1710 2576 1781 quid
2610 1707 2866 1780 cogitabo
2908 1707 3099 1771 miser,
3147 1707 3255 1760 nisi
3286 1703 3472 1782 istud?

201 1796 406 1894 Κύριε,
433 1825 630 1892 Κύριε,
662 1823 756 1887 τίς
783 1796 988 1890 ὅμοιός
1012 1834 1112 1873 σοι
1134 1834 1154 1882 ;
1180 1818 1524 1886 -Ῥυόμενος
1550 1813 1792 1881 πτωχὸν

1906 1804 2095 1861 Omnia
2121 1820 2246 1857 ossa
2275 1819 2391 1856 mea
2427 1802 2601 1855 dicent
2632 1816 2652 1854 .°
2686 1799 2924 1862 Domine,
2961 1796 3206 1861 Domine,
3245 1797 3363 1866 quis
3393 1796 3472 1849 si-

200 1919 278 1973 ὲκ
309 1918 507 1987 χειρὸς
531 1915 943 1984 στερεωτέρων
971 1912 1180 1966 αὐτοῦ.
1217 1910 1366 1980 Αΰτη
1401 1926 1500 1980 μου
1528 1910 1562 1977 ἡ
1598 1905 1791 1978 πρώτη

203 2012 366 2083 φωνὴ
395 2011 490 2064 τοῦ
517 2007 760 2080 οἰκτροῦ·
788 2007 891 2061 κᾶν
911 2008 976 2059 ὲκ
999 2003 1297 2074 Δαυῖτικῆς
1319 2003 1482 2073 ᾠδῆς.
1510 1999 1791 2070 Δεύτερον,

204 2106 296 2158 ὃτι
345 2103 441 2156 καὶ
489 2100 816 2170 ἀδολεσχίας
842 2097 1066 2167 ἁνείθην
1117 2098 1386 2166 ἀναγνοὺς
1429 2095 1491 2148 τὸ
1539 2095 1791 2164 γράμμα·

204 2195 342 2247 ἐπεὶ
369 2176 527 2262 εῦρον
560 2194 660 2262 τὴν
693 2190 968 2262 μέθειρξίν
1001 2205 1094 2241 σου
1131 2187 1306 2251 οὕτως
1327 2189 1556 2256 ἔχουσαν
1578 2185 1655 2251 ὡς
1687 2187 1794 2240 ἐδί-

206 2282 402 2348 δαξας.
447 2283 635 2352 Ἥμην
663 2281 774 2351 γὰρ
820 2279 1124 2351 προμαθὼν
1167 2281 1248 2333 ὅτι
1291 2279 1451 2350 μόνον
1499 2295 1798 2348 μετεφρου-

215 2375 417 2445 ρήθης.
452 2372 726 2443 Εύψύχει,
769 2372 991 2440 ἀδελφὲ,
1020 2371 1117 2424 καὶ
1159 2369 1474 2441 εὐφραίνου,
1503 2370 1584 2422 ὅτι
1613 2369 1797 2432 καθὼς

208 2463 507 2528 πλεονάζει
533 2464 604 2515 τὰ
641 2461 946 2532 παθήματα
974 2459 1069 2513 τοῦ
1100 2460 1341 2532 Χριστοῦ
1371 2461 1452 2523 είς
1480 2461 1563 2523 σὲ,
1596 2461 1690 2514 καὶ
1717 2461 1799 2524 εἰς

208 2558 348 2619 τοὺς
375 2555 682 2626 ὁμόφρονὰς
715 2571 808 2606 σου
833 2554 929 2607 καὶ
952 2555 1293 2624 ὁμοτρόπους
1323 2571 1442 2607 σοι·
1471 2553 1614 2606 οὕτω
1643 2555 1736 2607 καὶ
1764 2555 1798 2625 ἡ

211 2649 590 2718 παράκλησις,
626 2647 722 2699 καὶ
751 2647 779 2698 6
808 2644 1020 2715 μισθὸς,
1053 2646 1230 2698 καὶτὸ
1253 2645 1427 2708 κλέος.
1452 2643 1564 2698 Καὶ
1593 2644 1709 2708 πῶς
1733 2645 1801 2699 ἂν

212 2736 371 2810 εἶχεν
403 2740 484 2804 είς
517 2738 827 2809 τούμφανὲς
857 2739 1034 2791 ἐλθεῖν
1073 2739 1144 2790 τὰ
1184 2738 1352 2808 σκεύη
1397 2738 1498 2807 τῆς
1537 2737 1799 2805 ἐκλογῆς,

212 2835 272 2887 εί
323 2833 398 2904 μὴ
449 2835 634 2903 παρῆν
668 2833 736 2886 τὰ
783 2831 1090 2896 σκάνδαλα,
1131 2831 1593 2902 παραχωροῦντος
1641 2831 1800 2893 Θεοῦ,

213 2923 350 2983 τοὺς
399 2922 498 2992 μὲν
538 2921 826 2985 ποιοῦντας
875 2921 1018 2974 αὐτὰ
1057 2921 1361 2983 δεικνύντος
1407 2914 1510 2972 οἷοι
1553 2916 1683 2980 εἷεν,
1727 2919 1805 2983 ὡς

216 3010 444 3075 ζιζάνια
475 3010 792 3082 τηρούμενα
830 3013 911 3075 είς
939 3011 1134 3065 καῦσιν
1176 3011 1350 3080 πυρὸς
1395 3011 1645 3064 αἰωνίου·
1677 3012 1804 3072 τοὺς

1892 1896 2038 1951 milia
2090 1894 2227 1948 tibi?
2281 1893 2528 1962 Eripiam
2581 1892 2786 1960 inopem
2845 1889 2908 1942 de
2971 1904 3130 1942 manu
3191 1888 3474 1956 fortiorem

1893 1988 2005 2059 ejus
2027 1990 2100 2045 ⁸⁸.
2139 1987 2292 2042 Hanc
2338 1987 2572 2056 primam
2616 1999 2807 2040 vocem
2839 1983 3008 2038 miser
3038 1987 3251 2048 emitto,
3295 1998 3475 2050 quau-

1895 2099 2062 2156 quam
2109 2098 2179 2138 ex
2221 2081 2482 2136 Davidico
2531 2079 2802 2133 carmine.
2848 2075 2975 2131 Haec
3010 2075 3205 2130 deinde
3258 2073 3474 2138 altera;

1897 2177 2046 2248 quod
2074 2176 2288 2230 solutus
2319 2188 2442 2229 sum
2477 2171 2667 2226 labore
2694 2168 3013 2240 prolixioris
3043 2164 3339 2227 sermonis,
3382 2163 3477 2218 ubi

1900 2269 2150 2324 libellum
2195 2267 2305 2337 legi
2348 2285 2362 2321 :
2399 2263 2844 2335 quandoquidem
2887 2258 3132 2314 intellexi
3177 2259 3258 2312 sic
3287 2271 3348 2313 se
3376 2257 3477 2330 ha-

1898 2364 2030 2418 bere
2051 2361 2430 2432 captivitatem
2460 2370 2611 2414 tuam
2637 2354 3105 2427 quemadmodum
3134 2351 3476 2407 insinuaras.

1901 2451 2065 2508 Prius
2111 2452 2260 2506 enim
2300 2450 2600 2506 didiceram
2633 2458 2687 2502 te
2735 2461 2906 2500 unum
2949 2445 3006 2500 in
3041 2458 3262 2498 carcere
3295 2443 3482 2496 deten-

1901 2555 2041 2602 tum.
2073 2544 2224 2600 Furti
2262 2552 2319 2599 et
2361 2557 2562 2613 magno
2591 2541 2777 2596 animo
2804 2547 2948 2603 esto,
3003 2536 3193 2603 frater,
3222 2546 3277 2591 et
3305 2535 3482 2606 gaude

1902 2641 2050 2711 quod
2081 2636 2548 2710 quemadmodum
2577 2632 2860 2689 abundant
2893 2629 3180 2702 passiones
3199 2628 3404 2685 Christi
3425 2627 3498 2682 in‘

1902 2742 1977 2796 te,
2032 2739 2088 2785 et
2140 2730 2197 2784 in
2253 2744 2352 2785 eos
2397 2727 2600 2798 quibus
2649 2726 2814 2780 iidem
2851 2739 3052 2780 sensus
3097 2721 3484 2791 assimilesque

1903 2837 2124 2890 mores;
2146 2823 2227 2878 sic
2259 2821 2360 2876 erit
2391 2829 2447 2876 et
2471 2818 2806 2882 consolatio,
2846 2825 2902 2872 et
2921 2831 3158 2880 merces,
3188 2823 3244 2869 et
3281 2813 3479 2884 gloria.

1904 2915 2044 2968 Nam
2073 2929 2184 2982 quo
2222 2921 2384 2982 pacto
2419 2907 2710 2966 manifesta
2754 2911 2950 2964 tierent
2988 2924 3119 2964 vasa
3167 2907 3481 2971 electionis,

1906 3007 2014 3062 nisi
2053 3005 2314 3061 scandala
2365 3004 2716 3064 interessent,
2767 3000 2865 3056 Dei
2913 3001 3209 3070 permissu,
3253 2998 3487 3055 manife-

214 3103 282 3156 δὲ
335 3103 775 3173 ύπομονητικοὺς
827 3103 935 3156 τῶν
992 3103 1321 3174 πειρασμῶν
1377 3101 1800 3172 δοκιμάζοντος,

1908 3098 2107 3154 stantis
2134 3097 2355 3168 quidem
2385 3095 2577 3166 quales
2620 3095 2658 3148 ii
2698 3095 2806 3150 sint
2836 3095 2930 3165 qui
2963 3095 3096 3151 talia
3128 3106 3317 3167 agunt,
3349 3111 3492 3166 quos

217 3193 510 3264 ἡλιοειδῶς
531 3192 911 3262 ὲκλάμψοντας
935 3193 993 3244 ὲν
1014 3195 1081 3262 τῇ
1119 3191 1367 3261 βασιλείᾳ
1385 3190 1494 3244 τῶν
1519 3190 1764 3261 οὐρανῶν
1787 3207 1803 3255 ;

1910 3200 2173 3260 tauquam
2205 3189 2418 3244 zizania
2455 3197 2636 3244 servat
2669 3188 2736 3242 ad
2767 3189 3114 3244 exustionem
3161 3189 3304 3260 ignis
3344 3205 3491 3244 sem-

216 3286 429 3355 piterni
463 3303 476 3339 :
507 3284 790 3354 probantis
829 3296 1011 3339 autem
1038 3296 1136 3338 eos
1169 3289 1262 3354 qui
1305 3284 1662 3340 tentationem
1716 3282 2015 3350 sustinent,
2083 3283 2218 3340 solis
2281 3282 2459 3338 instar
2509 3283 2824 3352 splendidos
2891 3285 2946 3337 in
3011 3285 3274 3339 malorum
3320 3298 3488 3354 regno

221 3379 492 3435 futuros?

302 3473 467 3525 Ὥστε
496 3474 570 3543 μή
606 3489 666 3526 σε
697 3472 954 3540 ξενιζέτω
982 3471 1052 3527 τὰ
1077 3473 1379 3543 γιγνόμενα
1415 3472 1764 3543 καθεκάστην
1783 3487 1798 3502 ·

217 3565 282 3618 εί
311 3566 340 3619 6
375 3564 473 3635 μὲν
516 3564 680 3635 ήρθη,
723 3567 752 3618 ὁ
779 3564 836 3618 δὲ
881 3565 1124 3618 δέδεταιο
1191 3566 1286 3620 καὶ
1331 3565 1466 3634 ἄλλη
1515 3566 1802 3629 τέτυπται,

221 3655 401 3724 ἑτέρα
427 3653 484 3706 δὲ
509 3652 884 3724 ὑπερώρισται
903 3670 918 3685 °
946 3656 1041 3708 καὶ
1062 3655 1164 3708 ὅσα
1184 3655 1321 3710 ἄλλα
1341 3653 1514 3718 οὕτως
1547 3655 1580 3726 ἢ
1605 3654 1806 3723 ἑτέρως

219 3747 369 3816 ἔχει.
431 3745 589 3809 ’Ἥξει
642 3747 838 3816 μικρὸν
877 3747 1106 3819 ὕστερον
1155 3749 1185 3801 ὁ
1240 3747 1340 3817 τῆς
1395 3745 1806 3808 άνταποδόσεως

219 3835 448 3906 καιρός.
498 3835 764 3904 ’Λνέγνων
791 3836 820 3890 ὅ
872 3837 1175 3907 πέπομφας
1234 3838 1352 3908 (καὶ
1401 3837 1658 3905 ἐπιγνοὺς
1711 3835 1808 3888 καὶ

220 3925 637 3994 εθθχαριστὴσας
673 3925 751 3996 τῷ
789 3927 983 3997 Κυρίῳ
1008 3969 1025 3994 ,
1074 3922 1234 3992 αὖθις
1277 3926 1626 3997 ἀντέπεμψα)
1677 3927 1809 3997 περὶ

219 4015 327 4068 τοῦ
355 4015 501 4069 ά66ᾶ
544 4017 839 4084 ἰγνατίου’
886 4018 1061 4088 οῐμοιι
1113 4019 1196 4072 ὅτι
1225 4018 1398 4072 ἑάλω·
1434 4017 1558 4070 ἐπεὶ
1596 4015 1750 4086 φίλος
1779 4017 1810 4069 6

220 4108 376 4178 ἀνὴρ
432 4108 823 4181 διαφερόντως.
900 4109 1040 4162 Ἀλλ’
1087 4105 1214 4178 εὖγε
1277 4110 1621 4180 πεποίηκας,
1682 4108 1810 4170 δοὺς

223 4200 593 4271 μετανοοῦντι
621 4201 720 4272 τὴν
753 4201 1023 4273 ἰατρείαν.
1067 4201 1293 4266 Ἱκανὸν,
1328 4201 1543 4264 τέκνον,
1569 4200 1630 4253 τὸ
1657 4199 1810 4271 παρὰ

223 4291 331 4345 σοῦ
363 4292 514 4346 δοθέν
535 4307 548 4322 ⁴
583 4292 742 4362 κάγὼ
776 4297 805 4346 6
835 4294 1006 4357 τάλας
1033 4293 1266 4364 εὔχομαι
1299 4291 1450 4364 αὑτῷ
1477 4292 1575 4363 τὴν
1601 4293 1812 4346 ἀναπά-

218 4384 459 4438 λαισιν·
511 4379 572 4438 οὗ
619 4385 716 4438 καὶ
760 4385 1020 4454 δέδεγμαι
1055 4385 1156 4447 τὰς
1201 4384 1538 4454 προσφοράς.
1592 4385 1687 4448 Είς
1718 4386 1810 4438 τὸν

221 4477 468 4546 ἀδελφὸν
506 4478 816 4532 Ἀνατόλιον
842 4477 1278 4547 σπλαγχνίζομαι
1308 4479 1337 4530 ὁ
1366 4479 1624 4540 ταπεινός
1644 4493 1657 4507 ·
1687 4479 1813 4531 ἐπε)⁹

221 4567 587 4638 φιλαδελφεῖς
627 4568 720 4621 καὶ
750 4566 934 4630 αὑτός.
965 4567 1064 4620 Διὰ
1105 4565 1266 4620 τοῦτο
1296 4566 1481 4636 τολμῶ
1516 4568 1608 4619 καὶ
1637 4566 1807 4634 λέγω·

221 4658 610 4728 Κουφισθήτω
640 4656 790 4727 αύτῷ
815 4657 910 4710 καὶ
932 4657 1120 4727 ἔτερος
1140 4658 1331 4728 χρόνος
1352 4675 1366 4689 ο
1397 4656 1541 4710 ὥστε
1573 4657 1813 4727 πληρου-

1974 3466 2336 3535 Quamobrem
2360 3481 2430 3520 ne
2451 3475 2504 3520 te
2531 3481 2594 3521 ea
2627 3474 2865 3522 terreant
2883 3482 3006 3538 qua:
3025 3467 3270 3539 quotidie
3291 3483 3495 3539 gerun-

1903 3569 2038 3616 tur:
2073 3563 2116 3615 si
2174 3568 2362 3628 raptus
2401 3558 2492 3614 ille
2547 3560 2770 3630 quidem
2794 3568 2900 3627 est,
2938 3559 3042 3614 iste
3098 3561 3384 3628 conjectus
3432 3561 3490 3614 in

1904 3668 2217 3718 carcerem;
2246 3653 2362 3708 haec
2389 3653 2614 3708 verbera
2637 3653 2882 3724 pertulit,
2907 3653 2998 3708 illa
3031 3654 3085 3708 in
3119 3655 3372 3710 exsilium
3396 3655 3494 3709 ab-

1905 3745 2083 3816 legata
2115 3763 2130 3812 ;
2161 3755 2216 3800 et
2243 3760 2587 3816 quaecunque
2611 3745 2718 3802 hoc
2747 3747 2828 3800 vel
2857 3745 2952 3801 illo
2978 3757 3137 3815 pacto
3168 3761 3229 3802 se
3265 3747 3492 3802 habent.

1907 3835 2102 3891 Veniet
2155 3837 2320 3907 paulo
2356 3846 2480 3908 post
2511 3837 2972 3894 remunerationis
3004 3845 3242 3907 tempus.
3270 3837 3400 3909 Legi
3427 3855 3492 3893 ea

1907 3942 2030 3993 qua:
2065 3927 2302 3987 misisti:
2333 3937 2498 3998 atque
2527 3929 2621 3984 ubi
2655 3944 2718 3984 ea
2762 3929 3030 3995 intellexi,
3088 3930 3224 3984 actis
3256 3929 3492 3985 Domino

1909 4017 2101 4085 gratiis
2133 4057 2147 4080 .
2205 4017 2402 4072 iterum
2434 4019 2507 4078 ad.
2548 4027 2602 4074 te
2635 4019 2843 4074 remisi.
2900 4018 2978 4074 De
3035 4019 3232 4074 abbate
3258 4019 3492 4090 lguatio,

1909 4109 2001 4164 hei
2040 4109 2176 4163 mihi
2203 4109 2331 4178 quia
2361 4109 2528 4179 periit
2561 4127 2574 4164 :
2607 4109 2876 4180 siquidem
2913 4110 3128 4166 amicus
3162 4110 3252 4164 ille
3280 4111 3364 4165 vir
3397 4127 3493 4166 su-

1909 4215 2007 4270 pra
2031 4209 2276 4256 caeteros.
2313 4199 2420 4256 Sed
2453 4211 2600 4257 recte
2628 4203 2810 4272 egisti,
2832 4203 2926 4269 qui
2980 4203 3266 4272 poenitenti
3326 4204 3492 4258 dedc—

1910 4288 1988 4341 ris
2039 4289 2386 4344 medicinam.
2426 4290 2656 4357 Suiiicit,
2693 4292 2786 4356 fili,
2823 4293 2966 4363 quod
3019 4293 3223 4348 dedisti
3261 4303 3358 4350 :et
3386 4310 3491 4365 ego

1910 4379 2079 4434 miser
2110 4381 2284 4435 eidem
2341 4397 2610 4451 apprecor
2673 4395 2868 4454 pugna
2913 4384 3436 4454 redintegrationem
3476 4406 3491 4443 π

1913 4487 2037 4526 nam
2077 4482 2133 4527 et
2159 4473 2279 4543 ejus
2318 4475 2634 4530 oblationes
2673 4476 2881 4544 accepi.
2917 4477 3058 4544 Erga
3091 4479 3312 4532 fratrem
3347 4481 3496 4534 Ana-

1911 4562 2104 4617 tolium
2144 4565 2514 4620 misericordia
2549 4567 2772 4622 humilis
2816 4583 3206 4624 commoveor:
3244 4572 3496 4640 quando-

1913 4654 2134 4721 quidem
2188 4663 2242 4710 et
2283 4666 2339 4710 tu
2371 4671 2496 4711 eum
2528 4655 2772 4713 fraterne
2800 4659 3003 4731 diligis.
3062 4661 3270 4716 Idcirco
3313 4664 3498 4719 dicere

223 4752 412 4822 μένης
448 4749 548 4820 τῆς
577 4749 799 4812 διετίας,
844 4749 1120 4819 μετεχέτω
1151 4748 1261 4801 τῶν
1309 4748 1690 4817 άγιασμάτων.
1749 4749 1803 4798 Ul

1916 4744 2089 4800 audeo
2117 4763 2131 4800 :
2165 4747 2418 4802 Dematur
2449 4749 2498 4803 ei
2529 4758 2584 4804 et
2615 4750 2753 4804 alter
2780 4765 2996 4816 annus;
3036 4760 3097 4806 ut
3126 4761 3318 4808 exacto
3347 4755 3498 4809 bien-

219 4841 598 4911 κοιμηθέντες
631 4840 740 4893 τῶν
771 4840 1041 4908 ἀδελφῶν,
1089 4841 1270 4909 φωτὸς
1308 4840 1414 4893 υἱοὶ
1467 4839 1607 4908 ὑπὲρ
1632 4840 1803 4907 φωτὸς

1920 4833 2014 4889 nio
2042 4834 2108 4888 sit
2140 4834 2503 4893 Eucharistiaa
2558 4841 2850 4910 particeps.
2891 4839 2968 4894 Ex
3001 4840 3262 4898 fratribus
3314 4845 3353 4898 ii
3405 4847 3498 4914 qui

218 4933 318 5002 τῷ
351 4931 577 5002 διωγμῷ
618 4932 1016 4995 τελειωθέντες,
1059 4929 1446 5001 προσεύξοιντο
1481 4931 1611 5000 περὶ
1629 4931 1803 5002 ἡμῶν.

1917 4925 2062 4980 diem
2102 4925 2308 4993 obiere,
2357 4928 2451 4982 filii
2487 4929 2625 4984 lucis
2668 4947 2770 5000 pro
2812 4932 2932 4988 luce
2959 4934 3012 4987 vi
3065 4938 3494 5004 persecutionis,

222 5026 306 5079 Oi
341 5024 516 5086 ἄλλως
554 5024 900 5091 τεθνηκότες,
947 5023 1172 5076 ὲλεεινοὶ
1204 5023 1303 5092 τῆς
1345 5023 1631 5094 ἐκδημίας,
1673 5024 1803 5077 κατᾶ

1918 5021 2308 5085 consummati,
2338 5036 2439 5091 pro
2473 5022 2632 5077 nobis
2681 5024 3060 5093 deprecentur.
3095 5027 3198 5094 Qui
3233 5029 3498 5086 aliterin-

220 5121 342 5181 τὰς
376 5120 514 5188 ἐμάς
549 5119 847 5189 ἁμαρτίας,
881 5120 956 5181 ὡς
987 5119 1232 5189 λέλεχας.
1266 5118 1521 5181 Τοιοῦτος
1546 5119 1643 5172 καὶ
1673 5117 1803 5189 ὕπερ

1922 5111 2138 5178 teriere,
2168 5112 2362 5166 horum
2405 5114 2736 5170 miserabilis
2759 5117 2964 5185 exitus,
2989 5119 3059 5174 ob
3087 5111 3312 5190 peccata
3353 5140 3497 5190 mea,

220 5215 259 5266 ὁ
295 5211 652 5281 Σευηριανὸς.
707 5210 854 5280 Πλὴν
887 5212 980 5263 καὶ
1021 5213 1086 5263 ὲκ
1127 5210 1237 5262 τῶν
1287 5209 1692 5278 ἐνδιαστρόφων
1721 5211 1803 5263 εύ-

1921 5206 2383 5275 quemadmodum
2451 5207 2658 5264 dixisti.
2699 5209 2849 5266 Talis
2909 5228 2974 5268 ac
3033 5214 3206 5270 multo
3265 5217 3502 5272 deterior

225 5303 477 5370 στροφία
505 5304 618 5363 τοῖς
670 5301 969 5370 ἐμμελέσιο
1021 5301 1115 5356 καὶ
1153 5301 1182 5352 6
1211 5300 1367 5368 λόγος
1425 5301 1703 5370 βαλλέσθω
1734 5302 1803 5363 είς

1923 5297 2252 5354 Severianus
2303 5311 2406 5355 est.
2435 5299 2825 5358 Verumtamen
2851 5315 2905 5360 et
2933 5321 2963 5360 e
2991 5307 3286 5376 perversis.
3319 5323 3502 5362 rever-

223 5391 476 5462 ζήτησιν
505 5390 699 5453 ὁσάκις
729 5389 968 5460 προσίοι,
998 5389 1100 5443 κᾶν
1152 5391 1217 5442 ὲκ
1257 5388 1364 5441 τῶν
1399 5389 1660 5442 ἐναντίων
1681 5404 1694 5418 ·
1732 5388 1803 5450 ὡς

1921 5389 2100 5444 sionis
2123 5405 2250 5460 spes
2293 5401 2378 5447 est
2406 5393 2476 5448 iis
2509 5395 2712 5464 quibus
2751 5395 2806 5450 id
2847 5411 2991 5452 curae
3021 5407 3108 5452 est
3139 5414 3154 5452 :
3182 5413 3360 5468 eaque
3380 5399 3500 5469 agi;

226 5485 307 5537 ιν
340 5483 406 5551 τῇ
454 5479 694 5552 βασάνῳ,
737 5481 993 5553 καθάπερ
1024 5484 1081 5534 ἐν
1126 5479 1461 5550 παρατρίψει
1519 5479 1705 5544 λίθων,
1754 5478 1803 5530 τί

1917 5480 2080 5534 tanda
2105 5481 2159 5535 in
2179 5498 2429 5538 sermone
2443 5486 2698 5555 quiestio,
2725 5488 2945 5555 quoties
2975 5489 3273 5543 accesserit
3300 5489 3500 5558 aliquis

225 5573 361 5645 πῦρ
376 5573 652 5638 ὲξάλλοιτο
681 5575 783 5646 τῆς
805 5575 1090 5651 άληθείας.
1116 5575 1226 5628 Καὶ
1255 5574 1321 5644 δὴ
1338 5573 1440 5628 ικαὶ
1465 5573 1563 5629 νῦν
1589 5573 1803 5638 τοιαύττ

1916 5572 2002 5625 vel
2029 5587 2094 5627 ex
2129 5573 2459 5632 adversariis
2493 5593 2518 5639 ε,
2538 5586 2598 5630 ιιι
2621 5577 2677 5630 in
2711 5579 2986 5641 examine,
3025 5587 3282 5649 tanquam
3309 5581 3500 5636 attritu

313 5747 360 5779 ‘9
381 5747 528 5804 Psal.
555 5761 741 5814 xxxxv,
772 5746 856 5814 10,
891 5747 977 5802 il.
