4054 6364
567 330 712 396 1295

1758 327 1822 387 S.‘
1847 325 2244 386 THEODORI
2299 325 2650 386 STUDITE

3704 325 3840 391 1296

565 443 830 513 lapidum,
887 437 1132 495 veritatis
1171 436 1314 507 ignis
1368 433 1607 490 exsiliat.
1642 432 1711 487 Et
1762 450 1910 490 nunc
1935 433 2155 504 quidem

2265 435 2298 504 ὴ
2341 434 2613 507 πρότασις
2649 451 2764 488 σου.
2801 434 2900 488 Ἔν
2934 451 3077 488 τισιν
3109 437 3378 507 ἱστορίαις
3398 437 3665 508 εὕρηνται
3695 439 3843 492 εικό-

563 533 890 604 huiusmodi
918 541 1002 587 est
1029 530 1336 602 prepositio
1368 536 1482 582 tua.
1519 526 1579 580 ln
1610 527 1941 596 quibusdam
1977 527 2157 581 histo-

565 628 660 682 riis
692 633 924 697 repertze
952 633 1083 679 sunt
1105 621 1372 692 imagines
1402 618 1482 675 sic
1513 619 1832 688 inscriptae:
1864 617 2159 685 Divinitas,

557 717 894 781 Bominatio,
927 715 1096 785 Regia
1123 721 1384 784 potestas.
1406 710 1595 766 Palam
1625 719 1710 766 est
1730 712 1876 782 quod
1905 712 1971 766 de
1999 710 2161 767 Chri-

565 809 637 864 sti
700 808 938 880 imagine
995 807 1101 862 boc
1134 805 1304 860 dicas.
1336 800 1394 857 ιιι
1423 817 1553 858 vero
1584 817 1696 873 quo
1740 803 1946 872 pacto?
1991 803 2154 858 Tales

559 901 966 971 appellationes
987 898 1054 954 de
1087 897 1358 952 Trinitate
1381 896 1435 950 in
1462 911 1779 962 commune,
1813 911 1922 950 non
1949 896 2018 951 de
2047 912 2156 950 una

564 1005 801 1062 persona
837 989 1131 1060 separatim
1183 988 1579 1057 intelliguntur.
1613 987 1728 1040 Etsi
1757 987 1904 1042 enim
1936 986 2079 1042 Deus
2105 995 2161 1043 et

557 1081 828 1136 Dominus
857 1093 1198 1149 unaquaeque
1248 1093 1479 1148 persona
1517 1077 1755 1142 dicatur,
1786 1087 1844 1130 at
1877 1091 1986 1131 non
2018 1079 2151 1132 sim-

532 1172 780 1243 ‘pliciter
814 1169 1072 1225 divinitas
1139 1177 1234 1224 aut
1281 1168 1603 1224 dominatio.
1643 1167 1891 1237 Exempli
1931 1169 2106 1236 gratia
2137 1187 2154 1221 :

562 1262 678 1334 Ego
711 1261 851 1316 Deus
884 1263 1054 1329 patris
1088 1261 1195 1324 tui,
1225 1259 1403 1330 inquit
1431 1260 1502 1325 9°,
1538 1275 1671 1323 non,
1711 1259 1998 1314 Divinitas.
2041 1259 2155 1330 Ego

563 1371 680 1408 sum
738 1353 828 1425 qui
873 1369 993 1407 sum
1022 1353 1112 1418 ";
1155 1367 1263 1406 non
1298 1368 1313 1405 :
1357 1351 1470 1420 Ego
1497 1367 1615 1404 sum
1671 1351 2001 1406 exsistentia.
2042 1349 2151 1406 Et:

563 1444 714 1498 Pluit
745 1445 986 1498 Doninus
1016 1445 1188 1513 ignem
1214 1460 1247 1497 a
1279 1443 1506 1497 Domino
1523 1443 1592 1506 ",
1618 1456 1751 1509 non,
1786 1442 2091 1498 Dominatio
2121 1460 2156 1497 a

569 1536 961 1590 Dominatione.
1005 1536 1064 1590 Si
1109 1535 1274 1606 igitur
1329 1535 1385 1589 in
1415 1537 1582 1590 rebus
1630 1535 1832 1591 divinis
1862 1536 1942 1591 sic
1972 1550 2032 1592 se
2062 1551 2152 1592 res

563 1628 728 1683 habet
761 1646 776 1681 :
809 1629 982 1683 multo
1013 1629 1203 1698 utique
1231 1628 1402 1699 magis
1429 1629 1482 1682 in
1510 1628 1771 1699 mysterio
1814 1627 2152 1682 incarnatio-

564 1720 649 1775 nis
677 1719 830 1775 nefas
857 1729 940 1774 est
983 1721 1206 1789 imagini
1249 1717 1452 1774 Christi
1506 1719 1802 1784 subscribi,
1856 1717 2147 1785 Divinitas,

2262 541 2354 588 νες
2411 525 2858 596 ὲπιγράφουσαι·
2900 527 3164 596 Θειότης,
3209 529 3506 600 Κυριότης,
3560 528 3840 584 Βασιλεία.

2261 616 2519 685 Δηλονύτι
2544 617 2636 670 ἐπὶ
2655 621 2756 687 τῆς
2782 617 3024 689 Χριστοῦ
3049 621 3260 684 εἰκόνος
3295 619 3456 674 τοῦτο
3481 621 3689 690 λέγοις.
3727 623 3842 676 Καὶ

2261 707 2382 771 πῶς
2432 707 2634 775 τοῦτο;
2687 711 2755 763 At
2811 709 3061 764 τοιαῦται
3101 713 3281 780 φωναὶ
3343 712 3542 776 κοινῶς
3591 713 3692 764 ἐπὶ
3743 713 3845 783 τῆς

2261 801 2528 872 Τριάδος·
2561 802 2663 855 οὐκ
2684 801 2770 871 ἐφ’
2800 802 2921 863 ἑνὸς
2951 803 3249 874 προσώπου
3288 802 3735 875 διακεκριμένως
3759 822 3848 856 νε-

2259 891 2504 962 νόηνται.
2533 893 2597 946 El
2625 893 2735 964 γὰρ
2764 894 2862 948 καὶ
2882 894 3014 958 Θεὸς
3047 897 3144 950 καὶ
3172 895 3378 967 Κύριος
3399 895 3636 948 ἕκαστον
3671 897 3846 967 πρόσ-

2255 997 2407 1034 ωπον
2451 981 2698 1050 λέγοιτοσ
2747 982 2863 1036 ἀλλ’
2911 985 3012 1054 οὐχ
3073 985 3270 1048 ἁπλῶς
3336 986 3433 1039 καὶ
3487 986 3698 1056 Θεὸτης
3758 988 3851 1038 καὶ

2259 1071 2560 1143 Κυριότης.
2609 1067 2757 1139 Οἷον,
2803 1073 2948 1142 Ἐγὼ
2989 1076 3023 1128 ὁ
3072 1075 3220 1141 Θεὸς
3257 1077 3367 1130 τοῦ
3411 1079 3650 1144 Πατρός
3708 1093 3850 1141 σου,

2259 1161 2456 1232 φησιν’
2490 1163 2590 1232 οὐχ
2623 1203 2639 1228 ,
2685 1163 2726 1231 ἡ
2778 1165 3017 1230 Θεότης.
3082 1163 3225 1234 Ἐγὼ
3272 1167 3390 1234 ειμι
3431 1169 3466 1220 ό
3509 1168 3597 1219 ὢν
3623 1208 3638 1229 ,
3703 1170 3850 1239 οὐχὶ,

2267 1255 2542 1320 όντότης.
2590 1256 2721 1308 Καιο
2743 1255 2984 1322 Ἔόρεξε
3006 1256 3226 1326 Κύριος
3254 1257 3375 1326 πῦρ
3400 1261 3562 1326 παρὰ
3589 1261 3850 1326 Κυρίουο

2255 1346 2400 1416 οὐχὶ,
2433 1347 2728 1414 Κυριότης
2771 1347 2930 1415 παρὰ
2955 1350 3340 1415 Κιφιότητος.
3391 1351 3452 1402 Et
3477 1347 3574 1404 οὖν
3617 1351 3721 1404 ἐπὶ
3752 1351 3856 1419 τῆς

2257 1440 2538 1510 θεολογίας
2567 1440 2760 1504 οὕτως·
2791 1441 2976 1511 πολλῷ
3003 1438 3099 1495 οὖν
3132 1443 3334 1512 μᾶλλον
3371 1445 3466 1497 ἐπὶ
3513 1445 3614 1515 τῆς
3646 1446 3860 1498 οἰκονο-

2258 1533 2390 1605 μίας
2421 1533 2522 1586 οὐκ
2569 1533 2682 1603 ἔχει
2731 1533 2892 1602 λόγον
2939 1534 3038 1606 τὴν
3079 1536 3264 1589 εἰκόνα
3299 1537 3564 1608 Χριστοῦ,
3597 1538 3835 1606 Θειότης

2254 1627 2610 1698 ἐπιγράφειν,
2648 1627 2682 1698 ἢ
2721 1629 3021 1701 Κυριότης.
3053 1629 3189 1692 Θεὸς
3221 1631 3322 1701 μὲν
3352 1631 3464 1702 γὰρ
3491 1630 3734 1699 λέγοιτο,
3759 1633 3855 1686 καὶ

2251 1717 2484 1788 Κύριος,
2530 1719 2565 1788 ἦ
2617 1736 2670 1772 τι
2713 1719 2824 1773 τῶν
2868 1720 3230 1790 ὁμοδυνάμων
3261 1721 3505 1785 τούτοις·
3547 1723 3691 1777 ἀλλὰ
3759 1725 3858 1776 καὶ

563 1820 660 1867 aut
697 1810 1033 1867 Dominatio.
1059 1811 1206 1868 Deus
1256 1812 1477 1882 quidem
1513 1811 1730 1866 dicatur
1757 1825 1823 1866 ac
1867 1809 2155 1880 Dominus,

2265 1807 2425 1862 τοῦτο
2467 1811 2807 1880 ὁμωνύμως
2840 1813 2901 1864 οὐ
2932 1812 3039 1883 μὴν
3081 1813 3286 1884 Θεότης
3316 1815 3349 1886 ἢ
3385 1815 3694 1885 Κυριότης.
3743 1816 3854 1880 Ὦς,

559 1911 661 1958 aut
693 1917 883 1957 eorum
936 1903 1145 1973 aliquid
1197 1918 1316 1972 quae
1371 1911 1502 1957 sunt
1540 1902 1784 1972 ejusdem
1817 1902 2109 1971 potestatis
2145 1916 2161 1966 ;

563 2004 730 2065 atque
763 1996 864 2049 hoc
888 1995 1067 2064 ipsum
1088 1994 1418 2065 homonyme
1447 2012 1460 2046 :
1493 2009 1602 2049 non
1648 1993 1838 2063 utique
1865 1991 2158 2058 Divinitas,

563 2102 628 2141 ac
662 2086 997 2142 Dominatio.
1031 2086 1146 2152 Sic,
1197 2087 1432 2156 exempli
1464 2087 1662 2157 gratia,
1698 2085 1864 2140 homo
1896 2085 1942 2140 si
1972 2085 2157 2155 pictus

569 2179 662 2241 sit,
705 2178 870 2231 homo
897 2193 1030 2232 sane
1056 2177 1294 2244 dicatur,
1327 2195 1434 2233 non
1479 2179 1796 2233 humanitas
1828 2195 1841 2231 :
1876 2186 2162 2233 terrenus-

570 2289 678 2343 que
699 2287 815 2339 rex,
868 2287 980 2326 non
1032 2279 1180 2326 certe
1215 2280 1458 2340 potestas
1504 2273 1674 2342 regia.
1722 2271 1912 2340 Itaque
1962 2270 2162 2325 vitiosa

564 2364 682 2431 illa,
713 2374 770 2419 ut
813 2364 947 2418 mihi
997 2363 1236 2425 videtur,
1263 2365 1548 2434 inscriptio
1597 2373 1724 2420 cst:
1760 2363 2164 2420 circumscribit

562 2457 710 2509 enim
741 2465 796 2510 et
844 2453 1063 2510 Patrem
1101 2463 1156 2508 et
1187 2453 1472 2524 Spiritum,
1504 2455 1648 2524 quod
1711 2463 1794 2509 est
1835 2454 2159 2508 absurdum.

561 2548 744 2613 Atque
785 2543 900 2598 haec
927 2543 1146 2613 quidem
1183 2543 1423 2598 breviter
1464 2543 1812 2613 strictimque
1851 2544 1994 2597 dicta
2025 2542 2159 2595 sint.

563 2629 645 2686 Tu
672 2645 802 2687 vero
832 2646 932 2702 pro
955 2646 1076 2686 mea
1105 2631 1412 2688 humilitate
1431 2631 1650 2686 enixius
1668 2645 1896 2702 precare
1922 2646 2147 2686 :verum

562 2724 726 2779 etiam
759 2731 814 2778 et
839 2737 939 2794 pro
966 2721 1156 2788 fratre,
1187 2725 1282 2792 qui
1327 2733 1380 2779 te
1407 2731 1755 2794 peramanter
1786 2723 2010 2778 salutat.
2043 2721 2154 2778 Ve-

565 2827 704 2873 stem
737 2817 921 2886 accepi
947 2833 964 2871 :
995 2823 1049 2870 et
1079 2829 1372 2886 quousque
1397 2831 1506 2870 non
1552 2815 1796 2872 cessabis
1826 2816 2150 2872 indumenta

567 2912 732 2968 nobis
762 2910 1138 2983 suppeditare,
1182 2907 1579 2966 dilectissime?
1608 2907 1862 2964 Vicissim
1891 2917 1946 2963 te
1973 2907 2160 2963 Domi-

564 3005 742 3060 nusin
763 3007 956 3075 spiritu
989 3003 1190 3059 foveat.
1207 3002 1417 3058 Czetera
1447 3001 1768 3057 tabellarius
1791 3001 2152 3071 signiﬁcabit.

557 3095 724 3152 Omni
757 3113 824 3152 ex
861 3107 1015 3168 parte
1044 3097 1179 3152 vale.

957 3211 1278 3266 LXVlll.--
1308 3209 1483 3264 Irena:
1516 3189 1806 3278 patriciae:

2267 1901 2403 1971 φέρε
2454 1903 2655 1966 εἰπεῖν,
2700 1903 2794 1957 καὶ
2842 1905 2936 1958 ἐπὶ
2966 1904 3060 1959 τοῦ
3091 1907 3483 1978 γεγραμμένου
3529 1909 3855 1980 ἀνθρώπου,

2266 1991 2558 2064 ἄνθρωπος
2603 1993 2705 2064 μὲν
2767 1993 3002 2064 λέγοιτο,
3052 1997 3114 2049 οὐ
3155 1997 3262 2067 μὴν
3303 1999 3699 2069 ἀνθρωπότηςο
3761 2001 3858 2053 καὶ

2267 2083 2524 2155 βασιλεὺς
2548 2085 2657 2138 τῶν
2699 2086 2792 2138 ἐπὶ
2820 2087 2944 2158 γῆς,
2995 2087 3056 2141 οὐ
3091 2089 3199 2158 μὴν
3229 2088 3501 2158 βασιλεία.
3539 2091 3860 2161 Ἐσφαλμνέ-

2265 2190 2374 2237 νως
2397 2171 2492 2228 οὖν
2517 2174 2653 2245 ἔχει,
2686 2175 2762 2239 ὡς
2791 2176 2916 2246 ἐμοὶ
2939 2177 3111 2242 δοκεῖ,
3150 2180 3182 2248 ἡ
3210 2180 3498 2250 ἐπιγραφή
3519 2197 3536 2212 ⁸
3575 2198 3859 2251 συμπερι-

2263 2267 2468 2335 γράφει
2502 2268 2612 2338 γὰρ
2651 2267 2750 2320 καὶ
2779 2268 2870 2321 τὸν
2901 2269 3125 2340 Πατέρα
3157 2272 3254 2324 καὶ
3301 2272 3363 2324 τὸ
3409 2271 3660 2343 Πνεῦμα,
3717 2275 3862 2345 ὅπερ

2263 2355 2486 2410 ἄτοπον.
2519 2355 2772 2410 Τοσαῦτα
2828 2357 2927 2428 μὲν
2957 2359 3032 2422 ὡς
3065 2358 3188 2412 κατ’
3238 2361 3532 2430 ἐπιτομήν.
3586 2361 3769 2423 Αὐτὸς
3801 2364 3858 2415 δὲ

2263 2447 2569 2519 προσεύχου
2619 2449 2752 2521 περὶ
2787 2450 2888 2520 τῆς
2917 2449 3301 2514 ταπεινώσεως
3335 2468 3438 2522 μου
3480 2451 3854 2522 θερμότερον·

2262 2539 2400 2594 ἀλλὰ
2421 2541 2536 2612 γὰρ
2559 2543 2656 2596 καὶ
2677 2543 2819 2613 ὑπὲρ
2835 2542 2929 2596 τοῦ
2950 2543 3208 2610 ἀδελφοῦ,
3236 2545 3297 2607 ὃς
3325 2547 3422 2597 καὶ
3442 2546 3856 2616 προσαγορεύει

2261 2632 2655 2705 γνησιώτερον.
2683 2635 2757 2688 Τὸ
2785 2636 3000 2707 ἱμάτιον
3033 2635 3306 2706 ἐδεξάμην
3325 2653 3339 2666 °
3370 2640 3466 2691 καὶ
3493 2637 3604 2701 ἕως
3627 2639 3766 2692 πότε
3793 2640 3856 2690 οὐ

2261 2725 2449 2798 παύσῃ
2512 2727 2839 2782 ὲνδιδύσκων
2883 2730 3058 2799 ἡμᾶς,
3110 2731 3401 2798 ὰγαπητέ;
3471 2731 3859 2800 ’Δντιθάλψειέ

2263 2833 2323 2870 σε
2361 2817 2568 2888 Κύριος
2594 2821 2653 2874 ὲν
2705 2821 3000 2890 πνεύματι.
3026 2822 3108 2876 Τὰ
3137 2822 3460 2878 ἐλλείποντα
3501 2826 3530 2877 ὁ
3582 2841 3858 2896 γράμμα⁸

2259 2911 2500 2982 τηφόρος
2528 2912 2852 2982 ἀπαγγελεῖ.
2888 2913 3143 2986 Ἐρῤωσο
3171 2918 3231 2967 ὲν
3259 2918 3448 2971 πᾶσιν.

2545 3219 2670 3272 ΞΠ’.
2698 3251 2768 3260 --
2799 3219 3030 3290 Εἰρήνῃ
3059 3222 3359 3290 πατρικιᾳ.
3385 3219 3572 3294 [eoat]

561 3329 688 3381 Cum
714 3329 848 3391 lapsa
882 3327 1078 3388 fuisset,
1100 3325 1415 3389 postmodum
1442 3322 1738 3384 confes-am,
1765 3328 1820 3373 et
1837 3335 2015 3386 graves
2035 3337 2155 3436 serg:

1999 3398 2076 3436 an.

2260 3343 2507 3455 ῗρῗὲεριιι,
2531 3333 2760 3384 hortatur
2800 3342 2856 3386 ut
2884 3337 2932 3385 in
2955 3335 3268 3386 confessione
3293 3340 3610 3398 perseveret.
3637 3335 3858 3398 (Barca.

2066 3425 2076 3436 '
2106 3425 2216 3450 νιν,
2239 3425 2290 3441 ΙΙ.
2321 3425 2400 3441 lu.

639 3469 922 3542 Superiori
951 3478 1214 3540 tempore,
1247 3469 1392 3538 quod
1417 3468 1754 3539 pmnitentiae
1784 3466 1909 3532 fuit,
1937 3469 2158 3538 pigebat

566 3565 808 3620 scribere
839 3561 905 3617 ad
925 3562 1287 3618 reverentiam
1322 3570 1470 3615 tuam
1498 3579 1513 3616 :
1547 3577 1691 3617 nunc
1713 3575 1844 3616 vero
1867 3570 1921 3616 et
1953 3563 2146 3630 impri-

568 3651 673 3704 mis
722 3650 1072 3720 jucundum,
1135 3657 1429 3720 postquam
1485 3650 1870 3716 exsurrexisti,
1911 3653 2158 3722 exceptis

563 3742 731 3796 etiam
765 3740 1076 3796 venerando
1105 3751 1202 3795 tuo
1230 3753 1466 3810 corpore
1500 3755 1602 3810 pro
1621 3739 1826 3795 Christi
1854 3739 2160 3796 confessio-

565 3850 635 3890 ne
664 3834 1005 3890 verberibus.
1035 3832 1146 3888 Sed
1179 3849 1335 3905 euge,
1371 3848 1508 3904 euge
1529 3873 1544 3899 ,
1575 3833 1717 3888 virili
1759 3834 1998 3887 maxime
2039 3833 2160 3887 ani-

567 3941 660 3982 mo
686 3926 911 3992 femina,
963 3927 1134 3997 quod,
1164 3935 1390 3997 accepta
1423 3925 1601 3990 clade,
1629 3925 2156 3997 redintegrationem

563 4035 762 4093 pugnae
811 4019 1242 4090 splendidiorem
1282 4017 1568 4074 etfeceris:
1611 4015 1784 4070 Deum
1825 4016 2160 4086 angelosque

566 4113 905 4175 exhilaratus,
941 4121 997 4166 et
1021 4126 1086 4167 ex
1119 4112 1438 4166 hominibus
1468 4110 1880 4165 amantissimos
1919 4109 2156 4178 pietatis.

566 4207 646 4260 Ac
675 4214 733 4258 tu
762 4219 888 4258 vere
917 4205 1106 4274 utique
1136 4205 1317 4270 nobis,
1343 4217 1411 4258 ex
1433 4201 1809 4258 Orientalibus
1839 4210 2019 4256 ortum
2051 4210 2160 4253 tra-

567 4293 706 4348 hens
721 4310 746 4346 τε
765 4301 818 4346 ιιι
849 4291 940 4348 Dei
964 4307 1029 4348 ac
1047 4294 1268 4347 virtutis
1294 4307 1518 4347 amans:
1543 4299 1600 4346 tu
1622 4291 1821 4346 vitioru
1833 4305 1885 4344 ιιι
1907 4289 2160 4344 domina-

465 4423 474 4438 .
566 4387 762 4450 trix,et
788 4385 979 4439 mundi
1006 4385 1250 4440 inimica.
1271 4383 1486 4452 Quanta
1505 4385 1584 4440 tui
1607 4384 1852 4439 nominis
1873 4398 2158 4438 commen-

567 4479 718 4532 datio
761 4487 846 4532 est
878 4479 891 4532 !
921 4494 1084 4548 quam
1141 4487 1225 4534 est
1254 4479 1309 4532 in
1358 4493 1456 4534 ore
1504 4493 1570 4534 ac
1624 4492 1878 4534 sermone
1911 4476 2158 4531 omnium

569 4579 894 4640 martyrium
929 4580 1083 4624 tuum
1113 4570 1126 4622 l
1158 4569 1300 4636 Quid
1357 4570 1548 4625 enim?
1574 4570 1962 4640 Evangelicum
2016 4569 2162 4624 arri-

569 4664 736 4734 puisti
780 4663 1044 4734 gladium,
1067 4671 1128 4717 ut
1150 4663 1356 4718 Christi
1387 4663 1544 4719 miles
1571 4679 1586 4715 :
1617 4661 1672 4717 in
1699 4661 1899 4717 mentis
1929 4675 2158 4716 excessu

2327 3479 2603 3550 Πρότερον
2634 3478 2866 3550 ἡνίκαή
2925 3479 3281 3544 ὑπόπτωσις,
3335 3477 3584 3548 λυπηρόν
3633 3495 3739 3548 μοι.
3796 3488 3860 3535 τιι

2257 3571 2494 3641 γράμμα
2528 3571 2667 3642 πρὸς
2691 3572 2793 3642 τὴν
2839 3571 3134 3642 τιμιότητά
3171 3585 3300 3624 σου*
3337 3571 3434 3623 νῦν
3470 3570 3525 3623 δὲ
3565 3571 3661 3623 καὶ
3732 3571 3864 3624 λίαν

2258 3665 2557 3734 περιχαρὲς
2605 3663 2694 3718 διὰ
2726 3663 2826 3734 τὴν
2871 3663 3260 3730 ἐξανάστασιν,
3310 3661 3408 3715 καὶ
3438 3661 3538 3724 τὰς
3585 3663 3682 3714 ἐπὶ
3744 3663 3865 3714 τῶν

2258 3755 2461 3824 τιμῖων
2496 3772 2590 3808 σου
2630 3755 2853 3826 σαρκῶν
2877 3755 3019 3826 ὑπὲρ
3040 3754 3333 3823 ὁμολογίας
3363 3753 3605 3824 Χριστοῦ
3644 3755 3870 3822 μάστι-

2257 3862 2383 3916 γας.
2419 3847 2532 3900 Καὶ
2579 3843 2731 3915 εὖγε,
2761 3843 2910 3915 εὖγε,
2945 3847 3299 3918 ἀνδρειοτάτη
3339 3848 3399 3900 ὲν
3440 3847 3722 3914 γυναιξὶν,
3777 3848 3868 3899 ὅτι

2255 3938 2359 4008 τῆς
2393 3938 2563 4008 ἥττης
2599 3937 3071 4008 περιφανεστέραν
3111 3938 3211 4007 τὴν
3240 3936 3602 3990 ἅναπάλαισιν
3639 3939 3869 4008 ἀπειρ-

2258 4029 2446 4096 γάσωο
2499 4029 2821 4099 εὖφράνασα
2849 4029 2984 4082 Θεόν
3030 4046 3090 4082 τε
3121 4031 3217 4082 καὶ
3253 4029 3537 4098 ἀγγέλους.
3590 4030 3686 4082 καὶ
3745 4030 3866 4082 τῶν

2257 4119 2564 4188 ἀνθρώπων
2598 4121 2725 4183 τοὺς
2759 4121 3212 4184 εύσεϐεστάτους.
3255 4123 3366 4176 Καὶ
3406 4123 3472 4175 σὺ
3498 4121 3661 4182 ὅντως
3707 4122 3863 4192 ἁλη-

2259 4211 2370 4275 θῶς
2419 4211 2669 4282 εὐγενὴς,
2711 4211 2820 4266 τῶν
2858 4211 2954 4281 ἀφ’
2991 4212 3148 4282 ἡλίου
3190 4213 3466 4266 ἀνατολῶν
3497 4215 3821 4284 ὁρμωμένη
3845 4230 3864 4244 ·

2260 4306 2325 4358 σὺ
2393 4303 2641 4374 φιλόθεος
2689 4305 2787 4358 καὶ
2837 4305 3167 4376 φιλάρετοςο
3229 4305 3295 4358 σὺ
3351 4305 3690 4367 παθοκτόνθς
3759 4307 3866 4359 καὶ

2259 4396 2651 4468 ἐχθρόκοσμος.
2695 4396 2785 4460 Ὦς
2813 4397 3028 4449 αἰνετόν
3059 4413 3153 4450 σου
3181 4396 3243 4450 τὸ
3270 4397 3442 4466 ὄνομα
3463 4411 3478 4427 ο
3527 4397 3622 4449 καὶ
3649 4397 3864 4450 διαλα-

2258 4488 2395 4560 λητή
2445 4506 2538 4542 σου
2596 4490 2630 4560 ἡ
2697 4488 3010 4560 μαρτυρίαιῐ
3059 4488 3125 4541 Τί
3181 4487 3396 4553 ταῦτα;
3450 4488 3690 4549 Ἔλασες
3756 4491 3862 4558 τὴν

2260 4579 2624 4650 εὐαγγελικὴν
2690 4579 3002 4652 μάχαιραν,
3051 4580 3126 4644 ὡς
3179 4581 3508 4650 στρατιῶτις
3559 4581 3861 4650 Χριστοῦ’

2260 4670 2516 4739 διέκοψας
2573 4672 2631 4722 ὲν
2683 4670 2938 4723 ἐκστάσει
2990 4671 3091 4733 τὰς
3141 4669 3357 4739 σχέσεις
3405 4669 3505 4720 τοῦ
3551 4669 3859 4738 σώματος·

566 4754 799 4828 allectus
819 4755 1068 4825 corporis
1094 4753 1413 4826 praecidisti,
1434 4753 1677 4809 demisso
1699 4753 1879 4823 capite
1898 4752 2155 4823 dirempta

2267 4756 2595 4826 ἁπετμὴθης
2631 4756 2877 4826 κεφαλῆς
2903 4757 3328 4826 ὑποκυπτούσης
3371 4756 3641 4828 Θυγατρὸς
3675 4777 3862 4828 μονο-

565 4865 628 4908 es
661 4827 731 4907 ab
773 4852 937 4906 unica
990 4851 1142 4906 ﬁlia:
1169 4850 1350 4906 valere
1381 4850 1585 4922 iubens
1617 4849 1822 4920 regiam
1849 4849 2152 4914 civitatem,

566 4942 840 4998 illustrem
875 4941 1214 5011 prosapiam,
1265 4947 1590 5011 praestantes
1623 4940 1858 5002 amicos.
1891 4937 2153 4994 familiam

565 5031 932 5102 splendidam,
967 5033 1227 5086 eximiam
1262 5031 1612 5102 dignitatem,
1655 5030 2007 5085 terrestrium
2053 5030 2154 5084 do-

569 5120 926 5176 mesticorum
965 5121 1242 5191 ingentem
1299 5137 1614 5187 numerum,
1641 5121 1961 5190 omnigenas
1981 5118 2156 5174 facul-

567 5222 731 5279 tates,
760 5215 866 5270 alia
891 5215 1128 5286 denique
1159 5230 1284 5286 qua:
1313 5229 1754 5270 commemorare
1784 5213 1874 5268 vix
1912 5213 2154 5284 possim:

569 5317 791 5376 arrepto
836 5308 960 5362 vitae
993 5307 1248 5362 instituto
1269 5347 1285 5372 ,
1317 5306 1373 5360 in
1430 5319 1542 5376 quo
1577 5306 1650 5361 sit
1693 5320 1832 5359 crux
1861 5304 2100 5358 tollenda
2133 5320 2147 5357 :

567 5399 726 5474 longe
767 5401 1027 5469 anpiam
1080 5398 1334 5468 ablegata
1363 5412 1447 5460 es,
1480 5404 1540 5450 ut
1589 5395 1779 5461 didici,
1813 5396 1869 5449 in
1893 5393 2148 5449 insulam.

568 5487 858 5545 Benedicta
891 5500 970 5557 tu,
1005 5499 1060 5546 et
1088 5490 1407 5545 benedictus
1449 5487 1660 5544 fructus
1677 5486 1924 5557 martyrii
1956 5487 2057 5541 tui.
2089 5485 2156 5540 Et

569 5581 716 5637 unde
743 5582 840 5636 tibi
873 5593 1047 5638 totum
1074 5583 1176 5637 hoc
1203 5580 1466 5652 quidquid
1490 5587 1574 5635 est
1601 5580 1752 5644 boni,
1805 5579 1996 5648 ingens
2035 5579 2154 5648 glo-

571 5673 677 5734 ria,
729 5687 942 5728 summa
999 5674 1423 5739 commendatio,
1471 5672 1577 5728 nisi
1611 5686 1678 5725 ex
1708 5671 2004 5725 virtutibus
2049 5671 2156 5727 illis

651 5785 697 5817 '°
722 5783 895 5841 Exod.
930 5802 1011 5855 ιιι,
1040 5787 1094 5843 6.
1170 5788 1214 5822 ’ί
1245 5787 1380 5844 ibid.
1415 5785 1501 5842 M.
1573 5786 1625 5820 τ’
1664 5783 1800 5840 Gen.
1841 5798 1952 5853 nx,
1990 5782 2079 5836 25.

2252 5029 2516 5100 λάμπρῳ,
2572 5028 2702 5100 ἀξία
2763 5030 3226 5102 ὑπερφυεστάτῃ,

2250 5120 2483 5175 οἰκετῶν
2522 5120 2739 5191 πλήθει,
2779 5120 3017 5193 ὑπάρξει
3071 5121 3416 5192 παντοδαπῇ,
3470 5126 3586 5185 τοῖς
3636 5123 3858 5188 ἄλλοις,

2258 4845 2560 4918 κλαδούσης
2582 4862 2598 4878 ο
2628 4847 2910 4917 ἐρρῶσθαι
2940 4847 3200 4917 φράσασα
3245 4849 3399 4901 πόλει
3448 4849 3859 4923 βασιλευούσῃ,

2260 4937 2408 5005 γένει
2435 4936 2812 5008 περιϐλέπτῳ,
2847 4936 3024 5005 φίλοις
3059 4937 3440 5008 ὑπερέχουσιν,
3485 4939 3635 5009 οἰκίᾳ
3668 4941 3864 5011 51:59-

3307 5030 3418 5084 τῶν
3471 5031 3619 5085 κατὰ
3674 5033 3862 5102 χθόνα

2255 5209 2338 5276 οἷς
2363 5213 2464 5266 οὐκ
2494 5211 2737 5283 εὐμαρές
2766 5230 2858 5282 μοι
2883 5212 3098 5282 λέγειν·
3131 5215 3224 5266 καὶ
3251 5214 3504 5284 ἀραμένη
3537 5215 3633 5266 τὸν
3673 5232 3862 5268 σταυ-

2261 5304 2489 5375 ροφόρον
2531 5303 2682 5373 βίονο
2721 5303 3082 5375 ἅπεωρίσθης
3108 5320 3211 5358 που
3250 5306 3492 5374 μακρὰν,
3544 5305 3622 5370 ὡς
3657 5309 3866 5376 μεμά-

2259 5394 2425 5466 θηκα,
2459 5397 2518 5447 ὲν
2546 5395 2715 5466 νήσῳ.
2753 5395 3114 5466 Εὐλογημένη
3144 5395 3232 5459 σὺ,
3274 5397 3370 5449 καὶ
3410 5397 3800 5467 εὐλογημένος
3833 5401 3868 5453 ὁ

2260 5484 2473 5556 καρπὸς
2507 5484 2608 5554 τῆς
2658 5485 2971 5558 μαρτυρίας
3021 5504 3142 5542 σου.
3178 5488 3293 5541 Καὶ
3336 5488 3504 5541 πόθεν
3545 5505 3628 5541 σοι.
3677 5489 3868 5546 τοῦτο

2259 5575 2380 5628 ὅλον
2407 5575 2468 5629 τὸ
2490 5574 2715 5644 ἀγαθὸν,
2749 5575 2811 5629 τὸ
2831 5576 2975 5647 μέγα
3001 5577 3179 5642 κλέος,
3220 5580 3254 5648 ἠ
3284 5579 3517 5648 μεγίστη
3543 5580 3818 5647 εὐφημία
3841 5621 3864 5647 ,

2260 5666 2377 5720 ἀλλ’
2407 5667 2442 5738 ἦ
2493 5667 2558 5721 ὲκ
2588 5666 2696 5722 τῶν
2734 5669 3219 5742 προϋπηργμένων
3251 5687 3334 5725 σοι
3361 5669 3861 5742 κατορθωμάτων,

4039 239 4041 250 1

4039 239 4041 250 ι
