4054 6364
195 356 333 419 1297

1399 354 1945 417 EPISTOLARUM
1992 353 2144 414 LIB.
2186 351 2276 413 II.

3338 355 3477 419 1293

187 472 256 524 ἐκ
283 469 385 536 τῆς
412 465 612 536 πολλῆς
643 483 740 519 σου
769 465 1062 532 ἐντεύξεως
1093 467 1188 520 καὶ
1217 466 1557 538 προσευχῆς,
1585 468 1650 520 ἐκ
1671 467 1772 536 τῆς

1898 465 2016 533 uis,
2042 479 2166 535 quae
2205 475 2538 534 praeessere
2569 478 2583 514 :
2610 475 2676 515 ex
2709 460 2958 530 plurima
2974 459 3378 532 supplicatione
3412 481 3480 521 ae

187 556 644 627 ὑπερϐαλλούσης
701 573 794 610 σου
849 557 1195 628 φιλευποιίας
1253 558 1350 610 καὶ
1411 556 1780 628 φιλομονάχου

188 652 467 724 καρδίαςς
515 649 629 703 Οὐκ
657 647 858 703 ὤλοντο
912 649 964 702 oi
1015 649 1244 720 καρποὶ,
1283 647 1385 702 κᾶν
1437 650 1530 703 ἐπὶ
1586 649 1783 722 μικρὸν

186 743 605 812 διεσείσθησαν·
637 741 699 794 ού
737 741 974 806 κατέαξέ
1013 757 1106 792 σου
1146 740 1238 794 τὸν
1281 741 1484 811 ἀρετῆς
1516 739 1728 812 πύργον
1755 742 1784 796 6

188 835 570 905 ἀντικείμενος
593 833 719 903 ὄφις
739 871 756 896 ,
806 835 855 886 εί
889 833 984 886 καὶ
1015 831 1261 888 δέδακεν.
1319 833 1783 904 Ἀποκέκρουσται

190 928 392 996 φθόνος
415 925 523 980 τῶν
553 923 1018 980 ἐπιτωθασάντων
1044 941 1060 957 ο
1087 925 1383 978 πέπτωκεν
1413 923 1786 988 ὀνειδιζόντων

191 1019 390 1082 ὓθλος·
431 1015 686 1086 νενίκηκε
732 1015 974 1086 Χριστὸς
1025 1015 1084 1067 ἐν
1116 1014 1232 1078 σοὶ,
1280 1012 1377 1066 καὶ
1427 1012 1518 1065 διὰ
1576 1011 1692 1075 σοῦ,
1739 1006 1785 1066 ὦ

191 1110 541 1180 καλλίγυναι,
567 1103 612 1162 ὧ
640 1108 984 1180 φιλόμαρτυς
1009 1122 1026 1138 ⁶
1061 1109 1180 1170 καὶ,
1217 1106 1279 1160 τὸ
1300 1105 1507 1177 τρίτον,
1534 1099 1580 1158 ὦ
1608 1107 1786 1174 μῆτερ

191 1206 344 1276 ἐμή·
395 1202 548 1256 καλῶ
573 1202 684 1272 γὰρ
715 1200 876 1254 τοῦτο
925 1201 984 1252 ἐν
1028 1199 1334 1270 πνεύματι,
1373 1198 1450 1262 ὡς
1497 1196 1783 1260 σύναθλον,

193 1300 291 1352 καὶ
314 1298 422 1352 τῶν
449 1297 558 1352 ἀπὸ
584 1295 794 1366 σαρκὸς
815 1293 1242 1364 γνωριζομένων
1264 1292 1594 1361 σπλάγχνων
1623 1289 1789 1359 ἐγγύ-

191 1408 376 1462 τερον.
433 1388 590 1442 Οὕτω
626 1389 738 1458 γὰρ
769 1383 881 1441 οἶδε
930 1387 992 1440 τὸ
1040 1386 1260 1456 πνεῦμα
1313 1385 1608 1438 συνάπτειν
1659 1383 1824 1444 ’τοὺςΔ

194 1483 296 1538 ἀπ’
328 1481 494 1536 αὐτοῦ
540 1479 1043 1552 κυοφορουμένους.
1095 1474 1229 1531 Οἶδά
1260 1493 1353 1530 σου
1387 1475 1516 1538 τοὺς
1559 1475 1783 1538 πόνους·

192 1569 315 1628 οἴδα
338 1573 440 1636 τὰς
485 1571 768 1634 ίνοκοπίας
810 1569 910 1640 τῆς
951 1567 1165 1638 ψυχῆς·
1213 1567 1393 1620 πάντα
1420 1566 1521 1619 ὅσα
1555 1567 1790 1636 ῥαγείσα

195 1669 406 1738 κόσμου
448 1665 682 1720 ύποίσω.
737 1663 897 1717 Ἀλλὰ
940 1662 1136 1733 θάρσει
1159 1676 1172 1690 ·
1220 1659 1390 1723 πολύς
1421 1677 1514 1712 σου
1539 1659 1568 1710 6
1595 1657 1787 1728 μισθὸς

197 1764 259 1816 ἐν
307 1761 558 1830 οὐρανοῖς
581 1774 598 1792 ⁸
627 1757 818 1828 νύμφη
858 1753 1095 1824 Χριστοῦ
1123 1753 1512 1825 χρηματίζεις,
1542 1751 1648 1805 κᾶν
1677 1749 1792 1804 ἀπὸ

193 1853 394 1922 ἀνδρός
415 1868 428 1882 ο
463 1851 789 1921 συμπολῖτις
831 1847 942 1902 τῶν
970 1847 1196 1901 δικαίων
1232 1847 1328 1900 καὶ
1369 1845 1544 1915 ἁγίων
1565 1860 1579 1875 ο
1629 1843 1792 1914 εἴπερ

197 1943 548 2015 ἐμμενοῦμεν
577 1945 700 2005 ταῖς
733 1941 910 2005 θείαις
937 1939 1257 2011 ὁμολογίαις
1295 1939 1400 2001 ἕως
1430 1938 1640 2000 τέλους.
1673 1935 1792 1990 Νῦν

195 2037 258 2090 δὲ
283 2036 502 2106 λιπαρῶ
537 2035 632 2088 καὶ
669 2031 955 2104 παραινῶ,
987 2029 1410 2102 ὑπομονητικῶς
1450 2046 1510 2082 σε
1545 2028 1793 2096 ἐνεγκεῖν

195 2132 302 2200 τὴν
345 2127 559 2200 ἐξορίαν
589 2129 686 2181 καὶ
723 2126 962 2198 ἐρημίαν
992 2126 1232 2189 πάντων,
1267 2119 1692 2192 ἀναθεωροῦσαν
1723 2118 1794 2174 τὰ

195 2223 435 2292 οὐράνια
456 2237 471 2252 ⁸
499 2221 704 2274 εἰδυῖαν
733 2219 795 2272 τὸ
822 2219 916 2271 ἐπὶ
946 2219 1052 2288 γῆς
1079 2216 1330 2286 παίγνιον
1357 2215 1454 2268 καὶ
1479 2212 1794 2283 ὠκύμορον.

196 2319 359 2372 Μετὰ
387 2315 482 2369 σοῦ
518 2317 546 2368 6
577 2314 754 2384 φύλαξ
793 2331 889 2367 σου
936 2313 1037 2384 τῆς
1080 2311 1230 2382 ζωῆς
1261 2309 1524 2379 ἄγγελος·
1557 2305 1796 2379 Χριστὸς

199 2407 392 2470 αὐτὸς,
429 2407 458 2460 6
497 2403 706 2458 εἰπών’
748 2404 898 2473 Ἐγὼ
949 2403 1049 2456 καὶ
1077 2405 1110 2457 ό
1153 2399 1359 2469 Πατὴρ
1391 2399 1796 2469 ἐλευσόμεθα,

199 2500 304 2552 καί
328 2497 532 2568 μονὴν
555 2497 694 2566 παρ’
717 2495 880 2562 αὑτῷ
905 2494 1266 2564 ποιήσομεν.
1291 2493 1456 2546 Ἐνδέ
1475 2492 1796 2562 ὑπομιμνή-

199 2577 327 2644 σκω
347 2607 359 2621 '
392 2593 630 2659 σεαυτὴν
652 2587 966 2660 περιποιοῦ,
987 2587 1200 2641 δίαιταν
1223 2583 1797 2656 παρακλητικωτέραν

199 2681 590 2754 ἀσπαζομένη.
625 2682 700 2736 Οὐ
751 2682 862 2752 γὰρ
920 2681 1114 2753 καιρὸς
1148 2678 1480 2748 ἐγκρατείας
1536 2676 1662 2748 ἄρτι
1703 2693 1796 2728 το-

203 2774 419 2838 σοῦτον,
447 2775 573 2828 ὅσον
633 2774 695 2827 τὸ
739 2774 1030 2844 πρότερον.
1078 2773 1193 2826 Kal.
1257 2771 1436 2836 τέλος,
1487 2771 1796 2840 προσεύχου

203 2869 339 2937 περὶ
366 2865 501 2936 ἐμοῦ
533 2865 632 2919 τοῦ
681 2863 1012 2937 άμαρτωλοῦ
1036 2879 1050 2892 °
1104 2863 1181 2928 ὼς
1208 2861 1275 2916 ἂν
1321 2863 1438 2923 τοῖς
1483 2859 1665 2929 λόγοις
1705 2860 1799 2913 τὸν

203 2959 328 3030 βίον
360 2958 788 3030 συναρμόσοιμι.

427 3068 545 3124 Εἶθ’.
576 3098 647 3111 -
677 3067 960 3138 Εὑφημίᾳ
979 3066 1330 3137 ἐγκλειστῃ.
1358 3060 1544 3137 [υογ’

1888 570 2052 628 prece
2089 576 2104 612 :
2130 569 2200 610 ex
2229 550 2729 609 beneﬁcentissima
2763 562 2853 607 tua
2887 567 3015 624 erga
3040 556 3345 611 monachos
3377 572 3478 612 vo-

1887 647 2144 702 luntate?
2175 643 2292 699 Non
2320 643 2532 716 periere
2584 642 2822 706 fructus,
2856 645 2962 700 etsi
2990 645 3246 700 concussi
3283 647 3480 715 paulu-

1886 741 1998 795 lum
2032 756 2046 793 :
2077 748 2226 793 tuam
2261 737 2410 791 illam
2453 735 2673 791 virtutis
2702 737 2892 791 turrim
2924 753 3032 792 non
3056 738 3328 794 subvertit
3358 753 3494 794 ser-4

1885 848 2021 904 pens
2049 831 2328 896 inimicus,
2357 845 2677 901 quanquam
2710 846 2955 885 morsum
2985 831 3193 886 intulit.
3240 831 3496 900 Repuls‘a.

1887 925 2178 980 irrisorum
2238 921 2445 978 invidia
2503 932 2633 979 est:
2678 923 3000 978 exciderunt
3041 922 3494 980 conviciatorum'

1885 1031 2080 1088 nugae:
2115 1014 2246 1069 vicit
2277 1013 2533 1069 Christus
2563 1014 2617 1068 in
2645 1023 2695 1068 te
2723 1023 2778 1068 et
2807 1029 2903 1083 per
2927 1023 2998 1079 te,
3031 1028 3065 1068 o
3091 1013 3297 1070 femina
3321 1030 3480 1087 egre-

1887 1110 1994 1176 gia,
2026 1125 2059 1162 υ
2092 1107 2336 1177 martyrii
2363 1106 2580 1176 cupida,
2624 1115 2698 1171 et,
2725 1105 2870 1176 quod
2903 1106 3130 1161 tertium
3161 1115 3265 1170 est,
3295 1121 3329 1161 ο
3360 1122 3492 1162 ωδε

1887 1211 1970 1254 ter
2003 1214 2124 1254 mea
2155 1217 2169 1254 :
2201 1214 2329 1254 nam
2361 1214 2428 1254 eo
2451 1211 2502 1254 te
2547 1199 2770 1254 nomine
2807 1197 3020 1269 appeilo
3067 1199 3120 1253 in
3157 1199 3382 1268 spiritu,
3418 1207 3482 1252 ut.

1891 1293 2208 1350 certaminis
2232 1296 2436 1349 sociam
2469 1334 2485 1358 ,
2518 1302 2571 1348 et
2597 1293 3032 1363 coniunctiorem
3058 1293 3125 1349 iis
3152 1309 3273 1364 quae
3294 1291 3482 1348 carnis

1889 1395 2020 1442 sunt
2051 1387 2379 1442 visceribus.
2413 1385 2505 1442 Sic
2541 1387 2687 1441 enim
2721 1403 2818 1442 eos
2867 1387 3097 1457 spiritus
3129 1387 3283 1442 novit
3309 1403 3483 1456 c0pn-

1889 1481 2023 1546 lare,
2056 1497 2195 1551 quos
2226 1481 2342 1551 ipse
2391 1483 2662 1552 genuerit.
2704 1480 2841 1536 Novi
2894 1481 3110 1536 labores
3149 1492 3274 1538 tuos
3314 1483 3483 1536 :nori

1891 1582 2024 1643 quo:
2051 1573 2234 1628 animo
2256 1572 2537 1628 molestias
2569 1572 2841 1634 hauseris,
2865 1587 3012 1642 quae,
3053 1587 3180 1628 cum
3213 1588 3244 1628 a
3271 1574 3482 1627 mundo

1889 1666 2079 1722 avulsa
2103 1681 2185 1732 es,
2204 1664 2478 1720 tOleraris.
2502 1662 2607 1718 Sed
2636 1663 2896 1718 conﬁdito
2920 1681 2933 1719 :
2955 1663 3188 1734 plurima
3219 1665 3314 1719 tibi
3337 1681 3485 1720 mer-

1889 1775 1981 1815 ces
2021 1759 2074 1813 in
2107 1758 2248 1814 emlo
2279 1777 2292 1812 :
2323 1756 2529 1814 Christi
2561 1771 2761 1828 sponsa
2809 1757 3035 1820 diceris.
3067 1757 3175 1812 etsi
3207 1769 3329 1825 post
3349 1774 3486 1814 con-

1887 1850 2100 1922 jugium
2133 1867 2147 1904 :
2176 1849 2534 1920 justorumac
2565 1856 2883 1904 Sanctorum
2914 1847 3076 1913 civis,
3100 1849 3147 1904 si
3168 1847 3390 1918 quidem
3415 1848 3488 1904 ad

1896 1942 2056 1997 ﬁnem
2088 1957 2263 2012 usque
2294 1942 2348 1996 in
2378 1940 2562 1996 divina
2586 1941 2940 1996 confessione
2960 1948 3292 2009 perstemus.
3319 1939 3486 1997 Nunc

1892 2049 2024 2088 vero
2058 2032 2290 2087 obsecro
2317 2038 2372 2086 et
2402 2031 2593 2085 hortor
2619 2037 2680 2084 ut
2701 2044 2857 2100 :equo
2901 2029 3089 2084 animo
3123 2028 3380 2083 exsilium
3406 2027 3488 2082 fe-

1894 2140 2006 2190 ras,
2042 2138 2338 2194 rerumque
2369 2124 2619 2178 omnium
2672 2121 2980 2192 penuriam,
3013 2121 3320 2176 cmlestium
3347 2135 3488 2176 con-

1896 2214 2253 2284 templatione
2279 2232 2293 2268 :
2323 2229 2448 2270 cum
2481 2213 2652 2285 probe
2677 2214 2973 2284 intelligas,
3006 2213 3277 2284 quidquid
3314 2223 3490 2268 terre-

1896 2323 2030 2362 num
2059 2315 2164 2368 est.
2201 2306 2472 2362 ludicrum
2517 2321 2640 2362 esse
2664 2315 2718 2361 et
2759 2305 2868 2360 cito
2899 2306 3226 2376 periturum.
3279 2305 3487 2361 Tecum

1895 2407 2083 2455 custos
2111 2398 2238 2453 vitae
2267 2407 2375 2453 tua:
2410 2397 2636 2468 angelus
2660 2437 2676 2464 ,
2706 2397 2962 2453 Christus
3007 2398 3124 2465 ipse
3176 2399 3271 2468 qni
3304 2399 3441 2450 dixit
3474 2415 3487 2450 :

1896 2489 2011 2564 Ego
2031 2501 2082 2546 et
2110 2491 2274 2546 Pater
2312 2495 2599 2554 veniemus,
2626 2500 2675 2544 et
2701 2491 3028 2544 mansionem
3075 2491 3216 2560 apud
3248 2507 3367 2544 eum
3404 2490 3492 2559 [a-

1897 2583 2094 2637 ciemus
2115 2579 2373 2636 ".Unum
2400 2596 2530 2637 vero
2553 2597 2754 2636 moneo
2772 2601 2784 2636 :
2804 2591 2862 2636 ut
2885 2581 3184 2636 valetudini
3207 2583 3488 2646 consulas,

1897 2678 2211 2732 suaviorem
2249 2676 2504 2744 amplexa
2545 2676 2762 2730 vivendi
2797 2692 3072 2731 normam.
3125 2673 3314 2746 Neque
3341 2677 3488 2731 enim

1899 2785 2047 2824 nunc
2081 2779 2299 2840 tempus
2341 2769 2694 2824 abstinentia:
2723 2778 2834 2824 tam
2864 2769 3051 2840 rigidae
3077 2778 3182 2831 est,
3202 2785 3492 2837 quamano

1899 2871 1987 2918 tea
2019 2863 2254 2917 exstitit.
2273 2861 2522 2932 Denique
2545 2877 2645 2932 pro
2665 2879 2752 2918 me
2777 2873 3067 2933 peccatore
3091 2880 3280 2934 preces
3299 2863 3497 2933 funde,

1900 2965 1961 3009 ut
1993 2971 2118 3010 cum
2145 2955 2496 3010 sermonibus
2529 2956 2614 3010 via
2652 2969 2772 3010 mea
2793 2957 3127 3012 consentiat.

2253 3069 2443 3126 LXIX.
2476 3102 2548 3140 -έ
2563 3070 2871 3141 Euphemiw
2894 3073 3131 3128 inclusw.

1255 3201 1320 3252 Ut
1339 3202 1536 3251 thristo
1557 3215 1740 3264 sponso
1766 3217 1877 3263 suo,
1900 3212 2003 3254 tota
2022 3212 2192 3255 mente
2220 3206 2426 3256 serviat.

279 3316 344 3370 El
369 3313 463 3368 καὶ
481 3311 802 3382 ἐλλείπομεν
847 3309 1170 3380 συχνότερον
1227 3311 1296 3381 τῇ
1355 3310 1630 3380 τιμιότητί
1700 3327 1794 3363 σου

1974 3311 2090 3367 Etsi
2141 3311 2434 3369 omisimus
2455 3313 2766 3371 crebriores
2805 3313 2873 3370 ad
2929 3316 3295 3372 reverentiam
3343 3327 3498 3376 tuam

201 3405 548 3463 ἐπιστέλλειν
581 3421 596 3436 ’
627 3401 744 3457 ἀλλ’
765 3400 860 3456 οὖν
881 3401 978 3456 τοῦ
1017 3401 1332 3472 μεμνῆσθαι
1367 3402 1536 3472 αὐτῆς
1592 3405 1650 3456 ἐν
1680 3403 1797 3455 Κυ-

207 3501 314 3572 ρίῳ
341 3539 357 3565 ,
388 3501 489 3553 οὐκ
513 3496 922 3568 ἐπιλελήσμεθα
953 3513 966 3525 ·
999 3495 1091 3550 διὰ
1107 3495 1169 3548 τὸ
1201 3495 1519 3550 κοινωνικὸν
1547 3498 1646 3566 τῆς
1666 3512 1798 3565 προ-

202 3597 438 3658 θέσεως,
465 3596 559 3648 καὶ
588 3594 651 3646 τὸ
678 3591 987 3646 ἐπιδοτικὸν
1011 3591 1114 3660 τῆς
1132 3591 1532 3662 προαιρέσεως.
1575 3592 1641 3645 Ὃ
1675 3593 1796 3644 ίκα-

200 3687 320 3749 νῶς
345 3686 484 3756 ἔχει,
521 3685 595 3750 ὼς
626 3683 907 3754 μανθάνω,
933 3682 1042 3736 ἀπὸ
1068 3682 1295 3753 πρώτης
1325 3682 1540 3753 ἡλικίας
1558 3683 1797 3754 ᾑρετίσω

201 3782 301 3834 τὸν
332 3779 702 3850 σταυροφόρον
725 3778 840 3848 βίον
860 3794 873 3807 ·
900 3777 998 3831 καὶ
1028 3775 1109 3829 ἐτι
1141 3775 1243 3847 τὴν
1275 3778 1657 3848 φρουρητικὴν
1683 3774 1800 3829 δια-

201 3873 423 3927 σίωσιν.
449 3873 559 3925 Καὶ
581 3870 768 3942 ἡλίκον
792 3887 886 3922 σου
912 3869 972 3922 τὸ
987 3866 1263 3939 ἐγκώμιον
1281 3906 1296 3930 ,
1326 3866 1512 3938 νύμφη
1535 3866 1794 3938 Χριστοῦ.

214 3965 365 4020 Ἀλλ’
395 3964 808 4034 ὑπομιμνῄσκω
841 3960 1124 4033 περιέπων
1181 3977 1240 4012 σε
1277 3958 1690 4030 πνευματικῶς,
1723 3958 1800 4023 ὡς

201 4058 473 4128 ἀδελφήν.
517 4055 856 4125 Ἐπείχθητι,
889 4053 1078 4124 κυρία,
1115 4051 1406 4123 ἐπείχθητι
1457 4049 1799 4124 θεραπεῦσαί

205 4169 309 4205 σου
345 4151 440 4204 τὸν
474 4147 751 4218 Νυμφίον.
788 4147 854 4201 Ἢ
887 4145 1284 4216 νυμφευθεῖσα,
1314 4143 1497 4215 πάσης
1558 4144 1801 4214 σχέσεως

202 4243 414 4314 ἑαυτὴν
445 4241 818 4303 ἀποδιίστασο,
855 4239 986 4307 ὃλην
1012 4237 1112 4309 τὴν
1141 4235 1393 4307 καρδίαν,
1450 4235 1547 4288 καὶ
1595 4233 1798 4304 ψυχὴν,

202 4339 308 4392 καὶ
335 4336 466 4404 ὃλην
495 4333 593 4406 τὴν
626 4331 870 4386 διάνοιαν
907 4329 1190 4401 ἐρωτικῶς
1257 4328 1398 4398 πρὸς
1445 4327 1542 4381 τὸν
1597 4326 1802 4396 ἑαυτῆς

202 4417 468 4500 Νυμφίον
499 4427 718 4498 ἔχουσα.
743 4425 803 4476 Ei
831 4422 990 4477 τοῦτο
1014 4423 1108 4474 ἐπὶ
1133 4421 1226 4475 τοῦ
1249 4419 1495 4492 φθαρτοῦ
1522 4421 1619 4473 καὶ
1643 4418 1802 4489 ῥέον-

203 4539 302 4586 τος
339 4521 455 4590 ἔχει
486 4535 500 4548 ·
562 4519 714 4588 πόσῳ
777 4513 872 4570 οὖν
906 4516 1108 4585 μᾶλλον
1131 4513 1228 4568 ἐπὶ¹
1255 4511 1352 4567 τοῦ
1381 4511 1668 4584 ἀφθάρτου
1707 4511 1802 4564 καὶ

203 4615 526 4677 ἀθανάτους
573 4610 763 4672 Οῦτως
803 4610 1096 4679 ὀφείλομεν
1151 4606 1352 4678 (κοινὸς
1378 4608 1406 4660 6
1437 4603 1620 4674 λόγος)
1709 4603 1804 4657 καὶ

1903 3405 2110 3460 litteras
2139 3405 2388 3473 mittere;
2438 3417 2496 3461 at
2545 3421 2658 3462 non
2711 3407 2986 3464 desiimus
3014 3409 3262 3478 ejusdem
3293 3414 3493 3468 metui-

1901 3497 2050 3553 uisse
2107 3498 2162 3554 in
2193 3497 2448 3562 Domino,
2491 3508 2606 3554 tum
2639 3499 2710 3554 ob
2749 3499 2983 3557 instituti
3011 3505 3492 3570 communionem,

1902 3599 2016 3642 tum
2053 3589 2124 3643 ob
2183 3589 2552 3646 voluntariam
2601 3592 2732 3647 novi
2777 3595 3044 3664 propositi
3090 3596 3490 3654 accessionem.

1900 3681 2052 3747 Quod
2097 3696 2193 3750 per
2218 3697 2278 3736 se
2310 3684 2611 3738 maximum
2657 3694 2760 3748 est,
2793 3701 2824 3740 a
2852 3687 3027 3756 prima
3060 3697 3241 3753 actate,
3299 3699 3359 3745 ut
3403 3693 3491 3746 in-

1902 3774 2126 3845 telligo,
2179 3777 2306 3831 vita:
2355 3792 2605 3831 normam
2653 3779 2968 3848 arripuisti,
2999 3781 3054 3835 in
3098 3799 3207 3852 qua
3251 3783 3494 3839 tollenda

1901 3881 2082 3921 crux:
2133 3881 2200 3922 ac
2241 3876 2506 3937 praetcrea
2572 3880 2768 3939 sponte
2812 3870 3028 3928 inclusa
3081 3874 3237 3944 degis
3293 3893 3492 3930 aevum.

1902 3957 2046 4014 Proh
2091 3968 2298 4028 quanta
2339 3968 2432 4014 tua
2478 3963 2890 4018 commendatio
2936 3974 3042 4028 est,
3082 3965 3297 4036 Sponsa
3327 3969 3492 4024 Chri-

1901 4052 2006 4108 5ti!
2045 4050 2226 4106 Unum
2276 4061 2458 4108 tamen
2499 4069 2736 4126 suggero
2791 4057 2868 4111 tui
2923 4059 3250 4127 spiritaliter
3302 4077 3494 4118 curam

1903 4160 2119 4214 gerens,
2159 4155 2420 4216 tanquam
2453 4149 2682 4206 sororis.
2715 4149 2999 4218 Adnitere,
3036 4153 3285 4216 domina,
3336 4156 3496 4210 adni-

1904 4247 2018 4292 tere
2067 4236 2344 4306 Sponsum
2395 4247 2549 4294 tuum
2605 4239 2901 4297 demereri.
2959 4242 3245 4314 Tanquam
3302 4259 3495 4318 nupta,

1901 4344 2124 4385 onmem
2156 4344 2298 4385 exue
2337 4330 2620 4398 allectum,
2673 4341 2870 4402 pectus
2899 4349 3082 4402 omne,
3123 4352 3344 4394 onmem
3376 4341 3498 4394 ani-

1903 4435 2078 4484 mum,
2123 4420 2510 4490 cogitationem
2541 4437 2760 4479 omnem
2789 4427 2996 4481 amoris
3043 4427 3286 4496 impulsu
3317 4441 3500 4488 trans-

1903 4511 2086 4568 ferens
2125 4515 2180 4568 in
2230 4513 2502 4582 Sponsum
2560 4525 2739 4570 tuum.
2798 4517 2958 4583 Quod
2996 4519 3043 4575 si
3100 4521 3152 4574 in
3187 4524 3404 4578 mortali
3435 4541 3502 4579 ac

1905 4607 2150 4677 perituro
2177 4606 2230 4661 id
2261 4608 2482 4675 accidit,
2520 4617 2731 4679 quanto
2764 4609 2936 4680 magis
2964 4611 3018 4665 in
3055 4615 3395 4684 sempiterno
3446 4627 3502 4674 et

204 4710 378 4780 ἡμεῖς
408 4703 718 4760 διακεῖσθαι
743 4703 880 4771 πρὸς
907 4702 997 4754 τὸν
1031 4700 1237 4769 Κύριον
1260 4699 1355 4754 καὶ
1378 4697 1682 4767 Δεσπότην,
1707 4697 1796 4750 καὶ

1906 4699 2235 4754 immortali!
2283 4698 2378 4754 Sic
2405 4699 2693 4762 debemus.
2740 4703 2854 4770 pari
2887 4704 3121 4769 ratione,
3160 4715 3215 4760 et
3238 4723 3337 4762 nos
3372 4724 3501 4780 erga

209 4803 292 4872 μὴ
332 4796 634 4868 λαμϐάνειν
665 4794 826 4864 κόρον
853 4793 949 4846 τοῦ
987 4793 1153 4846 πόθου
1187 4791 1383 4846 αὑτοῦ·
1417 4790 1514 4844 καὶ
1539 4792 1598 4843 ἐν
1623 4789 1802 4860 τούτῳ

204 4889 532 4960 ἐξίστασθαι
559 4890 740 4954 πάσης
767 4887 960 4958 ἡδονῆς
986 4883 1341 4958 φθορ-οποιοῦ.
1375 4883 1502 4936 Ὀτι
1525 4881 1622 4935 καὶ
1639 4880 1804 4943 αὐτὸς

206 4983 501 5056 ἐρωτικῶς
529 4983 666 5054 πρὸς
693 4982 844 5051 ἡμᾶς
871 4979 1056 5050 ἐχεται
1077 4993 1090 5007 ·
1125 4977 1220 5032 καὶ
1239 4976 1404 5030 οίυνεὶ
1430 4976 1707 5040 ἐξίσταται
1728 4975 1796 5044 τῇ

208 5075 576 5146 ὑπεραπείρῳ
599 5075 898 5142 ἀγαπήσει.
934 5070 1028 5141 Μὴ
1057 5068 1168 5140 γὰρ
1194 5068 1256 5121 οὐ
1283 5068 1371 5120 διὰ
1403 5066 1485 5128 σὲ,
1539 5064 1672 5128 Θεὸς
1701 5063 1798 5125 ὢν,

207 5167 408 5223 δούλου
451 5165 668 5237 μορφὴν
717 5161 1002 5227 ἀνέλαϐεν,
1059 5162 1130 5231 ἢν
1186 5158 1284 5214 νῦν
1339 5156 1701 5228 ἀτιμάζουσιν
1751 5156 1802 5208 οε

208 5257 624 5328 Είκονομάχοις
661 5255 735 5327 μὴ
753 5255 852 5307 οὐκ
885 5251 1204 5322 ἐπτώχευσε
1265 5249 1523 5312 πλούσιος
1563 5247 1682 5310 ὥνς
1728 5248 1804 5316 μὴ

210 5352 321 5422 οὐχ
349 5349 614 5420 ὑπέμεινε
645 5347 713 5400 τὰ
749 5345 976 5416 θλιδερέι
1007 5343 1256 5405 ἅπαντα,
1307 5341 1497 5414 ὕϐρεις
1524 5381 1540 5404 ,
1591 5338 1807 5410 ἐμπτύ-

213 5460 438 5513 σματα,
474 5441 819 5511 ῥαπίσματα,
880 5437 1174 5508 μάστιγας,
1227 5434 1461 5502 σταυρὸν
1491 5435 1588 5486 καὶ
1647 5433 1810 5486 θάνα-

209 5551 355 5598 τον;
397 5533 582 5594 Οὕτως
607 5533 820 5601 ὀφείλει
849 5530 1056 5599 ἑκάστη
1091 5527 1241 5598 ψυχὴ
1305 5525 1644 5580 διατίθεσθαι
1679 5543 1692 5556 ·
1733 5524 1809 5589 ὡς

212 5621 368 5698 ὖπέρ
403 5625 574 5696 αὐτῆς
608 5625 800 5696 μόνης,
824 5623 927 5678 κᾶν
956 5623 1098 5693 ὑπὲρ
1129 5621 1337 5688 πάσης,
1372 5617 1442 5670 τὰ
1478 5617 1806 5688 παθήματα,

215 5722 319 5778 καὶ
346 5719 597 5789 στέργειν
625 5717 721 5770 καὶ
747 5716 992 5788 ἀγαπᾷν,
1031 5714 1125 5768 καὶ
1159 5710 1413 5782 ἐφίεσθαι
1441 5709 1620 5774 ἐξίσόυ
1652 5711 1802 5765 ἀντι-

295 5834 344 5868 “
370 5834 531 5890 Joan.
565 5849 679 5896 xxv,
708 5832 798 5888 9.3.

1911 4791 2200 4846 Dominum
2228 4799 2284 4846 et
2303 4791 2623 4858 magistrum
2647 4791 2808 4858 allici,
2832 4808 2932 4848 nec
2951 4794 3117 4849 ullam
3139 4795 3286 4851 illius
3307 4812 3502 4853 aman-

1911 4884 1965 4939 di
1997 4883 2303 4938 satietatem
2335 4899 2576 4954 capere;
2622 4895 2786 4954 atque
2816 4901 2934 4940 eam
2969 4887 3041 4940 oh
3085 4903 3200 4944 rem
3232 4890 3383 4944 omni
3413 4906 3506 4946 ca-

1906 4990 2028 5030 rere
2077 4975 2313 5030 exitiosa
2366 4977 2668 5045 voluptate.
2733 4975 2869 5031 Nam
2925 4987 2978 5032 et
3025 4979 3144 5046 ipse
3211 4995 3505 5050 peramans

1912 5067 2086 5123 nostri
2107 5075 2218 5133 est,
2248 5082 2315 5122 ac
2340 5069 2506 5123 veluti
2543 5079 2696 5124 extra
2733 5085 2792 5123 se
2815 5069 2988 5124 fertur
3027 5071 3334 5128 incredibili
3364 5075 3503 5129 cha-

1910 5162 2094 5216 ritale.
2145 5161 2342 5215 Annon
2391 5161 2537 5216 enim
2581 5173 2802 5234 propter
2855 5173 2926 5230 te,
2984 5181 3112 5220 cum
3149 5166 3296 5222 Deus
3337 5178 3505 5236 esset,

1913 5253 2053 5308 servi
2102 5252 2341 5307 formam
2394 5255 2630 5324 accepit,
2660 5271 2823 5325 quam
2863 5273 3011 5312 nunc
3035 5257 3387 5314 lconomachi
3417 5262 3508 5314 de-

1914 5347 2115 5402 decore
2140 5345 2423 5400 alliciunt?
2447 5363 2561 5402 non
2592 5348 2730 5403 vixit
2776 5349 2957 5419 inops,
2983 5367 3110 5406 cum
3140 5355 3292 5408 dives
3324 5355 3508 5408 esset?

1916 5451 2027 5490 non
2064 5451 2326 5506 perpessu
2355 5452 2552 5508 aspera
2583 5440 2768 5495 omnia
2817 5444 3076 5511 pertulit?
3101 5444 3505 5498 contumelias?

1917 5529 2120 5598 Sputa?
2173 5529 2408 5599 alapas?
2437 5529 2706 5585 verbera?
2756 5547 2976 5588 crucem
3011 5549 3076 5587 ac
3117 5533 3356 5587 necem?
3416 5535 3510 5592 Sic

1914 5622 2218 5690 quamlibet
2257 5625 2501 5677 animam
2528 5638 2653 5679 esse
2686 5621 2933 5679 all‘ectam
2963 5626 3118 5680 decet
3151 5627 3376 5696 (quippe
3401 5643 3505 5695 pro

1914 5710 2032 5780 ipsa
2066 5712 2204 5776 sola,
2247 5713 2469 5782 perinde
2490 5729 2552 5768 ac
2587 5729 2686 5781 pro
2711 5713 2969 5770 omnibus
3018 5716 3098 5770 ha:
3121 5719 3510 5787 perpessiones
