4054 6364
673 384 811 451 1399
1239 350 1242 354 ’
1866 392 1927 449 s.
1959 387 2353 449 THEODORI
2397 387 2744 448 srvmmz
3746 398 3842 462 13m

670 506 945 567 susceptae
1001 495 1171 566 sunt),
1229 505 1287 552 ut
1332 505 1386 552 et
1416 498 1790 567 concupiscat,
1825 505 1879 551 et
1916 509 2080 563 amet,
2107 507 2159 552 et
2192 513 2258 552 ex

2242 514 2258 552 ι
2289 511 2332 564 Α
2367 497 2720 551 πεπονθέναι.
2757 497 2876 550 Κᾶν
2930 498 3093 568 τυχδιν
3144 498 3204 551 οὐ
3257 501 3632 572 παραχωρῆται
3678 505 3843 566 ὐπςίσαι

667 605 824 660 aequo
855 590 964 660 pati
999 590 1238 648 vicissim
1265 591 1479 660 gestiat.
1508 590 1586 645 Ac
1611 592 1656 645 si
1694 590 1933 646 fortasse
1959 591 2148 646 nullus
2179 590 2253 645 sit

2244 603 2253 644 ι
2354 590 2530 643 ταῦτα
2555 609 2573 621 ν
2602 591 2698 644 καὶ
2729 591 2760 660 ὴ
2794 588 3053 658 πρόθεσις
3074 591 3431 644 ἀποδέδεκται
3462 594 3536 656 είς
3559 596 3720 662 ἔργον·
3742 601 3845 658 οὐτω

669 683 771 736 ista
834 682 1137 751 perferendi
1176 683 1350 745 locus,
1401 683 1738 752 propositum
1770 685 1947 737 vicem
1977 683 2161 752 operis
2190 698 2254 737 ac

2245 699 2254 737 :
2355 680 2452 734 τοῦ
2481 681 2688 749 ἀγαθοῦ
2729 681 2866 734 Θεοῦ
2920 681 3402 752 φιλοτιμουμένου.
3466 685 3632 740 Ταῦτα
3680 690 3756 760 οὐχ
3792 697 3846 760 ὡς

667 773 882 847 laudem
933 773 1114 838 habet,
1149 773 1262 828 Deo
1295 774 1502 842 optimo
1532 774 1611 828 sic
1655 783 2068 828 remunerante.
2127 773 2256 828 llaec

2244 788 2256 827 :
2356 775 2456 828 οὐκ
2496 772 2730 845 ἐχούσης
2766 790 2862 827 σου
2884 773 3102 827 ἔναυλα·
3137 774 3252 827 ἀλλ’
3308 775 3384 838 ὡς
3413 778 3680 850 συμψυχῶν
3708 799 3770 836 σοι
3805 788 3845 842 ὲν

667 875 796 919 sunt
825 881 854 919 a
886 881 972 919 me
1002 865 1232 934 prolata.
1274 881 1380 919 non
1415 866 1573 934 quasi
1634 882 1740 920 nou
1775 875 1905 919 ante
1932 866 2122 920 oculos
2151 865 2254 920 ha-
2357 866 2571 938 Κυρίῳ.

666 955 820 1022 beas,
872 956 968 1014 sed
997 955 1142 1011 uuod
1177 954 1312 1010 mihi
1371 964 1546 1012 tecum
1580 956 1632 1010 in
1665 955 1900 1011 Domino
1948 971 2106 1010 mens
2143 971 2253 1010 una

667 1048 754 1102 sit.

1041 1159 1204 1217 LXX.
1235 1193 1307 1204 —
1338 1162 1622 1231 Theophila
1661 1163 1868 1234 Ephesi.
2553 1158 2630 1210 0’.

2553 1158 2630 1210 0’.
2659 1187 2727 1196 —
2747 1154 3014 1224 Θεοφίλῳ
3037 1153 3148 1222 τῆς
3181 1155 3458 1224 Ἐφέσου.
3488 1155 3633 1230 [υοςκ

1383 1277 1686 1338 Gratulatur,
1713 1287 1947 1340 tanquam
1980 1277 2247 1328 confessori
2271 1274 2566 1339 perlllustrl.
2591 1271 2788 1326 (Baron.
2812 1283 2890 1319 an.
2925 1269 3036 1330 816,
3056 1285 3106 1320 n.
3134 1271 3237 1330 42.)

738 1383 874 1440 Cum
907 1384 1195 1454 epistolam
1231 1384 1409 1440 fenori
1439 1387 1738 1450 dedissem,
1773 1386 2159 1456 exspectabam
2188 1392 2249 1440 ut

2248 1427 2249 1434 η
2425 1380 2683 1445 Δανείσας
2711 1381 2773 1434 τὸ
2793 1381 3053 1451 γράμμα,
3079 1380 3522 1450 ἀπεκαραδόκουν
3552 1383 3770 1453 λήψεσθαι
3806 1390 3849 1446 rb

666 1476 908 1540 debitum
937 1478 1223 1532 charitatis
1249 1479 1545 1545 reciperem
1585 1499 1597 1534 :
1631 1479 1725 1533 sed
1754 1479 1880 1548 quia
1903 1494 2012 1532 non
2041 1477 2247 1547 accepi,

2353 1475 2514 1546 χρέος
2544 1477 2643 1544 τῆς
2673 1474 2894 1542 ἀγάπης
2915 1489 2928 1502 ·
2960 1473 3076 1526 ἀλλ’
3103 1475 3226 1527 ἐπεὶ
3248 1473 3350 1526 οὐκ
3379 1474 3592 1545 εἴληφα,
3641 1482 3754 1546 φιλῶ
3783 1485 3849 1538 καὶ

667 1569 831 1639 cupio
877 1577 933 1624 et
980 1572 1177 1624 iterum
1225 1569 1482 1626 fenerari.
1526 1570 1692 1625 Dulce
1726 1571 1894 1626 enim.
1929 1569 2063 1624 mihi
2095 1570 2251 1624 valde

2247 1590 2251 1621 ι
2353 1563 2512 1629 αὖθις
2540 1567 2806 1622 δανεῖσαι.
2845 1565 2973 1619 Ἡδὺ
2999 1566 3106 1636 γάρ
3133 1581 3226 1636 μοι
3256 1565 3316 1619 τὸ
3344 1565 3548 1620 δάνειον
3568 1567 3699 1622 λίαν·
3727 1573 3848 1642 lnam

668 1661 774 1717 hoc
828 1660 1006 1728 fenus,
1066 1663 1120 1718 id
1162 1672 1268 1728 est,
1303 1679 1426 1718 cum
1461 1680 1622 1718 sacro
1653 1663 1831 1731 capite
1860 1672 1953 1717 tuo
1988 1663 2252 1732 colloqui,

2246 1705 2252 1726 ,
2353 1663 2417 1730 τῇ
2454 1663 2521 1730 σῇ
2579 1660 2702 1730 ἱερᾷ
2736 1661 2949 1731 κορυφῇ
2983 1658 3358 1727 διαλέγεσθαι,
3391 1658 3476 1713 διὰ
3533 1663 3733 1732 Χριστὸν
3775 1683 3847 1720 πα-

668 1753 870 1808 Christi
945 1770 1114 1812 causa
1169 1756 1442 1824 patiente,
1515 1755 1598 1812 vel
1655 1755 1840 1825 potius
1912 1752 2250 1812 confessoris

2243 1772 2250 1807 ι
2282 1796 2326 1852 Β
2355 1751 2579 1824 σχοὺσῃ,
2613 1751 2816 1822 μᾶλλον
2838 1751 2893 1806 δὲ
2937 1752 3349 1823 όμολογητικῶς
3402 1760 3760 1829 στεφανουμένη
3804 1779 3844 1814 τε

668 1845 844 1902 instar
875 1855 1138 1907 coronato
1168 1855 1222 1901 et
1256 1855 1542 1902 exornato.
1569 1847 1683 1904 Non
1715 1848 1861 1902 enim
1889 1846 2094 1916 quibus
2119 1859 2250 1900 ocu-

2243 1875 2250 1886 -
2282 1843 2323 1852 ’⁷
2353 1844 2451 1898 καὶ
2478 1843 2963 1916 καλλωπιζομένῃ.
2999 1845 3074 1898 Οὐ
3095 1846 3205 1916 γὰρ
3265 1843 3349 1911 οἷς
3395 1846 3671 1919 ὀφθαλμοῖς
3708 1851 3844 1921 βλέπει

668 1937 737 1994 lis
788 1937 934 1994 videt
992 1938 1254 2004 mundus,
1315 1938 1509 1994 iisdem
1564 1955 1721 1994 mens
1754 1941 1949 2004 cernit,
1984 1939 2152 1994 Deum
2186 1952 2252 1993 ac

2239 1952 2252 1993 ι
2352 1935 2580 2005 κόσμος,
2611 1935 2822 2000 τούτοις
2857 1935 3016 2006 ἀθρεῖ
3043 1937 3140 1992 καὶ
3171 1937 3298 2002 νοῦς
3325 1938 3465 2009 ὁρῶν
3497 1938 3619 1992 Θεὸν
3642 1943 3719 1994 καὶ
3743 1943 3840 1997 θεῖα.

667 2030 850 2085 divina
893 2031 1265 2100 conspiciens.
1321 2029 1421 2086 llle
1468 2031 1737 2100 siquidem
1773 2031 2158 2102 corruptibilia
2197 2039 2253 2085 et

2243 2040 2253 2085 ι
2356 2028 2480 2080 Ὀτι
2509 2031 2538 2081 6
2567 2027 2668 2099 μὲν
2709 2028 2779 2082 τὰ
2814 2028 3150 2100 φθειρόμενα
3212 2031 3312 2086 καὶ
3351 2031 3678 2103 ἀπολλύμενα
3721 2038 3844 2090 οἴεται

667 2126 956 2194 pereuntia
1017 2139 1218 2178 nomen
1280 2124 1548 2180 bonorum
1583 2125 1831 2180 obtinere
1863 2137 2073 2193 censet,
2110 2125 2252 2180 male

2243 2142 2252 2179 ι
2350 2115 2460 2169 τῶν
2492 2117 2715 2187 ἀγαθῶν
2767 2121 2965 2189 μοῖραν
3017 2121 3334 2192 τυγχάνειν,
3393 2125 3573 2188 κακῶς
3615 2127 3742 2191 εἰδὼς
3781 2129 3844 2181 καὶ

659 2213 917 2282 judicans
967 2227 1019 2272 et
1071 2231 1374 2286 perverse:
1447 2217 1562 2273 haec
1610 2231 1740 2272 vero
1771 2217 1918 2272 illam
1980 2233 2046 2273 ac
2074 2216 2248 2272 solam

2243 2235 2248 2271 ι
2353 2209 2791 2281 πεπλανημένως
2817 2229 2830 2243 ·
2859 2213 2887 2265 6
2913 2213 2971 2265 δὲ
3013 2214 3194 2268 έκεῖνο
3213 2216 3312 2268 καὶ
3345 2216 3504 2285 μόνον
3528 2218 3701 2288 κρίνων
3721 2221 3844 2288 μακά-

664 2304 976 2366 beatitatem
1015 2317 1220 2374 censet,
1249 2324 1372 2378 qua:
1402 2324 1508 2362 non
1549 2307 1671 2364 istis
1707 2309 1910 2364 finibus
1941 2308 2133 2365 definit
2153 2320 2252 2364 vo-

2242 2338 2252 2350 .
2353 2319 2490 2374 ριον,
2519 2302 2548 2355 ὃ
2574 2302 2676 2358 οὐκ
2703 2303 2941 2357 ἐνταῦθα
2970 2305 3073 2376 τὴν
3099 2306 3404 2360 εὐπάθειαν
3435 2309 3596 2380 ὁρίζοι
3620 2327 3632 2340 ·
3661 2311 3753 2364 ἀλλ’
3791 2315 3843 2376 εἰς

662 2397 948 2468 luptatem,
1007 2401 1102 2455 sed
1129 2411 1421 2455 venturum
1459 2401 1513 2460 in
1548 2416 1726 2456 aevum
1763 2401 2004 2470 reposita
2033 2409 2142 2466 est,
2179 2401 2248 2455 ad

2242 2402 2248 2455 ί
2349 2396 2441 2447 τὸν
2469 2395 2730 2465 μέλλοντα
2756 2395 2931 2450 αἰῶνα
2960 2397 3611 2471 ὲναποθησαυριζόμενον,
3631 2403 3698 2465 είς
3721 2403 3843 2472 χαρὰν

663 2490 1028 2554 interminata:
1057 2492 1296 2548 fructum
1337 2495 1721 2563 iucunditatis.
1758 2494 1872 2550 Hoc
1916 2495 2081 2550 modo
2117 2510 2244 2551 san-

2239 2524 2244 2533 ›
2351 2489 2658 2558 ἀπέραντον
2683 2490 2976 2560 θυμηδίας.
3013 2491 3174 2545 Οὕτω
3196 2491 3266 2546 τὰ
3301 2493 3446 2547 κατὰ
3471 2493 3563 2566 τὴν
3609 2496 3840 2564 ἁγιωσύνην

661 2584 867 2648 ctitatis
894 2592 1002 2642 tuae
1041 2601 1129 2640 res
1166 2586 1384 2642 intuens
1419 2587 1604 2652 miser,
1640 2588 1852 2658 gaudeo
1885 2597 1940 2642 et
1979 2589 2249 2658 gratulor,

2242 2629 2249 2654 ,
2354 2597 2448 2636 σου
2473 2581 2584 2648 ἐγὼ
2616 2582 2644 2634 ό
2672 2580 2842 2645 τάλας
2865 2581 3035 2648 ὁρῶν,
3068 2583 3247 2653 χαίρω
3278 2583 3375 2637 καὶ
3403 2585 3681 2656 συγχαίρω,
3711 2585 3843 2656 292:6-

660 2680 1144 2736 desidcratissime.
1200 2681 1593 2752 Contempsisti
1635 2683 1864 2754 gloriam
1921 2693 2246 2740 terrenam:

2240 2701 2246 2740 ε
2351 2669 2503 2741 θητε.
2572 2671 3017 2743 Περιεφρόνησας
3063 2675 3223 2744 δόξης
3289 2677 3565 2745 ἐπιγείου·
3615 2679 3734 2730 εἵλου
3778 2681 3841 2731 σὺν

659 2771 869 2842 elegisti
897 2787 1023 2828 cum
1053 2772 1279 2828 Christo
1306 2773 1534 2828 humilia
1565 2783 1620 2829 et
1646 2775 2105 2845 contemptibilia,
2138 2776 2250 2830 imo

2243 2796 2250 2827 ,
2351 2763 2574 2835 Χριστῷ
2603 2766 2671 2818 τά
2701 2767 2936 2820 ταπεινά
2971 2765 3065 2820 καὶ
3119 2767 3522 2839 ἐξουθενημένα
3544 2784 3558 2800 ⁸
3613 2769 3772 2840 μᾶλλον
3806 2771 3844 2824 δὲ

658 2879 790 2928 vero
831 2865 1240 2922 tribulationem
1268 2877 1321 2921 et
1347 2867 1652 2938 angustias,
1689 2868 1919 2922 verbera
1947 2876 2000 2922 et
2031 2867 2246 2922 exsilia.

2242 2906 2246 2919 ,
2353 2856 2531 2927 θλίψιν
2569 2857 2665 2912 καὶ
2694 2859 3084 2930 στενοχωρίαν,
3147 2860 3370 2930 πληγὰς
3395 2863 3487 2915 καὶ
3540 2862 3739 2933 ἐξορίας.
3784 2863 3843 2926 Ὧς

659 2957 834 3024 Quam
896 2958 1051 3014 beata
1085 2968 1364 3028 suntquae
1422 2961 1672 3029 gessisti!
1738 2959 1914 3027 Quam
1970 2960 2248 3015 laudanda

2243 2983 2248 3014 ι
2355 2952 2603 3024 μακάριά
2633 2969 2726 3006 σου
2756 2953 2825 3006 τὰ
2855 2954 3110 3025 πρακτέα
3135 2955 3147 3009 i
3181 2955 3259 3019 ὡς
3297 2956 3483 3009 αίνετά
3506 2974 3592 3010 σου
3621 2956 3696 3016 τὰ,
3717 2958 3844 3024 παθή-

657 3067 779 3120 quae
836 3053 1065 3121 passus!
1117 3050 1330 3120 Orienti
1377 3052 1772 3123 Occidentique
1841 3052 2133 3110 celebrata.
2191 3052 2248 3105 in

2240 3070 2248 3105 ι
2355 3048 2532 3116 ματαί
2581 3048 2836 3118 Ἀνατολῇ
2868 3047 2962 3102 καὶ
2991 3048 3156 3102 Δύσει
3183 3050 3545 3122 διαϐοώμενα,
3575 3054 3628 3105 ἐν
3663 3051 3841 3122 οὐρανοῖς

659 3142 816 3198 caelis
861 3143 1163 3214 descripta,
1211 3144 1436 3214 angelos
1463 3144 1854 3211 exhilarantia.
1897 3142 2247 3198 confessores

2240 3161 2316 3222 ιο
2351 3140 2808 3209 ἀπογραφόμενοι,
2845 3141 3117 3209 ἀγγέλους
3173 3143 3556 3215 εὐφραίνοντα,
3583 3143 3841 3214 ὀμολογητέις

657 3252 723 3290 ac
769 3247 1040 3307 martyres
1069 3237 1426 3301 oblectantia,
1462 3237 1762 3301 damones,
1785 3243 1838 3290 et
1869 3236 1953 3290 his
1979 3251 2146 3291 sensu
2177 3250 2242 3289 ac

2349 3234 2442 3285 καὶ
2467 3233 2755 3304 μάρτυρας
2787 3233 3072 3303 saevom.
3101 3235 3367 3307 δαίμονας
3415 3238 3510 3292 καὶ
3538 3241 3652 3301 τοὺς
3689 3238 3843 3298 τούτοις

655 3330 902 3384 moribus
955 3330 1166 3388 similes
1215 3329 1637 3394 leonomacbos,
1683 3329 2012 3400 pungential
2053 3328 2243 3384 Merito

2344 3326 2657 3396 ὁμόφρονάς
2680 3344 2738 3380 τε
2769 3329 2864 3381 καὶ
2887 3330 3028 3398 όμοτ
3048 3329 3248 3399 ρόπους
3281 3331 3668 3402 Είκονομάχους
3694 3330 3845 3394 στίζον-

655 3422 821 3492 igitur
849 3421 948 3475 tibi
981 3423 1251 3492 gratulor,
1298 3424 1556 3493 princeps
1581 3424 1827 3478 Patrum.
1874 3421 1980 3476 Sed
2023 3431 2148 3492 peto
2178 3430 2240 3477 ut

2345 3419 2451 3471 ται
2487 3419 2726 3482 Εἰκότως
2790 3419 2884 3474 οὖν
2922 3437 3005 3473 σοι
3033 3422 3471 3495 συναγάλλομαι,
3542 3423 3841 3494 πρωτοπάτορ.

654 3529 756 3583 pro
785 3529 868 3568 me
892 3515 1058 3568 etiam
1087 3531 1225 3570 :ores
1256 3515 1460 3570 misero
1496 3514 1882 3584 undequaque,
1918 3523 1979 3568 ut
2007 3529 2040 3570 a
2072 3515 2235 3570 vesti-

2357 3507 2497 3561 Ἀλλ’
2523 3508 2662 3562 αἰτῶ
2683 3509 2898 3565 δέεσθαί
2923 3529 2983 3564 σε
3024 3513 3120 3566 καὶ
3157 3513 3289 3582 περὶ
3314 3515 3452 3586 ἐμοῦ
3476 3513 3566 3568 τοῦ
3582 3514 3700 3567 κατὰ
3718 3513 3841 3565 πάντα

656 3602 762 3672 giis
794 3607 992 3668 vestris
1027 3606 1410 3668 consectandis
1442 3622 1550 3661 non
1585 3607 1858 3662 aberrem.

2344 3602 2564 3674 οἰκτροῦ
2599 3619 2613 3634 ο
2657 3603 2736 3668 ὡς
2770 3604 2838 3658 ἂν
2869 3607 2945 3676 μὴ
2995 3608 3299 3662 ἀποπεσεῖν
3352 3626 3421 3680 με
3453 3610 3548 3680 τῆς
3604 3609 3705 3662 κατ’
3747 3608 3847 3676 [χνος

2351 3693 2381 3746 ὐ
2389 3693 2507 3763 μῶν
2526 3697 2946 3766 παραστάσεως.

1044 3804 1229 3859 LXXI.
1260 3834 1331 3844 —
1352 3804 1650 3860 Naucratio
1678 3805 1814 3875 filio.
2581 3813 2645 3865 0“

2581 3813 2704 3866 OA'.
2741 3815 3178 3882 -Ναυκρατίῳ
3205 3816 3420 3881 τέκνῳ.
3451 3815 3635 3890 [υπγ’.]

653 3924 813 3996 Imple
835 3930 888 3974 et
908 3923 1184 3997 crudeliter
1203 3922 1264 3972 ab
1293 3923 1626 3984 Iconomachis
1655 3929 1795 3987 gesta
1837 3927 2164 4036 exponuntaqit:
2182 3925 2612 4052 gathgdqsqrum
2637 3929 2686 3978 in
2722 3930 2784 3982 iis
2806 3929 3024 3981 ferendis
3049 3936 3333 3984 constantia
3389 3936 3678 4000 praedicatur.
3706 3931 3848 3996 (Baron.

725 4069 913 4127 Serius
952 4071 1023 4126 ad
1065 4079 1119 4126 te
1155 4069 1498 4140 scripsimus,
1548 4070 1746 4126 dilecte
1794 4069 1869 4124 illi
1907 4089 1920 4124 :
1984 4070 2079 4126 sed
2113 4072 2244 4140 quia

2430 4078 2763 4151 Ὠψίσθημεν
2811 4081 3116 4134 ἐπιστεῖλαί
3151 4099 3256 4149 σοι,
3286 4084 3482 4138 τέκνον
3523 4083 3845 4154 ἠγαπημένον·

657 4163 840 4219 fervet
867 4164 957 4219 hic
985 4164 1151 4219 etiam
1188 4163 1522 4234 persecutio,
1561 4163 1752 4232 plagm,
1782 4161 2022 4229 vincula,
2056 4179 2246 4218 carce-

2243 4194 2246 4203 ν
2345 4169 2460 4222 ἀλλ’
2491 4172 2573 4225 ὅτι
2603 4172 2694 4225 καὶ
2721 4173 2956 4227 ἐνταῦθα
2985 4174 3226 4247 διωγμὸς
3255 4176 3419 4242 ζέων,
3455 4179 3669 4249 πληγαὶ,
3705 4177 3844 4246 δεσμὰ,

651 4273 744 4316 res
776 4275 790 4312 :
821 4257 894 4310 ita
929 4255 1021 4311 ille
1049 4257 1145 4326 qui
1185 4271 1288 4310 nos
1312 4253 1540 4317 detinet,
1571 4255 1746 4324 spirat
1777 4251 2024 4308 furorem
2049 4263 2105 4308 et
2133 4255 2244 4308 mi-

2345 4264 2587 4332 φυλακαί
2616 4282 2631 4297 ·
2679 4264 2827 4320 οὕτω
2851 4266 2948 4322 τοῦ
2977 4270 3306 4340 κατέχοντος
3331 4273 3484 4342 ἡμᾶς
3539 4273 3756 4332 πνέοντος
3782 4271 3847 4320 ea.

654 4366 774 4414 uas,
805 4359 859 4405 et
887 4350 977 4405 hic
1007 4359 1104 4404 aut
1141 4349 1255 4404 illic
1281 4351 1536 4404 inventos
1573 4350 1694 4418 pios
1720 4348 2140 4417 comprehendit
2177 4362 2240 4404 ac

2348 4353 2453 4424 μοῦ
2478 4356 2571 4408 καὶ
2594 4356 2848 4424 ἀπειλῆς,
2879 4358 2974 4410 καὶ
3007 4359 3139 4421 τοὺς
3165 4354 3269 4414 ὧδε
3328 4363 3551 4415 κάκεῖσε
3601 4358 3848 4430 εὑρισκομέ-

649 4443 889 4498 divexat.
945 4443 1050 4510 Qui
1105 4443 1327 4514 quidem
1371 4441 1428 4496 in
1481 4443 1672 4496 urbem
1725 4440 2120 4508 proficiscens;
2163 4441 2237 4496 ibi

2270 4488 2315 4542 υ
2345 4463 2470 4508 νους
2500 4446 2749 4511 εὐσεϐεῖς
2793 4448 3268 4519 συλλαμϐάνοντός
3327 4470 3390 4506 τε
3442 4455 3534 4508 καὶ
3579 4452 3843 4515 κολάζοντος·

648 4535 797 4591 enim
854 4550 1002 4588 nunc
1055 4535 1202 4604 agit;
1258 4534 1442 4590 dicere
1488 4549 1596 4588 non
1651 4532 1926 4586 dubitavit
1968 4529 2236 4603 :Rogabo

2270 4529 2312 4542 ”
2348 4537 2449 4601 Ὃς
2478 4554 2543 4606 γε
2576 4541 2672 4593 καὶ
2695 4541 2960 4613 ἀπαίρων
2986 4545 3044 4596 ἐν
3085 4543 3244 4598 ἄστει
3265 4561 3282 4574 ·
3307 4547 3496 4600 αὐτόθι
3527 4548 3627 4615 γὰρ
3657 4544 3734 4596 νῦν
3768 4545 3847 4594 δια-

649 4628 1055 4696 imperatorem,
1097 4636 1155 4680 ut
1193 4642 1408 4681 mecum
1432 4627 1629 4681 ducam
1652 4625 1865 4692 regium
1897 4625 2234 4693 ministrum,

2342 4631 2554 4700 τρίϐει·
2595 4632 2698 4686 οὐκ
2741 4633 2994 4704 ὤκνησεν
3051 4637 3250 4704 εἰπεῖν,
3303 4640 3500 4708 ὅτιπερ
3540 4637 3844 4705 Ἐξαιτήσομαι

647 4722 741 4789 qui
784 4726 880 4773 aut
905 4721 1084 4788 capite
1121 4719 1340 4788 penitus
1373 4719 1688 4783 obtruucet,
1739 4726 1833 4771 aut
1864 4717 2106 4788 linguam
2133 4719 2232 4774 ab-

2341 4723 2708 4794 τὸνβασιλέα,
2743 4727 3024 4794 βασιλικὸν
3053 4733 3384 4798 συνεπᾶραι,
3441 4732 3522 4794 είς
3573 4730 3628 4782 τὸ
3689 4729 3846 4782 πάντως

647 4811 878 4866 scindat.
917 4809 1186 4880 Equidem
1227 4811 1414 4866 nescio
1454 4828 1522 4865 an
1574 4813 1742 4870 verba
1770 4812 1842 4867 ad
1869 4813 2078 4868 exitum
2107 4826 2236 4881 per-

2340 4818 2768 4887 ἀποκεφαλίσαι,
2794 4821 2827 4891 ἥ
2852 4822 2950 4875 καὶ
2977 4821 3460 4893 γλωσσοκοπῆσαι.
3480 4825 3587 4876 Οὐκ
3607 4818 3706 4874 οἶδα
3725 4820 3798 4889 μὲν
3813 4815 3843 4865 εἰ

645 4903 919 4957 venerint.
951 4902 1034 4958 0b
1070 4904 1210 4958 hanc
1249 4903 1471 4972 quidem
1501 4919 1727 4959 causam
1766 4920 1870 4960 nos
1899 4905 2087 4960 omnia
2116 4903 2232 4974 jam

2338 4911 2368 4962 6
2395 4909 2552 4977 λόγος
2581 4913 2660 4975 εἰς
2696 4911 2873 4980 πέρας
2904 4912 3069 4967 ἔλθοι.
3113 4915 3230 4984 Ἐφ’
3262 4908 3306 4982 ᾧ
3333 4917 3496 4986 ἡμεῖς
3537 4915 3628 4984 μὲν
3660 4913 3715 4964 τά
3756 4927 3843 4960 συν·

647 4996 1048 5064 disposuimus,
1081 4996 1460 5066 conjecturam
1493 5013 1558 5050 ex
1586 4997 1696 5051 alio
1729 4997 1892 5052 etiam
1924 4999 2226 5067 capientes.

2337 5001 2611 5070 τακτήρια
2663 5001 2765 5072 ἤδη
2791 5003 3174 5075 ἐποιησάμεθα
3197 5021 3210 5035 ⁸
3251 5008 3344 5060 καὶ
3389 5006 3561 5070 άλλως
3585 5001 3840 5073 στοχαζόμε·

645 5087 885 5142 hominis
920 5088 1135 5142 scilicet
1181 5091 1536 5157 perversitate
1571 5098 1628 5143 et
1655 5103 1929 5144 concursu
1954 5090 2241 5159 episcopo-

2240 5121 2241 5128 η
2338 5105 2421 5141 νοι
2446 5088 2511 5143 ἐκ
2549 5106 2608 5142 τε
2638 5091 2740 5162 τῆς
2770 5093 3107 5162 κακοηθείας
3153 5095 3249 5148 τοῦ
3278 5096 3492 5167 ἀνδρὸς,
3526 5097 3613 5150 καὶ
3633 5096 3716 5162 τῆς
3754 5106 3841 5142 συν-

643 5196 768 5235 rum
811 5199 826 5234 :
871 5181 1320 5250 quandoquidem
1379 5182 1599 5247 adsunt,
1642 5191 1705 5236 ιιι
1753 5181 1946 5247 fertur,
1983 5197 2097 5252 quo
2130 5183 2239 5237 tale

2234 5203 2239 5234 ι
2335 5179 2545 5250 δρομῆς
2585 5181 2696 5235 τῶν
2733 5183 2924 5236 αὐτόθι
2953 5185 3273 5240 ἐπισκόπων
3299 5204 3314 5218 ·
3350 5189 3598 5257 ἐπείπερ,
3623 5185 3688 5248 ὥς
3729 5196 3835 5250 φασιν

644 5271 854 5341 aliquid
903 5271 1237 5341 perficiatur.
1303 5271 1552 5327 Minister
1612 5288 1742 5327 vero
1774 5274 1972 5328 timore
2005 5283 2059 5328 et
2086 5284 2235 5329 metu

2337 5274 2616 5343 πάρεισιν,
2642 5275 2725 5328 ὃτι
2758 5276 3001 5329 τοιοῦτόν
3063 5295 3117 5331 τι
3167 5279 3574 5348 ἀποτελεσθείη.
3608 5279 3660 5331 ’0
3686 5276 3732 5328 δὲ
3770 5273 3840 5324 ὐτ-

641 5365 933 5438 perculsus
972 5366 1188 5436 (graves
1220 5366 1368 5422 enim
1402 5375 1560 5421 antea
1587 5367 1767 5420 minas
1795 5366 2097 5438 impiorum.
2123 5369 2234 5422 dux

2331 5365 2536 5434 ηρέτης
2565 5365 2804 5435 ἔμφοϐος
2835 5368 2931 5420 καὶ
2961 5367 3225 5439 ἔντρομος
3252 5371 3566 5441 γενόμενος·
3586 5367 3774 5433 ἐπείπερ
3792 5358 3839 5430 ἦν

639 5459 958 5520 'tntentarat,
1007 5467 1185 5514 morte
1233 5460 1514 5529 proposita
1566 5459 1612 5512 si
1647 5459 1732 5514 vel
1767 5459 2028 5514 levissimi
2063 5461 2234 5515 errati

2328 5455 2428 5507 καὶ
2455 5456 2966 5526 προαπειλούμενος
2999 5459 3206 5529 σφόδρα
3237 5460 3371 5531 πρὸς
3416 5457 3573 5512 αὐτοῦ
3599 5454 3682 5508 τοῦ
3716 5449 3837 5505 ἀσίδ-

637 5565 766 5605 reus
800 5550 1056 5606 inventus
1085 5555 1258 5609 esset)
1297 5553 1545 5608 chartam
1575 5559 1633 5606 et
1663 5561 2030 5607 atramentum
2068 5553 2227 5608 nobis

2336 5547 2528 5617 ἅρχων
2561 5550 2610 5600 εἰ
2638 5548 2890 5620 εὑρεθείη
2936 5551 3041 5604 κᾶν
3079 5569 3133 5606 τι
3170 5551 3366 5624 μικρὸν
3407 5551 3660 5610 ὑπαίτιος,
3682 5541 3830 5615 μηκέτι

635 5640 768 5696 dare
792 5642 1022 5696 omnino
1054 5642 1455 5696 reformidavit.
1506 5643 1647 5696 Hinc
1687 5641 1938 5696 tarditas.
1970 5642 2222 5698 Accessit

2337 5637 2435 5708 ζῇν
2461 5655 2476 5670 ⁸
2514 5639 2689 5693 ἔδεισε
2725 5642 3078 5696 παντάπασιν
3112 5643 3390 5697 ἐπιδοῦναι
3417 5645 3544 5713 ἡμῖν
3565 5641 3742 5712 χάρτην
3766 5629 3834 5684 καὶ
3937 5680 3938 5713 γ

634 5733 704 5790 ad
761 5734 1233 5806 impedimentum,
1293 5733 1442 5804 quod
1485 5734 1766 5788 audieram
1819 5744 1871 5790 te
1909 5749 1974 5790 ex
2001 5750 2224 5793 carcere

2337 5732 2529 5802 μέλαν.
2570 5733 2850 5787 Ἐντεῦθεν
2899 5735 2934 5805 ἡ
2965 5733 3265 5807 βραδυτής.
3299 5736 3526 5788 Ἔπειτα
3547 5728 3835 5801 προσεγένετο

635 5826 891 5883 eductum
921 5843 1083 5884 esse:
1116 5827 1214 5896 sed
1257 5836 1310 5884 et
1361 5827 1713 5896 Sardensem,
1752 5828 1932 5900 qualis
1978 5845 2090 5899 non
2119 5829 2216 5890 dc-

2330 5828 2409 5892 είς
2433 5827 2689 5900 ἐμπόδιον
2721 5827 2816 5884 καὶ
2839 5828 2978 5899 ἀκοὴ
3012 5827 3238 5900 τοιαύτη
3273 5845 3286 5860 ·
3318 5830 3396 5886 ὅτι
3422 5845 3502 5882 τοι
3531 5825 3673 5888 αὐτὸς
3701 5817 3828 5886 ἐπήρ-
