4054 6364
252 339 390 407 1301

1445 334 1568 394 ΕΡΙ
1578 331 1989 392 STOLARUM
2045 336 2192 398 LIB.
2243 336 2323 396 II.

3379 326 3527 394 1302

252 460 352 530 θης
393 458 490 527 τῆς
514 455 787 526 φυλακῆς·
824 453 938 507 ἀλλ’
964 454 1045 507 ὅτι
1076 450 1172 505 καὶ
1204 449 1270 503 δι’
1304 447 1687 518 ἀνοσιουργίας)
1709 442 1830 496 τινὰ
1857 481 1867 504 ι

1977 448 2266 516 niebatur,
2327 447 2399 503 ob
2455 445 2728 502 nefarium
2797 447 3019 516 aliquod
3070 447 3286 504 facinus
3342 451 3521 516 capite

250 555 281 606 ὁ
310 551 542 621 Σάρδης,
573 551 747 610 ποῖος,
776 547 875 616 οὐχ
905 536 1675 616 ὡρισμένως,ὲκαρατομήοη.
1741 533 1835 599 Ἐξ

253 643 588 714 ἀμφοτέρων
616 636 712 694 οὖν
741 641 775 709 ἡ
810 638 1212 708 ύποκράτησις.
1241 633 1433 704 Ὅμως
1485 632 1566 684 ὅτι
1598 625 1838 700 ἠξιώθη-

257 753 362 806 μεν
393 737 439 788 οἱ
464 733 712 788 ταπεινοὶ
731 732 824 785 καὶ
853 725 1007 791 αὖθις
1041 725 1202 799 ῥῆξαι
1228 726 1414 796 φωνὴν
1445 725 1525 787 είς
1586 723 1656 776 τὰ
1723 714 1840 774 ὦτά

257 848 378 892 σου,
419 823 777 897 γνωρίζοντες
808 841 890 877 σοι
919 824 1002 877 ὅτι
1034 820 1326 894 ἐρρώμεθα
1377 817 1612 888 σώματι,
1665 815 1751 885 εἴη
1782 813 1840 867 δὲ

255 924 437 976 εἰπεῖν
465 921 556 972 καὶ
581 917 878 986 πνεύματι,
917 914 1105 984 εὐχαῖς
1137 909 1291 982 ὑμῶν
1323 908 1532 977 ἁγίαις,
1586 906 1685 959 σὺν
1743 901 1839 958 τοῦ

259 1011 540 1086 μακαρίου
569 1027 670 1080 μου
717 1007 952 1079 Πατρός.

337 1105 475 1176 Πρὸς
514 1103 550 1156 ἃ
599 1102 656 1154 δὲ
688 1101 853 1164 αὐτὸς
894 1099 1196 1169 ὲσήμανας,
1227 1093 1467 1158 τίείπω,
1507 1092 1603 1147 καὶ
1643 1091 1696 1144 τί
1747 1089 1838 1143 λα-

252 1197 429 1268 λήσω,
464 1196 498 1266 ἢ
533 1195 615 1247 ὅτι
658 1192 800 1246 κατά
829 1192 886 1244 τὸ
924 1189 1160 1261 χαλεπὸν
1188 1187 1288 1256 τῆς
1315 1185 1581 1258 αἱρέσεως
1614 1181 1844 1237 ἀκόλου-

254 1289 354 1352 Θος
385 1289 525 1342 καὶὸ
555 1285 749 1357 πικρὸς
771 1283 1014 1354 διωγμός
1041 1281 1140 1348 ;Τί
1169 1280 1279 1351 γὰρ
1311 1279 1494 1351 βούλει
1527 1278 1682 1348 ὁρᾷν,
1706 1275 1844 1329 ὲπάν

254 1382 290 1434 δ
311 1377 556 1450 ’Χριστὸς
584 1376 819 1448 ¹ίιρνηται
849 1373 917 1428 δι’
947 1373 1161 1444 ὕϐρεως
1204 1371 1302 1443 τῆς
1330 1370 1493 1438 ἁγίας
1540 1366 1707 1422 αὑτοῦ
1768 1368 1846 1420 el-

258 1473 420 1535 κόνος
443 1490 458 1539 ;
483 1471 618 1541 Οὐχὶ
647 1469 856 1540 αἵματα
895 1466 1220 1538 κενούμενα,
1251 1465 1344 1519 καὶ
1383 1462 1595 1534 σάρκας
1651 1475 1848 1532 τεμνο-

265 1564 475 1635 μένας;
515 1562 576 1616 ού
610 1561 821 1630 Θλίψεις
857 1559 952 1613 καὶ
983 1556 1345 1628 στενοχωρίας
1379 1573 1394 1622 ;
1433 1555 1495 1608 οὐ
1518 1553 1694 1624 δεσμά
1752 1550 1848 1604 καὶ

261 1655 538 1725 φυλακὰς,
564 1655 656 1706 καὶ
686 1650 853 1722 ἀλλην
883 1647 1144 1702 παντοίαν
1166 1646 1413 1701 κάκωσιν
1437 1663 1454 1710 ;
1513 1642 1636 1714 οὐχ).
1657 1641 1847 1708 σκεύη

264 1747 455 1818 ὀργῆς
480 1742 928 1813 κατηρτισμένα
948 1743 1036 1807 είς
1067 1737 1394 1802 ἀπώλειαν,
1429 1731 1505 1790 ὧν
1537 1729 1616 1799 εἷς
1656 1733 1715 1787 ὃν
1769 1728 1850 1786 εἶ-

267 1856 422 1904 πας;
459 1839 569 1892 Καὶ
608 1837 688 1890 ἔτι
719 1836 861 1907 ὄψει,
885 1833 1102 1902 ἁδελφὲ,
1123 1831 1402 1900 δεινότερα
1423 1869 1439 1894 ,
1479 1828 1620 1882 ὲπάν
1654 1842 1853 1898 μακρο-

266 1934 437 2002 χρονῇ
469 1932 502 2001 ἡ
528 1929 758 2000 αἵρεσις.
806 1926 996 1981 Ἀλλὰ
1025 1923 1306 1996 μακάριοι
1334 1925 1388 1976 οι
1421 1918 1848 1990 ὑπομένοντες

267 2025 362 2079 ὅτι
388 2021 588 2079 αὐτῶν
617 2023 792 2075 ἐστιν
815 2023 854 2090 ἡ
889 2018 1184 2085 βασιλεία
1218 2016 1338 2070 τῶν
1363 2013 1658 2084 οὐρανῶν.
1711 2012 1852 2082 Ἤδη

266 2120 324 2173 οἱ
346 2117 498 2188 χοροὶ
519 2115 626 2169 τῶν
657 2113 1031 2185 ὁμολογητῶν,
1067 2111 1176 2165 τῶν
1219 2109 1538 2180 μαρτύρων,
1593 2103 1856 2175 ἀγάλλον-

266 2229 389 2276 ται,
423 2209 844 2280 εὐφραίνονται·
870 2204 964 2270 οὓς
998 2204 1097 2276 μὲν
1125 2204 1212 2258 διὰ
1238 2202 1473 2256 θανάτου
1502 2199 1681 2255 αίσίου
1725 2199 1858 2252 ὑπο-

269 2302 558 2372 δεχόμενοι
588 2317 602 2332 ο
639 2297 733 2360 οὒς
763 2297 820 2350 δὲ
852 2296 1237 2365 ἐπαλείφοντες
1272 2296 1527 2366 ἀοράτως
1556 2294 1676 2355 ταῖς
1737 2292 1858 2344 ἐπι-

274 2393 529 2464 σκέψεσι.
568 2390 679 2444 Καὶ
710 2389 763 2442 τί
795 2389 942 2457 λέγω
983 2388 1302 2459 μάρτυρας;
1351 2386 1515 2450 αὐτὸς
1565 2383 1801 2454 Χριστὸς
1829 2383 1859 2436 ὁ

277 2482 752 2558 μαρτυρούμενος,
778 2483 986 2552 χαίρων
1007 2497 1065 2533 τε
1098 2479 1194 2532 καὶ
1235 2476 1515 2532 συναϐλῶν
1566 2479 1715 2530 ἐστιν
1778 2475 1860 2528 ἐνὶ

274 2579 495 2648 ἑκάστῳ
544 2577 652 2629 τῶν
690 2573 1119 2645 ὁμολογούντων.
1155 2573 1218 2626 Εἰ
1245 2573 1320 2644 μὴ
1353 2572 1464 2642 γὰρ
1499 2569 1695 2636 οὕτως,
1758 2569 1860 2622 οὐκ

271 2671 347 2725 ἂν
379 2670 572 2741 ἔφερον
595 2669 645 2721 οἱ
675 2667 933 2738 φέροντες
957 2668 1028 2720 τὰ
1054 2666 1300 2738 παρόντα
1324 2663 1595 2734 γενναίως
1613 2679 1628 2693 °
1671 2663 1771 2716 οὐκ
1793 2661 1861 2715 ἂν

269 2761 378 2815 καὶ
406 2765 657 2831 γυναῖκες
688 2757 999 2832 ἡνδρίζοντο
1024 2759 1168 2812 κατά
1214 2755 1314 2820 τὰς
1344 2756 1513 2810 πάλαι
1532 2753 1694 2823 ἁγίας
1724 2769 1736 2782 ·
1760 2752 1863 2804 οὐκ

271 2855 351 2908 ἂν
389 2853 484 2907 καὶ
512 2852 692 2905 λαῖκοὶ
725 2854 819 2905 καὶ
845 2850 1201 2922 συγκλητικοὶ
1229 2847 1529 2902 ἀπεδύοντο
1554 2847 1691 2918 πρὸς
1734 2847 1864 2910 τοὺς

272 2944 500 3013 ἀγῶνας
529 2958 544 2972 ·
576 2945 678 2996 οὐκ
709 2943 774 2996 ἂν
805 2944 898 2998 καὶ
927 2942 1087 3013 κόραι
1126 2939 1498 3010 κατεφρόνουν
1523 2938 1704 3009 ὅψεως
1757 2939 1863 3008 ἀρ-

320 3037 458 3090 ἑνων
489 3035 829 3091 ἀσεϐούντων
851 3050 866 3064 ⁶
900 3034 999 3088 οὐκ
1022 3033 1088 3088 ἂν
1113 3033 1423 3086 ἐδείκνυντο
1453 3029 1735 3101 πανταχοῦ
1772 3029 1865 3101 δη-

276 3129 469 3202 μόσιοι
499 3127 763 3198 φυλακαὶ,
809 3126 904 3180 καὶ
938 3125 1274 3197 ἐπληροῦντο
1303 3122 1521 3195 ἔρημοι,
1549 3122 1650 3194 ὅρη
1677 3139 1737 3175 τε
1769 3121 1864 3176 καὶ
1893 3150 1936 3206 C

273 3221 456 3277 νάπαι
491 3224 585 3273 καὶ
627 3218 892 3290 σπήλαια,
922 3219 1032 3272 τῶν
1084 3216 1174 3271 διὰ
1211 3215 1419 3287 Κύριον
1454 3214 1870 3284 πεφυγαδευμέ-

272 3331 394 3370 νων
414 3331 428 3344 ο
454 3314 554 3368 οὐκ
579 3313 644 3366 ἂν
667 3311 1001 3365 ὲκωδωνείτο
1025 3312 1059 3382 ἡ
1085 3310 1178 3364 ὑπ’
1203 3308 1462 3380 ούρανδν,
1491 3308 1645 3372 τέλος
1673 3309 1869 3362 εἰπεῖν.

277 3408 455 3460 Ὥστε
486 3404 836 3459 πιστεύονται
864 3403 1112 3475 ἐναργῶς
1138 3404 1222 3456 ὅτι
1248 3401 1489 3472 Χριστὸς
1535 3401 1828 3455 δεδίωκται
1853 3415 1868 3428 °

273 3503 429 3554 ὥστε
447 3498 728 3551 ὲλπιστέον
759 3496 895 3567 ὁμοῦ
922 3497 1016 3550 καὶ
1042 3495 1447 3567 προθυμητέον,
1477 3494 1559 3548 ὅτι
1581 3493 1745 3549 οίσειε
1766 3493 1876 3557 πᾶς

276 3607 376 3654 τις
411 3594 468 3644 ὲν
495 3588 732 3660 ἀληθείᾳ.
763 3589 1036 3642 πιστεύων
1070 3589 1180 3642 πᾶν
1212 3588 1395 3641 ὁτιοῦν
1433 3586 1759 3640 κολαστικὸν
1787 3603 1878 3656 με·

276 3685 360 3738 τὰ
372 3680 606 3754 Χριστοῦ
631 3683 722 3734 καὶ
753 3682 851 3734 σὺν
886 3679 1128 3751 Χριστῷ.
1145 3677 1385 3733 Τοιαῦτα
1407 3681 1476 3733 τὰ
1517 3679 1768 3750 ἡμέτερα
1791 3677 1874 3731 δι-

277 3777 572 3847 ηγήματα.
595 3772 1064 3827 Ἀκουσὰτωσαν
1092 3770 1302 3840 πραεῖς
1334 3770 1435 3825 καὶ
1466 3767 1879 3840 εὐφρανθήτω-

277 3884 438 3922 σαν.
485 3866 759 3919 Ἀκουὲτω
807 3864 1070 3936 ’Λνατολὴ
1117 3864 1214 3918 καὶ
1254 3861 1418 3926 Λύσις
1455 3861 1525 3916 τὰ
1569 3864 1626 3914 ὲν
1665 3862 1876 3925 Βυζαν-

278 3961 416 4031 τίῳ,
447 3960 541 4012 καὶ
561 3959 802 4012 αἰνείτω.
835 3958 1026 4011 Ὅπου
1077 3951 1460 4011 ἐπλεόνασεν
1519 3954 1557 4022 ἠ
1595 3954 1873 4024 ἁμαρτία,

281 4053 893 4121 ὑπερεπερίσσευσεν
921 4052 959 4120 ἡ
991 4049 1188 4121 χάρις.
1217 4045 1344 4103 Ὧδε
1377 4049 1630 4113 ἔνστασις
1657 4048 1880 4119 ἀθλητι-

282 4145 368 4207 κή
391 4137 516 4196 ’ὧδε
535 4137 676 4214 αἷμα
703 4145 788 4215 ῥεῖ
817 4143 978 4214 ἀρδον
994 4143 1094 4214 τὴν
1126 4140 1456 4212 Ἐκκλησίαν
1471 4139 1708 4212 Χριστοῦ
1737 4138 1880 4208 ὑπὲρ

283 4238 388 4289 τὸν
412 4235 678 4306 ποτισμδν
707 4233 800 4287 τοῦ
837 4235 895 4286 ὲν
941 4233 1102 4304 Ἐδὲμ
1124 4233 1478 4304 παραδείσου.
1502 4231 1595 4285 Ζῶ
1618 4230 1754 4302 ἐγὼ,
1784 4231 1883 4286 λέ-

285 4344 388 4399 γει
422 4330 659 4395 Κύριος,
696 4327 832 4381 ἀλλ’
873 4327 911 4395 ἣ
941 4327 1084 4393 τοὺς
1111 4325 1473 4392 δοξάζοντάς
1493 4343 1570 4396 με
1598 4325 1839 4390 δοξάσω
1863 4340 1877 4354 °

284 4417 400 4473 καί
431 4421 463 4471 ό
495 4417 834 4481 ἐξουθενῶν
877 4434 956 4487 με
1008 4417 1501 4486 ἀτιμασθήσεται.
1553 4417 1875 4488 Ἀπόγραφε

1940 540 2154 610 plexum
2188 541 2378 596 fuisse.
2410 539 2653 610 Utraque
2684 539 2850 610 igitur
2876 555 2941 595 ex
2969 555 3134 596 causa
3174 540 3516 596 distulimus.

1939 633 2248 690 Humilibus
2283 643 2464 690 tamen
2503 635 2662 689 nobis
2695 649 3020 689 concessum
3061 641 3166 698 est,
3201 643 3261 688 ut
3293 633 3522 688 auribus

1941 729 2052 784 tuis
2084 743 2187 783 vox
2224 739 2417 783 nostra
2453 729 2928 794 rursuminsonet,
2957 725 3388 798 signiticanstibi
3423 741 3526 782 nos

1941 833 2172 889 corpore
2209 818 2391 872 valere
2417 833 2432 882 ;
2458 817 2640 872 dicere
2667 826 2851 872 autem
2884 816 3066 883 liceat,
3101 817 3268 872 etiam
3301 815 3523 885 spiritu,

1943 911 2151 967 sanctis
2175 911 2433 982 precibus
2462 911 2662 968 vestris
2695 926 2820 966 cum
2846 911 3005 967 beato
3030 926 3156 968 meo
3183 909 3369 967 Patre.

2015 1091 2095 1148 Ad
2132 1107 2197 1148 ea
2231 1108 2362 1149 vero
2390 1109 2514 1164 quae
2563 1093 2841 1158 indicasti,
2875 1093 3008 1165 quid
3036 1093 3239 1159 dicam,
3277 1101 3373 1148 aut
3398 1093 3528 1163 quid

1943 1184 2168 1254 loquar,
2225 1185 2335 1240 nisi
2395 1185 2543 1255 quod
2595 1185 2870 1241 haereseos
2939 1183 3214 1240 atrocitati
3267 1191 3538 1255 c0ngrnat

1945 1277 2218 1333 acerbitas
2268 1277 2720 1347 persecutionis?
2763 1276 2904 1343 Quid
2959 1276 3104 1331 enim
3155 1276 3342 1330 videre
3374 1275 3534 1335 velis.

1947 1370 2163 1438 quando
2189 1367 2442 1425 Christus
2470 1381 2701 1442 negatur
2751 1384 2850 1439 per
2899 1377 3104 1423 sanctae
3131 1367 3390 1440 imaginis
3422 1383 3537 1422 suae

1946 1460 2380 1516 contumeliam?
2433 1460 2629 1516 Annon
2679 1462 2938 1516 liuentem
2999 1463 3350 1530 sanguinem,
3406 1476 3534 1517 car-

1949 1567 2155 1622 nesque
2179 1552 2476 1608 concisas?
2501 1568 2610 1607 non
2635 1551 2960 1608 amictiones
2984 1562 3036 1607 et
3061 1553 3346 1624 angustias
3370 1553 3394 1608 ?
3427 1568 3534 1606 non

1951 1649 2169 1703 vincula
2215 1657 2273 1704 et
2319 1664 2591 1712 carceres,
2641 1657 2696 1703 et
2733 1649 2874 1705 alias
2904 1650 3088 1704 omnis
3121 1650 3342 1720 generis
3367 1663 3542 1704 vexa-

1955 1739 2176 1795 ti0nes?
2205 1754 2312 1794 non
2350 1756 2476 1794 rasa
2510 1741 2607 1795 im
2634 1751 2939 1810 praeparata
2986 1742 3042 1794 in
3076 1743 3346 1795 interitum
3374 1742 3444 1808 “,
3473 1757 3551 1796 ex

1959 1833 2164 1902 quibus
2209 1849 2352 1888 unus
2393 1844 2478 1888 est
2522 1849 2686 1902 quem
2726 1833 2954 1888 dixisti?
2980 1832 3046 1887 Et
3088 1833 3318 1896 videbis,
3353 1832 3542 1896 frater,

1959 1925 2126 1978 etiam
2163 1925 2438 1996 graviora,
2473 1926 2520 1981 si
2545 1927 2757 1982 diutius
2797 1926 2958 1982 duret
2979 1927 3226 1981 haeresis.
3269 1924 3374 1980 Sed
3405 1924 3545 1978 beati

1960 2019 2050 2088 qui
2110 2019 2393 2082 sustinent,
2424 2020 2678 2090 quoniam
2727 2021 2958 2089 ipsorum
3015 2028 3094 2074 est
3141 2033 3357 2088 regnum
3389 2017 3548 2070 caelo-

1963 2110 2166 2164 rum".
2222 2108 2344 2165 Jam
2401 2111 2558 2166 chori
2587 2110 2996 2175 conl'essorum,
3029 2121 3332 2180 martyrum
3360 2109 3549 2164 exsul-

1965 2212 2104 2272 tant,
2173 2205 2448 2270 laetantur,
2499 2203 2639 2259 alios
2669 2205 2890 2274 quidem
2936 2219 3036 2274 per
3066 2191 3362 2274 legitimam
3398 2216 3548 2255 mor-

1967 2303 2074 2346 tem
2123 2295 2510 2364 suscipientes,
2551 2296 2690 2350 alios
2725 2294 3075 2349 invisibiliter
3107 2293 3463 2349 consolantes
3493 2302 3552 2345 et

1964 2385 2374 2442 conﬁrmantes.
2439 2387 2507 2441 Et
2563 2386 2695 2458 quid
2747 2397 3018 2458 martyres
3069 2385 3241 2440 dico?
3297 2385 3552 2440 Christus

1967 2478 2105 2547 ipse,
2129 2494 2291 2549 quem
2339 2487 2613 2550 martyres
2664 2479 3019 2545 conﬁtentur,
3065 2477 3310 2548 gaudens
3356 2489 3412 2532 et
3443 2492 3553 2533 una

1966 2580 2184 2626 certans
2235 2571 2391 2626 adest
2446 2572 2737 2642 unicuique
2801 2571 3200 2628 conﬁtentium.
3246 2570 3362 2626 Nisi
3406 2569 3554 2626 enim

1968 2660 2042 2714 ita
2069 2676 2157 2716 res
2179 2669 2346 2724 esset,
2377 2661 2798 2732 haudquaquam
2821 2661 3127 2732 perferrent
3149 2661 3240 2731 qui
3267 2661 3556 2731 praesentia

1969 2764 2188 2810 strenue
2214 2755 2497 2825 perferunt
2524 2775 2538 2810 :
2574 2757 3002 2826 haudquaquam
3043 2757 3304 2810 mulieres
3333 2753 3550 2808 virilem

1968 2845 2212 2899 animum
2245 2859 2495 2916 gererent
2515 2847 2582 2902 ad
2613 2846 2923 2916 exemplum
2955 2847 3309 2916 antiquarum
3340 2852 3562 2900 sancta-

1970 2953 2092 2992 rum
2124 2957 2139 2993 :
2181 2939 2610 3011 haudquaquam
2669 2951 2723 2997 et
2757 2941 2887 2996 laici
2925 2950 2982 2997 et
3015 2949 3300 2996 senatores
3325 2939 3390 2994 ad
3426 2954 3561 3008 ago-

1972 3047 2068 3087 nes
2096 3033 2413 3102 prosilirent
2446 3050 2461 3087 :
2514 3034 2938 3106 haudquaquam
2971 3034 3166 3104 puella:
3203 3033 3338 3104 ipsa
3365 3033 3563 3103 impio-

1971 3139 2093 3177 rum
2145 3124 2382 3178 marium
2434 3137 2715 3195 aspectum
2768 3134 3227 3182 contemnerent:
3279 3123 3562 3194 haudqua-

1972 3232 2135 3286 quam
2184 3220 2603 3274 ostenderentur
2632 3219 2832 3286 ubique
2863 3219 3093 3290 publicae
3127 3217 3428 3282 custodiae;
3465 3230 3568 3272 nec

1972 3307 2188 3362 refertae
2235 3317 2423 3364 essent
2479 3310 2806 3365 solitudines
2858 3321 2913 3365 et
2974 3319 3192 3366 montes
3239 3319 3295 3364 et
3326 3307 3476 3364 silva:
3511 3316 3569 3361 ct

1975 3400 2252 3470 speluncae
2279 3401 2348 3456 iis
2376 3401 2468 3471 qui
2499 3413 2720 3471 propter
2742 3401 3032 3457 Dominum
3060 3401 3220 3471 eiecti
3254 3410 3383 3456 sunt
3417 3419 3430 3456 :
3457 3416 3568 3456 non

1975 3491 2232 3561 denique,
2262 3503 2324 3547 ut
2348 3493 2695 3559 concludam,
2715 3497 2970 3549 universa
2988 3503 3376 3549 coucuteretur
3398 3504 3568 3550 terra.

1977 3584 2161 3650 Quare
2207 3585 2503 3641 manifesto
2533 3587 2765 3642 credunt
2800 3589 3240 3658 persecutionem
3269 3589 3382 3659 pati
3404 3588 3569 3643 Chri-

1981 3688 2128 3732 stum
2157 3697 2172 3747 ;
2207 3680 2653 3751 sperandumque
2685 3681 2855 3736 simul
2883 3692 2939 3737 et
2967 3683 3278 3737 audendum
3308 3703 3322 3738 :
3353 3693 3412 3737 ut
3440 3697 3573 3753 sup-

1979 3771 2143 3841 plicia
2175 3772 2382 3841 quaevis
2411 3773 2466 3826 in
2507 3773 2738 3828 veritate
2769 3775 3022 3840 credens,
3066 3789 3191 3829 cum
3227 3775 3472 3840 Christo,
3513 3784 3570 3830 et

1980 3863 2272 3934 atljuvante
2331 3864 2577 3930 Christo,
2631 3867 2864 3936 quisque
2911 3868 3204 3922 sustineat.
3264 3867 3392 3922 Hrec
3440 3879 3574 3923 sunt.

1980 3971 2103 4025 quae
2162 3972 2473 4012 narramus.
2531 3958 2769 4012 Audiaut
2824 3961 3089 4014 mansueti
3144 3969 3195 4014 et
3233 3959 3570 4016 ltetentur".

1980 4047 2183 4102 Audiat
2226 4046 2421 4103 Oriens
2447 4059 2501 4103 et
2530 4047 2800 4104 Occidens
2823 4065 2884 4104 ea
2928 4067 3050 4120 quae
3077 4051 3220 4120 apud
3246 4051 3573 4122 Byzantium

1983 4140 2141 4208 ﬁunt,
2189 4149 2244 4196 et
2297 4142 2514 4196 laudem
2577 4144 2744 4198 dicat.
2815 4141 2917 4197 Ubi
2961 4144 3255 4198 abundavit
3295 4144 3572 4213 delictum,

1983 4235 2434 4306 superabundavit
2459 4237 2720 4306 gratia".
2763 4237 2864 4292 Hic
2885 4237 3128 4308 pugilum
3156 4248 3454 4304 certamen,
3487 4237 3578 4292 hic

1985 4330 2210 4401 sanguis
2233 4329 2353 4384 ﬂuit
2377 4331 2680 4384 Eeclesiam
2709 4330 2914 4386 Christi
2940 4331 3126 4398 rigans
3153 4330 3378 4386 uberius
3406 4346 3574 4400 quam

1988 4423 2280 4492 paradisus
2311 4421 2481 4476 Edem
2519 4421 2871 4492 irrigabatur.
2972 4420 3094 4475 Vivo
3122 4439 3236 4488 ego,
3294 4421 3427 4476 dicit
3464 4422 3578 4476 Do-

286 4509 398 4566 καὶ
427 4512 491 4563 σὺ
519 4510 668 4573 ὅστις
690 4509 756 4562 ἂν
787 4508 905 4580 εἴης
934 4508 1112 4579 ζηλῶν
1142 4508 1220 4580 τῷ
1277 4509 1490 4580 Κυρίῳ,
1519 4509 1590 4563 τὰ
1627 4510 1862 4581 νεουργά

1995 4515 2190 4580 minus,
2221 4515 2470 4584 quoniam
2497 4513 2857 4584 gloriﬁcantes
2891 4529 2970 4567 me
2999 4513 3309 4584 gloriﬁcabo
3348 4529 3368 4568 :
3410 4522 3460 4568 et
3485 4515 3578 4585 qui

291 4597 512 4673 μᾶλλον
543 4600 598 4653 δὲ
629 4601 888 4672 θεουργὰ,
923 4601 1206 4673 μαρτύρια
1237 4617 1250 4628 ·
1282 4601 1359 4664 ὼς
1398 4601 1465 4655 ἂν
1485 4601 1678 4654 εἰδεῖεν
1707 4603 1758 4655 οἱ
1790 4619 1884 4672 με·

287 4694 711 4764 ταγενέστεροι,
743 4694 824 4746 ὅτι
853 4697 880 4746 ὁ
908 4693 1037 4756 Θεὸς
1069 4693 1239 4756 ὅντως
1297 4695 1356 4746 ἐν
1412 4695 1546 4764 ἡμῖν
1583 4695 1700 4746 ἐστι
1731 4709 1746 4724 °
1794 4695 1886 4747 καὶ

288 4787 367 4856 ζῇ
409 4785 470 4837 τὸ
519 4787 741 4856 σπέρμα
778 4785 888 4838 τῶν
937 4785 1203 4840 δικαίων
1263 4786 1356 4841 καὶ
1399 4786 1765 4856 Χριστοφορεῖ
1824 4785 1886 4838 τὸ

291 4876 544 4949 χρυσοῦν
570 4878 727 4946 γένος
757 4879 865 4930 τῶν
894 4877 1191 4949 μαρτύρων
1218 4894 1230 4908 ⁸
1265 4873 1336 4933 οὗ
1368 4879 1555 4932 πύλαι
1609 4877 1758 4944 ᾅδου
1811 4879 1884 4932 οὐ

290 4967 663 5038 κατίσχυσαν,
691 4966 814 5023 οὔτε
830 4971 1269 5039 κατισχύσειαν
1289 4986 1302 5000 ο
1331 4969 1454 5042 ὼςη
1478 4971 1772 5041 ὑπόσχεσις
1789 4971 1884 5025 τοῦ

292 5059 596 5130 ἀψευδοῦς.
629 5060 908 5128 Σκληρόν
928 5078 1049 5124 σοι,
1081 5063 1237 5132 φησὶ,
1256 5065 1408 5131 πρὸς
1436 5061 1652 5132 κέντρα
1674 5066 1884 5121 λακτί-

293 5150 444 5214 ζειν,
474 5151 571 5204 καὶ
599 5151 830 5215 ἀλλοίως
900 5154 1000 5206 οὐκ
1070 5153 1238 5207 ἔστιν.
1307 5153 1450 5220 Ἐγὼ
1507 5154 1607 5224 μὲν
1639 5155 1667 5207 ὁ
1716 5155 1886 5218 τάλας

295 5243 478 5300 ταῦτα
509 5243 838 5315 προσφωνῶ.
880 5245 952 5298 Σὺ
979 5245 1056 5309 δὲ,
1086 5243 1130 5298 ὦ
1155 5246 1256 5298 παῖ
1309 5246 1444 5316 ἱερὲ,
1497 5246 1759 5302 ἀντιδίδου
1793 5265 1886 5317 μοι

291 5339 405 5400 τὰς
427 5337 613 5408 εὐχάς.
654 5339 938 5394 ’Ἄσπασαι
973 5340 1097 5400 τοὺς
1132 5338 1579 5409 συνομολογητάς
1637 5357 1732 5392 σου
1767 5341 1886 5394 κατ’

295 5432 479 5501 ὄνομα
505 5432 600 5484 καὶ¹
631 5431 1000 5502 συμμαθητάς
1025 5446 1038 5460 ο
1080 5433 1176 5485 καὶ
1205 5432 1264 5484 οὐ
1302 5431 1466 5501 μόνον
1505 5432 1716 5498 τούσδε,
1769 5433 1885 5486 ἀλλ’

296 5525 355 5578 εί
394 5522 624 5592 φθάζεις
653 5526 747 5577 καὶ
772 5525 899 5586 τοὺς
926 5523 1123 5588 ἄλλους
1163 5523 1410 5589 ἅπαντας
1435 5525 1562 5588 τοὺς
1595 5525 1885 5590 ἐκλεκτοὺς

295 5615 403 5672 τοῦ
440 5615 578 5669 Θεοῦ
602 5633 616 5650 ο
647 5617 774 5680 τοὺς
791 5617 1275 5689 ὲκλελογισμένους
1300 5619 1406 5671 ἀπὸ
1423 5618 1700 5691 μυριάδων
1724 5635 1735 5648 °
1767 5621 1893 5682 τοὺς

1988 4623 2069 4660 me
2123 4606 2344 4674 spernit,
2371 4607 2474 4659 erit
2522 4606 2784 4675 inglorius
2803 4605 2871 4662 ⁸⁸.
2926 4604 3187 4661 Describe
3215 4615 3270 4660 et
3301 4614 3383 4672 tu,
3420 4608 3580 4676 quis-

1991 4695 2117 4765 quis
2169 4710 2230 4751 es
2261 4696 2440 4750 zelum
2476 4695 2692 4750 Domini
2743 4696 2982 4761 habens,
3023 4711 3188 4760 nova,
3245 4711 3344 4751 seu
3393 4697 3579 4766 potius

1992 4787 2180 4843 divina
2211 4787 2476 4859 martyris
2505 4805 2518 4841 :
2559 4798 2618 4843 ut
2650 4789 2830 4844 sciant
2858 4788 3086 4859 posteri,
3111 4789 3249 4858 quia.
3275 4788 3423 4846 Deus
3450 4805 3580 4845 vero

1991 4879 2046 4932 in
2073 4878 2233 4934 nobis
2261 4890 2366 4944 est,
2400 4878 2644 4948 vivitque
2674 4893 2858 4932 semen
2879 4883 3178 4948 justorum,
3211 4889 3265 4935 et
3295 4879 3580 4936 Christum

1990 4972 2128 5042 gerit
2157 4986 2388 5026 aureum
2419 4987 2594 5044 genus
2625 4981 2948 5042 martyrum,
2993 4972 3257 5027 adversus
3281 4972 3424 5042 quod
3451 4990 3580 5042 por-

1995 5074 2063 5118 ta:
2118 5065 2277 5132 interi
2323 5079 2426 5118 non
2483 5064 2981 5132 praevaluerunt":
3037 5081 3138 5120 nec
3195 5066 3582 5134 prcevalebunt,

1990 5156 2452 5228 quemadmodum
2497 5157 2750 5226 promisit
2774 5157 2870 5228 qui
2903 5174 3069 5212 verax
3099 5167 3202 5213 est.
3234 5157 3442 5213 Durum
3474 5169 3582 5224 est,

1991 5249 2192 5316 inquit,
2227 5249 2324 5303 tibi
2371 5259 2560 5303 contra
2607 5248 2885 5303 stimulum
2937 5250 3293 5313 calcitrare‘,
3322 5259 3378 5305 et
3425 5250 3584 5304 aliter

1993 5357 2118 5398 esse
2143 5342 2356 5410 nequit.
2399 5340 2510 5413 Ego
2535 5342 2758 5412 quidem
2790 5343 2976 5398 infelix
3016 5343 3130 5399 haec
3155 5344 3302 5398 dico.
3328 5343 3411 5398 Tu
3429 5360 3582 5408 vero,

1998 5446 2156 5487 sacer
2223 5432 2317 5495 lili,
2368 5433 2606 5502 repende
2657 5434 2794 5490 mihi
2845 5444 2968 5490 tuas
3006 5450 3220 5504 preces.
3253 5435 3443 5488 Saluta
3476 5451 3582 5489 no-

1999 5524 2249 5580 minatim
2302 5524 2648 5581 conlcssores
2691 5529 2784 5596 qui
2826 5539 3003 5582 tecum
3051 5533 3200 5591 sunt,
3230 5535 3283 5580 et
3311 5524 3586 5582 condisci-

2005 5619 2204 5692 pulos;
2264 5633 2441 5688 neque
2481 5620 2579 5673 hos
2631 5627 2864 5687 tantum,
2901 5619 2996 5676 sed
3029 5619 3072 5674 si
3111 5619 3316 5690 possis,
3360 5630 3415 5673 et
3445 5620 3580 5674 alios

381 5751 428 5782 ³⁸
472 5750 630 5806 Ilom.
666 5766 742 5808 Ix.
771 5751 862 5805 ετ.
907 5752 986 5822 ί⁹⁸
1013 5751 1201 5807 Matth.
1239 5769 1289 5818 ν,
1321 5753 1403 5808 10.
1481 5753 1524 5785 ³⁸
1562 5751 1703 5807 Psal.
1749 5769 1867 5810 xxx:

1973 5755 2025 5811 5.
2104 5757 2142 5785 ’θ’
2182 5752 2345 5808 llom.
2383 5769 2431 5816 ι’,
2458 5750 2545 5806 20.
2625 5749 2669 5782 9"
2705 5748 2720 5802 Ι
2762 5749 2890 5821 lleg.
2919 5765 2980 5818 ιι,
3013 5752 3080 5806 30
3180 5751 3222 5783 ⁸³
3246 5751 3432 5808 Matth.
3470 5769 3582 5817 xu,

308 5825 404 5880 18.
475 5824 490 5854 ι
523 5825 644 5878 Act.
673 5837 824 5891 xm,
853 5821 968 5882 2-5.,
