4054 6364
575 275 716 344 1303
1767 287 1827 346 s.
1868 285 2265 347 THEODORI
2304 287 2658 350 STUDIT/E
3465 288 3476 314 '
3686 307 3795 374 not

567 408 763 449 omnes
821 393 1028 451 electos
1083 394 1198 462 Dei,
1255 395 1461 453 electos
1509 412 1576 453 ex
1633 397 1898 465 millibus,
1952 399 2149 456 Iumina

2265 403 2324 497 ὲν
2357 403 2549 474 κόσμῳ
2578 404 2897 482 φωστῆρας,
2923 407 2993 461 τὰ
3025 407 3198 479 σκεύη
3223 409 3317 464 τοῦ
3341 410 3539 478 ἐλέους.
3555 418 3671 482 τοὺς
3689 439 3793 497 χρη.

567 488 781 550 mundi,
832 503 965 544 vasa
997 489 1414 557 misericordiae,
1451 491 1558 546 Deo
1599 489 1782 556 utiles,
1814 490 2149 547 desiderato:

2267 495 2460 566 σίμους
2497 497 2640 569 Θεῷ,
2671 499 2799 562 τοὺς
2826 501 3056 570 ἐφετοὺς
3105 505 3174 573 τῇ
3232 504 3462 576 Τριάδι⁸
3521 502 3591 563 ὧν

567 580 865 642 Trinitati;
912 599 1152 655 quorum
1211 585 1466 654 precibus
1512 583 1790 638 salvemur
1827 593 1882 639 et
1937 598 2040 639 nos
2081 584 2166 639 in-

564 673 735 746 digni.
790 674 868 732 Te
907 693 1032 731 cum
1113 677 1372 732 omnibus
1419 676 1620 730 salutat
1675 676 1768 746 qui
1807 693 2018 733 mecum
2057 685 2163 733 est.

923 789 1140 847 LXXII.
1171 821 1242 834 --
1271 789 1500 846 Nicolao
1524 790 1642 860 ﬁlio
1663 793 1750 860 (°).

2266 587 2573 660 σωθείημεν
2595 591 2691 645 καὶ
2723 593 2884 663 ἡμεῖς
2915 595 2965 648 οἰ
2987 593 3223 662 ἀνάξιοι.
3258 597 3328 651 Σὲ
3369 600 3464 654 σῦν
3502 604 3625 658 πᾶσι
3653 609 3732 661 καὶ
3773 612 3797 664 ό

2266 679 2367 734 σὺν
2393 681 2520 751 ἐμοὶ
2549 682 2880 748 ἀσπάζεται.

2585 800 2704 854 OB'.
2725 798 2798 841 —'
2811 800 3088 868 Νικολάῳ
3107 802 3316 872 τέκνῳ.
3341 803 3394 878 [υ
3403 807 3524 880 κε’.]

565 925 644 978 De
679 927 864 976 sanctis
894 925 1212 1010 imaginibus;
1245 915 2238 1010 Quatuor.genera‘afgnmegtoruﬂpro
2260 933 2500 984 catholica
2545 936 2610 985 de
2652 933 2951 1010 imaginibus
2977 938 3238 1010 doctrina:
3265 941 3445 993 Natura
3469 949 3673 1010 corporis
3695 966 3706 1002 :
3725 955 3796 1004 Hi-

945 989 1100 1042 storia
1127 1005 1140 1038 :
1172 990 1350 1040 Patres
1379 1005 1390 1038 :
1419 991 1626 1051 Synodi.
1664 989 1867 1039 Frustra
1888 989 2200 1040 adversarios
2223 1005 2516 1056 argumenta
2542 989 2833 1048 eorumdém
2880 1014 3128 1062 generum
3163 989 3461 1056 obtendere.

631 1090 1086 1163 Quandoquidem
1121 1111 1287 1150 nosse
1337 1111 1492 1156 aves.
1549 1095 1774 1151 Nicolae
1808 1094 1999 1161 frater,
2032 1097 2160 1166 qni-

561 1183 666 1240 bus
705 1195 942 1255 quatuor
986 1189 1323 1258 argumentis
1353 1189 1499 1244 circa
1538 1187 1904 1242 venerandam
1944 1187 2158 1244 Christi

561 1277 855 1348 imaginem
888 1279 1090 1334 veritas
1119 1281 1478 1336 conlirmetur
1509 1300 1522 1336 :
1554 1282 1634 1337 sic
1661 1282 1880 1347 habeto,
1921 1283 2152 1353 physico

558 1369 834 1438 dogmate,
891 1377 1074 1424 vetere
1123 1371 1377 1437 historia,
1425 1380 1743 1429 sanctorum
1774 1372 2025 1440 vocibus,
2059 1388 2152 1445 sy-

557 1460 754 1515 nodica
786 1461 1205 1517 acclamatione.

2346 1101 2569 1174 Ἐπειδὴ
2629 1105 3018 1174 φιλοπευστεῖς
3061 1111 3278 1181 μαθεῖν,
3337 1111 3528 1182 eam:
3577 1115 3794 1176 Νικόλαε,

2261 1195 2370 1248 ἀπὸ
2399 1195 2568 1250 ποίων
2603 1200 2893 1270 τεσσάρων
2915 1201 3228 1255 ὑποθέσεων
3258 1204 3291 1274 ἡ
3327 1207 3457 1278 περὶ
3507 1209 3598 1278 τὴν
3630 1213 3798 1283 σεπτὴν

2259 1289 2443 1342 εἰκόνα
2473 1289 2715 1360 Χριστοῦ
2773 1292 3005 1364 ἀλήθεια
3062 1296 3436 1367 κρατύνεται⁸
3492 1301 3669 1367 ἰστέον,
3711 1307 3799 1360 ἀπὸ

2259 1381 2493 1452 φυσικοῦ
2514 1383 2787 1454 δόγματος
2811 1399 2826 1415 ⁸
2861 1387 2969 1440 ἀπὸ
2997 1387 3232 1459 ἀρχαίας
3259 1391 3501 1462 ἱστορίας
3531 1411 3543 1424 ⁸
3573 1395 3670 1450 ἀπὺ
3708 1417 3796 1470 φωο

2257 1473 2363 1526 νῶν
2399 1475 2572 1543 ἁγίων
2594 1491 2608 1505 ⁸
2639 1475 2750 1530 ἀπὸ
2781 1478 3072 1549 συνοδικῆς
3107 1482 3472 1553 ἐκφωνήσεως

628 1551 917 1619 Quomodo
973 1553 1202 1624 physico
1243 1553 1541 1626 dogmate?
1577 1555 1852 1623 Quoniam
1902 1566 2016 1611 haec
2057 1572 2149 1611 na-

2327 1565 2451 1628 Πῶς
2483 1566 2592 1620 ἀπὸ
2619 1569 2853 1637 φυσικοῦ
2923 1571 3236 1642 δόγματος;
3298 1551 3424 1629 ’ίΟτι
3483 1576 3613 1650 αῦτη
3665 1582 3797 1651 φύσις

555 1651 681 1700 tura
721 1654 806 1699 est
850 1645 1105 1712 corporis
1136 1652 1196 1698 ut
1229 1653 1439 1700 tactum
1479 1655 1535 1701 et
1564 1648 1807 1701 colorem
1834 1646 2094 1700 admittat
2135 1664 2150 1701 :

555 1733 703 1803 quod
759 1749 889 1788 vero
949 1742 1157 1788 tactum
1205 1745 1261 1788 et
1297 1737 1538 1790 colorem
1567 1736 1829 1802 admittit,
1865 1737 2008 1791 idem
2043 1737 2154 1791 cir-

554 1823 878 1886 cumseribi,
917 1821 1022 1877 hoc
1052 1831 1155 1889 est,
1187 1823 1240 1878 in
1279 1825 1453 1896 elligie
1479 1826 1742 1881 delineari
1773 1836 1976 1897 potest.
2024 1827 2156 1884 Tale

555 1926 736 1971 autem
789 1931 990 1987 corpus
1040 1926 1124 1972 est
1171 1917 1397 1982 Christi,
1451 1921 1912 1988 quemadmodum
1962 1931 2016 1976 et
2055 1939 2154 1975 no-

555 2019 755 2074 strum,
810 2010 1202 2066 contrectabile
1246 2023 1301 2065 et
1356 2012 1687 2068 coloratum.
1733 2015 1813 2070 Ac
1849 2028 1982 2068 sane
2021 2014 2158 2068 scri-

553 2112 708 2172 ptum
740 2111 824 2158 est
855 2119 869 2161 :
912 2102 981 2156 Et
1014 2105 1312 2174 quicunque
1337 2105 1625 2174 tetigerunt
1665 2120 1815 2172 eum,
1857 2106 1995 2160 salvi
2021 2107 2156 2175 [acti

551 2197 742 2250 sunt’.
795 2195 860 2249 Et
891 2195 1023 2250 alibi
1064 2213 1078 2249 :
1113 2194 1184 2248 Et
1239 2197 1389 2264 facta
1441 2206 1518 2250 est
1575 2197 1774 2264 species
1817 2197 1994 2251 vultus
2037 2197 2152 2266 ejus

553 2287 785 2346 attera'.
837 2287 1028 2358 Itaque
1057 2287 1376 2358 depingitur
1412 2290 1716 2344 secundum
1762 2290 2011 2359 corporis
2041 2289 2154 2344 for-

551 2395 699 2434 mam
733 2397 747 2436 :
797 2380 964 2436 illaesa
998 2380 1216 2434 interim
1247 2379 1462 2434 ratione
1503 2380 1994 2450 incircumscripti,
2029 2397 2152 2451 qua:

549 2467 798 2538 ejusdem
825 2469 1098 2523 divinitati
1123 2469 1382 2539 competit
1417 2487 1432 2523 :
1486 2469 1934 2540 quandoquidem
1969 2486 2152 2540 neque

549 2572 690 2627 ego.
745 2558 872 2612 licet
921 2571 1154 2626 corpore
1207 2557 1693 2626 circumscriptus.
1741 2556 2058 2611 necessario
2097 2565 2153 2610 et

551 2649 856 2704 secundum
911 2649 1180 2713 animum,
1236 2649 1334 2719 qui
1387 2649 1540 2704 cerni
1582 2649 1758 2704 oculis
1794 2649 2004 2718 nequit,
2035 2648 2146 2703 cir-

551 2741 925 2812 cumscriptus
970 2757 1095 2797 sum
1139 2758 1157 2795 :
1204 2756 1422 2812 neque,
1481 2742 1748 2810 quoniam
1795 2754 1996 2808 corpus
2028 2740 2153 2809 qui-

548 2837 672 2891 dem
705 2850 888 2890 meum
915 2833 1398 2904 circumscriptum
1442 2845 1529 2889 est
1553 2871 1570 2895 ,
1601 2833 1822 2888 animus
1858 2840 2040 2886 autem
2069 2831 2147 2884 in-

549 2931 1046 3000 circumscriptus:
1105 2943 1253 2984 unus
1309 2929 1368 2983 in
1433 2928 1572 2982 duos
1622 2926 1836 2982 divisus
1888 2934 1993 2980 est.
2053 2923 2149 2978 Sic

2252 2947 2309 3000 τὸ
2339 2948 2764 3014 ἐξεικονίζεσθαι
2798 2953 2966 3007 αὑτὸν

549 3025 725 3079 multo
756 3024 932 3094 magis
959 3037 1062 3076 nec
1085 3020 1341 3076 Christus
1375 3019 1724 3089 partitionem
1749 3018 2146 3074 divisionemve

558 3124 789 3194 patitur,
819 3136 886 3176 eo
919 3119 1064 3190 quod
1097 3117 1374 3188 corporali
1404 3117 1579 3173 forma
1608 3116 1942 3187 depingitur.
2145 3101 2172 3174 ξ

617 3215 905 3282 Quomodo
941 3213 1010 3267 ab
1046 3211 1280 3266 historia
1309 3209 1536 3265 vetere?
1561 3209 1835 3276 Quoniam
1867 3207 2158 3264 universus

546 3307 696 3363 orbis
739 3307 808 3361 ab
853 3306 974 3376 ipso
1017 3304 1225 3360 Christi
1265 3319 1501 3359 ascensu
1548 3303 1916 3360 venerandam
1978 3301 2156 3372 ipsius

548 3399 844 3469 imaginem
877 3399 931 3452 in
963 3399 1136 3454 sacris
1167 3397 1385 3467 templis
1427 3396 1703 3467 depictam
1756 3395 2000 3450 exhibet.
2037 3393 2158 3460 Quo

549 3492 675 3560 quid
707 3505 830 3546 esse
849 3491 1024 3560 possit
1067 3491 1134 3545 ad
1163 3489 1645 3544 demonstrandam
1702 3489 1982 3544 veritatem
2031 3487 2156 3541 illu-

550 3581 762 3638 strins?
801 3582 1074 3652 siquidem
1099 3589 1184 3636 est
1201 3597 1288 3635 res
1305 3581 1423 3651 ipsa
1443 3581 1612 3636 multo
1646 3597 1810 3652 quam
1838 3582 2017 3636 oratio
2037 3595 2156 3634 cer-

551 3675 657 3728 tior
682 3715 698 3742 ,
739 3673 1174 3744 locupletiorque
1201 3674 1356 3728 testis
1374 3674 1524 3728 visus
1555 3684 1642 3728 est
1679 3689 1847 3742 quam
1909 3673 2150 3729 auditus.

621 3764 911 3832 Quomodo
942 3781 972 3819 a
999 3775 1321 3822 sanctorum
1349 3766 1616 3821 vocibus?
1644 3763 1916 3832 Quoniam
1944 3765 2150 3820 alicubi

549 3872 682 3912 sane
713 3857 1036 3928 coryphaeus
1070 3857 1449 3927 apostolorum
1495 3855 1695 3910 Petrus
1727 3855 1804 3910 ait
1835 3874 1850 3910 :
1893 3875 1911 3907 ‹
1959 3853 2151 3908 Profer

548 3951 848 4019 imaginem
887 3949 1105 4004 Domini
1145 3949 1322 4004 nostri
1361 3947 1491 4004 Jesu
1532 3948 1765 4012 Christi,
1806 3956 1862 4002 et
1894 3947 2144 4002 eamdem

550 4041 796 4111 insculpe
857 4041 912 4097 itt
963 4042 1224 4096 turricula
1252 4058 1268 4094 :
1300 4031 1360 4096 ut
1403 4041 1709 4112 intelligant
1742 4039 1930 4110 populi
1961 4056 2130 4110 quam

549 4133 646 4188 Dei
675 4132 846 4192 Filius
896 4133 1136 4188 formam
1194 4133 1620 4202 assumpserit‘.
1664 4151 1683 4184 ι
1755 4132 1970 4188 Alicubi
2008 4148 2138 4187 vero

546 4241 781 4297 magnus
836 4227 1074 4283 Basilius
1113 4227 1288 4282 dicit:
1339 4245 1358 4279 ι
1399 4225 1739 4297 Depingatur
1789 4227 1843 4280 in
1878 4226 2059 4280 tabula
2091 4234 2146 4280 et

547 4319 914 4373 certaminum
962 4334 1166 4390 praeses
1198 4318 1512 4374 Christus'.
1553 4339 1572 4370 ι
1624 4319 1836 4386 Quibus
1893 4319 2143 4374 videlicet

545 4426 736 4466 omnes
788 4411 965 4465 sancti
999 4411 1376 4466 consentiunt.

616 4501 906 4570 Quomodo
951 4517 984 4557 a
1039 4502 1296 4574 synodica
1363 4502 1800 4557 acclamatione?
1869 4503 2138 4570 Quoniam

547 4610 669 4666 qua:
689 4602 816 4664 post
843 4602 1053 4650 sextam
1080 4594 1476 4649 cecutnenicant
1521 4595 1786 4664 synodum
1815 4603 2142 4665 congregata

546 4697 651 4752 est,
685 4688 801 4743 haec
838 4687 1000 4742 habet
1033 4703 1048 4742 :
1087 4705 1106 4738 α
1141 4685 1405 4742 Jubemus
1422 4687 1704 4756 deinceps,
1739 4686 1858 4741 loco
1887 4687 2012 4754 agni
2047 4701 2140 4739 ve-

549 4781 700 4844 leris,
755 4780 892 4850 erigi
947 4779 1244 4852 imaginem
1291 4779 1509 4836 Domini
1533 4795 1598 4834 ac
1633 4778 1941 4834 Servatoris
1966 4778 2139 4833 nostri

545 4872 672 4928 Jesu
709 4872 912 4928 Christi
931 4874 975 4930 ⁸.

654 4965 714 5019 Si
747 4981 875 5020 vero
921 4966 1162 5021 dixerint
1191 4975 1247 5024 et
1284 4964 1650 5030 lconomachi,
1685 4963 1878 5020 iisdem
1903 4974 2141 5034 quatuor

545 5055 880 5126 argumentis
903 5071 1066 5112 suum
1109 5057 1353 5126 ipsorum
1402 5057 1598 5127 dogma
1656 5054 1916 5122 stabiliri;
1955 5063 2142 5109 osten-

545 5152 698 5215 dant,
761 5149 999 5218 exempli
1085 5149 1281 5220 gratia,
1335 5149 1390 5203 in
1453 5145 1633 5218 pritnb
1685 5164 1869 5203 causa:
1911 5147 2088 5216 capite
2121 5189 2138 5215 ,

447 5243 458 5256 ”
545 5239 1008 5312 quemadmodum
1041 5243 1091 5294 id
1127 5257 1314 5296 verum
1365 5242 1455 5296 sit.
1519 5243 1601 5294 An
1650 5257 1853 5310 corpus
1903 5243 2012 5297 tale
2043 5241 2135 5296 di-

545 5345 678 5392 cunt
706 5336 865 5404 quale
907 5334 1110 5390 veritas
1139 5334 1408 5400 exhibuit,
1463 5335 1689 5388 annon?
1728 5335 1785 5388 Si
1846 5336 2126 5400 enimvero

545 5429 686 5493 tale;
721 5422 803 5483 vel
832 5426 987 5480 inviti
1016 5424 1423 5480 conﬁtebuntur
1449 5425 1667 5494 depingi
1713 5423 2016 5479 Christum.
2065 5423 2124 5478 Si

614 5607 852 5662 'Matth.
885 5623 997 5672 sitv,
1028 5606 1120 5662 56.
1219 5606 1240 5638 ³
1279 5604 1413 5660 Luc.
1476 5621 1552 5668 Ix,
1604 5603 1695 5658 9.9.

541 5701 563 5735 ι
587 5683 737 5738 Orat.
767 5687 821 5732 tu
855 5678 912 5732 S.
937 5671 1215 5736 Bormam.
1295 5680 1314 5710 ⁵
1356 5677 1558 5750 Synod.
1592 5672 1764 5731 Trull.
1789 5688 1910 5729 can.
1935 5671 2024 5727 82.

653 5776 718 5849 ς)
748 5774 1088 5844 Dogmatica.

2260 1655 2512 1726 σώματος
2561 1659 2674 1731 ἁφῇ
2713 1661 2807 1714 καὶ
2853 1664 3012 1734 χροιᾷ
3043 1664 3340 1719 ὑποπίπτει
3363 1683 3378 1698 ⁸
3416 1668 3476 1722 τὸ
3509 1669 3550 1722 δ’
3580 1672 3677 1745 ἁφῇ
3721 1680 3796 1731 καὶ

2258 1751 2416 1821 χροιᾷ
2445 1751 2776 1822 ὑποπίπτον,
2811 1759 3196 1827 περιγραπτόν
3223 1775 3238 1790 ⁸
3287 1761 3460 1831 ῆγουν
3516 1763 3795 1833 ὲξεικονιζό-

2261 1860 2442 1912 μενον.
2477 1843 2733 1899 Τοιοῦτον
2763 1847 2821 1900 δὲ
2849 1847 2910 1900 τὸ
2935 1849 3098 1920 σῶμα
3131 1851 3225 1904 τοῦ
3258 1853 3526 1924 Χριστοῦ,
3582 1859 3794 1932 καθάπερ

2257 1935 2353 1990 καὶ
2383 1935 2443 1990 τὸ
2472 1937 2766 2009 ἡμέτερον,
2798 1939 2972 1993 ἁπτὸν
3037 1943 3130 1995 καὶ
3172 1943 3485 2015 ὑπόχροιον.
3552 1950 3654 2002 Καὶ
3691 1952 3794 2021 γοῦν

2255 2025 2588 2099 γέγραπταυ
2618 2031 2726 2085 Καὶ
2757 2031 2892 2086 ὅσοι
2924 2033 3000 2086 ἂν
3028 2033 3292 2101 ἥπτοντο
3319 2037 3793 2104 αὑτοῦ,ὲσώζοντο.

2259 2118 2368 2170 Καὶ
2398 2118 2626 2190 ἑτέρωθι
2649 2121 2791 2175 ⁸Καί
2814 2122 3055 2192 ἐγένετο
3086 2124 3153 2178 τὸ
3186 2121 3349 2192 εἶδος
3381 2130 3489 2183 τοῦ
3515 2137 3794 2200 προσώπου

2255 2211 2446 2264 αὐτοῦ
2467 2211 2694 2278 ἕτερον.
2758 2214 2970 2268 Οὐκοῦν
3030 2217 3374 2288 ἐγγράφεται
3425 2224 3562 2276 κατὰ
3618 2226 3696 2278 τὸν
3721 2227 3794 2280 τοῦ

2259 2300 2513 2370 σώματος
2542 2305 2870 2376 χαρακτῆρα
2897 2323 2912 2338 ⁸
2943 2308 3113 2378 μηδὲν
3151 2313 3444 2376 πεπονθὼς
3477 2316 3554 2378 είς
3580 2315 3634 2368 τὸ
3687 2318 3794 2371 ἀπε·

2257 2393 2562 2464 ρίγραπτον
2593 2393 2762 2448 αὑτοῦ
2802 2397 2904 2467 τῆς
2945 2398 3202 2470 θεότητος
3233 2418 3246 2432 ⁸
3271 2403 3356 2454 ὅτι
3399 2405 3534 2475 μηδὲ
3570 2405 3668 2474 ἐγὼ
3709 2411 3794 2461 σῶ-

2257 2504 2390 2556 ματι
2423 2489 2936 2560 περιγραφόμενος,
2987 2490 3046 2557 ἐξ
3099 2493 3349 2564 ἀνάγκης
3417 2498 3511 2550 καὶ
3561 2499 3686 2552 κατὰ
3715 2502 3794 2570 τὴν

2253 2578 2482 2632 ἀθέατον
2567 2578 2747 2651 ψυχὴν
2809 2583 3382 2656 συμπεριγέγραμμαι
3409 2604 3424 2619 ⁸
3487 2590 3615 2656 οὐδὲ,
3645 2595 3793 2665 ἐπειδὴ

2252 2671 2314 2724 τὸ
2371 2671 2472 2742 μὲν
2551 2673 2712 2744 σῶμά
2815 2692 2918 2744 μου
2987 2680 3372 2750 περιγραπτὸν
3407 2722 3424 2748 ,
3472 2685 3504 2754 ή
3581 2683 3631 2736 δὲ
3678 2683 3792 2755 ψυχὴ

2253 2764 2689 2834 ἀπερίγραπτος⁸
2725 2767 2754 2819 ὁ
2785 2762 2865 2831 εἷς
2927 2769 3010 2832 εἰς
3052 2769 3146 2822 δύο
3171 2771 3466 2844 τέτμηται.
3487 2773 3632 2830 Οῦτω
3653 2777 3794 2848 πολλῷ

2257 2855 2457 2923 μᾶλλον
2489 2856 2611 2909 οὑδὲ
2643 2858 2880 2928 Χριστὸς
2904 2861 3081 2933 τομὴν
3102 2862 3134 2934 ἢ
3157 2863 3430 2935 διαίρεσιν
3446 2867 3708 2936 ὑφίσταται
3725 2869 3792 2923 διὰ

3022 2956 3324 3028 σωματικῷ
3385 2963 3691 3032 χαρακτῆρι.

2331 3217 2456 3281 Πῶς
2482 3219 2590 3271 ἀπὸ
2623 3220 2859 3291 ἀρχαίας
2889 3223 3171 3294 ἰστορίας;
3209 3225 3337 3278 Ὀτι
3397 3228 3430 3298 ἡ
3481 3229 3570 3282 ὑπ’
3607 3231 3791 3300 οὐρανὸν

2258 3307 2354 3360 ἀπ’
2378 3308 2551 3378 αὑτῆς
2577 3309 2902 3379 ἀναλήψεως
2934 3313 3199 3382 Χριστοῦ,
3254 3314 3359 3384 τὴν
3417 3317 3613 3387 σεπτὴν
3657 3319 3788 3372 αὐτοῦ

2258 3397 2444 3452 εἰκόνα
2477 3401 2537 3452 ὲν
2561 3403 2675 3465 τοῖς
2702 3403 2870 3472 ίεροῖς
2901 3407 3053 3467 ναοῖς
3111 3405 3576 3478 ὲγγεγραμμένην
3615 3410 3792 3462 ὑποδεί-

2257 3509 2464 3548 κνυσιν.
2493 3487 2569 3548 Οῦ
2597 3494 2650 3548 τί
2675 3495 2740 3549 ἂν
2772 3496 2984 3564 γένοιτο
2996 3499 3078 3561 εἰς
3101 3499 3384 3567 ἀπόδειξιν
3406 3501 3647 3572 ἀληθείας
3665 3504 3790 3572 ἐναρ-

2255 3583 2555 3655 γέστερον;
2593 3585 2754 3660 εἴπερ
2780 3588 2940 3659 ἔργον
2965 3589 3126 3658 λόγου
3164 3589 3548 3665 βεϐαιότερον,
3587 3597 3668 3648 καὶ
3710 3595 3789 3664 όφ-

2255 3678 2460 3748 θαλμὸς
2491 3681 2703 3752 μάρτυς
2726 3683 2896 3752 ἀκοῆς
2924 3682 3403 3756 ἀξιοπιστότερος.

2329 3773 2452 3838 Πῶς
2483 3775 2592 3828 ἀπὸ
2621 3775 2816 3844 φωνῶν
2840 3775 3010 3844 ἁγίων
3035 3777 3199 3843 ;⁶Ὀτι
3224 3778 3331 3832 ποῦ
3365 3779 3466 3849 μὲν
3491 3779 3518 3832 ὁ
3543 3781 3791 3850 κορυφαῖος

2251 3864 2360 3917 τῶν
2401 3865 2718 3919 ἀποστόλων
2779 3867 2988 3936 Πέτρος
3039 3865 3230 3935 λέγει’
3297 3887 3317 3920 ι
3368 3868 3668 3937 Ἐξένεγκον
3712 3867 3791 3936 τὴν

2250 3958 2438 4011 εἰκόνα
2471 3957 2566 4011 τοῦ
2597 3959 2804 4031 Κυρίου
2839 3958 2998 4030 ήμῶν
3041 3958 3216 4028 Ἰησοῦ
3250 3961 3510 4030 Χριστοῦ,
3551 3963 3636 4014 καὶ
3671 3959 3792 4012 ἐντύ-

2249 4067 2434 4103 πωσον
2459 4049 2630 4120 αὐτὴν
2666 4051 2725 4102 ὲν
2745 4049 2825 4120 τῷ
2882 4050 3183 4122 πυργίσκῳ
3206 4065 3221 4080 ⁸
3255 4051 3346 4105 ἵνα
3380 4052 3556 4104 ἴδωσιν
3605 4053 3649 4103 oi
3697 4051 3791 4102 λαοὶ

2247 4139 2366 4194 οἵαν
2398 4141 2902 4212 μορφὴνεάνέλαόεν
2933 4144 2961 4194 ὁ
2986 4142 3115 4206 Υἰὺς
3140 4142 3236 4196 τοῦ
3272 4143 3437 4196 Θεοῦ⁸
3474 4163 3493 4194 ι
3542 4143 3637 4196 ποῦ
3683 4143 3729 4196 δὲ
3767 4143 3789 4193 ὁ

2250 4234 2424 4302 μέγας
2461 4231 2740 4294 Βασίλειος
2763 4232 2964 4300 φάσκει
2999 4249 3013 4263 ⁸
3044 4253 3064 4285 ι
3113 4233 3512 4305 Ἐγγραφέσθω
3538 4233 3610 4304 τῷ
3635 4234 3788 4285 πίνακι

2246 4324 2342 4376 καὶ
2371 4324 2400 4376 ὁ
2425 4321 2536 4376 τῶν
2567 4322 2968 4393 παλαισμάτων
2993 4323 3346 4392 ἀγωνοθέτης
3371 4323 3618 4392 Χριστός.
3655 4341 3671 4373 ι
3713 4315 3790 4382 Οἷς

2247 4414 2712 4486 συνομοφρονοῦσι
2733 4414 2932 4486 δηλαδὴ
2949 4416 3148 4479 πάντες
3175 4416 3223 4468 οἰ
3247 4415 3416 4483 ἅγιοι,

2319 4507 2441 4570 Πῶς
2469 4505 2578 4560 ἀπὸ
2611 4506 2896 4575 συνοδικῆς
2927 4507 3292 4574 ὲκφωνήσεως
3315 4521 3331 4571 ;
3351 4507 3474 4559 ’Ότι
3503 4507 3534 4576 ἠ
3567 4504 3690 4576 μετᾶ
3712 4500 3792 4571 τὴν

2245 4597 2412 4668 ἕκτην
2455 4597 2845 4668 οἰκουμενικὴν
2913 4595 3134 4651 σύνοδον
3181 4597 3647 4670 συναθροισθεῖσα,
3689 4594 3787 4646 τάδε

2246 4691 2438 4762 φησίνο
2481 4709 2500 4742 ι
2547 4691 2836 4762 ὐρίζομεν
2857 4690 3035 4744 τοίνυν
3062 4689 3173 4743 ἀπὸ
3195 4689 3287 4744 τοῦ
3315 4692 3433 4754 νῦν,
3459 4691 3576 4744 ἀντὶ
3603 4689 3685 4742 τοῦ
3706 4705 3790 4741 πα·

2243 4782 2397 4836 λαιοῦ
2423 4782 2622 4854 ἀμνοῦ,
2655 4782 3098 4854 ἀναστηλοῦσθαι
3126 4781 3226 4852 τὴν
3286 4783 3475 4836 εἰκόνα
3496 4782 3588 4836 τοῦ
3614 4780 3787 4851 Κυρίου

2245 4873 2339 4929 καὶ⁸
2392 4873 2650 4944 Σωτῆρος
2681 4873 2842 4944 ἡμῶν
2881 4871 3058 4944 Ἰησοῦ
3089 4871 3351 4944 Χριστοῦ.

2316 4965 2380 5018 Εἰ
2408 4964 2466 5018 δὲ
2498 4964 2711 5034 λέγοιεν
2734 4965 2832 5019 καὶ
2867 4965 2916 5018 οἱ
2941 4965 3302 5035 Εἰκονομάχοι
3341 4965 3462 5027 ταῖς
3485 4964 3662 5022 αὑταῖς
3685 4960 3783 5012 τέσ-

2245 5073 2438 5126 σαρσιν
2469 5055 2763 5111 ὑποθέσεσι
2805 5057 2867 5110 τὸ
2913 5057 3123 5110 ἑαυτῶν
3161 5057 3452 5126 κρατύνειν
3482 5056 3662 5128 δόγμα·
3694 5052 3784 5106 δει-

2243 5149 2491 5214 ξάτωσαν
2511 5143 2623 5202 οἷον
2653 5148 2748 5202 ἐπὶ
2770 5147 2864 5202 τοῦ
2897 5147 3117 5220 πρώτου
3139 5148 3454 5218 κεφαλαίου,
3481 5149 3619 5210 ὅπως
3636 5143 3780 5198 τοῦτο.

2243 5242 2479 5312 Πότερον
2538 5238 2702 5311 σῶμα
2728 5241 2973 5295 τοιοῦτον
3005 5240 3256 5310 λέγουσιν
3305 5235 3418 5295 οἷον
3467 5239 3716 5302 ὑπέδειξεν
3751 5233 3778 5302 ἡ

2239 5333 2490 5404 ἀλήθεια,
2533 5333 2568 5402 ἢ
2593 5331 2655 5386 οὑ
2678 5348 2692 5398 ;
2717 5333 2780 5386 Εἰ
2817 5333 2918 5403 μὲν
2947 5334 3211 5399 τοιοῦτον,
3245 5333 3340 5388 καὶ
3375 5333 3450 5402 μὴ
3484 5329 3779 5401 βουλόμεναι

2234 5423 2761 5494 συνομολογήσουσιν
2817 5422 3240 5490 ὲξεικονίζεσθαι
3283 5421 3536 5495 Χριστόν.
3574 5419 3630 5472 Εἰ
3655 5416 3703 5470 δὲ
3729 5411 3779 5466 οὐ

1808 5601 1828 5632 ⁸
1860 5601 1914 5657 In
1941 5599 2082 5675 ){ita
2134 5601 2194 5659 S.
2253 5600 2553 5672 Pancratii,
2589 5600 2734 5675 apud
2794 5600 3141 5671 Bollandum,
3193 5617 3379 5660 mense
3425 5597 3607 5673 Aprili,
3638 5594 3712 5652 dic
3731 5589 3774 5644 5.
