4054 6364
275 310 418 376 1305

1468 315 2008 384 EPISTOLARUM
2067 316 2220 382 LIB.
2251 319 2336 381 II.

3389 318 3530 388 1306

270 428 538 486 τοιοῦτον·
593 427 920 500 λειπόμενόν
969 429 1088 482 tm
1136 427 1359 493 πάντως
1423 429 1606 499 λέγειν
1663 431 1828 486 αὐτοὺ

1928 473 1938 496 ,
1964 448 2094 508 vero
2125 433 2234 490 tale
2261 451 2370 490 non
2397 443 2482 491 est
2512 454 2528 502 ;
2560 435 2830 508 reliquum
2877 439 3104 494 omnino
3129 449 3214 494 est
3241 447 3299 494 ut
3343 440 3531 497 dicant

271 523 481 594 ἀναφές
524 539 586 576 τε
632 521 732 576 καὶ
783 521 1028 592 ἄχροιον·
1065 519 1272 574 τούτων
1300 520 1410 592 γὰρ
1461 521 1626 592 μέσον
1668 523 1843 578 οὐδέν·

267 621 345 683 ὡς
364 619 484 674 οὐδὲ
513 617 701 672 ὲνύλου
733 617 829 671 καὶ
856 617 1046 682 ἀΰλου,
1071 617 1350 688 ὁρωμένου
1370 633 1429 670 τε
1459 615 1555 671 καὶ
1584 619 1844 690 ἀοράτου.

268 713 344 766 Τὸ
359 711 414 765 δὲ
437 709 680 764 τοιοῦτον
705 709 1060 778 ἀνειληφέναι
1088 708 1182 762 τὸν
1203 706 1441 780 Χριστὸν
1462 709 1622 780 σῶμα
1640 710 1842 779 λέγειν,

266 802 610 872 Μανιχαίων,
665 801 890 871 δοκήσει
937 801 1036 854 καὶ
1079 801 1364 874 φαντασίᾳ
1408 803 1509 873 τὴν
1575 803 1845 874 σωτήριον

265 893 507 964 Χριστοῦ
536 895 848 966 οἰκονομίαν
874 893 1300 964 φληναφούντων
1321 895 1674 964 γεγενῆσθαι.
1717 897 1843 950 Ἐπὶ

262 988 360 1042 τοῦ
388 988 644 1057 δευτέρου
670 1030 686 1053 ,
735 987 842 1042 κᾶν
871 987 1027 1040 αὺτοί
1058 986 1315 1040 σιωπῶσιν
1351 987 1450 1058 τὴν
1484 986 1763 1058 ἀλήθειαν,
1792 990 1843 1042 οἰ

262 1078 404 1132 λίθοι
432 1079 827 1150 κεκράξονται,
861 1077 964 1148 τὴν
995 1079 1085 1146 ὑφ’
1113 1079 1249 1148 ἡλίῳ
1280 1081 1347 1149 τῇ
1398 1079 1568 1132 εἰκόνι
1598 1079 1840 1151 Χριστοῦ

261 1167 828 1239 περιαπράπτεσθαι.
869 1167 994 1221 Ἐπὶ
1015 1167 1110 1221 τοῦ
1139 1168 1343 1238 τρίτου·
1376 1170 1423 1221 οἱ
1447 1168 1522 1237 τῷ
1556 1169 1842 1242 κορυφαίῳ

259 1260 488 1330 Πέτρῳ,
525 1259 619 1312 καὶ
649 1257 726 1328 τῷ
759 1258 982 1330 μεγάλῳ
1020 1259 1284 1330 Βασιλείῳ
1320 1260 1839 1330 ἀντιδιατιθέμενοι,

257 1352 362 1422 τῆς
390 1349 562 1420 αὐλῆς
601 1349 836 1420 Χριστοῦ
867 1350 1214 1404 παντάπασιν
1257 1349 1553 1420 ἀλλότριοι.
1595 1351 1718 1403 Ἐπὶ
1744 1351 1840 1404 τοῦ

256 1444 547 1513 τετάρτου·
595 1444 628 1514 ἡ
675 1445 733 1496 ὲν
783 1442 1116 1514 Βλαχέρναις
1161 1443 1294 1512 παρ’
1337 1444 1523 1507 αὐτοῖς
1569 1442 1840 1516 λεγομένη

257 1535 477 1599 σύνοδος
507 1535 651 1588 κατά
678 1535 779 1604 τῆς
813 1535 1022 1597 εἰκόνος
1057 1535 1298 1606 Χριστοῦ
1318 1572 1332 1600 ,
1373 1533 1508 1589 πολὺ
1546 1552 1842 1605 μεταγενε-

256 1629 428 1698 στέρα
469 1627 568 1696 τῆς
619 1627 757 1696 μετὰ
806 1626 907 1698 τὴν
954 1626 1123 1697 ἕκτην
1155 1625 1642 1697 συναθροισθείσης
1697 1627 1840 1698 ὑπὲρ

253 1721 356 1789 τῆς
382 1719 588 1783 εἰκόνος
619 1717 880 1790 Χριστοῦ.
912 1719 1022 1772 Καὶ
1051 1719 1084 1788 ἡ
1117 1718 1214 1788 μὲν
1244 1717 1650 1789 ἀποδεδεγμένη
1686 1717 1838 1788 παρὰ

250 1773 368 1874 τοῖς
398 1773 967 1882 πέντεψπατριάρχαις·
1000 1773 1652 1881 ἡδὲιάναθεματιζομένη
1685 1773 1834 1881 παρὰ
1863 1773 1910 1834 Β

251 1904 367 1965 τοῖς
404 1902 698 1972 τέσσαρσιν
733 1901 808 1966 ὡς
847 1900 1253 1971 Χριστομάχος.
1303 1899 1539 1953 Ἔπειτα
1571 1900 1664 1953 κα)⁵
1702 1901 1736 1971 ἡ
1776 1900 1837 1954 ὲν

251 1993 302 2046 Ν
311 1991 463 2063 ικαία
492 1993 554 2046 τὸ
583 1991 858 2064 δεύτερον,
889 1991 964 2056 ὡς
992 1991 1250 2063 ὁμόφρων
1283 1993 1350 2061 τῇ
1378 1990 1520 2061 μετά
1541 1991 1639 2062 τὴν
1669 1991 1836 2062 ἕκτην

251 2084 480 2155 συνόδῳ,
510 2084 834 2156 εὐπρόσιτος
855 2082 1008 2156 παρά
1037 2085 1154 2148 τοῖς
1181 2083 1416 2154 πέντεοή
1441 2081 1496 2135 δὲ
1527 2081 1621 2136 νῦν
1651 2082 1838 2152 ἀθροι-

251 2176 448 2230 σθεῖσα
479 2176 574 2229 ἐπὶ
623 2174 913 2246 βεϐαιώσει
954 2177 1054 2245 τῆς
1093 2177 1151 2228 ἐν
1187 2173 1524 2243 Βλαχέρναις
1565 2173 1706 2228 κατὰ
1736 2175 1836 2244 τῆς

247 2269 458 2332 εἰκόνος
481 2268 741 2340 Χριστοῦ,
773 2269 1121 2330 ἀπόπτυστυς
1140 2267 1215 2330 ὡς
1245 2267 1497 2337 κάκείνη.
1533 2265 1682 2336 Αὕτη
1715 2283 1830 2320 τοι-

246 2360 459 2430 γαροῦν
494 2360 756 2431 σύντομος
777 2359 1035 2423 ἀπόδοσις
1061 2359 1164 2430 τῆς
1187 2357 1466 2430 ἀληθείας,
1491 2357 1592 2438 καίἸ
1612 2357 1829 2430 ἔλεγχος

244 2450 358 2504 τῶν
386 2451 667 2504 ἐναντίων.

1947 507 2108 582 iidem
2147 543 2297 582 :non
2331 543 2454 584 esse
2496 529 2626 584 illud
2673 530 2838 585 tactui
2897 539 2992 586 aut
3019 531 3190 586 colori
3213 531 3530 596 obnoxium,

1947 633 2075 672 nam
2109 618 2253 674 inter
2277 619 2395 675 haec
2433 621 2671 676 medium
2725 621 2863 678 nihil
2911 623 3178 689 interest,
3239 631 3302 679 ut
3351 639 3532 695 neque

1946 705 2087 762 inter
2115 707 2170 762 id
2197 707 2345 779 quod
2374 709 2606 764 materia
2668 719 2905 777 constat,
2940 721 2994 767 et
3025 713 3078 768 id
3131 713 3277 784 quod
3333 729 3530 781 expers

1944 798 2185 855 materia:
2221 809 2352 860 est:
2391 801 2535 856 inter
2572 803 2626 858 id
2654 803 2800 874 quod
2857 803 3076 859 videtur
3099 843 3116 869 ,
3163 813 3219 860 et
3288 804 3342 860 id
3379 805 3528 875 quod

1945 889 2114 945 videri
2147 891 2356 962 nequit.
2385 891 2515 949 Tale
2549 903 2733 949 autem
2796 896 2977 952 dicere
3016 911 3046 950 a
3091 895 3312 952 Christo
3329 911 3529 966 corpus

1943 984 2756 1052 assumptum,Manichaeornm
2803 999 2906 1054 est,
2954 989 3134 1059 specie
3169 1001 3331 1046 tenus
3382 999 3436 1044 et
3469 989 3526 1043 in

1941 1076 2324 1146 phantasmate
2355 1077 2649 1134 salutarem
2703 1080 2904 1135 Christi
2937 1081 3410 1152 dispensationem
3445 1083 3527 1135 la-

1943 1174 2084 1222 ctam
2113 1184 2234 1224 esse
2273 1169 2436 1225 stulte
2469 1171 2808 1242 nugantium.
2839 1172 2914 1227 Ad
2963 1174 3260 1228 secundum
3301 1191 3318 1228 :
3351 1188 3527 1242 quan-

1943 1262 2148 1317 tumvis
2179 1262 2257 1317 illi
2285 1263 2569 1318 veritatem
2607 1264 2831 1320 silentio
2889 1278 3164 1344 premant,
3193 1266 3404 1336 lapides
3436 1268 3524 1319 in-

1943 1351 2254 1409 clamabunt
2303 1356 2618 1410 universum
2685 1356 2871 1412 orbem
2906 1357 3106 1412 Christi
3149 1358 3384 1428 imagine
3413 1358 3527 1412 col-

1941 1441 2181 1495 lustrari.
2211 1441 2291 1497 Ad
2328 1443 2544 1498 tertium
2583 1461 2597 1498 :
2639 1445 2733 1514 qui
2773 1446 3062 1516 coryphaao
3112 1445 3294 1510 Petro,
3325 1457 3377 1501 et
3407 1462 3524 1500 ma-

1941 1547 2047 1601 gno
2079 1531 2278 1589 Basilio
2321 1535 2703 1601 adversantur,
2735 1547 2864 1591 sunt
2897 1538 2972 1590 illi
3023 1553 3248 1608 prorsus
3271 1539 3338 1592 ab
3393 1539 3521 1593 ovili

1939 1620 2141 1678 Christi
2201 1625 2388 1681 alieni.
2423 1626 2506 1681 Ad
2573 1639 2830 1698 quartum
2873 1647 2886 1684 :
2931 1629 3182 1701 Synodus
3213 1631 3300 1685 illa
3357 1647 3520 1701 quam

1942 1715 2031 1770 isti
2067 1716 2120 1770 in
2163 1715 2486 1776 Blachernis
2527 1729 2750 1785 vocant,
2797 1722 3062 1778 adversus
3095 1722 3301 1778 Christi
3329 1723 3518 1794 imagi-

1939 1822 2063 1860 nem
2099 1848 2114 1872 ,
2177 1809 2351 1864 multo
2405 1812 2678 1880 posterior
2735 1821 2817 1866 est
2863 1829 2926 1868 ea
2979 1829 3101 1883 quae
3142 1825 3263 1884 post
3307 1824 3516 1871 sextam

1938 1905 2126 1951 coacta
2161 1908 2246 1952 est
2278 1913 2376 1968 pro
2398 1898 2603 1954 Christi
2636 1901 2893 1971 imagine.
2925 1903 3090 1972 Atqui
3150 1904 3263 1959 haec
3293 1905 3514 1974 quidem

1938 1998 2153 2058 recepta
2186 1999 2269 2046 est
2318 2006 2350 2045 a
2400 1991 2641 2062 quinque
2689 1995 3016 2062 patriarchis
3055 2013 3070 2052 :
3123 1997 3214 2050 illa
3261 2006 3442 2050 autem
3481 2012 3516 2051 a

1937 2089 2176 2150 quatuor
2231 2083 2581 2139 anathemate
2633 2085 2915 2153 damnata,
2973 2097 3233 2157 tanquam
3294 2087 3515 2142 inimica

1937 2171 2175 2228 Christo.
2212 2173 2417 2230 Deinde
2449 2183 2503 2230 et
2545 2173 2763 2231 Nicmna
2816 2178 3011 2244 altera,
3045 2187 3232 2248 utpote
3266 2178 3316 2233 ei
3379 2194 3516 2233 con-

1935 2264 2198 2332 sentiens,
2230 2281 2352 2335 quae
2385 2274 2505 2336 post
2527 2277 2737 2322 sextam
2763 2269 2986 2334 dicitur,
3020 2269 3177 2325 facile
3198 2286 3228 2326 a
3267 2271 3520 2344 quinque

1934 2358 2238 2411 admittitur
2268 2372 2282 2412 :
2325 2374 2448 2428 qua:
2478 2375 2606 2414 vero
2639 2377 2785 2418 nunc
2823 2371 3152 2432 congregata
3179 2371 3262 2418 est
3292 2363 3357 2416 ad
3383 2378 3515 2418 con-

1933 2449 2294 2503 firmationem
2335 2450 2481 2506 illius
2534 2465 2658 2522 quae
2707 2453 2760 2506 in
2819 2451 3136 2508 Blachernis
3170 2453 3511 2523 appellatur,

246 2545 518 2598 adversus
588 2542 880 2612 imaginem
935 2540 1186 2606 Christi;
1259 2540 1616 2607 detestabilis,
1651 2540 1730 2596 uti
1779 2547 1834 2596 et
1871 2539 1983 2606 illa,
2048 2548 2151 2597 est.
2212 2540 2338 2598 lizec
2402 2543 2570 2613 igitur
2612 2543 3018 2614 compendiaria
3072 2545 3342 2615 expositio
3371 2543 3513 2598 veri-

248 2635 403 2702 tatis,
431 2640 490 2688 et
509 2633 956 2688 adversariorum
985 2631 1285 2686 confutatiu
1313 2641 1415 2687 est.

498 2723 618 2778 Ol".
655 2751 727 2762 —-
757 2705 1110 2791 Ναιίκρατίῳ
1147 2722 1357 2787 τέκνῳ.
1392 2721 1580 2794 [υιιακ]

2308 2715 2543 2772 LXXIII.
2577 2749 2648 2760 -—
2675 2719 2970 2775 Naucratio
3021 2723 3156 2792 ﬁlio.

615 2837 692 2888 De
715 2834 903 2888 Leonis
922 2835 1128 2886 Armeni
1154 2836 1546 2886 orthodoxorum
1568 2840 1830 2898 persecuta

1928 2834 2269 2882 immanissimi
2303 2845 2480 2882 onere.
2517 2835 2720 2896 (Baron.
2754 2850 2832 2885 an.
2863 2836 2974 2888 8’21.
2995 2851 3043 2886 n.
3066 2838 3170 2892 25.)

317 2923 392 2975 Τὸ
429 2922 525 2991 μὲν
581 2921 728 2991 ἱερὸν
772 2919 1010 2991 γράμμα
1061 2918 1231 2990 φησι·
1295 2916 1466 2984 Φωνὴ
1508 2917 1578 2970 ἐν
1638 2914 1823 2985 Ῥαμᾷ
1853 2923 1898 2982 C

241 3017 518 3085 ἠκούσθη
545 3054 560 3077 .
605 3013 828 3083 θρῆνος
864 3011 965 3066 καὶ
1017 3011 1276 3081 ὀδυρμὸς
1316 3011 1529 3076 πολύς.
1591 3009 1821 3078 Ῥαχὴλ

241 3108 549 3162 κλαίουσα
577 3106 651 3159 τὰ
677 3103 860 3158 τέκνα
890 3100 1080 3170 αὐτῆς
1099 3142 1114 3167 ,
1146 3099 1246 3155 καὶ
1275 3102 1388 3154 οὐκ
1425 3100 1604 3170 ἤθελε
1631 3115 1820 3167 παραυ
1838 3112 1852 3125 ’

241 3198 566 3267 κληθῆναι.
609 3194 752 3265 Ἐγὼ
769 3195 826 3248 δὲ
849 3195 876 3247 ὁ
896 3194 1064 3256 τάλας
1093 3192 1448 3264 μεθαρμόσας
1481 3191 1578 3261 τὴν
1615 3189 1818 3261 φωνὴν,

241 3294 420 3346 ἐκεῖνο
438 3289 503 3343 ἂν
533 3289 762 3351 εἰκότως
792 3287 1088 3358 φράσαιμι·
1118 3285 1307 3355 Χαρᾶς
1329 3284 1622 3352 εὐαγγέλια
1652 3281 1819 3353 ¹ἡκού-

242 3383 348 3452 σθη
401 3383 532 3452 ἡμῖν
561 3379 713 3452 παρά
744 3379 846 3450 τῆς
883 3377 1194 3450 τιμιότητός
1233 3392 1326 3428 σου
1348 3390 1363 3405 ·
1399 3376 1486 3442 ἐφ’
1522 3365 1566 3441 ᾧ
1595 3373 1821 3443 σκιρτᾷν

241 3471 410 3533 ἔστιν,
449 3469 509 3522 οὐ
545 3469 642 3540 τὴν
669 3469 822 3522 πόλιν
855 3467 1033 3536 τήνδε,
1071 3468 1103 3536 ἢ
1135 3465 1315 3536 τήνδε·
1359 3465 1494 3517 ἀλλὰ
1527 3463 1708 3534 σχεδὸν
1741 3465 1821 3516 εἰ-

239 3567 367 3616 πεῖν
397 3563 612 3616 ἃπασαν
641 3561 741 3631 τὴν
775 3561 866 3612 ὑπ’
898 3560 1128 3630 οὐρανόν
1154 3575 1164 3587 ·
1195 3558 1280 3610 ὅτι
1329 3555 1544 3608 καθεῖλε
1575 3554 1780 3626 Κύριος
1802 3593 1817 3618 ,

238 3658 301 3710 οὐ
328 3654 420 3707 τὸν
449 3654 604 3722 Σηὼν
637 3652 860 3724 βασιλέα
883 3651 993 3704 τῶν
1039 3649 1404 3720 ’Λμορῤαίωψ
1434 3647 1554 3700 οὐδὲ
1591 3647 1681 3699 τον
1720 3647 1821 3712 ’Ὡγ

241 3745 472 3817 βασιλέα
501 3745 598 3815 τῆς
659 3743 862 3806 Βασὰν,
919 3741 1160 3811 βασιλεῖς
1197 3738 1431 3810 μικροὺς
1455 3777 1470 3799 ,
1502 3737 1597 3790 καὶ
1625 3736 1821 3807 μικρὸν

241 3839 412 3910 μέρος
437 3838 535 3905 τῆς
561 3835 886 3906 οἰκουμένης
903 3833 1272 3894 ὲκθλίϐοντας·
1297 3828 1435 3882 ἀλλὰ
1464 3828 1558 3880 τὸν
1585 3827 1819 3898 νεοφανῆ

238 3932 336 3986 καὶ
369 3931 544 4001 μέγαν
569 3930 858 4000 δράκοντα,
894 3924 990 3979 καὶ
1025 3921 1223 3994 πολλὴν
1246 3919 1576 3991 οἰκουμένην
1606 3917 1822 3988 ληϊζον-

235 4042 327 4079 τα·
363 4026 456 4078 τὸν
505 4022 716 4076 σκολιὸν
746 4021 869 4088 ὅφιν
917 4018 1013 4071 καὶ
1054 4015 1346 4087 συρίζοντα
1393 4013 1688 4084 βλάσφημα
1715 4025 1730 4039 ·
1761 4008 1822 4062 τὸ

237 4115 518 4187 βδέλυγμα
545 4115 644 4183 τῆς
673 4109 1026 4183 ἐρημώσεως·
1061 4107 1122 4158 τὸ
1158 4103 1352 4166 σκεῦος
1381 4104 1481 4172 τῆς
1509 4101 1699 4172 ὀργῆς·
1730 4101 1820 4152 τὸν

237 4207 353 4260 υἱὸν
405 4205 502 4259 τοῦ
558 4203 809 4274 Ταόεήλ·
859 4201 948 4254 ἵνα
988 4201 1063 4270 μὴ
1109 4199 1251 4265 λέγω
1299 4193 1678 4250 Καϐαλλίνου·
1727 4192 1819 4243 τὸν

2037 2913 2330 2970 Sacrarum
2368 2916 2671 2970 litterarum
2703 2918 2865 2972 verba
2909 2927 3079 2972 sunt:
3116 2919 3227 2972 Vox
3255 2923 3308 2972 in
3343 2919 3512 2977 Iiama

1922 3007 2108 3061 audita
2138 3019 2238 3071 est,
2265 3009 2509 3078 ploratus
2550 3019 2600 3062 et
2633 3009 2872 3063 ululatus
2907 3012 3101 3066 multus
3131 3029 3151 3068 :
3180 3011 3374 3067 Rachel
3402 3015 3514 3085 plo-

1921 3116 2045 3154 rans
2075 3100 2214 3167 filios
2279 3117 2424 3166 suos,
2455 3111 2506 3156 et
2553 3102 2721 3155 noluit
2773 3103 3046 3158 consolari
3086 3105 3141 3158 ⁷.
3201 3103 3316 3176 Ego
3370 3122 3503 3162 vero

1921 3191 2106 3247 infelix
2137 3208 2272 3247 voce
2303 3203 2657 3260 commutata,
2685 3195 2810 3265 jure
2855 3195 2986 3251 illud
3020 3197 3283 3252 dixerim:
3315 3197 3511 3258 Gaudii

1919 3283 2096 3340 fausta
2130 3287 2320 3340 nuntia
2352 3288 2510 3343 nobis
2539 3287 2724 3342 audita
2756 3300 2886 3344 sunt
2915 3305 2981 3343 ex
3025 3291 3332 3346 reverentia
3385 3304 3503 3357 tua,

1919 3395 2153 3450 quorum
2173 3382 2347 3450 gratia
2378 3381 2640 3449 exsultet,
2701 3399 2808 3437 non
2848 3383 3042 3439 civitas
3074 3385 3191 3440 haec
3240 3395 3334 3440 aut
3386 3389 3510 3450 illa,

1919 3473 2015 3526 Sed
2067 3487 2233 3542 prope
2263 3474 2440 3528 dicam
2499 3491 2622 3544 quae
2676 3476 2778 3530 sub
2813 3477 2953 3531 caelo
3015 3488 3145 3532 sunt
3208 3480 3508 3548 universa};

1919 3559 2046 3628 quia
2092 3560 2312 3614 sustulit
2350 3560 2638 3629 Dominus,
2701 3579 2808 3617 non
2860 3563 3039 3619 Sehon
3080 3581 3262 3636 regem
3313 3568 3520 3622 Amor-'

1920 3651 2215 3716 rhzeorum,
2252 3668 2430 3722 neque
2467 3652 2548 3724 0g
2583 3670 2766 3724 regem
2833 3655 3035 3723 Basan,
3069 3673 3226 3728 reges
3284 3675 3507 3730 parvos,

1919 3751 1975 3797 et
2001 3758 2221 3811 parvam
2258 3744 2409 3799 orbis
2468 3755 2676 3812 partem
2735 3757 2997 3803 vexantes
3050 3749 3122 3816 3;
3183 3750 3276 3804 sed
3337 3768 3510 3820 nuper

1918 3846 2170 3890 exortum
2203 3853 2461 3908 magnum
2489 3839 2805 3902 draconem,
2838 3848 2894 3894 et
2924 3857 3175 3911 magnam
3203 3844 3350 3897 orbis
3380 3861 3508 3915 par-

1919 3934 2026 3978 tem
2058 3927 2410 3995 populantem
2441 3945 2454 3982 :
2484 3936 2790 3983 tortuosum
2817 3939 3126 3998 serpentem
3169 3943 3223 3985 et
3253 3934 3508 4003 blaSphe-

1921 4031 2007 4068 ma
2077 4017 2386 4069 sibilantetn
2418 4054 2434 4081 ,
2498 4017 2958 4071 abominationem
3004 4019 3382 4085 desolationis,
3410 4038 3508 4078 vas

1919 4107 2032 4168 iraa,
2082 4108 2252 4161 lilium
2281 4106 2502 4170 'I‘abeel,
2538 4123 2604 4160 ne
2659 4109 2833 4162 dicam
2883 4109 3192 4177 Caballini;
3253 4125 3505 4182 nepotem

1920 4198 2128 4263 Achab,
2157 4197 2356 4252 Juliani
2375 4199 2674 4268 exemplar,
2703 4200 3158 4270 complementum
3185 4203 3334 4266 mali,
3367 4219 3505 4258 con-

233 4297 510 4366 ἀπόγονον
536 4297 630 4349 τοῦ
670 4268 896 4365 Ἀάαάθ
923 4268 1000 4346 τὸ-
1018 4268 1384 4361 ἐξεμπλάριον
1420 4283 1726 4339 Ἰουλιανοῦ·
1756 4282 1818 4336 τὸ

1928 4290 2272 4346 lumeliosum
2307 4291 2361 4345 in
2390 4291 2690 4359 Christum,
2723 4293 2970 4362 Deiparm
3025 4294 3261 4360 hostem,
3309 4297 3505 4352 adver-

235 4389 515 4458 πλήρωμα
545 4385 638 4439 τοῦ
681 4383 919 4454 πονηροῦ
938 4397 953 4413 ·
987 4384 1081 4436 τὸν
1111 4378 1373 4452 ὑϐριστὴν
1418 4374 1656 4448 Χριστοῦ
1680 4389 1695 4403 ·
1723 4375 1815 4428 τὸν

233 4480 430 4551 ἐχθρὸν
463 4479 563 4546 τῆς
608 4476 870 4530 Θεοτόκου
893 4491 909 4505 ·
953 4475 1046 4526 τὸν
1097 4471 1388 4528 ἀντίπαλον
1415 4469 1526 4521 τῶν
1556 4467 1814 4521 ἁπάντων

232 4567 430 4636 ἁγίων.
465 4558 568 4618 Ὧν
594 4563 703 4634 γὰρ
733 4563 862 4624 τοὺς
893 4561 1126 4624 σεπτοὺς
1149 4558 1500 4630 χαρακτῆρας
1536 4554 1721 4620 ἐδίωξέ
1751 4573 1811 4610 τε

231 4660 334 4712 καὶ
361 4658 628 4728 ἠφάνισε,
663 4655 906 4725 δηλονότι
943 4653 1155 4708 τούτων
1190 4649 1449 4712 όλοτελῶς
1493 4648 1687 4718 ἐχθρὸς
1719 4647 1813 4701 καὶ

230 4748 471 4820 διώκτης
505 4749 897 4820 ἐχρημάτισεν.
951 4743 1508 4815 Εὐφραινέσθωσαν
1541 4743 1594 4794 ol
1636 4743 1814 4808 οὐρα⁸

229 4846 352 4910 νοί,
382 4844 483 4897 καί
520 4841 908 4912 ἀγαλλιάσθω
939 4841 978 4908 ἠ
1033 4839 1109 4909 γῆ
1130 4853 1144 4869 ·
1172 4834 1534 4906 ῥανάτωσαν
1577 4833 1652 4886 τὰ
1702 4833 1810 4900 ὄρη

231 4939 615 5006 τλυκασμόν,
653 4933 752 4989 καὶ
783 4935 838 4990 οι
861 4932 1082 4998 ,ϐουνοί
1121 4929 1539 4996 δικαιοσύνην.
1584 4925 1810 4979 Πέπτω-

232 5047 332 5084 κεν
354 5032 384 5083 ὁ
409 5028 626 5100 ἐχθρός·
658 5025 946 5096 συνετρίϐη
971 5027 1000 5076 ὁ
1019 5023 1238 5076 κόπτων
1267 5022 1435 5093 ἡμᾶς.
1479 5016 1811 5088 Ἐνεερράπη

231 5119 434 5188 στόμα
461 5117 699 5174 λαλοῦν
740 5115 936 5168 ἄδικα·
972 5111 1242 5182 ἐπεσχέθη
1273 5111 1394 5180 χεὶρ
1436 5103 1812 5176 Ἀὅεσσαλώμ·

231 5211 446 5282 οἴχεται
469 5212 499 5263 ὁ
529 5206 954 5280 σκληροκάρδιος
997 5203 1216 5275 Φαραώ·
1251 5203 1346 5256 καὶ
1377 5202 1529 5254 οὔπω
1563 5216 1653 5270 μοι
1692 5213 1817 5250 και-

234 5303 334 5374 ρὸς
378 5303 473 5356 καὶ
500 5301 663 5364 τόπος
706 5299 984 5370 ἐκφράσαι
1015 5298 1085 5352 τὰ
1111 5299 1281 5367 ἀκοῆς
1310 5295 1437 5362 ἄξια
1466 5294 1560 5348 τοῦ
1593 5307 1817 5360 παγκα-

233 5395 424 5448 κίστου
461 5393 774 5466 δράκοντος.

322 5483 528 5540 Ἐκεῖνο
565 5485 624 5537 δὲ
664 5477 960 5556 προσθείην
997 5482 1108 5544 τοῖς
1140 5479 1448 5550 εἰρημένοις
1472 5493 1486 5508 ·
1521 5477 1604 5530 ὃτι
1639 5475 1809 5547 ἐχρῆν

229 5579 328 5634 τὸν
349 5577 664 5648 ἀποστάτην
683 5576 912 5646 τοιούτῳ
933 5573 1120 5646 τρόπῳ
1144 5571 1288 5625 καθά
1315 5571 1623 5642 γέγραφας,
1640 5571 1812 5644 ἀπορ-

307 5694 330 5726 ⁷
377 5689 579 5746 Jerem.
623 5687 862 5754 xxxn,15
897 5684 1128 5753 ;Matth.
1158 5699 1194 5738 ιι
1243 5683 1331 5754 l8.

235 5761 384 5819 Psal.
432 5777 578 5829 uxr,
606 5761 660 5818 5.
713 5839 716 5842 ἢ
758 5753 812 5792 ⁷⁸⁸
839 5759 985 5816 Psal.
1028 5769 1162 5821 un,
1204 5753 1288 5810 l2.

1436 5684 1459 5715 ³
1516 5682 1681 5739 Num.
1719 5695 1831 5748 ut,
1885 5695 2013 5736 xxiv
2039 5689 2094 5735 et
2150 5695 2334 5738 xxnv.

1923 4383 2128 4438 sarium
2163 4391 2479 4438 sanctorum
2498 4385 2762 4439 omnium.
2817 4385 3062 4450 Quorum
3121 4387 3267 4439 enim
3316 4403 3505 4445 sacros

1919 4476 2264 4532 characteres
2323 4486 2640 4544 persecutus
2673 4487 2778 4542 est,
2809 4487 2864 4531 et
2907 4493 2937 4531 e
2998 4477 3181 4531 medio
3241 4479 3501 4546 sustulit;

1917 4581 2106 4622 eorum
2153 4569 2346 4638 procul
2389 4567 2556 4622 dubio
2613 4568 2786 4622 hostis
2841 4569 3058 4636 penitus
3091 4576 3146 4621 et
3187 4579 3505 4636 persecutor

1919 4658 2042 4713 fuit.
2074 4659 2344 4714 Lwtentur
2380 4661 2496 4714 caeli
2517 4670 2567 4715 et
2613 4659 2836 4714 exsultet
2881 4669 3020 4712 terra
3051 4659 3073 4690 '
3101 4676 3114 4712 :
3150 4659 3320 4728 ﬂuant
3352 4677 3502 4714 mon-

1919 4760 1996 4806 tes
2021 4753 2349 4807 dulcedinem
2372 4794 2387 4819 ,
2430 4762 2480 4808 et
2525 4751 2682 4806 colles
2713 4752 2984 4820 justitiam
3022 4749 3066 4781 ¹⁰
3101 4787 3117 4805 .
3175 4749 3382 4806 Cecidit
3404 4754 3506 4808 ho-

1913 4847 2015 4900 stis
2047 4864 2061 4900 :
2094 4847 2359 4902 contritus
2384 4845 2578 4914 estqui
2614 4859 2712 4899 nos
2739 4843 2981 4898 czedebat
3008 4860 3020 4896 :
3058 4840 3394 4898 Obstructum
3424 4859 3503 4903 est

1912 4953 1970 4990 os
2003 4938 2216 5008 loquens
2246 4939 2430 5007 iniqua
2460 4937 2500 4967 “
2538 4951 2832 5006 ;repressa
2887 4951 3083 4992 manus
3133 4936 3494 4996 Abessalom:

1909 5032 2070 5100 periit
2099 5030 2271 5084 durus
2296 5029 2460 5083 corde
2481 5026 2698 5082 Pharao
2731 5046 2744 5082 :
2782 5038 2835 5082 et
2888 5031 3126 5084 nondum
3170 5031 3306 5086 mihi
3359 5044 3497 5089 tem-

1908 5137 2012 5192 pus
2046 5137 2146 5176 nec
2187 5121 2364 5187 locus,
2398 5129 2459 5176 ut
2504 5119 2693 5176 auditu
2718 5121 2878 5191 digna
2920 5122 3142 5194 eloquar
3162 5125 3230 5180 de
3259 5127 3500 5197 pessimo

1911 5215 2171 5272 dracone.

1987 5473 2101 5530 Hoc
2129 5489 2258 5529 vero
2292 5473 2548 5545 adjiciam
2590 5473 2656 5528 ad
2706 5489 2768 5530 ea
2814 5492 2937 5547 quae
2971 5478 3085 5533 dixi
3134 5495 3147 5532 :
3187 5477 3495 5548 oportuisse

1918 5577 2222 5639 apostatam
2261 5581 2326 5621 eo
2341 5581 2451 5637 quo
2468 5565 2735 5638 scripsisti
2769 5569 2930 5623 modo
2957 5569 3124 5623 vitam
3142 5569 3489 5642 abrumpere.

2444 5681 2465 5714 ν
2506 5676 2655 5736 Psal.
2687 5693 2808 5747 xcv,
2840 5681 2924 5736 ll.
3035 5681 3078 5714 ⁸ο
3107 5679 3225 5737 Joel
3250 5697 3308 5736 ιιι
3340 5721 3355 5747 ,
3395 5683 3487 5749 l8;
