4054 6364
563 340 700 406 1307

1761 349 1823 410 S.
1854 345 2248 410 THEODORI
2289 347 2636 409 STUDITE

3703 339 3842 405 1308

555 459 856 526 Uportehat
941 474 1101 518 noctu
1156 464 1507 521 tenebrarum
1555 464 1726 518 lilium
1766 467 2137 519 occumbere:

2257 459 2404 531 ὃῆξαι
2433 460 2532 532 τὴν
2568 459 2737 531 ζωήν.
2768 460 2915 514 Ἔδει
2945 461 3004 516 ἐν
3021 461 3178 516 νυκτὶ
3205 460 3300 516 τδν
3335 459 3432 514 τοῦ
3465 459 3704 522 σκότους
3725 461 3842 515 υἱὸν

559 555 846 619 Oportebat
879 571 1002 610 eum
1025 597 1040 622 ,
1073 558 1170 629 qui
1219 560 1403 614 divina
1435 559 1636 628 templa
1717 559 2046 622 devastarat,
2085 559 2140 612 in

564 640 777 697 Domini
844 647 1049 716 templo
1109 648 1341 704 nudatos
1397 650 1452 704 in
1499 666 1559 705 se
1616 650 1825 721 gladios
1870 665 2143 708 cernere:

560 733 846 801 Oportebat
908 737 978 792 ad
1033 737 1283 793 divinum
1339 741 1511 796 altare
1574 741 1977 813 confugientem
2033 759 2142 799 non

563 824 813 893 salvari,
845 828 938 896 qui
1001 830 1174 885 altare
1214 831 1392 900 ipsum
1457 834 1857 894 destruxerat:
1903 838 1957 891 in
2020 853 2143 892 eam

564 932 788 972 manum
813 959 826 983 ,
859 936 980 988 quae
1018 931 1242 977 extensa
1278 923 1331 976 in
1374 935 1560 980 sancta
1596 925 1810 992 iuerat,
1847 929 2143 984 sectionem

565 1010 752 1064 inferri
787 1029 801 1065 :
849 1011 902 1065 in
933 1013 1124 1068 fauces
1155 1030 1276 1084 quae
1309 1017 1474 1086 impia
1507 1027 1841 1084 eructarant,
1903 1020 2142 1088 gladium

563 1102 868 1174 distringi:
929 1105 983 1160 in
1029 1107 1321 1162 humerum
1385 1110 1504 1179 ejus
1557 1112 1652 1180 qui
1738 1114 2142 1170 contumeliose

562 1193 782 1250 Christo
813 1197 1126 1264 insnltabat,
1157 1211 1526 1271 opportunum
1554 1204 1754 1260 vulnus
1812 1206 1981 1277 inﬂigi
2010 1225 2023 1261 :
2048 1221 2147 1276 pro

559 1286 691 1356 justi
711 1289 990 1358 sanguinis
1021 1291 1308 1360 elfusione,
1340 1295 1603 1366 injustum
1636 1299 1952 1369 sanguinem
1989 1316 2148 1369 spar-

564 1378 616 1447 gi
650 1398 665 1434 :
707 1395 806 1448 pro
869 1385 1111 1439 sectione
1153 1396 1209 1440 et
1243 1388 1600 1446 dilaniatione
1641 1393 2009 1447 membrorum
2062 1405 2148 1449 at—

565 1485 674 1540 que
718 1479 1018 1543 tergorum,
1063 1476 1238 1534 invisa
1279 1479 1390 1534 Deo
1439 1482 1682 1538 membra
1734 1486 1997 1540 concidi:
2051 1503 2150 1557 pro

564 1571 740 1614 morte
773 1577 960 1618 sancta
988 1566 1208 1636 impiam
1243 1580 1474 1627 mortem
1495 1574 1775 1628 exhiberi:
1819 1585 1874 1630 et
1899 1592 1999 1647 pro
2029 1595 2153 1650 pur-

565 1663 703 1718 pura
767 1657 1094 1713 centonibus
1141 1660 1290 1716 indui
1330 1678 1518 1720 semen
1555 1665 1869 1737 inglorium.
1902 1669 2012 1726 Nec
2061 1688 2151 1728 ve-

565 1756 631 1795 ro
662 1742 730 1797 de
765 1760 896 1801 casu
937 1748 1089 1820 impii
1125 1753 1392 1822 gaudens,
1445 1757 1575 1826 quin
1595 1775 1815 1830 gemens
1845 1770 1898 1816 et
1935 1763 2148 1833 lugens,

2250 553 2674 606 ὲπικαταλαϐεῖν
2707 552 2940 608 θάνατον
2966 569 2980 585 ο
3007 554 3115 608 ἔδει
3162 555 3254 609 τὸν
3289 556 3421 619 τοὺς
3465 553 3653 616 θείους
3680 554 3845 616 ναοὺς

2251 642 2649 714 ὲρημὼσαντα,
2685 647 2743 698 ὲν
2791 645 2906 717 ναῷ
2957 647 3166 718 Κυρίου
3216 647 3345 701 ἰδεῖν
3396 647 3465 700 τά
3507 646 3634 699 κατ’
3675 643 3842 698 αὐτοῦ

2252 732 2378 802 ξίφη
2407 734 2781 803 γυμνούμενω
2818 734 2926 788 ἔδει
2957 738 3345 806 προσφυγόντα
3371 736 3455 806 τῷ
3479 736 3614 807 θείῳ
3648 735 3842 786 θυσια-

2252 826 2460 895 στηρίῳ
2490 826 2564 896 μὴ
2600 826 2840 895 σωθῆναι
2866 827 2959 880 τὸν
2991 827 3150 881 τοῦτο
3179 829 3538 896 ἀφανίσαντα·
3575 825 3725 879 κατά
3747 827 3844 895 τῆς

2251 920 2334 980 εἰς
2385 919 2452 972 τὰ
2489 918 2622 985 ἅγια
2674 919 3001 992 ὲκταθείσης
3052 920 3240 991 χειρὸς
3285 921 3460 992 τομὴν
3503 918 3844 988 ἐπαχθῆναι·

2252 1011 2393 1064 κατά
2419 1011 2513 1064 τοῦ
2536 1011 2808 1082 λάρυγγος
2840 1012 2933 1066 τοῦ
2964 1013 3329 1085 ὲρευξαμένου
3358 1014 3513 1076 ἄθεα,
3561 1013 3844 1084 μάχαιραν

2251 1103 2496 1156 διελάσαι
2519 1119 2533 1133 °
2565 1103 2708 1156 κατὰ
2734 1103 2829 1157 τοῦ
2867 1103 3021 1174 ὤμου
3055 1104 3150 1159 τοῦ
3180 1105 3523 1176 παλλομένου
3563 1103 3654 1172 ἐφ’
3687 1102 3847 1172 ὕϐρει

2253 1191 2524 1263 Χριστοῦ,
2553 1194 2776 1261 καιρίαν
2799 1193 3012 1266 πληγὴν
3056 1195 3317 1249 ὑποδῦναι
3345 1212 3358 1225 ο
3383 1196 3522 1265 ὑπὲρ
3555 1193 3842 1264 ὲκχύσεως

2255 1284 2503 1354 αἱμάτων
2537 1284 2764 1338 δικαίων
2806 1280 2949 1355 αἷμα
2997 1287 3182 1341 ἄδικον
3208 1287 3437 1358 χεθῆναι
3461 1303 3475 1315 ·
3511 1288 3636 1340 ἀντὶ
3667 1285 3848 1356 κοπῆς

2255 1375 2349 1428 καὶ
2387 1374 2606 1446 ξεσμῶν
2649 1375 2828 1446 μελῶν
2857 1378 2953 1430 καὶ
3007 1379 3216 1442 νώτων,
3265 1377 3404 1450 μέλη
3448 1381 3692 1447 κοπῆναι
3728 1379 3843 1431 Θεο-

2256 1467 2429 1536 στυγῆ
2450 1483 2464 1497 ’
2498 1467 2621 1521 ἀντὶ
2650 1468 2882 1522 θανάτου
2913 1468 3085 1533 ὁσίου,
3114 1471 3330 1523 ἀνόσιον
3365 1471 3599 1524 θάνατον
3630 1470 3850 1523 ἀποδει-

2256 1554 2488 1627 χθῆναι,
2526 1557 2622 1612 καὶ
2666 1559 2788 1612 ἀντὶ
2819 1559 3156 1631 πορφυρίδος
3211 1559 3381 1632 ῥάκος
3428 1560 3849 1614 ὲνδύσασθαιτδ

2257 1647 2452 1718 ἄτιμον
2493 1651 2737 1722 σπέρμα.
2771 1652 2880 1705 Καὶ
2905 1653 3006 1705 οὐκ
3032 1651 3454 1722 ἐπιχαιρόμενος
3483 1651 3562 1722 τῷ
3587 1651 3848 1723 πτώματι

2255 1740 2352 1794 τοῦ
2383 1741 2650 1809 ἀσεϐοῦς,
2676 1743 2799 1797 ἐπεὶ
2843 1746 2938 1798 καὶ
2968 1747 3172 1798 στένων
3202 1743 3299 1798 καὶ
3329 1743 3560 1811 κλαίων,
3593 1745 3847 1815 κωμῳδῶ

567 1839 763 1894 mortis
807 1855 977 1910 genus
999 1844 1195 1914 sugillo
1229 1865 1242 1900 :
1278 1847 1372 1901 sed
1429 1849 1558 1918 quia
1605 1851 1780 1906 malus
1827 1854 1968 1910 male
2027 1871 2150 1925 per-

2257 1833 2342 1886 τὸν
2367 1833 2569 1906 τρόπον
2587 1833 2683 1888 τοῦ
2712 1835 2943 1890 θανάτου
2971 1853 2986 1867 ⁶
3018 1836 3132 1890 ἀλλ’
3186 1837 3268 1890 ὅτι
3307 1837 3478 1900 κακὸς
3505 1837 3702 1899 κακῶς
3746 1839 3849 1890 ἀπο

566 1930 762 1995 ibit,ut
784 1933 997 1988 veracis
1021 1944 1104 1989 est
1145 1937 1412 1994 sententia
1451 1941 1493 1972 "
1523 1957 1537 1993 :
1563 1948 1617 1994 et
1637 1944 1817 1998 omnis
1851 1945 1946 2014 qui
1969 1960 2157 2003 contra

568 2021 741 2080 Deum
819 2037 1073 2096 proterve
1127 2028 1383 2102 insurgit,
1439 2033 1709 2106 condigna
1764 2035 1925 2094 factis
1983 2040 2160 2110 capiet

567 2118 734 2173 etiam
768 2119 878 2174 hic.
913 2120 1154 2177 Necdum
1182 2125 1329 2179 enim
1350 2125 1474 2180 dico
1508 2126 1755 2184 futurum
1778 2139 1834 2185 et
1852 2141 2158 2191 extremum

569 2210 774 2282 ignem,
798 2229 908 2284 quo
924 2217 1441 2274 exterminabuntur
1466 2219 1617 2291 impii
1638 2237 1832 2280 omnes
1863 2235 1919 2281 et
1943 2227 2155 2298 injusti.

570 2305 709 2371 Quid
742 2321 868 2362 vero
902 2318 1024 2377 post
1061 2309 1217 2365 ha-c?
1273 2310 1424 2368 Novo
1461 2312 1612 2369 Josia
1638 2330 1779 2386 opus
1807 2326 1931 2384 est,
1973 2323 2082 2389 vel,
2110 2323 2157 2379 si

569 2397 673 2464 vis,
719 2397 949 2454 Joviano
984 2406 1265 2473 quopiam,
1293 2407 1376 2461 vel
1431 2409 1540 2463 alio
1586 2426 1652 2465 ex
1703 2411 1976 2469 similibus
2007 2453 2024 2479 ,
2062 2416 2158 2486 qui

569 2487 786 2545 Domini
847 2492 962 2546 zelo
1010 2495 1208 2551 ardens
1240 2536 1256 2562 ,
1299 2498 1507 2566 dejecta
1541 2503 1750 2574 erigere
1791 2507 2155 2574 studeat,di-

569 2583 723 2636 vulsa
764 2594 1042 2652 coaptare,
1075 2584 1185 2642 Deo
1211 2589 1436 2647 reddere
1466 2609 1591 2662 quae
1637 2595 1734 2650 Dei
1787 2608 1919 2652 sunt
1952 2600 1996 2632 "
2025 2640 2040 2666 ,
2099 2608 2160 2656 ut

568 2672 794 2740 dicitur,
837 2678 1129 2735 restituere
1169 2683 1462 2754 imaginem
1501 2686 1706 2744 Christi
1733 2697 1789 2745 et
1819 2691 2067 2763 Deipara:
2094 2710 2159 2750 ac

571 2769 749 2823 sancti
832 2773 1146 2843 cujusque:
1189 2791 1300 2831 non
1347 2779 1492 2849 quod
1552 2784 1854 2841 conciderit
1912 2802 2156 2857 unquam

569 2860 774 2918 Christi
807 2865 1010 2936 imago,
1043 2867 1186 2924 absit
1222 2870 1236 2924 l
1283 2872 1378 2927 sed
1417 2883 1479 2928 ut
1503 2891 1606 2931 nos
1637 2877 1732 2946 qui
1757 2893 1854 2947 per
1903 2879 2158 2950 impieta-

572 2963 681 3010 tem
715 2957 1049 3026 cecidimus,
1099 2963 1448 3020 suscitemur.
1503 2965 1644 3022 Eum
1679 2985 1780 3025 nos
1835 2982 2157 3040 peccatores

569 3057 827 3117 Optamus
861 3050 1247 3122 imperatorem
1281 3057 1374 3126 qui
1412 3056 1661 3114 videatur
1689 3070 1743 3115 et
1774 3061 1847 3117 sit
1873 3063 2157 3132 piissimus

569 3151 623 3198 et
649 3157 680 3196 a
712 3142 822 3199 Deo
850 3157 1158 3215 promotus.
1193 3146 1260 3202 Et
1285 3151 1330 3204 si
1366 3151 1590 3220 quidem
1620 3153 1691 3207 ita
1735 3156 1848 3222 sit,
1882 3159 2153 3227 optimum
2181 3193 2225 3252 ο

569 3243 626 3288 et
663 3242 867 3291 :eterno
901 3240 1176 3307 przcconio
1228 3241 1636 3298 celebrandum.
1690 3243 1787 3299 Sin
1819 3248 1889 3302 ob
1931 3259 2154 3318 peccata

570 3340 693 3382 mea
733 3342 840 3382 non
885 3331 957 3383 ita
987 3369 1003 3395 ,
1035 3339 1277 3386 attamen
1300 3348 1400 3387 nos
1431 3333 1506 3388 ita
1542 3335 1594 3388 in
1621 3335 1826 3392 Christi
1857 3339 2160 3396 confessio-

572 3436 686 3475 ne:
724 3435 831 3475 non
885 3433 1206 3492 spernentes
1262 3439 1484 3480 sacrum
1536 3426 1656 3497 ejus
1697 3443 1998 3497 carcerem,
2053 3447 2156 3489 nec

571 3513 952 3580 formidantes,
982 3526 1077 3570 aut
1117 3518 1423 3589 quidquam
1469 3535 1581 3590 pra:
1641 3519 1754 3577 Deo
1804 3533 2150 3594 metuentes,

570 3616 632 3661 ut
662 3605 806 3661 Deus
828 3608 942 3676 ipse
997 3608 1268 3665 hortatur.
1309 3609 1434 3666 Haec
1461 3613 1687 3670 08tende
1734 3615 2152 3675 confessoribus
2181 3611 2186 3618 ’

571 3697 738 3752 sociis
773 3697 916 3754 tuis:
950 3715 1090 3770 quos
1107 3709 1162 3755 et
1182 3717 1248 3757 ex
1285 3703 1442 3758 nobis
1475 3705 1686 3773 saluta;
1711 3705 1908 3762 deinde
1931 3717 1986 3763 et
2011 3709 2154 3764 ami-

570 3802 668 3842 cos
694 3796 748 3841 et
777 3788 897 3858 pios
935 3791 1030 3860 qui
1057 3792 1152 3846 tibi
1197 3793 1670 3863 probati'fuerint.
1711 3795 1934 3853 Utinam
2000 3800 2154 3872 digni

571 3895 820 3937 eSSemus
855 3883 1060 3954 quibus
1094 3899 1279 3939 coram
1333 3887 1592 3957 congredi
1625 3888 1856 3945 'liceret.
1895 3890 2054 3958 Quod
2105 3893 2156 3949 si

571 3990 681 4030 non
712 3985 793 4032 est
827 3976 919 4032 Dei
955 3978 1232 4042 voluntas,
1261 3989 1434 4044 utere,
1473 3979 1645 4037 frater
1678 3983 1774 4050 mi,
1822 3985 2056 4055 epistola
2091 3994 2156 4042 ut

573 4071 703 4126 hinc
737 4073 920 4130 videas
954 4084 1010 4130 et
1066 4077 1326 4132 videaris.
1375 4075 1571 4134 Frater
1601 4087 1730 4135 tuus
1759 4078 2022 4140 Nicolaus
2051 4083 2155 4140 im-

571 4181 740 4237 pense
782 4169 1004 4224 salutat.
1045 4237 1050 4243 _

751 4363 984 4420 LXXIV.
1013 4397 1084 4406 —
1109 4367 1362 4423 Michaeli
1391 4369 1696 4440 imperatori
1724 4371 2002 4442 principii.

2258 1926 2484 1993 ολεῖται,
2513 1926 2590 1991 ὡς
2632 1929 2666 2000 ἡ
2707 1926 2802 1981 τοῦ
2829 1928 3098 1998 ἀψευδοῦς
3121 1930 3428 2000 ἀπόφασιςο
3464 1929 3562 1983 καὶ
3589 1931 3703 1992 πᾶς
3726 1946 3847 1982 νεα-

2259 2018 2570 2090 νιευόμενος
2598 2021 2743 2075 κατά
2773 2019 2908 2074 Θεοῦ
2942 2022 3219 2092 ἐφάμιλλα
3261 2017 3338 2076 ὧν
3385 2022 3613 2092 ἔδρασεν
3643 2021 3849 2093 ἀπολή-

2256 2110 2418 2181 ψεται
2446 2111 2748 2167 κάνταῦθα.
2789 2111 2959 2167 Οῠπω
2985 2114 3097 2184 γὰρ
3128 2113 3271 2182 λέγω
3300 2114 3360 2168 τὸ
3408 2113 3604 2184 μέλλον
3633 2114 3732 2168 καὶ
3760 2130 3847 2166 τε-

2257 2200 2506 2258 λευταῖον
2560 2202 2674 2275 πῦρ
2699 2244 2714 2269 ,
2793 2197 2838 2273 ᾧ
2861 2205 3334 2275 δοκιμασθήσεται
3370 2207 3481 2269 πᾶς
3505 2205 3717 2277 ἀσεϐὴς
3755 2205 3850 2260 καὶ

2259 2297 2599 2366 παράνομος.
2630 2296 2697 2349 Τί
2730 2291 2823 2350 οῦν
2849 2297 2989 2368 πρὸς
3011 2296 3212 2360 ταῦτα;
3241 2298 3386 2351 Νέου
3430 2299 3638 2353 Ἰωσίου
3664 2300 3848 2370 χρείαο

2259 2385 2389 2438 εἰδὲ
2417 2384 2620 2456 βούλει,
2663 2385 2926 2441 Ἰοϐιανοῦ
2949 2404 3117 2452 τινος,
3155 2389 3187 2460 ἢ
3221 2389 3386 2443 ἄλλου
3423 2390 3533 2443 τῶν
3560 2392 3844 2443 τοιούτων·

2259 2478 2319 2540 ὃς
2355 2478 2534 2549 ζηλῶν
2562 2479 2642 2552 τῷ
2689 2480 2902 2551 Κυρίῳ,
2945 2481 3236 2535 σπεύσειεν
3268 2483 3581 2554 ἀνορθῶσαι
3608 2483 3680 2536 τὰ
3717 2500 3848 2537 κατ’

2259 2567 2616 2638 ερραγμένα,
2660 2569 2900 2638 συνάψαι
2931 2571 3000 2624 τὰ
3045 2571 3318 2626 διεστῶτα
3343 2614 3358 2639 ,
3392 2574 3695 2628 ἀποδοῦναι
3726 2573 3844 2643 Θεῷ

2255 2658 2325 2710 τὰ
2355 2657 2452 2711 τοῦ
2482 2657 2642 2724 Θεοῦ,
2668 2659 2730 2714 τὸ
2758 2660 2824 2732 δὴ
2847 2661 3162 2733 λεγόμενον,
3195 2665 3503 2735 ἀναστῆσαι
3529 2667 3632 2736 τὴν
3661 2666 3847 2719 εἰκόνα

2257 2749 2518 2820 Χριστοῦ,
2557 2753 2657 2822 τῆς
2682 2769 2742 2805 τε
2769 2752 3061 2816 Θεοτόκου,
3092 2756 3190 2808 καὶ
3217 2757 3450 2810 ἑκάστου
3497 2759 3608 2810 τῶν
3649 2759 3844 2825 ἁγίωνο

2257 2839 2358 2910 οὐχ
2380 2841 2464 2894 ὅτι
2495 2840 2753 2896 πέπτωκέ
2785 2861 2916 2898 ποτε
2939 2845 2973 2914 ἡ
3002 2845 3243 2917 Χριστοῦ
3273 2847 3462 2912 εἰκὼν,
3494 2848 3702 2915 ἄπαγε·
3735 2848 3847 2901 ἀλλ’

2259 2953 2347 3008 ἵνα
2374 2957 2425 3008 οἱ
2457 2956 2716 3021 πεσόντες
2744 2958 2929 3030 ἡμεῖς,
2962 2962 3032 3030 τῇ
3081 2959 3309 3032 ἀσεϐείᾳ
3332 3001 3348 3027 ,
3379 2962 3845 3032 ἀνασταθεξημεν.

2257 3046 2510 3101 Τοιοῦτον
2535 3050 2880 3121 ἐπευχόμεθα
2910 3053 2960 3104 οί
2992 3053 3312 3123 ἁμαρτωλοὶ
3343 3055 3437 3106 καὶ
3475 3055 3716 3124 φανῆναι
3755 3055 3847 3107 καὶ

2258 3139 2477 3194 ἔσεσθαι
2505 3140 2596 3196 τὸν
2625 3141 3017 3196 εὐσεϐέστατον
3039 3142 3270 3213 βασιλέα
3297 3145 3392 3198 καὶ
3420 3144 3847 3214 θεοπρὸϐλητον.

2260 3233 2370 3288 Καὶ
2398 3235 2448 3287 εἰ
2485 3234 2584 3305 μὲν
2610 3232 2818 3299 οὕτως,
2854 3234 3078 3305 ἄριστον
3129 3237 3225 3288 καὶ
3269 3237 3350 3300 είς
3393 3236 3601 3301 αἰῶνας
3646 3239 3846 3306 ὑμνού-

2261 3343 2445 3397 μενον.
2485 3327 2548 3379 Εἰ
2591 3326 2650 3380 δὲ
2688 3327 2834 3380 κατὰ
2866 3327 2967 3390 τὰς
3010 3326 3290 3398 ἁμαρτίας
3321 3343 3427 3396 μου
3451 3367 3468 3392 ,
3511 3327 3616 3396 οὐχ
3651 3328 3846 3390 οὕτως,

2257 3416 2396 3472 ἀλλά
2428 3433 2494 3487 γε
2543 3419 2706 3490 ἡμεῖς
2737 3418 2911 3484 οὕτως
2943 3421 3000 3472 ὲν
3034 3422 3100 3490 τῇ
3133 3419 3398 3492 ὁμολογίᾳ
3440 3420 3719 3491 Χριστοῦ,
3775 3423 3846 3492 μὴ

2256 3509 2652 3582 ὀλιγωροῦντες
2698 3511 2800 3582 τῆς
2845 3512 3008 3580 ἁγίας
3057 3512 3226 3566 αὑτοῦ
3257 3513 3548 3584 φυλακῆς
3605 3515 3744 3584 μηδέ
3797 3532 3844 3568 τι

2258 3601 2728 3675 ὑποπτήσσοντες·
2768 3605 2905 3676 μηδὲ
2935 3604 3264 3677 φοϐούμενοι
3294 3605 3423 3659 ἄλλο
3456 3624 3506 3658 τι
3542 3610 3652 3676 πρὸ
3681 3607 3845 3660 Θεοῦ·

2257 3698 2334 3764 ὡς
2359 3699 2524 3764 αὐτὸς
2553 3699 2685 3764 Θεὸς
2716 3701 3003 3770 ἐγγυᾶται.
3037 3700 3224 3754 Ταῦτα
3265 3701 3548 3766 ὑπόδειξον
3573 3705 3691 3765 τοῖς
3725 3719 3845 3754 συν-

2259 3794 2622 3866 ομολογηταῖς
2648 3810 2766 3848 σουο
2791 3792 2886 3858 οὓς
2915 3794 3009 3848 καὶ
3030 3793 3163 3866 παρ’
3187 3793 3348 3865 ἡμῶν
3377 3795 3844 3864 προσαγόρευσονο

2259 3885 2384 3937 ἐπεὶ
2417 3888 2512 3937 καὶ
2541 3883 2730 3952 φίλους
2753 3883 2850 3937 καὶ
2878 3881 3122 3945 εὐσεϐεῖς
3152 3879 3245 3944 οῦς
3268 3880 3606 3949 δοκιμάζοις.
3657 3882 3846 3945 Ἀξιω-

2263 3975 2490 4047 θείημεν
2526 3978 2622 4031 καὶ
2653 3977 2746 4029 ἐπὶ
2774 3975 2875 4046 τῆς
2901 3976 3022 4030 κατ’
3052 3975 3365 4045 ὀφθαλμοὺς
3399 3973 3624 4042 ὁμιλίας
3653 3973 3843 4026 ἐλθεῖν.

2262 4070 2327 4124 Εἰ
2354 4069 2411 4124 δὲ
2442 4069 2506 4124 οὐ
2531 4068 2756 4139 θελητὸν
2783 4067 2926 4136 Θεῷ,
2959 4067 3097 4139 χρῶ,
3142 4065 3340 4130 ἀδελφέ
3385 4082 3509 4136 μου,
3541 4063 3627 4133 τῷ
3662 4064 3842 4135 γράμ-

2262 4178 2416 4234 ματι·
2452 4161 2675 4232 Θεωρῶν
2700 4161 2950 4216 ἐντεῦθεν
2977 4160 3073 4214 καὶ
3097 4158 3497 4231 θεωρούμενος.
3549 4161 3606 4214 ’0
3620 4158 3845 4228 ἀδελφός

2262 4272 2356 4309 σου
2381 4255 2651 4320 Νικόλαος
2684 4255 2906 4328 Θερμῶς
2927 4254 3349 4326 προσαγορεύει.

2331 4373 2452 4428 οΔ’.
2487 4403 2555 4414 -
2582 4373 2829 4443 Μιχαὴλ
2857 4372 3251 4442 αὐτοκράτορι
3289 4372 3566 4438 βασιλεῖ.
3644 4365 3839 4444 [υιιδη

889 4482 1082 4534 Novum
1111 4487 1470 4547 imperatorem.
1490 4492 1684 4564 magnis
1707 4490 1975 4553 praeconiis
2007 4491 2228 4552 extollit,
2252 4493 2582 4543 orthodoxum
2613 4499 2770 4543 ratus.
2797 4495 2998 4558 (Baron.
3025 4483 3105 4542 an.
3130 4493 3243 4554 εει,
3264 4507 3318 4542 n.
3345 4491 3454 4555 2|.)

641 4585 887 4658 IEquum
936 4597 1022 4644 est
1049 4603 1214 4658 quam
1257 4592 1498 4647 maxime
1553 4594 1659 4648 hoc
1688 4603 1934 4664 tempore
1967 4611 2033 4650 ex
2061 4611 2156 4650 ore

2329 4598 2548 4651 Δίκαιόν
2583 4598 2734 4650 ἐστιν
2783 4598 2868 4652 ὅτι
2913 4597 3146 4666 μάλιστα
3189 4600 3248 4650 ὲν
3281 4596 3362 4666 τῷ
3401 4599 3636 4670 παρόντι
3669 4598 3840 4671 καιρῷ

570 4687 838 4747 omnium,
891 4683 986 4754 qui
1051 4684 1492 4753 persecutionem
1545 4684 1691 4753 passi
1749 4694 1915 4749 sunt,
1967 4687 2157 4756 parari

572 4775 812 4840 laudem,
878 4776 1117 4844 primum
1177 4775 1398 4845 quidem
1470 4775 1691 4830 Christo
1765 4777 2154 4834 universorum

571 4870 686 4939 regi
719 4887 733 4923 :
781 4869 977 4924 deinde
1006 4877 1211 4934 vestro,
1259 4869 1526 4924 divinitus
1561 4870 1860 4925 constituto
1901 4873 2153 4942 imperio,

570 4975 669 5032 per
705 4962 849 5032 quod
885 4962 1062 5032 adepti
1092 4978 1286 5018 sumus
1311 4963 1700 5019 relaxationem
1732 4965 1924 5030 vincti,
1957 4966 2153 5022 dimis-

571 5055 782 5108 sionem
807 5055 1099 5119 carcerati,
1143 5055 1577 5111 consolationem
1617 5056 1824 5122 amicti,
1859 5057 2152 5115 sanitatem

571 5149 868 5213 vulnerati,
899 5149 1207 5204 libertatem
1238 5149 1616 5213 condemnati,
1644 5151 1880 5206 reditum
1907 5153 2150 5208 exsules.

571 5242 639 5298 Et
657 5244 876 5313 quidem
901 5253 1047 5298 recte
1060 5243 1249 5297 videor
1267 5243 1579 5298 existimare
1598 5242 1956 5300 imitationem
1987 5245 2153 5300 Chri-

571 5339 642 5394 sti
691 5337 979 5408 imperium
1037 5347 1278 5392 vestrum
1333 5336 1622 5392 futurum:
1662 5346 1722 5392 ut
1760 5338 1941 5394 simile
1981 5339 2148 5394 simili

569 5430 827 5497 reddens,
859 5429 1005 5486 dicat
1031 5446 1179 5486 nunc
1219 5440 1276 5485 et
1315 5429 1516 5501 ipsum,
1543 5447 1668 5486 cum
1691 5429 1912 5486 Christo
1942 5440 1997 5486 et
2026 5440 2151 5501 post

569 5523 874 5590 Christum,
916 5523 995 5576 his
1045 5525 1136 5594 qui
1167 5523 1464 5576 vinctisunt
1495 5536 1515 5576 :
1554 5520 1745 5585 Exite;
1775 5533 1829 5576 et
1856 5522 1937 5576 his
1964 5523 2054 5590 qui
2091 5523 2148 5577 in

571 5615 796 5671 tenebris
829 5632 848 5670 :
886 5614 1274 5671 Reuelamini"
1297 5654 1313 5681 ,
1354 5623 1410 5670 et
1447 5631 1459 5667 :
1520 5613 1835 5668 Benedictus
1889 5613 2148 5671 Dominus

645 5807 690 5841 ²¹
710 5805 902 5864 Matth.
926 5825 1037 5874 XXI,
1069 5809 1154 5865 il.
1217 5808 1258 5840 "
1282 5805 1474 5864 Matth.
1499 5821 1634 5876 xm,
1668 5805 1756 5862 21.
1823 5804 1864 5838 ¹³
1896 5802 1999 5860 lsa.
2023 5819 2169 5869 ms,
2195 5803 2251 5858 9.

2260 4691 2326 4743 ὲκ
2365 4689 2635 4758 στόματος
2665 4689 2923 4743 ἁπάντων
2956 4689 3064 4743 τῶν
3100 4689 3479 4760 δεδιωγμένων
3516 4692 3837 4760 καταρτίζεο

2262 4783 2389 4836 σθαι
2423 4779 2592 4846 αἶνον,
2627 4783 3064 4854 προηγουμένως
3106 4782 3206 4854 μὲν
3237 4782 3464 4854 Χριστῷ
3506 4782 3586 4852 τῷ
3627 4783 3836 4852 παμϐα-

2262 4875 2432 4939 σιλεῖ,
2465 4874 2658 4927 ἔπειτα
2685 4874 2764 4943 τῷ
2798 4874 3052 4945 ὑμετέρῳ
3085 4872 3477 4945 Θεοπροϐλήτῳ
3509 4873 3704 4944 κράτει
3727 4915 3742 4938 ,
3775 4872 3836 4925 δι’

2261 4961 2322 5020 οὗ
2349 4966 2662 5036 ἐσχήκαμεν
2694 4965 2796 5034 τὴν
2833 4964 3213 5036 ἀπολύτρωσιν
3245 4963 3296 5016 oi
3325 4964 3720 5034 πεπεδημένοι,
3745 4961 3834 5033 τὴν

2258 5058 2454 5126 ἄφεσιν
2481 5059 2529 5110 οἱ
2574 5056 3047 5126 πεφυλακισμένοι
3072 5096 3089 5122 ,
3121 5056 3223 5127 τὴν
3261 5055 3618 5127 παράκλησιν
3658 5057 3704 5108 οἱ
3749 5071 3832 5106 τε-

2259 5151 2625 5220 τρυχωμένοι,
2661 5151 2760 5221 τὴν
2791 5149 3006 5218 ὑγίειαν
3043 5149 3093 5202 oi
3139 5149 3702 5220 τετραυματισμένοι,
3741 5146 3832 5215 τὴν

2259 5243 2580 5314 παρρησίαν
2635 5243 2684 5295 οἱ
2729 5241 3194 5312 κατακεκριμένοι
3223 5239 3377 5312 [Περ.
3436 5241 3555 5296 cod.
3609 5257 3830 5294 κατακε-

2255 5335 2628 5410 κρυμμένοι],
2684 5336 2784 5407 τὴν
2835 5334 3184 5407 ὑποστροφὴν
3232 5336 3282 5388 οἱ
3341 5333 3826 5404 πεφυγαδευμένον..

2259 5426 2370 5480 Καὶ
2408 5445 2465 5497 γε
2495 5428 2702 5500 νομίζω
2727 5427 2910 5492 καλῶς
2934 5425 3366 5498 ὑπολαμϐάνειν,
3387 5425 3464 5488 ὡς
3489 5423 3828 5478 ὑποτύπωσιν

2257 5521 2497 5594 Χριστοῦ
2528 5522 2589 5575 τὸ
2614 5523 2715 5593 τῆς
2743 5521 3015 5592 ὑμετέρας
3043 5517 3322 5591 βασιλείας
3354 5517 3530 5582 πάθος
3555 5515 3828 5587 προϋπαρ-

2256 5616 2362 5684 ξαιο
2397 5614 2473 5680 ὡς
2505 5613 2572 5670 ἂν
2603 5613 2680 5686 τῷ
2710 5614 2880 5686 ὁμοίῳ
2908 5614 2970 5668 τὸ
2995 5613 3180 5684 ὅμοιον
3227 5611 3514 5683 δράσασα,
3557 5610 3698 5662 sino:
3736 5605 3827 5659 νῦν

4007 5457 4009 5609 ι

4001 6045 4005 6221 l
