4054 6364
268 341 414 412 1339

1457 348 1576 408 ΕΡ]
1586 345 1991 408 STOLARUM
2044 349 2194 411 LIB.
2237 351 2321 411 ΙΙ.

3308 337 3310 339 ’
3387 345 3529 434 1310

266 467 364 522 καὶ
409 461 546 531 αὑτὴ
600 462 696 515 σὺν
728 460 949 532 Χριστῷ
994 461 1087 514 καὶ
1132 465 1270 531 μετά
1302 463 1564 532 Χριστοῦ,
1598 463 1724 528 τοῖς
1772 461 1842 517 ἐν

1955 461 2084 516 Deus
2112 465 2309 529 Israel,
2371 465 2620 534 quoniam
2651 463 2816 519 erexit
2841 479 3004 517 cornu
3047 461 3238 518 salutis
3285 459 3526 528 nobis",

266 553 539 624 δεσμοῖς,
577 553 901 617 Ἐξέλθετεο
935 553 1032 605 καὶ
1058 553 1181 620 τοῖς
1219 553 1290 606 ἐν
1315 552 1394 619 τῷ
1417 557 1621 610 σκότει
1641 555 1841 620 ,Ἄνα-

1942 573 2142 613 novum
2160 558 2345 621 David,
2363 559 2588 613 alterum
2601 555 2824 619 Josiam,
2846 554 3056 626 pacitici
3075 554 3287 638 imperii
3311 569 3488 622 regem
3510 573 3525 608 :

267 652 673 704 καλύπτεσθε.
713 648 842 710 Καὶ,
878 648 1226 715 Εὐλογητὸς
1252 650 1462 718 Κύριος
1500 653 1533 705 ό
1563 650 1706 718 Θεὸς
1733 649 1842 704 τοῦ

1955 650 2036 722 qui
2081 651 2286 706 faciens
2314 652 2476 706 faciet
2501 666 2621 720 qua:
2647 649 2843 718 placita
2894 657 3019 702 sunt
3045 645 3155 700 Deo
3185 663 3200 700 :
3233 646 3325 714 qui
3376 647 3528 713 lapsa

281 737 553 807 Ἰσραὴλ,
598 739 686 792 ὅτι
739 739 936 808 ἤγειρε
977 739 1157 806 κέρας
1198 743 1495 808 σωτηρίας
1532 743 1695 812 ἡμῖν,
1750 743 1843 797 τὸν

1945 743 2216 804 restituet.
2257 741 2493 797 dissecta
2529 741 2845 809 conjunget,
2893 738 3164 808 percutiet
3191 744 3245 791 et
3280 735 3522 799 sanabit,

267 833 392 886 νέον
421 831 600 896 Δαυῒδ,
635 832 728 884 τὸν
757 832 1008 900 δεύτερον
1059 833 1292 897 Ἰωσίαν,
1320 833 1415 887 τὸν
1457 837 1558 905 τῆς
1589 812 1850 906 είρηναρ-ἲ

1955 845 2000 890 et
2031 835 2189 889 tertia
2221 836 2328 897 die,
2364 843 2423 890 ut
2461 833 2776 904 prophetice
2829 833 3022 901 loquar
3048 831 3115 897 ¹⁶,
3148 829 3522 884 resnscitahit.

269 922 400 992 χίας
431 920 672 990 βασιλέα-
717 921 777 984 ὃς
819 922 991 974 ποιῶν
1019 923 1237 994 ποιήσει
1265 925 1334 979 τά
1367 925 1574 996 ἀρεστὰ
1603 925 1723 994 Θεῷ
1742 941 1756 955 ⁸
1787 925 1846 987 ὃς

268 1013 342 1068 τὰ
394 1015 718 1067 πεπτωκότα
768 1015 1136 1086 ἀναστήσειε·
1175 1017 1244 1070 τὰ
1291 1017 1660 1088 διατμηθέντα
1719 1035 1846 1071 συν-

271 1107 457 1175 άψειεο
498 1108 730 1177 μοτώσει
763 1109 858 1161 καὶ
887 1110 1103 1175 ὑγιάσει
1130 1126 1145 1142 ·
1181 1112 1275 1164 καλ⁸
1322 1115 1388 1182 τῇ
1426 1111 1584 1182 τρίτῃ
1633 1111 1845 1184 ἡμέρᾳ,

269 1199 629 1268 προφητικῶς
664 1202 860 1262 εἰπεῖν,
890 1201 1263 1272 ἀναστήσειεν.
1312 1203 1531 1274 Ἐπειδὴ
1559 1203 1617 1256 δὲ
1637 1244 1649 1262 .
1691 1202 1848 1272 βασι-

267 1291 368 1344 λεῦ
397 1291 832 1362 Χριστομίμητε,
863 1293 914 1345 οἱ
963 1291 1265 1360 φθάσαντες
1293 1293 1350 1345 ὲν
1386 1296 1453 1363 τῇ
1495 1295 1708 1362 αἱρέσει
1755 1311 1845 1346 τε·

269 1384 529 1453 λευτῆσαι
551 1388 607 1436 ὲν
639 1385 816 1454 μερίδι
844 1384 1120 1446 ἀπωλείας
1159 1384 1384 1456 ᾤχοντο,
1417 1384 1651 1456 Χριστὸν
1677 1385 1850 1455 ἠρνη-

273 1477 428 1546 μένοι
463 1478 525 1545 τῇ
562 1477 663 1545 τῆς
699 1477 910 1540 εἰκόνος
957 1475 1122 1530 αὑτοῦ
1154 1477 1416 1546 ἀρνήσει,
1443 1475 1548 1528 κᾶν
1580 1476 1847 1545 Χριστια-

269 1568 358 1621 νοὶ
400 1568 790 1638 ὀνομάζωνται.
840 1569 914 1622 Τὸ
939 1569 1049 1640 γάρ
1078 1586 1160 1622 τοι
1189 1569 1465 1622 πιστεύειν
1499 1571 1582 1631 εἰς
1614 1570 1850 1640 Χριστὸν

269 1661 424 1714 οὖδὲν
455 1661 642 1730 ἔτερόν
671 1662 842 1725 ἐστιν,
884 1659 916 1731 ἢ
968 1661 1050 1713 ὃτι
1080 1661 1109 1712 ό
1143 1659 1271 1723 Υἱὸς
1308 1660 1401 1713 τοῦ
1431 1658 1567 1713 Θεοῦ
1609 1663 1705 1714 καὶ
1746 1663 1854 1715 Πα-

269 1754 422 1824 τρδς,
451 1752 736 1824 ἄνθρωπος
760 1750 1000 1820 γεγονὼς
1029 1752 1233 1814 τέλειος
1257 1791 1272 1815 ,
1303 1750 1691 1816 ὲξεικονίζεται
1720 1751 1846 1806 καθ’

269 1820 762 1913 ὁμοίωσιννήμῶν·
805 1841 891 1895 ἵνα
933 1842 1009 1913 μὴ
1061 1841 1193 1896 ἀλλο
1240 1860 1291 1896 τι
1345 1842 1429 1910 εἴη
1480 1842 1612 1912 παρ’
1658 1845 1840 1914 ἡμᾶς’
1877 1820 1920 1876 Β

274 1935 456 2006 μένων
509 1936 536 1988 ό
593 1933 755 1998 αὐτὸς
802 1933 1218 2004 ἀπερίγραπτος
1275 1935 1374 1987 σῦν
1425 1933 1601 2006 Πατρί
1647 1953 1706 1988 τε
1750 1934 1846 1990 καὶ

270 2028 578 2098 Πνεύματι,
603 2025 741 2078 καθό
764 2027 880 2078 ἐστι
907 2026 1038 2088 Θεὸς
1061 2025 1330 2096 ἀληθινός.
1357 2025 1544 2087 Οὕτως
1565 2021 1658 2080 οῦν
1677 2029 1847 2080 νοοῖτο

274 2121 505 2191 μεσίτης
533 2119 667 2172 Θεοῦ
708 2119 802 2172 καὶ
853 2116 1175 2188 ἀνθρώπων·
1209 2117 1285 2182 ὡς
1314 2117 1640 2190 ἀμφοτέρων
1672 2119 1849 2188 ἀμφό-

269 2229 407 2281 τερα
448 2212 609 2279 ἔχων,
655 2211 749 2265 καὶ
776 2211 834 2263 ὲν
880 2209 1124 2281 ἐκατέρῳ
1152 2210 1262 2264 οὐδ’
1289 2209 1470 2264 ὁτιοῦν
1504 2209 1844 2280 λειπόμενος·

270 2303 460 2366 καθὼς
494 2304 638 2365 ἅπας
669 2303 696 2354 ό
721 2303 832 2356 τῶν
862 2302 1138 2374 θεοφόρων
1165 2303 1330 2374 χορὸς
1364 2303 1484 2375 βοᾷ.
1517 2304 1626 2358 Καὶ
1659 2304 1847 2375 ῶσπερ

273 2400 370 2450 ἐπὶ
399 2396 494 2450 τοῦ
526 2397 792 2467 ὑμετέρου
821 2397 1110 2468 κράτουςή
1143 2397 1422 2468 παραδοχὴ
1453 2400 1551 2468 τῆς
1575 2400 1851 2466 τυπουμέ-

269 2509 374 2560 νης
421 2490 648 2553 εἰκόνος,
697 2489 956 2559 ὁμολογία
1007 2491 1124 2543 ἐστὶ
1168 2490 1262 2544 τοῦ
1314 2491 1618 2560 βασιλεύειν
1667 2494 1848 2561 ὑμᾶς.

272 2582 526 2649 καθάπερ
557 2579 652 2633 καὶ
689 2579 750 2632 τὸ
776 2579 1030 2650 ἔμπαλιν·
1071 2579 1214 2634 οῦτω
1241 2581 1335 2634 καὶ
1365 2583 1458 2634 ἐπὶ
1495 2582 1732 2653 Χριστοῦ
1754 2584 1848 2638 τοῦ

274 2672 540 2742 βασιλέως
575 2671 756 2742 πάσης
787 2672 890 2741 τῆς
926 2673 1062 2741 γῆς,
1102 2671 1162 2724 τὸ
1191 2672 1320 2725 αὐτὸ
1364 2672 1479 2726 ἔστι
1521 2675 1725 2741 λαϐεῖν,
1755 2677 1849 2730 καὶ

275 2763 457 2831 πολλῷ
489 2761 702 2831 μᾶλλον,
729 2764 812 2816 ὅτι
860 2763 968 2832 τῆς
987 2763 1310 2830 βασιλείας
1331 2765 1517 2819 αὐτοῦ
1541 2769 1652 2820 οὐκ
1681 2768 1850 2822 ἔσται

271 2853 472 2919 τέλος.
506 2855 567 2906 Et
595 2850 688 2907 οὖν
719 2855 778 2906 ἐν
826 2855 891 2925 τῇ
921 2854 1148 2924 ἀρνήσει
1190 2856 1290 2924 τῆς
1333 2856 1539 2918 εἰκόνος
1588 2859 1848 2930 Χριστοῦ,

274 2944 442 3000 αὐτόν
469 2945 736 3016 ἠρνῆσθαι
762 2946 998 3014 Χριστὸν
1021 2946 1396 3002 ἀποδέδεικται
1425 2949 1572 3021 πάσῃ
1599 2951 1849 3024 ἀληθείᾳ·

273 3035 520 3104 δηλονότι
569 3037 662 3088 καὶ
701 3036 760 3087 ὲν
806 3037 871 3106 τῇ
932 3036 1190 3105 ἀθετήσει
1242 3039 1343 3106 τῆς
1425 3043 1852 3112 προσκυνήσεως

1947 927 2216 994 Quoniam
2252 937 2459 991 autem,
2489 926 2698 980 Christi
2731 924 2924 978 armule
2952 924 3268 992 imperator,
3303 936 3441 990 quos
3470 920 3525 973 in

1947 1018 2140 1073 haeresi
2199 1033 2350 1072 mors
2393 1019 2696 1088 occupavit,
2755 1017 2790 1071 ii
2839 1018 2895 1070 in
2949 1015 3271 1084 perditionis
3317 1023 3527 1084 partem

1950 1111 2224 1173 abierunt,
2264 1111 2542 1165 Christum
2605 1117 2866 1176 negantes
2901 1107 3030 1162 dum
3073 1107 3193 1176 ejus
3233 1107 3530 1177 imaginem

1949 1211 2250 1274 negarunt,
2295 1203 2548 1273 quamvis
2573 1201 2872 1255 Christiani
2927 1200 3350 1269 appellarentur.
3404 1199 3532 1252 Cre-

1950 1295 2079 1349 dere
2105 1295 2249 1350 enim
2288 1295 2342 1348 in
2375 1294 2651 1348 Christum
2698 1293 2832 1346 nihil
2867 1292 3014 1347 aliud
3043 1302 3150 1354 est,
3186 1307 3348 1361 quam
3381 1291 3529 1360 quod

1949 1385 2123 1442 Filius
2164 1387 2255 1443 Dei
2295 1398 2349 1443 et
2374 1386 2578 1453 Patris,
2618 1385 2892 1457 perfectus
2952 1387 3118 1440 homo
3151 1383 3350 1447 factus,
3393 1384 3530 1438 ima-

1951 1478 2076 1550 gine
2096 1479 2422 1547 exprimitur
2447 1478 2750 1532 secundum
2792 1477 3209 1533 similitudinem
3237 1487 3482 1531 nostram
3511 1493 3527 1530 :

1952 1580 2148 1626 utnon
2177 1569 2250 1624 sit
2280 1570 2426 1624 aliud
2476 1569 2755 1639 quidpiam
2810 1583 2974 1637 quam
3007 1584 3198 1623 sumus
3237 1583 3336 1622 nos
3367 1585 3380 1621 :
3419 1582 3531 1620 ma-

1953 1677 2090 1736 nens
2116 1663 2258 1716 idem
2307 1662 2814 1731 incircumscriptus
2839 1676 2964 1715 cum
3003 1658 3163 1715 Patre
3196 1669 3253 1715 et
3297 1659 3528 1728 Spiritu,

1955 1765 2225 1826 quatenus
2265 1764 2350 1809 est
2408 1769 2571 1809 verus
2614 1753 2774 1810 Dens.
2824 1753 2916 1808 Sic
2955 1754 3140 1824 itaque
3189 1754 3526 1822 intelligatur

1953 1844 2218 1899 mediator
2241 1842 2335 1898 Dei
2359 1852 2413 1898 et
2449 1843 2753 1908 hominum,
2787 1852 3046 1912 tanquam
3074 1844 3358 1912 utriusque
3386 1853 3534 1898 utra-

1952 1951 2059 2006 que
2107 1935 2332 2000 habens,
2369 1944 2423 1991 et
2473 1936 2526 1990 in
2553 1937 2760 1990 utrovis
2802 1937 2950 1990 nulla
2997 1945 3151 2004 parte
3178 1935 3473 1989 destitutus
3513 1953 3528 1990 :

1953 2027 2098 2081 sicut
2131 2026 2308 2080 omnis
2333 2034 2645 2081 sanctorum
2679 2024 2900 2079 Patrum
2935 2025 3140 2079 chorus
3172 2023 3530 2081 vociferatur.

1952 2117 2020 2173 Et
2070 2117 2214 2174 sicut
2269 2118 2322 2172 in
2379 2118 2609 2184 imperio
2674 2127 2894 2181 vestro,
2946 2131 3221 2186 expressae
3274 2115 3527 2185 imaginis

1953 2209 2250 2278 susceptio,
2282 2207 2558 2263 confessio
2593 2217 2675 2263 est
2703 2204 2912 2278 imperii
2943 2207 3108 2264 vestri
3139 2223 3154 2270 ;
3188 2216 3244 2262 et
3281 2219 3470 2262 contra
3512 2220 3530 2260 :

1954 2301 2028 2356 ita
2056 2309 2112 2356 et
2141 2300 2195 2354 in
2228 2299 2446 2354 Christo
2481 2315 2606 2369 rege
2632 2301 2902 2355 universa:
2950 2307 3110 2353 terrae
3146 2299 3285 2353 idem
3315 2313 3534 2353 sumere

1954 2392 2101 2456 licet,
2119 2407 2182 2447 ac
2211 2392 2383 2446 multo
2403 2392 2593 2462 magis,
2614 2393 2743 2462 quia
2773 2392 2922 2462 regni
2943 2391 3055 2460 ejus
3079 2407 3183 2444 non
3211 2391 3312 2444 erit
3333 2391 3530 2459 ﬁnis”.

1956 2484 2013 2540 Si
2043 2499 2174 2555 ergo
2201 2483 2253 2537 in
2288 2483 2574 2553 negatione
2603 2482 2860 2552 imaginis
2892 2482 3116 2546 Christi,
3143 2482 3328 2550 negari
3361 2481 3526 2534 Chri-

1957 2585 2101 2630 stum
2135 2576 2336 2644 ipsum,
2369 2576 2517 2628 muni
2551 2574 2781 2628 veritate
2813 2573 3244 2628 demonstratum
3272 2581 3384 2636 est;
3414 2588 3537 2641 per-

1957 2671 2204 2739 spicuum
2254 2679 2339 2724 est
2366 2678 2420 2723 et
2451 2669 2506 2722 in
2537 2669 2876 2724 adorationis
2932 2668 3051 2737 ejus
3105 2668 3531 2736 improhatione,

1957 2759 2164 2814 Christi
2203 2773 2420 2828 quoque
2452 2757 2626 2825 ipsius
2648 2757 3025 2812 adorationem
3053 2757 3329 2826 abrOgari.
3357 2757 3536 2825 Atque

1958 2851 2079 2904 ideo
2107 2849 2362 2903 universa
2396 2863 2518 2918 quae
2539 2848 2642 2903 sub
2668 2849 2809 2903 ctelo
2838 2856 2942 2912 est,
2979 2849 3048 2902 ab
3073 2849 3191 2917 ipsa
3223 2848 3526 2916 apostolica

1959 2942 2362 3012 praedicatione,
2399 2951 2456 2996 ut
2491 2948 2721 2995 testatur
2745 2949 2800 2994 et
2827 2949 3084 3009 aspectus
3116 2955 3212 3009 per
3237 2941 3530 3008 picturam,

1959 3043 2012 3088 et
2048 3033 2268 3088 auditus
2306 3047 2404 3102 per
2453 3031 2652 3101 scripta
2687 3040 3067 3095 monumenta,
3109 3040 3354 3087 sanctam
3394 3031 3533 3085 ima-

273 3127 470 3195 αὐτῆς,
501 3126 662 3190 αὐτὸς
693 3126 924 3197 Χριστὸς
958 3126 1220 3197 ὴθὲτηται
1255 3132 1701 3199 προσκυνεῖσθαι.
1743 3135 1852 3188 Καὶ

1960 3124 2138 3195 ginem
2201 3123 2424 3190 Christi,
2483 3124 2747 3194 Deiparaa,
2804 3123 3124 3193 angelorum
3159 3122 3530 3193 (quandoqui-

273 3219 367 3272 διὰ
394 3218 551 3272 τοῦτο
583 3221 616 3288 ἡ
647 3219 738 3272 ὑπ’
776 3219 1004 3290 οὐρανὸν
1035 3220 1130 3273 ἀπ’
1164 3221 1329 3275 αὐτοῦ
1365 3223 1458 3276 τοῦ
1489 3226 1847 3282 ἁποστολικοῦ

1957 3218 2079 3273 dem
2111 3226 2164 3272 et
2196 3218 2280 3272 isti
2322 3233 2446 3272 cum
2493 3231 2728 3286 corpore
2779 3215 3078 3285 pinguntur
3133 3215 3321 3269 divino
3376 3229 3536 3268 man-

275 3309 654 3380 κηρύγματοςυ
682 3309 758 3373 ὼς
790 3313 1056 3382 μαρτυρεί
1097 3313 1191 3365 καὶ
1228 3315 1261 3382 ἡ
1291 3313 1414 3382 ὕψις
1457 3315 1522 3368 δι’
1567 3317 1810 3388 ἱστορίας
1833 3359 1848 3382 ,

277 3405 378 3456 καὶ
421 3403 454 3472 ἡ
491 3403 627 3469 ἀκοὴ
659 3401 746 3454 διὰ
777 3401 1168 3472 λογογραφίας*
1197 3404 1295 3475 τὴν
1323 3407 1485 3474 ἁγίαν
1513 3409 1698 3463 εἰκόνα
1725 3411 1854 3476 Χρι·

279 3492 436 3558 ᾳτοῦ,
465 3492 567 3560 τῆς
594 3492 892 3555 Θεοτόκου,
931 3493 1042 3545 τῶν
1075 3494 1344 3561 ἀγγέλων·
1379 3497 1565 3568 ἐπειδὴ
1600 3516 1851 3569 σωματο-

276 3583 619 3654 γραφοῦνται
654 3583 749 3636 καὶ
805 3577 952 3637 οῦτοι
1003 3582 1428 3651 θεοκελεύστως,
1463 3588 1668 3658 καίπερ
1699 3590 1852 3655 ὄντες

275 3675 585 3745 ἀσώματοι,
613 3675 723 3728 τῶν
750 3676 893 3728 κατά
922 3674 1112 3746 καιρὸν
1147 3675 1338 3743 ἁγίων,
1379 3677 1437 3730 ἐν
1460 3695 1519 3730 τε
1545 3683 1658 3745 τοῖς
1688 3681 1852 3747 θείοις

276 3767 456 3829 ναοῖς,
490 3766 584 3819 καὶ
619 3767 785 3835 ίεροῖς
815 3765 1034 3818 σκεύεσι
1067 3767 1307 3835 φέρουσά
1338 3770 1454 3821 ἐστι
1488 3772 1580 3823 καὶ
1615 3790 1856 3841 προσκυ-

277 3857 471 3910 νοῦσα.
515 3856 630 3910 Κᾶν
681 3855 807 3925 ἄρτι
845 3859 877 3924 ὴ
923 3857 1046 3910 καθ’
1089 3859 1239 3928 ἡμᾶς
1295 3859 1590 3928 Ἐκκλησία
1633 3863 1858 3935 διαρρα-

276 3952 446 4016 γείσα
465 3949 572 4001 τῶν
602 3951 886 4018 τεσσάρων
907 3950 1286 4021 πατριαρχῶν,
1313 3951 1555 4021 ὴνόμησε
1577 3954 1853 4026 διακενῆς.

292 4041 457 4095 Ἀλλά
514 4042 630 4095 νῦν
669 4041 874 4110 καιρὸς
914 4041 1356 4109 εὐπρόσδεκτος
1378 4083 1393 4104 ,
1424 4044 1662 4101 δέσποτα
1704 4048 1857 4116 φιλο-

275 4132 633 4205 χριστότατε·
676 4135 796 4187 νῦν
838 4133 1028 4202 ήμέρα
1073 4135 1408 4201 σωτηρίας,
1453 4136 1860 4209 καταλλαγῆναι

1957 3310 2106 3374 dato,
2160 3309 2286 3363 licet
2327 3309 2436 3363 sint
2481 3309 2836 3376 incorporei),
2875 3315 2931 3362 et
2975 3316 3293 3360 sanctorum
3327 3306 3420 3375 qui
3450 3306 3536 3360 di-

1955 3403 2130 3457 versis
2175 3402 2511 3471 temporibus
2567 3400 2809 3464 fuerunt,
2859 3398 2914 3452 in
2966 3397 3168 3452 divinis
3197 3396 3415 3465 templis
3448 3409 3537 3448 sa-

1957 3494 2175 3562 crisque
2221 3493 2364 3546 vasis
2405 3492 2545 3562 gerit
2591 3501 2643 3546 et
2672 3491 2888 3545 adorat.
2935 3487 3202 3556 Quamvis
3228 3502 3403 3556 nuper
3428 3487 3537 3540 Ec-

1955 3587 2120 3640 clesia
2185 3593 2368 3639 nostra
2424 3599 2455 3664 ιι
2509 3594 2744 3652 quatuor
2791 3579 3117 3652 patriarchis
3162 3578 3396 3643 divulsa,
3441 3593 3539 3634 nec

1960 3679 2256 3748 quidquam
2307 3677 2659 3746 praevaricata
2693 3683 2797 3730 est.
2835 3671 2942 3729 sed
2973 3689 3112 3726 nunc
3151 3680 3351 3741 tempus
3385 3687 3538 3725 acce-

1958 3769 2174 3839 ptabile,
2242 3769 2470 3823 Domine
2522 3766 2730 3822 Christi
2785 3765 3184 3830 amantissime,
3235 3780 3370 3818 nunc
3422 3763 3539 3818 dies

1961 3860 2152 3916 salutis
2175 3860 2219 3892 ¹⁸
2255 3879 2268 3914 :
2308 3871 2369 3914 ut
2419 3860 2837 3915 recenciliemur
2868 3873 2969 3912 nos
3003 3857 3245 3922 Christo,
3305 3857 3534 3925 auspice

1961 3961 2017 4007 et
2049 3953 2400 4008 conciliatore
2445 3963 2636 4023 pacato
2666 3951 2898 4020 imperio
2929 3957 3024 4002 tuo
3057 3965 3072 4002 :
3133 3956 3194 4003 ut
3273 3949 3540 4000 uniamur

1963 4061 2068 4100 nos
2115 4044 2306 4098 vertici
2343 4043 2710 4098 Ecclesiarum
2769 4042 2862 4096 Dei
2916 4040 3125 4103 Romae,
3165 4047 3220 4093 et
3270 4053 3364 4108 per
3413 4051 3536 4089 eam

1963 4137 2136 4192 tribus
2197 4133 2563 4204 patriarchis:
2603 4142 2665 4188 ut
2697 4133 3034 4187 unanimiter
3062 4147 3173 4185 uno
3203 4144 3300 4183 ore
3329 4126 3537 4198 gloriﬁ-

272 4225 433 4295 ἡμᾶς
465 4224 716 4294 Χριστῷ,
751 4227 815 4295 τῇ
861 4224 1111 4294 μεσιτείᾳ
1155 4228 1251 4278 καὶ
1291 4225 1512 4299 εὐδοκία
1541 4228 1638 4298 τῆς
1673 4232 1852 4301 εἰρην-

1960 4243 2151 4284 cemus
2182 4226 2351 4284 Deum
2386 4235 2441 4284 et
2485 4226 2701 4282 Patrem
2749 4225 2965 4280 Domini
2996 4224 3167 4280 nostri
3213 4221 3343 4277 Jesu
3377 4220 3540 4276 Chri-

274 4316 454 4384 ἀρχου
503 4332 598 4367 σου
653 4314 967 4383 βασιλείας·
1017 4315 1287 4384 ἑνωθῆναι
1335 4319 1486 4386 ἡμᾶς
1533 4322 1599 4390 τῇ
1637 4325 1854 4394 κορυφῇ

274 4403 395 4458 τῶν
435 4403 771 4474 Ἐκκλησιῶν
795 4404 887 4456 τοῦ
909 4403 1045 4457 Θεοῦ
1086 4404 1297 4476 Ῥώμῃ·
1331 4406 1426 4458 καὶ
1451 4405 1521 4459 δι’
1549 4409 1720 4479 αὐτῆς
1746 4412 1859 4472 τοῖς

1959 4319 2052 4384 sti,
2109 4333 2236 4375 cum
2292 4317 2436 4373 Filio
2468 4327 2524 4373 et
2568 4317 2774 4388 Spiritu
2834 4323 3048 4378 sancto,
3095 4314 3432 4370 celebrantes
3483 4317 3541 4365 et

1959 4421 2201 4468 vestrum
2237 4412 2544 4483 piissimum
2579 4421 2632 4466 et
2666 4410 2825 4466 valde
2873 4408 3115 4480 optabile
3153 4405 3486 4476 imperium;

273 4497 433 4566 τρισὶ
461 4498 866 4568 πατριάρχαις·
901 4497 986 4550 ἵνα
1031 4497 1376 4566 ὁμοθυμαδὸν
1421 4501 1479 4552 ὲν
1517 4501 1619 4559 ἑνὶ.
1658 4504 1888 4572 στόματι
1922 4504 2236 4578 δοξάζωμεν
2270 4508 2362 4560 τὸν
2393 4505 2529 4560 Θεὸν
2574 4506 2670 4558 καὶ
2722 4505 2945 4574 Πατέρα
2991 4499 3089 4555 τοῦ
3131 4499 3337 4570 Κυρίου
3380 4496 3540 4567 ήμῶν

293 4589 475 4659 Ἰησοῦ
522 4589 793 4662 Χριστοῦ,
839 4589 938 4642 σῦν
1013 4589 1092 4660 τῷ
1125 4589 1239 4660 Υίῷ
1269 4591 1364 4644 καί¹
1412 4592 1693 4656 Πνεύματι
1766 4595 1928 4669 ἁγίῳο
1967 4600 2364 4670 μεγαλύνοντες
2400 4599 2498 4653 καὶ
2533 4597 2631 4668 τὴν
2674 4597 2950 4668 ὑμετέραν
2993 4591 3398 4661 εὐσεϐεστάτην
3447 4589 3542 4643 καὶ

277 4688 615 4742 πολύευκτον
644 4687 946 4757 βασιλείαν.

490 4822 612 4874 OE'.
636 4848 707 4860 —
726 4817 1006 4888 Στεφάνῳ
1047 4817 1426 4886 Ἀσηκρῆτιςο
1457 4817 1644 4894 [Utta-1

2285 4819 2496 4876 LXXV.
2523 4847 2593 4860 —
2626 4817 2892 4886 Stephano
2919 4833 2952 4870 α
2979 4815 3202 4871 Secretis

275 4939 360 4994 De
393 4933 574 4985 Leonis
610 4935 814 4985 Armeni
855 4947 997 4984 nece.
1033 4935 1263 4995 Quaedam
1293 4936 1476 5002 deinde
1515 4949 1603 4997 pro
1647 4939 1939 4991 defensione
1961 4941 2230 5002 imaginum
2256 4953 2268 4988 :
2293 4943 2455 5000 utque
2511 4937 2794 4998 Stephanus
2834 4934 2930 4986 iste
2961 4932 3345 4985 orthodoxorum
3383 4946 3543 4986 causa

1427 4997 1585 5046 faveat
1616 5002 1744 5060 apud
1771 5015 1954 5052 novum
1977 4997 2351 5063 imperatorem.

354 5105 427 5158 Σὺ
477 5105 595 5172 μὲν,
626 5121 672 5155 ω
703 5102 958 5170 φιλότης,
1003 5103 1458 5172 προσηγόρευσας
1496 5105 1648 5173 ἡμᾶς
1688 5105 1852 5158 πάλαι

2033 5106 2112 5160 Τιι
2179 5104 2424 5174 quidem,
2473 5101 2666 5163 amice,
2725 5099 2935 5154 salvere
2989 5113 3090 5152 nos
3143 5097 3272 5151 olim
3316 5095 3533 5164 jussisti

279 5199 373 5254 διὰ
422 5199 604 5267 φωνῆς
637 5197 731 5252 τοῦ
780 5194 1148 5268 φρουροῦντος
1195 5197 1364 5265 ἡμᾶς·
1414 5189 1476 5248 οῦ
1525 5197 1857 5268 ῥυσθείημεν

280 5291 583 5360 ἀμφότεροι
611 5291 708 5360 τῆς
737 5289 954 5357 μανίας.
997 5287 1258 5356 Ἐπείπερ
1290 5287 1438 5340 ἐστὶν
1489 5288 1858 5358 ὑπερϐαλλόν-

282 5400 394 5445 τως
449 5382 628 5445 πνέων
668 5381 899 5450 ἀπειλῆς
947 5381 1042 5432 καὶ
1089 5377 1262 5450 θυμοῦ
1303 5381 1383 5443 εἰς
1417 5380 1544 5442 τοὺς
1588 5380 1854 5443 εὐσεϐεῖς·

281 5474 503 5544 δεσμῶν
533 5491 591 5526 τε
640 5476 733 5527 καὶ
777 5472 1050 5543 φρουρῶν,
1085 5471 1314 5535 αἰκίζων
1367 5489 1426 5524 τε
1489 5471 1586 5524 καὶ
1638 5471 1859 5542 πορθῶν

283 5573 386 5640 τὰς
421 5571 716 5642 ἐκκλησίας
759 5568 855 5632 τοῦ
890 5567 1025 5623 Θεοῦ
1079 5570 1178 5622 σὺν
1218 5568 1371 5640 πάσῃ
1401 5566 1720 5638 βλασφημίᾳ
1764 5565 1858 5620 καὶ

285 5664 577 5734 παροινίᾳ⁹
611 5663 686 5726 ὡς
732 5663 832 5716 οὐκ
877 5657 974 5714 οἶδ’
1008 5661 1060 5714 εῑ
1099 5677 1182 5723 τις
1209 5658 1364 5720 ἄλλος
1395 5659 1505 5711 τῶν
1538 5659 1596 5710 ὲν
1632 5657 1858 5729 ἀσεϐείᾳ

365 5780 411 5819 ⁸⁵
443 5778 574 5835 Luc.
636 5795 673 5845 ι,
711 5779 778 5836 68
839 5777 928 5834 69.
1008 5778 1050 5811 ¹⁶
1079 5776 1206 5834 Ose.
1231 5793 1305 5842 τι,
1344 5775 1400 5844 2,
1434 5777 1489 5832 3.

1966 5197 2114 5252 illius
2155 5209 2253 5250 ore
2296 5209 2326 5247 a
2367 5207 2478 5262 quo
2507 5192 2707 5261 captivi
2756 5199 3006 5244 tenemur
3040 5207 3054 5242 :
3096 5204 3126 5242 a
3156 5187 3318 5256 cujus
3355 5186 3541 5239 furore

1966 5290 2173 5344 utinam
2200 5287 2361 5341 ambo
2386 5286 2700 5340 liberemur.
2751 5283 2962 5354 Quippe
3014 5281 3191 5336 minas
3219 5295 3382 5346 supra
3416 5293 3540 5331 mo-

1964 5381 2097 5435 dum
2149 5379 2398 5448 iramque
2450 5377 2623 5446 spirat
2653 5377 2710 5430 in
2750 5391 2847 5430 eos
2877 5373 2971 5443 qui
3015 5375 3268 5442 pietatem
3301 5369 3486 5423 colunt
3522 5386 3538 5422 :

1963 5471 2020 5524 in
2055 5469 2274 5524 vincula
2305 5470 2696 5536 custodiasque
2726 5466 3050 5535 conjiciens,
3082 5462 3320 5524 caedens,
3377 5467 3544 5527 atque

1962 5563 2236 5619 Ecclesias
2283 5562 2376 5617 Dei
2427 5571 2670 5624 vastans,
2720 5575 2844 5616 cum
2901 5557 3051 5612 omni
3096 5553 3450 5624 blasphemia:
3486 5559 3543 5606 et

1963 5656 2308 5714 contumelia:
2354 5671 2598 5726 genere:
2640 5652 2916 5724 quomodo
2964 5650 3108 5705 haud
3149 5649 3263 5705 scio
3299 5661 3367 5701 an
3400 5646 3542 5701 alius

1569 5775 1610 5807 "
1640 5774 1772 5832 Luc.
1808 5791 1848 5844 ι,
1873 5775 1962 5832 ⁸55.
2043 5772 2086 5806 η
2118 5770 2159 5828 ll
2192 5769 2316 5827 Cor.
2354 5786 2428 5835 vr,
2454 5770 2512 5828 2.
