4054 6364
559 339 693 404 1311

1720 341 1784 403 S.
1825 339 2223 403 THEODORI

2292 339 2644 402 STUDIT/E
3693 335 3838 403 1312

554 448 732 518 egerit
757 463 948 504 eorum
981 447 1078 520 qui
1133 448 1412 521 impietate
1444 448 1642 508 famosi
1691 449 1972 506 exstitere.
2023 449 2137 520 Ego

2247 447 2731 518 κατεγνωσμένων.
2773 445 2918 514 Ἐγὼ
2941 445 3012 500 -δέ
3047 463 3145 500 σου
3175 445 3388 501 ἐπαινῶ
3418 444 3481 499 τὸ
3500 443 3828 515 φιλόσοφον·

551 558 682 599 vero
715 542 956 597 animum
1012 551 1169 598 tuum
1212 543 1654 614 philosophicum
1713 541 1897 608 laudo,
1931 542 2136 612 etqui-

553 634 677 688 dem
706 635 831 705 jure
852 635 1081 704 optimo.
1112 634 1249 690 Nam
1279 635 1591 706 philosophi
1630 634 1755 702 fuit,
1786 649 1934 702 eam,
1966 650 2135 706 quam

551 727 684 793 scis,
720 726 866 797 apud
897 727 1284 797 imperatorem
1320 729 1560 783 edidisse
1591 743 1805 796 vocem,
1838 728 2056 798 aliaque
2079 733 2138 782 et

551 819 780 884 dixisse,
812 827 867 874 et
901 820 1152 874 molitum
1189 834 1309 874 esse
1339 834 1440 889 pro
1482 819 1835 875 restitutione
1865 819 2134 876 Ecclesize

555 921 759 965 nostra:
783 911 1059 982 collapsre.
1082 911 1147 965 Et
1173 927 1307 967 sane
1332 913 1577 982 oportuit
1606 913 1909 982 sapientem
1931 916 2134 978 virum,

551 1003 710 1074 cujus
743 1004 916 1073 pictas
950 1015 1234 1073 perspecta
1262 1014 1427 1070 esset,
1455 1005 1506 1059 id
1539 1017 1799 1076 priestare
1840 1006 1988 1076 quod
2019 1015 2135 1062 tum

551 1113 583 1152 e
619 1113 678 1151 re
727 1111 825 1151 sua
884 1105 1024 1162 erat,
1060 1107 1174 1151 tum
1229 1112 1261 1152 e
1309 1112 1368 1154 re
1419 1099 1586 1154 totius
1622 1100 1874 1170 corporis
1906 1099 2132 1165 Christi,

551 1191 698 1260 quod
741 1189 911 1244 draco
949 1190 1039 1244 ille
1088 1205 1323 1261 magnus
1365 1192 1706 1260 dilaceravit,
1744 1194 1838 1248 ille
1863 1204 2136 1264 apostata,

553 1283 644 1336 ille
671 1291 954 1338 tortuosus
984 1284 1202 1352 anguis,
1237 1285 1327 1341 ille
1361 1285 1687 1341 Antichristi
1717 1301 2046 1356 prtecursor,
2074 1302 2138 1342 us

553 1372 828 1442 impurum
869 1383 924 1428 et
984 1376 1300 1441 scelestum,
1351 1376 1442 1432 ille
1485 1377 1578 1446 qui
1629 1393 1796 1446 supra
1843 1393 2006 1432 omne
2041 1376 2138 1433 Dei

553 1466 815 1534 templum
841 1466 1123 1522 extollitur
1146 1470 1212 1533 ‘9,
1270 1484 1426 1524 mens
1478 1469 1567 1523 illa
1593 1469 1841 1540 Assyria,
1889 1469 2141 1523 barbari-

552 1572 652 1610 cus
677 1557 770 1610 ille
799 1557 1053 1623 abortus,
1107 1573 1306 1614 manus
1370 1559 1461 1614 illa
1492 1559 1671 1630 qualis
1724 1557 1960 1630 Rapsaci
2011 1557 2136 1626 fuit,

552 1647 690 1702 illud
717 1663 815 1704 cor
853 1649 960 1703 Deo
1004 1660 1372 1720 exsecratum,
1425 1651 1516 1706 ille
1587 1659 1738 1708 totus
1779 1664 2021 1721 quantus
2053 1660 2140 1707 est

555 1736 774 1794 Satanae
800 1741 1089 1810 minister;
1139 1758 1259 1810 nec,
1296 1743 1499 1814 quibus
1530 1745 1712 1800 verbis
1753 1756 1962 1815 pestem
1998 1746 2140 1800 hanc

555 1831 633 1886 uti
661 1845 903 1888 meretur
927 1835 1259 1900 describam,
1295 1837 1430 1890 satis
1469 1837 1584 1893 scio
1617 1855 1632 1892 :
1670 1853 1795 1892 cum
1827 1838 2016 1893 multis
2043 1853 2142 1908 ap-

552 1924 746 1994 pellari
775 1927 1094 1982 nominibus
1135 1929 1312 1998 possit
1353 1928 1550 1984 nefarii
1590 1930 1830 1986 hominis
1863 1931 2136 2000 impietas.

553 2015 661 2073 Sed
699 2019 926 2074 alterius
957 2021 1225 2090 temporis
1280 2021 1449 2076 fuerit
1505 2023 1608 2078 ista
1655 2038 1938 2079 enarrare.
1981 2023 2141 2080 Nunc

552 2118 738 2166 autem
769 2112 904 2166 mihi
941 2113 1086 2168 istud
1114 2112 1280 2177 refer,
1311 2129 1344 2168 ο
1370 2115 1862 2182 desideratissime,
1901 2132 2138 2187 quomo-

551 2201 645 2265 do,
681 2211 956 2257 transacta
1010 2203 1190 2258 hieme
1221 2246 1237 2270 ,
1288 2205 1592 2268 perfectum
1641 2223 1738 2263 ver
1769 2225 1877 2263 non
1903 2219 2009 2276 est,
2043 2209 2140 2266 sed

551 2302 766 2348 tantum
812 2295 997 2350 brevis
1026 2297 1276 2366 quaedam
1317 2299 1609 2365 serenitas,
1642 2316 1707 2356 ac
1739 2318 2016 2373 prosperae
2045 2325 2143 2363 na-

551 2386 844 2455 vigationis
872 2403 998 2458 spes
1025 2388 1312 2461 aii‘ulgens.
1341 2389 1486 2462 Ignis
1514 2394 1824 2452 eXStinctus
1855 2406 1940 2453 est
1964 2418 1978 2454 :
2009 2400 2140 2470 quid

553 2477 734 2531 adhuc
767 2475 906 2531 fumi
938 2479 1210 2548 reliquum
1237 2481 1370 2535 est?
1400 2480 1644 2536 Rursum
1691 2498 1948 2555 exsurge,
1993 2489 2144 2544 desi-

552 2569 762 2623 derium
795 2585 1002 2636 meum,
1055 2571 1253 2628 fortius
1290 2573 1516 2640 dimica,
1548 2575 1758 2632 Christi
1805 2582 2138 2638 membrum.

550 2662 671 2718 Non
703 2665 897 2720 videtis
927 2665 1178 2735 impium,
1213 2676 1271 2721 ut
1295 2667 1418 2738 igne
1442 2678 1706 2734 torretur,
1739 2675 2022 2741 quomodo
2051 2691 2143 2730 ce-

551 2758 745 2811 ciderit
772 2768 1018 2828 caputet
1045 2761 1196 2815 dictu
1233 2770 1287 2816 et
1309 2763 1500 2816 auditu
1538 2765 1990 2820 exsecrandum?
2024 2766 2143 2824 Nisi

553 2866 654 2906 nos
683 2851 846 2922 hujus
877 2852 1120 2908 ,exitium
1171 2855 1538 2924 sapientiores
1588 2858 1799 2923 reddat,
1852 2861 2036 2930 inquit
2081 2878 2144 2918 os

555 2944 688 2998 illud
711 2961 966 3010 aureum,
1000 2947 1122 3016 quis
1152 2947 1330 3002 nostri
1359 2949 1553 3004 deinde
1585 2950 1979 3007 miserebitur?
2020 2953 2140 3009 Non

551 3037 982 3107 evigilabimus?
1007 3055 1114 3094 non
1141 3039 1536 3110 intelligemus,
1570 3043 1676 3097 nisi
1701 3043 1960 3101 Christus
1981 3061 2137 3116 spre-

554 3145 607 3186 ta
645 3131 817 3202 ipsius
843 3142 1035 3188 sancta
1080 3133 1322 3205 imagine
1369 3145 1685 3206 negaretur,
1742 3155 2024 3209 nunquam
2059 3139 2143 3196 fu-
2170 3161 2214 3218 ο

556 3232 738 3276 turum
768 3222 936 3278 fuisse
964 3234 1022 3278 ut
1055 3224 1312 3294 imaginis
1357 3237 1793 3298 contemptorem
1827 3232 1908 3285 sic
1947 3233 2142 3299 perde-

555 3315 670 3369 ret?
702 3316 895 3370 Audite
952 3318 1084 3382 haec,
1119 3335 1296 3372 omnes
1337 3332 1511 3388 gentes
1540 3335 1560 3373 :
1600 3322 1820 3375 auribus
1860 3325 2134 3393 percipite,

2236 541 2331 596 xui.
2359 542 2506 614 μάλα
2551 539 2798 604 εἰκότως.
2822 541 3120 611 Φιλόσοφον
3150 544 3260 612 γὰρ
3287 542 3348 596 τὸ
3380 542 3544 615 ῥῆξαί
3580 558 3644 596 σε
3703 559 3824 611 φωο

2235 634 2332 704 νην
2371 634 2465 687 ἐπὶ
2495 631 2590 686 τοῦ
2619 633 2855 704 κράτους
2876 632 2944 704 ἠν
2995 629 3166 698 οἶδας·
3197 637 3268 689 τά
3312 652 3374 688 τε
3407 633 3574 688 λοιπά
3601 651 3698 687 σου
3730 633 3834 688 λα·-

2235 723 2454 796 λήματά
2517 741 2575 777 τε
2635 724 2732 778 καὶ
2799 725 3197 796 σπουδάσματα
3267 727 3410 798 ὑπὲρ
3469 725 3838 799 ἀνακλήσεως

2234 817 2334 887 τῆς
2366 815 2721 879 πεπτωκυίας
2753 815 2878 872 καθ’
2913 817 3064 887 ἡμᾶς
3089 817 3444 889 Ἐκκλησίας.
3497 820 3613 873 Καὶ
3659 819 3836 884 ὅντως

2237 908 2346 962 ἔδει
2378 909 2468 962 τὸν
2501 908 2662 977 σοφὸν
2689 908 2878 980 ἄνδρα,
2911 911 3006 964 καὶ
3033 910 3438 980 διεγνωσμένον
3468 912 3528 964 ὲν
3551 911 3836 982 εὐσεϐείᾳ,

2236 1000 2395 1054 τοῦτο
2438 1001 2592 1073 δρᾷνθ
2630 1001 2770 1072 πρός
2797 1019 2858 1054 τε
2889 1002 2950 1056 τὸ
2991 1005 3192 1056 οἰκεῖον
3235 1003 3545 1073 συμφέρον,
3593 1005 3691 1057 καὶ
3738 1003 3836 1056 τοῦ

2238 1094 2361 1147 ὅλου
2390 1095 2645 1165 σώματος
2665 1095 2930 1166 Χριστοῦ·
2953 1096 2982 1148 ὃ
3007 1096 3255 1168 διέτεμεν
3278 1097 3307 1150 6
3335 1096 3554 1167 δράκων
3577 1099 3608 1150 6
3633 1097 3836 1166 μέγας,

2238 1184 2266 1237 ό
2308 1186 2641 1252 ἀποστάτης,
2689 1187 2717 1239 6
2771 1185 2985 1251 σκολιὸς
3031 1187 3195 1258 δφις,
3235 1187 3299 1243 τὸ
3336 1188 3682 1259 προεισόδιον
3741 1185 3840 1241 τοῦ

2241 1277 2656 1352 Ἀντιχρίστου,
2697 1280 2730 1348 ἡ
2777 1282 2950 1352 μιαρὰ
2999 1281 3096 1333 καὶ
3141 1279 3468 1351 βλάσφημος
3502 1279 3762 1348 γλῶσσα,
3807 1279 3843 1332 6

2242 1349 2680 1440 ὑπεραιρόμενος
2718 1349 2811 1424 ἐπὶ
2847 1349 3028 1425 πάντα
3059 1349 3186 1426 ναόν
3419 1373 3448 1426 6
3477 1371 3605 1434 νοῦς
3632 1373 3661 1424 6
3709 1373 3842 1424 Ἀσ-

2243 1459 2468 1532 σύριος,
2518 1462 2579 1514 τὸ
2621 1462 2958 1534 βαρϐαρικὸν
3003 1463 3296 1534 έκτρωμα,
3354 1464 3388 1534 ἡ
3436 1463 3842 1533 Ῥαψακοειδὴς

2240 1557 2364 1627 χεὶρ
2389 1600 2402 1620 ,
2436 1558 2468 1627 ἡ
2504 1556 2909 1630 θεοκατάρατος
2955 1556 3190 1628 καρδία,
3221 1559 3250 1611 6
3287 1557 3564 1627 όλόσωμος
3596 1555 3692 1609 τοῦ
3731 1558 3841 1607 Σα-

2239 1651 2380 1703 τανᾶ
2407 1651 2706 1721 ὑπηρέτης⁸
2741 1654 2834 1706 καὶ
2861 1652 2964 1705 οὐκ
2997 1646 3137 1705 οἷδ⁹ὃ
3160 1668 3212 1704 τι
3243 1652 3438 1722 φράσω
3481 1651 3710 1716 ἐπάξιον
3738 1649 3836 1702 τοῦ

2243 1743 2526 1813 ἀλιτηρίου
2560 1742 2884 1815 κωμῴδημα
2905 1763 2918 1775 ·
2949 1743 3041 1797 διὰ
3081 1743 3184 1815 τὴν
3215 1743 3573 1813 πολυώνυμον
3603 1742 3701 1795 τοῦ
3747 1742 3842 1805 ἑξ·-

2174 1809 2214 1864 B
2245 1809 2472 1896 αγίστου
2509 1809 2967 1904 ἀσέὸειαν.”Πλην
2992 1809 3154 1888 ἂλλοῦ
3195 1834 3397 1904 χρόνου
3424 1809 3490 1886 τδ
3513 1832 3694 1887 ταῦτα
3715 1833 3840 1885 διαο

2249 1926 2502 1995 στείχειν.
2535 1925 2650 1978 Νῦν
2675 1926 2730 1978 δέ
2763 1944 2853 1997 μοι
2877 1926 3035 1980 τοῦτο
3066 1925 3241 1994 λέξον,
3270 1920 3315 1980 ὦ
3347 1926 3652 1996 τριπόθητε
3675 1968 3693 1992 ,
3721 1925 3841 1990 πῶς

2245 2018 2340 2072 τοῦ
2391 2017 2659 2088 χειμῶνος
2709 2020 3074 2090 παρελθόντος
3118 2021 3180 2074 οὐ
3231 2020 3422 2074 τέλεον
3454 2021 3592 2088 ἔαρ,
3636 2018 3758 2071 ἀλλ’
3803 2017 3839 2089 ἢ

2249 2110 2412 2180 μόνον
2452 2111 2754 2181 καλλιωρία
2793 2128 2898 2176 τις,
2930 2113 3027 2164 καὶ
3057 2111 3426 2182 ἁπαυγασμὸς
3459 2109 3841 2180 εῦπλοήσεως.

2248 2204 2322 2257 Τὸ
2370 2203 2484 2275 πῦρ
2515 2203 2805 2258 έσϐεσται’
2841 2205 2893 2258 τί
2942 2205 3023 2259 ἔτι
3070 2205 3355 2267 καπνῶδες
3403 2204 3841 2267 ὑπολέλειπταις

2249 2293 2519 2365 Κινήθητι
2544 2294 2658 2358 ἔτι,
2689 2294 2913 2364 πόθημα
2936 2295 3088 2365 ἐμόν’
3117 2294 3440 2363 διαγώνισαι
3475 2295 3706 2364 μᾶλλον,
3741 2293 3842 2363 μὲ-

2247 2383 2336 2449 λος
2365 2385 2627 2457 Χριστοῦ.
2661 2386 2774 2456 Οὐχ
2802 2386 2966 2454 ὁρᾶτε
3004 2385 3098 2440 τὸν
3122 2386 3562 2454 ἁσεϐοκαύστην,
3591 2383 3709 2438 οἷον
3745 2385 3845 2438 πέο

2248 2495 2489 2542 πτωκεν,
2513 2479 2775 2543 ἐξαίσιον,
2808 2481 2902 2533 καὶ
2932 2477 3286 2550 λαλούμενον,
3323 2480 3418 2534 καὶ
3458 2480 3840 2548 ἀκουόμενονς

2260 2569 2387 2622 Ἐὰν
2420 2571 2448 2622 ὁ
2479 2569 2633 2622 τοῦδε
2675 2569 2896 2640 ὄλεθρος
2923 2571 2986 2624 οῦ
3033 2570 3344 2643 σωφρονίσῃ
3387 2572 3537 2640 ἡμᾶς
3557 2613 3572 2630 ,
3613 2571 3787 2641 φησὶν
3813 2570 3843 2622 6

2247 2661 2688 2733 Χρυσορῤήμων,
2730 2663 2813 2727 τίς
2846 2665 3034 2718 λοιπὸν
3075 2665 3288 2732 ἐλεήσει
3332 2667 3512 2736 ήμᾶςς
3554 2666 3674 2718 Οὐκ
3705 2667 3840 2718 ανα-

2247 2753 2531 2824 νήψομενς
2573 2755 2673 2809 οὐκ
2707 2757 3034 2827 ἐννοήσομεν
3062 2758 3145 2811 ὅτι
3173 2760 3222 2811 εἰ
3258 2757 3334 2828 μὴ
3361 2758 3602 2828 Χριστὸς
3635 2759 3842 2828 ἠρνητο

2246 2845 2618 2917 ἀθετουμένης
2665 2847 2833 2900 αὑτοῦ
2865 2850 2968 2919 τῆς
3015 2850 3180 2917 ἁγίας
3211 2849 3454 2914 εἰκόνος,
3498 2851 3601 2902 οὐκ
3639 2850 3708 2902 ἂν
3750 2850 3844 2902 τιν

2247 2938 2448 3008 ταύτης
2513 2939 2778 3011 ὑϐριστὴν
2837 2940 3014 3003 οὕτως
3067 2942 3442 3012 ὠλεθρίωσεν;
3505 2941 3844 2995 Ἀκούσατε

2247 3031 2453 3093 ταῦτα,
2467 3031 2663 3086 πάντα
2684 3036 2755 3089 τὰ
2776 3033 2947 3102 ἒθνηο
2961 3035 3350 3096 ἐνωτίσασθε.
3371 3033 3600 3098 πάντες
3619 3035 3677 3086 οι
3707 3049 3844 3086 κατ-

2247 3124 2558 3191 οικοῦντες
2605 3126 2720 3195 τὴν
2755 3126 3144 3197 οἰκουμένην,
3179 3127 3232 3180 τι
3275 3127 3501 3196 γέγονεν
3553 3128 3612 3179 ὲν
3675 3127 3843 3196 Γραι·

2247 3220 2386 3280 κοῖς.
2416 3219 2530 3289 Πρὸ
2564 3220 2658 3273 τοῦ
2700 3219 3070 3290 ’Λντιχρίστου
3131 3220 3524 3291 Ἀντίχριστοςο
3573 3219 3725 3290 ἤρθη
3749 3217 3844 3286 ἀφ’

2249 3308 2408 3380 ἡμῶν
2437 3311 2498 3363 τὸ
2532 3314 2759 3382 σημεῖον
2789 3313 2887 3383 τῆς
2917 3312 3199 3383 βασιλείας
3231 3313 3324 3367 τοῦ
3356 3312 3625 3384 Χριστοῦ.

555 3421 730 3459 omnes
759 3408 850 3476 qui
879 3407 1135 3462 habitatis
1175 3410 1352 3462 orbem
1369 3411 1438 3473 ὀ,
1469 3411 1601 3480 quid
1625 3411 1771 3481 apud
1833 3412 2054 3470 Graecos
2110 3419 2388 3474 acciderit.
2454 3420 2597 3476 Ante
2653 3422 3056 3478 Antichristum
3102 3423 3481 3479 Antichristus
3517 3441 3534 3479 :
3591 3431 3842 3493 ereptum

556 3500 719 3554 nobis
750 3500 903 3568 regni
927 3499 1134 3555 Christi
1169 3501 1412 3570 signum.

625 3591 763 3645 Nam
823 3591 869 3646 si
899 3594 1044 3648 istud
1080 3595 1227 3661 quod
1269 3602 1354 3648 est
1403 3594 1577 3664 ipsius
1632 3593 1825 3652 formae
1869 3613 2147 3668 corporea;

558 3683 934 3747 simulacrum,
995 3685 1140 3754 apud
1181 3700 1282 3740 nos
1322 3702 1432 3740 non
1464 3669 1691 3757 apparet
1727 3691 1911 3746 crucis
1958 3700 2147 3762 typum

557 3776 731 3845 capite
769 3791 1000 3846 gerens;
1033 3778 1129 3832 sed
1169 3794 1338 3831 mmm
1368 3779 1640 3848 rejicitur,
1680 3781 1912 3836 alterum
1949 3785 2151 3838 admit-

558 3867 724 3931 titur;
771 3867 981 3922 divisus
1020 3878 1105 3923 est
1146 3867 1398 3924 Christus
1430 3889 1444 3925 :
1495 3872 1580 3926 vel
1620 3872 1806 3941 potius
1843 3871 2150 3943 despicitur

557 3975 650 4014 rex
717 3962 810 4030 qui
861 3954 1142 4016 diaboluin
1199 3961 1522 4031 interemit;
1585 3965 1803 4020 hastam
1850 3981 1982 4022 vero
2038 3982 2150 4037 qua

560 4053 772 4106 hostem
799 4053 1062 4120 confodit,
1099 4068 1224 4122 qua:
1252 4062 1338 4108 est
1385 4054 1565 4124 ipsius
1601 4057 1874 4124 potentia,
1903 4057 2152 4126 alligavit

559 4145 708 4215 regia
765 4154 1040 4214 potestas;
1091 4161 1216 4200 eum
1267 4147 1364 4216 qui
1415 4147 1708 4213 interemit,
1761 4148 1880 4217 pari
1920 4148 2150 4206 victoria

559 4252 685 4290 cum
714 4251 782 4291 eo
815 4238 908 4306 qui
950 4248 1266 4308 peremptus
1287 4249 1394 4301 est,
1430 4247 1693 4308 tanquam
1727 4241 1940 4297 hostem
1972 4242 2149 4313 subji-

560 4331 711 4383 ciens
739 4348 751 4382 :
778 4329 938 4392 Audi,
966 4329 1174 4393 calum,
1196 4338 1246 4383 et
1268 4333 1485 4384 auribus
1502 4333 1732 4401 percipe,
1758 4343 1901 4388 terra
1918 4335 1986 4389 “.
2013 4334 2150 4401 Quis

561 4424 666 4477 istc
729 4433 920 4490 stupor
969 4424 1065 4494 qui
1118 4424 1213 4479 Dei
1264 4426 1525 4493 populum
1554 4425 1930 4480 dementavit?
1974 4427 2140 4492 Audi,

560 4513 757 4570 Oriens
781 4524 835 4570 et
865 4515 1155 4580 Occidens,
1209 4518 1484 4585 quomodo
1515 4527 1785 4572 excaecata
1815 4527 1902 4572 est
1938 4516 2153 4589 Byzan-

565 4613 681 4663 tina
727 4611 918 4680 regio;
971 4611 1252 4680 quomodo
1282 4610 1596 4677 obsurduit,
1634 4625 1816 4682 neque
1852 4612 2152 4680 reprehen-

560 4703 734 4758 sionis
773 4713 970 4758 vestra:
1002 4719 1190 4759 vocem
1253 4703 1427 4770 audit,
1485 4719 1584 4758 nec
1639 4705 1940 4758 testimonii
1979 4706 2151 4760 vestri

563 4798 873 4867 exemplum
901 4797 1144 4866 inspicit,
1182 4800 1278 4852 sed
1303 4796 1534 4851 .Ianuem
1566 4804 1620 4851 et
1650 4793 1954 4859 Jamhrem,
1986 4797 2151 4852 Chri-

2320 3602 2385 3655 ΕΙ
2419 3601 2527 3674 γὰρ
2561 3600 2635 3674 μὴ
2658 3601 2837 3663 τοῦτο.
2861 3603 2998 3675 ὅπερ
3031 3604 3150 3656 ἐστὶ
3171 3603 3232 3656 τὸ
3264 3603 3495 3672 ίνδαλμα
3525 3603 3624 3657 τοῦ
3649 3621 3840 3674 σωμαο

2249 3694 2403 3748 τικοῦ
2431 3693 2594 3748 αὐτοῦ
2628 3695 2979 3766 χαρακτῆρος
3001 3712 3013 3726 '
3040 3695 3398 3764 ὲμφανίζοιτο
3420 3697 3479 3747 ὲν
3501 3698 3639 3766 ημῖν
3668 3713 3841 3766 καρη-

2252 3786 2456 3857 φοροῦν
2481 3788 2574 3840 τὸν
2616 3787 2787 3840 τύπον
2816 3787 2912 3840 τοῦ
2959 3786 3232 3857 σταυροῦ’
3274 3787 3410 3841 ἀλλὰ
3451 3787 3515 3840 τὸ
3552 3788 3655 3855 μὲν
3683 3789 3840 3858 ἐκρί-

2251 3897 2473 3943 πτοιτο,
2503 3879 2565 3932 τὸ
2594 3879 2651 3932 δὲ
2670 3879 3106 3951 προσείληπταιο
3151 3879 3484 3950 μεμέρισται
3507 3879 3776 3949 Χριστός·
3805 3879 3839 3950 ἢ

2255 3972 2456 4043 μᾶλλον
2477 3973 2505 4026 ό
2524 3971 2778 4042 βασιλεὺς
2795 3972 3142 4026 ἀπέπτυσται
3163 3973 3192 4025 6
3217 3971 3438 4034 κτείνας
3457 3971 3550 4024 τὸν
3568 3971 3840 4026 διάϐολον

2251 4062 2314 4116 τὸ
2341 4063 2469 4132 δόρυ
2498 4063 2555 4116 δὲ
2587 4063 2654 4116 δι’
2672 4058 2733 4117 οὗ
2751 4063 2841 4117 τὸν
2870 4062 3066 4134 ἐχθρὸν
3085 4061 3307 4132 ἔσφαξε,
3331 4063 3392 4116 1:6
3414 4062 3609 4115 τούτου
3634 4063 3840 4132 κράτος

2254 4155 2555 4226 ἀνεδήσατο
2582 4155 2842 4226 διάδημαο
2867 4156 2953 4210 ἐπ’
2974 4155 3065 4228 ῑσῃ
3093 4157 3222 4228 νίκῃ
3238 4154 3333 4208 τοῦ
3365 4155 3674 4224 σφαγέντος
3703 4155 3838 4208 6m-

2251 4247 2441 4313 τάξαν,
2482 4249 2558 4313 ὡς
2591 4248 2806 4320 ἐχθρζν,
2857 4249 2950 4302 τὸν
2981 4249 3428 4319 κατασφάξαντα.
3474 4250 3707 4315 Ἄκουε,
3733 4251 3838 4303 οὺ-

2243 4341 2428 4411 ρανὲ,
2474 4342 2574 4396 καὶ
2608 4341 2907 4403 ἐνωτίζου.
2934 4341 3032 4412 γῆ.
3081 4343 3179 4407 Τίς
3211 4343 3245 4414 ἠ
3282 4341 3542 4405 ἔκστασις
3593 4341 3738 4412 αὕτη
3773 4344 3840 4412 ἣν

2249 4433 2440 4502 ἐξέστη
2469 4432 2500 4485 6
2527 4432 2652 4496 λαὸς
2680 4432 2773 4485 τοῦ
2798 4432 2934 4486 Θεοῦ
2961 4450 2976 4500 ;
3004 4433 3224 4500 ¹Ἄκουε,
3248 4433 3502 4503 Ἀνατολὴ
3533 4435 3628 4486 καὶ
3654 4436 3838 4498 Διὶσις,

2252 4525 2402 4588 ὅπως
2454 4523 2800 4597 ἐξετυφλώθη
2850 4527 2883 4595 ὴ
2934 4524 3232 4588 Βυζαντίςο
3267 4525 3417 4588 ὅπως
3469 4524 3835 4594 κεκώφωται,

2255 4617 2444 4686 φωνῆς
2474 4617 2629 4686 ὑμῶν
2669 4618 2997 4688 ἐλεγκτικῆς
3031 4618 3131 4671 οὐκ
3174 4617 3491 4670 ἀκούσασαι
3529 4618 3840 4670 ὑποδεικτι-

2256 4712 2359 4782 κῆς
2389 4709 2544 4781 ὑμῶν
2572 4711 2883 4782 μαρτυρίας
2912 4711 3017 4764 οὐκ
3049 4710 3402 4780 ἐμϐλέπουσα
3424 4727 3440 4742 ο
3477 4709 3595 4764 ἀλλ’
3638 4708 3836 4764 Ἰαννοῦ

2257 4803 2352 4855 καὶ
2388 4801 2646 4872 ἰαμόροῦ
2671 4802 2780 4854 τῶν
2805 4802 3144 4856 ἀντιστατῶν
3172 4801 3438 4873 Χριστοῦ,
3461 4803 3563 4874 τῆς
3591 4801 3836 4874 ὀλεθρίου

563 4888 636 4944 sti
677 4890 913 4944 hostium
939 4905 1038 4959 par
1067 4889 1366 4956 exitiabile,
1404 4890 1551 4958 quod
1592 4887 1855 4954 Trinitas,
1887 4897 1973 4943 sat
1995 4889 2142 4952 scio,

2255 4895 2476 4960 δυάδος,
2505 4896 2572 4966 ἢν
2601 4889 2659 4948 εὗ
2689 4891 2783 4948 οἷδ’
2809 4897 2890 4948 ὅτι
2918 4896 2952 4965 ή
2974 4896 3147 4966 Τριὰς
3176 4896 3234 4947 ὲν
3261 4896 3421 4966 τάχει
3445 4894 3836 4949 καταλύσειεν*

563 4981 716 5035 brevi
757 4981 1020 5036 dissolvet
1064 4997 1078 5036 :
1138 4992 1199 5037 ut
1226 4997 1352 5037 cum
1397 4982 1615 5038 duobus
1663 4983 1847 5054 impiis
1898 4983 1994 5053 qui
2036 4983 2145 5054 jam

2249 4985 2325 5048 ὼς
2377 4984 2444 5038 ἂν
2489 4986 2586 5038 σὺν
2639 4986 2756 5048 τοῖς
2807 4985 3189 5056 προολεσθεῖσι
3232 4985 3386 5039 δυσὶν
3436 4985 3698 5041 ἀσεϐέσιν
3729 4987 3835 5038 ἀπ-

565 5074 874 5144 perierunt,
931 5076 1156 5130 tollatur
1213 5077 1283 5130 de
1335 5077 1514 5131 medio
1566 5076 1714 5132 istud
1770 5091 1990 5147 quoque
2029 5093 2145 5146 par,

2248 5079 2466 5150 αχθεῖεν
2525 5079 2619 5132 καὶ
2680 5077 2821 5149 αῦτη
2884 5081 2917 5148 ἡ
2972 5079 3142 5145 δυὰς,
3181 5077 3242 5130 τὸ
3291 5078 3704 5150 τετρακέφαλον
3739 5074 3832 5130 τοῦ

567 5163 930 5235 quadrijugus
957 5165 1047 5220 ille
1076 5166 1284 5221 diaboli
1321 5182 1541 5222 currus.
1572 5168 1690 5222 iluc
1715 5183 1869 5232 vero,
1901 5168 2008 5222 huc
2038 5166 2145 5222 fra-

2248 5172 2497 5224 διαὸόλου
2527 5170 2700 5242 ἅρμα.
2723 5171 2892 5242 Δεῦρο
2923 5171 3011 5242 δὴ,
3043 5170 3224 5243 δεῦρο,
3255 5171 3454 5240 ἀδελφέ
3473 5186 3488 5201 °
3511 5165 3820 5224 καταδαλοῦ

565 5268 693 5311 ter:
736 5258 932 5312 iterum
979 5261 1283 5314 certamina
1322 5275 1600 5316 consere:
1650 5259 1920 5316 Dominus
1971 5261 2147 5331 jubet.

565 5347 718 5406 Bona
752 5353 922 5407 verba
949 5354 1276 5409 venerandis
1301 5354 1530 5408 auribus
1574 5353 1760 5424 ingere
1790 5353 1866 5423 pii
1905 5352 2145 5422 impera-

2257 5357 2448 5428 τιμίας
2487 5356 2658 5420 ἀκοὰς
2685 5356 2780 5410 τοῦ
2821 5356 3082 5421 εὐσεϐοῦς
3122 5356 3392 5428 βασιλέως
3421 5355 3600 5426 ἡμῶν.
3644 5355 3834 5423 Μιμη-

570 5443 707 5499 toris
728 5445 931 5500 nostri.
961 5447 1209 5501 Imitetur
1247 5446 1586 5501 celebratum
1621 5446 1776 5500 illum
1807 5443 2037 5499 Josiam.
2070 5443 2145 5500 Sil

2262 5448 2447 5504 σὰσθω
2499 5449 2711 5502 Ἰωσίαν
2760 5449 2853 5503 τὸν
2885 5449 3155 5520 ἀοίδιμον.
3202 5449 3412 5503 Γίνοιτο
3462 5447 3585 5513 νέος
3640 5445 3834 5510 Δαυῖδ,

567 5549 746 5590 novus
777 5535 969 5605 David,
1000 5539 1116 5594 sive
1150 5546 1212 5593 ut
1241 5538 1488 5604 Saulem,
1539 5537 1659 5593 sive
1700 5546 1763 5593 ut
1798 5543 2145 5604 Ammonem,

2259 5541 2372 5596 sire
2421 5541 2497 5603 ὼς
2529 5541 2736 5608 Σαοὺλ,
2773 5543 2884 5596 εἴτε
2923 5541 3000 5606 ὠς
3045 5541 3262 5613 ’Λμὼν,
3311 5543 3379 5596 τὰ
3420 5543 3516 5595 τοῦ
3551 5540 3832 5607 ἐξαγίστου

569 5628 773 5687 Leonis
825 5633 1147 5689 exsecrandi
1197 5641 1320 5689 acta
1373 5632 1713 5698 rescindens,
1775 5647 1831 5688 et
1859 5632 1963 5688 hoc
1990 5635 2145 5688 modo

2260 5631 2489 5697 Λέοντος
2547 5633 2905 5690 καταπτύωνο
2967 5633 3263 5689 κάντεῦθεν
3308 5633 3444 5689 Θεὸν
3491 5627 3828 5704 ἐξευμενιζό-

649 5817 976 5878 "D‘Ibess.
1019 5835 1083 5887 ti,
1122 5819 1176 5875 ιι.
1279 5819 1325 5852 ³⁸
1351 5816 1498 5876 Psal.
1531 5832 1719 5888 mm,
1749 5818 1806 5874 2.
1844 5820 1925 5910 ff
1976 5815 2080 5874 lsa.
2119 5830 2156 5885 ι,
2189 5812 2249 5874 2.

2251 5265 2334 5318 ἔτι
2361 5265 2580 5334 ἀγῶνας
2601 5283 2614 5296 ο
2644 5265 2847 5336 Κύριος
2875 5264 3114 5323 κελεύει.
3144 5265 3393 5335 Δάλησον
3423 5263 3611 5332 ἀγαθὰ
3640 5265 3716 5325 είς
3739 5261 3836 5323 τὰς
3931 5291 3944 5306 ο
