4054 6364
257 379 399 450 1313
1445 382 1845 445 EPISTOLAF

1945 383 1981 444 ll
2038 381 2186 444 LIB.
2235 382 2320 444 II.
3373 370 3513 439 1314

256 519 450 572 μενος,
482 501 578 555 καὶ
607 498 686 570 τῷ
712 499 811 570 τῆς
849 497 1206 571 εἰρηναρχίας
1232 497 1417 567 στέφει
1448 498 1509 550 τὸ
1531 499 1629 566 τῆς
1666 497 1823 568 βασι·

1945 496 2097 552 )eum
2139 496 2388 566 placans,
2439 504 2604 564 atque
2650 492 3150 548 administrationis
3199 491 3515 560 tranquilla

250 592 403 656 λείας
431 588 595 646 αὐτοῦ
626 590 827 656 κράτος
860 588 1114 660 ἀνίκητον
1134 586 1614 658 περιποιούμενος.

1945 603 2129 644 :orona
2159 588 2329 642 robur
2358 587 2571 658 imperii
2594 586 2680 640 sui
2711 585 2946 641 reddens
2976 583 3377 653 insuperabile.

468 703 607 768 θεῖ’.
639 730 708 740 -
742 696 1025 768 Στεφάνῳ
1047 699 1377 767 μαγίστρῳ.
1406 694 1609 770 [αις-’.ι

1967 743 1973 754 ,
2239 698 2474 756 LXXVI.
2503 730 2572 741 —
2598 697 2868 769 Stephano
2918 699 3194 769 magistro.

667 837 869 887 Solatur
903 848 958 884 ιιι
988 832 1164 884 uxoris
1197 832 1335 884 obitu
1363 847 1376 880 :
1405 840 1508 882 tum
1531 839 1585 881 ut
1613 845 1702 895 pro
1726 831 2028 896 imaginibus
2051 834 2180 897 apud
2213 846 2392 883 novum
2412 831 2688 896 principem
2720 837 2849 894 agat,
2873 831 3112 880 hortatur.

329 937 496 1006 Οἶδα,
542 939 806 1007 δέσποτα,
852 943 974 1004 ταῖς
1029 939 1325 1009 ὑπεροχαῖς
1376 936 1828 1002 ὑποστέλλεσθαι,

1997 935 2158 1002 Novi,
2189 939 2432 1004 domine,
2481 937 2778 1008 dignitates
2808 936 3064 1002 revereri,
3107 935 3340 990 maxime
3375 949 3512 991 vero

255 1034 353 1088 καὶ
406 1032 638 1103 μάλιστα
675 1033 740 1102 τῇ
786 1032 852 1100 σῇ
912 1030 1332 1101 ἀνυπερὸλήτῳ.
1393 1029 1536 1083 Ἀλλ’
1584 1030 1734 1100 ὅμως
1770 1031 1831 1082 τὸ

1945 1031 2217 1086 sublimem
2265 1031 2414 1086 illam
2445 1040 2618 1086 tuam.
2665 1029 2783 1085 Tua
2826 1037 3010 1084 tamen
3056 1028 3288 1082 comitas
3315 1027 3519 1082 animi-

255 1123 580 1193 εὐπρόσιτόν
612 1139 704 1174 σου
736 1121 830 1175 καὶ
862 1121 1081 1192 μέτριον
1109 1120 1203 1174 τοῦ
1230 1121 1596 1191 φρονήματος,
1629 1120 1828 1172 ἔδωκεν

1945 1140 2033 1194 lue
2058 1125 2324 1179 modestia
2381 1124 2636 1193 loquendi
2675 1132 3001 1192 potestatem
3065 1120 3224 1174 nobis
3268 1118 3424 1184 fecit,
3461 1128 3518 1173 et

253 1219 394 1287 ἡμῖν
422 1213 756 1285 παρρησίαν,
812 1212 905 1267 καὶ
958 1213 1127 1266 πάλαι
1165 1212 1294 1265 ποτὲ
1346 1212 1682 1276 ἐπιστεῖλαι,
1735 1212 1828 1265 καὶ

1945 1216 2256 1286 iampridem
2296 1216 2364 1270 ad
2405 1224 2456 1270 te
2485 1214 2846 1280 scribendi,et
2879 1228 3027 1268 nunc
3055 1211 3200 1266 idem
3233 1209 3466 1265 faciendi
3498 1227 3514 1264 :

254 1307 383 1376 ἄρτι
421 1305 483 1358 τὸ
531 1304 662 1356 αὐτὸ
703 1305 962 1374 ποιῆσαι,
1011 1302 1303 1366 καλοῦντος
1351 1301 1448 1355 τοῦ
1506 1304 1698 1372 χρόνου
1736 1302 1830 1354 καὶ

1945 1309 2189 1377 ιιιοηίοιη
2225 1306 2277 1361 id
2316 1317 2532 1376 tempus
2564 1306 2765 1374 poscit,
2802 1318 3014 1374 nosque
3044 1311 3362 1372 peccatores
3392 1317 3518 1355 car-

254 1401 363 1465 ἁφε
373 1397 545 1466 μένων
573 1397 606 1464 ὴ
615 1395 732 1462 μῶν
753 1395 861 1448 τῶν
883 1394 1226 1465 ἁμαρτωλῶν
1248 1394 1352 1464 τῆς
1372 1393 1461 1448 διὰ
1493 1393 1698 1463 Κύριον
1733 1410 1834 1460 φυ-

1945 1413 2057 1454 :ere
2108 1408 2331 1468 propter
2375 1397 2671 1452 Dominum
2716 1397 2950 1468 tolerato
2994 1395 3160 1449 soluti
3203 1409 3393 1449 sumus
3422 1407 3521 1461 per

255 1489 434 1558 λακῆς
457 1530 472 1550 ,
504 1488 644 1542 κατὰ
677 1486 775 1558 τὴν
803 1485 898 1539 τοῦ
924 1487 1210 1549 διώκοντος
1243 1485 1455 1540 παῦλαν
1476 1501 1490 1514 ·
1517 1485 1641 1556 ῆτις
1671 1485 1834 1536 ἀκου-

1945 1491 2213 1543 ιιιιοιιίιιιιη
2245 1489 2630 1560 persequentis
2660 1505 2674 1542 :
2709 1488 2870 1558 cujus
2895 1457 2952 1541 u‘t
2982 1486 3123 1541 fama
3151 1485 3515 1556 percrebruit,

259 1580 448 1632 σθεῖσα
477 1581 647 1650 ἤχησε
685 1579 884 1641 παντὸς
931 1576 1222 1646 ἀνθρώπου
1269 1577 1556 1648 ἀμφότερα
1585 1577 1652 1630 τὰ
1679 1570 1796 1630 ὦτα
1815 1593 1828 1608 ·

1945 1582 2108 1634 ambae
2161 1581 2406 1634 omnium
2464 1581 2749 1634 hominum
2805 1594 2969 1635 aures
3029 1579 3517 1631 tinnierunt:non

255 1673 358 1742 οὐχ
383 1675 465 1724 ὅτι
503 1671 694 1734 ἁπλῶς
725 1671 870 1742 ῆρθη
889 1687 903 1700 ο
938 1670 1052 1723 ἀλλ’
1079 1671 1162 1723 ὅτι
1196 1669 1647 1734 τοιουτοτρόπως.
1679 1668 1829 1738 Αὕτη

1945 1673 2075 1743 ιιιοά
2103 1673 2426 1742 simpliciter
2456 1673 2704 1726 sublatus
2744 1672 2810 1726 de
2844 1670 3044 1736 medio,
3091 1667 3186 1723 sed
3233 1668 3377 1737 quod
3423 1667 3518 1721 tali

262 1765 364 1834 μὲν
389 1760 538 1835 οὖνὴ
595 1765 869 1834 πρόφασις
919 1765 1018 1834 τῆς
1069 1761 1380 1832 ἐπιστολῆς.
1420 1761 1560 1831 Ἐγὼ
1611 1762 1668 1815 δὲ
1729 1764 1836 1835 πρὸ

259 1859 359 1926 τῆς
384 1856 719 1926 ὁρμηθείσης
750 1873 838 1926 μοι
875 1856 1185 1919 ὑποθέσεως
1207 1857 1286 1918 εἰς
1308 1856 1367 1908 τὸ
1399 1854 1631 1924 γράψαι,
1659 1857 1835 1908 ἐκεῖνο

263 1948 547 2019 ύποδηλῶο
588 1949 670 2000 ὅτι
701 1949 801 2000 ούκ
847 1947 1197 2010 ἀστενάκτως
1234 1947 1330 2000 καὶ
1363 1947 1590 2010 ἀπαθῶς
1627 1947 1836 2017 ῆνεγκα

257 2041 362 2112 τὴν
386 2041 554 2110 ἀκοὴν
587 2038 682 2092 τοῦ
718 2039 952 2092 Θανάτου
986 2039 1084 2108 τῆς
1121 2038 1335 2109 ἀγαθῆς
1379 2039 1472 2092 καὶ
1505 2039 1835 2108 ἀειμνήστου

258 2131 532 2202 ὁμοζύγου
564 2149 655 2184 σου
675 2148 688 2162 ⁸
729 2130 1132 2201 ἐνθυμούμενος
1178 2131 1374 2202 ἡλίκην
1399 2130 1612 2201 πληγὴν
1643 2131 1836 2184 ἕλαὸεν

261 2225 300 2296 ἠ
324 2225 480 2295 τιμία
505 2242 600 2276 σου
622 2223 768 2295 ψυχὴ
789 2227 854 2296 τῇ
883 2223 1185 2289 διαζεύξει·
1213 2223 1335 2276 ἐπεὶ
1356 2219 1424 2294 ἦν
1451 2225 1699 2296 μακαρία
1726 2222 1836 2277 τῶν

260 2317 430 2380 ὅντως
451 2316 750 2370 ἐπαινετῶν
776 2316 1081 2386 γυναικῶν·
1107 2317 1231 2371 ὅσον
1259 2318 1367 2372 ἀπὸ
1390 2319 1488 2388 τῆς
1516 2317 1620 2385 ἔξω
1642 2317 1834 2388 dxoﬁc.

259 2404 334 2480 ἧς
364 2412 560 2480 πεῖραν
599 2409 754 2478 κάγὼ
805 2409 1011 2480 μικρὰν
1040 2410 1068 2463 6
1122 2409 1399 2475 ταπεινὸς,
1432 2409 1594 2463 πλέον
1619 2409 1676 2462 δὲ
1703 2411 1840 2476 μᾶλ-

260 2498 356 2551 λον
385 2499 412 2550 6
464 2498 732 2568 μακάριός
793 2515 895 2569 μου
941 2500 1124 2569 πατὴρ
1170 2497 1392 2566 εἴληφεο
1442 2497 1511 2550 τὰ
1547 2495 1604 2550 δὲ
1657 2497 1838 2550 πάντα

262 2589 408 2643 κατά
451 2589 627 2643 πάντα
675 2589 834 2653 αὐτὸς
872 2583 950 2654 εἰ,
987 2589 1145 2660 κύριὲ
1183 2606 1316 2659 μου,
1366 2586 1541 2651 εἰδώς.
1589 2587 1837 2658 Ἐκείνης

265 2681 368 2747 μὲν
392 2681 476 2752 εἰη
511 2681 572 2735 τὸ
613 2680 958 2752 μνημόσυνον
997 2681 1137 2752 μετὰ
1172 2681 1418 2734 δικαίων.
1451 2679 1838 2749 Τεκμαίρομαι

261 2771 376 2840 γὰρ
423 2772 504 2824 ὅτι
553 2771 648 2824 καὶ
699 2769 984 2842 όρθόφρων
1019 2765 1088 2840 ἦν
1139 2767 1259 2822 λίαν
1319 2767 1458 2840 μετὰ
1511 2767 1612 2837 τῆς
1671 2767 1838 2837 ἄλλης

259 2864 487 2933 ἀρετῆς.

339 3132 414 3194 OB
441 3139 497 3194 δὲ
526 3139 690 3212 χάριν
719 3140 780 3196 τδ
807 3141 1066 3212 γράμμα,
1107 3140 1374 3213 πρόδηλον
1409 3143 1476 3212 τῇ
1507 3141 1844 3211 μεγαλοφυεῖ

262 3248 364 3286 σου
395 3233 634 3304 ἐξουσίᾳ..
672 3233 956 3301 Ἐπιξητεί
979 3249 1036 3285 σε
1063 3235 1091 3286 6
1121 3237 1278 3302 χορὸς
1301 3232 1410 3285 τῶν
1439 3232 1808 3302 διδιωγμένων
1826 3249 1841 3264 ⁶

261 3325 607 3378 ἐπικαλεῖται
633 3341 692 3377 σε
729 3326 755 3378 6
779 3324 936 3393 λόγος
962 3325 1060 3393 τῆς
1087 3323 1374 3388 ἀληθείας·
1397 3323 1427 3375 6
1471 3322 1570 3391 μὲν
1600 3324 1677 3386 ὡς
1719 3323 1843 3392 φιλ-

261 3415 468 3484 ευσεόῆ
515 3417 612 3468 καὶ
663 3415 1028 3486 φιλομόναχον
1073 3433 1089 3449 ο
1120 3417 1149 3468 ό
1191 3415 1248 3468 δὲ
1278 3413 1354 3478 ὼς
1395 3414 1634 3486 ἐραστὴν
1677 3415 1845 3486 αὐτῆς

261 3508 766 3579 εὐπαρῤησίαστον.
827 3509 939 3578 Οὐχ
994 3509 1077 3562 ὅτι
1129 3509 1229 3561 οὑκ
1281 3508 1546 3579 ὲκινήθης
1611 3510 1717 3572 ἕως
1750 3507 1846 3561 τοῦ

261 3598 366 3652 νῦν
401 3599 703 3670 προμαχῶν
728 3600 1085 3670 ἀμφοτέρωνο
1139 3599 1371 3668 ἐπείπερ
1401 3599 1718 3670 ἠκούσαμεν
1759 3594 1848 3652 οἷα

265 3689 596 3758 θεοκινήτως
630 3689 726 3742 καὶ
775 3690 1071 3758 πέπραχας
1123 3688 1217 3741 καὶ
1247 3689 1504 3759 λέλεχαςο
1539 3689 1656 3742 ἀλλ’
1701 3689 1846 3752 ὅπως

262 3779 366 3832 καὶ
390 3779 528 3849 πρὸς
553 3778 616 3833 τὸ
643 3779 793 3850 ἑξῆς.
841 3779 1004 3850 Ὀρᾷς
1023 3821 1038 3842 ,
1067 3779 1310 3832 δέσποτά
1349 3796 1473 3850 μου,
1507 3774 1621 3832 οἷον
1660 3780 1720 3832 τὸ
1749 3797 1848 3832 κα-

263 3871 366 3924 κὸν
415 3875 515 3940 τῆς
568 3872 868 3943 αἱρέσεως
929 3871 1061 3924 Οὐδὲ
1118 3872 1226 3942 γὰρ
1275 3873 1324 3924 εἰ
1376 3871 1451 3943 μὴ
1485 3872 1842 3944 τηλικοῦτον,

260 3962 512 4017 τοσοῦτοι
558 3965 609 4016 οἰ
657 3965 989 4035 πάσχοντες,
1020 3965 1116 4018 καὶ
1145 3963 1384 4018 τοσαῦτα
1425 3966 1496 4019 τὰ
1545 3966 1850 4036 αἰκίσματα

263 4056 366 4110 καὶ
399 4056 731 4129 θλιπτήρια,
780 4057 816 4112 ἃ
862 4059 1056 4129 μέχρις
1098 4057 1345 4128 ἐσχάτων
1394 4058 1497 4126 τῆς
1524 4059 1850 4130 οἰκουμένης

261 4148 546 4220 διέδραμε.
595 4150 819 4214 Βλέπεις
852 4151 1066 4204 καὶτὸν
1111 4150 1205 4204 τοῦ
1249 4150 1538 4216 διώξαντος
1593 4151 1848 4206 θάνατον.

264 4241 684 4312 Παρακλήθητι,
708 4241 1186 4312 όεύπαράκλητος.
1209 4241 1594 4314 Συγκινήθητι,
1613 4246 1642 4296 6
1675 4243 1852 4298 θεοκί-

261 4349 452 4403 νητος.
505 4334 731 4405 Ὀρεξον
772 4337 928 4406 χεῖρα.
974 4335 1150 4405 χαμαὶ
1187 4335 1412 4406 κειμένῃ
1447 4337 1513 4406 τῇ
1548 4334 1670 4389 καθ’
1694 4337 1846 4406 ἡμᾶς

277 4425 581 4498 Ἐκκλησία
619 4429 744 4480 ὅσον
793 4427 1106 4497 ἐνδέχεται·
1139 4427 1224 4496 ἐφ’
1274 4428 1396 4480 ὅσον
1432 4429 1584 4498 ἰσχὺς
1609 4427 1842 4498 λάλησον
1877 4413 1920 4469 Ῑ)

266 4520 354 4582 εἰς
382 4519 450 4572 τὰ
486 4512 601 4572 ὦτα
627 4519 720 4572 τοῦ
767 4517 1024 4582 εὐσεὸοῦς
1052 4517 1210 4590 ήμῶν
1237 4517 1503 4589 βασιλέως
1529 4517 1609 4572 ἐτι
1639 4519 1836 4587 ἀγαθά.

277 4609 456 4682 ’Υπὲρ
476 4609 714 4680 Χριστοῦ
740 4627 822 4663 σοι
842 4609 902 4662 τὸ
927 4610 1240 4678 ἀγώνισμα,
1268 4609 1409 4680 ὑπὲρ
1429 4609 1527 4679 τῆς
1555 4608 1842 4673 Θεοτόκου,

269 4698 419 4770 ὑπὲρ
448 4699 668 4752 πάντων
715 4699 824 4752 τῶν
872 4697 1062 4767 ἁγίων.
1121 4699 1254 4752 Οὐδὲ
1288 4699 1395 4769 γὰρ
1434 4700 1594 4762 εἴτις
1625 4701 1726 4769 τῆς
1750 4697 1845 4751 τοῦ

271 4789 538 4860 βασιλέως
563 4786 774 4851 εἰκόνος
809 4788 1167 4860 ἀντεχόμενος
1209 4788 1358 4858 λέγει
1390 4805 1443 4842 τι
1492 4789 1526 4859 ἢ
1571 4788 1843 4859 πράσσει,

268 4876 418 4946 ἄλλῳ
449 4877 556 4930 τινὶ
602 4875 635 4946 ἢ
677 4875 754 4948 τῷ
791 4876 1000 4947 βασιλεί
1049 4878 1332 4949 χαρίζεται
1380 4878 1472 4933 τὸν
1501 4879 1676 4947 λόγον.
1737 4880 1849 4934 Kal.

272 4969 405 5040 περὶ
443 4969 561 5034 ἑνὸς
590 4969 749 5038 ἁγίου
788 4970 837 5022 εἰ
870 4966 940 5041 ἦν
967 4970 1027 5023 τὸ
1071 4972 1400 5041 λεγόμενον*
1453 4972 1712 5042 μέγιστόν
1761 4989 1847 5026 σοι

271 5062 336 5116 τὸ
365 5058 546 5116 ἆθλον.
582 5063 758 5116 Ὅπου
787 5062 844 5115 δὲ
904 5063 1158 5135 Χριστὸν,
1212 5065 1307 5117 καὶ
1340 5064 1481 5135 ὑπὲρ
1526 5064 1762 5136 Χριστοῦ
1813 5067 1848 5138 ἠ

271 5153 595 5224 διάπραξις·
647 5149 759 5226 ἆρα
801 5155 921 5225 ούχὶ
967 5157 1110 5226 χαρά
1145 5173 1260 5222 σοι,
1292 5157 1419 5222 δόξα
1446 5175 1506 5212 τε
1553 5158 1649 5212 καὶ
1675 5160 1848 5228 ἀγαλ-

275 5245 478 5310 λίασις,
505 5249 602 5300 σὺν
625 5248 795 5320 πολλῇ
826 5248 1252 5320 προθυμίᾳ.ὃλον
1278 5251 1505 5304 σεαυτὸν
1529 5251 1846 5318 ὲπιδοῦναις

275 5336 421 5403 Ναὶ,
453 5336 611 5406 κύριέ
648 5355 751 5408 μου
799 5338 1120 5409 ἀειπόθητε,
1167 5340 1465 5394 ὲκδυσωπῶ
1495 5341 1650 5410 κάγὼ
1679 5343 1708 5395 6
1755 5344 1851 5397 τά·-

275 5427 398 5490 λας.
436 5429 548 5482 Καὶ
583 5428 761 5494 ἄλλως
791 5430 875 5484 ὅτι
916 5431 1048 5501 ἡμῖν
1098 5431 1285 5496 αὐτοῖς
1317 5434 1718 5506 εύεργετοῦμεν
1754 5435 1849 5489 τοῦ

277 5517 464 5570 κοινοῦ
497 5518 906 5590 φροντίζοντεςο
945 5521 1178 5594 ἐπείπερ
1209 5523 1574 5595 συννοσοῦμεν
1597 5541 1611 5555 ·
1661 5526 1764 5580 κᾶν
1789 5528 1850 5580 οὐ

280 5610 598 5680 φρονήματι
639 5611 918 5684 στρεσλῷ,
970 5614 1120 5685 ὅμως
1165 5615 1210 5669 δ’
1265 5612 1358 5671 οῦν
1397 5621 1746 5690 χραινόμενοι
1782 5625 1848 5692 τῇ

281 5699 534 5774 αἰρετικῇ
596 5702 872 5760 κοινωνία.
929 5705 1076 5779 Αὕτη
1124 5707 1271 5763 ἐστὶν
1315 5711 1350 5780 η
1412 5711 1642 5786 ταπεινὴ
1697 5714 1852 5784 ἡμων

1939 1765 2121 1820 modo.
2175 1765 2302 1820 Haec
2355 1779 2515 1833 porro
2555 1765 2718 1832 hujus
2775 1762 3021 1832 epistolzn
3075 1759 3320 1830 praat‘atio
3367 1769 3508 1814 esto.

1937 1857 2092 1912 Nunc
2115 1871 2242 1911 vero
2275 1865 2570 1925 antequam
2599 1854 2666 1908 ad
2700 1854 3042 1924 propositum
3074 1853 3206 1906 mihi
3239 1851 3517 1906 scribendi

1937 1959 2316 2019 argumentum
2349 1947 2658 2020 aggrediar,
2697 1946 2842 2000 istud
2870 1946 3046 2000 obiter
3085 1945 3370 2015 signitico;
3409 1958 3518 1996 non

1939 2042 2059 2098 sine
2089 2041 2240 2095 luctu
2278 2039 2582 2109 intimoque
2613 2053 2780 2093 sensu
2831 2037 3040 2092 doloris
3092 2036 3372 2105 accepisse
3429 2047 3520 2088 me

1940 2132 2192 2188 nuntium
2233 2131 2299 2186 de
2331 2131 2482 2185 obitu
2509 2130 2731 2200 optima:
2760 2137 3075 2197 aeternaque
3123 2127 3390 2180 memoria
3435 2126 3522 2178 di-

1939 2241 2059 2296 gnae
2090 2223 2340 2294 conjugis
2373 2234 2521 2278 tum:
2575 2237 2700 2276 cum
2743 2221 2884 2290 apud
2928 2235 3014 2273 me
3063 2229 3309 2284 reputem
3343 2233 3522 2286 quan-

1938 2327 2055 2373 tum
2082 2318 2185 2373 hac
2233 2315 2602 2385 disiunctione
2640 2313 2945 2368 veneranda
2984 2311 3169 2365 anima
3201 2319 3294 2364 tua
3319 2309 3523 2362 vulnus

1939 2411 2257 2479 acceperit:
2289 2406 2732 2478 quandoquidem
2779 2405 2906 2460 felix
2953 2405 3046 2458 illa
3087 2419 3216 2458 vere
3267 2403 3409 2455 inter
3443 2400 3522 2454 fe-

1939 2502 2117 2556 minas
2180 2499 2484 2555 laudabiles
2536 2498 2766 2566 exstitit,
2797 2506 3064 2568 quantum
3104 2496 3327 2567 quidem
3376 2493 3522 2548 latina

1935 2592 2214 2663 popularis
2273 2591 2481 2655 retulit,
2541 2591 2701 2659 cujus
2754 2591 2872 2645 leve
2929 2590 3375 2660 experimentum
3421 2599 3526 2657 ego

1939 2685 2186 2748 humilis,
2219 2684 2390 2739 multo
2417 2698 2550 2738 vero
2573 2684 2750 2749 majus
2777 2681 2974 2737 beatus
3006 2691 3166 2752 pater
3214 2696 3372 2735 meus
3423 2695 3518 2732 ac-

1937 2777 2081 2847 cepit
2109 2795 2122 2831 :
2158 2776 2344 2830 omnia
2371 2791 2500 2832 vero
2525 2777 2752 2830 omnino
2789 2776 2926 2844 ipse,
2957 2773 3188 2827 Domine
3216 2773 3315 2836 mi,
3349 2772 3521 2840 probe

1938 2868 2103 2924 nosti.
2131 2865 2214 2922 Sit
2239 2877 2421 2922 autem
2449 2867 2595 2922 illius
2619 2867 2878 2922 memoria
2903 2865 3230 2936 cumjustis.
3259 2865 3351 2918 Sic
3376 2863 3523 2918 enim

1941 2957 2175 3028 conjicio
2207 2975 2220 3012 :
2249 2957 2510 3027 quoniam
2547 2966 2744 3028 praeter
2780 2966 3007 3012 caeteras
3049 2956 3278 3010 virtutes
3329 2964 3514 3008 erecto

1944 3049 2268 3119 excelsoque
2292 3047 2476 3100 animo
2510 3045 2633 3101 fuit.

2016 3140 2148 3208 Quae
2175 3141 2247 3196 sit
2281 3149 2462 3194 autem
2493 3137 2777 3194 scribendi
2814 3151 2980 3192 causa
3002 3177 3017 3201 ,
3067 3135 3370 3206 magniﬁcae
3416 3144 3526 3188 tua:

1944 3232 2200 3306 potestati
2226 3231 2418 3301 liquet.
2447 3228 2622 3284 Tuam
2649 3229 2906 3298 implorat
2926 3243 3086 3298 opem
3118 3236 3297 3282 cmtus
3327 3241 3518 3279 eorum

1945 3327 2040 3398 qui
2081 3325 2511 3397 persecutionem
2571 3322 2905 3392 patiuntur:
2968 3321 3187 3375 invocat
3240 3328 3291 3374 te
3339 3332 3525 3374 sermo

1944 3415 2348 3474 veritatis:ille
2389 3414 2632 3486 quidem,
2679 3423 2739 3466 ut
2773 3413 2991 3483 pietatis
3041 3417 3411 3482 peramantem
3458 3423 3525 3464 at:

1947 3511 2339 3566 monachorum
2372 3527 2386 3562 :
2419 3508 2542 3572 iste,
2573 3515 2634 3560 ut
2676 3504 2762 3560 sui
2803 3513 3128 3570 amatorem,
3167 3503 3219 3556 in
3247 3500 3525 3570 loquendo

1949 3601 2201 3656 liberum.
2230 3598 2348 3653 Non
2379 3597 2523 3668 quod
2563 3612 2671 3650 non
2715 3597 2844 3651 olim
2887 3610 3063 3664 usque
3099 3594 3152 3647 in
3199 3593 3345 3647 hunc
3375 3591 3523 3646 diem

1949 3708 2048 3762 pro
2080 3691 2328 3760 utrisque
2350 3691 2547 3745 acriter
2562 3687 2878 3753 dimicaris;
2907 3687 3220 3740 audivimus
3244 3684 3525 3739 enimvero

1949 3785 2128 3856 qualia
2198 3781 2292 3836 Dei
2364 3781 2599 3851 impulsu
2649 3781 2826 3851 egeris
2869 3777 3167 3842 dixerisvc;
3239 3775 3332 3830 sed
3383 3784 3524 3830 utet

1950 3879 2226 3946 deinceps.
2261 3874 2444 3937 Vides,
2487 3875 2704 3928 domine
2743 3872 2839 3932 mi.
2875 3879 3077 3940 quanta
3117 3869 3389 3923 haereseos
3421 3868 3526 3921 im-

1950 3971 2194 4042 probitas
2263 3969 2370 4024 sit'!
2420 3965 2608 4036 Neque
2652 3964 2822 4028 enim,
2880 3963 2986 4017 nisi
3052 3970 3199 4015 tanta
3253 3960 3415 4022 foret,
3447 3968 3527 4014 tot

1950 4071 2133 4120 essent
2155 4061 2247 4132 qui
2277 4069 2612 4129 paterentur:
2645 4072 2745 4111 nec
2773 4065 2850 4110 tot
2878 4053 3222 4109 contumelia:
3244 4062 3294 4108 et
3319 4068 3521 4106 aerum-

1952 4172 2055 4218 nae,
2099 4170 2220 4224 qua:
2245 4152 2310 4206 ad
2347 4151 2568 4206 ultimos
2616 4148 2765 4202 orbis
2794 4155 3067 4201 terrarum
3101 4145 3309 4199 limites
3336 4159 3525 4214 pervc—

1951 4263 2101 4303 nere.
2127 4245 2318 4300 Cernis
2342 4253 2396 4298 et
2419 4243 2796 4314 persequentis
2821 4241 3052 4295 obitum.
3075 4239 3341 4293 Solatium
3368 4253 3523 4307 cape,

1948 4342 2039 4413 qui
2072 4339 2228 4394 facile
2267 4337 2399 4391 illud
2450 4335 2716 4390 admittis.
2771 4333 3185 4394 Commoveare,
3225 4331 3375 4402 quia
3413 4331 3523 4384 Deo

1948 4431 2204 4488 moveris.
2259 4429 2475 4482 Manum
2547 4428 2768 4496 porrige
2821 4424 2972 4479 humi
3008 4423 3209 4494 jacenti
3268 4422 3526 4478 Ecclesia:

1946 4533 2166 4587 nostrae,
2199 4530 2460 4592 quantum
2489 4533 2574 4573 res
2598 4519 2804 4586 patitur
2833 4535 2846 4571 :
2901 4524 3171 4587 quantum
3215 4522 3393 4584 potes,
3426 4513 3524 4566 ad-

1947 4615 2054 4671 huc
2083 4617 2135 4669 in
2171 4628 2356 4669 aurem
2393 4611 2463 4682 pii
2496 4611 2667 4665 nostri
2716 4609 3059 4680 imperatoris
3102 4608 3190 4663 dic
3222 4611 3379 4663 bona.
3419 4606 3525 4660 Pro

1947 4707 2168 4763 Christo
2222 4705 2320 4760 tibi
2386 4713 2684 4767 certamen,
2738 4716 2841 4770 pro
2905 4700 3156 4768 Deipara,
3191 4713 3288 4768 pro
3316 4699 3525 4752 sanctis

1947 4795 2222 4852 omnibus.
2275 4792 2461 4862 Neque
2502 4792 2644 4845 etaim
2703 4789 2749 4844 si
2823 4789 2950 4858 quis
3008 4787 3351 4856 imperatoris
3409 4801 3527 4839 am-

1949 4885 2147 4956 plexus
2193 4885 2510 4953 imaginem,
2543 4881 2750 4950 aliquid
2781 4881 2915 4934 dicit
2945 4888 3036 4933 aut
3079 4878 3232 4942 facit,
3291 4879 3524 4932 alterum

1949 4978 2256 5049 quempiam
2295 4991 2459 5047 quam
2501 4976 2886 5044 imperatorem
2925 4988 3184 5028 sermone
3211 4973 3523 5042 compellat.

1946 5069 2046 5136 Ac,
2075 5070 2119 5124 si
2149 5085 2318 5124 unum
2359 5083 2389 5124 e
2414 5069 2620 5123 sanctis
2653 5068 2768 5121 haec
2808 5081 2972 5121 causa
3004 5073 3301 5136 spectaret,
3333 5067 3524 5135 ingens

1949 5169 2199 5216 maneret
2236 5170 2288 5215 te
2319 5159 2627 5230 praemium.
2686 5158 2787 5214 Ubi
2849 5172 2981 5212 vero
3022 5157 3298 5220 Christus,
3339 5167 3392 5210 et
3425 5173 3524 5226 pro

1949 5254 2166 5310 Christo
2219 5253 2493 5322 negotium
2531 5260 2656 5316 est;
2696 5266 2806 5304 non
2843 5250 2941 5304 tibi
2988 5248 3196 5312 laetitia,
3233 5250 3424 5318 gloria,
3470 5257 3525 5302 et

1950 5344 2240 5400 exsultatio
2263 5350 2367 5407 est,
2411 5356 2534 5394 cum
2579 5341 2783 5410 ingenti
2830 5341 3114 5396 alacritate
3159 5342 3391 5408 tcipsum
3440 5349 3524 5390 t0-

1952 5447 2064 5493 tum
2098 5434 2448 5506 impendere?
2476 5431 2694 5504 Utique,
2762 5433 2993 5488 Domine
3035 5433 3109 5488 mi
3165 5431 3520 5487 desideratis-

1951 5530 2108 5594 sime,
2155 5528 2381 5583 obsecro
2411 5535 2465 5582 et
2491 5540 2593 5597 ego
2643 5527 2830 5581 miser.
2872 5525 3198 5594 Quanquam
3232 5532 3285 5577 et
3324 5532 3526 5577 nostra:

1951 5623 2190 5692 ipsorum
2222 5618 2440 5674 utilitati
2469 5617 2760 5684 servimus,
2787 5633 2914 5674 cum
2942 5617 3168 5687 publica:
3198 5615 3274 5669 rei
3311 5616 3524 5684 prospi-

1951 5714 2172 5772 cimus:
2223 5711 2668 5783 quandoquidem
2722 5711 2840 5782 pari
2910 5711 3098 5766 morbo
3155 5709 3521 5766 laboramus:
