4054 6364
581 313 719 380 1315

571 535 696 574 rum
737 524 1234 579 communicatione
1261 526 1632 594 inquinemur.
1667 525 1866 582 Nostra
1895 530 2012 585 hzec
2044 530 2148 582 hu-

573 613 722 668 milis
753 617 1046 683 postulatio
1065 625 1172 680 est,
1210 617 1299 671 hic
1342 626 1529 672 noster
1575 618 1836 675 libellus:
1893 632 1947 675 et
2002 625 2150 692 quod

573 705 660 758 vel
694 721 792 774 pro
820 707 962 761 bono
991 707 1257 762 duntaxat
1303 722 1554 762 sermone
1592 726 1703 763 non
1749 714 2152 768 contemnenda

575 791 670 846 tibi
717 810 926 850 merces
982 797 1217 864 reposita
1257 796 1372 860 sit;
1425 797 1597 851 multo
1629 801 1803 868 magis
1861 816 1959 871 pro
1999 811 2152 856 tanto

573 883 777 950 labore,
834 897 1098 957 quantum
1149 896 1202 942 te
1265 887 1408 941 ultro
1461 890 1775 957 suscepisse
1819 891 2149 960 accepimus.

1765 327 1826 387 S.
1864 325 2151 388 THEOD(

2254 327 2260 385 ζ
2286 325 2647 387 STUDITIE
3708 313 3838 381 13W

574 442 685 482 non
707 430 853 498 quod
887 444 1146 499 perverse
1175 431 1495 498 sentiamus,
1545 433 1639 489 sed
1671 437 1818 503 quod
1861 437 2148 492 haeretico-

2254 435 2529 506 ἐξαίτησις
2557 475 2572 499 ,

2621 433 2780 488 τοῦτο
2835 433 2897 486 τὸ
2931 433 3261 504 ὑπόμνημαο
3311 431 3408 486 καὶ
3455 430 3538 482 ὅτι
3575 431 3670 483 καὶ
3707 431 3840 495 ὑπὲρ

2259 529 2419 597 λόγου
2469 527 2656 590 ἁπλῶς
2705 525 2914 596 ἀγαθοῦ
2968 526 3070 578 οὐκ
3125 523 3597 594 εὐκαταφρόνητοι
3663 521 3841 591 μισθοξ

2263 638 2346 674 σοι
2376 621 2729 672 ἀπόκεινται*
2788 616 2864 688 μὴ
2900 617 2982 670 ὅτι
3029 634 3094 685 γε
3148 615 3388 685 τοσούτῳ
3424 613 3612 686 μόχθῳ
3654 613 3844 665 ἑαυτὸν

2260 710 2610 774 ἐπιδώσαντι,
2646 707 2788 761 καθὰ
2832 707 3172 778 ἠκούσαμεν.
3224 706 3393 771 Σώξοι
3443 723 3502 759 σε
3531 710 3564 776 ἡ
3609 704 3843 775 κρατσιὰ

2261 802 2384 872 χεὶρ
2413 800 2507 854 τοῦ
2541 799 2700 864 Θεοῦ,
2736 800 2827 853 τὸν
2861 799 2937 863 ὡς
2974 798 3194 870 ἀληθῶς
3220 799 3574 866 ἀξιάγαστον,
3622 798 3720 850 καὶ
3748 797 3843 865 τῆς

2264 893 2570 964 συγκλήτου
2597 891 2888 963 πρωτόόαθ
2899 908 3010 961 ρον.

577 982 767 1037 Servet
795 991 845 1036 te
892 982 1218 1038 incolumem
1246 995 1552 1056 praepotens
1584 984 1679 1040 Dei
1725 1001 1940 1052 manus,
1971 989 2146 1042 virum
2215 990 2462 1061 profecto
2527 992 2752 1063 dignum
2807 990 3188 1053 admiratione,
3233 987 3604 1056 eumdeniqrie
3635 985 3842 1054 princi-

572 1089 696 1144 pem
720 1083 962 1128 senatus.

641 1186 901 1244 LXXVII.
963 1219 1034 1230 —
1085 1189 1298 1245 Sanctis
1363 1191 1754 1259 confessoribus
1823 1193 2078 1248 Patribus

1167 1260 1552 1332 fratribusque.

2249 1192 2370 1249 OZ'.
2420 1223 2489 1235 --
2523 1192 2652 1258 Τοῖς
2694 1192 2890 1261 ἁγίοις
2941 1188 3340 1261 ὁμολογηιξᾳῖς
3413 1185 3684 1255 Πατρὰσι
3747 1183 3841 1236 καὶ

2775 1257 3078 1329 ἀδελφοῖς.
3115 1257 3307 1332 [vl-3’

1238 1394 1313 1444 De
1335 1394 1661 1458 imperatoris
1680 1395 1986 1447 Iconomachi
2010 1397 2165 1459 obitu,
2188 1399 2351 1460 deque
2377 1395 2742 1459 persecutionis
2762 1399 2859 1446 fine
2885 1395 3179 1458 gratulatur.

638 1501 794 1556 Nunc
821 1510 1036 1572 tempus
1065 1503 1411 1558 exclamandi
1442 1520 1569 1560 cum
1613 1503 1836 1571 Davide,
1866 1521 1930 1560 ac
1959 1506 2153 1560 dicen-

564 1591 621 1649 di
651 1612 662 1647 :
693 1592 993 1659 Exsultate,
1008 1595 1172 1664 justi,
1200 1595 1255 1648 in
1281 1594 1506 1650 Domino
1542 1613 1561 1650 :
1582 1607 1750 1651 rectos
1774 1597 1916 1651 decet
1953 1598 2157 1650 collau-

565 1686 716 1739 datio
736 1687 804 1741 “.
843 1684 1065 1741 Cantate
1089 1687 1159 1750 ei,
1195 1696 1245 1741 et
1269 1686 1483 1756 psallite
1509 1689 1618 1743 ei”
1645 1703 1665 1742 :
1694 1693 1953 1758 quoniam
1984 1703 2156 1745 exau-

566 1779 700 1832 divit
740 1780 1024 1843 Dominus,
1063 1795 1187 1835 cum
1222 1781 1479 1837 omnibus
1533 1783 1627 1852 qui
1671 1789 1799 1838 sunt
1833 1784 1950 1852 pari
1983 1778 2150 1852 gloria

2323 1505 2438 1558 Νῦν
2467 1505 2656 1573 καιρὸς
2677 1504 2940 1573 ἐκϐοῆσαι
2985 1501 3125 1570 μετὰ
3161 1501 3252 1554 τοῦ
3279 1500 3464 1562 Δαυῒδ,
3498 1501 3596 1554 καὶ
3628 1504 3840 1554 εἶπείν·
3883 1569 3900 1582 .

2265 1596 2684 1668 Ἀγαλλιᾶσθε,
2706 1596 2944 1660 δίκαιοι,
2976 1595 3047 1647 ἐν
3071 1595 3123 1646 Κ
3128 1595 3286 1661 ινρίῳσ
3320 1593 3444 1658 τοῖς
3467 1595 3675 1648 εὐθέονι
3705 1591 3844 1662 πρέ-

2255 1705 2352 1743 πει
2385 1691 2642 1754 αἴνεσις.
2681 1691 2894 1759 ’ᾼσατε
2924 1683 3104 1752 αὐτῷ,
3131 1686 3230 1738 καὶ
3263 1685 3504 1755 vallata
3537 1685 3731 1752 αὐτῷ·
3765 1689 3842 1742 ὅτι

2255 1783 2533 1854 ἐπακήκοε
2576 1781 2800 1852 Κύριος,
2829 1781 2926 1833 σὺν
2971 1776 3144 1834 ἅπασι
3175 1779 3285 1841 τοῖς
3321 1779 3642 1843 ἰσοκλεέσιν,
3676 1781 3833 1847 ὑμῶν

564 1871 800 1940 przediti,
855 1881 1069 1925 vestras
1116 1873 1370 1928 assiduas
1403 1888 1616 1942 preces.
1651 1869 1862 1944 Ecquid
1901 1890 2032 1942 ergo
2069 1875 2151 1929 fa-

2255 1869 2355 1942 τῆς
2387 1870 2643 1934 ἐκτενοῠς
2697 1869 3000 1940 ἱκετηρίας.
3057 1869 3166 1922 Καὶ
3196 1868 3250 1920 τί
3299 1869 3550 1935 γέγονενς
3595 1871 3842 1923 Ὠὶετοό

564 1973 714 2017 ctum
769 1963 888 2018 est?
940 1960 1109 2018 Periit
1151 1965 1374 2033 impius,
1435 1965 1709 2020 contritus
1757 1974 1842 2021 est
1901 1966 1994 2034 qui
2050 1982 2152 2020 nos

566 2051 859 2105 caedebat:
921 2051 1133 2106 vicistis
1203 2051 1375 2106 lilium
1443 2049 1812 2120 iniquitatis:
1872 2051 2148 2106 furentem

564 2141 800 2196 belluam
837 2143 1233 2212 prostravistis,
1272 2151 1511 2198 mentem
1551 2159 1886 2212 perversam.
1931 2140 1976 2197 Ο
2005 2145 2152 2196 desi-

563 2231 917 2298 deratissimi,
948 2249 1110 2303 quam
1136 2242 1330 2304 potens
1370 2242 1454 2288 est
1482 2236 1706 2304 sanguis
1739 2235 1953 2288 vester!
1999 2233 2153 2289 Hauc

563 2320 656 2376 ille
697 2332 928 2392 pestem,
974 2325 1122 2378 hunc
1168 2325 1483 2380 carnilicem
1523 2326 1834 2380 exstinxit:
1869 2325 1960 2379 ille
1989 2325 2150 2380 dete-

564 2415 820 2468 standum
869 2416 1156 2472 homicidae
1212 2419 1536 2488 sanguinem
1614 2417 1810 2472 fudit:
1877 2417 2150 2487 siquidem

562 2506 838 2576 pollicitus
885 2521 967 2563 est
1027 2508 1116 2564 ille
1157 2509 1252 2578 qui
1294 2523 1459 2563 verax
1507 2519 1610 2574 est,
1661 2507 1778 2564 fore
1811 2521 1870 2564 ut
1915 2510 2152 2580 praebeat

563 2615 728 2655 aures
759 2602 826 2656 iis
865 2601 957 2671 qui
987 2601 1224 2656 clamant
1248 2601 1315 2656 ad
1353 2618 1414 2656 se
1441 2612 1602 2657 nocte
1637 2617 1702 2656 ac
1736 2603 1844 2666 die,
1883 2611 1943 2657 ut
1975 2617 2150 2658 sacrae

561 2693 775 2762 paginae
806 2693 1124 2762 loquuntur.
1148 2691 1327 2756 Disce,
1352 2693 1559 2747 Christi
1587 2703 1952 2762 contemptor,
1977 2709 2151 2762 quan-

565 2795 679 2839 tum
705 2785 848 2839 illius
892 2800 997 2840 vox
1030 2785 1228 2849 valeat,
1253 2783 1413 2854 cujus
1450 2801 1644 2840 carnes
1677 2786 1951 2842 lacerasti.
1991 2785 2144 2852 Vide,

561 2878 881 2947 perduellis,
915 2886 1184 2947 quantum
1215 2877 1481 2932 adversus
1509 2876 1792 2932 Christum
1823 2876 2145 2946 profeceris.

562 2969 833 3036 Quoniam
883 2971 1150 3024 adversus
1198 2971 1482 3024 stimulum
1529 2970 1860 3036 calcitrasti,
1901 2969 2146 3040 dejectns

561 3078 623 3118 es
655 3062 708 3116 in
738 3077 978 3132 praeceps
1005 3077 1129 3117 cum
1179 3063 1440 3133 strepitu:
1488 3078 1600 3116 non
1645 3062 1858 3118 viscera
1912 3064 2138 3132 quidem

561 3167 677 3222 tua,
727 3159 820 3214 sed
861 3158 1163 3213 sceleratus
1226 3173 1394 3214 cruor
1437 3158 1646 3214 eﬂ’usus
1691 3159 1995 3229 tergemino
2038 3159 2148 3213 vul-
2173 3200 2221 3260 Ο

562 3266 715 3316 nere,
745 3250 948 3320 quippe
995 3253 1090 3320 qui
1136 3247 1457 3305 Trinitatem
1495 3250 1788 3306 offenderis
1818 3268 1914 3322 per
1944 3263 2144 3307 contu-

563 3343 780 3396 meliam
829 3351 1032 3398 sancta:
1078 3343 1304 3412 imagini
1342 3341 1548 3398 Christi
1588 3344 1822 3399 illatam.
1863 3345 1966 3400 Abi
2023 3361 2149 3400 cum

561 3431 724 3495 Juda,
770 3435 969 3504 quippe
1018 3437 1113 3505 qui
1153 3436 1232 3491 sis
1276 3434 1433 3491 Iuda:
1460 3447 1641 3492 mente
1667 3437 1884 3492 similis.
1916 3432 2148 3492 Obviam

562 3527 640 3581 ito
663 3527 812 3582 Patri
836 3538 929 3584 tuo
957 3527 1282 3600 Uralyphio,
1311 3530 1400 3584 cui
1429 3544 1460 3584 a
1487 3529 1713 3586 Caballo
1749 3545 1972 3586 nomen.
2018 3531 2152 3586 Bibe

562 3618 670 3674 hoc
699 3621 956 3689 primum,
983 3622 1134 3676 utait
1156 3621 1518 3692 propheta“:
1549 3631 1606 3678 et
1632 3621 1687 3676 id
1719 3623 1864 3692 quod
1895 3623 2152 3678 acerbius

561 3709 617 3765 in
654 3711 988 3768 novissimis.

633 3801 802 3866 Proh,
865 3805 959 3874 qui
1005 3805 1148 3860 illius
1206 3805 1308 3860 fuit
1349 3805 1403 3860 in
1456 3806 1737 3862 Christum
1792 3805 1986 3882 furor!
2027 3821 2154 3876 .qnte

560 3904 743 3949 vestra
795 3895 1120 3951 confessio!
1179 3895 1287 3952 Vos
1358 3899 1459 3952 viri
1524 3898 1802 3953 Christum
1854 3907 2151 3968 gestantes,

565 3985 776 4039 alumni
810 3985 1050 4056 pietatis,
1084 3988 1510 4044 immortalitatis
1532 3999 1828 4060 unguenta,
1849 3991 2153 4060 triumpha-

563 4087 712 4134 tores
756 4079 991 4134 inimici.
1052 4078 1166 4136 Vos
1212 4079 1468 4138 Ecclesiae
1522 4082 1695 4146 nervi,
1747 4081 2151 4137 ﬁrmamentum

563 4169 712 4232 ﬁdei,
753 4169 904 4225 orbis
942 4170 1187 4225 universi
1233 4167 1424 4227 de'cus.
1474 4171 1930 4242 Auspicalissima
1985 4174 2152 4227 vestri

563 4259 829 4313 memoria
854 4268 960 4325 est,
997 4276 1161 4330 quam
1189 4269 1245 4314 et
1274 4259 1456 4316 lutura
1481 4271 1612 4317 aetas
1653 4263 1904 4332 excipiet.
1936 4262 2151 4318 Corona

559 4359 742 4402 vestra
809 4351 1067 4414 coelestis,
1133 4351 1440 4406 divinarum
1502 4351 1719 4408 laudum
1782 4353 2004 4409 ﬂoribus
2050 4355 2152 4409 rite

560 4449 836 4496 contexta.
889 4442 1030 4508 Quid
1079 4442 1274 4500 deinde
1327 4445 1597 4514 reliquum
1647 4453 1750 4510 est,
1790 4445 1898 4499 nisi
1936 4455 1995 4499 ut
2041 4444 2152 4500 Deo

2253 1962 2476 2033 ἀσεϐὴς,
2511 1961 2800 2032 συνετρξϐη
2831 1961 2858 2013 6
2889 1962 3108 2014 κόπτων
3145 1961 3316 2030 ἡμᾶς.
3369 1960 3721 2030 Νενικήκατε
3756 1961 3840 2014 τὸν
3907 2029 3914 2035 _

2250 2053 2349 2121 τῆς
2379 2054 2644 2122 πονηρίας
2672 2051 2787 2104 υἱόν
2807 2070 2820 2082 ·
2857 2050 3187 2104 κατεϐάλετε
3216 2050 3276 2103 τὸ
3302 2049 3494 2121 θηρίον
3523 2051 3624 2119 τῆς
3646 2049 3838 2121 ὀργῆς,

2251 2145 2340 2198 τὸν
2382 2145 2780 2213 σκολιόγνωμον
2806 2145 2948 2198 νοῦν.
2980 2140 3052 2196 Ὦ
3083 2187 3096 2208 ,
3125 2138 3170 2197 ὧ
3221 2144 3545 2214 τριπόθητοι
3579 2161 3597 2176 ⁶
3652 2139 3747 2196 οἷα
3780 2145 3841 2196 τὰ

2252 2231 2462 2306 αἵματα
2507 2237 2658 2306 ὑμῶν
2685 2236 2888 2289 δυνατά
2925 2237 2938 2290 ι
2974 2237 3115 2290 Τάδε
3149 2236 3386 2308 ἔρραξαν
3435 2235 3529 2287 τὸν
3559 2235 3842 2304 ἀλάστορα

2253 2329 2524 2398 κολαστήν
2543 2347 2556 2359 σ
2589 2329 2762 2382 ταῦτα
2791 2328 3068 2382 ὲκένωσαν
3099 2329 3160 2380 τὸ
3203 2327 3400 2395 ἐναγὲς
3444 2323 3586 2396 αἷμα
3615 2327 3712 2378 τοῦ
3757 2344 3844 2396 φο-

2251 2419 2440 2472 νευτοῦ
2463 2435 2476 2450 ⁸
2505 2419 2664 2489 εἴπερ
2687 2418 2985 2472 ὑπακούειν
3009 2421 3036 2472 ό
3067 2419 3305 2489 ἀψευδὴς
3335 2417 3707 2488 ἐπηγγείλατο
3741 2422 3842 2471 τιίςν

2255 2511 2506 2582 βοώντων
2541 2512 2679 2581 πρὸς
2709 2512 2872 2564 αὐτὸν
2905 2511 3101 2574 νυκτὸς
3134 2511 3227 2564 καὶ
3261 2511 3500 2581 ἡμέρας,
3531 2511 3675 2564 καθὰ
3707 2528 3842 2578 φησι

2251 2605 2319 2657 τὰ
2349 2603 2539 2670 Λόγια.
2583 2602 2737 2656 Mst
2767 2643 2780 2664 ,
2811 2602 3148 2674 Χρίστυῧρι,
3173 2601 3299 2656 ὅσον
3343 2602 3564 2672 ἴσχυσεν
3593 2604 3627 2669 ἡ
3802 2598 3840 2670 ᾧ

2252 2691 2406 2767 [Περ.
2433 2695 2546 2748 cod.
2594 2688 2692 2768 ὧν]
2726 2695 3025 2758 κατέξανας
3066 2696 3165 2755 τὰς
3211 2693 3442 2764 σάρκας.
3501 2695 3662 2757 ἿσΘι,
3707 2712 3842 2763 μυσ-

2253 2788 2437 2857 άρχα,
2484 2787 2668 2856 ἡλίκον
2728 2801 2812 2840 σοι
2858 2787 2919 2840 τὸ
2975 2786 3120 2840 κατὰ
3170 2786 3410 2856 Χριστοῦ
3451 2788 3838 2854 ἀποτέλεσμα·

2251 2879 2438 2950 ἐπειδὴ
2471 2879 2607 2949 πρὸς
2640 2879 2847 2948 κέντρα
2877 2877 3150 2942 λακτίζων
3175 2875 3264 2948 ἧς,
3291 2878 3570 2948 ὲλάκησας
3600 2881 3835 2948 πρηνής

2249 2971 2479 3042 ἐξεχύθη
2519 2973 2699 3037 σου,εἰ
2737 2973 2831 3026 καὶ
2855 2972 2916 3024 οὐ
2941 2971 3012 3024 τὰ
3047 2971 3354 3041 σπλάγχνα,
3387 2973 3524 3025 ἀλλὰ
3556 2972 3616 3024 τὸ
3644 2971 3841 3038 ἐναγὲς

2251 3061 2413 3134 αἷμα,
2443 3067 2699 3134 ἐντομαῖς
2746 3065 2945 3135 τρισὶν,
2991 3064 3065 3127 ὡς
3097 3067 3162 3134 τῇ
3194 3065 3385 3135 Τριάδι
3417 3065 3837 3135 προσκρούει-μ

2249 3174 2374 3219 τος,
2420 3156 2508 3210 διὰ
2556 3155 2657 3224 τῆς
2700 3155 2911 3226 ῢὸρεως
2955 3157 3058 3226 τῆς
3103 3156 3266 3224 ἁγίας
3306 3156 3516 3220 εἰκόνος
3570 3158 3836 3226 Χριστοῦ.

2257 3249 2444 3302 ’Ἄπιθι
2505 3250 2644 3318 μετὰ
2692 3248 2785 3302 τοῦ
2827 3249 3016 3314 Ἰούδα,
3046 3245 3436 3320 Ἰουδαίοφρον.
3480 3248 3720 3318 Σύντυχε
3765 3245 3838 3317 τῷ

2255 3341 2425 3410 πατρί
2471 3357 2564 3392 σου
2617 3341 2945 3412 οὐραλυφῖῳ
2994 3337 3455 3411 Καϐαλλωνύμῳ.
3525 3341 3621 3394 [lie
3675 3340 3836 3392 τοῦτο

2255 3432 2491 3502 πρῶτον,
2517 3430 2592 3494 ὥς
2614 3444 2779 3503 φησιν
2803 3432 2830 3484 6
2857 3433 3143 3506 προφήτης
3159 3472 3174 3496 ,
3200 3433 3294 3486 καὶ
3315 3431 3376 3485 τὸ
3396 3429 3729 3504 δριμύτερον
3753 3431 3834 3484 ἐπ’

2254 3524 2520 3594 ἐσχάτων.

2326 3807 2390 3858 Ὢ
2415 3807 2512 3874 τῆς
2550 3801 2762 3857 ἐκείνου
2796 3803 3238 3874 Χριστομανίας,
3279 3801 3374 3854 καὶ
3415 3802 3513 3872 τῆς
3558 3799 3836 3869 ὑμετέρας

2253 3897 2575 3966 όμολογίαςῑ
2622 3893 2808 3966 Ὑμεῖς
2859 3894 3051 3964 ἄνδρες
3089 3893 3488 3966 Χριστοφόροι,
3539 3892 3836 3964 Θρέμματέα

2254 3989 2558 4052 εὐσεϐείας,
2597 3987 2920 4058 μυρίσματα
2946 3986 3267 4050 ἀθανασίας,
3304 3984 3716 4055 στηλιτεύματα
3745 3983 3834 4037 τοῦ

2255 4081 2474 4153 ἐχθροῦ.
2542 4081 2735 4151 Ὑμεῖς
2791 4079 2958 4150 νεῦρα
3002 4081 3103 4146 τῆς
3161 4077 3522 4148 Ἐκκλησιας,
3553 4077 3842 4147 ἑδραίωμα

2256 4174 2521 4238 πίστεως,
2558 4174 2714 4237 κλέος
2753 4173 2818 4244 τῇ
2852 4173 2942 4242 ὑφ’
2970 4172 3126 4243 ἡλίῳ.
3172 4169 3362 4241 Ὑμῶν
3394 4169 3456 4222 τὸ
3489 4161 3837 4238 μνημόσυνον

2255 4265 2449 4328 αἴσιον,
2503 4265 2532 4318 ὃ
2575 4267 2670 4318 καὶ
2699 4268 2727 4320 6
2780 4267 2987 4337 μέλλων
3037 4263 3350 4328 ὑποδέξοιτο
3395 4261 3609 4333 χρόνος.
3646 4260 3837 4328 ’Υμών

2253 4357 2313 4410 τὸ
2367 4357 2700 4427 στεφάνωμα
2748 4359 3024 4428 οὐράνιον,
3077 4358 3190 4418 τοῖς
3241 4356 3567 4426 ᾁσματικοῖς
3617 4352 3835 4405 ἄνθεσιν

2255 4447 2551 4517 ἁξιοχρέως
2605 4446 3076 4517 συμπλεκόμενον.
3126 4444 3190 4495 Τί
3222 4443 3283 4495 τὸ
3310 4442 3530 4506 λοιπόν;
3590 4437 3836 4493 αἱνετέον

562 4531 776 4597 laudes,
804 4534 894 4604 pio
939 4535 1170 4604 principi
1203 4546 1387 4606 grates
1419 4545 1669 4607 agantur,
1695 4537 1840 4606 quod
1862 4552 2144 4592 carcerum

2254 4539 2404 4604 Θεὸν,
2436 4539 2788 4609 εὐχαριστέον
2821 4537 2899 4608 τῷ
2936 4535 3150 4590 εὐσεϐεῖ
3187 4535 3419 4606 βασιλεῖ,
3459 4534 3540 4586 ὅτι
3587 4532 3698 4584 τῶν
3735 4550 3836 4599 φυ-

561 4640 628 4679 ac
687 4626 938 4681 dolorum
985 4629 1146 4682 linem
1207 4629 1444 4698 denique
1506 4627 1744 4684 fecerit?
1803 4628 2145 4698 Sperandum

561 4714 680 4772 fore
709 4727 768 4772 ut
798 4719 890 4788 qui
927 4735 1185 4790 prospera
1219 4720 1366 4775 dedit
1422 4720 1577 4775 initia
1618 4719 1782 4786 Deus,
1836 4721 2058 4791 adjiciat
2088 4731 2148 4776 ut

562 4809 925 4878 respondeant
986 4823 1228 4868 extrema
1282 4815 1496 4885 primis,
1530 4823 1584 4868 et
1621 4822 1766 4868 recta
1833 4809 1968 4870 ﬁdes
2019 4829 2144 4870 cum

561 4917 695 4970 pace
751 4906 1042 4974 conjuncta
1091 4917 1256 4979 caput
1317 4918 1522 4963 exerat.
1589 4909 1823 4962 Tantum
1892 4908 2143 4972 obsecro,

563 5006 896 5051 mementote
929 4999 1035 5052 mci
1067 5000 1122 5052 in
1171 5000 1513 5054 orationibus
1540 4999 1860 5068 impensius,
1897 5011 1961 5052 ac
1991 4999 2146 5052 vobis

561 5087 697 5155 ipsis
718 5102 934 5158 semper
961 5091 1245 5146 attendite.
1269 5090 1520 5156 Quandiu
1549 5092 1694 5146 enim
1726 5090 1974 5160 spiritum
2001 5091 2148 5144 hunc

561 5179 782 5234 vitalem
834 5181 1111 5248 ducimus,
1181 5193 1417 5238 tentator
1470 5185 1658 5238 instat.
1714 5177 1905 5238 Frater
1968 5191 2147 5239 vester

562 5268 822 5328 Nicolaus
854 5289 950 5343 pro
985 5289 1138 5329 more
1177 5276 1407 5330 salutem
1440 5275 1594 5329 dicit.

847 5389 1184 5445 LXXXVIII.
1211 5421 1279 5432 —
1309 5387 1512 5443 Nicetaa
1555 5390 1860 5458 praeposito.

2247 4630 2428 4683 λακῶν
2468 4629 2562 4682 καὶ
2599 4629 2800 4682 ὀδυνῶν
2829 4628 2980 4681 εἴασε
3025 4628 3163 4690 τέως
3185 4642 3199 4658 ⁸
3245 4623 3341 4679 καὶ
3381 4623 3666 4677 έλπιστέον
3688 4623 3772 4674 ὅτι
3809 4623 3836 4672 ὁ

2246 4723 2369 4785 δοὺς
2407 4722 2538 4785 Θεὸς
2587 4722 2687 4793 τὴν
2727 4721 2982 4793 ἀπαρχὴν
3002 4722 3204 4788 δεξιὰν,
3235 4719 3558 4772 συναποίσει
3588 4721 3654 4787 τῇ
3687 4718 3830 4786 ἀρχῇ

2247 4815 2342 4868 καὶ
2363 4813 2423 4867 τὸ
2448 4814 2602 4878 τέλος
2625 4831 2636 4844 ·
2663 4813 3129 4886 τῆςεὶρηνοχύτου
3155 4812 3466 4883 ὀρθοδοξῐας
3492 4809 3832 4874 ὲξανατεῐλαι

2246 4905 2308 4960 τὸ
2361 4906 2547 4975 κέρας.
2605 4906 2781 4959 Μόνον
2840 4905 3146 4976 παρακαλῶ
3215 4903 3581 4974 μνημονεύειν
3627 4919 3729 4970 μου
3778 4902 3834 4949 ἐν

2247 5000 2581 5068 προσευχαῖς
2619 4997 2973 5069 θερμότερον,
3007 4999 3103 5052 καὶ
3135 4998 3430 5069 προσέχειν
3453 4996 3666 5056 ἑαυτοῖς
3701 4993 3835 5044 πάνυ

2247 5107 2391 5144 τοτε.
2424 5091 2544 5143 ’Ότι
2575 5089 2679 5152 ἕως
2698 5089 2764 5143 ἂν
2794 5091 3143 5161 ὲμπνέωμεν,
3179 5092 3206 5144 6
3239 5087 3522 5160 πειράζων
3547 5086 3828 5156 πάρεστιν.

2259 5180 2319 5234 '0
2383 5181 2609 5250 ἁδελφὸς
2661 5181 2818 5250 ὑμῶν
2885 5181 3158 5244 Νικόλαος
3213 5181 3528 5244 ἀσπάζεται
3583 5178 3720 5232 κατὰ
3773 5173 3834 5224 τὸ

2261 5270 2508 5341 σύνηθες.

2525 5386 2652 5439 ou.
2687 5413 2757 5423 —
2783 5384 3015 5454 Νικήτᾳ
3046 5382 3378 5456 ἡγουμένῳ·
3413 5381 3564 5454 want

1514 5501 1591 5552 De
1627 5502 1964 5565 persecutoris
1989 5499 2222 5557 interitu,
2246 5503 2300 5548 et
2326 5502 2495 5547 contra
2520 5498 2886 5547 lconomachos.

639 5607 786 5663 Misit
814 5610 881 5664 ad
912 5608 1272 5664 humilitatem
1309 5622 1508 5673 meam,
1535 5617 1596 5662 ut
1641 5607 1846 5677 accepi,
1880 5606 2143 5662 sanctitas

640 5762 686 5797 “
719 5764 859 5820 Psal.
907 5781 1076 5833 xxxii,
1112 5765 1164 5820 l.
1241 5765 1286 5798 ’³
1316 5762 1461 5822 Psal.
1495 5779 1604 5834 etv,
1629 5765 1683 5819 2.

2332 5602 2704 5672 Ἐπέστειλεν,
2768 5603 2846 5669 ὡς
2891 5603 3114 5676 ἔμαθον,
3169 5604 3203 5676 ὴ
3255 5605 3529 5675 ἁγιωσύνῃ
3561 5617 3645 5653 σου
3677 5597 3822 5671 πρὸς

1778 5765 1824 5798 ’⁸
1856 5765 1959 5820 isa.
1988 5777 2061 5832 Ix,
2108 5763 2161 5830 l,
2194 5777 2303 5820 sec.
2345 5759 2508 5817 LXX,
