4054 6364
271 332 410 398 ιειτ

1463 341 2006 405 EPISTOLARUM
2061 344 2213 430 LIB.
2255 345 2341 406 II.

3400 347 3539 413 1318

265 451 370 521 τὴν
395 447 732 503 ταπείνωσιν
780 465 917 521 μου*
973 451 1088 506 ἀλλ’
1137 451 1238 506 οὐκ
1292 453 1566 528 ἐδεξάμην
1599 458 1687 513 διά
1730 475 1853 512 τινα

1974 473 2048 514 .ua
2092 459 2302 516 litteras
2327 499 2342 514 .
2392 458 2488 515 sed
2527 473 2635 514 non
2666 467 2795 514 sunt
2819 458 2888 516 ad
2929 473 3018 514 me
3050 461 3234 515 nescio
3267 477 3377 532 quo
3409 479 3540 519 casu

267 539 650 608 περιπέτειαν.
701 539 845 609 Ἐγὼ
890 541 946 594 δὲ
975 541 1049 606 ὡς
1092 543 1426 616 δεξάμενος,
1475 548 1740 620 χαράσσω
1769 565 1854 603 σοι

266 632 389 686 τόδε
421 632 482 684 τὸ
509 631 729 695 εὐτελές
763 651 862 702 μου
893 635 1280 705 γραμμάτιον·
1325 641 1702 712 προσηγορίαν
1754 659 1852 695 κο-

270 721 432 789 μίζον
473 721 568 774 καὶ
599 722 684 784 τὸ,
709 725 901 794 Χαῖρε,
926 725 1318 797 φθεγγόμενον.
1353 731 1454 784 Διά
1495 733 1574 799 τί;
1617 734 1699 787 ὃτι
1732 750 1856 788 συν-

267 813 498 884 ετρίϐη,
545 814 745 884 μᾶλλον
796 817 854 870 δὲ
905 819 1183 890 κατεκόπη
1223 822 1252 874 6
1307 823 1526 876 κόπτων
1555 827 1705 895 ἡμᾶς
1730 843 1743 856 ·
1772 828 1854 880 ὅτι

266 905 476 976 δέδειχε
521 906 725 978 Κύριος
754 909 812 961 ὲν
840 907 1139 980 ὀφθαλμοῖς
1165 914 1441 977 ἁπάντων.
1485 917 1727 988 ἀρνητὴν
1755 919 1854 972 αὐ-

267 998 365 1049 τοῦ
419 993 560 1051 εἶναι
609 999 704 1052 τὸν
748 1001 849 1068 τῆς
901 1002 1061 1070 ἁγίας
1104 1006 1270 1059 αὑτοῦ
1309 1008 1517 1070 εἰκόνος
1561 1011 1851 1081 ἁθετητήν.

280 1087 372 1150 Ὠς
406 1088 514 1159 γάρ
551 1089 612 1141 οὐ
655 1090 950 1160 χωρίζεται
982 1093 1139 1155 ἀκτὶς
1166 1094 1275 1146 ἀπὸ
1302 1094 1455 1165 ἡλίου
1479 1112 1490 1126 ’
1521 1094 1692 1159 οὕτως
1731 1097 1856 1150 οὐδὲ

270 1181 438 1235 εἰκὼν
463 1182 556 1236 τοῦ
591 1184 973 1254 πρωτοτύπου,
999 1185 1031 1254 ἦ
1063 1186 1230 1252 μόνον
1272 1188 1414 1242 κατὰ
1450 1187 1511 1240 τὸ
1541 1191 1640 1259 τῆς
1669 1189 1857 1253 οὐσίας

269 1275 551 1345 διάφορον.
610 1276 734 1330 Ἐπὶ
765 1278 872 1330 τῶν
919 1279 1200 1350 τεχνητῶν
1236 1279 1299 1350 δὴ
1333 1279 1498 1348 λέγω.
1545 1279 1683 1333 Ἀλλ’
1707 1283 1857 1352 ὅμως

270 1365 371 1420 καὶ
411 1365 585 1430 οὕτως
637 1367 1002 1440 ἀστραψάσης
1049 1373 1151 1442 τῆς
1199 1371 1496 1442 ἀληθείας,
1555 1372 1656 1426 οὐκ
1711 1374 1858 1429 ἔστιν

271 1458 540 1529 ἄθρησις,
584 1461 824 1532 οὐδαμοῦ
865 1463 1156 1534 ἀνάνηψις.
1215 1465 1326 1519 Καὶ
1356 1466 1443 1528 τίς
1478 1465 1540 1519 οὐ
1577 1467 1854 1534 στενάξω,

231 1565 248 1580 ⁸
271 1552 371 1606 καὶ
402 1553 487 1616 τίς
518 1553 619 1605 οὐκ
655 1553 1084 1622 ἀποκλαύσοιτο;
1132 1556 1192 1609 οὐ
1225 1557 1352 1620 τοὺς
1387 1557 1855 1629 ἀθλοφοροῦνταςο

275 1643 476 1715 μήτιγε
533 1661 619 1708 τις
684 1644 842 1698 τοῦτο
875 1645 1170 1722 ὑπολάϐοιο
1205 1647 1322 1711 πῶς
1357 1650 1470 1720 γὰρ
1508 1651 1557 1704 οἱ
1589 1649 1861 1720 θεομακά-

279 1755 454 1810 ριστοι
504 1739 928 1810 ὲπικλαύσιμοι;
975 1742 1112 1797 ἀλλὰ
1153 1743 1279 1804 τοὺς
1323 1743 1730 1808 ἁϐλεπτοῦντας
1764 1744 1859 1797 καὶ⁴

1961 551 2201 620 perlatas.
2240 549 2398 605 Nunc
2432 565 2586 638 vero,
2625 559 2886 620 tanquam
2914 552 3272 620 accepissem,
3307 554 3408 608 hoc
3443 554 3542 608 tibi

1960 650 2124 696 tenue
2151 643 2462 712 epistolium
2497 656 2687 706 exaro,
2723 642 2868 711 quod
2901 641 2997 696 tibi
3049 642 3430 698 salutationem
3459 642 3544 698 fe-

1961 741 2067 798 rat,
2090 741 2140 788 et
2173 731 2411 802 gaudere
2443 732 2650 802 jubeat.
2696 733 2972 799 Quorsum
2999 732 3021 786 ’ἔ
3049 735 3305 803 quoniam
3335 735 3543 789 contri-

1962 830 2051 876 tus
2075 831 2178 888 est,
2208 823 2291 878 vel
2347 824 2528 893 potius
2572 823 2826 878 concisus
2857 832 2942 879 est
2980 826 3071 894 qui
3110 840 3210 879 nos
3255 825 3540 884 caedebat:

1961 912 2221 982 quoniam
2252 913 2428 982 palam
2475 912 2602 968 fecit
2643 914 2908 968 Dominus
2960 919 3014 969 in
3066 925 3358 984 conspectu
3422 931 3544 969 om-

1963 1003 2138 1068 nium,
2169 1013 2484 1076 negatorem
2510 1005 2627 1076 ejus
2655 1020 2798 1069 esse,
2851 1016 3052 1062 sanctae
3082 1007 3257 1076 ipsius
3289 1007 3544 1078 imaginis

1963 1105 2416 1165 contemptorem.
2465 1095 2937 1162 Quemadmodum
2985 1099 3130 1152 enim
3190 1115 3297 1152 non
3334 1097 3546 1168 disjun—

1963 1187 2112 1258 gitur
2159 1203 2191 1244 a
2230 1190 2343 1245 sole
2381 1190 2588 1257 radius,
2639 1192 2717 1245 sic
2746 1207 2922 1260 neque
2967 1193 3148 1262 imago
3176 1210 3205 1246 a
3240 1201 3543 1262 prototypo,

1963 1281 2070 1336 nisi
2110 1280 2228 1335 sola
2257 1283 2577 1338 sulJStantia:
2606 1283 2912 1338 differentia
2941 1302 2955 1338 :
2986 1283 3054 1338 de
3091 1295 3208 1338 arte
3258 1283 3417 1339 factis
3447 1284 3548 1338 uti-

1963 1385 2069 1440 que
2103 1371 2322 1441 loquor.
2356 1373 2427 1424 At
2457 1372 2838 1436 nihilominus,
2865 1389 2988 1427 cum
3033 1382 3314 1443 tantopere
3342 1375 3546 1428 veritas

1965 1461 2190 1534 fulgeat,
2232 1477 2394 1518 nemo
2417 1475 2500 1519 est
2529 1480 2622 1533 qui
2665 1465 2942 1534 respiciat,
2971 1481 3132 1519 nemo
3175 1466 3266 1535 qui
3295 1467 3548 1536 expergi-

1965 1566 2173 1611 scatur.
2199 1555 2265 1610 Et
2287 1557 2411 1626 quis
2433 1572 2596 1626 porro
2630 1573 2736 1612 non
2774 1560 3143 1629 ingemiscat?
3192 1567 3246 1614 et
3284 1561 3408 1627 quis
3437 1576 3548 1614 non

1966 1648 2206 1703 deﬂeat?
2245 1664 2355 1703 non
2381 1664 2476 1704 eos
2531 1650 2624 1720 qui
2657 1649 2868 1705 fortiter
2898 1661 3110 1706 certant
3139 1669 3154 1718 ;
3208 1668 3388 1722 neque
3419 1669 3550 1709 vero

1967 1744 2093 1810 quis
2135 1739 2188 1794 id
2256 1749 2567 1810 suspicetur
2603 1759 2618 1795 :
2654 1756 2780 1794 nam
2834 1743 3110 1812 quomodo
3170 1743 3386 1814 lugendi
3443 1745 3552 1800 sint

273 1831 358 1902 τῷ
387 1833 535 1899 αὐτῷ
565 1831 714 1904 ζόφῳ
747 1835 846 1904 τῆς
886 1833 1142 1898 ἀσεϐείας
1191 1836 1662 1906 ἐπερειδομένους.
1715 1835 1857 1904 Ἐγὼ

1974 1847 2103 1902 quos
2157 1831 2302 1888 Deus
2355 1833 2702 1890 beavit?sed
2737 1849 2832 1890 eos
2859 1834 2954 1905 qui
3002 1835 3319 1901 cmentiunt,
3385 1847 3550 1908 atque

279 1926 386 1997 μὲν
426 1921 518 1980 οῦν
565 1927 592 1980 6
634 1927 804 1989 τάλας
846 1925 989 1980 οὕτω
1018 1927 1113 1980 καὶ
1170 1926 1528 1998 διανοοῦμαι,
1572 1927 1714 1981 οὕτω
1765 1927 1862 1982 καί

273 2019 672 2091 ἀποκλαίομαι.
723 2021 794 2074 Σὺ
840 2021 916 2084 δὲ,
945 2013 990 2073 ὧ
1035 2019 1158 2091 ίερά
1181 2021 1430 2092 κεφαλὴ,
1465 2021 1559 2074 καὶ
1590 2020 1689 2092 τῆς
1721 2021 1862 2092 ἐμῆς

274 2111 632 2182 οὐθενότητος
657 2113 808 2184 φίλη,
837 2113 912 2184 μὴ
935 2112 1266 2184 άπολήξειας
1293 2112 1710 2184 προσευχομένη
1732 2130 1863 2166 κατ-

275 2204 521 2274 αλλαγὴν
555 2204 764 2271 φθάσαι
789 2203 999 2259 ἀνωθεν
1022 2204 1100 2276 τῷ
1131 2204 1246 2276 λαῷ
1275 2205 1369 2259 τοῦ
1416 2204 1572 2260 Θεοῦ.
1631 2206 1863 2259 Ἔπειτα

193 2290 196 2293 ’
275 2296 374 2352 τοῦ
399 2297 494 2350 καὶ
523 2298 672 2367 ἡμᾶς
708 2295 1072 2360 διασώζεσθαι
1116 2297 1244 2361 τοὺς
1288 2298 1582 2364 ἀναξίους,
1631 2299 1865 2351 κατόπιν

278 2388 437 2458 ὑμῶν
474 2389 583 2441 τῶν
609 2389 782 2456 ἁγίων
819 2389 1020 2453 ἰόντας.
1057 2389 1118 2443 Ὀ
1153 2391 1251 2444 σὺν
1283 2390 1407 2460 ἐμοὶ
1431 2389 1662 2459 ἁδελφὸς
1691 2406 1866 2460 προσ-

277 2481 555 2552 αγορεύει.
608 2482 749 2546 Τοὺς
785 2481 924 2553 μετὰ
962 2484 1062 2556 τῆς
1106 2483 1418 2553 ἁγιωσύνης
1466 2501 1562 2536 σου
1597 2482 1866 2553 ἀδελφούς

281 2593 390 2646 μου
428 2577 782 2647 ἀσπάζομαιο
827 2577 989 2647 καίγε
1048 2578 1287 2648 μάλιστα
1329 2577 1422 2632 τὸν
1478 2577 1626 2649 ἱερὸν
1663 2577 1870 2651 Ἀρσέ-

277 2684 419 2722 νιον.

277 2780 402 2834 08’.
427 2811 493 2820 ——
515 2783 834 2851 Νικηφόρῳ
860 2781 939 2848 τῷ
968 2781 1269 2850 ἁγιωτάτῳ
1309 2781 1670 2852 πατριάρχῃ.
1707 2781 1880 2856 [φς’.]

1965 1923 2022 1976 in
2069 1922 2185 1992 ipsa
2225 1921 2526 1992 impietatis
2584 1923 2816 1994 caligine
2858 1925 3182 1995 gloriantur.
3247 1924 3358 1996 Ego
3419 1942 3553 1982 sane

1966 2015 2134 2070 miser
2184 2013 2265 2070 sic
2303 2029 2519 2069 mecum
2572 2015 2755 2069 animo
2786 2025 3000 2083 reputo,
3054 2018 3134 2072 sic
3161 2025 3214 2070 et
3251 2017 3429 2088 lugeo.
3467 2017 3551 2072 Tu

1965 2121 2117 2174 vero,
2148 2122 2369 2164 sacrum
2404 2118 2589 2177 caput,
2625 2121 2688 2162 ac
2731 2108 3014 2164 tenuitatis
3062 2119 3262 2164 nostra:
3289 2112 3550 2174 anticum,

1965 2213 2040 2254 ne
2075 2199 2284 2267 precari
2313 2199 2523 2266 desine,
2551 2200 2626 2254 uti
2657 2201 2856 2270 populo
2890 2201 2984 2256 Dei
3025 2201 3242 2257 coalitus
3281 2217 3382 2271 pax
3416 2216 3552 2256 οοιι..

1970 2293 2142 2363 tingat
2184 2309 2198 2345 :
2231 2292 2430 2347 deinde
2461 2301 2519 2347 ut
2552 2301 2606 2347 et
2636 2308 2739 2348 nos
2765 2293 2901 2348 salvi
2931 2295 3128 2360 simus,
3159 2296 3366 2364 indigni
3405 2297 3552 2364 licet,

1967 2384 2198 2454 vestigia
2221 2393 2400 2440 vestra
2427 2385 2521 2455 qui
2551 2385 2727 2440 sancti
2756 2387 2888 2441 estis
2913 2387 3335 2459 subsequentes.
3361 2389 3555 2445 Frater

1969 2479 2062 2545 qui
2117 2491 2333 2530 meeum
2377 2486 2482 2541 est,
2515 2476 2612 2530 tibi
2665 2477 2894 2532 salutem
2931 2478 3083 2532 dicit.
3120 2479 3338 2535 Fratres
3379 2496 3550 2548 meos,

1969 2569 2063 2637 qui
2119 2583 2242 2622 cum
2284 2567 2573 2622 sanctitate
2623 2577 2714 2622 tua
2749 2568 2973 2638 degunt,
3017 2570 3197 2625 saluto
3233 2589 3246 2625 :
3287 2573 3555 2643 imprimis

1968 2677 2100 2716 vero
2122 2674 2338 2714 sacrum
2357 2659 2672 2714 Arsenium.

2029 2772 2270 2828 LXXIX.
2325 2802 2398 2812 —
2447 2769 2749 2842 Nicephoro
2798 2773 3144 2828 sanctissimo
3175 2775 3518 2844 patriarchae.

275 2892 548 2943 Dolentem
578 2894 709 2955 quod
736 2894 970 2944 Ecclesiae
989 2909 1092 2946 suae
1113 2908 1204 2957 pax
1226 2895 1411 2946 Leonis
1432 2896 1642 2948 Διπλεηὶ
1662 2890 2296 3006 ωοτιθδέιῗηᾱιιὲηοοίιυε
2325 2889 2518 2941 reddita
2537 2896 2693 2949 esset,
2715 2904 2806 2954 spe
2825 2888 3092 2940 meliorum
3117 2894 3324 2943 solatur.
3353 2893 3554 2953 (Baron.

990 2968 994 2970 '
1709 2973 1788 3006 an.
1847 2961 1864 2982 "
1913 2995 1926 3006 .
1948 2969 1998 3004 ιι.
2094 2992 2123 3006 .,

990 2968 994 2970 '
1709 2973 1788 3008 an.
1813 2961 1926 3017 8‘21,
1948 2969 1998 3004 n.
2025 2961 2124 3016 42.)

366 3039 687 3093 Ἐπέστειλα
742 3041 913 3094 πάλαι
957 3044 986 3094 6
1039 3044 1244 3110 τάλας,
1281 3045 1344 3100 οὐ
1403 3045 1538 3117 πρὸς
1594 3046 1865 3100 ἀντίδοσιν

2047 3037 2255 3110 Scripsi
2289 3037 2418 3094 olim
2465 3039 2653 3105 miser,
2686 3054 2794 3093 non
2833 3048 2892 3094 ut
2948 3040 3080 3094 mihi
3117 3040 3359 3096 vicissim
3417 3040 3558 3096 scri-

279 3132 632 3202 γραμμάτων
684 3132 1046 3186 ἀποσκοπῶν·
1111 3135 1194 3188 ὅτι
1255 3134 1392 3206 μηδὲ
1447 3136 1657 3198 δούλοις
1714 3137 1867 3206 παρὰ

1974 3133 2130 3188 beres
2164 3150 2176 3186 :
2214 3147 2315 3186 nec
2345 3131 2489 3187 enim
2515 3131 2690 3186 servis
2723 3132 2933 3186 domini
2957 3131 3196 3198 debent;
3245 3133 3338 3188 Sed
3373 3149 3556 3189 meum

277 3219 562 3272 δεσποτῶν
590 3219 781 3291 ὀφειλή
802 3237 816 3251 ³
849 3221 986 3275 ἀλλὰ
1011 3223 1111 3292 τὴν
1142 3225 1385 3295 ἐμαυτοῦ
1415 3207 1659 3281 διάθεσιν
1685 3228 1870 3299 γλιχό-

1974 3225 2148 3296 ipsius
2186 3223 2438 3281 affectum
2503 3224 2784 3280 declarare
2825 3227 3076 3294 cupiens,
3133 3241 3318 3281 amore
3352 3236 3402 3281 et
3457 3243 3558 3298 op-

282 3325 450 3376 μενος
481 3310 828 3379 ὑπεκφάναι’
872 3312 1016 3368 οὕτω
1060 3315 1155 3368 τοῦ
1197 3316 1364 3368 πόθου
1410 3317 1627 3372 καὶτοῦ
1677 3317 1871 3388 καιροῦ

1975 3319 2306 3389 portunitate
2326 3317 2403 3372 ita
2435 3318 2776 3388 cogentibus,
2817 3333 2924 3372 non
2951 3319 3266 3386 incongrue.
3294 3317 3376 3373 Tu
3406 3335 3558 3388 vero,

281 3396 644 3469 βιαζομένων,
692 3403 792 3456 οὐκ
843 3403 1172 3470 ἀπεικότως.
1222 3408 1396 3473 Αὐτὸς
1428 3409 1507 3473 δὲ,
1539 3403 1585 3464 ὧ
1620 3409 1743 3464 Θεία
1778 3412 1871 3465 καὶ

1976 3423 2010 3463 o
2039 3409 2222 3464 divine
2247 3417 2301 3462 et
2325 3423 2580 3478 supreme
2619 3423 2901 3462 sacrorum
2925 3409 3166 3478 capitum
3207 3421 3414 3474 vertex,
3448 3425 3558 3466 non

282 3492 564 3561 κορυφαία
601 3493 712 3546 τῶν
774 3495 935 3566 ἱερῶν
980 3499 1236 3568 κεφαλῶν
1283 3499 1527 3571 ἀκρότης
1553 3545 1568 3568 ,
1602 3503 1662 3555 ού
1713 3503 1874 3574 μόνον

282 3583 696 3638 ἀντεπιστεῖλαι
723 3586 971 3656 ἠξίωσας
1015 3589 1091 3659 τῷ
1121 3589 1349 3659 ἀναξίῳ,
1397 3591 1750 3664 θεομιμήτως
1775 3593 1874 3666 δη-

279 3677 461 3729 λονότι
486 3678 787 3748 φερόμενος
808 3695 822 3708 ·
857 3679 994 3734 ἀλλὰ
1019 3683 1128 3750 γὰρ
1156 3683 1251 3734 καὶ
1274 3681 1372 3736 ἀπ’
1403 3683 1576 3754 αὐτῆς
1603 3685 1704 3754 τῆς
1737 3703 1872 3757 προ-

280 3769 506 3838 γραφῆς
538 3769 791 3822 τοσοῦτον
831 3771 964 3840 ἡμῖν
1000 3770 1052 3824 c6
1086 3771 1188 3841 τῆς
1232 3773 1739 3846 ταπεινοφροσύνης
1777 3792 1873 3828 σου

284 3863 438 3916 θεῖον
489 3861 621 3933 ὕψος
666 3862 986 3940 ὑπέδειξας,
1023 3863 1101 3927 ὡς
1132 3865 1558 3936 καταπλαγῆναι
1588 3866 1748 3938 ἡμῶν
1775 3867 1875 3940 τὴν

281 3955 517 4027 οἰκτρὰν
554 3955 818 4011 διάνοιαν.
851 3957 916 4010 Ὢ
956 3955 1051 4010 τοῦ
1089 3955 1403 4027 θαύματοςι
1439 3959 1504 4012 Εἰ
1555 3961 1584 4013 6
1623 3959 1876 4026 τοσοῦτος

284 4051 388 4104 καὶ
433 4049 752 4118 τηλικοῦτος
803 4048 903 4120 τὴν
956 4048 1137 4118 ἀξίαν,
1161 4050 1258 4104 καὶ
1305 4051 1434 4123 τῇδε
1481 4053 1875 4124 συνισουμένην

284 4143 430 4214 ἔχων
479 4143 578 4214 τὴν
615 4143 819 4215 ἀρετὴν
871 4143 1399 4214 ἀναστράπτουσαν,
1431 4144 1509 4210 ὡς
1553 4144 1692 4198 αὐτά
1729 4162 1874 4217 μαρ-

283 4238 450 4305 τυρεῖ
499 4235 567 4288 τὰ
598 4234 935 4306 πράγματα,
965 4234 1079 4288 υἱὸν
1115 4235 1308 4288 ἑαυτὸν
1335 4234 1432 4290 τοῦ
1462 4235 1724 4302 ἀσθενοῦς
1763 4237 1873 4292 ἀπ-

286 4328 554 4383 εκάλεσεν
576 4345 590 4360 ο
633 4328 663 4378 6
701 4327 930 4396 οὐθενὴς
975 4328 1072 4381 καὶ
1100 4327 1312 4399 ἀφανὴς
1343 4329 1396 4382 τί
1426 4329 1621 4384 ἑαυτὸν
1671 4330 1874 4402 ὀνομά-

291 4439 445 4488 σειε;
468 4421 576 4476 Καὶ
605 4422 654 4474 εί
684 4423 712 4475 6
744 4421 844 4494 τῆς
904 4421 1218 4493 ἁγιωσύνης
1257 4421 1520 4494 λαμπτὴρ
1551 4423 1875 4494 ἁμαρτωλὸν

289 4515 490 4570 ἑαυτὸν
535 4515 912 4587 ὑπογράφοιεν
931 4531 945 4544 ·
981 4516 1017 4586 ὁ,
1045 4514 1369 4587 ἁμαρτωλὸς
1399 4516 1496 4570 καὶ
1527 4518 1876 4589 ἠπορημένος

289 4609 411 4664 τίδ’
435 4608 502 4662 ἄν
523 4609 618 4662 καὶ
638 4608 1106 4679 ἀποκριθήσεται;
1137 4609 1280 4679 "Apis
1307 4611 1355 4663 εί
1380 4610 1472 4664 καὶ
1499 4609 1668 4682 μηδὲν
1691 4612 1877 4683 ἓτερον

292 4701 614 4771 ἐγέγραπτο
643 4703 710 4771 τῇ
744 4701 1002 4772 ἐπιστολῇ
1023 4741 1038 4766 ,
1087 4701 1247 4772 ἤρκει
1277 4701 1437 4756 τοῦτο
1491 4703 1652 4772 μόνον
1681 4703 1776 4757 τοῦ
1817 4722 1879 4758 τε

292 4792 593 4861 δεχομένου
618 4789 712 4844 τὸν
735 4790 857 4843 νοῦν
880 4789 1249 4861 ἐκθαμϐἦσαι,
1286 4791 1382 4845 καὶ
1410 4791 1502 4845 τοῦ
1527 4793 1880 4864 πεπομφότος

295 4881 362 4935 τὺ
385 4880 799 4952 ἀνυπέρϐλητον
830 4881 888 4934 ἐν
909 4883 1080 4952 ἀρετῇ
1100 4881 1488 4953 θριαμϐεῦσαι.
1524 4883 1678 4936 Ἐπεὶ
1701 4884 1757 4936 δὲ
1786 4885 1882 4939 καὶ

295 4974 365 5027 τὸ
396 4974 516 5028 ὅλον
543 4972 676 5042 ῦφος
699 4972 794 5026 τοῦ
816 4973 964 5044 ἱεροῦ
984 4973 1191 5044 βιϐλίου
1220 4974 1524 5044 διέγνωμεν
1543 4977 1591 5028 oi
1612 4977 1882 5043 ταπεινοὶ,

297 5068 427 5125 τότε
467 5066 565 5120 καὶ
598 5065 800 5134 μᾶλλον
823 5065 1092 5136 ἥσθημεν,
1124 5069 1191 5138 τῇ
1220 5067 1469 5136 κεφαλίδι
1499 5067 1560 5120 τὸ
1578 5067 1698 5121 ὅλον
1725 5067 1886 5138 σῶμα

300 5161 407 5228 τῆς
435 5158 726 5225 διαλέξεως
754 5158 1107 5230 καταλλήλως
1127 5160 1424 5231 εὑρηκότες
1451 5161 1883 5232 ἀπηρτισμένον.

304 5249 492 5319 Οἶδας,
523 5254 552 5306 6
594 5241 748 5320 ἅγιος
763 5254 857 5306 τοῦ
892 5252 1053 5318 Θεοῦ,
1107 5247 1198 5306 οἷα
1240 5252 1486 5322 ἐφθέγξω
1518 5271 1885 5324 πνευματοκι-

304 5345 521 5414 νήτωςο
570 5345 646 5407 ὡς
686 5346 1010 5417 ὲπέρῤωσας
1052 5343 1212 5416 ἡμῶν
1245 5344 1346 5416 τὴν
1393 5345 1606 5416 ἀσθενῆ
1647 5346 1888 5400 διάνοιαν

311 5435 556 5490 ἐπαίνων
601 5436 1107 5507 φαρμακεύμασιν·
1163 5435 1241 5500 ὡς
1291 5439 1698 5510 συνερῤίζωσας
1743 5439 1890 5510 ἡμᾶς

313 5527 772 5600 ὑπομονητικῶς,
821 5530 896 5598 μὴ
950 5530 1212 5582 ἑκκακείν
1255 5529 1315 5584 ἐν
1347 5531 1467 5593 ταῖς
1501 5529 1745 5600 θλίψεσι,
1801 5529 1897 5582 καὶ

313 5619 418 5673 ὅσα
441 5617 577 5674 ἄλλα
607 5618 999 5688 ὐπεσημήνατο
1029 5617 1288 5686 θεοσοφία
1318 5617 1714 5689 καλλυνόμενα.
1753 5617 1895 5672 ⁹Αλλ’

318 5710 613 5782 εὐλογητὸς
637 5714 666 5765 ὁ
694 5711 855 5773 Θεὸς.
886 5710 946 5773 ὃς
988 5712 1046 5765 ὲν
1078 5710 1306 5782 τοιούτῳ
1348 5710 1560 5782 σεισμῷ
1605 5709 1897 5777 ἀσεϐείας,

319 5803 646 5875 τηλικοῦτον
698 5800 1020 5874 ὑπέρμαχον
1078 5800 1215 5874 ὁμοῦ
1271 5801 1366 5890 καὶ
1429 5801 1771 5876 κυϐερνήτην
1829 5804 1898 5876 τῇ

779 6087 806 6120 θ

1976 3501 2155 3556 solum
2187 3501 2520 3570 respondere
2541 3501 2764 3570 indigno
2787 3501 3042 3570 dignatus
3071 3517 3154 3565 es,
3183 3501 3278 3555 Dei
3309 3503 3561 3557 videlicet

1975 3594 2224 3665 exemplo
2250 3596 2469 3660 ductus,
2492 3596 2585 3650 sed
2619 3606 2674 3650 et
2701 3597 2766 3650 ab
2787 3595 2906 3666 ipso
2934 3596 3308 3666 inscriptionis
3335 3597 3562 3652 exordio

1975 3696 2185 3743 tantum
2215 3686 2376 3742 nobis
2396 3697 2500 3741 tua:
2519 3686 2843 3742 humilitatis
2859 3687 3104 3740 divinum
3131 3689 3350 3742 culmen
3377 3696 3563 3743 osten-

1975 3780 2126 3842 disti,
2155 3791 2214 3833 ut
2246 3788 2526 3847 stuporem
2561 3777 2765 3834 infelici
2811 3777 2983 3832 menti
3029 3787 3231 3833 nostris
3284 3778 3556 3849 inieceris.

1975 3871 2018 3924 0
2047 3885 2162 3924 rem
2209 3869 2628 3924 admirandam!
2688 3867 2746 3923 Si
2786 3877 2970 3923 tantus
3003 3884 3068 3925 ac
3107 3870 3234 3925 talis
3269 3870 3557 3940 dignitate,

1975 3972 2030 4018 et
2057 3962 2186 4017 huic
2208 3961 2429 4032 quidem
2464 3975 2654 4031 parem
2680 3975 2873 4030 gerens
2903 3961 3233 4016 emicantem
3272 3963 3556 4029 virtutem,

1975 4063 2037 4110 ut
2065 4053 2206 4108 facta
2233 4054 2348 4124 ipsa
2375 4062 2666 4118 testantur,
2695 4053 2866 4107 lilium
2888 4068 2947 4109 se
2971 4052 3356 4108 homuncionis
3380 4053 3564 4122 appel-

1975 4146 2107 4202 lavit
2136 4165 2150 4214 ;
2177 4147 2302 4202 vilis
2333 4147 2499 4201 homo
2534 4161 2599 4201 ac
2625 4146 2828 4200 nullius
2855 4145 3015 4216 pretii
3047 4143 3194 4216 quod
3225 4145 3330 4201 sibi
3361 4159 3563 4201 nomen

1976 4239 2268 4311 imponet?
2305 4237 2392 4303 Et,
2440 4240 2486 4295 si
2537 4239 2917 4294 sanctimoniae
2956 4240 3191 4310 lampas,
3220 4247 3561 4310 peccatorem

1976 4334 2216 4404 seipsum
2245 4333 2543 4388 subscribit
2569 4343 2590 4401 τ
2632 4341 2885 4402 peceator
2907 4341 2962 4386 et
2981 4332 3142 4402 inops
3165 4333 3299 4402 quid
3328 4348 3562 4403 respon-

1975 4426 2175 4482 debit?
2213 4424 2378 4496 igitur
2407 4426 2453 4481 si
2489 4425 2638 4480 aliud
2688 4424 2826 4478 nihil
2860 4425 3126 4494 scriptum
3177 4423 3392 4491 fuisset,
3429 4427 3563 4481 satis

1981 4518 2084 4573 hoc
2111 4533 2284 4572 unum
2315 4525 2435 4573 erat
2459 4527 2513 4572 et
2560 4517 2630 4572 ad
2677 4516 3000 4586 accipientis
3029 4517 3274 4570 animum
3300 4517 3563 4587 obstupe-

1981 4609 2317 4672 faciendum,
2347 4591 2401 4664 et
2425 4609 2491 4662 ad
2525 4607 2810 4662 scribentis
2846 4607 3271 4675 insuperabilem
3301 4608 3562 4662 virtutem

1979 4701 2365 4758 extollendam.
2411 4698 2710 4768 Postquam
2765 4708 2947 4753 autem
3001 4706 3174 4752 totum
3207 4699 3350 4753 sacri
3397 4699 3564 4754 libelli

1981 4800 2300 4846 contextum
2347 4791 2586 4845 humiles
2634 4790 2964 4860 perlegimus
2997 4806 3012 4856 ;
3046 4799 3159 4844 tum
3188 4790 3358 4844 multo
3391 4791 3565 4858 magis

1983 4882 2154 4952 gavisi
2209 4896 2427 4945 sumus,
2489 4891 2660 4936 totum
2712 4881 2982 4936 orationis
3026 4895 3224 4951 corpus
3268 4897 3370 4936 suo
3403 4883 3564 4952 capiti

1985 4981 2108 5041 apte
2135 4971 2467 5040 respondere
2495 4970 3016 5028 animadvertentes.
3047 4971 3191 5037 Scis,
3225 4983 3415 5028 sancte
3445 4973 3563 5039 Dei,

1986 5063 2170 5132 qualia
2207 5061 2415 5132 Spiritu
2447 5073 2699 5118 movente
2735 5062 2953 5118 locutus
2986 5063 3064 5119 sis
3099 5082 3112 5119 :
3169 5065 3444 5134 quomodo
3478 5066 3566 5118 in-

1988 5156 2203 5209 firmam
2260 5163 2496 5209 mentem
2568 5162 2812 5209 nostram
2860 5155 3088 5209 laudum
3154 5157 3568 5212 medicamentis

1988 5245 2400 5303 conlirmaveris
2431 5263 2445 5299 :
2477 5245 2755 5316 quomodo
2785 5246 2852 5301 ad
2889 5246 3210 5316 patientiam
3233 5263 3330 5302 nos
3379 5262 3568 5301 corro-

1992 5338 2290 5404 boraveris,
2323 5353 2394 5393 ne
2448 5339 2504 5392 in
2551 5338 2937 5395 aiilictionibus
2987 5339 3473 5408 despondeamus;
3517 5347 3571 5393 st

1996 5446 2331 5501 quaecunque
2361 5431 2466 5484 alia
2496 5430 2675 5485 divina
2705 5430 2970 5500 sapientia
3017 5430 3243 5500 pulchre
3277 5428 3570 5498 suggessit.

1996 5520 2102 5577 Sed
2133 5521 2454 5577 benedictus
2483 5521 2649 5586 Dens,
2683 5522 2776 5592 qui
2809 5522 2863 5575 in
2903 5531 3056 5576 tanto
3091 5521 3388 5589 impietatis
3416 5531 3571 5574 motu

1993 5626 2049 5670 et
2068 5615 2450 5682 concussione,
2486 5615 2647 5670 talem
2682 5624 3138 5685 propugnatorem
3188 5615 3352 5668 simul
3382 5631 3443 5667 ac
3473 5631 3574 5680 gu-

1995 5707 2340 5764 bernatorem
2364 5705 2620 5762 Ecclesiae
2645 5723 2758 5761 sua:
2774 5707 3004 5778 largitus
3031 5715 3136 5769 est,
3158 5706 3570 5770 inconcussum,

1998 5799 2354 5869 immobilem,
2385 5799 2550 5858 verba
2574 5799 2697 5856 vitae
2721 5799 3063 5874 .habentem,
3090 5798 3455 5858 confessionis
3491 5799 3575 5855 lu-
