4054 6364
1669 266 1749 284 ,ολ

557 398 702 469 1319

1757 399 1818 461 S.
1857 397 2252 460 THEODOBI
2294 393 2644 458 STUDIT/E

3707 385 3839 450 1320

557 531 682 572 men
721 529 980 572 universo
1011 514 1136 570 orbi
1195 513 1605 569 accendentem.
1651 511 1806 580 Quod
1855 513 1902 568 si
1969 512 2142 566 hiems

2247 508 2443 562 ἑαυτοῦ
2486 503 2788 575 Ἐκκλησία
2809 502 3145 574 ἐδωρήσατο,
3171 500 3452 564 ἄσειστον,
3475 497 3835 569 ἀκράδαντον,

555 611 795 664 nondum
855 609 1136 679 praeteriit,
1187 608 1313 662 licet
1356 621 1523 677 parva
1573 605 1818 675 quaedam
1870 605 2140 660 serenitas

555 703 864 758 atfulserit:
913 717 1024 756 non
1075 699 1498 771 desperandum,
1545 709 1690 754 oter
1742 697 1922 752 beate.
1956 698 2142 751 P0test

555 797 701 851 enim
731 797 825 866 qui
862 797 1075 850 brevem
1109 794 1260 865 pacis
1299 793 1592 848 scintillam
1637 790 1909 846 concessit
1955 789 2142 844 Domi-

555 903 683 955 nus,
709 887 877 942 Deum
900 885 1244 942 ﬂectentibus
1267 884 1522 954 precibus
1555 883 1664 939 tuis
1687 882 1942 945 inﬂexus,
1972 881 2141 936 etiam

561 993 730 1036 totum
767 981 1086 1035 orthodoxa
1117 977 1239 1032 ﬁdei
1276 993 1371 1032 ver
1399 975 1635 1046 pandere
1671 993 1686 1031 :
1732 984 1787 1030 et
1817 984 1946 1030 tunc
1976 974 2142 1029 nimi-

556 1089 704 1136 rum,
761 1071 981 1142 quando
1048 1071 1140 1124 irte
1185 1069 1361 1124 nubes
1423 1069 1651 1122 omnino
1709 1067 2030 1136 mutabitur,
2089 1075 2144 1120 et

557 1172 775 1236 piorum
807 1181 871 1219 ac
919 1163 1085 1218 Deum
1117 1162 1421 1217 amantium
1455 1177 1612 1216 amor
1646 1161 1910 1231 probatus
1936 1159 2140 1215 clarius

555 1258 742 1311 fuerit.
799 1254 925 1310 Haec
984 1270 1152 1310 ausus
1203 1271 1326 1310 sum
1395 1254 1450 1309 in
1518 1254 1806 1323 praesentia
1880 1262 2140 1323 tanquam

554 1345 772 1400 catulus
801 1345 1071 1414 quispiam
1111 1346 1311 1399 mutire
1339 1345 1546 1414 optimo
1592 1359 1714 1398 meo
1744 1359 1932 1399 revera
1961 1345 2145 1398 archi-

555 1437 763 1508 pastori
792 1439 912 1506 :qui
931 1446 986 1490 et
1006 1437 1378 1492 venerandum
1403 1436 1768 1492 enchiridium
1789 1452 1914 1491 cum
1940 1436 2143 1506 ingenti

555 1529 922 1583 exsultatione
953 1529 1196 1598 suscepi.

875 1812 1090 1868 LXXX.
1125 1844 1192 1856 --
1236 1813 1439 1870 Joanni
1490 1814 1813 1886 Logothelw.

2245 602 2405 670 λόγον
2454 599 2604 668 ζωῆς
2661 597 2962 667 ἐπέχονταο
3011 594 3128 665 φῶς
3170 592 3467 664 ὁμολογίας
3519 593 3586 662 τῇ
3628 592 3838 662 ὐφηλίῳ

2243 691 2613 764 πυρσεύοντα.
2664 691 2731 745 Εἰ
2756 690 2816 742 δὲ
2863 689 2945 742 ὅτι
2972 689 3002 740 6
3025 685 3237 758 χειμὼν
3265 686 3491 740 ούτίπου
3529 685 3834 754 παρῆλθεν,

2243 785 2292 839 εί
2337 782 2432 836 καί
2469 797 2557 845 τις
2606 779 2781 850 μικρὰ
2827 778 3015 850 αἰθρία
3058 776 3452 848 ὑπειίιστροιιίκεν⁹
3485 777 3588 829 οὑκ
3623 775 3840 844 ἀθυμη-

2243 878 2389 942 τέον,
2443 869 2490 931 ὦ
2554 874 3018 948 τρισμακάριστε.
3078 875 3318 935 Δυνατὸς
3368 871 3480 944 γὰρ
3537 872 3568 924 6
3607 871 3735 934 δοὺς
3780 871 3838 924 τὸ

2245 967 2421 1039 βραχὺ
2442 970 2543 1040 τῆς
2567 969 2790 1036 εἰρήνης
2830 962 3169 1034 ἐμπύρευμα
3205 962 3435 1033 Κύριος,
3473 963 3598 1025 ταῖς
3630 960 3841 1013 θεοκλι-

2244 1061 2362 1114 νέσι
2399 1077 2494 1114 σου
2527 1059 2922 1128 καμπτόμενος
2965 1058 3300 1127 προσευχαῖς
3320 1096 3336 1121 ,
3367 1056 3462 1108 καὶ
3495 1055 3558 1109 τὸ
3590 1055 3718 1108 ὅλον
3745 1055 3840 1124 τῆς

2242 1152 2557 1226 ὀρθοδοξίας
2608 1151 2953 1206 ἀναπετάσαι
3013 1149 3152 1220 ἒαρ’
3210 1148 3309 1202 καὶ
3365 1149 3488 1201 τότε
3558 1147 3840 1218 δηλονότι,

2242 1247 2408 1301 ὁπότε
2441 1247 2538 1300 καὶ
2590 1244 2653 1298 τὸ
2698 1245 2798 1314 τῆς
2825 1243 3000 1314 ὀργῆς
3051 1242 3214 1311 νέφος
3263 1240 3564 1311 ἀμειφθείη
3612 1241 3839 1304 τέλεον,

2243 1339 2340 1392 καὶ
2385 1341 2415 1392 6
2457 1335 2622 1401 πόθος
2674 1335 2787 1390 τῶν
2839 1332 3104 1403 θεοφιλῶν
3141 1333 3514 1407 ,δοκιμασθείη
3583 1331 3842 1403 λαμπρό-

2243 1447 2424 1501 τερον.
2453 1428 2642 1483 Ταῦτά
2671 1445 2762 1500 μοι
2796 1426 2892 1481 νῦν
2917 1427 3252 1496 τετόλμηται
3288 1424 3480 1495 ῶσπερ
3513 1442 3570 1477 τι
3600 1424 3844 1477 κυνίδιον

2243 1522 2446 1594 γρύξαι
2488 1520 2565 1591 τῷ
2595 1518 2823 1592 χρηστῷ
2872 1537 2978 1591 μου
3044 1519 3120 1583 ὡς
3169 1517 3392 1586 ἀληθῶς
3441 1516 3842 1587 ἀρχιποίμενι,

2243 1614 2491 1686 εἰληφότι
2577 1616 2674 1668 καὶ
2741 1615 2806 1668 τὸ
2869 1613 3256 1684 προσκυνητὸν
3322 1611 3655 1682 ἐγχειρίδιον
3722 1597 3863 1680 μετ’

2244 1706 2694 1778 ὑπερϐαλλούσης
2727 1706 3134 1774 ἀγαλλιάσεως.

2529 1820 2609 1872 Il'.
2648 1848 2718 1858 —-
2763 1817 3011 1885 Ἰωάννῃ
3048 1812 3366 1884 Λογοθέτῃ.
3394 1811 3565 1886 [φζ’.]

1078 1925 1156 1976 De
1193 1924 1375 1976 Leonis
1393 1927 1596 1976 Armeni
1617 1938 1779 1979 morte
1799 1929 1956 1993 ipsius
1981 1933 2260 1982 sceleribus
2289 1939 2620 1996 congruente.
2658 1933 2861 1996 (Baron.
2887 1945 2969 1980 an.
2992 1930 3104 1990 821,
3138 1944 3188 1980 η.
3212 1928 3318 1991 2i.)

627 2027 909 2084 Reseravit
940 2039 1154 2099 tempus
1175 2031 1400 2102 januam
1432 2034 1720 2098 libertatis,
1750 2049 1806 2091 ut
1840 2038 2132 2107 loquamur
2163 2048 2205 2102 Β

553 2137 657 2177 nos
687 2136 812 2176 cum
847 2124 1003 2178 bonis
1035 2124 1169 2178 viris
1203 2125 1366 2178 simul
1395 2134 1449 2178 et
1486 2125 1699 2180 amicis.
1733 2129 1792 2181 1n
1843 2128 1928 2184 his
1953 2141 2135 2184 autem

555 2215 682 2283 quis
731 2215 998 2284 potiorem
1051 2215 1298 2270 obtineat
1345 2219 1525 2271 locum
1567 2234 1731 2286 quam
1775 2221 1952 2290 pietas
2001 2223 2140 2276 tua?

555 2307 649 2377 qui
705 2309 776 2360 ob
831 2299 976 2362 hunc
1015 2306 1190 2376 ipsum
1237 2309 1455 2378 pietatis
1511 2311 1717 2364 cultum
1767 2329 1874 2367 non
1914 2314 2140 2385 exiguas

554 2414 849 2469 perpessus
893 2413 954 2454 es
1003 2400 1283 2454 molestias
1327 2417 1712 2473 mrumnasque
1757 2405 1826 2458 ah
1865 2421 1932 2460 eo
1967 2408 2060 2476 qui
2086 2417 2141 2463 et

554 2493 722 2547 Deum
767 2490 1009 2553 offendit,
1059 2499 1114 2545 et
1149 2491 1415 2546 mundum
1473 2493 1752 2564 impietate
1797 2501 2056 2567 perdidit,
2086 2510 2142 2556 et

554 2598 740 2655 parem
772 2584 1066 2652 apostasia:
1092 2584 1254 2638 vitam
1282 2585 1549 2641 violenter
1577 2587 1770 2653 ﬁnivit,
1798 2605 1905 2644 non
1937 2593 1991 2645 in
2019 2593 2140 2648 loco

555 2684 770 2737 sancto,
790 2675 914 2728 licet
935 2674 984 2728 id
1010 2675 1269 2731 horribile
1293 2678 1440 2731 dictu
1475 2678 1546 2732 sit
1584 2695 1595 2732 :
1631 2679 1760 2748 quia
1791 2697 2139 2752 nequaquam

555 2767 814 2837 templum
850 2766 942 2821 Dei
969 2778 1239 2830 sanctum,
1296 2771 1440 2838 quod
1471 2771 1540 2825 ab
1576 2771 1846 2828 haereticis
1877 2775 2137 2843 profana-

557 2867 670 2911 tum
706 2865 790 2912 est
813 2897 828 2921 ,
865 2857 958 2912 sed
982 2858 1177 2913 domus
1210 2859 1437 2928 profana
1471 2871 1574 2927 est,
1605 2863 1750 2918 sicut
1780 2865 1857 2919 ait
1897 2882 2130 2935 magnus

555 2948 794 3004 Basilius
831 2969 844 3004 :
878 2951 1108 3020 praeside
1139 2950 1285 3004 illius
1317 2952 1510 3020 angelo
1535 2991 1550 3015 ,
1578 2963 1640 3007 ut
1665 2965 1862 3024 praeest
1883 2955 2140 3014 Ecclesiae

555 3043 871 3113 unicuique,
905 3045 1230 3099 abscedente
1253 3059 1473 3116 propter
1501 3047 1854 3117 impietatem.
1885 3049 2138 3121 Quapro-

557 3145 679 3203 pter
708 3150 809 3189 nec
842 3135 952 3188 Deo
983 3145 1203 3205 accepta
1243 3145 1330 3190 est
1357 3152 1480 3205 quae
1520 3137 1573 3190 in
1601 3153 1668 3195 e0
1694 3139 2010 3195 immolatur
2041 3143 2140 3197 bo.

554 3223 681 3279 stia.
710 3223 772 3278 Et
807 3224 934 3278 audi
967 3226 1142 3293 ipsum
1187 3227 1458 3280 dicentem
1493 3245 1507 3281 :
1549 3226 1792 3298 Iniquus,
1829 3233 1920 3300 qui
1946 3233 2137 3286 immo-

555 3317 633 3370 lat
655 3317 785 3370 mihi
810 3317 1055 3381 vitulum,
1087 3319 1242 3388 quasi
1277 3319 1368 3388 qui
1390 3319 1647 3389 inter/icit
1677 3338 1860 3375 canem
1889 3323 1954 3377 ³⁸.
1980 3323 2138 3391 Quod

555 3409 601 3464 si
637 3417 896 3478 tanquam
927 3410 978 3462 in
1011 3409 1206 3478 temple
1260 3420 1542 3466 mortuum
1581 3428 1702 3469 esse
1745 3413 1975 3484 impium
2005 3431 2140 3472 con-
2167 3394 2212 3452 (ἶ

555 3501 790 3568 tendas;
839 3502 888 3555 id
927 3501 998 3554 ita
1059 3503 1351 3557 commode
1405 3503 1792 3574 explicabitur.
1844 3505 2144 3578 Oportebat

556 3592 725 3654 enim,
761 3594 1052 3662 oportebat
1079 3609 1228 3659 eum,
1259 3595 1353 3665 qui
1386 3596 1478 3651 Dei
1511 3597 1726 3668 templis
1760 3598 1961 3654 bellum
1998 3601 2142 3656 indi-

557 3696 734 3750 xerat,
781 3686 835 3739 in
885 3687 1087 3756 templo
1152 3687 1374 3744 strictos
1436 3689 1490 3744 in
1523 3706 1584 3746 se
1631 3691 1844 3762 gladios
1904 3693 2138 3748 videre:

557 3779 1011 3850 Oportebateum,
1042 3779 1135 3850 qui
1155 3781 1398 3836 divinum
1424 3783 1597 3838 altare
1624 3786 1990 3854 destruxerat,
2019 3798 2144 3844 ante

557 3873 728 3926 altare
766 3886 795 3924 a
852 3871 1032 3926 medio
1067 3871 1182 3925 tolli
1219 3891 1232 3928 :
1266 3887 1386 3927 eam
1416 3891 1661 3943 manum,
1697 3895 1822 3948 quae
1876 3879 2055 3935 fuerat
2087 3883 2141 3937 in

554 3965 758 4018 Christi
789 3964 1048 4033 probrum
1076 3965 1239 4027 elata,
1282 3966 1414 4021 caedi
1444 3979 1498 4023 et
1526 3972 1792 4039 amputari
1825 3989 1840 4025 ε
1873 3974 1927 4026 in
1957 3985 2139 4044 caput,

555 4057 702 4126 quod
722 4057 785 4110 ad
804 4058 1095 4126 perniciem
1117 4058 1348 4113 aliorum
1370 4063 1903 4126 movebatur,ensem
1920 4067 2142 4122 distrin-

557 4148 640 4217 gi:
678 4145 1030 4216 humero,qui
1050 4147 1114 4200 ad
1129 4148 1344 4217 piorum
1378 4150 1564 4219 plagas
1585 4151 1916 4222 erigebatur,
1947 4153 2142 4210 lcthale

555 4241 752 4295 vulnus
795 4239 963 4311 inlligi
995 4257 1008 4307 ;
1044 4240 1196 4312 regio
1249 4257 1280 4297 e
1313 4243 1516 4312 palatio
1545 4260 1669 4299 cum
1721 4245 1984 4301 dedecore
2017 4248 2140 4315 pelli

555 4349 701 4395 eum,
729 4334 820 4403 qui
841 4333 1070 4396 Christi,
1101 4334 1196 4404 qui
1229 4333 1491 4404 Deiparae,
1531 4338 1622 4410 gui
1648 4338 1825 4392 sancti
1850 4337 2144 4407 cujuslibet

556 4435 802 4480 sanctam
828 4426 1117 4495 imaginem
1140 4427 1340 4496 probro
1357 4427 1630 4483 affecerat.
1657 4430 1931 4495 Quorsum
1955 4441 2139 4486 autem

555 4514 678 4578 tibi,
724 4514 949 4568 Domine
979 4515 1074 4580 ini,
1108 4515 1356 4570 scelerati
1390 4526 1622 4571 mortem
1650 4519 1703 4572 in
1737 4519 1883 4574 hunc
1914 4522 2138 4576 modum

554 4605 758 4677 tragice
779 4605 1090 4674 descripsi?
1121 4606 1258 4672 Quia
1294 4621 1519 4662 necesse
1538 4619 1622 4662 est
1667 4609 1796 4664 hinc
1833 4626 1942 4664 non
1977 4613 2141 4667 modo

553 4699 704 4767 pium
751 4697 1163 4766 imperatorem,
1195 4709 1586 4769 congruentem
1625 4701 1889 4770 impietati
1929 4704 2137 4760 exitum

553 4789 706 4860 impii
739 4805 1061 4860 agnoscere,
1089 4790 1184 4846 sed
1239 4794 1404 4845 etiam
1450 4791 1728 4847 hominem
1770 4810 2137 4866 unumquem-

553 4895 681 4950 que.
718 4883 796 4936 Ac
828 4882 1000 4936 miror
1037 4881 1292 4952 equidem
1334 4884 1685 4939 vehementer
1712 4887 1988 4956 quomodo
2021 4890 2136 4946 haec

553 4969 861 5042 intelligens
915 4975 1156 5044 optimus
1209 4975 1471 5032 Dominus
1516 4987 1722 5042 noster,
1781 4978 1850 5034 de
1913 4981 2135 5038 nefandi

553 5066 925 5138 persecutoris
974 5067 1257 5136 impietate
1309 5069 1651 5139 triumphum
1704 5087 1816 5126 non
1856 5083 2004 5143 agat,
2029 5090 2134 5130 nec

553 5157 659 5210 sibi
715 5172 779 5210 ac
810 5159 1046 5212 subditis
1095 5161 1392 5217 orhodoxae
1442 5161 1568 5217 ﬁdei
1625 5165 2130 5220 reconciliationem

554 5248 849 5318 impertiat,
897 5260 1158 5322 tanquam
1211 5254 1462 5324 princeps
1510 5256 1685 5326 pacis,
1725 5259 1792 5312 ad
1822 5259 2140 5330 exemplum

553 5343 782 5399 Christi.
836 5346 1128 5415 Propterea
1159 5357 1305 5417 peto,
1367 5349 1590 5405 humilis
1645 5350 1911 5414 obtestor,
1947 5365 2010 5408 ut
2058 5367 2139 5418 tu,

553 5435 647 5504 qui
695 5438 894 5492 eximie
936 5440 1060 5508 pius
1087 5453 1168 5503 es,
1205 5455 1373 5508 porro
1425 5455 1643 5511 pergas,
1675 5443 2140 5512 quemadmodum

555 5526 740 5595 accepi
796 5536 846 5582 te
896 5537 1094 5596 sponte
1145 5545 1488 5600 aggressum,
1535 5541 1596 5586 ut
1639 5541 1812 5587 totum
1854 5542 1905 5588 te
1955 5535 2140 5592 tradas

553 5617 906 5672 restituendae
927 5618 1070 5684 ﬁdei,
1102 5618 1155 5673 in
1189 5635 1296 5690 qua
1321 5633 1408 5676 est
1427 5622 1576 5680 salus
1597 5632 1651 5680 et
1672 5623 1887 5696 imperii
1917 5633 1973 5682 et
2001 5627 2132 5684 sub-

554 5706 817 5763 ditorum.

628 5863 673 5893 “
722 5861 824 5919 lsa.
863 5879 1012 5933 mi,
1045 5869 1098 5936 5,
1125 5883 1236 5926 sec.
1264 5868 1426 5925 LXX.

2169 4756 2216 4815 1)

2307 2040 2556 2106 Ἥνοιξεν
2600 2043 2628 2094 6
2651 2040 2840 2110 καιρδς
2875 2037 3047 2110 θύραν
3091 2035 3406 2109 παρρησίας
3432 2077 3448 2102 ,
3498 2035 3841 2106 φθέγξασθαι

2239 2133 2388 2203 ἡμᾶς
2420 2131 2649 2201 ἀγαθοῖς
2678 2129 3120 2200 ἀνδράσιν,ὁμοῦ
3157 2147 3219 2183 τε
3259 2131 3356 2183 καὶ
3401 2129 3604 2198 φίλοις.
3641 2129 3842 2183 Τῶνδὲ

2238 2225 2497 2279 τοιούτων
2540 2225 2620 2288 τίς
2659 2226 2724 2278 ἀν
2763 2225 2848 2295 εἴη
2883 2222 3086 2294 μείζων
3145 2223 3244 2291 τῆς
3280 2221 3381 2291 σῆς
3423 2222 3752 2284 εύσεϐείαςς
3786 2223 3844 2284 ὃς

2239 2334 2304 2384 γε
2335 2317 2402 2369 δι’
2435 2317 2567 2370 αὐτὸ
2597 2316 2758 2369 τοῦτο
2787 2315 2848 2369 τὸ
2872 2314 3123 2369 εὐσεϐεῖν
3150 2332 3236 2376 σε,
3266 2316 3368 2368 οὐκ
3389 2315 3582 2382 ὀλίγας
3609 2316 3842 2385 ἀνέτλης

2241 2408 2450 2478 θλίέκεις
2482 2427 2542 2463 τε
2593 2409 2690 2463 καὶ
2734 2407 3012 2472 κακώσεις
3043 2408 3198 2478 παρά
3234 2407 3330 2460 τοῦ
3367 2407 3466 2461 καὶ
3495 2408 3619 2478 Θεῷ
3666 2425 3840 2477 προσ-

2240 2503 2579 2574 κρούσαντος
2599 2543 2616 2565 ,
2652 2501 2745 2555 καὶ
2773 2503 2980 2572 κόσμον
3009 2502 3300 2566 ὀλέσαντος
3350 2503 3410 2554 ὲν
3442 2500 3698 2570 ἀσεϐείᾳ,
3746 2501 3841 2553 καὶ

2243 2593 2538 2663 ἰσόρροπον
2572 2595 2673 2663 τῆς
2703 2592 3046 2652 ἀποστασίας
3075 2591 3173 2663 τὴν
3215 2591 3362 2661 ζωὴν
3395 2591 3837 2670 ἀπορρήξαντος,

2241 2685 2343 2736 οὑκ
2371 2686 2428 2736 ἐν
2471 2683 2614 2753 ἀγίῳ
2646 2685 2798 2752 τόπῳ
2818 2723 2832 2747 ,
2888 2682 2991 2736 κάν
3025 2682 3380 2753 μορμολύττῃ
3411 2683 3475 2734 τὸ
3504 2681 3835 2750 λεγόμενον·

2241 2777 2376 2830 διότι
2407 2777 2468 2829 ού
2512 2776 2639 2838 ναὸς
2674 2773 2811 2828 Θεοῦ
2849 2773 3007 2842 ἅγιος
3048 2776 3077 2826 6
3115 2775 3204 2844 ὑφ’
3237 2774 3536 2844 αἱρετικῶν
3567 2773 3838 2842 βεϐηλούο

2245 2885 2436 2939 μενος,
2473 2867 2590 2921 ἀλλ’
2638 2862 2786 2930 οἶκος
2832 2867 3036 2932 κοινὸς,
3077 2865 3153 2928 ὥς
3186 2883 3352 2935 φησιν
3390 2867 3419 2918 ὁ
3453 2866 3628 2934 μέγας
3671 2866 3838 2918 Βασί-

2239 2961 2422 3022 λειοςο
2481 2959 2576 3012 τοῦ
2633 2959 2944 3028 ἐφεστῶτος
2991 2958 3229 3026 ἀγγέλου
3280 2959 3338 3010 ἐν
3389 2959 3562 3027 αύτῷ,
3617 2958 3697 3020 ὼς
3754 2960 3840 3024 ἐφ’

2242 3053 2481 3120 ἑκάστης
2525 3051 2878 3121 Ἐκκλησίας,
2913 3050 3292 3112 ὑπεκστάντος
3309 3050 3399 3103 διὰ
3427 3049 3526 3120 τὴν
3555 3049 3837 3104 ἀσέϐειαν.

2239 3143 2442 3211 Διόπερ
2486 3141 2660 3212 ούδ’ἠ
2699 3141 2994 3212 τελουμένη
3031 3144 3090 3194 ὲν
3127 3141 3278 3212 αὐτῷ
3323 3140 3520 3205 θυσία,
3571 3141 3695 3210 Θεῷ
3747 3142 3837 3193 εύ-

2241 3233 2593 3304 πρόσδεκτος.
2619 3233 2730 3287 Καὶ
2750 3233 2985 3287 ἄκουσον
3011 3231 3178 3287 αὑτοῦ
3201 3232 3458 3300 λέγοντος
3478 3250 3522 3282 'i
3549 3234 3608 3287 ’0
3633 3235 3840 3304 ἀσεϐὴς

2243 3326 2271 3378 6
2310 3324 2454 3378 θύων
2497 3341 2588 3394 μοι
2631 3325 2851 3394 μόσχον,
2887 3324 2965 3387 ὡς
2998 3325 3026 3377 6
3058 3324 3398 3377 ἀποκτείνων
3429 3325 3590 3380 κύνα.
3631 3345 3648 3376 ι
3687 3327 3750 3378 Εἰ
3783 3326 3838 3378 δὲ

2249 3418 2347 3471 καὶ
2387 3417 2462 3478 ὡς
2491 3417 2588 3470 ἐπὶ
2629 3415 2760 3469 ναοῦ
2787 3415 2977 3480 λάϐοις
3006 3416 3262 3470 τεθνάναι
3288 3417 3380 3469 τὸν
3409 3417 3608 3486 ἀσεϐῆ,
3658 3417 3835 3486 ἀρμόο

2251 3525 2362 3560 σειε
2404 3509 2500 3561 καὶ¹
2529 3504 2684 3573 οὗτος
2708 3511 2736 3561 6
2791 3507 3014 3580 τρόπος.
3052 3509 3201 3562 Ἔδει
3244 3509 3375 3580 γὰρ.
3418 3509 3527 3562 ἔδει
3569 3509 3666 3574 τᾲν
3697 3509 3836 3562 κατὰ

2247 3599 2360 3652 τῶν
2389 3599 2533 3652 ναῶν
2563 3597 2659 3652 τοῦ
2691 3597 2830 3652 Θεοῦ
2859 3603 3174 3668 γενόμενον,
3205 3600 3264 3652 ὲν
3290 3598 3406 3668 ναῶ
3444 3599 3576 3651 ἰδεῖν
3610 3600 3678 3652 τά
3716 3599 3836 3652 κατ’

2249 3692 2415 3748 αὑτοῦ
2457 3692 2812 3763 γυμνούμενα
2861 3689 3024 3761 ξίφηο
3068 3691 3177 3744 ἔδει
3211 3690 3304 3743 τὸν
3355 3691 3418 3744 τδ
3451 3690 3598 3743 θεῖον
3646 3691 3837 3744 θυσια-

2252 3787 2478 3854 στήριον
2525 3784 2866 3852 ἀφανίσαντα
2891 3827 2907 3850 ,
2969 3787 3028 3836 ὲν
3063 3784 3436 3854 θυσιαστηρίῳ
3477 3787 3839 3857 ὲξαφανισθῆο

2249 3891 2369 3928 ναι·
2403 3874 2546 3928 κατά
2576 3876 2674 3944 τῆς
2703 3875 3032 3945 ἐκταθείσης
3063 3879 3148 3944 ἐφ’
3183 3875 3338 3948 ὕϐρει
3363 3877 3604 3948 Χριστοῦ
3631 3878 3835 3948 χειρὸς,

2250 3966 2426 4037 τομὴν
2473 3967 2813 4037 ἐπαχθῆναι·
2875 3968 3019 4021 κατά
3060 3968 3161 4038 τῆς
3213 3969 3530 4038 κινηθείσης
3593 3971 3838 4037 κεφαλῆς

2249 4057 2532 4128 ὀλεθρίως,
2569 4058 2724 4127 ξίφος
2755 4058 3036 4113 διελάσαι·
3087 4059 3229 4113 κατὰ
3268 4059 3362 4112 τοῦ
3413 4058 3568 4129 ῶμου
3622 4060 3719 4112 τοῦ
3751 4060 3835 4112 ἐπ’

2249 4154 2495 4225 αίκισμῴ
2542 4155 2652 4207 τῶν
2680 4154 2926 4208 εὐσεϐῶν
2972 4155 3340 4225 ἐπαρθέντος,
3394 4155 3622 4224 καιρίαν
3664 4155 3835 4208 ἐλθεῖν

2249 4247 2471 4318 πληγήν
2493 4262 2509 4278 ·
2545 4247 2742 4316 ἄτιμον
2781 4247 3214 4317 ἀποπεμφθῆναι
3253 4246 3365 4300 τῶν
3407 4247 3708 4317 βασιλικῶν
3742 4248 3834 4300 αύ-

2249 4339 2358 4395 λῶν
2389 4339 2480 4393 τὸν
2509 4341 2854 4410 ἀτιμάσαντά
2893 4341 2994 4410 τὴν
3033 4339 3197 4407 ἁγίαν
3225 4338 3464 4410 Χριστοῦ
3495 4339 3707 4402 εἰκόνα,
3739 4341 3834 4408 τῆς

2249 4435 2557 4499 Θεοτόκου,
2622 4435 2718 4488 καὶ
2766 4431 3080 4487 οὑτινοσοῦν
3135 4431 3248 4485 τῶν
3291 4432 3486 4500 ἁγίων.
3517 4431 3584 4484 Τί
3635 4432 3830 4502 δήποτε

2248 4525 2392 4579 οὕτω
2425 4541 2541 4589 σοι,
2587 4523 2766 4596 Κύριέ
2797 4541 2923 4593 μου,
2965 4521 3387 4594 ὲξετραγῲδησα
3417 4523 3512 4576 τοῦ
3543 4522 3830 4591 ὲξαγίστου

2247 4617 2342 4669 τὸν
2375 4616 2642 4682 θάνατον;
2677 4617 2758 4668 ὅτι
2786 4615 3083 4683 ἀναγκαῖόν
3113 4617 3262 4668 ἐστιν
3290 4613 3547 4667 ἐντεῦθεν
3579 4617 3645 4666 ού
3679 4619 3832 4685 μόνον

2246 4705 2339 4760 τὸν
2388 4705 2586 4777 εύσεϐἧ
2639 4705 2864 4776 βασιλέα
2913 4707 3213 4775 ἐπιγνῶναι
3258 4706 3322 4759 τὸ
3379 4707 3722 4776 κατάλληλον
3769 4709 3830 4777 τῇ

2243 4797 2471 4869 ἀσεϐείᾳ.
2500 4798 2594 4852 τοῦ
2634 4798 2870 4862 ἀσεϐοῦς
2911 4799 3303 4870 ἀποτέλεσμα,
3340 4799 3478 4852 ἀλλά
3528 4800 3628 4854 καὶ
3661 4801 3830 4853 πάντα

2241 4887 2548 4960 ἄνθρωπον.
2607 4891 2718 4943 Καὶ
2760 4890 2976 4960 ἄγαμαι
3022 4890 3144 4944 λίαν
3190 4892 3308 4955 πῶς
3348 4892 3378 4944 6
3418 4893 3626 4960 ἀγαθὸς
3682 4893 3828 4961 ἡμῶν

2242 4982 2525 5050 Δεσπότης
2565 4983 2730 5050 γνοὺς
2771 4982 2966 5046 τοῦτο,
2998 4982 3058 5033 ού
3105 4981 3430 5053 θριαμϐεύει
3473 4983 3576 5053 τὴν
3605 4981 3700 5034 τοῦ
3733 4999 3826 5034 πα-

2239 5071 2508 5142 λαμναίου
2541 5072 2900 5126 δυσσέϐειαν⁹
2954 5073 3050 5126 και)⁸
3105 5073 3392 5145 χαρίζεται
3426 5073 3610 5143 ἑαυτῷ
3643 5091 3700 5126 τε
3740 5073 3826 5125 καὶ

2239 5164 2318 5235 τῷ
2348 5165 2578 5236 ὑπηκόῳ
2629 5166 2692 5219 τὸ
2737 5167 2840 5236 τῆς
2873 5165 3186 5238 όρθοδοξίας
3233 5165 3502 5236 ἐξίλασμα
3523 5207 3540 5230 ,
3574 5166 3652 5230 ὡς
3685 5166 3822 5236 βιαιο

2247 5258 2376 5321 λεὺς
2415 5259 2772 5330 είρηναρχίας
2795 5259 3285 5331 Χριστομιμήτως.
3316 5261 3418 5312 Διά
3468 5259 3633 5313 τοῦτο
3657 5258 3787 5312 amb
3805 5296 3821 5319 .

2239 5350 2506 5404 ἀντιϐολῶ
2540 5353 2569 5405 6
2605 5352 2868 5415 ταπεινὸς
2888 5393 2902 5416 ,
2930 5351 3257 5422 ἐπειχθῆναι
3287 5369 3346 5404 σε
3379 5352 3474 5404 τὸν
3506 5352 3822 5405 εὐσεϐέστα-

2237 5462 2354 5512 τον,
2383 5445 2637 5517 καθάπερ
2660 5446 2755 5498 καὶ
2779 5444 3046 5516 ἡκουσταί
3071 5461 3165 5515 μοι
3203 5445 3287 5498 ὃτι
3317 5444 3581 5515 ὲκινήθης
3601 5485 3617 5509 ,
3648 5444 3819 5496 δοῦναι

2242 5536 2440 5590 ἑαυτὸν
2489 5536 2692 5600 ὁλικῶς
2741 5539 2824 5602 εἰς
2856 5537 3160 5609 ἀνόρθωσιν
3210 5540 3313 5607 τῆς
3366 5537 3644 5600 πίστεως·
3680 5540 3732 5588 ἐν

2240 5630 2358 5682 ἐστι
2407 5628 2467 5682 τὸ
2511 5631 2782 5704 σωτήριον
2807 5633 2900 5686 τοῦ
2947 5651 3007 5687 τε
3048 5633 3287 5705 κράτους
3317 5632 3412 5685 καὶ
3456 5631 3554 5684 τοῦ
3588 5627 3818 5701 ὑπηκόου

2245 5720 2468 5784 παντός.
