4054 6364
269 367 401 434 ΐ321

444 481 568 537 HA'.
607 511 679 524 -—-
715 487 1120 540 Παγτολέοντι
1149 488 1470 558 Λογοθέτῃ.
1499 489 1658 562 [φη⁹.]
1701 511 1704 514 λ

1457 381 1990 443 ΕΡΙΞΤΟἱΑΡιΠΜ
2049 383 2196 442 LIB.
2257 385 2334 445 II.

3384 391 3523 459 1322

2217 491 2468 548 LXXXI.
2486 525 2556 536 —-
2589 495 2924 554 Pantaleouti
2955 501 3274 573 Logotheta’.
3513 535 3518 544 -

559 593 656 642 Pro
679 593 776 642 fide
809 595 970 645 libere
999 597 1223 646 locutum
1251 598 1416 648 laudat
1442 619 1453 647 :
1479 600 1807 662 hortaturque
1843 605 1898 649 ut
1919 599 2109 652 cultum
2132 597 2400 668 imaginum
2432 619 2559 656 novo
2601 606 2886 670 imperatori
2913 617 3225 676 persuadeat.

337 699 546 754 ’Λλλων
585 701 684 771 μὲν
715 703 748 772 ἡ
778 701 953 773 ἀρετὴ
985 701 1044 769 ἐξ
1093 703 1266 775 ἀκοῆς
1300 707 1435 776 ἡμῖν
1483 706 1806 775 διέγνωσται

2016 707 2270 764 Aliorum
2322 711 2543 781 quidem
2601 713 2780 770 virtus
2834 717 2993 773 nobis
3036 729 3120 775 est
3149 722 3430 780 auditione
3463 740 3527 779 ac

264 795 362 849 σοῦ
409 794 468 848 δὲ
520 793 615 847 τοῦ
665 795 970 867 ύπερτίμου
1011 797 1275 850 δεσπότου
1302 815 1428 868 μου,
1465 800 1728 872 πρότερον
1772 799 1838 852 δι’

257 889 460 958 ὅψεως,
503 887 599 940 νῦν
642 889 699 942 δὲ
745 889 804 953 ἐξ
856 890 1028 962 ἀκοῆς
1080 891 1245 961 μέχρι
1291 891 1394 962 τῆς
1423 882 1684 964 ἐσχατιᾶς
1718 887 1840 968 ὲνῇ

256 981 426 1050 ἐσμεν
479 979 786 1050 φθασάσης.
845 980 944 1045 Τίς
972 982 1050 1036 ’δὲ
1085 982 1114 1034 ὁ
1151 983 1339 1052 λόγος;
1377 977 1466 1038 ὅτι
1495 986 1842 1056 ἐπαρρησιά-

261 1072 394 1124 σατό
425 1088 520 1124 σου
545 1073 610 1125 τὸ
639 1073 1144 1144 πνευματοκίνητον
1166 1075 1342 1146 στόμα
1376 1075 1613 1146 λαλῆσαι
1647 1079 1842 1147 σοφίαν

249 1163 416 1228 βεοῦ,
438 1163 630 1232 λόγους
645 1165 1028 1236 ἁληθείας,ὲπ’
1059 1166 1298 1240 ὠφελείᾳ
1335 1170 1429 1222 καὶ
1461 1170 1708 1242 σωτηρία
1741 1170 1842 1240 τῆς

254 1272 316 1310 τε
353 1257 565 1320 οἰκείας
601 1257 782 1329 ψυχῆς
829 1259 925 1312 καὶ
977 1259 1160 1330 πάσης
1197 1259 1300 1329 τῆς
1349 1261 1474 1314 καθ’
1515 1263 1668 1331 ἡμᾶς
1715 1261 1840 1316 Ἑκ-

256 1345 508 1415 κλησίας.
565 1347 678 1400 Καὶ
735 1348 1005 1419 μακάριος
1063 1343 1148 1414 εἴ,
1184 1350 1299 1402 ικαὶ
1354 1349 1719 1421 εύλογημένον
1777 1351 1838 1405 τὸ

251 1437 428 1508 ὄνομά
459 1454 585 1492 σου·
619 1439 718 1492 καὶ¹
751 1439 810 1492 σὲ
839 1441 1155 1494 αἱνέσαισαν
1188 1442 1391 1506 πάντες
1423 1442 1470 1494 oi
1502 1442 1838 1508 ἀκούσαντες

249 1531 521 1593 εὐσεϐεῖς.
561 1531 671 1584 Καὶ
698 1531 962 1599 στέφανος
1001 1533 1241 1604 χαρίτων
1269 1533 1367 1587 ἐπὶ
1389 1533 1488 1604 τὴν
1517 1535 1711 1606 τιμίαν
1737 1553 1832 1591 σου

250 1620 465 1690 κάρανα
503 1622 596 1674 καὶ
625 1621 808 1686 κλοιὸς
843 1622 1072 1694 χρύσεος
1125 1625 1221 1677 ἐπὶ
1251 1625 1344 1679 τὸν
1391 1625 1536 1696 ἱερόν
1570 1644 1666 1681 σου
1697 1629 1835 1700 τρά-

248 1713 439 1784 χηλον,
473 1714 556 1767 υίὲ
598 1714 879 1786 ὑπακοῆς,
928 1715 1118 1770 τέκνον
1155 1717 1366 1786 φωτὸς,
1399 1718 1624 1790 θρέμμα
1675 1721 1835 1774 εὐσε-

247 1806 426 1869 ϐείας.
449 1805 589 1859 Τάδε
614 1808 764 1875 λέγει
791 1806 994 1877 Κύριος
1014 1823 1030 1838 ·
1062 1809 1346 1873 “Arati-:01-
1374 1810 1440 1864 τὸ
1465 1815 1666 1882 στόμα
1688 1827 1830 1877 σου,

247 1897 355 1949 καί
419 1897 721 1965 κληρώσω
761 1899 946 1952 αὑτό’
989 1899 1107 1954 ἀνθ’
1157 1893 1232 1955 ὧν
1289 1900 1608 1971 ὑπήκουσας
1651 1905 1834 1974 φωνῆς

251 2004 380 2057 μου.
425 1988 647 2059 Ἐντολὴ
680 1989 790 2060 γὰρ
831 1990 1039 2061 Κυρίου
1081 1990 1156 2062 μὴ
1187 1994 1399 2064 σιωπᾷν
1420 1995 1479 2046 ὲν
1502 1995 1684 2067 καιρῷ
1709 2004 1828 2050 κιν-

1945 799 2094 858 t'ama
2140 813 2471 874 perspecta:
2525 818 2615 861 tua
2669 823 2824 869 vero,
2876 809 3101 866 Domine
3131 815 3204 868 mi
3252 814 3524 885 imprimi»:

1943 894 2191 961 colende,
2215 897 2336 950 visu
2387 897 2648 965 primum,
2687 916 2833 954 nunc
2875 917 3004 956 vero
3030 901 3171 957 fama
3204 906 3270 959 ad
3301 907 3524 962 ultimas

1945 991 2213 1039 terrarum
2234 998 2360 1040 oras
2381 986 2578 1052 delata,
2611 986 2664 1040 in
2687 989 2888 1058 quibus
2911 991 3179 1061 degimus.
3202 991 3336 1060 Quis
3357 1011 3523 1066 porro

1942 1071 2012 1128 de
2044 1081 2098 1129 te
2122 1090 2305 1131 sermo
2333 1075 2532 1142 τρυοά
2567 1077 2780 1134 amatus
2813 1080 3041 1150 Spiritu,
3075 1083 3168 1138 Dei
3197 1084 3519 1154 sapientiam

1941 1165 2205 1221 audacter
2233 1183 2299 1224 ac
2323 1168 2492 1224 libere
2529 1171 2608 1224 sis
2650 1171 2888 1237 locutus,
2921 1188 3202 1233 sermones
3255 1177 3519 1243 veritatis,

1942 1257 2010 1312 ad
2040 1259 2334 1314 utilitatem
2372 1275 2436 1316 ac
2464 1261 2696 1317 salutem
2727 1272 2840 1318 tum
2879 1265 3076 1322 animae
3117 1267 3369 1336 proprize,
3403 1279 3519 1323 tum

1937 1359 2142 1404 nostra:
2172 1351 2336 1406 totius
2365 1351 2638 1416 Ecclesiae.
2663 1352 2731 1408 Et
2765 1354 2954 1410 beatus
2984 1372 3063 1419 es.
3089 1368 3142 1410 et
3171 1357 3516 1415 benedictum

1937 1455 2137 1498 nomen
2172 1451 2323 1496 tuum
2359 1459 2373 1496 :
2404 1451 2460 1498 et
2495 1443 2717 1498 laudent
2759 1453 2810 1499 te
2860 1461 3050 1502 omnes
3087 1446 3182 1516 pii,
3205 1449 3298 1516 qui
3325 1451 3516 1504 audie-

1936 1529 2076 1596 rint,
2115 1541 2173 1586 et
2207 1546 2410 1588 corona
2435 1535 2732 1603 gratiarum
2757 1549 2922 1604 super
2955 1539 3324 1593 venerandum
3353 1553 3519 1609 caput

1935 1626 2089 1674 tuum
2115 1637 2129 1674 :
2151 1622 2356 1676 monile
2372 1637 2600 1676 aureum
2629 1623 2771 1678 collo
2795 1639 2956 1679 sacro
2979 1635 3074 1680 tuo
3091 1627 3514 1695 circnnulatum,

1935 1711 2010 1765 liii
2059 1711 2404 1778 obedientiam,
2463 1713 2603 1767 lucis
2630 1717 2837 1784 proles,
2865 1717 3086 1772 alumne
3119 1719 3356 1789 pietatis.
3391 1719 3516 1775 Itan:

1933 1801 2067 1872 dicit
2092 1800 2358 1858 Dominus
2388 1821 2404 1856 :
2456 1805 2618 1874 Aperi
2653 1822 2710 1859 os
2737 1815 2907 1872 tuum,
2943 1817 2992 1860 et
3017 1808 3242 1877 implebo
3273 1811 3408 1865 u‘lud
3426 1814 3471 1844 ³⁵
3499 1832 3514 1878 ;
3553 1852 3564 1862 .

1933 1894 2192 1964 quoniam
2219 1894 2420 1951 audisti
2451 1912 2641 1954 vocem
2694 1913 2895 1952 meam.
2930 1897 3117 1955 Jussio
3148 1902 3293 1956 enim
3331 1902 3512 1958 Durni-

1935 1985 1990 2039 ni
2036 1994 2140 2052 est,
2171 1993 2290 2041 tum
2336 1987 2562 2043 minime
2603 1987 2791 2052 silere,
2821 2005 2946 2045 cum
2986 1992 3328 2060 periclitatur
3360 1995 3512 2050 ﬁdes.

241 2077 578 2148 δυνευούσης
623 2079 882 2144 πίστεως.
949 2082 1118 2135 Λάλει
1155 2083 1288 2153 γὰρ,
1346 2063 1521 2154 ίφησὶ,
1586 2063 1684 2140 καὶ
1754 2087 1826 2158 μὴ

1934 2075 2183 2148 Loquere
2219 2079 2390 2146 enim,
2429 2081 2628 2150 inquit,
2667 2090 2718 2136 et
2743 2097 2852 2138 non
2901 2083 3023 2138 sile.
3057 2085 3162 2139 Et:
3196 2086 3260 2141 Si
3297 2086 3513 2142 subtra-

244 2167 453 2224 σιώπα.
498 2171 646 2237 Καὶ,
692 2171 834 2225 Ἐὰν
859 2173 1339 2244 ὐποστέλληται,
1367 2179 1482 2231 οὐκ
1522 2177 1766 2233 εὐδοκεῖ
1794 2179 1828 2246 ἠ

243 2261 420 2329 ψυχή
474 2280 594 2330 μου
635 2262 705 2316 ἐν
756 2263 938 2329 αὐτῷ.
997 2266 1134 2320 Καίο
1201 2269 1345 2323 Ἐὰν
1389 2265 1556 2325 οὗτοι
1603 2272 1832 2341 σιωπή-

241 2365 468 2418 σωσιν,
511 2355 567 2406 οι
597 2356 754 2408 λιΌοι
795 2355 1213 2424 κεκράξονται.
1252 2359 1416 2413 Ὥστε
1461 2362 1550 2415 ὅτε
1581 2363 1714 2434 περὶ
1742 2363 1831 2417 πίσ

243 2460 422 2508 στεως
466 2443 494 2496 ὁ
544 2443 736 2512 λόγος,
777 2447 881 2499 οὐκ
931 2448 1082 2502 ἐστιν
1131 2452 1328 2516 εἰπεῖν,
1374 2451 1518 2520 Ἐγὼ
1561 2452 1824 2525 τίςείμις

256 2531 500 2604 ⁹ῐερεύς;
545 2535 664 2590 ἀλλ’
702 2537 964 2608 οὐδαμοῦ.
1020 2541 1274 2613 Ἀρχων;
1329 2543 1426 2598 καὶ
1475 2544 1590 2598 οὐδ’
1630 2544 1824 2610 οὕτως.

243 2625 629 2698 Erpualdum;
652 2629 748 2684 καὶ
769 2631 871 2684 ποῦ
891 2649 906 2698 ;
934 2633 1215 2704 Γεωργός;
1241 2636 1336 2688 καὶ
1359 2636 1470 2689 οὐδ’
1494 2638 1624 2691 αὐτὸ
1647 2639 1824 2694 τοῦτο.

247 2718 462 2788 Πένης,
513 2722 673 2792 μόνον
719 2723 824 2794 τὴν
871 2724 1152 2795 ἐφήμερον
1203 2727 1408 2798 τροφὴν
1443 2730 1823 2801 ποριζόμενος.

241 2807 439 2874 Οὐδείς
471 2829 561 2882 μοι
591 2813 748 2881 λόγος
773 2815 868 2868 καὶ
899 2817 1122 2886 φροντὶς
1151 2819 1280 2886 περὶ
1309 2819 1404 2871 τοῦ
1439 2825 1824 2892 προκειμένου.

239 2900 382 2965 oss,
407 2903 454 2955 οἱ
480 2904 614 2957 λίθοι
642 2907 906 2976 κράξουσι
929 2947 943 2971 ,
976 2911 1070 2962 καὶ
1098 2909 1162 2964 σὺ
1194 2911 1470 2983 σιωπηλὸς
1501 2915 1598 2968 καὶ
1627 2915 1828 2986 ἄφρον-

236 3007 366 3056 τις;
398 2997 428 3062 ἡ
463 2997 794 3066 ἀναίσθητος
824 2998 988 3068 φύσις
1023 3001 1160 3055 Θεοῦ
1187 3005 1465 3078 ὲπᾳκήκοε
1488 3045 1504 3069 ,
1540 3007 1635 3060 καὶ
1662 3007 1826 3072 αὐτὸς

239 3081 642 3157 λαιλαπιστήςς
697 3089 726 3142 ὃ
783 3089 862 3161 μὴ
922 3091 1232 3162 ὲψύχωται,
1268 3095 1407 3167 μηδὲ
1456 3097 1515 3151 ὲν
1553 3100 1825 3171 κριτηρίῳ

239 3173 658 3248 λελογοθέτηται
677 3218 693 3241 ,
725 3179 961 3258 δεδοικὸς
989 3184 1156 3238 οἱονεὶ
1195 3185 1258 3238 τὺ
1291 3188 1626 3259 πρόσταγμα
1655 3208 1824 3259 φωνο-

237 3265 424 3320 6ολεί·
481 3269 577 3322 καὶ
627 3272 693 3326 σὺ
733 3274 763 3325 ὁ
793 3256 1022 3341 ’μέλλων
1075 3275 1396 3332 εὐθύνεσθαι
1427 3256 1714 3336 ὑπὸ-Θεοῦ
1764 3284 1823 3338 ἐν

245 3361 426 3431 καιρῷ
454 3363 828 3431 ὲτάσεως,κα“ι
854 3367 986 3442 περὶ
1013 3370 1189 3440 ἀργοῦ
1225 3373 1492 3442 ῥήματος,
1523 3375 1626 3428 κᾶν
1659 3376 1818 3431 ὲπαί-
1849 3397 1894 3458 C

244 3469 350 3520 της
393 3448 465 3518 εἷ,
488 3455 694 3520 διδόναι
741 3459 934 3527 λόγον’
993 3459 1175 3530 λέγεις
1222 3463 1471 3532 ἀλογῶνο
1507 3467 1604 3530 Τίς
1640 3485 1729 3538 μοι
1762 3470 1820 3522 ἐν

239 3541 416 3614 τούτῳ
459 3547 730 3616 φροντίςς,
768 3550 980 3614 Ταῦτα,
1011 3545 1057 3605 ὧ
1101 3553 1364 3620 δέσποτα,
1401 3559 1568 3626 φησιν
1609 3560 1638 3612 ὁ
1675 3560 1824 3614 Παῦ-

235 3632 352 3696 λος,
382 3637 875 3706 μετεσχημάτισα
898 3644 987 3708 sic
1015 3642 1278 3712 ἐμαυτὸν
1302 3646 1402 3698 καὶ
1445 3648 1718 3704 Ἀπολλὼ
1745 3651 1819 3704 δι’

234 3725 430 3794 ὑμᾶς’
491 3729 594 3782 ἵνα
652 3730 721 3783 ἐν
745 3731 892 3801 ἡμῖν
943 3733 1175 3802 μάθητε
1215 3737 1280 3790 τὸ
1303 3737 1393 3807 μὴ
1445 3739 1600 3808 ὑπὲρ
1645 3741 1679 3796 ὃ
1729 3743 1821 3811 γέ·-

237 3831 496 3886 γραπται
539 3823 807 3890 φρονεῖν.
854 3825 1018 3878 Ὥστε
1048 3829 1142 3881 καὶ
1167 3827 1330 3893 αὐτὸς
1359 3832 1388 3884 ὁ
1436 3832 1606 3904 πένης
1635 3836 1819 3904 πάσης

233 3909 537 3980 ἀπολογίας
578 3915 873 3986 ἐστέρηται
911 3919 970 3971 ἐν
1001 3917 1188 3991 ἡμέρᾳ
1234 3923 1492 3992 κρίσεως,
1547 3925 1622 3998 μὴ
1648 3927 1818 3982 τανῦν

229 4001 416 4057 λαλῶν
437 4003 514 4068 ὡς
538 4006 938 4079 κριθησόμενος
964 4011 1061 4064 καὶ
1095 4012 1187 4066 διὰ
1215 4013 1375 4069 τοῦτο
1409 4018 1571 4087 μόνον
1588 4035 1602 4048 °
1633 4020 1709 4092 μὴ
1735 4022 1818 4075 ὅτι

231 4093 300 4162 γέ
326 4112 409 4158 τις
428 4095 538 4149 τῶν
569 4100 770 4170 ἑφεξῆς
795 4102 918 4156 καθ’
951 4103 1250 4176 ὑπεροχὴν,
1285 4108 1482 4178 μέχρις
1508 4111 1678 4166 αὐτοῦ
1720 4114 1816 4168 τοῦ

227 4185 294 4238 τὸ
337 4186 588 4259 διάδημα
618 4194 1014 4264 περικειμένου
1039 4211 1054 4226 ⁸
1094 4189 1140 4265 ᾧ
1180 4197 1276 4251 καὶ
1306 4201 1720 4274 ἀνυπέρϐλητον
1756 4207 1817 4260 τὸ

230 4279 408 4347 κρῖμα
431 4296 444 4309 ·
465 4285 719 4337 durarat
743 4284 852 4356 γὰρ
869 4285 1138 4354 δυνατῶς
1158 4288 1630 4360 ἐτασθήσονται.
1650 4297 1810 4366 φησί.

234 4369 374 4422 Καὶ*
409 4373 619 4440 Κρίσις
642 4375 946 4444 ἀπότομος
966 4377 1036 4432 ἐν
1067 4379 1194 4446 τοῖς
1215 4381 1604 4451 ὑπερέχουσι.
1642 4389 1812 4444 Λάλει

232 4455 354 4526 οὖν,
383 4463 542 4535 κύριέ
571 4483 674 4536 μου
695 4507 712 4534 ,
752 4467 927 4525 λάλει.
959 4471 1059 4526 Διὰ
1101 4471 1263 4528 τοῦτο
1291 4475 1449 4544 κάγὼ
1476 4479 1506 4530 ὁ
1528 4479 1698 4544 τάλας
1723 4484 1813 4538 δε-

221 4553 424 4618 δοικὼς
446 4556 506 4610 τὸ
526 4560 810 4631 κριτήριον
837 4560 1006 4616 λαλῶ.
1037 4564 1270 4633 Φθέγξαι
1293 4567 1400 4632 ἕως
1425 4569 1535 4623 τῶν
1571 4571 1814 4644 θεοηχῶν

224 4642 387 4698 ὢτων
425 4645 507 4718 [ἲ.
561 4649 755 4722 ὠτῶν]
800 4652 897 4705 τοῦ
954 4654 1218 4720 εὐσεϐοῦς
1288 4659 1448 4729 ἡμῶν
1503 4642 1809 4731 βασιλέοιν

225 4735 465 4807 ἐπείπερ
494 4733 545 4789 εἴ
573 4739 680 4791 τῶν
709 4741 1106 4812 ὑπερεχόντων.
1683 4797 1694 4812 ι

302 4823 538 4896 Οὐδεμία
564 4829 773 4900 αἵρεσις
804 4831 911 4884 τῶν
949 4833 1058 4888 ἀπὸ
1124 4837 1222 4906 τῆς
1295 4838 1624 4912 Ἐκκλησίας
1683 4846 1815 4898 ἁνα-

225 4913 558 4986 6ρασάντων
586 4960 602 4982 ,
644 4919 745 4990 τῆς
781 4923 1210 4996 είκονομαχικῆς
1267 4928 1474 5000 ταύτης
1548 4934 1813 5003 αἱρέσεως

220 5005 524 5079 δεινοτέρα.
583 5011 818 5080 Χριστὸν
879 5014 1180 5085 ἤρνηται,
1236 5020 1317 5083 είς
1405 5022 1701 5090 πρόσωπον
1721 5028 1810 5082 δέ..

226 5112 338 5168 ρει,
403 5100 808 5169 πραγματικῶς
861 5105 958 5158 καὶ
988 5104 1224 5174 λογικῶς
1282 5110 1554 5168 λυττῶσα.
1607 5116 1682 5168 Τὸ
1713 5093 1842 5187 μὲν’

220 5189 522 5258 φληναφεῖ,
551 5193 788 5263 Χριστὸν
821 5195 896 5263 μὴ
930 5198 1373 5268 περιγράφεσθαι
1405 5205 1552 5260 κατὰ
1597 5207 1692 5261 τὸν
1711 5209 1806 5262 τοῦ

222 5279 487 5350 σώματος
515 5287 879 5356 χαρακτῆραο
926 5287 1066 5358 ὅπερ
1121 5291 1271 5345 ἐστὶν
1323 5295 1672 5366 ἀναιρετικὸν
1713 5301 1808 5354 τοῦ

220 5371 409 5441 σάρκα
434 5373 690 5441 γενέσθαι
713 5375 805 5430 τὸν
839 5378 1032 5446 Λόγον.
1098 5383 1159 5435 ΕΞ
1213 5384 1325 5452 γὰρ
1377 5386 1534 5457 σὰρξ.
1592 5391 1812 5456 παντως

214 5463 319 5518 καὶ
345 5466 746 5534 περιγράφοιτο
772 5486 787 5500 '
827 5472 953 5526 ἐπεὶ
989 5474 1282 5543 φάντασμα
1300 5480 1358 5531 τὸ
1387 5480 1811 5553 εὐαγγελιζόμε-

213 5556 675 5629 νον-Μινιχαῖκῷ
710 5563 1044 5633 φρονήματι.
1077 5566 1152 5618 Τὸ
1193 5567 1250 5620 δὲ
1278 5569 1361 5622 ὅτι
1387 5569 1516 5638 East,
1548 5573 1670 5646 κλᾷ,
1707 5592 1808 5629 κα-

211 5652 552 5717 τασκάπτει,
584 5659 946 5725 πυρικαυστεῑ
990 5659 1168 5713 πάντα
1203 5661 1344 5716 θεῖον
1369 5663 1519 5727 ναόν,
1576 5667 1685 5720 πᾶν
1734 5669 1810 5720 le-

295 5813 342 5843 "
369 5811 513 5871 Psal.
551 5831 710 5880 Lxsx,
747 5819 831 5874 ll.
909 5821 952 5852 ⁸⁷
981 5818 1146 5878 Hebr.
1183 5840 1235 5890 ι,
1269 5825 1356 5882 38.
1435 5828 1478 5859 ’θ
1504 5827 1636 5886 Luc.
1667 5846 1778 5900 XIX,
1806 5830 1896 5888 40.

559 5914 829 5975 I’ATROL.
863 5915 979 5978 Gn.
1012 5919 1218 5980 XCIX.

1927 2169 2066 2221 xerit
2103 2187 2176 2231 se,
2227 2187 2334 2224 non
2365 2171 2534 2240 placet
2568 2173 2763 2228 anitum
2804 2190 2934 2229 mea:
2959 2175 3012 2229 in
3037 2193 3096 2230 eo
3120 2178 3185 2233 ’⁷.
3217 2176 3284 2232 Ει
3319 2197 3332 2234 :
3363 2180 3422 2234 Si
3461 2183 3516 2234 lii

1932 2259 2215 2324 tacuerint,
2233 2259 2438 2330 lapides
2462 2260 2770 2316 clamabunt
2793 2262 2857 2316 ³⁸.
2892 2265 3260 2331 Quamobrem
3289 2271 3510 2338 quando

1929 2349 1998 2404 de
2028 2349 2133 2405 ﬁde
2175 2365 2357 2405 sermo
2403 2359 2508 2418 est,
2541 2368 2649 2406 non
2689 2365 2776 2408 εει
2821 2355 2966 2424 quod
2997 2357 3124 2426 quis
3156 2358 3302 2414 dicat
3329 2377 3343 2412 :
3375 2359 3512 2428 Quis

1928 2454 2029 2514 ego
2057 2457 2177 2497 sum
2223 2441 2246 2495 ?
2283 2441 2602 2498 Sacerdos?
2637 2446 2885 2502 minime.
2928 2447 3232 2518 Princeps?
3267 2467 3334 2506 ue
3361 2454 3504 2510 istud

1928 2533 2171 2605 quidem.
2206 2534 2360 2590 Miles
2391 2536 2414 2589 ?
2449 2538 2539 2591 ubi
2587 2553 2752 2607 porro
2781 2539 3076 2610 ?Agricola
3105 2543 3128 2595 ?
3154 2559 3329 2614 neque
3366 2547 3507 2600 istud

1927 2625 2128 2696 ipsum.
2184 2626 2424 2697 Egenus,
2481 2629 2864 2698 quotidianum
2929 2635 3088 2690 modo
3123 2636 3326 2690 victum
3363 2654 3511 2708 qua:-

1927 2717 2121 2773 ritans.
2157 2717 2302 2772 Nihil
2329 2719 2377 2772 id
2404 2721 2548 2790 quod
2577 2721 2770 2777 incidit
2795 2723 2848 2777 in
2875 2723 3328 2796 disputationem,
3355 2745 3507 2785 cura:

1926 2808 2062 2864 mihi
2093 2817 2186 2863 aut
2219 2810 2574 2866 sollicitudini
2602 2821 2707 2867 est.
2743 2812 2883 2880 Vah,
2921 2815 3136 2886 lapides
3165 2819 3506 2886 clamabunt,

1926 2913 1982 2960 et
2027 2902 2218 2958 silebis
2262 2905 2542 2960 securus?
2585 2904 2798 2964 Sensus
2853 2923 3046 2978 expers
3083 2920 3276 2966 natura
3336 2912 3504 2968 Deum

1924 2995 2167 3051 exaudiit
2202 3012 2218 3051 :
2252 3007 2303 3054 et
2327 3008 2381 3054 tu
2419 3014 2584 3053 sensu
2625 3000 2882 3056 audiendi
2921 3005 3123 3060 cares?
3147 3006 3301 3074 Quod
3335 3023 3508 3079 neque

1923 3099 2008 3145 est
2051 3091 2375 3157 animatum,
2407 3109 2438 3147 a
2469 3109 2580 3163 quo
2610 3111 2789 3164 neque
2834 3096 2890 3152 in
2919 3096 3130 3167 judicio
3157 3101 3297 3154 ratio
3330 3105 3506 3172 posci-

1919 3191 2038 3249 tur,
2069 3183 2217 3238 velut
2253 3185 2320 3239 ad
2358 3187 2674 3240 mandatum
2725 3203 3096 3259 expavescens
3120 3207 3307 3248 vocem
3345 3194 3458 3248 edit
3490 3211 3502 3246 :

1913 3283 1982 3334 ,οι
2011 3284 2069 3330 tu
2105 3276 2198 3346 qui
2232 3292 2361 3332 reus
2403 3293 2586 3332 coram
2617 3279 2728 3333 Deo
2775 3282 3117 3351 peragendus
3173 3298 3234 3337 es
3281 3285 3506 3354 inquisio

1921 3367 2090 3424 tionis
2118 3377 2380 3438 tempore,
2409 3385 2472 3424 ac
2503 3370 2571 3424 de
2603 3371 2768 3426 verbo
2811 3373 2991 3428 otioso
3022 3376 3293 3430 rationem
3325 3377 3506 3432 reddi-

1924 3469 2103 3526 turus,
2154 3461 2239 3515 vel
2275 3463 2324 3516 si
2376 3463 2662 3518 mendicus
2705 3464 2900 3529 fueris,
2947 3467 3112 3522 stulte
3145 3469 3284 3524 dicis
3321 3487 3336 3522 :
3367 3469 3503 3536 Quid

1921 3553 2053 3608 mihi
2113 3555 2254 3608 istud
2287 3571 2434 3611 cura:
2482 3556 2609 3610 est?
2667 3557 2818 3622 Ηιεσ,
2863 3559 3091 3616 Domine
3121 3603 3136 3627 ,
3177 3562 3252 3617 ait
3282 3564 3504 3629 Paulus,

1922 3647 2298 3715 transﬁgurari
2363 3649 2417 3701 iu
2462 3667 2542 3702 me
2575 3659 2624 3703 et
2657 3650 2844 3716 Apollo
2897 3665 3109 3721 propter
3141 3672 3228 3708 vos
3262 3672 3281 3709 :
3337 3665 3396 3711 ut
3449 3659 3506 3710 in

1919 3734 2066 3790 nobis
2097 3737 2314 3791 discatis
2337 3755 2401 3792 ne
2419 3755 2582 3808 supra
2602 3758 2758 3811 quam
2785 3745 3044 3812 scriptum
3071 3757 3147 3800 est
3178 3749 3406 3815 sapiatis
3433 3752 3499 3806 ".

1917 3823 2285 3892 Quamobrem
2341 3838 2395 3883 et
2438 3832 2724 3885 mendicus
2787 3832 2904 3904 ipse
2953 3837 3102 3889 omni
3147 3841 3506 3896 excusatione

1918 3928 2070 3974 caret
2101 3919 2156 3973 in
2185 3919 2508 3989 diejudicii,
2538 3923 2646 3977 nisi
2673 3925 2728 3978 iu
2751 3928 3006 3996 praesenti
3035 3929 3200 3984 veluti
3232 3931 3500 3999 judicium

1918 4009 2207 4065 subiturus
2236 4011 2512 4080 loquatur,
2544 4015 2628 4068 vel
2678 4017 2750 4071 ob
2786 4017 2837 4072 id
2881 4035 3049 4074 unum
3077 4039 3090 4075 :
3125 4023 3300 4078 multo
3329 4026 3503 4095 magis

1915 4099 2191 4170 quispiam
2246 4117 2436 4158 eorum
2483 4105 2578 4174 qui
2639 4108 2902 4178 dignitate
2963 4113 3194 4180 pollent,
3233 4130 3404 4185 usque
3433 4119 3524 4184 ad‘

1909 4206 2041 4247 eum
2068 4193 2161 4262 qui
2183 4193 2480 4265 insignitus
2506 4198 2814 4256 diademate
2850 4216 2951 4268 est,
2981 4205 3073 4258 cui
3101 4207 3500 4264 intolerandum

1911 4283 2174 4355 judicium
2209 4288 2331 4342 erit.
2382 4289 2630 4346 Potentes
2665 4294 2824 4362 enim,
2870 4296 3069 4367 inquit,
3121 4309 3500 4367 potentertor-

1915 4387 2092 4432 menta
2141 4381 2412 4449 patientur
2435 4382 2500 4437 3°.
2558 4383 2644 4452 Et,
2685 4385 2957 4442 Iudicium
3013 4390 3368 4448 durissimum
3417 4397 3498 4449 his

1911 4473 2004 4543 qui
2033 4484 2267 4542 prterunt
2297 4475 2363 4530 “.
2389 4474 2638 4547 Loquere
2665 4479 2851 4550 igitur,
2879 4480 3111 4540 Domine
3137 4486 3234 4554 mi,
3251 4487 3496 4554 loquere.

1912 4565 2120 4621 Idcirco
2139 4576 2193 4621 et
2212 4583 2313 4638 ego
2329 4568 2540 4632 infelix,
2555 4569 2824 4640 judicium
2849 4575 3055 4630 veritus
3077 4577 3288 4648 loquor.
3309 4578 3499 4650 Usque

1913 4654 1967 4708 in
1993 4655 2206 4712 divinas
2231 4659 2465 4728 religiosi
2486 4661 2748 4730 principis
2772 4667 2944 4718 nostri
2977 4682 3142 4722 aures
3164 4684 3350 4724 vocem
3370 4673 3498 4726 mit-

1842 4738 1888 4796 D
1914 4756 1965 4800 te
1989 4765 2001 4801 :
2027 4750 2468 4820 quandoquidem
2487 4768 2550 4806 ex
2567 4769 2755 4808 eorum
2783 4773 3013 4812 numero
3043 4774 3101 4813 es
3119 4762 3210 4829 qui
3233 4771 3496 4831 prazsunt.

1980 4837 2140 4896 Nulla
2172 4841 2395 4897 haeresis
2423 4859 2491 4899 ex
2522 4845 2591 4901 iis
2618 4863 2743 4916 quae
2769 4848 2838 4902 ab
2863 4848 3110 4906 Ecclesia
3135 4849 3495 4921 ebullierunt,

1909 4930 2012 4987 hac
2044 4931 2460 4990 lconomachica
2501 4938 2696 4994 haeresi
2745 4943 3002 4998 acerbior
3037 4943 3163 5000 fuit.
3213 4946 3494 5002 Christum

1907 5025 2146 5095 negavit,
2191 5026 2246 5080 in
2277 5026 2476 5082 faciem
2521 5031 2703 5097 caedit,
2745 5047 2910 5106 Opere
2939 5055 3006 5095 ac
3052 5056 3307 5098 sermone
3339 5043 3494 5100 furit.

1908 5115 2042 5173 Pars
2085 5118 2306 5186 quidem
2352 5121 2489 5176 adeo
2523 5121 2734 5202 desipit.
2769 5136 2829 5182 ut
2868 5130 3150 5190 Christum
3194 5147 3352 5207 neget
3381 5139 3496 5192 cir-

1907 5212 2210 5268 cumscribi
2258 5215 2560 5270 secundum
2599 5221 2850 5289 corporis
2889 5223 3127 5284 formam
3170 5248 3185 5285 :
3217 5230 3366 5300 quod
3411 5211 3496 5286 est

1906 5303 2069 5374 plane
2128 5320 2328 5376 negare
2386 5305 2628 5364 Verbum
2683 5326 2910 5370 carnem
2965 5317 3199 5376 factum.
3249 5321 3388 5378 Nam
3445 5328 3492 5380 si

1907 5409 2059 5460 caro.
2089 5395 2314 5448 omnino
2361 5405 2414 5451 et
2439 5397 2919 5460 circumscribitur
2949 5424 2964 5460 :
3001 5409 3330 5478 phantasma
3346 5411 3493 5466 enim

1907 5499 2052 5550 esse,
2093 5485 2514 5544 Manichaeorum
2570 5490 2848 5564 Evangelii
2889 5500 3162 5554 sententia
3207 5510 3314 5555 est.
3360 5499 3493 5556 Pars

1912 5593 2046 5633 vero
2075 5579 2237 5642 radit,
2271 5577 2490 5651 frangit,
2520 5582 2714 5650 diruit,
2747 5586 2988 5642 incendit
3013 5604 3232 5650 onlnem
3277 5605 3489 5645 sacram

1912 5666 2106 5736 aedem,
2149 5685 2369 5725 sacrum
2409 5688 2570 5728 omne
2601 5677 2889 5734 donarium
2941 5680 2994 5733 in
3031 5697 3141 5750 quo
3179 5681 3249 5736 sit
3281 5682 3487 5738 Christi

2011 5833 2056 5866 "
2085 5832 2255 5889 ICor.
2292 5851 2364 5902 iv,
2393 5835 2448 5892 6.
2525 5837 2726 5910 “'Sap.
2761 5857 2834 5907 γι,
2864 5840 2916 5894 7.
2993 5841 3038 5871 "
3077 5840 3214 5912 ibid"
3247 5840 3281 5896 6

2967 5934 3044 5998 1&2
