4060 6374
605 375 740 438 132:3

1789 369 1848 428 S.
1887 367 1990 428 ΤΗ
1999 364 2282 426 EODORI
2321 365 2669 426 STUDITA‘.‘

3721 356 3852 422 1324

597 491 824 564 eﬂigies,
857 488 1121 560 Deiparrr,
1164 495 1258 542 aut
1285 483 1582 554 cujuslibet
1612 482 1811 539 sancti.
1847 481 2044 536 Actora
2081 487 2167 535 est

2288 478 2364 532 >δν
2396 476 2672 548 ἀνάθημα,
2703 475 2790 548 ἐφ’
2806 467 2853 545 ᾧ
2878 475 2909 530 ὁ
2945 473 3192 547 Χριστοῦ
3213 473 3521 545 χαρακτὴρ,
3548 471 3651 544 τῆς
3671 472 3858 527 Θεστά-

599 588 667 642 de
695 584 855 639 nobis
885 581 1238 638 Christianis.
1274 578 1707 646 Prwoccnpemus
1742 573 1933 641 faciem
1970 569 2181 626 Christi

599 681 654 732 in
701 677 1024 748 confessione
1049 673 1164 706 ⁸³·⁸¹
1197 688 1211 725 :
1241 668 1523 724 Christum
1578 666 1992 737 amplectamur,
2014 678 2180 734 quem

601 786 697 842 per
728 769 903 839 ipsius
938 773 1143 821 sanctae
1178 760 1433 832 imaginis
1473 766 1846 828 contemptum
1884 768 2174 826 negamus.

725 970 992 1028 LXXXII.
1021 1001 1092 1012 -—
1116 962 1432 1022 Demochari
1460 959 1761 1032 Logotlreta:
1793 957 2048 1029 generali.

2289 588 2410 638 κου,
2440 567 2736 628 είτινοσοῦν
2762 569 2872 622 τῶν
2903 567 3094 636 ἁγίων.
3127 565 3447 637 Χριστιανοὶ
3481 563 3857 636 ἀπολλύμεθα.

2293 660 2744 732 Προφθάσωμεν
2769 658 2840 714 τὸ
2868 660 3194 727 πρόσωπον
3231 655 3471 727 Χριστοῦ
3494 657 3567 710 ἐν
3587 656 3862 728 ἐξομολο-

2284 754 2458 823 γήσει
2493 769 2508 785 ·
2535 751 2915 820 ἀσπασὼμεθα
2938 750 3195 822 Χριστὸν,
3223 751 3283 804 ὃν
3321 749 3392 803 δι’
3426 749 3743 818 ἀθετήσεως
3768 751 3863 820 τῆς

2282 845 2450 900 αὐτοῦ
2483 845 2644 913 ἀγίας
2679 845 2888 908 εἰκόνος
2915 842 3250 916 ἀρνούμεθα.

2391 957 2519 1014 ῙΙΒ’.
2547 990 2620 1030 ς·-
2646 959 2950 1029 Δημόχαρι
2981 956 3280 1029 Λογοθέτῃ
3309 957 3545 1029 σιν-σηκῷ.
3709 957 3865 1031 [φθῆ]

665 1103 850 1151 Laudat
870 1100 1002 1162 quod
1021 1100 1228 1160 impium
1247 1097 1485 1148 Joannem
1511 1108 1602 1157 pro
1619 1091 1818 1144 meritis
1840 1092 2164 1156 coarguerit:
2191 1094 2301 1140 tum
2323 1096 2382 1143 ut
2401 1107 2490 1156 pro
2512 1094 2610 1144 ﬂde
2641 1093 2771 1156 apud
2807 1093 3160 1154 imperatorem
3178 1102 3330 1154 agere
3361 1096 3540 1154 pergat
3557 1091 3810 1143 hortatur.

675 1199 932 1254 Virorum
999 1197 1298 1269 proborum
1366 1193 1658 1249 affabilitas
1728 1191 1798 1246 ad
1853 1205 1953 1247 eos
2011 1191 2182 1248 libere

603 1291 838 1348 adeundi
905 1289 991 1344 vel
1050 1289 1238 1358 ignoto
1325 1287 1524 1356 cuique
1591 1292 1921 1355 potestatem
1985 1281 2180 1338 facit:

610 1385 786 1438 multo
829 1381 1007 1453 magis
1057 1381 1125 1436 iis
1169 1381 1261 1450 qui
1305 1391 1360 1435 et
1413 1379 1528 1434 noti
1575 1386 1729 1440 sunt,
1757 1386 1813 1431 et
1858 1377 2180 1431 eorumdem

545 1471 555 1483 ’
602 1475 879 1530 comitatis
923 1474 1359 1546 experimentum
1397 1486 1610 1541 cepero.
1641 1469 1714 1524 Ea
1760 1484 1818 1524 re
1848 1469 2042 1524 conﬁsi
2082 1483 2184 1523 nos

608 1568 868 1636 humiles,
901 1565 970 1620 ad
1031 1564 1290 1621 eximiam
1323 1573 1380 1618 et
1412 1562 1880 1633 religiosissimam
1927 1561 2183 1632 magniﬁ-

2369 1193 2435 1247 'H
2453 1193 2562 1248 τῶν
2589 1193 2813 1263 ἀγαθῶν
2845 1192 3057 1264 ἀνδρῶν
3081 1192 3324 1261 ἔντευξις
3349 1195 3667 1268 παρρησίαν
3685 1196 3866 1251 δίδωσι

2286 1286 2385 1341 καὶ
2413 1287 2542 1350 τοὺς
2563 1287 2816 1356 ἀγνῶτας
2871 1286 3011 1358 πρὸς
3043 1286 3239 1351 αὐτοὺς
3274 1288 3451 1342 [εσθαι
3471 1304 3486 1319 ο
3527 1293 3607 1360 μη
3641 1289 3869 1353 δτιτοὺς

2286 1379 2616 1452 γνωρίμους,
2660 1380 2753 1434 καὶ
2791 1381 2889 1452 τῆς
2915 1378 3098 1434 αὐτῶν
3131 1379 3517 1452 εὐθημοσύνης
3541 1382 3746 1453 πεῖραν
3795 1383 3868 1436 εί-

2287 1469 2548 1542 ληφότας.
2583 1471 2684 1524 Διά
2711 1469 2871 1524 τοῦτο
2915 1469 3323 1542 τεθαρρηκότες
3355 1472 3408 1524 oi
3442 1474 3715 1539 ταπεινοὶ,
3751 1473 3870 1527 ἑπι-

2291 1560 2588 1632 στέλλομεν
2637 1563 2705 1632 τῇ
2735 1561 3007 1632 ὑπερφυεῖ
3039 1561 3134 1615 καὶ
3155 1561 3528 1634 εὐσεϐεστάτη
3561 1581 3659 1618 σου
3694 1580 3868 1635 μιγσο

605 1661 844 1716 centiam
879 1669 1028 1714 tuam
1064 1657 1274 1712 litteras
1310 1655 1627 1721 scribimus,
1658 1653 1992 1724 gratulantes
2019 1654 2092 1719 ei,
2125 1662 2184 1708 ut

2288 1652 2527 1728 λωσύνῃ,
2560 1653 2938 1725 εὐφημοῦντες
2959 1652 3133 1724 αὐτὴν
3165 1653 3306 1708 κατά
3327 1653 3394 1707 τὸ
3425 1655 3592 1722 είκδς,
3643 1657 3733 1710 ὃτι
3794 1655 3870 1728 pi-

608 1769 706 1823 par
744 1761 849 1815 est,
880 1750 1030 1822 quod
1062 1749 1140 1804 sis
1191 1748 1396 1818 Optima
1436 1746 1637 1801 radicis
1680 1746 1912 1817 egregia:
1942 1744 2182 1810 soboles,

604 1843 749 1914 quod
778 1843 997 1912 sagacis
1027 1839 1336 1910 prudentiae
1369 1837 1610 1892 divinum
1639 1851 1801 1906 opus,
1825 1836 1970 1905 quod
2000 1835 2186 1890 multi-

607 1934 762 2004 plicis
815 1931 1185 1986 institutionis
1233 1928 1404 1983 decus
1458 1927 1832 1998 expetcndum
1881 1927 2073 1980 :unde
2129 1933 2185 1980 et

608 2021 830 2092 regibus
873 2029 1132 2089 acceptus
1180 2033 1262 2081 es,
1306 2026 1362 2071 et
1394 2017 1642 2070 omnium
1687 2030 1783 2070 ore
1825 2030 1890 2068 ac
1932 2030 2186 2070 sermone

603 2113 900 2168 celebraris
939 2124 1215 2180 :eamque
1263 2109 1334 2162 ob
1373 2121 1597 2161 causam
1649 2105 2003 2175 magistratus
2047 2106 2186 2162 alios

605 2219 674 2258 ex
721 2203 844 2257 aliis
897 2217 1117 2272 gerens,
1165 2200 1231 2253 ad
1277 2212 1594 2268 supremum
1645 2197 1885 2268 denique
1935 2197 2186 2252 celeriter

603 2296 929 2366 pervenisti.
967 2294 1176 2358 Gaude,
1221 2303 1275 2348 et
1301 2293 1427 2362 jure
1471 2292 1692 2362 quidem
1741 2292 1966 2362 Optimo.
2000 2291 2187 2358 Quan-

603 2405 768 2461 quam
797 2398 980 2442 autem
1011 2385 1156 2456 quod
1187 2385 1259 2440 οὶ)
1283 2386 1528 2439 eamdem
1569 2384 1710 2440 hanc
1739 2384 1992 2439 virtutem
2025 2381 2184 2439 nobis

605 2480 867 2536 tenttibus
911 2478 1249 2534 desiderium
1290 2478 1369 2531 tui
1413 2476 1572 2543 facis,
1599 2476 1743 2530 haud
1776 2485 1926 2531 tanta
1959 2477 2182 2546 dignum

605 2573 972 2630 admiratione
1004 2582 1108 2638 est,
1138 2585 1264 2624 cum
1301 2570 1508 2624 nullius
1548 2569 1708 2640 pretii
1743 2571 1919 2624 simus
1952 2588 1966 2624 :
1999 2581 2183 2624 tamen

2287 1741 2388 1814 ζης
2418 1743 2652 1812 εὐφυοῦς
2681 1743 2887 1814 ἀγαθὸν
2933 1743 3260 1816 βλάστημα*
3293 1745 3378 1800 ὅτι
3429 1747 3754 1820 φρονήσεως
3793 1748 3870 1800 δε.

2287 1835 2407 1902 ξιᾶς
2440 1835 2588 1908 ἱερὸν
2616 1836 2964 1906 ἀποτέλεσμα
2995 1853 3010 1870 ο
3068 1837 3152 1892 ὅτι
3209 1836 3547 1904 παιδεύσεως
3609 1839 3866 1910 ποικίλης

2285 1927 2569 1998 ἀγλάϊσμα
2623 1929 3096 2000 περισπούδαστον
3119 1946 3135 1961 ο
3193 1929 3347 1984 ἐνθεν
3397 1931 3494 1984 καὶ
3552 1931 3866 2003 βασιλεῦσιν

2285 2020 2562 2093 ἀσπαστὴ,
2596 2023 2692 2076 καὶ
2731 2025 2868 2078 πᾶσι
2919 2024 3242 2096 διαλαλητή.
3273 2025 3402 2078 Κάκ
3434 2023 3631 2079 τούτου
3683 2025 3862 2096 ἀρχὰς

2285 2110 2348 2177 ἐξ
2379 2112 2570 2183 ἀρχῶν
2597 2114 2922 2184 ἀμείϐουσα,
2954 2117 3038 2180 είς
3058 2117 3159 2188 τὴν
3185 2116 3625 2188 κορυφαιοτάτην
3670 2117 3792 2170 τῶν
3816 2117 3869 2168 ὲν

2283 2205 2431 2258 τέλει
2475 2205 2803 2276 ἀνέδραμεν.
2838 2205 3002 2274 Εὖγε,
3034 2207 3132 2262 καὶ
3162 2208 3306 2262 πάνυ
3338 2205 3583 2272 εἰκότως.
3607 2207 3672 2261 El
3693 2207 3758 2260 δὲ
3782 2209 3871 2261 καὶ

2285 2298 2369 2352 ὅτι
2399 2299 2534 2369 ἡμῖν
2555 2295 2670 2362 τοῖς
2725 2298 2972 2354 εὐτελέσι
3001 2300 3072 2355 δι’
3130 2299 3302 2372 αὐτὴν
3359 2299 3459 2371 τὴν
3511 2300 3714 2372 ἀρετὴν
3771 2315 3873 2353 πο-

2286 2389 2450 2462 θητὴ,
2477 2390 2538 2444 οὐ
2566 2391 2708 2446 πάνυ
2735 2407 2789 2444 τι
2842 2390 2955 2444 τῶν
2991 2390 3265 2458 ἀγαστῶν,
3302 2389 3392 2444 διά
3425 2389 3485 2444 τὸ
3539 2390 3868 2460 οὐδαμινόν·

2284 2481 2427 2552 πλὴν
2486 2481 2569 2536 ὅτι
2625 2481 2968 2536 ὑποϐάλλοιό
3017 2482 3204 2554 καιρὸς
3270 2484 3364 2536 καὶ
3418 2482 3480 2548 ἀξ
3512 2482 3753 2537 εὐτελῶν
3777 2500 3873 2538 παι

2289 2573 2556 2646 ράξιλησίν
2617 2590 2702 2628 σοι
2761 2575 3164 2646 προσάγεσθαι.
3229 2573 3294 2629 Ἦ
3355 2575 3413 2630 δέ
3462 2577 3610 2630 ἐστιν
3676 2576 3871 2647 ὀρέξαι

603 2665 747 2720 ratio
785 2663 1046 2731 temporis
1073 2662 1352 2725 admonet,
1394 2671 1452 2715 ut
1492 2668 1548 2716 et
1579 2675 1611 2715 a
1641 2659 1896 2716 tenuibus
1924 2659 2059 2716 viris
2082 2660 2183 2715 tibi

2288 2681 2349 2717 σε
2423 2667 2582 2735 χεῖρα
2630 2668 2696 2738 τῇ
2770 2666 3162 2741 καταπεσούσῃ
3245 2667 3370 2721 καθ’
3423 2669 3571 2738 ἡμᾶς
3631 2667 3870 2737 Ἐκκλιιο

605 2757 1025 2829 supplicationis
1066 2755 1282 2810 libellus
1331 2751 1634 2809 oﬂ'eratur:
1667 2763 1731 2808 ut
1780 2762 1980 2809 nostrae
2018 2752 2184 2808 nimi-

2288 2755 2380 2827 σίᾳ
2403 2754 2659 2826 πτώματι
2701 2756 2979 2820 ἀσεϐείας.
3013 2757 3186 2812 Τοῦτο
3210 2757 3276 2830 δὴ
3302 2760 3398 2812 καὶ
3445 2760 3705 2831 ηκουσται
3733 2761 3872 2830 ἡμῖν

603 2867 726 2906 rum
769 2849 1056 2913 Ecclesiae,
1095 2847 1394 2918 impietatis
1433 2847 1597 2902 ruina
1640 2847 1901 2917 collapsa:
1953 2861 2180 2902 manum

2288 2847 2662 2920 ὲνεργήσαντα
2690 2864 2705 2880 ο
2777 2849 2875 2902 καὶ
2925 2848 3205 2920 εὐξάμεθά
3265 2866 3348 2904 σοι
3407 2849 3481 2914 ὡς
3526 2850 3870 2923 ἁμαρτωλοὶ,

603 2943 876 3014 porrigas.
925 2941 982 2996 In
1021 2941 1124 2996 hoc
1160 2947 1344 2995 autem
1383 2949 1436 2996 te
1469 2939 1582 3010 jam
1617 2940 1935 2996 elaborasse
1966 2941 2032 2995 ad
2083 2955 2184 2995 nos

2288 2940 2384 2992 καὶ
2421 2939 2799 3011 εὐλογήσαμέν
2839 2959 2897 2995 σε
2931 2941 3040 2996 ἀπὸ
3064 2941 3292 3014 καρδίας
3345 2944 3764 3014 πεπονημένης,
3794 2944 3874 2998 ὅτι

605 3037 749 3090 fama
788 3033 1026 3089 detulit:
1061 3041 1116 3088 et
1143 3032 1196 3086 id
1239 3040 1298 3086 ut
1327 3047 1550 3102 operam
1575 3032 1760 3096 dares,
1803 3047 1905 3086 nos
1934 3043 2184 3102 peccato-

2288 3032 2384 3086 καὶ
2399 3031 2617 3102 ἐλεγμῷ
2638 3031 2833 3103 δικαίῳ
2859 3033 3095 3105 ἤλεγξας
3117 3035 3208 3089 τὸν
3232 3035 3547 3108 ἀσεϐἀρχην
3580 3037 3870 3108 Ἰωάννην,

603 3140 692 3182 res
729 3124 938 3196 precati
978 3139 1170 3180 sumus
1201 3142 1215 3178 :
1249 3138 1314 3178 ac
1337 3123 1578 3180 summis
1607 3131 1659 3178 te
1699 3123 1954 3178 laudibus
1983 3123 2184 3178 extuli-

2288 3121 2526 3176 τοσαῦτα
2557 3126 2748 3188 εἰπὼν,
2777 3125 2878 3180 ὅσα
2921 3123 2992 3198 ἦν
3023 3127 3173 3193 ἀξιον
3197 3127 3431 3182 ἀκοῦσαι
3458 3131 3548 3182 τὸν
3575 3131 3830 3200 μυσαρὸν
3853 3143 3868 3158 ο

604 3233 729 3273 mus
751 3218 970 3272 sincero
989 3217 1157 3270 animi
1182 3216 1404 3281 affectu,
1429 3215 1573 3286 quod
1593 3214 1740 3284 justo
1759 3214 2184 3285 reprehensione

2288 3213 2428 3268 ἄττα
2459 3215 2717 3286 καὶήμῖν,
2745 3214 2923 3286 οἶμαι,
2954 3219 3052 3272 καὶ
3072 3218 3290 3281 πολλοῖς
3303 3218 3485 3283 ἄλλοις
3519 3218 3871 3290 προδεδήλω-

603 3307 870 3364 Joannem
900 3307 1201 3378 coarguisti
1246 3305 1544 3376 impietatis
1585 3303 1911 3374 principem,
1944 3319 2009 3359 ea
2040 3305 2184 3375 obji-

2288 3321 2398 3360 ται.
2447 3306 2600 3359 Ἐπεὶ
2617 3309 2728 3361 οὐκ
2745 3308 2878 3362 ἔστι
2891 3308 3160 3377 κρυπτὸν
3179 3308 3295 3364 ὃού
3317 3308 3752 3379 γνωσθήσεται.
3776 3327 3874 3364 κα-

606 3401 760 3454 cicns
814 3413 938 3470 qum
989 3399 1285 3455 scelestum
1332 3397 1612 3452 hominem
1664 3395 1855 3452 audire
1900 3411 1999 3467 par
2027 3395 2176 3454 fuit:

2288 3395 2358 3452 θὰ
2384 3415 2517 3469 φησι
2549 3398 2618 3452 τὰ
2640 3399 2833 3468 Mrta.
2859 3401 2970 3454 Καὶ
2995 3400 3173 3467 ἄλλως
3200 3403 3348 3456 δτιοί
3380 3402 3636 3466 ἀσεϐείας
3651 3403 3874 3474 ἔξαρχοι

605 3510 726 3562 qua:
777 3508 902 3548 cum
956 3490 1137 3556 nobis,
1183 3498 1296 3551 tum
1344 3488 1604 3560 plurimis
1652 3487 1797 3553 aliis,
1851 3498 1910 3543 ut
1959 3488 2177 3558 opinor,

2289 3490 2556 3546 τοιούτων
2573 3491 2832 3563 πράξεων
2851 3492 3030 3564 ἔνοχοι
3047 3493 3408 3558 δικαιοτάτως
3420 3497 3868 3567 πεφανέρωνται.

604 3593 884 3655 comperta
950 3583 1187 3639 fuerunt.
1239 3580 1513 3648 Quoniam
1563 3579 1698 3635 nihil
1751 3589 1831 3634 est
1884 3579 2186 3646 occultum,
2257 3581 2396 3653 quod
2441 3597 2545 3636 non
2594 3583 2793 3637 scietur
2852 3584 2920 3650 ⁸⁸,
2977 3593 3038 3640 ιιι
3097 3585 3251 3640 aiunt
3297 3601 3471 3642 sacra:
3516 3586 3752 3658 paginae.
3807 3585 3871 3641 Et

606 3677 812 3749 alioqui
847 3679 1145 3748 impietatis
1175 3677 1346 3732 duces
1369 3675 1558 3731 talium
1590 3675 1858 3730 scelerum
1892 3674 1969 3729 rei
2002 3675 2292 3734 manifeste
2321 3677 2587 3747 comperti
2610 3678 2958 3749 convictique
2990 3689 3139 3735 sunt.

677 3766 798 3823 Noli
849 3768 1040 3838 igitur,
1089 3765 1322 3821 Domine
1359 3766 1458 3830 mi,
1501 3775 1611 3820 tam
1645 3767 1910 3836 praeclaro
1956 3764 2048 3819 illo
2095 3776 2184 3822 tuo

2358 3767 2452 3839 Μὴ
2467 3766 2668 3828 τοίνυν.
2702 3763 2750 3822 ὦ
2776 3769 3024 3824 δέσποτά
3053 3777 3176 3842 μου,
3208 3769 3540 3841 ἀπολήξειας
3582 3770 3682 3825 τοῦ
3701 3768 3868 3826 καλοῦ

606 3862 908 3920 certamine
951 3857 1387 3916 desistere:sed
1439 3855 1633 3913 confer
1684 3857 1898 3911 eximite
1935 3856 2184 3928 dignitati

2288 3877 2384 3914 σου
2415 3860 2629 3930 ἀγῶνος
2655 3878 2669 3893 ·
2700 3861 2839 3918 ἀλλά
2909 3863 3324 3933 συνεισένεγκον
3355 3867 3421 3936 τῇ
3478 3864 3720 3937 μεγίστῃ
3767 3881 3861 3919 σου

608 3965 716 4010 tute
755 3954 900 4009 haud
947 3954 1214 4023 imparem
1268 3964 1450 4020 opem,
1498 3949 1699 4018 quippe
1745 3949 1839 4019 qui
1885 3949 1964 4006 sis
2011 3951 2078 4004 ad
2134 3949 2184 4006 id

2288 3953 2530 4024 ὑπεροχῇ
2591 3953 2880 4025 ίσόρῤοπον
2907 3955 3009 4025 τὴν
3033 3955 3309 4026 βοήθειαν,
3341 3955 3416 4020 ὡς
3449 3957 3556 4009 ὑπὸ
3597 3955 3739 4010 Θεοῦ
3793 3958 3872 4020 είς

606 4045 769 4106 aDeo
794 4055 1022 4101 vocatus
1051 4045 1106 4099 in
1137 4043 1221 4098 his
1248 4052 1554 4112 temporum
1580 4056 1646 4096 ac
1675 4055 1859 4095 rerum
1898 4041 2184 4110 angustiis.

2288 4042 2491 4114 ταύτην
2523 4044 2895 4116 προσκληθεὶς
2921 4045 2980 4113 ἐξ
3001 4047 3305 4115 ἀναγκαίου
3328 4046 3424 4100 τοῦ
3454 4049 3676 4118 χρόνου.
3717 4047 3872 4101 Οὕτω

609 4141 702 4196 Sic
728 4140 873 4196 enim
921 4139 1186 4209 majorem
1229 4135 1458 4207 gloriam
1500 4149 1860 4205 consequcre,
1893 4143 2006 4189 tum
2041 4135 2184 4204 apud

2288 4134 2398 4205 γὰρ
2431 4135 2635 4204 μᾶλλον
2660 4133 3011 4210 εὐκλεηθήση
3047 4139 3205 4208 παρά
3247 4155 3310 4191 τε
3363 4138 3482 4192 Θεῶ
3506 4139 3589 4211 τῷ
3639 4138 3868 4210 εὐδοκή-

610 4233 780 4288 Deum
828 4231 915 4288 cui
967 4247 1056 4286 res
1109 4245 1175 4285 ea
1240 4227 1622 4299 acceptissima
1682 4236 1807 4294 est,
1866 4235 1982 4282 tum
2040 4226 2184 4298 apud

2291 4243 2468 4294 σαντι,
2504 4229 2602 4282 καὶ
2637 4228 2854 4300 βασιλεῖ
2879 4228 2959 4300 τῷ
3017 4230 3392 4302 ἀπαρξαμένῳ
3446 4231 3717 4296 εὐσεϐεῖν,
3779 4233 3871 4285 καὶ

609 4325 1000 4395 imperatorem
1035 4321 1130 4392 qui
1168 4319 1282 4392 jam
1336 4319 1620 4392 religionis
1665 4319 1883 4388 signum
1939 4320 2182 4386 sustulit,

2291 4320 2466 4374 ἅπασι
2484 4323 2598 4384 τοῖς
2625 4319 2716 4374 τὸν
2739 4320 2902 4392 ὀρθὸν
2927 4320 3088 4390 λόγον
3112 4322 3214 4392 τῆς
3237 4321 3498 4393 ἀληθείας
3526 4323 3868 4394 πρεσϐεύω.

610 4427 728 4472 tum
757 4416 900 4485 apud
924 4415 1218 4469 universos
1241 4412 1338 4483 qui
1361 4420 1570 4466 rectum
1597 4410 1846 4466 veritatis
1875 4425 2183 4466 sermonem

2293 4426 2398 4466 σιν.
2422 4411 2498 4465 Οὐ
2522 4379 2634 4484 μην
2679 4379 2818 4466 ἀλλά
2863 4413 2960 4466 καὶ
2989 4379 3209 4484 σεαυτῷ
3239 4379 3342 4484 τῆὲ
3386 4379 3530 4468 κατά
3562 4379 3667 4486 τὴν
3723 4416 3870 4484 alpe-

610 4507 941 4586 annuntiant
973 4523 988 4562 τ
1021 4504 1329 4576 quinetiam
1372 4503 1673 4558 amuletum
1710 4502 1977 4558 adversus
2010 4502 2184 4556 labem

2291 4502 2450 4574 τικὴν
2480 4503 2769 4559 κοινωνίαν
2795 4504 3100 4576 χράνσιως,
3138 4505 3391 4559 ἐντεῦθεν
3443 4505 3645 4577 χαρίσῃ
3693 4503 3868 4570 aitet.-

609 4615 736 4672 quae
765 4592 835 4655 ab
867 4601 1127 4654 haeretica
1160 4598 1548 4653 communione
1577 4596 1754 4651 oritur
1783 4595 1896 4666 ipse
1929 4593 2024 4648 tibi
2057 4610 2188 4650 con-

611 4695 780 4749 licius.

611 4805 897 4864 LXXXIII.
920 4835 991 4848 -α-
1016 4804 1229 4861 Sanctis
1269 4800 1517 4856 Patribus
1541 4802 1691 4865 meis,
1719 4810 1768 4856 et
1795 4797 2184 4870 confessoribus

823 4878 1050 4943 Christi,
1075 4873 1300 4940 Joauut',
1348 4871 1622 4937 Michaeli,
1663 4883 1713 4925 et
1744 4871 1974 4926 Basilio.

2292 4599 2479 4670 τήριον
2508 4599 2824 4670 φάρμακον.

2293 4795 2415 4872 Illi.
2439 4827 2511 4839 —-
2537 4799 2884 4872 Τρῐςίὰγίοις
2909 4818 3031 4871 μου
3060 4801 3325 4867 Πατρὰσι
3351 4802 3451 4857 καί
3482 4801 3874 4872 όμολοτηταῖς

2363 4870 2650 4938 Χριστοῦ,
2673 4867 2944 4940 Ἰὼάννῄ,
2970 4873 3233 4941 Μιχαὴλ.
3261 4873 3359 4926 καὶ
3378 4867 3873 4946 Βασὶλείφίἑριεη

1099 5016 1313 5068 Careere
1332 5022 1483 5076 atque
1507 5015 1688 5063 exsilio
1711 5011 1932 5062 solutum
1955 5021 2012 5059 se
2045 5007 2261 5066 nuntiat,
2290 5016 2347 5054 ac
2375 5001 2535 5052 multa
2560 5015 2652 5066 pro
2671 5001 2866 5054 Christo
2892 5001 3046 5065 passis
3064 5004 3358 5068 gratulatur.

683 5141 753 5196 Et
784 5155 930 5195 nunc
961 5139 1029 5194 ad
1065 5138 1258 5195 Patres
1285 5153 1439 5196 meos
1475 5139 1714 5218 scribere
1741 5149 1957 5207 aequum
1991 5131 2190 5190 existi~

613 5235 782 5298 mari,
810 5242 868 5289 et
899 5232 1064 5289 simul
1085 5232 1329 5288 scribere
1359 5241 1616 5303 tanquam
1648 5231 1714 5286 ad
1735 5229 1982 5301 ejusdem
2011 5225 2189 5282 virtu-

612 5327 685 5383 tis
706 5340 770 5382 ac
791 5321 1084 5380 sententiae
1104 5321 1469 5392 martyr-iique
1493 5336 1594 5392 pro
1618 5319 1844 5376 Christo
1866 5316 2185 5390 participes.

611 5412 1066 5483 Quandoquidem
1117 5411 1266 5466 enim
1314 5408 1425 5466 Deo
1484 5419 1676 5466 nostro
1717 5409 1924 5480 optimo
1961 5406 2188 5478 placuit,

614 5519 674 5562 ut
699 5515 755 5563 et
771 5521 871 5563 nos
892 5511 1214 5576 peccatores
1240 5503 1644 5558 dimitteremur
1665 5518 1697 5556 e
1719 5513 1963 5566 carcere,
1994 5494 2190 5567 optimi

616 5599 880 5670 principis
937 5598 1252 5654 interventu
1295 5615 1309 5652 :
1361 5595 1536 5650 instar
1585 5591 1877 5663 cujusdam
1938 5589 2190 5644 muneris

618 5695 772 5750 vobis
799 5693 1088 5766 epistolam
1129 5691 1323 5758 oll'ero,
1364 5687 1634 5760 gaudens,
1669 5683 2062 5756 gratulatusque
2095 5696 2192 5752 pa-

690 5831 806 5866 ³¹·¹⁵⁸
836 5833 981 5887 Psal.
1013 5845 1153 5894 χειν,
1178 5827 1232 5884 9..
1312 5829 1358 5859 "
1385 5824 1574 5878 Matth.
1606 5839 1657 5889 ε,
1686 5820 1776 5875 ‘26.

2365 5127 2476 5181 Καὶ
2504 5127 2599 5181 νῦν
2630 5129 2934 5183 ἐπιστεῖλαι
2958 5123 3020 5184 εὖ
3053 5128 3203 5200 ἔχειν
3251 5127 3558 5199 ὲδοκίμασα
3581 5128 3695 5192 τοῖς
3717 5127 3872 5198 eiul;

2293 5220 2565 5294 Πατράσι,
2593 5221 2688 5275 καὶ
2709 5221 3016 5276 ἐπιστεῖλαι
3063 5220 3203 5293 ὁμοῦ
3233 5219 3312 5285 ὡς
3337 5220 3438 5287 τῆς
3463 5219 3634 5289 αὐτῆς
3673 5218 3874 5291 ἀρετῆς

2293 5315 2390 5369 καὶ
2434 5314 2710 5385 ὁμονοίας,
2741 5314 2948 5386 μᾶλλον
2995 5313 3053 5368 δὲ
3103 5314 3414 5386 μαρτυρίας
3441 5309 3681 5382 Χριστοῦ
3703 5310 3871 5378 ἠξιω-

2297 5406 2499 5478 μένοις.
2539 5405 2692 5459 Ἐπεὶ
2726 5405 2838 5478 γὰρ
2875 5405 3172 5476 εὐδόκησεν
3209 5405 3238 5468 ῤ
3293 5401 3502 5470 ἀγαθὸς
3553 5400 3690 5462 Θεὸς
3714 5398 3876 5469 ἡμῶν

2293 5495 2564 5566 ἀφεθῆναι
2601 5494 2699 5550 καὶ
2723 5496 2872 5566 ἡμᾶς
2904 5495 3032 5560 τοὺς
3068 5491 3434 5566 ἁμαρτωλοὺς
3468 5490 3571 5561 τῆς
3602 5487 3874 5560 φυλακῆς.

2291 5591 2362 5661 τῇ
2392 5587 2641 5661 μεσιτείᾳ
2671 5587 2766 5641 τοῦ
2788 5586 2996 5657 ἀγαθοῦ
3055 5587 3323 5660 βασιλέως
3345 5602 3361 5620 ’
3398 5585 3592 5655 ὥσπερ
3616 5598 3664 5634 τι
3720 5580 3878 5634 ἕδνον

2302 5683 2599 5757 προσφέρω
2630 5683 2760 5754 ὑμῖν
2785 5681 2850 5737 τὸ
2876 5681 3132 5754 γράμμα,
3170 5681 3377 5752 χαίρων
3428 5681 3525 5734 καὶ
3569 5676 3879 5751 συγχαίρω
