4060 6374
266 366 397 427 I325

1451 359 1991 421 EPISTOLARUM
2043 361 2190 421 LIB.
2236 358 2318 420 Il.

3386 360 3541 433 1326

255 484 411 556 ὑμῶν
441 484 508 553 τῇ
536 481 892 553 πατρωσύνῃ,
930 482 1023 536 καὶ
1048 483 1143 553 τῇ,
1161 474 1274 535 οἷον
1294 483 1493 545 ειπεῖν,
1529 478 1673 533 κατά
1700 480 1838 547 Χρι-

1948 479 2190 534 ternitati
2234 487 2452 543 vestrae,
2495 493 2561 535 ac
2610 488 2920 548 reportatae,
2969 489 3029 536 ut
3074 480 3150 537 ita
3190 481 3395 549 dicam,
3448 502 3531 539 sco

255 578 383 631 στὸν
437 576 583 647 νίκῃ.
625 574 738 627 Καὶ
799 574 909 643 γὰρ
945 573 1272 644 νενικήκατε
1310 570 1403 625 τὸν
1463 571 1739 642 πονηρὸν,
1793 564 1839 624 ὧ

256 670 573 740 θαυμάσιοι,
619 667 717 723 καὶ
746 666 893 720 ἔνδον
916 665 1007 719 διά
1032 668 1133 735 τῆς
1165 664 1344 736 πάλης
1393 664 1502 719 τῶν
1532 662 1837 733 λογισμῶν,

256 762 354 816 καὶ
395 760 554 823 ἐκτὸς
582 759 673 813 διὰ
721 759 822 828 τῆς
844 754 1030 810 ἐνθέου
1060 756 1342 828 ὑπομονῆς
1363 772 1379 788 ·
1417 758 1492 828 μὴ
1522 756 1842 828 κάμψαντες

255 854 387 921 γόνυ
421 852 500 925 τῷ
534 848 904 924 ὑπηρετοῦντι
942 847 1222 921 δράκοντι.
1268 847 1512 903 Ἐκείνου
1544 849 1655 921 γὰρ
1715 850 1842 923 ἀρι-

254 949 433 1016 δήλως
502 947 780 1018 ὑπουργὸς
809 944 988 1012 Λέων,
1013 943 1043 997 ὁ
1072 943 1451 1013 παγκάκιστος
1485 943 1699 998 ἐκείνου
1750 944 1843 998 θεο

258 1041 560 1111 ραπευτὴς,
596 1042 624 1093 ὁ
655 1039 755 1108 τῆς
785 1039 993 1103 είκόνος
1023 1035 1261 1107 Χριστοῦ
1309 1036 1592 1107 ὑϐριστὴς,
1624 1034 1841 1090 καὶτῶν

250 1133 426 1197 ἁγίων
452 1133 736 1202 φονευτής.
780 1131 1083 1202 Ἐκάτερος
1116 1132 1366 1202 ἑκατέρῳ
1412 1130 1786 1199 συμφωνήσας
1818 1144 1836 1163 ο

251 1228 350 1281 καὶ
396 1226 669 1296 συνθήκην
698 1225 867 1296 ἄμφω
889 1225 1255 1295 ποιησάμενοι
1286 1222 1560 1294 περιελεῖν
1587 1222 1647 1275 τὸ
1665 1221 1844 1292 ὄνομα

260 1316 523 1388 Χριστοῦ,
549 1316 618 1371 δι’
666 1316 1012 1386 ἀφαιρέσεως
1038 1315 1130 1368 τοῦ
1183 1316 1332 1368 θείου
1388 1315 1485 1369 καὶ
1521 1331 1842 1387 προσκυνη-

252 1404 348 1458 τοῦ
382 1398 546 1459 αύτόῦ
594 1405 965 1476 χαρακτῆρος.
1014 1403 1168 1457 Ἐπεὶ
1215 1404 1290 1475 μὴ
1329 1404 1611 1475 πέφθακεν
1645 1407 1675 1458 ό
1717 1421 1843 1458 και-

258 1498 352 1568 ρὸς
398 1492 498 1568 θεῆς
527 1497 790 1567 δευτέρας
834 1496 987 1560 θείας
1037 1497 1381 1567 ἐπιφανείας,
1435 1498 1521 1551 ἴνα
1566 1497 1843 1566 ὁλοφανῶς

255 1589 490 1659 Χριστὸς
515 1587 804 1660 ἀρνηθείη.
854 1588 993 1641 Ἀλλ’
1027 1588 1319 1657 εὐλογητὸς
1360 1590 1389 1642 ό
1438 1588 1591 1652 Θεὸς,
1648 1588 1709 1652 ἧς
1746 1590 1843 1644 καὶ

251 1680 345 1734 τὸν
380 1680 616 1749 διώκτην
636 1679 805 1734 ὤλεσε
840 1679 1057 1751 θάνάτῳ
1089 1679 1405 1751 περιϐοήτῳ
1434 1680 1528 1733 καὶ
1578 1679 1842 1752 ἀξιολόγῳ

249 1771 354 1841 τῆς
383 1771 759 1835 ἀποστασίας*
792 1771 901 1826 ἔδει
929 1770 1039 1843 γὰρ
1076 1772 1168 1824 τὸν
1199 1771 1435 1842 τεμόντα
1458 1772 1519 1824 τὸ
1562 1772 1840 1843 Κυριακὸν

1943 570 2184 625 cundum
2221 570 2500 626 Christum
2533 569 2803 627 victoriae.
2842 572 3156 629 Dtemonem
3198 575 3346 629 enim
3398 576 3532 631 vici-

1941 662 2079 729 stis,
2137 677 2172 718 o
2237 662 2339 718 viri
2402 662 2717 718 admirandi
2759 678 2777 719 :
2819 670 2934 718 tum
2978 664 3129 721 intus
3178 679 3275 735 per
3324 665 3529 721 luctum

1943 753 2209 808 adversus
2259 753 2666 823 cogitationes:
2694 762 2815 810 tum
2858 753 2994 811 foris
3034 770 3135 826 per
3173 756 3528 812 tolerantiam

1942 844 2106 914 plane
2132 843 2397 907 divinam,
2449 860 2560 899 non
2602 844 2887 902 ﬂectentes
2927 862 3070 918 genu
3117 862 3307 904 coram
3347 849 3531 905 admi-

1943 936 2121 989 nistro
2161 935 2335 1005 ipsius
2360 934 2629 991 dracone.
2657 935 2786 992 Fuit
2814 937 2960 993 enim
2987 938 3134 995 haud
3158 939 3328 997 dubie
3367 941 3531 996 mini-

1942 1036 2057 1082 ster
2103 1027 2252 1082 illius
2305 1026 2440 1092 Leo,
2496 1027 2589 1083 ille
2640 1030 2918 1099 pessimus
2975 1030 3152 1101 ipsius
3195 1032 3390 1097 cliens,
3437 1033 3534 1090 illo

1943 1118 2205 1191 imaginis
2231 1119 2438 1175 Christi
2481 1128 2845 1192 contemptor,
2878 1122 2971 1177 ille
3003 1131 3324 1178 sanctorum
3358 1124 3532 1179 inter-

1943 1212 2138 1266 fector.
2201 1210 2669 1282 ConSpirantibus
2728 1216 2876 1269 enim
2944 1215 3182 1272 invicem
3238 1218 3529 1273 sententiis

1943 1303 2125 1361 foedus
2151 1306 2312 1361 ambo
2343 1307 2534 1370 iniere,
2571 1317 2629 1363 nt
2651 1307 2857 1363 Christi
2890 1323 3094 1365 nomen
3132 1324 3166 1366 e
3203 1310 3387 1366 medio
3422 1313 3529 1366 tol-

1942 1398 2140 1463 lerent,
2196 1398 2415 1453 sublata
2465 1400 2659 1469 utique
2704 1400 2890 1456 divina
2934 1410 2991 1457 et
3025 1402 3305 1459 adoranda
3354 1404 3531 1475 ipsius

1941 1488 2137 1562 efﬁgie.
2178 1488 2666 1547 Vernmenimvero
2725 1493 2967 1547 nondum
3039 1501 3260 1563 tempus
3306 1494 3531 1549 advenit

1942 1582 2169 1638 secundi
2201 1582 2469 1638 adventus
2500 1582 2740 1652 Domini,
2787 1593 2848 1639 ut
2890 1585 3110 1655 penitus
3130 1584 3392 1641 Christus
3433 1601 3532 1640 ne-

1942 1682 2125 1742 getur.
2180 1672 2285 1729 Sed
2336 1674 2655 1730 benedictus
2695 1675 2861 1739 Deus,
2907 1685 3022 1731 tum
3072 1677 3167 1746 qui
3211 1686 3528 1732 vexatorem

1945 1767 2183 1838 perdidit
2231 1767 2556 1836 turpissimo
2606 1770 2758 1824 necis
2800 1784 3021 1839 genere,
3058 1784 3156 1835 pro
3198 1769 3529 1825 defectionis

254 1860 438 1931 σῶμα,
472 1861 616 1931 ξίφει
646 1861 1080 1932 κατατμηθέντα
1130 1859 1440 1934 ἀπορρῆξαι
1497 1862 1597 1934 τὴν
1650 1862 1797 1935 ζωήν
1822 1880 1839 1895 ο

1945 1876 2060 1917 suae
2086 1861 2296 1916 meritis
2324 1860 2593 1932 (oportuit
2621 1862 2769 1917 enim
2804 1877 2930 1918 eum
2956 1864 3051 1934 qui
3081 1862 3301 1918 Domini
3325 1877 3528 1933 corpus

253 1955 354 2006 καὶ
387 1955 531 2026 ὑμᾶς
580 1954 908 2024 στεφανίτας
951 1954 1260 2019 ἀναδείξας,
1322 1955 1479 2020 κλέος
1520 1959 1585 2026 τῇ
1642 1956 1839 2011 ἑαυτοῦ

265 2045 566 2118 Ἐκκλησία
595 2050 1050 2119 περιεποιήσατο,
1077 2051 1283 2123 ἀρετῆς
1332 2052 1597 2116 ἀλείπτας
1617 2068 1631 2082 ⁸
1692 2051 1843 2125 ἐρεί-

258 2151 407 2204 ματα
436 2133 704 2201 πίστεως,
731 2138 1084 2210 ὲδραιώματα
1142 2140 1425 2213 ἀληθείας,
1465 2142 1843 2215 ὑποδείγματα

255 2226 575 2297 καρτερίας,
606 2227 684 2299 τῷ
707 2228 822 2282 ὸντι
849 2230 1192 2301 καθηγητὰς,
1238 2232 1316 2295 ὡς
1383 2232 1605 2303 ἀληθῶς
1666 2251 1843 2305 μονα-

250 2318 410 2383 στάς,
455 2319 894 2391 ἀπεικονίσματα
912 2322 1018 2376 τῶν
1054 2324 1340 2395 μακαρίων
1360 2326 1584 2379 ἐκείνων
1610 2326 1704 2380 καὶ
1739 2327 1845 2382 πάρ-

249 2412 346 2466 λαι
394 2413 564 2483 ἁγίων
596 2430 610 2447 ο
650 2415 700 2468 οἱ
731 2416 789 2467 ὲν
824 2417 937 2481 τοῖς
964 2417 1173 2488 ὁμοίοις
1221 2418 1467 2489 ἀνδρικοὶ
1529 2419 1840 2489 γεγονότες,

248 2503 336 2575 τῷ
367 2503 667 2577 άμαράντῳ
718 2509 818 2577 τῆς
866 2507 1215 2575 δικαιοσύνης
1268 2511 1519 2582 στεφάνῳ
1610 2528 1844 2566 κατεκο-

255 2595 576 2667 σμήθησαν,
629 2599 949 2671 χορεύοντες
985 2598 1201 2655 αἰώνια.
1246 2603 1490 2656 Τοιοῦτοι
1519 2603 1698 2674 ὑμεῖς,
1748 2602 1844 2658 καὶ

253 2686 415 2757 ὑμῶν
438 2687 702 2751 όέπαινος
733 2689 1036 2762 ὑπέρτερος
1064 2691 1166 2762 τῆς
1192 2694 1333 2765 ὲμῆς
1351 2694 1647 2767 οὑδαμινῆς
1676 2693 1846 2764 γλώτ-

250 2794 395 2848 της’
437 2779 693 2833 τοσοῦτον
737 2782 797 2835 δὲ
840 2782 1001 2854 μόνον
1038 2783 1301 2856 ᾀδούσης,
1353 2788 1478 2840 ὅσον
1497 2787 1590 2841 τὸν
1645 2789 1844 2860 καιρὸν
1892 2830 1897 2836 .

250 2869 707 2939 ἀφοσιώσασθαι,
744 2874 840 2927 καὶ
872 2874 963 2928 τὸν
1023 2875 1192 2930 πόθον
1234 2876 1597 2950 θεραπεῦσαι,
1648 2880 1745 2933 καὶ
1783 2879 1845 2933 τὸ

251 2963 480 3035 πνεῦμα
508 2965 967 3039 ἀναζωπυρῆσαι,
1010 2969 1090 3031 είς
1118 2968 1355 3040 ἄληκτον
1379 2970 1563 3041 δέησιν
1599 2970 1695 3024 τοῦ
1720 2973 1842 3025 ὲπι-

261 3056 537 3127 κληθῆναι
564 3057 723 3125 Θεὸν,
754 3059 940 3113 τέλεον
966 3061 1098 3131 ήμῐν
1123 3061 1183 3114 τὸ
1209 3062 1309 3132 τῆς
1356 3064 1581 3135 εἰρήνης
1639 3063 1845 3132 ἀγαθὸν

1943 1952 2188 2018 discidit,
2223 1953 2406 2024 gladio
2434 1953 2757 2009 intercisum
2787 1954 2958 2011 vitam
2999 1953 3373 2024 abrumpere),
3411 1964 3526 2008 tum

1942 2048 2038 2118 qui
2078 2062 2180 2102 vos
2213 2057 2269 2103 et
2298 2047 2536 2101 victores
2574 2046 2847 2111 exhibuit,
2899 2055 2955 2102 et
3003 2047 3058 2100 in
3101 2045 3365 2102 Ecclesiae
3412 2061 3530 2101 sua:

1942 2135 2112 2192 decus
2144 2136 2403 2200 servavit,
2442 2136 2664 2190 virtutis
2690 2146 3151 2209 prOpugnatores,
3182 2134 3526 2192 firmamenta

1944 2228 2092 2292 fidei,
2126 2228 2493 2283 stabilimenta
2527 2228 2796 2294 veritatis,
2831 2228 3134 2298 specimina
3164 2225 3526 2289 fortitudinis.

1942 2337 2074 2378 vere
2101 2323 2415 2392 magistros,
2444 2336 2571 2376 vere
2612 2322 2938 2385 monachos,
2986 2320 3273 2376 beatorum
3304 2320 3526 2375 illornin

1941 2428 2008 2469 ac
2047 2415 2251 2468 veteris
2305 2413 2405 2467 aevi
2451 2422 2767 2468 sanctorum
2815 2411 3131 2483 imagines:
3162 2411 3257 2483 qui
3300 2411 3353 2466 in
3408 2414 3525 2483 pari

1944 2506 2248 2561 certamine
2296 2519 2424 2559 cum
2471 2514 2698 2561 strenue
2744 2519 2804 2560 se
2860 2505 3153 2576 gesserint,
3202 2505 3525 2575 incorrupta

1940 2598 2168 2670 iustitiae
2208 2611 2412 2652 corona
2445 2596 2697 2651 exornati
2740 2613 3025 2668 nunquam
3056 2599 3302 2653 desituro
3328 2598 3528 2669 gaudio

1945 2691 2328 2762 perfruuntur.
2364 2688 2526 2745 Tales
2559 2705 2684 2745 cum
2725 2690 2868 2756 sitis,
2901 2700 3083 2747 vestra
3127 2691 3249 2747 laus
3280 2700 3524 2747 nostram

1944 2785 2201 2855 exiguam
2237 2784 2290 2838 in
2334 2782 2572 2839 dicendo
2616 2782 2933 2839 facultatem
2982 2792 3205 2853 superat
3244 2793 3529 2839 :tantum-

1943 2891 2050 2948 que
2096 2890 2495 2939 commemoro,
2554 2883 2824 2945 quantum
2874 2874 3011 2929 satis
3057 2883 3142 2929 est
3191 2881 3253 2929 nt
3298 2873 3528 2944 tempori

1946 2967 2308 3033 satisfaciam,
2341 2976 2397 3021 et
2428 2966 2705 3021 desiderio
2729 2964 3102 3022 obsecundem
3131 2982 3146 3020 :
3176 2973 3237 3020 ut
3279 2964 3524 3021 studium

1946 3057 2237 3112 incendam
2298 3055 2542 3111 assidua:
2592 3054 2975 3125 precationis,
3050 3055 3119 3111 ad
3181 3054 3526 3110 exorandum

253 3147 620 3212 ἐξανατείλαι.
665 3149 862 3223 Ὁρᾶτε
897 3152 1030 3225 γάρ,
1085 3145 1131 3206 ὦ
1182 3153 1495 3225 σεϐάσμιοι,
1566 3156 1715 3218 ὅπως
1762 3155 1842 3210 ἔτι

1949 3150 2144 3215 Deum,
2172 3160 2233 3206 ut
2255 3149 2513 3221 perfecta:
2533 3148 2953 3218 tranquillitatis
2979 3148 3125 3203 bono
3156 3147 3528 3220 perfruamur.

254 3240 542 3309 κραδαίνει
565 3241 633 3296 τά
668 3242 996 3314 πράγματα.
1033 3246 1272 3309 Δυνατὸς
1294 3246 1349 3300 δέ
1399 3246 1517 3300 ἔστι
1563 3249 1630 3318 τῇ
1690 3248 1835 3319 ἀρχῇ

1949 3240 2165 3296 Videtis
2194 3240 2365 3306 enim,
2410 3254 2446 3294 o
2480 3238 2805 3304 venerandi,
2848 3238 3314 3309 quemadmodum
3349 3237 3531 3295 adhuc

254 3332 357 3384 καὶ
404 3332 466 3385 τὸ
495 3333 649 3397 τέλος
672 3334 848 3403 δεξιὸν
880 3336 1277 3406 συναναφάναι.
1327 3336 1598 3409 Εὑχεσθαι
1655 3356 1840 3409 παρα-

254 3422 495 3496 κλήθητε
549 3426 680 3498 περὶ
753 3427 855 3498 τῆς
929 3426 1314 3493 ταπεινώσεώς
1392 3446 1516 3500 μου,
1593 3429 1846 3485 ἀεισέϐα-

256 3530 401 3573 στοι.

497 3628 618 3684 IiA'.
645 3661 715 3672 —
741 3632 1017 3701 Θεοδώρῳ
1042 3633 1380 3703 μονάζοντι.
1411 3633 1606 3707 [φκθ⁹.]

1948 3349 2038 3390 res
2070 3333 2355 3388 fluctuent.
2391 3330 2498 3388 Sed
2540 3342 2734 3403 potens
2777 3340 2861 3387 est
2905 3331 3050 3387 Deus
3081 3331 3330 3388 felicibus
3358 3332 3533 3388 initiis

1949 3426 2288 3497 conjungere
2314 3440 2639 3496 prosperum
2678 3425 2866 3481 finem.
2902 3424 3071 3480 Orare
3095 3439 3197 3495 pro
3222 3424 3534 3481 humilitate

1954 3536 2077 3576 mea
2113 3536 2180 3575 ne
2208 3519 2534 3591 gravemini,
2565 3535 2600 3571 ο
2631 3533 2849 3588 semper
2873 3517 3192 3574 venerandi.

2220 3634 2510 3690 LXXXIV.
2541 3667 2611 3676 —-
2641 3635 2912 3690 Theodoro
2934 3634 3188 3689 monacho
3206 3635 3295 3707 Γ).

1212 3746 1289 3796 De
1316 3753 1483 3796 sancta
1511 3746 1746 3811 imagine.
1783 3748 1951 3800 Basilii
1973 3750 2157 3801 dictum
2191 3752 2576 3812 interpretatur.

344 3844 488 3914 Ἐγώ
520 3862 615 3900 σου
650 3846 751 3918 τὴν
801 3847 1117 3904 θεοσέόειαν
1173 3853 1546 3922 παρεκάλεσα,
1581 3855 1693 3908 τῶν
1718 3858 1840 3909 κατ’

253 3937 401 4010 ἱμοῦ
452 3940 744 4010 ἐγκωμίων
792 3940 1102 4011 ἀφέμενον,
1163 3942 1367 4013 μᾶλλον
1416 3945 1839 4016 προσεύχεσθαι,

2011 3857 2203 3913 Pietati
2240 3868 2345 3913 tum
2389 3866 2583 3911 auctor
2614 3854 2827 3919 exstiti,
2860 3862 2922 3908 ut
2958 3852 3216 3908 laudibus
3256 3852 3396 3909 meis
3437 3871 3526 3909 sn-

1938 3946 2260 4013 persede‘ns,
2316 3946 2572 3999 fnnderes
2620 3944 2801 4014 potius
2848 3957 2948 4013 pro
2992 3957 3082 3997 me.
3115 3958 3329 4012 preces,
3381 3959 3448 4000 ne
3494 3961 3523 3997 ιι

256 4030 342 4102 μή
388 4032 565 4102 πάντη
604 4047 672 4102 με
721 4030 863 4085 Θεοῦ
890 4031 1425 4104 ἀπομακρύνεσθαι’
1482 4036 1688 4099 καύτὸς
1739 4037 1840 4089 οὑκ

1942 4038 2054 4093 Ι)οο
2092 4038 2270 4108 magis
2315 4047 2533 4091 avertar
2563 4053 2578 4089 :
2610 4047 2667 4092 tn
2703 4051 2834 4091 vero
2868 4034 3061 4091 nescio
3103 4050 3210 4106 qua
3252 4035 3527 4107 impulsus

252 4120 358 4176 οἷδ’
385 4124 506 4177 ὅθεν
532 4122 855 4195 φερόμενος,
903 4125 984 4187 εἰς
1012 4123 1234 4193 μείζους
1260 4125 1501 4196 semen;
1526 4127 1718 4195 λόγους
1748 4130 1838 4182 αἱ·

1942 4133 2154 4186 ratione
2202 4131 2257 4185 in
2302 4131 2594 4185 uberiores
2643 4130 2818 4184 multo
2860 4128 3094 4200 erupiin
3125 4130 3333 4185 Iaudes.
3374 4128 3526 4185 Mitte

250 4219 478 4282 νὲσεως.
515 4221 608 4289 Μή
630 4219 791 4282 οὕτω,
822 4221 1024 4292 Πάτερ,
1068 4221 1353 4292 μηδαμῶς.
1406 4223 1477 4276 Ἢ
1520 4223 1622 4277 οὑκ
1679 4218 1839 4278 οἶσθα

1944 4226 2170 4280 omnino
2212 4225 2294 4280 sic
2340 4240 2525 4295 agere,
2559 4224 2739 4279 Pater.
2769 4222 2854 4276 An
2909 4221 3090 4277 nescis
3132 4220 3396 4277 miserum
3434 4238 3525 4277 me

250 4312 343 4363 ὅτι
361 4309 665 4382 ἀνθρώπων
697 4312 953 4365 ἁπάντων
968 4315 1080 4382 ἐγὼ
1106 4313 1313 4376 ότάλας
1343 4314 1834 4386 ἀμαρτωλότερος;

1950 4317 2271 4372 mortalium
2339 4317 2589 4370 omnium
2653 4315 2893 4369 maxime
2950 4328 3075 4369 esse
3126 4314 3371 4383 peccatis
3422 4313 3522 4368 ob-

252 4402 368 4456 κᾶν
397 4404 498 4456 οὐκ
527 4400 624 4457 οἷδ’
664 4403 816 4468 ὅπως
869 4404 1010 4458 ἐλέει
1070 4405 1209 4459 Θεοῦ
1252 4406 1335 4470 είς
1384 4407 1634 4479 φυλακὴν
1668 4407 1833 4465 αὑτοῦ

1942 4407 2210 4462 noxium?
2254 4407 2583 4476 Quanquam
2636 4405 2826 4462 nescio
2857 4420 2964 4475 qua
3003 4403 3098 4459 Dei
3145 4402 3519 4459 misericordia

214 4494 498 4579 ’ἠξίωμαι
531 4494 816 4549 διατελεῖν.
859 4496 950 4550 Διὸ
978 4498 1073 4551 καὶ
1104 4497 1277 4563 δέδια,
1305 4500 1505 4570 μήπως
1534 4501 1836 4571 ἐπισκεψά-

1944 4497 2048 4553 sub
2078 4498 2199 4567 ejus
2227 4499 2397 4552 tutela
2433 4496 2798 4569 praesidioque
2842 4509 3061 4566 semper
3089 4511 3213 4550 sum
3246 4502 3515 4550 versatus.

256 4604 421 4657 μενος
464 4588 524 4639 ὲν
552 4586 630 4657 τῷ
661 4587 970 4661 τελουμένφ
1001 4589 1383 4663 όμολογητικῷ
1410 4593 1595 4662 γάμῳ,
1625 4593 1725 4645 ἴδοι
1768 4610 1837 4663 με

1942 4590 2307 4658 Quamobrem
2344 4607 2541 4646 vereor
2564 4606 2655 4657 ne,
2674 4605 2802 4646 cum
2835 4589 3140 4645 visitaverit
3166 4589 3223 4644 in
3254 4602 3519 4645 consum-

254 4679 363 4731 οὐκ
409 4677 767 4748 ἐνδεδυμένον
796 4678 1003 4750 ἔνδυμα
1047 4680 1253 4751 γάμου,
1282 4682 1382 4735 εἴτ’
1403 4679 1496 4737 οὖν
1532 4682 1841 4756 καθαρότη-

254 4785 352 4833 τος
389 4785 406 4801 ο
438 4771 533 4824 καὶ
550 4770 696 4823 εῐποι
728 4772 841 4834 τοῖς
872 4771 1183 4840 ὑπηρέταις
1218 4774 1503 4842 ἀγγέλοις*
1532 4775 1840 4843 Δήσαντες

252 4860 451 4915 αὐτοῦ
485 4860 688 4931 χεῖρας
735 4861 836 4915 καὶ
884 4862 1098 4931 πόδας,
1149 4865 1431 4920 ἐκϐάλετε
1480 4868 1689 4934 αὑτὸν,
1738 4867 1840 4922 καὶ

261 4950 561 5021 tydeus“
603 4955 690 5019 εις
729 4952 796 5007 τὸ
840 4955 1062 5022 σκότος
1104 4956 1170 5009 τὸ
1212 4956 1522 5027 ἐξώτερον
1556 4958 1633 5022 ὡς
1685 4976 1832 5030 παρ-

244 5041 549 5117 ἐνείραντα
569 5042 766 5100 ἑαυτὸν
781 5045 1017 5110 ἀναξίως
1042 5049 1153 5111 τοῖς
1168 5050 1523 5123 ὁμολογηταῖς
1541 5053 1834 5123 μου.Ὣστε

256 5137 417 5192 τοῦτο
443 5137 624 5204 εἰδὼς,
659 5136 814 5194 κλαΐέ
845 5156 911 5210 με
946 5140 1171 5211 μᾶλλον,
1219 5142 1424 5215 Πάτερ,
1459 5146 1556 5199 καὶ
1607 5145 1839 5218 προσεύ-

254 5247 381 5302 χου,
428 5229 503 5302 μή
530 5229 690 5284 τοῦτό
720 5248 812 5302 μοι
839 5233 1138 5304 ωμῦῆναι.
1194 5232 1305 5289 Καὶ
1368 5231 1471 5291 ὧδε
1511 5237 1610 5309 μὲν
1637 5238 1832 5293 ταῦτα.

254 5323 399 5394 Περὶ
429 5322 489 5377 δὲ
520 5323 614 5376 τοῦ
636 5325 739 5378 Διά
762 5323 856 5377 καὶ
888 5324 1023 5379 Ἀνὰ
1054 5326 1159 5381 ὑπὸ
1172 5326 1266 5381 τοῦ
1289 5329 1524 5399 μεγάλου
1550 5329 1834 5385 Βασιλείου

249 5415 585 5486 εἰρημένων,
606 5414 851 5487 δηλονότι
882 5417 942 5470 ὲν
966 5420 1032 5490 τῇ
1056 5421 1251 5492 χρήσει
1280 5423 1549 5492 κειμένων
1575 5422 1686 5476 τῶν
1707 5440 1842 5495 προ-

249 5507 462 5559 θέσεων
486 5505 588 5576 τῆς
619 5505 828 5571 εἰκόνος
851 5523 866 5538 ο
898 5508 997 5580 οὐχ
1028 5510 1134 5564 ὑπὸ
1190 5510 1286 5565 τοῦ
1337 5513 1496 5581 ἁγίου
1555 5514 1703 5568 δοκεῖ
1747 5532 1841 5586 μοι

247 5595 638 5668 ἐκφωνηθῆναι
664 5596 760 5651 καὶ
787 5596 958 5664 οὕτως
992 5600 1086 5655 καὶ
1114 5598 1308 5667 οὕτως,
1325 5601 1440 5657 ἀλλ’
1459 5603 1523 5656 ὲκ
1554 5619 1829 5676 μεταγρα-

329 5718 378 5749 ⁶³
397 5713 592 5771 Matth.
622 5730 783 5780 χχιιι.
821 5716 905 5774 l5.

368 5832 436 5897 (θ)
470 5828 805 5899 Dogmatica.

1940 4684 2103 4738 matis
2141 4681 2514 4740 confessionis
2562 4682 2792 4753 nuptiis,
2830 4680 3015 4736 videat
3056 4695 3143 4735 me
3196 4695 3308 4736 non
3356 4680 3518 4736 indu-

1939 4784 2056 4832 tum
2088 4785 2240 4830 veste
2268 4779 2610 4845 nuptiarum,
2659 4774 2763 4827 hoc
2796 4781 2883 4828 est
2914 4774 3177 4844 puritatis
3223 4788 3239 4827 :
3275 4772 3517 4843 angelis-

1936 4882 2046 4938 que
2072 4866 2414 4922 administris
2451 4866 2601 4919 dicat
2629 4881 2645 4919 :
2670 4864 2878 4935 Ligatis
2918 4865 3165 4919 manibus
3200 4874 3251 4920 et
3295 4866 3515 4934 pedibus

1938 4957 2079 5027 ejus,
2102 4958 2298 5010 mittite
2318 4972 2440 5010 cum
2464 4966 2514 5009 et
2529 4956 2777 5026 projicite
2792 4957 2848 5010 in
2868 4957 3107 5010 tenebras
3129 4957 3416 5012 exteriores
3432 4958 3477 4989 ⁸³
3499 4978 3514 5025 ;

1940 5051 2144 5121 quippe
2173 5049 2266 5119 qui
2299 5066 2359 5104 se
2399 5057 2606 5103 temere
2652 5048 3067 5105 confessorihus
3096 5048 3237 5105 meis
3264 5048 3519 5105 inserue-

1940 5144 2033 5198 rit.
2068 5141 2438 5210 Quamobrem
2487 5140 2591 5194 hoc
2633 5154 2759 5196 cum
2784 5140 2956 5211 probe
3004 5140 3174 5206 scias,
3214 5155 3303 5196 me
3336 5140 3518 5212 potius

1941 5231 2103 5300 deﬂe,
2143 5229 2325 5297 Pater,
2365 5239 2422 5287 et
2463 5245 2533 5285 ne
2577 5230 2723 5286 istud
2764 5232 2898 5287 mihi
2925 5233 3165 5300 eveniat,
3195 5231 3514 5302 deprecare.

1944 5325 2053 5382 Sed
2096 5324 2164 5380 de
2195 5324 2282 5380 his
2317 5330 2607 5380 hactenus.
2635 5323 2713 5379 De
2760 5325 2973 5381 vnculis
3002 5335 3185 5381 autem
3214 5324 3306 5379 διὰ
3326 5332 3383 5380 et
3409 5325 3518 5379 ἀνά

1940 5420 2115 5489 (trans
2135 5426 2191 5472 et
2221 5415 2314 5487 ad)
2336 5431 2477 5485 quas
2502 5415 2740 5472 Basilius
2766 5415 2993 5489 Magnus
3025 5415 3334 5488 usurpavit,
3363 5414 3517 5471 vide-

1938 5509 2070 5567 licet
2119 5510 2176 5565 in
2226 5508 2513 5580 proposito
2564 5508 2635 5565 de
2683 5508 2925 5580 imagine
2981 5515 3308 5578 argumento
3346 5522 3363 5560 :
3401 5518 3516 5561 non

1940 5602 2075 5660 mihi
2128 5602 2385 5658 videntur
2413 5614 2443 5656 a
2470 5610 2664 5658 sancto
2690 5609 2748 5656 et
2784 5602 2899 5656 haec
2936 5610 2989 5654 et
3022 5600 3112 5655 illa
3143 5600 3387 5671 prolatae,
3418 5598 3514 5653 sed
