4060 6374
257 305 396 370 1329

1445 297 1990 361 EPISTULABUM
2026 297 2178 360 LIB.
2251 295 2336 356 Ii:

3400 293 3532 360 1330

253 426 392 494 ὅπερ
413 419 560 475 ἐστὶν
573 418 608 490 ἠ
630 416 883 491 τριαδικὴ
903 416 1063 490 ἡμῶν
1076 414 1446 485 προσκύνησις
1459 417 1554 470 καὶ
1581 401 1806 486 λατρεία
1825 432 1840 446 ο

1963 423 2118 485 atque
2149 413 2264 468 haec
2296 419 2483 466 nostra
2516 419 2602 465 est
2630 407 2920 467 Trinitatis
2961 410 3214 468 adoratio
3239 424 3296 469 et
3321 415 3532 486 latria).

253 515 352 568 ἐπὶ
383 512 442 567 δὲ
467 514 568 583 τῆς
594 510 822 574 εἰκόνος,
847 512 884 582 ἠ
921 509 1061 580 αὐτὴ
1103 509 1201 579 μὲν
1243 507 1385 578 (πῶς
1436 509 1547 578 γὰρ
1599 506 1703 572 ob;
1759 501 1836 560 ὧν

253 605 367 678 γὰρ
395 604 454 657 ἓν
489 601 554 656 τὸ
572 602 796 670 κράτος,
831 601 928 654 καὶ
956 602 990 670 ἡ
1038 599 1164 663 δόξα
1201 597 1318 667 μία,
1371 597 1580 652 τούτων
1634 598 1840 670 δηλαδὴ

254 696 315 749 ἐν
359 695 420 750 τὸ
461 693 651 761 σέϐας,
685 694 782 746 καὶ
833 691 932 762 μία
963 691 997 761 ἡ
1031 689 1430 761 προσκύνησις)
1460 729 1477 754 ,
1511 689 1737 761 σχετικὴ
1781 689 1842 742 δὲ

253 789 426 862 ὅμως,
449 788 618 859 ἤγουν
645 784 997 857 όμωνυμική.
1037 782 1366 854 Προσκυνῶν
1413 783 1522 852 γὰρ
1558 781 1751 853 αὐτὴν,
1778 782 1840 835 ού

257 899 323 936 συ
332 877 782 953 μπροσεκύνησα,
806 875 944 929 ἀλλὰ
969 873 1363 947 προσεκύνησα
1387 873 1650 946 Χριστὸν,
1673 875 1736 928 οὐ
1763 873 1843 928 δι·-

254 973 584 1047 αιρούμενον
637 971 761 1026 καθ’
811 969 1132 1035 ὑπόστασιν,
1191 969 1331 1024 ἀλλὰ
1413 970 1846 1042 διαφορούμενον

255 1068 401 1122 κατά
429 1064 522 1120 τὸν
544 1063 648 1135 τῆς
669 1062 860 1126 οὐσίας
883 1061 1041 1131 λόγον
1066 1078 1081 1093 ο
1105 1063 1245 1133 ὅπερ
1275 1062 1394 1116 ἐστὶ
1431 1061 1661 1133 σχετικὴ
1679 1105 1696 1129 ,
1727 1060 1844 1116 ἀλλ’

255 1161 317 1214 ού
357 1157 725 1231 λατρευτική⁹
773 1155 878 1210 κᾶν
937 1157 972 1228 ή
1023 1155 1183 1226 αὐτὴ,
1211 1155 1330 1210 ἐκεῖ
1377 1155 1480 1226 μὲν
1499 1153 1675 1220 οὕτως
1697 1172 1850 1210 νοου-

259 1252 398 1323 μένη
458 1253 554 1305 καὶ
605 1249 900 1320 λεγομένη,
923 1247 1112 1302 καθότι
1133 1246 1596 1319 τριαδικὴ,ήγουν
1615 1249 1845 1318 φυσική·

258 1343 500 1401 ἐνταῦθα
523 1343 581 1397 δὲ
605 1342 668 1396 τὸ
693 1339 954 1412 ἔμπαλιν,
987 1339 1180 1394 καθότι
1226 1338 1478 1423 σχετικὴ,
1507 1339 1678 1410 ἤγουν
1710 1339 1848 1393 ὑπο-

260 1435 716 1508 στατική.Εἰγὰρ
746 1435 942 1502 εἴποις,
971 1432 1621 1506 λατρευτικὴ,ὲσήμανας
1649 1449 1849 1503 σεσαρ-

259 1533 492 1598 κῶσθαι,
526 1531 602 1597 ὡς
631 1530 726 1584 τὸν
753 1529 906 1595 Υἱδν,
935 1529 1028 1583 τόν
1052 1545 1112 1582 τε
1134 1527 1375 1598 Πατέρα,
1395 1528 1492 1582 καὶ
1517 1527 1580 1582 τὸ
1601 1526 1847 1597 Πνεῦμα·

258 1629 398 1700 ὅπερ
428 1627 574 1679 ἐστὶν
614 1623 866 1678 ἔκτοπον.
893 1621 1197 1692 Τοιγαροῦν
1255 1619 1582 1692 προσκυνῶν
1624 1620 1723 1692 τὴν
1771 1623 1852 1675 εἱ-

259 1718 396 1774 κόνα
419 1714 679 1788 Χριστοῦ,
712 1715 775 1768 ού
803 1714 902 1785 τὴν
941 1712 1172 1783 θεότητα
1224 1711 1555 1783 προσκυνῶ,
1587 1709 1663 1774 ὥς
1709 1711 1854 1775 τινές

1943 515 2001 561 tn
2031 505 2274 575 imagine
2305 519 2436 558 vero
2453 501 2647 558 eadem
2677 500 2903 573 quidem
2927 512 3014 560 est
3041 519 3058 558 :
3085 507 3364 575 quomodo
3381 509 3534 562 enim

1947 615 2058 654 non
2085 597 2276 659 eadem
2294 598 2320 651 ’ἔ
2351 611 2478 652 nam
2505 610 2746 666 quorum
2777 595 3074 667 imperium
3107 606 3162 652 et
3192 597 3368 668 gloria
3397 614 3532 664 una,

1943 691 2148 747 borum
2184 691 2368 761 utique
2401 698 2458 746 et
2491 689 2675 745 cultus
2701 705 2866 756 unus,
2893 699 2950 746 et
2978 705 3090 745 una
3119 689 3370 746 adoratio
3405 701 3530 746 est:

1943 792 2007 838 at
2061 784 2292 839 relativa
2350 791 2572 846 tamen,
2625 781 2745 838 sive
2804 782 3215 855 ltomonzymica.
3279 784 3536 840 Adorans

1941 875 2098 932 enim
2135 877 2340 947 ipsam,
2375 877 2662 935 Christum
2681 893 2789 934 non
2821 876 3138 939 coadoravi.
3185 877 3278 932 sed
3305 877 3535 936 adoravi

1943 985 2062 1024 non
2093 969 2331 1026 divisum
2359 972 2667 1028 secundum
2695 971 3062 1043 hypostasim,
3089 971 3187 1026 sed
3211 970 3536 1040 discrepans

1943 1070 2060 1122 tem
2085 1063 2299 1118 ratione
2324 1063 2668 1129 substantiae,
2703 1063 2850 1134 quod
2867 1074 2954 1119 est
2983 1063 3234 1118 adoratio
3273 1063 3501 1118 relativa
3518 1101 3534 1127 ,

1941 1153 2051 1209 .sed
2078 1168 2188 1210 non
2212 1154 2532 1222 latreutica;
2559 1171 2882 1228 quanquam
2905 1157 3136 1222 eadem;
3171 1156 3284 1212 illic
3313 1157 3536 1226 quidem

1943 1244 2037 1301 sic
2083 1246 2359 1303 inteliecta
2403 1249 2664 1320 dictaque
2697 1260 2975 1320 quatenus
3015 1249 3271 1306 Triadica
3303 1258 3389 1304 est
3424 1250 3541 1304 site

1953 1339 2266 1396 naturalis:
2303 1341 2398 1397 hic
2429 1357 2562 1403 vero
2591 1343 2712 1398 vice
2759 1358 2945 1406 versa.
2992 1353 3266 1413 quatenus
3312 1342 3540 1397 relativa

1941 1440 2042 1485 est
2092 1431 2210 1488 sive
2239 1432 2612 1504 hypostatica.
2665 1433 2802 1490 Nam
2849 1439 2896 1491 si
2945 1435 3122 1490 latria:
3159 1433 3542 1489 adorationem

1959 1523 2189 1587 dixeris,
2219 1525 2480 1581 indicasti
2507 1542 2731 1583 carnem
2772 1527 3004 1592 factum,
3039 1528 3187 1583 sicut
3209 1526 3436 1592 Filium,
3468 1526 3543 1582 ita

1961 1627 2020 1673 et
2051 1619 2266 1675 Patrem
2291 1629 2348 1673 et
2379 1619 2646 1690 Spiritum
2678 1637 2692 1674 :
2719 1618 2866 1691 quod
2897 1630 2982 1675 est
3011 1619 3335 1676 absurdum.
3359 1619 3547 1689 Itaque

1961 1727 2090 1766 cum
2143 1712 2435 1782 imaginem
2499 1712 2704 1769 Christi
2765 1713 2974 1778 adoro,
3027 1728 3137 1768 non
3196 1713 3544 1768 divinitatem

263 1827 399 1884 φασι
419 1825 436 1842 ⁸
468 1807 628 1862 τοῦτο
663 1805 775 1877 γὰρ
803 1806 904 1876 τῆς
937 1803 1174 1874 Τριὰδος
1231 1803 1571 1874 σημαντικόν
1592 1820 1608 1836 ο
1647 1805 1742 1858 καὶ
1797 1805 1857 1857 ού

1964 1803 2153 1869 adoro,
2183 1812 2245 1858 ut
2277 1805 2501 1876 quidam
2529 1807 2687 1860 aiunt
2719 1822 2732 1859 :
2762 1821 2886 1860 nam
2924 1806 2979 1860 id
3011 1804 3341 1860 Trinitatem
3372 1805 3546 1874 signi-

262 1903 610 1976 σεσάρκωται
643 1901 677 1972 ἡ
704 1899 876 1970 Τριάς
901 1915 917 1930 ·
951 1897 1158 1966 ἄπαγε.
1206 1896 1370 1952 Ἀλλὰ
1407 1897 1499 1962 τίς
1530 1896 1694 1952 αὑτὸν
1716 1897 1854 1968 Χρι-

266 1996 394 2051 στὸν
425 1991 714 2065 σχετικῶς.
748 1990 927 2052 Μόνος
973 1989 1085 2062 γὰρ
1115 1988 1282 2053 αὐτὸς
1303 1991 1332 2042 ὁ
1374 1987 1684 2060 σαρκωθεὶς
1721 1988 1855 2052 Θεὸς

261 2089 458 2156 Λόγος.
531 2081 862 2154 Προσκυνῶν
910 2081 970 2135 δὲ
1055 2080 1219 2136 αὑτὸν
1269 2079 1530 2152 Χριστὸν,
1609 2079 1857 2151 δηλόνοτι

263 2173 768 2258 συμπροσεκύνησα
812 2171 906 2224 τὸν
933 2171 1158 2241 Πατέρα
1183 2169 1324 2241 ὁμοῦ
1364 2171 1460 2223 καὶ
1496 2168 1558 2223 τὸ
1603 2168 1853 2240 Πνεῦμα.

258 2269 428 2323 Ὥστε
472 2266 566 2321 ἐπὶ
587 2265 684 2336 τῆς
711 2263 935 2326 εἰκόνως
957 2260 1208 2335 [σχετικὴ
1233 2259 1653 2334 προσκύνησις],
1675 2262 1742 2315 ἂν
1769 2278 1859 2316 νο-

259 2367 376 2416 οῖτο
409 2360 502 2414 καὶ
530 2359 742 2428 λέγοιτο
763 2374 778 2389 ’
811 2358 898 2410 ἐπ’
929 2355 1092 2409 αὐτοῦ
1115 2355 1176 2409 δὲ
1208 2354 1448 2423 Χριστοῦ
1485 2354 1815 2426 λατρευτική
1842 2371 1856 2386 ο

258 2453 336 2516 ὼς
375 2449 858 2521 συνεπινοουμένου
887 2465 950 2501 τε
978 2447 1075 2502 καὶ
1120 2447 1711 2518 συμπροσκυνουμένου
1761 2445 1858 2500 τοῦ

258 2565 323 2600 τε
383 2545 598 2617 Πατρδς
647 2545 745 2598 καὶ
792 2543 888 2596 τοῦ
912 2540 1252 2612 Πνεύματος.

265 2643 410 2709 uq'.
446 2667 518 2678 -—
560 2634 890 2709 Ἐπιστολὴ
948 2634 1017 2687 ἐκ
1053 2631 1401 2709 {spondiazon
1425 2629 1694 2709 πάκτων
1724 2631 1850 2709 τῶν

370 2707 720 2780 ἡγουμένων
755 2700 908 2775 πρὸς
944 2701 1186 2772 Μιχαὴλ
1208 2703 1498 2768 βασιλέα.
1534 2700 1744 2775 [eunt]

1957 1895 2085 1951 ficat
2118 1917 2133 1952 :
2169 1913 2276 1952 non
2325 1904 2414 1952 est
2455 1907 2638 1953 autem
2677 1896 2924 1953 Trinitas
2972 1912 3102 1952 caro
3145 1898 3310 1964 facta,
3354 1897 3546 1952 absit!

1953 1988 2098 2056 Quid
2142 1991 2310 2062 ergo?
2358 1990 2539 2061 ipsum
2569 1990 2852 2047 Christum
2901 1991 3148 2046 relative.
3198 1990 3364 2046 Solus
3398 1989 3546 2044 enim

1956 2082 2072 2151 ipse
2100 2097 2230 2138 caro
2259 2081 2442 2139 factus
2467 2093 2553 2139 est
2586 2082 2730 2140 Deus
2757 2081 3023 2140 Verbum.
3053 2083 3194 2139 Cum
3223 2097 3355 2138 vero
3381 2081 3547 2137 Chri-

1957 2183 2102 2229 stum
2140 2174 2322 2244 ipsum
2351 2173 2546 2240 adoro,
2580 2177 2744 2231 simul
2775 2185 2832 2231 et
2857 2176 3074 2231 Patrem
3105 2175 3319 2231 scilicet
3343 2174 3548 2229 c'oado-

1965 2267 2106 2331 ravi,
2129 2276 2190 2323 et
2220 2267 2510 2339 Spiritum.
2549 2269 2918 2336 Quamobrem
2953 2271 3006 2322 in
3037 2269 3276 2340 imagine
3308 2267 3546 2322 relativa

1967 2362 2212 2416 adoratio
2262 2372 2408 2418 recte
2464 2363 2794 2433 intelligatur
2838 2371 2892 2417 et
2933 2363 3184 2422 dicatur.
3221 2361 3278 2415 in
3326 2359 3552 2416 Christo

1965 2462 2148 2504 autem
2181 2451 2305 2522 ipso
2332 2454 2505 2508 latrize
2533 2472 2549 2508 :
2581 2459 2848 2525 quoniam
2885 2465 3022 2509 tunc
3046 2454 3208 2509 simul
3243 2453 3547 2509 subintelli-

1966 2543 2115 2610 gitur
2139 2554 2306 2614 atque
2343 2547 2608 2602 adoratur
2633 2557 2688 2602 et
2718 2545 2880 2604 Pater
2917 2555 2970 2602 et
3004 2546 3263 2616 Spiritus.

2034 2635 2322 2692 LXXXVI.
2351 2639 2676 2709 -Ερὶειοια
2712 2657 2776 2695 ex
2811 2657 3037 2710 persona
3089 2642 3325 2694 omnium
3355 2655 3555 2711 ιιι-ωρο-

2162 2711 2388 2762 sitorum
2425 2713 2492 2764 ad
2527 2711 2841 2766 Michaelem
2863 2713 3260 2781 imperatorem.

263 2823 495 2879 Vinculis
519 2831 571 2874 et
597 2821 784 2874 exsilio
805 2818 1005 2873 liberati
1033 2821 1216 2884 gratias
1241 2824 1420 2884 agunt.
1447 2816 1860 2940 Orant(gglig:um

1793 2916 1805 2927 .
1831 2897 1857 2931 a

1963 2818 2272 2946 ἓηιιίὲίεὲἒιὶ
2300 2821 2420 2872 Cum
2443 2821 2696 2872 haereticis
2725 2836 2847 2873 vero
2878 2823 3096 2885 colloqui
3132 2819 3340 2872 minime
3373 2821 3551 2874 licere.

349 2994 545 3064 Ἡμεῖς
573 2991 625 3044 οἱ
657 2991 752 3043 ἐπὶ
775 2988 838 3042 τὸ
872 2987 1006 3043 αὐτὸ
1033 2985 1456 3060 συνεληλυθότες
1501 2985 1646 3040 κατά
1670 2985 1860 3040 κέλευ-

2032 2986 2146 3044 Nos
2202 2988 2298 3060 qui
2339 2991 2510 3044 vestri
2563 3005 2596 3045 a
2657 2988 2770 3044 Deo
2834 2992 3086 3046 coronati
3130 2969 3347 3062 imperii
3391 2990 3552 3060 jussu

266 3103 355 3140 σιν
387 3085 682 3138 θεοσέπτου
718 3080 876 3152 ὑμῶν
920 3079 1224 3150 βασιλείας,
1247 3079 1522 3150 ἐλάχιστοι
1569 3077 1859 3131 ἐπίσκοποί

264 3196 329 3232 τε
358 3180 454 3232 καὶ
470 3177 608 3249 ⁴ίιγού
617 3191 790 3246 μενοι,
819 3172 1043 3245 πρώτην
1068 3172 1253 3244 φωνὴν
1272 3172 1478 3243 ταύτην
1503 3169 1860 3242 φθεγγόμεθα

267 3267 367 3322 ἐπὶ
400 3265 495 3320 τοῦ
530 3263 936 3336 θεοπροὸλήτου
966 3263 1120 3335 ὑμῶν
1141 3263 1404 3335 κράτους,
1437 3261 1862 3334 εὐχαριστήριόν

273 3377 337 3414 τε
371 3358 469 3412 καὶ
502 3359 832 3429 αἰνετήριον’
874 3357 961 3410 ὅτι
1009 3353 1391 3426 ἀνεκλήθημεν
1423 3356 1473 3408 οἱ
1519 3354 1860 3425 ἁπωσμένοι,

273 3451 362 3505 ὅτι
382 3450 695 3522 ἠλεήθημεν
720 3450 770 3502 οἱ
792 3449 1371 3520 τεταλαιπωρημένοι,
1397 3449 1479 3501 ὅτι
1513 3447 1864 3518 ἀνεψύξαμεν

272 3547 328 3596 οἱ
359 3543 736 3605 ἐκλελοιπότες
759 3557 774 3571 °
804 3541 913 3596 ἀπὸ
951 3541 1224 3612 χειμῶνος
1249 3541 1332 3604 είς
1371 3540 1473 3612 ἔαρ
1497 3580 1513 3610 ,
1555 3541 1665 3594 ἀπὸ
1695 3539 1866 3610 ζάλης

273 3637 358 3698 εἰς
396 3635 640 3704 γαλήνην
660 3674 676 3696 ,
707 3633 816 3688 ἀπὸ
845 3631 1089 3703 ἀθυμίας
1120 3632 1202 3696 είς
1251 3632 1542 3704 εὐθυμίανο
1573 3630 1700 3696 ξένα
1741 3633 1868 3708 τινὰ

275 3729 376 3782 καὶ
434 3725 718 3797 παράδοξα
756 3726 1086 3796 ἑωρακότες.
1142 3724 1383 3796 Τοιαύτη
1435 3725 1548 3798 γὰρ
1597 3727 1632 3798 ἡ
1681 3723 1868 3778 δικαία

276 3819 436 3891 ὑμῶν
457 3818 710 3886 βασιλεία
729 3817 1096 3890 χαρμόσυνος,
1121 3817 1480 3887 εύῬρόσυνος,
1510 3816 1864 3882 πολύευκτος,

273 3913 606 3984 εἰρήναρχος
629 3951 647 3978 ,
683 3912 1017 3982 φιλοδίκαιος
1036 3952 1052 3978 ,
1084 3911 1310 3977 πολλαῖς
1347 3913 1567 3983 ἑτέραις
1596 3931 1870 3985 προσηγο-

276 4005 430 4077 ρίαις
484 4004 826 4075 ἀξιώνυμος·
889 4006 1125 4078 μιμήσει
1177 4005 1420 4077 Χριστοῦ
1462 4007 1558 4060 τοῦ
1608 4006 1868 4078 ἀληθινοῦ

274 4097 418 4152 Θεοῦ
446 4097 626 4169 ἡμῶν,
660 4097 730 4151 τὰ
761 4096 1029 4152 διεστῶτα
1051 4099 1420 4164 συνάπτουσα,
1449 4098 1518 4152 τὰ
1539 4100 1872 4171 νενοσηκότα

275 4191 617 4260 ὑγιάζουσα,
649 4189 717 4245 τὰ
755 4189 979 4261 λυπηρὰ
1019 4190 1428 4262 χαροποιοῦσα·
1463 4190 1744 4262 ἐξαίρετός
1783 4209 1869 4256 τις

274 4281 418 4337 οῦσα
448 4281 718 4353 βασιλεία,
750 4281 847 4336 καὶ
876 4281 987 4336 τῶν
1022 4282 1193 4336 πάλαι
1231 4283 1693 4356 μακαριζομένων
1726 4285 1870 4357 ἰσόρ-

1964 3075 2018 3131 ἰη
2044 3093 2216 3132 unum
2235 3078 2620 3142 convenimus,
2651 3079 2861 3133 minimi
2899 3079 3141 3149 episcopi
3173 3088 3227 3133 et
3254 3081 3553 3150 praepositi,

1963 3170 2197 3240 primam
2231 3169 2375 3224 hanc
2430 3185 2618 3225 vocem
2674 3171 2778 3226 sub
2811 3171 3074 3226 divinitus
3108 3172 3411 3227 constituto
3465 3189 3555 3227 re-

1965 3277 2074 3334 gno
2117 3271 2299 3317 vestro
2333 3263 2570 3330 edimus,
2609 3263 2842 3320 actionis
2872 3265 3172 3334 gratiarum
3223 3273 3278 3319 et
3317 3265 3497 3320 laudis
3539 3285 3552 3318 :

1965 3357 2111 3427 quod
2147 3357 2385 3412 revocati
2433 3357 2630 3420 simus.
2663 3357 2758 3428 qui
2813 3355 3098 3419 fueramus
3159 3359 3316 3428 ejecti
3352 3377 3368 3428 ;
3409 3361 3555 3429 quod

1966 3449 2649 3521 misericordiamexperti,
2682 3451 2776 3522 qui
2812 3451 3076 3508 aerumnis
3134 3452 3308 3522 pressi
3339 3469 3355 3518 ;
3412 3452 3557 3522 quod

1969 3539 2260 3597 refocillati
2307 3542 2598 3606 fuerimus.
2651 3544 2745 3614 qui
2801 3543 3246 3609 deficiebamus;
3289 3545 3357 3598 ab
3385 3545 3563 3599 hieme

1969 3635 2036 3689 ad
2067 3650 2181 3702 ver,
2211 3644 2578 3706 atempestate
2610 3637 2676 3691 ad
2723 3637 3202 3708 tranquillitatem,
3251 3651 3281 3692 a
3325 3652 3564 3692 maerore

1970 3728 2038 3782 ad
2065 3729 2330 3793 laetitiam,
2365 3743 2500 3782 nova
2541 3729 2792 3800 qumdam
2842 3740 2897 3784 et
2951 3729 3290 3784 incredibilia
3332 3745 3562 3785 cernen-

1971 3828 2072 3876 tes.
2105 3817 2236 3874 Tale
2265 3820 2412 3874 cnim
2451 3830 2535 3876 est
2579 3821 2790 3891 justum
2825 3821 3122 3891 imperium
3153 3833 3422 3888 vestrum;
3463 3821 3562 3876 ιω-

1972 3919 2113 3980 ῑιιιη,
2158 3912 2492 3984 jucundum,
2558 3913 2719 3968 valde
2777 3913 3040 3983 optabile,
3076 3923 3354 3984 pacatum,
3418 3915 3562 3984 aequi

1971 4020 2186 4072 ainans,
2219 4006 2408 4062 multis
2460 4005 2585 4062 aliis
2619 4005 3076 4076 appellationibus
3103 4007 3329 4078 dignum
3361 4025 3374 4060 :
3417 4001 3566 4076 quad

1975 4098 2044 4154 ad
2079 4097 2285 4154 Christi
2324 4099 2436 4154 veri
2494 4097 2590 4152 Dei
2639 4098 2812 4152 nostri
2847 4100 3186 4169 exemplum,
3242 4087 3565 4155 dissidentia

1973 4199 2214 4262 coaptat,
2247 4205 2388 4261 aegra
2431 4199 2628 4258 sanat,
2681 4189 2859 4246 tristia
2925 4192 3222 4249 exhilarat.
3283 4191 3562 4248 Eximium

1974 4282 2248 4355 quoddam
2283 4298 2471 4338 revera
2523 4281 2838 4352 imperium,
2886 4293 2942 4340 et
2979 4284 3045 4340 iis
3072 4300 3193 4354 quae
3216 4285 3566 4352 beataquon-

277 4349 471 4448 ροπος·
518 4374 587 4445 ἢν
617 4373 1022 4445 ἀποσεμνύνειν
1051 4377 1168 4438 τοῖς
1196 4349 1638 4448 ἐγκωμίοις-οὑκ
1683 4377 1750 4432 ἂν
1780 4349 1860 4430 εῦ-

1973 4349 2098 4431 dam
2122 4374 2414 4446 praedicata
2439 4349 2682 4440 fuerunt,
2724 4349 2862 4442 pari:
2916 4376 3066 4447 quod
3089 4349 3357 4431 ilaudibus
3401 4349 3564 4432 exor-

278 4464 479 4538 μαρῶς
503 4464 730 4535 γλῶσσα
763 4465 1060 4537 ἀνθρώπου
1089 4467 1464 4540 ἐξαρκέσειεν.
1509 4466 1654 4521 Ἀλλ’
1681 4468 1869 4540 ἐπειδὴ

273 4557 456 4611 ταῦτα
496 4557 712 4624 οὕτως,
765 4557 1199 4631 παρακαλοῦμεν
1252 4561 1348 4614 καί
1381 4558 1774 4630 ἀντιϐολοῦμεν
1823 4564 1871 4614 οἱ

275 4647 514 4715 ἀνάξιοι,
543 4651 639 4706 καὶ
672 4651 844 4723 αὐτῆς
879 4653 981 4723 τῆς
1013 4654 1166 4724 ἱερᾶς
1195 4654 1351 4726 ὑμῶν
1384 4653 1517 4719 θέας
1550 4655 1870 4727 ἀξιωθῆναι,

277 4740 378 4792 καὶ
405 4743 586 4812 φωνῆς
616 4740 840 4812 ἡδίστης
863 4741 1099 4797 ἀκοῦσαι
1138 4743 1232 4797 τοῦ
1258 4744 1531 4815 παντίμου
1559 4746 1653 4799 καὶ
1681 4747 1871 4799 θεοσό-

284 4848 390 4903 φου
448 4833 722 4903 στόματος
772 4834 946 4903 ὑμῶν·
987 4834 1064 4898 ὡς
1097 4833 1165 4889 ἂν
1219 4834 1366 4907 ἆπερ
1399 4834 1535 4889 ὠσὶν
1575 4834 1872 4906 ἀκούομεν,

278 4922 462 4978 ταῦτα
490 4927 611 4978 κατ’
637 4924 950 4995 ὀφθαλμοὺς
981 4926 1313 4998 θεασάμενοι
1352 4927 1751 5000 σκιρτήσοιμεν
1794 4931 1873 5000 τῷ

281 5017 582 5089 πνεύματι·
613 5017 804 5090 ὥσπερ
832 5034 885 5071 τι
922 5019 1126 5090 ἔνδυμα
1150 5021 1409 5074 πενθικὸν
1432 5020 1534 5092 τὴν
1564 5023 1873 5092 κατήφειαν

285 5109 830 5183 μετενδιδυσκόμενοι
852 5110 1194 5181 εὐφροσύνης
1219 5111 1614 5184 ἀγαλλιάματι.
1652 5113 1872 5186 Ἐπειδὴ

279 5203 342 5256 δὲ
367 5204 396 5256 ό
423 5201 676 5274 δεύτερος
702 5200 859 5270 λόγος
883 5203 1010 5273 περὶ
1034 5202 1131 5272 τῆς
1159 5202 1488 5275 εἰλικρινοῦς
1513 5221 1574 5259 τε
1601 5206 1698 5259 καὶ
1723 5207 1876 5276 ἀμω-

284 5293 461 5366 μήτου
495 5291 654 5362 ἡμῶν
693 5290 801 5344 τῶν
833 5291 1182 5361 Χριστιανων
1219 5294 1338 5348 ἐστι
1375 5295 1646 5360 πίστεως·
1697 5296 1876 5349 ἐκεῖνο

285 5383 430 5456 μετά
462 5383 641 5447 αἰδοῦς
673 5383 962 5454 τολμῶμεν
995 5383 1310 5453 ἀνενέγκαι,
1342 5384 1419 5450 ὠς
1446 5388 1495 5440 εἰ
1527 5387 1628 5458 μὲν
1666 5386 1878 5458 ἀνθρώ-

280 5479 444 5534 πινόν
471 5494 525 5532 τι
554 5473 623 5548 ἦν
646 5477 707 5530 τὸ
735 5475 1054 5547 λεγόμενον,
1091 5479 1188 5531 καὶ
1213 5477 1246 5548 ἢ
1284 5478 1421 5548 πρὸς
1447 5478 1544 5533 τοῦ
1566 5481 1874 5549 ἀγιωτάτου

280 5572 446 5644 ἡμῶν
494 5571 797 5644 ἀρχιερέως
820 5609 835 5635 ,
867 5572 901 5640 ἦ
933 5571 1064 5642 παρ’
1095 5569 1254 5640 ἡμῶν
1303 5569 1413 5624 τῶν
1446 5571 1682 5638 ἀναξίων
1723 5571 1877 5636 ὲξουυ

282 5665 633 5736 σιαζόμενονο
657 5664 774 5718 ούτί
795 5681 898 5720 που
921 5663 986 5716 τὸ
1023 5661 1243 5735 μικρὸν,
1265 5663 1400 5719 ἀλλὰ
1421 5665 1532 5736 γὰρ
1555 5665 1649 5718 καὶ
1671 5664 1735 5717 τὸ
1765 5665 1875 5716 πᾶν

285 5760 641 5828 παραγωρείν
693 5757 832 5812 ἔδειο
882 5755 1028 5810 οῦτω
1081 5756 1180 5826 τῆς
1232 5757 1454 5828 ἐντολῆς
1508 5756 1863 5829 κελευούσης.

1975 4482 2108 4522 nare
2145 4467 2384 4523 hominis
2423 4467 2607 4536 lingua
2638 4468 2782 4523 haud
2819 4467 2980 4523 facile
3006 4469 3201 4538 possit.
3255 4468 3358 4522 Sed
3391 4483 3569 4536 quan-

1974 4556 2265 4627 doquidem
2303 4557 2418 4612 haec
2447 4557 2522 4611 ita
2549 4571 2608 4612 se
2638 4556 2860 4620 habent,
2893 4571 3116 4610 oramus
3137 4565 3191 4610 et
3217 4556 3566 4610 obtesmmur

1977 4648 2212 4719 indigni,
2248 4657 2309 4703 ut
2351 4663 2512 4704 sacro
2542 4649 2663 4718 ipso
2689 4657 2990 4718 conspectu
3018 4656 3206 4702 vestro
3267 4647 3372 4701 frui
3404 4647 3564 4702 nobis

1979 4739 2160 4807 liceat,
2194 4750 2250 4796 et
2279 4741 2668 4798 suavissimam
2727 4756 2920 4796 vocem
2951 4741 3144 4796 audire
3184 4740 3480 4794 venerandi
3500 4755 3570 4794 ac

1977 4838 2373 4909 sapientissimi
2414 4843 2527 4895 oris
2561 4839 2727 4894 vestri
2757 4853 2773 4893 :
2801 4848 2860 4894 ut
2888 4855 3012 4910 quae
3072 4838 3301 4894 auribus
3347 4838 3564 4908 accepi-

1976 4946 2120 4994 mus,
2144 4930 2320 4985 oculis
2348 4931 2622 4984 intuentes
2657 4929 2844 4983 animo
2866 4943 2872 4948 '
2893 4927 3256 4995 cxsultemus,
3296 4927 3455 4998 quasi
3478 4929 3564 4982 lu-

1976 5025 2201 5094 gubrem
2233 5023 2528 5094 quamdam
2568 5033 2772 5078 vestem
2796 5037 3083 5078 tuan-orem
3127 5030 3375 5076 nostrum
3421 5022 3566 5076 hila-

1975 5119 2137 5171 ritate
2165 5126 2559 5187 permutantes.
2590 5115 2655 5170 Et
2685 5117 2947 5187 quoniam
3001 5117 3234 5170 alterum
3267 5113 3445 5198 nobis.
3477 5113 3564 5167 lo-

1975 5206 2178 5276 quendi
2208 5215 2590 5276 argumentum
2631 5205 2700 5260 de
2758 5205 2975 5259 sincera
3013 5211 3068 5258 et
3096 5203 3357 5257 inviolata
3398 5202 3563 5256 Chri-

1975 5298 2282 5352 stianorum
2309 5297 2415 5352 iide
2445 5308 2630 5352 nostra
2657 5306 2774 5361 est;
2807 5295 2938 5350 illud
2971 5311 3096 5350 cum
3135 5295 3442 5350 reverentia
3476 5307 3566 5349 re-

1977 5388 2118 5443 ferre
2145 5391 2429 5452 audemus,
2471 5392 2636 5458 quod,
2666 5392 2713 5443 si
2757 5389 3061 5442 humanum
3117 5387 3396 5456 quidpiam
3421 5396 3567 5441 esset

1975 5482 2044 5537 de
2075 5497 2187 5552 quo
2212 5498 2396 5538 sermo
2438 5493 2542 5545 est.
2569 5491 2625 5538 et
2664 5483 2747 5538 vel
2774 5482 2828 5536 in
2858 5479 3195 5538 sanctissimi
3239 5479 3565 5550 patriarchae

1977 5575 2152 5630 nostri
2188 5583 2458 5645 potestate
2481 5575 2670 5643 situm,
2728 5575 2812 5629 vel
2838 5575 2893 5629 in
2960 5582 3184 5638 nostra;
3232 5587 3344 5627 non
3383 5573 3562 5626 solum

1977 5679 2170 5734 parum
2205 5665 2431 5736 aliquid,
2480 5667 2576 5721 sed
2607 5675 2776 5722 totum
2819 5667 2999 5736 ipsum
3029 5664 3223 5720 cedere
3247 5675 3520 5734 Oporteret
3547 5706 3567 5732 ,

1975 5757 2046 5812 ita
2097 5758 2322 5828 jubente
2368 5760 2645 5815 mandato.
2708 5758 2843 5816 Cum
2887 5769 3068 5814 autem
3100 5758 3168 5816 de
3221 5759 3334 5815 Ileo
3381 5775 3574 5816 sermo.
