4060 6374
565 281 701 352 1331

1763 283 1828 346 S.
1868 281 2266 346 THEODORI
2304 285 2655 346 STUDITIE

3713 279 3850 346 I332

563 391 817 462 sit,'etln
847 391 1021 450 Deum
1051 391 1143 451 cui
1175 393 1426 450 serviunt
1447 393 1634 449 omnia
1666 412 1680 448 :
1717 408 1826 450 non
1874 394 2038 449 modo
2067 393 2158 451 hic

2271 396 2429 451 Ἐπεὶ
2457 397 2514 451 δὲ
2542 396 2675 469 περὶ
2711 393 2856 450 Θεοῦ
2882 396 2978 450 καὶ
3007 397 3092 460 είς
3124 393 3261 449 Θεὸν
3288 397 3318 450 ὀ
3354 393 3552 464 Λόγος,
3578 386 3646 449 οὗ
3686 393 3851 449 δοῦλα

561 497 658 545 aut
685 484 797 552 ille,
847 483 944 541 sed
995 493 1174 556 neque
1191 484 1240 541 si
1276 482 1478 540 Petrus
1503 492 1558 540 et
1589 481 1832 548 Paulus,
1883 498 2062 554 neque
2107 482 2158 542 si

561 577 882 648 angelorum
933 577 1210 649 quispiam
1291 576 1455 644 foret,
1509 576 1800 632 demutare
1865 575 2156 648 quidpiam

561 672 648 727 vel
675 671 968 727 minimum
1000 670 1248 734 auderet.
1276 678 1543 742 tanquam
1572 685 1769 726 everso
1823 685 1890 726 ea
1943 671 2160 727 ratione

559 763 859 836 l-lvangelio
882 763 1162 820 universo.
1189 761 1312 819 Jam
1339 778 1473 819 vero
1492 778 1828 829 sermonem,
1873 763 2158 820 refellendi

560 873 748 924 causa,
781 873 907 914 cum
939 856 1289 912 heterodoxis
1309 855 1562 913 conferre
1588 857 1893 928 apostolico
1927 856 2159 912 manda-

562 963 620 1006 ιο
653 958 924 1021 repugnat
951 950 997 983 "
1039 967 1054 1006 :
1097 950 1442 1019 minimeque
1495 950 1755 1005 convenit
1798 949 1906 1006 nisi
1937 949 2006 1005 ad
2033 965 2158 1006 cor-

559 1043 864 1114 reptionem
895 1043 1296 1102 tantummodo.
1364 1041 1661 1114 Propterea
1691 1043 1899 1116 indigni
1951 1058 2053 1100 nos
2079 1043 2158 1115 pii

561 1134 778 1205 imperii
807 1135 975 1190 vestri
1019 1134 1211 1190 famuli
1260 1150 1332 1191 ne
1365 1135 1582 1193 hiscere
1617 1135 1838 1208 quidem
1867 1136 2158 1192 audemus.

560 1225 718 1294 Quod
743 1228 791 1281 si
815 1228 944 1298 quid
969 1237 1054 1284 est
1075 1227 1348 1299 ejusmddi
1377 1227 1448 1284 de
1471 1243 1584 1299 quo
1609 1228 1851 1299 ambigat
1892 1238 1989 1284 aut
2019 1227 2160 1283 dim-

559 1321 657 1374 dat
692 1317 880 1374 divina
933 1318 1342 1390 magniﬁcentia
1369 1309 1553 1376 vestra
1614 1320 1704 1391 pie
1758 1335 1790 1376 a
1844 1320 2158 1391 patriarcha

555 1411 785 1467 dissolvi
815 1427 1019 1484 posse;
1067 1413 1262 1486 jubeat
1296 1428 1496 1486 magna
1525 1415 1700 1486 ipsius
1729 1425 1783 1470 et
1812 1429 1843 1470 a
1873 1415 1985 1471 Deo
2021 1429 2158 1471 con-

561 1504 779 1559 firmata
845 1519 1071 1570 manus,
1133 1506 1285 1562 velut
1337 1506 1657 1562 divinorum
1723 1506 2036 1562 amulatrix
2088 1505 2159 1562 ad

561 1611 912 1653 communem
937 1596 1247 1664 utilitatem,
1275 1615 1307 1654 a
1328 1607 1513 1656 vetere
1541 1598 1715 1656 Roma
1743 1601 1949 1671 suscipi
1975 1600 2160 1655 decla-

564 1687 856 1756 rationem,
886 1698 1049 1760 prout
1073 1690 1206 1745 olim
1237 1700 1294 1746 et
1315 1691 1390 1746 ab
1419 1692 1580 1748 initio
1607 1701 1830 1763 paterna
1862 1693 2157 1749 traditione

2257 491 2328 548 τὰ
2351 491 2680 563 σύμπαντασ
2709 489 2808 561 οὐχ
2838 492 2869 544 ὁ
2900 489 3047 544 τίσδε
3091 489 3126 562 ἢ
3159 487 3340 544 τίσδεο
3373 487 3492 542 ἀλλ’
3519 487 3632 542 οὐδ’
3657 489 3708 542 εί
3741 488 3851 544 Πέ-

2257 601 2388 658 τρος
2415 585 2513 638 καὶ
2547 582 2786 650 Παῦλος,
2807 582 2916 637 οὐδ’
2939 583 3006 639 ἄν
3033 599 3118 645 τις
3143 579 3254 635 τῶν
3277 579 3533 650 ἀγγέλων
3582 578 3694 652 εἰη,
3724 579 3847 634 τολ-

2288 679 2488 749 μήσιεν
2513 675 2580 730 ἂν
2612 675 2718 730 κᾶν
2751 674 2814 730 τὸ
2841 673 3187 746 βραχύτατον
3227 672 3634 746 παρακινῆσαιο
3660 673 3738 736 ὡς
3761 671 3853 727 διὰ

2257 770 2449 826 τούτου
2477 768 2578 826 τοῦ
2600 771 2805 834 παντὸς
2824 769 3172 839 Εὗαγγελίου
3201 768 3678 841 ἀνατρεπομένου.
3704 769 3850 840 Πρός

2256 883 2318 921 τε
2351 865 2414 920 τὸ
2445 867 2676 936 συνᾶραι
2696 864 2857 934 λόγον
2877 864 3264 936 ἀντιῤῥητικδν
3300 862 3443 936 μετὰ
3463 863 3575 916 τῶν
3599 862 3852 936 ἑτεροδό-

2260 956 2368 1024 ξων
2398 957 2838 1029 ἐναντιούμενον,
2881 958 2949 1029 τῇ
2977 957 3312 1028 ἀποστολικῇ
3362 955 3722 1029 παραγγελία
3786 957 3850 1009 οὐ

2258 1048 2527 1121 καθῆκον·
2562 1051 2614 1103 εἰ
2659 1049 2735 1120 μή
2785 1065 2840 1102 τι
2871 1048 3011 1120 πρὸς
3056 1045 3343 1102 νουθεσίαν
3388 1047 3573 1118 μόνον.
3613 1047 3730 1106 Καὶ
3763 1045 3853 1100 διὰ

2255 1138 2422 1194 τοῦτο
2451 1140 2502 1194 οί
2536 1139 2748 1207 ἀνάξιοι
2773 1138 2952 1193 δοῦλοι
2974 1137 3070 1193 τοῦ
3104 1137 3361 1202 εὐσεϐοῦς
3399 1137 3557 1207 ὑμῶν
3583 1139 3852 1209 κράτους,

2257 1232 2358 1287 καὶ
2387 1231 2586 1304 γρύξαι
2613 1233 2778 1303 μόνον
2807 1233 2870 1287 οὺ
2904 1231 3364 1300 κατατολμῶμεν.
3393 1227 3459 1285 El
3492 1230 3553 1284 δέ
3576 1247 3632 1284 τι
3670 1230 3850 1300 ἀμφι-

2259 1325 2593 1397 ϐαλλόμενον
2629 1325 2664 1398 ἦ
2697 1323 3101 1396 ἀπιστούμενον
3126 1326 3192 1395 τῇ
3235 1322 3359 1396 θείᾳ
3401 1322 3562 1394 ὑμῶν
3607 1321 3852 1394 μεγαλο-

2257 1417 2380 1490 νοίᾳ
2433 1416 2750 1472 διαλύεσθαι
2807 1417 2914 1470 ὑπὸ
2970 1415 3066 1470 τοῦ
3123 1415 3428 1489 ἀρχιερέως
3483 1413 3752 1477 εὐσεϐὦςο
3811 1415 3848 1484 ἡ

2261 1509 2475 1583 μεγάλη
2525 1510 2621 1564 καὶ
2666 1509 3056 1580 θεοστήρικτος
3098 1507 3272 1578 αὐτῆς
3310 1508 3456 1579 χεὶρ,
3490 1505 3568 1570 ὡς
3615 1505 3850 1578 ζηλοτυ-

2259 1603 2441 1658 ποῦσα
2467 1601 2538 1656 τά
2575 1602 2696 1656 θεῖα
2742 1602 2832 1655 ἐπ’
2863 1600 3106 1674 ὠφελείᾳ
3138 1599 3234 1654 τοῦ
3266 1599 3497 1664 παντὸς,
3531 1599 3855 1654 κελευσὰτω

2260 1694 2416 1766 παρά
2437 1695 2538 1766 τῆς
2568 1694 2952 1767 πρεσϐυτέρας
2999 1692 3220 1764 Ῥώμης
3239 1691 3498 1758 δέξασθαι
3520 1689 3622 1762 τὴν
3658 1689 3856 1745 διασάο

564 1784 931 1842 transmissus
967 1800 1094 1843 mos
1128 1786 1255 1842 fuit.
1311 1786 1439 1843 Haec
1494 1789 1663 1853 enim,
1700 1789 1907 1845 Christi
1965 1783 2160 1846 aemula

2265 1803 2456 1858 φησιν,
2490 1786 2566 1850 ὡς
2596 1785 2807 1841 ἄνωθέν
2831 1803 2891 1840 τε
2919 1788 3013 1840 καὶ
3050 1785 3112 1848 ἐξ
3135 1783 3312 1855 ἀρχῆς
3344 1781 3858 1855 πατροπαραδότως

561 1878 882 1948 imperator,
914 1894 1173 1950 suprema
1207 1891 1291 1936 est
1320 1882 1694 1938 Ecclesiarum
1754 1882 1874 1948 Dei,
1935 1883 1992 1937 in
2048 1898 2158 1953 qua

561 1967 760 2024 l’etrus
793 1970 978 2026 sedem
1005 1973 1217 2040 primus
1235 1975 1434 2038 tonuit,
1461 1976 1528 2029 ad
1572 1990 1734 2046 quem
1764 1975 2031 2030 Dominus
2072 1974 2160 2029 di-

561 2059 641 2112 xit
667 2072 688 2112 :
715 2058 788 2114 Tu
817 2075 870 2114 es
899 2060 1088 2116 Petrus
1108 2071 1159 2116 et
1177 2077 1336 2131 super
1363 2063 1499 2117 lianc
1526 2076 1733 2132 petram
1757 2063 2036 2133 aediﬁcabo
2059 2062 2161 2116 Ec-

561 2150 780 2205 clesium
804 2168 997 2218 meam,
1015 2163 1065 2208 et
1089 2165 1259 2224 porta:
1283 2155 1444 2225 inferi
1459 2171 1563 2208 non
1582 2153 1939 2226 praevalebunt
1967 2161 2158 2209 adver-

560 2259 654 2297 sus
709 2260 830 2297 eam
863 2244 931 2300 ⁸⁸.
980 2243 1110 2301 Haec
1129 2257 1214 2303 est
1247 2248 1598 2320 indignorum
1645 2247 1978 2303 famulorum
2034 2257 2160 2302 tuo-

560 2348 686 2389 rum
745 2335 1102 2405 postulatio:
1145 2338 1264 2394 haec
1325 2349 1518 2396 nostra
1576 2340 1804 2396 humilis
1855 2339 2158 2396 secundum

559 2428 735 2479 Deum
757 2425 1095 2490 exhortatio.
1130 2425 1325 2484 Valilla
1355 2445 1460 2500 ego
1495 2430 1590 2486 Dei
1637 2445 1836 2486 manus
1875 2441 2056 2486 servet
2107 2441 2160 2485 te

560 2517 770 2572 mundo
799 2517 1243 2587 desiderabilem,
1275 2520 1542 2592 piumque
1575 2521 2022 2579 Christianorum
2048 2521 2159 2576 im-

559 2616 894 2680 peratorem,
957 2610 1025 2666 ad
1082 2611 1286 2668 multos
1344 2629 1522 2672 annos
1556 2615 1930 2686 superstitem,
1989 2623 2044 2670 et
2089 2614 2158 2669 ad

561 2713 805 2770 ﬁliorum
855 2712 1001 2768 ﬁlios
1034 2709 1328 2783 imperium
1364 2710 1829 2765 transmittentem
1865 2723 1992 2763 cum
2027 2721 2158 2778 pro-

562 2805 742 2875 aperis
771 2804 1154 2868 successibus,
1187 2802 1544 2874 hostiumque
1585 2809 1644 2857 et
1673 2800 2026 2856 inimicorum
2075 2799 2158 2854 vi-

563 2897 778 2952 ctoriis.
801 2895 948 2963 Fiat,
974 2896 1100 2951 flatl

634 3008 1028 3066 LXXXV’Il.—-
1064 3007 1344 3132 Ερὶεεῗέἱε
1379 3019 1596 3148 {Iupiter
1661 3005 1944 3060 Dominum
1999 3023 2157 3063 exsu-

1245 3097 1265 3132 ι
1303 3096 1362 3132 us
1451 3093 1490 3148 }.

1245 3093 1362 3132 wus
1391 3093 1490 3149 μ).

2261 1878 2510 1949 ἐξεδόθη.
2549 1877 2698 1950 Αὕτη
2735 1876 2868 1948 γὰρ,
2900 1877 3306 1948 χριστομίμητε
3339 1873 3588 1946 βασιλεῦ,
3623 1876 3660 1945 ἡ
3683 1891 3858 1947 κορυ-

2261 1959 2529 2042 φαιοτάτη
2555 1969 2664 2024 τῶν
2691 1967 3034 2039 Ἐκκλησιῶν
3049 1967 3144 2022 τοῦ
3167 1967 3327 2034 Θεοῦ,
3359 1962 3428 2040 ἧς
3455 1967 3669 2039 Πέτρος
3697 1985 3858 2038 πρω-

2258 2063 2533 2138 τόθρονος,
2558 2063 2696 2136 πρὸς
2721 2063 2783 2118 ὃν
2813 2066 2842 2118 ὁ
2867 2063 3076 2134 Κύριός
3096 2079 3249 2134 φησι·
3282 2063 3368 2118 Σὺ
3397 2059 3457 2117 εἷ
3476 2063 3728 2132 Πέτρος,
3755 2061 3862 2116 και

2257 2155 2358 2210 ἐπὶ
2385 2157 2576 2225 ταύτῃ
2598 2155 2676 2225 τῇ
2700 2155 2888 2226 πέτρᾳ
2908 2155 3285 2226 οίκοδομήσω
3304 2173 3422 2218 μου
3444 2155 3562 2224 τὴν
3591 2155 3864 2222 Ἐκκλη-

2259 2247 2433 2302 σίαν-ο
2466 2247 2566 2301 καί
2593 2246 2784 2302 πύλαι
2811 2246 2962 2315 ᾅδου
3005 2249 3080 2302 οὐ
3112 2246 3609 2315 κατισχύσουσιν
3629 2243 3859 2312 αὐτῆς.

2257 2338 2433 2394 Τοῦτο
2477 2338 2636 2411 ἡμῶν
2669 2340 2730 2393 τὸ
2767 2339 2980 2408 αἴτημα
3028 2338 3140 2392 τῶν
3178 2338 3418 2404 ἀναξίων
3459 2337 3664 2392 δούλων
3707 2355 3818 2391 σου
3843 2355 3859 2369 ·

2259 2432 2400 2505 αῦτη
2432 2432 2532 2486 σὺν
2562 2431 2684 2503 Θεῷ
2710 2433 2745 2504 ἡ
2793 2431 3146 2504 παράκλησις
3180 2430 3291 2485 τῶν
3331 2429 3860 2501 τεταπεινωμένων.

2271 2524 2337 2580 Ἦ
2363 2525 2602 2597 κραταιά
2629 2520 2723 2579 οῦν
2748 2523 2872 2596 χεὶρ
2899 2523 2995 2577 τοῦ
3025 2521 3164 2577 Θεοῦ
3195 2521 3360 2587 σώζοι
3392 2539 3474 2584 σε,
3513 2522 3608 2576 τὸν
3642 2539 3864 2594 κοσμο-

2259 2617 2498 2689 πόθητον
2534 2618 2630 2671 καὶ⁵
2659 2615 2889 2687 θεοφιλῆ
2929 2615 3042 2681 τὸν,
3081 2615 3309 2686 βασιλέα
3328 2615 3438 2669 τῶν
3475 2613 3858 2688 Χριστιανῶν,

2259 2711 2321 2764 ἐν
2379 2709 2598 2774 πολλοῖς
2632 2710 2850 2780 χρόνοις
2890 2707 3334 2779 διατεινόμενον,
3383 2708 3479 2762 καὶ
3520 2707 3603 2770 είς
3642 2706 3860 2769 παῖδας

2257 2801 2470 2856 παίδων
2497 2801 2561 2855 τὸ
2593 2802 2796 2872 κράτος
2833 2800 3137 2872 ἀμείϐοντα
3186 2801 3246 2854 ἐν
3290 2800 3614 2872 εὐημερίαις
3655 2816 3716 2854 τε
3757 2799 3862 2853 καὶ

2258 2893 2439 2958 νίκαις
2469 2892 2684 2965 ἐχθρῶν
2709 2909 2770 2946 τε
2803 2893 2898 2947 καὶ
2919 2890 3220 2963 πολεμίων.
3256 2891 3494 2956 Γὲνοιτο,
3523 2892 3781 2963 γένοιτοί

2259 3003 2335 3073 (³ί)
2369 3000 2562 3058 ΠΖ⁹.--
2593 3001 2980 3067 Ἐπισκόποις
3023 3001 3123 3148 bid
3135 3003 3369 3148 ἐίύἳιον
3393 3003 3863 3076 πεφυγαδευμέ.

2877 3090 3031 3142 νοις.
3095 3091 3131 3144 φ
3168 3081 3237 3144 η’.

2877 3090 3031 3142 νοις·
3070 3081 3237 3144 [φξιΐ⁸

1208 3195 1448 3246 Adoratio
1469 3194 1651 3246 Christi
1676 3193 1902 3257 imaginis
1923 3193 2172 3256 quomodo
2195 3192 2547 3257 intelligenda.
2572 3193 2773 3256 (Baron.
2798 3207 2878 3244 an.
2905 3192 3018 3255 816,
3045 3206 3095 3242 u.
3123 3190 3228 3255 ‘7.)

633 3301 773 3358 Cum
809 3301 879 3357 de
901 3297 1257 3356 beatitudinis
1286 3310 1480 3356 vestra:
1501 3301 1666 3356 rebus
1694 3317 1870 3373 nuper
1900 3315 2001 3372 ego
2056 3299 2162 3356 hu-
2187 3305 2234 3366 c

561 3393 714 3450 milis
765 3391 1122 3456 audivissem,
1179 3390 1368 3446 Patres
1424 3391 1902 3458 desideratissimi,
1940 3389 2162 3462 gavisus

563 3501 689 3544 sum
714 3501 1068 3558 magnopere,
1103 3495 1159 3542 et
1202 3486 1470 3556 optimum
1523 3483 1694 3541 Deum
1733 3493 1983 3541 nostrum
2043 3482 2160 3539 col-

566 3578 823 3635 laudavi:
871 3578 1020 3650 quod
1051 3593 1162 3634 non
1212 3577 1379 3634 etiam
1423 3577 1608 3634 videre
1665 3593 1786 3645 vos,
1842 3593 1945 3634 nec
1972 3577 2162 3648 gratia:

563 3671 728 3728 donis
749 3686 874 3743 qua:
900 3672 953 3726 in
985 3672 1142 3728 vobis
1172 3681 1304 3728 sunt
1329 3670 1434 3727 frui
1464 3671 1642 3738 licuit,
1669 3671 1996 3741 permoleste
2035 3671 2158 3728 tuli.

566 3761 802 3820 Visurus
828 3762 1103 3834 siquidem
1129 3778 1280 3818 eram
1315 3763 1569 3820 homines
1596 3762 1715 3828 Dei,
1743 3762 2031 3834 episcopos
2053 3763 2162 3818 Do-

564 3853 724 3922 mini,
756 3855 948 3912 beatos
977 3855 1149 3918 viros.
1179 3856 1366 3910 mundi
1390 3855 1620 3922 lumina,
1645 3855 1769 3910 fidei
1794 3857 2157 3930 firmamenta,

561 3955 622 4004 et
643 3945 690 4003 si
729 3947 861 4018 quid
911 3947 1058 4018 aliud
1111 3949 1331 4004 honesti
1377 3960 1483 4016 est,
1531 3963 1646 4003 rem
1697 3949 1816 4018 ejus
1839 3963 1905 4002 ac
1959 3965 2157 4003 nomen

562 4037 897 4096 obtinentes.
940 4038 986 4097 0
1009 4040 1322 4111 jacturam!
1356 4056 1391 4096 ο
1434 4040 1799 4096 calamitatem
1833 4042 1847 4095 !
1881 4040 1988 4096 Sed
2019 4041 2162 4096 mul-

561 4143 618 4188 ta
667 4131 932 4188 nimirum
1016 4143 1243 4204 peccata
1297 4143 1488 4191 nostra
1562 4134 1730 4206 hujus
1780 4150 1944 4190 casus
1999 4135 2160 4190 nobis

513 4291 516 4294 g
562 4239 729 4280 causa
757 4223 1005 4281 fuerunt.
1032 4223 1144 4281 Nec
1170 4225 1286 4297 jam
1337 4227 1610 4282 miramur
1636 4225 2033 4293 infortunium,
2064 4225 2160 4281 sed

563 4317 856 4374 offerimus
903 4318 1387 4389 supplicationem.
1419 4318 1560 4386 Quid
1593 4320 1738 4375 istud
1791 4329 1973 4374 autem
2011 4319 2036 4373 ἲ
2087 4317 2160 4374 Ut

559 4410 711 4481 quod
742 4410 940 4477 defuit,
960 4411 1161 4467 litteris
1213 4412 1603 4482 compensetis,
1641 4411 2000 4478 instruentes,
2032 4411 2158 4466 illu-

565 4502 862 4569 minantes,
919 4503 1334 4571 conflrmantes,
1389 4505 1750 4562 ostendentes
1807 4520 2158 4577 quarcunqne

562 4606 692 4646 vera
722 4601 874 4658 sunt,
910 4605 1036 4662 qua:
1091 4590 1345 4660 honesta,
1401 4609 1526 4664 qua:
1553 4593 1725 4664 jnsta,
1759 4610 1882 4666 qua:
1931 4595 1998 4650 ad
2029 4594 2152 4650 tidei

2339 3301 2502 3374 Ἀρτι
2532 3300 2882 3365 ἀκουτισθεὶς
2908 3302 2939 3355 δ
2967 3301 3227 3365 ταπεινὸς
3245 3302 3331 3371 [si
3357 3303 3486 3372 περὶ
3520 3300 3625 3372 τῆς
3659 3319 3859 3372 μακα-

2266 3393 2515 3464 ριότητος
2550 3393 2726 3465 ὑμῶν,
2761 3389 2808 3448 ὣ
2838 3393 3157 3466 τριπόθητοι
3191 3393 3454 3466 Πατέρες,
3489 3393 3612 3449 λίαν
3645 3395 3858 3468 ἥσθην,

2261 3486 2358 3540 καὶ
2387 3485 2617 3550 ἐδόξασα
2643 3485 2737 3539 τὸν
2763 3485 2967 3554 ἀγαθὸν
2997 3486 3159 3557 ήμῶν
3191 3486 3344 3544 Θεόν.
3386 3487 3509 3541 ὀτι
3537 3487 3664 3542 οὐδὲ
3681 3487 3858 3556 ἠξιώ-

2262 3574 2364 3648 θην
2393 3577 2527 3631 ίδεῐν
2553 3578 2722 3648 ὑμᾶς,
2746 3579 2840 3631 καὶ
2859 3577 3172 3631 ἀπολαῦσαι
3196 3578 3309 3632 τῶν
3335 3579 3393 3632 ὲν
3419 3579 3549 3649 ύμῖν
3568 3582 3858 3653 χαρισμά-

2259 3684 2395 3734 των,
2429 3669 2528 3724 καὶ
2559 3669 2701 3724 πάνυ
2736 3667 2986 3740 ἠνιάθην.
3028 3668 3299 3739 Ἐμελλον
3329 3670 3438 3741 γὰρ
3465 3671 3601 3743 όρᾷν
3627 3671 3838 3743 ἀνθρώ

2263 3779 2402 3825 πους
2446 3761 2606 3826 Θεοῦ,
2658 3762 2922 3834 ίεράρχας
2972 3760 3204 3834 Κυρίου,
3266 3760 3572 3833 μακαρίους
3615 3761 3854 3831 ἄνδρας,

2262 3859 2562 3930 φωστῆρας
2604 3855 2850 3926 κόσμου,
2905 3854 3214 3927 ἐρείσματα
3249 3855 3490 3918 πίστεως
3528 3855 3584 3908 εί
3626 3873 3683 3909 τι
3716 3857 3860 3911 ἄλλο

2261 3947 2373 4003 τῶν
2415 3947 2620 4013 καλῶν,
2661 3948 2757 4001 καὶ
2790 3946 2951 4010 ὄντας
2979 3947 3076 4002 καὶ
3124 3947 3584 4019 ὀνομαζομένους.
3635 3951 3703 4003 Ὢ
3743 3950 3854 4016 τῆς

2261 4037 2504 4108 ζημίαςι
2553 4037 2600 4089 ὣ
2628 4037 2731 4102 τῆς
2777 4036 3094 4108 συμφορᾶςι
3136 4037 3286 4109 Πλὴν
3333 4039 3388 4091 al
3440 4038 3638 4092 πολλαὶ
3685 4041 3854 4110 ἡμῶν

2261 4130 2529 4203 ἁμαρτίαι
2559 4129 2731 4185 αῐτιον
2749 4128 2846 4184 τοῦ
2873 4129 3306 4200 συμϐεϐηκότος.
3339 4130 3450 4183 Καὶ
3473 4129 3536 4183 ού
3559 4129 3852 4201 θαυμάζο-

2263 4238 2364 4293 μεν
2388 4220 2489 4292 τὴν
2518 4220 2746 4290 ἀτυχίαν
2763 4234 2781 4249 '
2823 4220 2963 4274 ἀλλά
2990 4220 3372 4292 προσάλλομεν
3401 4221 3498 4291 τὴν
3529 4221 3847 4292 ἱκετηρίαν.

2259 4314 2327 4368 Τί
2371 4312 2565 4378 τοῦτο;
2601 4313 2690 4366 ἵνα
2721 4312 3014 4384 γράμμασι
3047 4312 3527 4385 παραμυθήσησθε
3569 4297 3679 4385 τὴν
3706 4316 3850 4368 ἀπύ-

2257 4405 2458 4475 λειψιν,
2483 4404 2886 4471 νουθετοῦντες,
2917 4404 3268 4475 φωτιοῦντες,
3298 4405 3678 4478 στηρίξαντες,
3712 4409 3852 4462 ὐπο-

2260 4503 2541 4571 φαίνοντες
2569 4502 2672 4555 ὃσα
2698 4501 2851 4555 ἐστὶν
2890 4500 3090 4573 ἀληθῆ,
3114 4502 3216 4556 ὅσα
3254 4502 3449 4572 σεμνὰ,
3483 4503 3588 4555 ὅσα
3630 4502 3847 4566 δίκαια,

2257 4595 2358 4649 ὃσα
2387 4594 2706 4658 ἐνστατικὰ,
2735 4595 2838 4649 ὃσα
2866 4593 3084 4648 ἐναθλα.
3119 4592 3188 4648 Εἴ
3208 4611 3292 4657 τις
3327 4595 3522 4666 ἀρετὴ,
3555 4595 3657 4647 καὶ
3685 4597 3738 4649 εί
3759 4613 3848 4658 τις

525 4716 537 4731 ι
561 4682 941 4739 defensionem
1021 4699 1088 4740 ac
1116 4677 1396 4742 certamen
1426 4686 1646 4742 idonea.
1677 4687 1737 4742 Si
1781 4703 1889 4757 qua
1927 4688 2102 4742 virtus
2135 4727 2150 4754 ,

2259 4686 2478 4750 ἔπαινος
2497 4685 2813 4757 ὁμολογίας,
2849 4684 3026 4740 ταῦτα
3054 4686 3320 4756 γράφοιτε
3343 4704 3358 4718 ·
3390 4687 3488 4741 καὶ
3521 4687 3644 4753 πῶς
3669 4707 3846 4761 προσ-

561 4776 610 4832 si
638 4791 748 4848 qua
777 4776 901 4833 laus
931 4777 1319 4845 confessionis,
1353 4779 1498 4835 hanc.
1533 4780 1890 4850 pl‘aBSCl‘ibilc,
1921 4788 1974 4834 et
2021 4796 2161 4850 quo-

563 4866 729 4925 modo
777 4869 1095 4926 adorandus
1125 4871 1199 4926 sit
1247 4870 1490 4943 imagine
1527 4886 1826 4941 expressus
1854 4870 2109 4926 Christus
2141 4909 2159 4935 ,

563 4961 896 5034 homonyma
933 4978 1005 5018 an
1034 4978 1343 5037 synonyme
1375 4983 1389 5019 :
1435 4966 1697 5038 quoniam
1740 4965 1977 5020 alterum
2035 4965 2162 5035 qui-

560 5055 688 5109 dem
726 5055 1073 5124 ortbodoxaa,
1129 5058 1366 5114 alterum
1403 5073 1535 5116 vero
1583 5057 1876 5115 contrariae
1917 5067 2004 5114 est
2033 5073 2160 5115 sen-

560 5147 743 5204 tcntiae
767 5149 815 5182 "
860 5165 876 5202 :
912 5157 970 5204 et
1005 5151 1291 5221 quomodo
1325 5152 1662 5226 intelligatur
1715 5151 1964 5210 adoratio
2027 5167 2158 5225 erga

561 5239 848 5296 Christum
925 5239 1162 5312 ejusque
1223 5243 1574 5316 imaginem:
1628 5261 1815 5301 unane
1855 5260 1926 5302 an
1981 5243 2151 5312 duae;

558 5334 821 5405 quoniam
843 5332 1078 5390 alterum
1107 5335 1330 5406 quidem
1370 5347 1619 5395 nostrum
1639 5347 1746 5407 est,
1765 5339 1999 5394 alterum
2023 5351 2156 5394 vero

2256 4778 2524 4848 κυνητέον
2583 4775 2822 4848 Χριστὸν
2891 4776 3388 4848 ἐγγεγραμμένον,
3442 4779 3761 4850 ὁμωνύμως
3811 4781 3845 4852 ἧ

2257 4873 2614 4942 συνωνύμως,
2656 4868 2846 4941 ἐπειδὴ
2899 4869 2964 4922 τὸ
3000 4869 3101 4941 μὲν
3137 4869 3473 4940 ὀρθοδοξίας,
3502 4871 3567 4924 τὸ
3590 4872 3653 4925 δὲ
3689 4874 3847 4927 ἀντι-

2254 4963 2473 5028 δοξίαςο
2504 4963 2601 5016 καὶ¹
2652 4960 2771 5024 πῶς
2813 4959 2916 5030 τῆς
2961 4963 3389 5031 προσκυνήσεως
3426 4964 3731 5034 νοουμένης
3762 4967 3853 5029 εἰς

2255 5055 2491 5126 Χριστόν
2524 5072 2587 5109 τε
2625 5053 2723 5108 καὶ
2760 5053 2861 5125 τὴν
2902 5051 3069 5107 αὐτοῦ
3121 5053 3344 5118 εἰκόνα,
3403 5057 3540 5126 μιᾶς
3584 5055 3618 5125 ἢ
3658 5056 3846 5110 δυεῖν·

2255 5149 2445 5223 ἐπειδὴ
2464 5148 2528 5202 τὸ
2565 5149 2686 5220 μὶν,
2715 5146 2986 5219 ἡμέτερον
3004 5161 3022 5180 ο
3063 5145 3125 5199 τὸ
3153 5146 3233 5211 δέ,
3263 5146 3376 5201 τῶν
3415 5148 3848 5220 Εἱκονομάχωνς

2259 5240 2338 5299 ὧν
2362 5242 2470 5314 γὰρ
2500 5243 2600 5314 μία
2623 5243 2658 5314 ὴ
2687 5238 3030 5311 ὕποστατικὴ
3057 5240 3318 5310 ὁμοίωσις
3339 5283 3356 5306 ,
3381 5241 3588 5296 τούτων
3617 5243 3719 5314 μία
3747 5247 3848 5297 καὶ

2260 5338 2296 5406 η
2320 5335 2462 5407 αὑτὴ
2487 5332 2882 5406 προσκύνησιςο
2912 5331 3067 5404 παρὰ
3094 5332 3157 5384 τὸ
3177 5329 3279 5402 τὴν
3299 5331 3496 5387 οὐσίαν
3514 5333 3611 5402 τῆς
3629 5335 3848 5398 εἰκόνος

629 5451 675 5482 ⁸⁷
699 5447 808 5504 Tit.
834 5465 917 5509 tn.
954 5449 1038 5506 10.
1114 5449 1161 5482 ⁸⁸
1186 5448 1377 5507 Matth.
1423 5471 1535 5520 ενι,
1585 5453 1672 5510 l8.
1746 5455 1794 5487 "
1835 5451 1912 5508 Ea
1929 5452 1998 5508 de
2017 5467 2078 5508 re
2107 5450 2160 5506 Pl

2259 5450 2386 5507 vius.
2445 5451 2540 5507 lib.
2592 5467 2622 5504 v
2658 5448 2734 5505 De
2788 5449 3053 5507 incat‘nat.
3098 5467 3219 5520 cap.
3284 5452 3338 5515 8,
3385 5469 3440 5506 n.
3487 5453 3598 5517 10;
3651 5461 3710 5506 et
3741 5455 3847 5510 lib.

556 5537 648 5586 xv,
685 5538 808 5591 cap.
855 5521 939 5586 l5,
978 5539 1032 5578 II.
1233 5589 1239 5595 ‘

2085 5655 2320 5711 NOTAS.

631 5782 708 5858 (Ι)
745 5780 924 5838 \‘ideri
957 5792 1138 5838 tamen
1174 5781 1346 5852 possit
1388 5776 1592 5849 scripta
1624 5785 1747 5848 post
1783 5784 2015 5832 mortem
2049 5773 2160 5841 Leo

2259 5814 2272 5832 .
2317 5777 2382 5850 (')
2419 5773 2552 5834 Cod.
2591 5774 2704 5848 Reg
2763 5777 2930 5852 Ἀρχὴ
2957 5777 3163 5849 βιϐλίου
3182 5779 3251 5850 γ’,
3279 5782 3489 5837 initium
3521 5784 3848 5845 libriterlit.
