4060 6374
266 305 408 373 1333

1471 314 2009 377 EPIS'I‘OLARUM
2090 314 2236 376 LIB.
2268 314 2348 375 II.

3406 312 3569 379 1330‘

272 418 517 490 μήτιπου
547 421 995 492 προσκυνεῖσθαι.
1031 416 1203 489 Οὗτος
1225 424 1254 478 0
1277 423 1476 496 μικρὸς
1509 424 1667 495 ἡμῶν
1700 423 1860 492 λόγος

1989 422 2507 479 conomachorum?
2556 421 2805 489 Quorum
2847 422 2996 479 enim
3047 438 3159 482 una
3202 433 3287 480 est
3334 434 3390 479 et
3438 425 3541 497 hy-

265 512 759 583 ῠπομνηματικὸς,
797 513 914 568 ἀλλ’
965 516 1026 568 οὐ
1074 514 1383 580 διδακτικός
1407 531 1423 546 °
1479 515 1637 587 ὑμῶν
1681 514 1741 569 δὲ
1781 514 1854 568 τά

1982 516 2223 570 ωειιιιὶοε
2255 513 2577 579 similitudo,
2610 514 2807 570 horum
2856 530 2963 570 una
3005 524 3055 571 et
3091 516 3283 571 eadem
3305 525 3389 571 est
3410 517 3545 571 ado-

261 599 568 674 τελεώτιρα
588 606 807 669 πάντως
822 604 1101 669 τοσοῦτον,
1117 605 1243 659 ὅσον
1277 604 1449 660 καὶτὸ
1475 602 1689 658 καθυπε
1698 603 1855 674 ρέχον

267 694 365 749 τοῦ
393 694 717 768 χρίσματος·
756 698 841 767 ἐφ’
876 690 922 767 ᾧ
949 697 1191 768 τελοίητε
1216 696 1309 753 τὸν
1336 696 1702 770 προκείμενον
1728 695 1854 765 δρό-

274 804 380 859 μον
414 789 737 858 όσιὼτατοι,
784 791 1139 863 ἀνδρειότατα
1157 807 1171 823 ο
1204 790 1281 857 ὠς
1318 788 1729 863 ἀποληψόμενοι
1764 787 1859 843 τὸν

271 883 376 954 τῆς
415 882 763 956 δικαιοσύνης
797 884 1087 953 στέφανον.

1958 602 2099 658 ratio
2133 620 2147 656 :
2182 612 2545 674 praeterquam
2586 606 2735 676 quod
2788 604 3045 676 imaginis
3106 604 3413 663 substantia
3445 612 3577 662 ne-‘

1959 710 2239 767 quaquam
2282 695 2570 752 adoratur.
2622 696 2725 755 Hic
2757 700 2939 755 tenuis
2995 708 3083 755 est
3117 714 3300 756 sermo
3358 709 3548 755 noster

1960 791 2447 855 eommonitorius,
2506 806 2617 847 non
2675 793 2742 847 ad
2785 791 3095 848 ducendum
3139 803 3493 863 comparatus
3530 811 3544 847 :

1960 892 2143 939 vestra
2173 894 2359 941 autem
2413 894 2566 941 tanto
2618 902 2846 957 prorsus
2916 887 3273 959 perfectiora,
3341 895 3567 958 quanto:

270 977 643 1045 supereminet
668 974 907 1046 dignitas
960 976 1276 1034 unctionis:
1306 977 1362 1033 in
1392 990 1501 1047 qua
1532 982 1857 1046 praesentem
1896 987 2125 1030 cursum
2154 973 2389 1032 viriliter
2438 978 2702 1049 peragite,
2747 979 3105 1046 sanctissimi,
3146 987 3408 1048 tanquam
3458 976 3550 1047 ju.

268 1067 437 1124 stitia:
468 1083 728 1124 coronam
758 1070 1093 1141 percepturi.

556 1205 693 1260 IlH'.
737 1233 809 1247 ——
859 1204 1116 1276 Ἀμμοῦν
1149 1202 1363 1269 τέκνῳ.
1406 1200 1598 1277 [φξθηῖ

2325 1200 2737 1257 ιιΧΧΧνιιιρ-
2772 1205 3018 1259 Ammoni
3061 1205 3198 1276 ﬁlio.

865 1341 1156 1393 Monachum
1178 1347 1472 1405 apostatam,
1498 1342 1648 1391 etiam
1671 1341 1904 1405 conjugio
1926 1341 2248 1405 implicatum,
2267 1340 2328 1391 ad
2356 1340 2701 1406 paenitentiam
2722 1341 2930 1394 excitat.

345 1478 507 1546 οἴμοι
550 1475 611 1544 ἐξ
640 1476 813 1548 αὐτῆς
853 1476 1109 1545 βαλϐίδος
1147 1476 1252 1548 τῆς
1291 1475 1589 1547 ἐπιστολῆς
1622 1477 1719 1529 καὶ
1748 1492 1872 1529 στε-

272 1570 484 1641 ναγμὸν
514 1568 827 1639 ἀναπέμπω
857 1570 923 1623 ὲκ
965 1568 1167 1639 βάθους
1207 1569 1441 1642 καρδίας
1464 1610 1479 1634 ,
1514 1571 1608 1623 καὶ
1636 1568 1873 1641 δάκρυον

274 1662 619 1733 ἀναμίγνυμι
650 1660 729 1733 τῷ
762 1661 957 1733 μέλανι
987 1660 1076 1731 ἐφ’
1118 1656 1200 1725 οἷς
1225 1661 1560 1734 ὴκουτίσθην
1593 1663 1726 1732 περὶ
1755 1662 1872 1729 σοῦ,
1916 1658 1921 1665 ’

276 1755 498 1825 ἀδελφέ.
525 1754 666 1808 Φασὶ
702 1753 813 1825 γὰρ
843 1753 1263 1826 ἁποῤῥίψασθαί
1292 1772 1352 1808 σε
1389 1757 1451 1809 :0
1483 1754 1640 1824 ἅγιον
1667 1755 1872 1825 ἔνδυμα

274 1846 373 1902 τοῦ
419 1846 680 1919 μοναχοῦ,
722 1849 820 1900 καὶ
864 1846 1039 1901 τελεῖν
1089 1848 1148 1900 ὲν
1199 1846 1431 1912 λαῖκοῖς,
1489 1848 1587 1901 καὶ
1635 1850 1870 1916 γυναῖκα
1905 1884 1947 1941 Β
1975 1890 2007 1943 q

277 1938 588 2010 περιάγειν.
617 1939 681 1993 Ὦ
708 1936 807 1992 τοῦ
839 1937 1076 1993 ἐλεεινοῦ
1108 1938 1494 2009 ἀκούσματοςι
1531 1936 1577 1992 ὣ
1606 1939 1703 2010 τῆς
1728 1939 1871 2012 ἐμῆς

281 2031 607 2103 συμφορᾶςξ
657 2027 796 2102 Ἐμη
828 2029 939 2104 γὰρ
962 2030 996 2099 ἡ
1039 2029 1132 2101 σὴ,
1159 2031 1372 2096 τέκνον,
1406 2029 1677 2101 ἁμαρτία,
1728 2031 1872 2085 κατά

276 2124 372 2178 τὸν
401 2123 503 2194 τῆς
536 2123 813 2196 πατρικῆς
857 2122 1209 2194 συμπαθείας
1243 2122 1467 2194 τρόπον.
1517 2120 1628 2175 Ποῦ
1667 2121 1729 2175 :0
1756 2121 1874 2191 φῶς

277 2215 382 2287 τῆς
410 2216 682 2280 διανοίαςς
706 2214 811 2268 ποῦ
834 2217 931 2286 τῆς
959 2215 1176 2280 ἐλπίδος
1195 2215 1257 2269 :0
1280 2214 1478 2286 πτερόν
1500 2232 1515 2279 ;
1548 2213 1654 2267 ποῦ
1686 2216 1713 2268 ό
1733 2214 1875 2287 ἔρως

277 2312 308 2364 0
331 2310 468 2379 πρὸς
488 2309 582 2364 τὸν
606 2309 771 2378 Θεόνς
804 2308 909 2363 ποῦ
938 2307 1040 2379 τῆς
1068 2309 1311 2373 πίστεως
1334 2310 1363 2363 0
1394 2307 1622 2378 θυρεός;
1651 2307 1756 2362 ποῦ
1776 2304 1874 2360 τοῦ

277 2403 594 2475 λογιστικοῦ
655 2404 719 2457 :0
770 2403 1058 2474 κριτικόν;
1114 2400 1220 2454 ποῦ
1274 2401 1303 2455 0
1357 2399 1613 2454 ἐντεῦθεν
1663 2399 1874 2471 κόσμου

277 2495 551 2567 δρασμός;
587 2492 690 2548 ποῦ
720 2494 754 2564 ἡ
784 2491 1179 2562 ὲγκατάλειψις
1205 2489 1465 2544 ἁπάντων
1490 2488 1601 2542 τῶν
1624 2489 1719 2541 ἐπὶ
1741 2487 1876 2558 γῆςς

282 2589 391 2645 ποῦ
433 2592 468 2664 ἠ
519 2588 817 2643 ἐπιστασία
851 2588 950 2659 τῆς
996 2587 1210 2659 μονῆς;
1258 2584 1364 2640 ποῦ
1396 2587 1431 2657 ἡ
1473 2583 1879 2647 εὐκατάνυκτος

280 2683 569 2759 παραδοχὴ
624 2687 725 2756 τῆς
784 2682 1075 2754 είσδοχῆς;
1133 2680 1237 2735 ποῦ
1283 2683 1318 2751 ή
1376 2681 1720 2752 στοιχείωσις
1776 2679 1878 2752 τῆς

282 2777 632 2848 κοινοϐιακῆς
664 2775 840 2846 ζωῆς
885 2773 989 2828 ποῦ
1042 2776 1075 2845 ἡ
1119 2773 1428 2844 φωτιστικὴ
1477 2772 1872 2846 ὲξαγόρευσιςς

284 2869 391 2923 ποῦ
428 2885 523 2923 σου
559 2867 628 2921 τὰ
669 2866 813 2921 καλὰ
840 2866 1093 2938 δάκρυα;
1134 2864 1238 2919 ποῦ
1268 2866 1300 2935 ή
1336 2863 1686 2937 εὑλαόοειδὴς
1730 2862 1877 2931 ἓξιςς

284 2959 392 3016 ποῦ
421 2962 456 3031 ἠ
489 2961 556 3015 ὲκ
586 2959 681 3013 τοῦ
713 2958 1086 3031 πληρώματος
1118 2956 1221 3028 τῆς
1253 2956 1620 3027 ἀδελφότητος
1665 2972 1879 3028 μαρτυ-

287 3050 412 3124 ρίας
445 3050 553 3106 ποῦ
603 3053 637 3123 ἠ
676 3052 770 3105 ἐπὶ
815 3049 911 3105 τοῦ
965 3050 1113 3122 ίεροῦ
1152 3049 1398 3123 βήματος
1426 3047 1726 3120 ὁμολογίας
1774 3045 1879 3100 7:06

289 3144 530 3216 μάρτυρι
561 3142 682 3214 Θεῷ
716 3160 775 3196 τε
804 3143 900 3200 καὶ
953 3142 1216 3211 ἀγγέλοις
1274 3140 1644 3213 ὑποσχέσεις;
1676 3138 1782 3194 ποῦ
1844 3140 1880 3211 ὴ

286 3234 596 3307 ὑποφαεινὴ
651 3234 947 3307 φαιδρότης
970 3233 1065 3290 τοῦ
1101 3236 1418 3307 σχήματος;
1452 3232 1558 3287 ποῦ
1583 3234 1614 3287 0
1634 3249 1884 3303 πνευμα-

283 3332 459 3388 τικῶς
478 3327 766 3398 νοούμενος
787 3327 965 3399 γάμος
988 3345 1004 3395 ;
1036 3326 1141 3381 7:06
1168 3329 1198 3381 0
1222 3326 1364 3399 ὑπὲρ
1386 3324 1483 3379 σοῦ
1500 3323 1685 3389 τυθεὶς
1705 3323 1878 3395 ἀμνὸς

285 3419 387 3477 τοῦ
432 3420 605 3488 Θεοῦ;
642 3419 748 3475 ποῦ
798 3420 861 3475 :0
917 3420 1279 3491 εὐαγγελικόν
1332 3435 1393 3473 τε
1448 3418 1544 3472 καὶ
1592 3416 1883 3488 ἀδελφικὸν

286 3516 645 3587 ἀγαλλίαμας
683 3514 792 3569 ποῦ
832 3515 862 3568 0
901 3515 1057 3584 παρά
1106 3514 1328 3568 πάντων
1377 3512 1672 3583 ίερώτατος
1704 3512 1885 3567 ἀσπα-

289 3607 464 3679 cli/5;;
498 3605 603 3662 ποῦ
630 3608 665 3679 ή
699 3607 758 3660 εν
793 3605 874 3676 τῷ
902 3604 1033 3674 θείῳ
1057 3602 1435 3673 θυσιαστηρίῳ
1488 3601 1881 3671 παράστασις;

287 3699 398 3754 ποῦ
422 3701 455 3771 ἡ
482 3698 577 3754 τοῦ
605 3697 863 3769 σώματός
890 3713 952 3751 τε
982 3697 1078 3750 καὶ
1106 3694 1343 3765 αἵματος
1371 3692 1467 3748 τοῦ
1500 3691 1739 3764 Χριστοῦ
1765 3690 1884 3745 θεία

293 3792 638 3866 μετάληψις
663 3790 770 3845 ποῦ
796 3794 831 3860 ἡ
858 3792 955 3862 ὅλη
979 3788 1188 3861 φαιδρὰ
1210 3789 1307 3843 καὶ
1333 3785 1887 3857 ἀγγελοχαρμόσυνος

288 3887 483 3958 τελετή
510 3885 649 3952 ςποῦ
675 3886 710 3957 ἡ
741 3884 886 3955 φανὴ
916 3883 1143 3954 λαμπάς
1169 3898 1184 3948 ς
1217 3880 1321 3934 ποῦ
1347 3882 1381 3951 ἡ
1416 3879 1664 3950 ἄμπελος
1687 3880 1721 3949 ἡ
1753 3877 1886 3948 ἀλη-

290 3980 453 4052 θινῆς
498 3980 605 4034 ποῦ
657 3982 692 4050 ἡ
734 3978 1089 4050 καρποφόρος
1139 3976 1337 4046 φυτεία
1388 3973 1484 4027 τοῦ
1534 3971 1886 4041 Πνεῦματος;

290 4072 400 4127 7:06
423 4072 559 4144 ἐμοῦ
600 4089 666 4141 γε
695 4071 791 4126 τοῦ
817 4070 1007 4124 ἀθλίου
1043 4071 1075 4123 0
1102 4068 1217 4131 υίὸς
1237 4109 1251 4133 ,
1284 4069 1313 4121 0
1342 4064 1644 4138 προαχθεὶς
1675 4064 1757 4118 ἐτι
1790 4063 1888 4118 καὶ

290 4165 377 4219 ἔτι
408 4167 467 4219 ὲν
490 4164 663 4236 καλῷ,
694 4165 789 4218 καὶ
815 4166 1089 4235 χρήσιμος
1116 4159 1304 4231 ὀφθεὶς
1332 4161 1399 4231 τῇ
1427 4158 1759 4227 ἀδελφότητι
1783 4194 1799 4220 ,
1825 4154 1889 4208 τὸ

289 4257 488 4311 τέκνον
521 4255 619 4309 τοῦ
647 4255 805 4321 Θεοῦ,
834 4258 864 4309 0
896 4255 992 4308 :06
1022 4252 1203 4325 φωτὸς
1229 4251 1519 4323 χορευτὴς,
1545 4250 1575 4303 0
1605 4248 1706 4319 τῆς
1736 4246 1891 4318 βασι-

294 4350 452 4414 λείας
471 4349 583 4405 τῶν
604 4348 854 4420 οὐρανῶν
888 4346 1138 4417 πολίτης,
1171 4345 1234 4399 :0
1272 4342 1468 4406 σκεῦος
1492 4341 1558 4395 :0
1588 4339 1845 4395 ἐκλεκτόν
1869 4354 1886 4404 ;

297 4441 429 4506 Πῶς
476 4439 725 4510 ἐστράφη
772 4440 853 4501 είς
892 4436 961 4490 τὰ
1009 4436 1223 4501 ὀπίσω;
1286 4433 1408 4497 πῶς
1440 4430 1810 4485 ἀπελάκτισεν
1861 4429 1890 4481 0

291 4531 693 4604 ἠγαπημένος;
729 4531 847 4593 πῶς
885 4526 1180 4598 ἐσκοτίσθη
1214 4526 1244 4579 0
1273 4524 1729 4595 πεφωτισμένος;
1768 4520 1888 4584 πῶς

2040 1500 2141 1556 Hei
2168 1500 2299 1555 mihi
2333 1500 2559 1557 lstatim
2594 1500 2662 1557 ab
2697 1503 2812 1573 ipso
2840 1502 3084 1572 epistolae
3122 1504 3351 1559 exordio
3397 1507 3555 1561 mitto

1968 1606 2035 1649 ex
2065 1591 2258 1647 intimo
2292 1593 2459 1648 corde
2487 1593 2815 1664 suspirium,
2846 1604 2900 1649 et
2952 1593 3228 1667 lacrymas
3247 1607 3556 1653 atramento

1969 1684 2324 1750 commisceo.
2365 1684 2438 1740 ob
2457 1700 2523 1741 ea
2549 1701 2673 1757 quae
2719 1685 2787 1742 de
2815 1696 2868 1742 te
2901 1688 3109 1758 accepi,
3147 1687 3337 1744 frater.
3387 1689 3558 1746 Aiunt

1971 1778 2119 1834 enim
2162 1788 2214 1833 te
2237 1790 2491 1834 sanctum
2520 1779 2790 1848 abiecisse
2839 1783 3094 1836 monachi
3153 1782 3425 1847 habitum,
3477 1793 3561 1839 at-

2014 1853 2082 1929 ιιό
2113 1874 2255 1930 inter
2292 1873 2464 1930 laicos
2495 1873 2714 1945 degere,
2759 1883 2817 1930 et
2866 1889 3087 1930 uxorem
3125 1878 3558 1932 circumducere.

1974 1967 2020 2021 0
2042 1966 2253 2022 tristem
2273 1967 2525 2022 nuntium
2557 1968 2569 2023 ι
2595 1982 2629 2021 o
2659 1966 2931 2040 ingentem
2950 1969 3319 2024 calamitatem
3345 1971 3557 2026 meam!

1975 2057 2153 2114 Tuum
2198 2060 2344 2114 enim
2395 2059 2540 2116 istud
2597 2060 2815 2125 scelus,
2872 2061 2981 2127 fili,
3056 2076 3242 2117 meum
3300 2072 3386 2119 est
3433 2078 3562 2134 pro-

1973 2163 2094 2223 pter
2123 2163 2361 2224 paternze
2403 2156 2905 2212 commiserationis
2925 2156 3201 2214 adectum.
3241 2154 3343 2212 Ubi
3364 2156 3563 2213 mentis

1974 2246 2198 2303 lumen?
2234 2248 2325 2303 ubi
2369 2249 2485 2321 spei
2518 2252 2618 2306 aia:
2645 2257 2669 2306 ’ί
2698 2251 2787 2306 ubi
2817 2251 2908 2307 Dei
2944 2253 3142 2307 amor?
3166 2252 3259 2307 uhi
3289 2251 3411 2307 fidei
3453 2250 3567 2323 cly-

1975 2341 2159 2412 peus?
2190 2340 2281 2396 ubi
2312 2356 2479 2413 sagax
2500 2343 2847 2400 consultandi
2868 2346 2990 2401 vis?
3022 2346 3111 2401 ubi
3143 2345 3375 2418 hujusce
3401 2362 3564 2401 mun-

1976 2440 2031 2496 di
2059 2437 2234 2508 fuga?
2280 2438 2373 2493 tibi
2404 2452 2745 2497 terrenarum
2771 2457 2954 2497 rerum
2988 2442 3267 2511 abjectio?
3300 2443 3390 2497 ubi
3444 2458 3565 2497 mo-

1979 2536 2206 2591 nasterii
2235 2535 2607 2607 gubernatio?
2670 2535 2764 2590 ubi
2816 2544 2967 2606 gesta
3034 2550 3143 2590 non
3176 2534 3296 2590 sine
3347 2534 3566 2606 pietatis

1979 2645 2147 2685 sensu
2184 2644 2315 2684 cura
2344 2628 2733 2699 hospitalitatis
2762 2629 2787 2682 ?
2825 2628 2915 2683 uhi
2947 2627 3291 2684 emnobiticze
3320 2628 3445 2684 vita:
3474 2628 3565 2683 di-

1979 2722 2210 2792 sciplina
2238 2721 2262 2775 ?
2288 2720 2380 2775 ubi
2422 2718 2700 2776 confessio
2745 2718 2924 2774 lucem
2965 2720 3188 2789 pariens
3224 2717 3250 2773 ?
3286 2717 3378 2775 ubi
3410 2733 3568 2791 egre-

1979 2816 2080 2886 giae
2110 2822 2217 2870 tua:
2239 2815 2490 2883 lacrymre
2510 2810 2563 2869 ι’
2594 2813 2690 2870 ubi
2736 2813 2897 2883 plena
2949 2811 3270 2868 reverentia:
3313 2811 3571 2882 species?

1983 2909 2074 2965 ubi
2097 2924 2163 2965 ex
2194 2900 2365 2964 totius
2395 2908 2756 2963 fraternitatis
2787 2919 2932 2964 cuitu
2979 2908 3357 2964 testimonium
3385 2907 3409 2960 ?
3476 2906 3570 2960 ubi

1979 3004 2246 3058 emissum
2280 3002 2345 3057 ad
2380 3017 2597 3056 sacram
2630 3017 2782 3058 aram
2811 3004 3048 3057 votum?
3087 3001 3181 3057 ubi
3213 3000 3317 3057 sub
3353 3002 3464 3058 Deo
3493 3010 3574 3057 te.

1983 3105 2068 3152 ste
2099 3106 2153 3152 et
2191 3095 2399 3166 angelis
2433 3095 2590 3151 factm
2612 3095 3058 3167 promissiones?
3100 3095 3194 3150 ubi
3231 3094 3447 3165 fulgens
3479 3094 3575 3149 ha-

1910 3221 1952 3280 c
1984 3189 2135 3246 bitus
2166 3188 2469 3261 splendor?
2499 3190 2592 3245 ubi
2646 3189 2924 3261 spiritales
2957 3204 3081 3258 quae
3132 3200 3315 3244 mente
3367 3187 3576 3243 intelli-

1984 3292 2194 3354 guntur
2218 3281 2423 3352 nuptiae
2452 3282 2476 3338 ?
2505 3281 2597 3338 ubi
2631 3281 2850 3338 oblatus
2877 3291 3100 3355 propter
3132 3291 3186 3337 te
3220 3281 3408 3350 Agnus
3439 3277 3578 3335 Dei?

1988 3380 2079 3436 ubi
2111 3380 2341 3436 fratrum
2372 3394 2440 3436 ex
2498 3379 2778 3452 Evangelii
2834 3379 3158 3449 praescripto
3219 3376 3448 3434 laetitia?
3483 3376 3575 3432 ubi

1986 3472 2371 3530 sanctissimus
2397 3476 2644 3528 omnium
2678 3472 3032 3541 complexus?
3060 3471 3151 3526 ubi
3206 3473 3271 3526 ad
3328 3472 3576 3527 divinum

1988 3568 2158 3623 altare
2186 3582 2447 3623 accessus
2480 3568 2504 3620 ?
2558 3566 2648 3621 ubi
2677 3567 2925 3636 corporis
2949 3576 3006 3621 et
3036 3564 3321 3637 sanguinis
3368 3564 3576 3620 Christi

1987 3660 2170 3717 divina
2207 3658 2532 3731 perceptio?
2565 3659 2655 3714 ubi
2687 3669 2800 3714 tota
2837 3657 3037 3712 lmtitiaa
3066 3658 3230 3727 plena
3282 3665 3338 3711 et
3368 3656 3578 3727 angeli-

1988 3768 2054 3807 co
2087 3768 2183 3822 par
2218 3752 2418 3822 gaudio
2450 3751 2776 3806 cmremonia
2811 3749 2835 3804 ?
2888 3748 2980 3804 ubi
3032 3750 3254 3803 lucerna
3320 3748 3583 3817 fulgens?

1992 3846 2082 3899 ubi
2112 3844 2238 3899 vitis
2284 3860 2415 3898 vera
2454 3842 2477 3895 ?
2510 3842 2600 3896 ubi
2660 3839 2925 3912 frugifera
2975 3841 3246 3911 plantatio
3289 3838 3529 3909 Spiritus
3558 3840 3584 3892 ?

1992 3937 2083 3991 ubi
2118 3935 2261 3990 filius
2291 3950 2469 3999 meus,
2503 3934 2765 3989 miserum
2806 3949 2915 3998 me,
2937 3934 3034 4005 qui
3065 3932 3315 4003 quotidie
3345 3932 3582 4002 majores

1991 4032 2047 4085 in
2083 4031 2289 4084 virtute
2316 4043 2642 4098 progressus
2698 4026 2957 4091 habebat,
3016 4027 3271 4096 idemque
3306 4024 3461 4081 visus
3500 4037 3584 4082 est

1990 4119 2320 4177 fraternitati
2343 4119 2618 4189 perutilis,
2659 4118 2755 4175 Dei
2789 4119 2992 4189 proles,
3043 4117 3184 4173 lucis
3234 4116 3579 4183 administer,

1991 4214 2147 4287 regni
2196 4214 2463 4271 ctelorum
2520 4213 2678 4279 civis,
2750 4228 2846 4269 vas
2902 4211 3224 4270 electionis?
3293 4210 3583 4278 Quomodo

1993 4321 2297 4365 conversus
2326 4315 2410 4361 est
2464 4316 2767 4361 retrorsum
2803 4305 2829 4359 ?
2874 4304 3156 4377 quomodo
3218 4303 3585 4359 recalcitravit

1991 4401 2274 4458 dilectus?
2298 4400 2576 4471 quomodo
2613 4398 2856 4455 tenebris
2887 4398 3126 4466 obsitus,
3179 4398 3273 4469 qui
3316 4398 3438 4453 luce
3466 4397 3583 4469 ple-

1993 4512 2098 4553 nus
2118 4496 2142 4551 ?
2162 4494 2440 4567 quomodo
2471 4493 2813 4548 castimonia:
2837 4507 2991 4547 arma
3046 4490 3277 4563 posuit?
3304 4489 3581 4561 quomodo

289 4584 727 4681 ἆξτὲσέὲξέιτοῖἀ
764 4584 865 4691 τῆς
898 4619 1126 4689 ἁγνείας
1158 4584 1303 4672 όπλα
1323 4633 1339 4682 ς
1359 4584 1500 4680 ’πῶς
1531 4584 1752 4682 εγενετο
1797 4613 1882 4684 θή-

1997 4590 2178 4646 factus
2215 4596 2301 4645 est
2329 4587 2532 4643 diaboli
2566 4586 2770 4657 praeda,
2800 4586 2871 4641 ab
2902 4584 3026 4656 ipso
3055 4595 3271 4655 captus,
3307 4584 3581 4653 ejusdem-

293 4737 451 4794 ραμα
471 4717 746 4781 διαὸόλου,
771 4713 1164 4786 ὲζωγρημένος
1190 4710 1282 4765 ὑπ’
1308 4708 1476 4764 αὑτοῦ
1495 4710 1572 4772 είς
1592 4706 1655 4761 :0
1676 4707 1889 4760 ἐκείνου

293 4813 550 4884 θέλημα,
581 4809 682 4863 καὶ
711 4806 873 4877 ἀφεὶς
915 4806 1009 4859 τὸν
1055 4803 1222 4857 καλὸν
1260 4799 1517 4872 Νυμφίον
1560 4798 1655 4853 τὸν
1684 4796 1890 4869 Κύριον

288 4906 398 4979 τῆς
422 4902 605 4975 δόξης,
637 4900 732 4955 τὸν
758 4896 1120 4967 ὲξουσιαστὴν
1148 4894 1259 4948 τῶν
1289 4892 1587 4957 ἀπάντων;
1620 4891 1686 4943 Ὢ
1714 4889 1799 4954 τίς
1828 4890 1889 4943 00

295 4990 550 5056 στενάξιι
584 4992 649 5042 ἐκ
699 4986 934 5058 βὰθους;
966 4985 1051 5048 τίς
1079 4985 1183 5037 οὐκ
1212 4982 1461 5054 ἐλεήσειε
1488 4979 1585 5033 τὸν
1613 4979 1892 5050 ἐξηπατη-

300 5082 503 5154 μένονς
535 5078 784 5149 υὺρανὲ,
821 5075 1048 5145 ἔκστηθι
1087 5074 1184 5128 ἐπὶ
1218 5072 1429 5142 τούτῳ·
1456 5069 1557 5140 γῆ,
1602 5069 1800 5141 βόησον
1827 5069 1889 5122 :0

295 5170 497 5233 πάθος.
540 5170 606 5223 Τί
639 5170 890 5238 γέγονεν,
938 5164 1172 5234 ἀδελφέ;
1214 5164 1316 5217 οὐκ
1359 5161 1593 5233 ᾑδέσθης
1632 5160 1737 5216 κᾶν
1762 5160 1889 5224 τοὺς

292 5267 547 5341 ὁρῶντας
567 5284 583 5333 ;
606 5267 707 5320 οὐκ
729 5261 1075 5336 ἠρυθρίασας
1099 5260 1193 5315 ἀπ’
1224 5256 1391 5312 αὑτοῦ
1422 5254 1516 5310 τοῦ
1547 5254 1751 5326 ἀέρος;
1784 5251 1886 5306 οὐκ

296 5360 668 5431 ἐδυσχέρανας
695 5356 794 5427 τὴν
818 5354 1088 5409 δυσωδίαν
1115 5350 1218 5421 τῆς
1249 5345 1683 5419 παγκαταράτου
1712 5346 1890 5415 ἀμαρ-

296 5453 467 5518 τίαςς
508 5450 653 5521 ἔχεις
688 5447 849 5513 νοῦν;
890 5445 993 5518 ζῇς
1021 5444 1168 5515 ἄρας
1218 5440 1408 5513 ἀθρείς
1446 5440 1634 5511 ἦλιον;
1671 5434 1890 5508 βλέπεις

302 5543 583 5615 σελήνηνς
616 5539 750 5609 ἐρᾷς
778 5536 1057 5608 ἀστέρας;
1090 5534 1191 5587 οὐκ
1220 5532 1391 5595 ἔστιν,
1421 5531 1523 5584 οὐκ
1553 5529 1699 5583 ἔστιν
1721 5526 1898 5579 εἰπεῖν

294 5636 427 5690 ὅσον
470 5632 534 5685 :0
561 5629 902 5702 ἁμάρτημα,
935 5627 1062 5689 ὅσος
1105 5624 1138 5677 0
1169 5624 1396 5686 σκότος,
1445 5621 1547 5691 ἇση
1592 5619 1628 5691 ἡ
1677 5616 1894 5684 ἀλογία.

299 5725 419 5780 Καὶ
445 5722 557 5777 είθε
580 5721 746 5793 μέχρι
768 5721 980 5773 τούτων
1013 5718 1042 5771 0
1062 5715 1222 5786 λόγος
1242 5729 1257 5745 ·
1290 5708 1533 5784 εἷχε,γάρ
1554 5710 1622 5766 ἂν
1640 5710 1676 5782 ἡ
1706 5706 1894 5762 ἀθλιό-

300 5833 409 5888 της
439 5812 807 5887 συμμετρίαν.
847 5809 992 5866 ’Δλλ¹
1012 5811 1092 5864 ὅτι
1121 5810 1318 5880 κρῖμα,
1344 5804 1561 5875 ἀδελφὲ,
1592 5799 1896 5873 ἀπαραίτη-

1988 4699 2096 4754 que
2123 4679 2393 4737 voluntati
2424 4679 2791 4749 mancipatus,
2824 4677 3079 4733 abdicato
3112 4674 3331 4747 egregio
3366 4674 3587 4746 Sponso

1990 4775 2226 4831 Domino
2260 4774 2468 4846 gloriae,
2497 4787 2664 4841 penes
2683 4787 2846 4843 quem
2872 4786 3056 4826 rerum
3106 4770 3357 4825 omnium
3409 4754 3593 4841 impe?

1988 4869 2132 4923 rium
2160 4876 2241 4923 est
2267 4867 2291 4920 ?
2319 4864 2457 4933 Quis
2476 4881 2583 4921 non
2610 4880 2736 4920 cum
2767 4862 2967 4919 intimo
3019 4878 3186 4919 sensu
3246 4862 3455 4918 doloris
3501 4863 3583 4917 in-

1990 4961 2287 5036 gemiscat?
2320 4961 2445 5032 quis
2487 4959 2739 5016 delusum
2780 4974 2890 5014 non
2937 4956 3420 5014 commiseratione
3454 4971 3583 5027 pro~

1995 5050 2301 5124 sequatur?
2328 5048 2689 5120 Obstupesce,
2734 5047 2961 5113 caelum,
2998 5061 3166 5116 super
3205 5045 3312 5100 hoc
3348 5062 3361 5099 :
3395 5053 3540 5099 terra
3568 5086 3585 5105 ,

1997 5142 2369 5200 calamitatem
2435 5140 2692 5196 inclama.
2729 5137 2875 5207 Quid
2938 5136 3144 5193 factum
3201 5146 3309 5203 est,
3373 5134 3589 5191 frater?

1994 5234 2117 5290 Non
2151 5233 2360 5289 veritus
2387 5248 2449 5288 cs
2482 5233 2678 5289 saltem
2740 5231 3054 5287 intuentes?
3087 5246 3197 5285 non
3231 5230 3376 5285 hunc
3408 5230 3587 5299 ipsum

1991 5343 2173 5384 aerem
2192 5325 2506 5382 erubuisti?
2545 5341 2653 5381 non
2676 5325 2846 5382 tulisti
2880 5325 3115 5396 graviter
3144 5323 3447 5380 detestandi
3470 5337 3589 5378 sce-

1996 5422 2127 5477 leris
2175 5420 2453 5476 fetorem?
2480 5418 2637 5475 Tunc
2663 5419 2862 5476 mentis
2884 5419 3157 5490 compos?
3186 5417 3435 5473 vivisne?
3455 5432 3586 5470 num

1997 5513 2169 5570 solem
2198 5512 2430 5567 intueris
2456 5511 2479 5564 ?
2508 5526 2577 5565 an
2609 5511 2796 5565 lunam
2830 5511 3054 5566 cernis?
3087 5524 3156 5564 an
3213 5508 3396 5563 sidera
3434 5509 3586 5579 aspi-

1996 5606 2121 5662 cis?
2152 5603 2270 5660 Dici
2322 5603 2569 5670 omnino,
2618 5602 2726 5658 dici
2757 5617 2866 5659 non
2904 5610 3104 5673 potest,
3136 5609 3403 5671 quantum
3440 5600 3587 5656 istnd

2001 5698 2291 5770 flagitium,
2315 5706 2535 5767 quantae
2564 5697 2824 5759 tenebrae,
2865 5706 3069 5767 quanta
3099 5694 3340 5750 amentia
3364 5694 3456 5750 sit.
3495 5694 3593 5748 At-

2002 5806 2111 5864 que
2132 5791 2353 5847 utinam
2375 5789 2484 5845 huc
2545 5803 2721 5856 usque
2768 5797 2981 5844 tantum
3048 5787 3302 5860 progredi
3344 5786 3619 5849 ιιι-δῦναι.
