4060 6374
526 305 666 370 1335
1729 300 1799 362 8.
1831 296 2152 360 THEODOJ

2261 299 2620 362 STUDlTxE
3676 301 3832 368 1336'

521 411 739 470 oratio!
772 409 998 466 haberet
1027 407 1176 466 enim
1211 407 1506 464 calamitas
1535 405 1784 462 modum.
1817 403 1926 460 Sed
1976 403 2124 474 judi-

2253 424 2340 474 τον,
2393 406 2505 479 πῦρ
2553 406 2773 462 αἰώνιον
2797 447 2811 473 ,
2855 407 3048 472 σκότος
3077 405 3356 480 ἐξώτερον,
3390 410 3486 464 καὶ
3523 409 3818 482 ἀλαμπὲς.

521 507 693 572 cium,
723 504 915 568 frater,
946 501 1309 566 inexorabile,
1347 500 1490 572 ignis
1536 498 1926 571 sempiternus,
1966 505 2122 552 tene-

2253 501 2472 570 ὶρυγμδς
2500 500 2754 568 ὀδόντων,
2801 499 3026 555 ἅπαντα
3072 500 3142 554 τὰ
3179 499 3318 556 ἄλλα
3358 502 3726 576 κολαστήρια,
3761 507 3822 559 ὲν

522 601 636 655 bne
666 597 970 654 exteriores
999 611 1065 652 ac
1097 594 1414 660 teterrimae,
1444 593 1650 650 stridor
1677 591 1930 648 dentium
1958 633 1978 659 ,
2009 605 2122 648 ca:-

528 704 644 748 teta
681 688 977 761 supplicia,
1008 687 1211 759 quibus
1265 685 1502 756 improbi
1537 684 1868 748 multantur,
1919 690 1977 737 et
2033 681 2128 735 illa

527 786 754 856 quidem
803 783 1162 840 interminata
1222 781 1277 836 iu
1311 789 1666 851 perpetuum.
1713 777 1923 834 Omitto
1952 776 2131 832 hono-

527 895 652 934 rum
681 878 976 948 iacturam,
1005 890 1170 945 quam
1208 874 1322 943 ipse
1352 872 1453 926 tibi
1485 870 1852 928 accersivisti.
1877 869 2012 937 Quae
2035 868 2130 923 illa

528 985 699 1040 porro
728 968 752 1022 ?
777 966 918 1024 Cum
948 964 1063 1020 Deo
1091 979 1233 1028 esse,
1269 963 1534 1034 gaudium
1567 961 1975 1030 inexplicabile,
2021 958 2132 1013 vita

531 1059 882 1120 immortalis,
905 1057 1095 1120 laetitia
1155 1057 1515 1124 sempiterna,
1578 1053 1824 1124 paradisi
1861 1051 2071 1106 delicia:
2103 1087 2122 1116 ,

529 1163 737 1209 sanctae
763 1150 1054 1206 Trinitatis
1087 1149 1376 1220 splendor,
1406 1146 1615 1216 quaevis
1649 1145 1781 1210 alia,
1821 1154 1875 1199 et
1903 1159 2024 1214 quae
2048 1142 2134 1197 di-

529 1247 675 1300 citur
696 1253 752 1299 et
781 1259 904 1314 qua:
971 1241 1296 1311 intelligitur
1343 1239 1596 1294 felicitas.
1661 1236 1780 1292 lluc
1811 1240 1962 1302 ades,
1995 1236 2127 1299 huc,

531 1340 759 1410 inquam
783 1379 800 1403 ,
841 1336 917 1390 [ili
954 1353 968 1390 :
1002 1335 1388 1405 expergiscere
1413 1374 1432 1398 ,
1465 1340 1774 1395 revertere,
1819 1342 2085 1384 renovare
2117 1346 2134 1383 :

532 1439 732 1485 excute
761 1428 965 1497 injecta
1001 1427 1098 1480 tibi
1128 1427 1197 1479 ab
1223 1425 1384 1478 hoste
1409 1423 1626 1477 vincula
1649 1422 1854 1492 peccati
1885 1439 1899 1475 :
1931 1420 2000 1474 ab
2028 1419 2138 1474 Eva

532 1520 827 1577 divellere:
853 1520 922 1574 ad
945 1519 1326 1573 immemorem
1355 1517 1686 1587 injuriarum
1729 1513 2142 1585 plenissimum-

534 1625 642 1680 que
675 1607 1037 1663 humanitatis
1090 1605 1280 1662 Jesum
1347 1606 1569 1661 accede.
1603 1603 1686 1659 Ex
1745 1606 1978 1660 adverso
2022 1603 2139 1658 cla-
2177 1655 2184 1664 ,

536 1713 682 1758 mat:
718 1701 920 1765 Venite,
951 1715 1127 1754 omnes
1161 1699 1252 1770 qui
1293 1698 1552 1753 laboratis
1579 1706 1628 1752 et
1659 1698 1865 1752 onerati
1923 1697 2051 1750 estis
2092 1696 2142 1730 ”

2224 591 2308 658 οἷς
2338 597 2372 665 ή
2411 593 2638 666 coam,
2671 594 2770 648 καὶ
2810 593 2950 666 αὕτη
2981 594 3291 666 ἀπέραντος
3319 596 3401 660 είς
3443 596 3674 660 αἰῶνας.
3708 599 3828 652 Καὶ

2227 688 2384 744 olim
2402 689 2550 760 λέγω
2578 689 2689 744 τῶν
2725 689 2951 758 ἀγαθῶν
2987 688 3088 760 τὴν
3123 691 3474 756 ἀπόπτωσιν,
3510 692 3580 761 ἣν
3605 691 3828 762 σεαυτῷ

2231 783 2624 855 προεξενησας.
2653 783 2749 845 Τίς
2776 781 2918 853 αὕτη
2941 799 2957 847 ;
2999 782 3142 854 μετὰ
3167 783 3308 838 Θεοῦ
3346 785 3610 854 γενέσθαι
3631 826 3648 848 .
3679 786 3828 857 χαρὰ
3923 763 3932 770 θ

2233 875 2622 946 ἁνεκλάλητος.
2683 873 2801 948 ζωὴ
2848 875 3150 946 ἀκήρατος,
3201 876 3514 948 εὐφροσύνη
3562 879 3826 944 αίὼνισς,

2232 967 2414 1038 τρυφὴ
2431 967 2788 1038 παραδείσου,
2807 971 2910 1041 τῆς
2921 968 3088 1037 ἁγίας
3108 969 3342 1039 Τριάδος
3353 969 3654 1040 ελλαμψις,
3675 974 3832 1028 πᾶσα

2235 1059 2371 1127 ἄλλη
2402 1060 2495 1115 καὶ
2517 1059 2790 1132 λεγομένη
2825 1061 2922 1115 καὶ
2947 1061 3212 1133 νοουμένη
3246 1063 3612 1134 μακαριότης,
3655 1062 3832 1136 Δεῦρο

2235 1152 2301 1223 δὴ
2329 1149 2455 1218 οὖν,
2485 1151 2668 1226 δεῦρο,
2696 1151 2912 1218 τέκνον,
2957 1155 3256 1226 ἀνάνηψον,
3297 1155 3666 1228 ἀνακλήθητι,
3698 1158 3826 1211 ἁναο

2238 1238 2572 1310 καινίσθητι.
2601 1240 2758 1311 ρίψον
2777 1240 2849 1295 τὰ
2869 1242 3264 1314 συμπλακέντα
3299 1262 3384 1299 σοι
3398 1245 3504 1300 ὑπὸ
3517 1246 3612 1300 τοῦ
3629 1247 3832 1319 ἐχθροῦ

2241 1332 2458 1402 σχοινία
2485 1332 2589 1402 τῆς
2616 1333 2915 1404 ἁμαρτίαςο
2947 1335 3282 1407 διατμήθητι
3308 1339 3405 1408 τῆς
3446 1335 3592 1401 Εὔας
3612 1355 3629 1368 ο
3660 1341 3833 1410 πρόσ-

2240 1423 2366 1477 ελθε
2409 1424 2488 1496 τῷ
2516 1427 2887 1499 ἁμνησικάκῳ
2930 1428 3029 1483 καὶ
3059 1428 3572 1502 φιλανθρωποτάτῳ
3627 1431 3830 1501 Ἰησοῦ.

2246 1517 2542 1590 Ἀντικρυς
2594 1518 2714 1592 βοᾷο
2752 1521 2932 1576 Δεῦτε
2975 1521 3202 1589 πάντες
3247 1525 3304 1576 οἱ
3351 1522 3686 1590 κοπιῶντες
3736 1526 3836 1579 καὶ

2243 1613 2711 1680 πεφορτισμένοι
2742 1615 2867 1679 ταῖς
2899 1613 3220 1686 ἁμαρτίαις.
3265 1615 3536 1689 ’Υπαντᾷ,
3571 1618 3840 1690 περιπλέ-

2245 1720 2424 1766 κεται.
2447 1705 2824 1770 είσοικίζεται,
2848 1709 2950 1762 οὑκ
2975 1709 3203 1778 ἐγκαλεῖ
3223 1710 3354 1782 περὶ
3377 1710 3489 1764 τῶν
3520 1711 3834 1783 προτέρων·

536 1797 798 1866 peccatis.
831 1793 1062 1849 Obviam
1098 1792 1346 1862 procedit
1404 1792 1542 1861 ipse,
1575 1791 1688 1845 ruit
1717 1789 1774 1844 in
1807 1789 2142 1860 amplexum,

2253 1797 2370 1866 ἄγει
2402 1799 2497 1852 καὶ
2527 1797 2692 1852 πάλιν
2719 1801 2940 1872 ἑορτὴν,
2974 1801 3140 1866 σώζει
3172 1802 3264 1856 τὸν
3296 1804 3708 1860 ἀσωτευθέντα.
3733 1805 3841 1858 Ναὶ

537 1887 764 1942 domum
799 1887 1030 1951 inducit,
1069 1899 1170 1940 nec
1225 1883 1413 1954 priora
1496 1883 1808 1952 exprobrat,
1865 1881 2011 1936 diem
2059 1879 2139 1936 fe-

539 1989 686 2036 stum
711 1994 936 2034 rursum
975 1978 1105 2048 agit,
1163 1977 1455 2048 prodigum
1517 1987 1720 2031 servat.
1785 1973 1986 2044 Utique
2039 1987 2140 2029 oro

539 2084 616 2140 te,
647 2072 914 2139 lili,audi,
945 2072 1267 2135 exardesce,
1306 2070 1508 2124 vulnus
1529 2069 1672 2124 infer
1693 2069 1749 2122 ei
1793 2068 1888 2138 qui
1922 2067 2016 2122 tibi
2053 2067 2140 2120 in-

540 2165 688 2220 tulit.
731 2163 864 2220 Veni
891 2166 1094 2234 itaque,
1153 2164 1279 2218 veni
1329 2161 1624 2218 confestim
1661 2163 1726 2215 ad
1761 2177 1859 2217 nos
1887 2170 2144 2231 peccato.

543 2271 655 2312 res.
688 2253 803 2326 Ego
860 2256 1101 2309 animum
1145 2269 1326 2308 meam
1362 2267 1507 2324 pono
1531 2267 1631 2322 pro
1655 2261 1748 2307 te:
1793 2268 1894 2324 ego
1927 2267 2026 2322 pro
2051 2267 2144 2308 sa-

541 2349 660 2404 lute
694 2357 788 2403 tua
816 2363 1056 2418 sponsor
1095 2366 1110 2401 :
1143 2361 1244 2417 ego
1281 2357 1331 2402 te
1356 2347 1576 2402 leuibus
1609 2345 2022 2400 medicamentis
2050 2360 2143 2400 sa-

545 2442 690 2496 nabo
724 2459 737 2494 :
769 2455 872 2510 ego
899 2440 1069 2495 miser
1101 2456 1230 2494 cum
1267 2440 1375 2492 Dco
1397 2440 1677 2494 amantius
1715 2448 1768 2494 te
1796 2453 1964 2508 quam
1989 2437 2129 2492 olim

545 2537 869 2607 amplectar.
907 2534 1155 2590 Tantum
1182 2534 1376 2590 advola
1399 2575 1415 2601 ,
1443 2542 1656 2588 tantutu
1697 2549 1766 2588 ne
1799 2542 2009 2602 perstes
2041 2531 2144 2587 ad-

537 2633 658 2684 huc
696 2648 710 2685 :
750 2630 847 2686 sed
881 2627 1050 2684 Evam
1111 2629 1337 2700 quidem
1383 2629 1629 2694 dimitte,
1677 2645 1811 2684 suos
1839 2639 1899 2684 ut
1948 2629 2149 2684 habeat

548 2724 654 2780 sibi
687 2724 872 2779 ludos.
911 2719 968 2778 Si
1025 2733 1209 2778 autem
1241 2721 1362 2778 voci
1413 2722 1613 2778 divinat
1664 2723 2031 2792 obtemperat,
2089 2723 2147 2776 iu

551 2815 954 2870 monasterium
995 2816 1156 2870 trude
1190 2835 1204 2870 :
1253 2815 1492 2885 teipsum
1529 2827 1662 2869 vero
1701 2814 1812 2868 Deo
1859 2811 2149 2868 exhibebis

549 2917 609 2962 et
656 2907 837 2963 nobis.
869 2906 1130 2964 Obtestor
1158 2907 1326 2978 igitur
1350 2922 1536 2962 coram
1573 2905 1686 2961 Deo
1722 2915 1778 2962 et
1821 2907 2010 2962 electis
2048 2921 2151 2962 an-

550 2996 708 3068 gelis,
748 3008 808 3052 ut
836 2997 952 3052 haec
989 2996 1221 3052 audiens
1245 3010 1428 3052 mores
1471 3007 1680 3061 mutes,
1720 3004 1773 3050 et
1820 2995 1889 3049 ad
1920 3008 2026 3048 nos
2055 3008 2150 3050 ac-

551 3090 778 3152 celeres.
812 3099 1111 3160 antequam
1135 3088 1265 3144 ﬁnis
1288 3087 1564 3153 adveniat,
1597 3097 1900 3158 antequam
1957 3094 2149 3142 contra

556 3196 610 3238 te
639 3184 814 3241 veniae
834 3184 986 3238 fores
1015 3182 1273 3238 occludat
1303 3181 1646 3236 inexorabile
1662 3193 2011 3250 responsum.

840 3295 1132 3353 LXXXIX.
1162 3327 1232 3336 —
1263 3295 1552 3367 Theophila
1590 3293 1899 3366 praeposito.

2181 3172 2227 3228 (Ξ

2241 1889 2436 1959 δέομαί
2468 1908 2563 1944 σου
2583 1933 2598 1956 ,
2639 1893 2856 1956 τέκνον,
2890 1893 3149 1957 ἄκουσον,
3179 1895 3471 1967 eaeam,
3495 1898 3718 1968 τρῶσον
3751 1899 3841 1951 τιν

2242 1982 2533 2054 τρώσαντα
2575 2002 2656 2039 σε.
2692 1979 2834 2039 Ἧκε
2878 1982 3000 2051 οὖν,
3037 1983 3142 2062 ἧκε
3175 1988 3332 2060 τάχει
3361 1989 3502 2061 πρὸς
3532 1991 3689 2060 ἡμᾶς
3712 1993 3840 2056 τοὺς

2243 2077 2628 2148 ἁμαρτωλούς.
2677 2077 2820 2148 Ἐγὼ
2855 2081 2956 2154 τὴν
2983 2082 3166 2154 ψυχήν
3198 2101 3297 2154 μου
3329 2081 3525 2153 τίθημι
3553 2083 3699 2155 ὑπὲρ
3725 2083 3838 2136 coi-

2244 2167 2358 2234 ἐγὼ
2387 2169 2664 2241 ἐγγυητὴς
2697 2171 2799 2242 τῆς
2835 2173 3114 2244 σωτηρίας
3149 2190 3274 2228 σου’
3310 2173 3422 2243 ἐγώ
3458 2192 3518 2227 σε
3568 2175 3843 2246 ἰατρεύσω

2247 2259 2477 2322 ἁπαλοῖς
2507 2262 2841 2334 φαρμάκοις*
2868 2264 2981 2333 ἐγὼ
3009 2263 3107 2319 σὺν
3131 2264 3250 2337 Θεῷ
3271 2267 3300 2318 ό
3320 2267 3490 2331 τάλας
3514 2267 3843 2338 ἀσπάσομαί

2250 2369 2308 2404 σε
2339 2352 2482 2424 ὑπὲρ
2508 2353 2570 2407 τὸ
2603 2357 2893 2428 πρότερον.
2923 2357 3106 2412 Μόνον
3144 2358 3472 2430 πρόσδραμε
3497 2399 3513 2421 ,
3565 2360 3733 2430 μόνον
3771 2361 3843 2433 μὴ

2249 2445 2381 2514 στῇς
2403 2442 2506 2506 ἔτι,
2530 2443 2666 2498 ἀλλὰ
2689 2445 2789 2516 τὴν
2820 2445 2922 2516 μὲν
2946 2441 3090 2502 Εὔαν
3113 2447 3249 2517 ἄφες
3271 2451 3352 2511 εἰς
3374 2448 3580 2518 ἑαυτὴν
3604 2450 3823 2514 παίζειν

2248 2534 2311 2587 Εἰ
2357 2534 2402 2587 δ’
2435 2531 2530 2588 οὖν
2571 2536 2764 2591 ἀκούει
2804 2537 2987 2605 θείως,
3022 2539 3261 2609 ἔμϐαλον
3289 2543 3367 2603 εἰς
3399 2544 3684 2611 σεμνεῖον·
3715 2559 3845 2594 σαυ-

2248 2627 2340 2681 τὸν
2381 2627 2438 2681 δὲ
2467 2630 2729 2701 παρέξεις
2763 2630 2838 2701 τῷ
2883 2631 3003 2702 Θεῷ
3052 2634 3149 2688 καὶ
3189 2635 3343 2704 ἡμῖν.
3381 2634 3846 2707 Διαμαρτύρομαι

2251 2720 2346 2773 οὑν
2386 2721 2624 2774 ἐνώπιον
2651 2721 2744 2774 τοῦ
2776 2722 2912 2776 Θεοῦ
2947 2723 3042 2777 καὶ
3091 2725 3201 2778 τῶν
3248 2726 3525 2780 ἐκλεκτῶν
3560 2727 3845 2796 ἀγγέλων,

2256 2812 2342 2866 ἵνα
2396 2813 2601 2867 τούτων
2650 2814 2890 2879 ἁκούων,
2931 2816 3172 2891 magn;
3222 2819 3440 2883 ἑαυτὸν,
3493 2821 3848 2889 κατεπείγων

2253 2907 2391 2978 πρὸς
2419 2909 2568 2979 ἡμᾶς
2594 2909 2726 2980 πρὶν
2749 2910 2780 2981 ἥ
2807 2908 3002 2980 φθάσει
3023 2909 3085 2963 τὸ
3105 2911 3280 2976 τέλος*
3308 2914 3437 2984 πρὶν
3464 2913 3499 2985 ἢ
3526 2916 3849 2969 ἀποκλείσει

2254 3003 2396 3055 κατὰ
2427 3001 2519 3055 σοῦ
2552 3005 2585 3073 ἡ
2618 3003 2995 3074 ἀπαραίτητος
3021 3004 3319 3074 ἀπόφασις.

2501 3297 2627 3351 nec
2652 3327 2724 3338 -
2749 3299 3015 3367 Θεοφίλῳ
3043 3299 3371 3370 ἡγουμένῳ.
3404 3275 3598 3375 [φοϐεῖ

679 3413 908 3478 increpat
931 3416 1064 3479 quod
1084 3415 1461 3480 persecutionis
1485 3417 1713 3474 tempore
1738 3423 1849 3460 cum
1877 3407 2218 3458 lconomachis
2233 3411 2668 3465 communicasset.
2694 3413 2933 3464 Hortatur
2963 3419 3020 3462 ut
3039 3412 3234 3477 culpam
3253 3413 3556 3476 pauitantia
3599 3417 3756 3465 eluat.

635 3522 759 3578 Non
794 3537 974 3593 pauca
1000 3522 1068 3577 ad
1094 3537 1184 3576 me
1229 3520 1409 3576 delata
1443 3529 1577 3576 sunt
1607 3519 1676 3573 de
1706 3525 1799 3572 tua
1825 3518 2159 3582 reverentia,

561 3620 634 3674 ob
665 3633 788 3689 quae
824 3630 932 3670 non
969 3613 1233 3670 mediocri
1293 3627 1446 3667 eram
1512 3611 1701 3666 dolore
1735 3610 1966 3665 allectus
2001 3629 2015 3665 :
2066 3611 2162 3665 sed

564 3717 684 3766 haec
699 3707 969 3764 discussit
997 3708 1310 3762 veneranda
1342 3714 1435 3758 tua
1453 3703 1706 3774 epistola.
1724 3701 1962 3757 Admisit
1989 3701 2160 3767 enim,

564 3804 740 3859 audeo
795 3800 1015 3867 dicere,
1067 3798 1448 3870 pteuitentiam
1512 3803 1667 3850 tuam
1729 3795 2036 3860 Dominus,
2095 3808 2163 3849 ac

565 3892 1003 3952 satisfactionem
1036 3905 1138 3961 pro
1167 3889 1487 3946 reversione
1517 3888 1572 3944 in
1603 3888 1999 3944 monasterium
2033 3905 2048 3941 :
2081 3896 2163 3942 et-

565 3987 610 4040 si
669 3994 801 4044 tunc
822 3984 977 4056 justa
1035 3997 1147 4038 non
1211 3980 1341 4049 fuit,
1373 3996 1500 4037 cum
1539 3983 1972 4052 persecutionem
2000 3978 2163 4036 Chri-

564 4093 685 4136 stus
713 4087 1014 4150 pateretur.
1064 4075 1225 4132 Nunc
1245 4090 1378 4131 vero
1412 4089 1538 4130 cum
1569 4073 1878 4144 persecutio
1899 4072 2156 4136 cessavit,

566 4171 905 4245 quidj'ugam
952 4169 1260 4236 meditaris,
1314 4183 1382 4224 ac
1415 4183 1523 4248 non
1596 4177 1873 4224 certamen
1931 4167 2163 4238 potius?

571 4267 656 4322 Ea:
679 4282 761 4322 me
785 4305 802 4332 ,
836 4264 1055 4336 inquit,
1087 4263 1330 4318 videbitis
1353 4304 1370 4329 ,
1407 4271 1564 4332 atque
1614 4263 1693 4316 ita
1741 4260 1904 4331 facite
1933 4262 2003 4318 ⁹¹.
2045 4261 2164 4316 Hoc

571 4372 625 4416 te
661 4358 902 4430 oportuit
937 4357 1222 4427 discipulis
1271 4355 1494 4418 dicere,
1544 4368 1670 4408 cum
1732 4353 2162 4408 sollicitarentur

570 4453 796 4508 domum
828 4459 890 4504 ut
927 4449 1191 4514 redirent,
1223 4463 1333 4501 non
1369 4447 1767 4516 obtemperare,
1800 4454 1855 4500 et
1901 4459 2162 4500 succum-

575 4543 737 4600 bendi
762 4541 1074 4611 exemplum
1102 4539 1213 4596 ﬁeri
1243 4558 1256 4592 :
1292 4548 1348 4596 et
1381 4540 1499 4596 haec
1535 4539 1756 4609 quidem
1789 4549 1906 4608 post
1925 4536 2158 4606 lapsum.

573 4638 654 4689 An
691 4634 874 4690 nescis
915 4633 1186 4704 abnegato
1220 4631 1443 4688 Christo
1476 4630 1646 4687 luisse
1693 4633 1788 4685 tibi
1815 4631 2162 4685 communio-

575 4742 698 4782 nem
729 4741 853 4780 cum
887 4726 956 4781 iis
973 4726 1068 4796 qui
1103 4725 1270 4796 impio
1301 4740 1488 4780 errore
1531 4724 1753 4780 abducti
1777 4721 2164 4780 sunt?Deinde

573 4829 862 4888 postquam
921 4792 1304 4888 ptenitentiam
1374 4816 1592 4872 subiisti
1625 4831 1721 4886 per
1786 4815 2158 4872 secessionem
2193 4792 2238 4848 D

574 4911 701 4978 (hoc
730 4909 880 4966 enim
933 4910 1272 4979 pteuitcntiae
1323 4917 1493 4980 caput
1522 4907 1645 4972 fuit,
1692 4908 1811 4964 siue
1875 4922 1987 4978 quo
2013 4908 2160 4962 nulla

573 5004 776 5060 delicto
804 5006 964 5061 venia
1001 5003 1186 5076 foret),
1235 5004 1369 5076 quid
1404 5021 1624 5061 rursum
1656 5004 1725 5060 ad
1769 5003 1963 5057 vitium
1995 5001 2162 5058 delle-

573 5098 740 5156 xisti?
767 5095 1018 5169 Ignosce,
1045 5097 1205 5154 Pater
1245 5117 1260 5155 :
1297 5115 1423 5168 cum
1469 5098 1764 5154 tradideris
1806 5098 2036 5167 teipsum
2075 5097 2162 5150 ul-

577 5203 663 5248 tro
693 5191 992 5248 humilitati
1031 5207 1187 5257 meae,
1225 5206 1396 5262 cogor
1437 5202 1699 5262 tanquam
1734 5207 1798 5247 ex
1827 5189 2048 5246 Domini
2071 5206 2165 5244 ore

574 5284 672 5340 tibi
703 5283 1085 5340 convenientia
1115 5283 1287 5355 loqui.
1344 5283 1488 5350 Quin
1547 5285 1855 5347 universos,
1904 5293 1966 5339 ut
2013 5284 2168 5339 simi-

577 5376 702 5453 liter
726 5375 1068 5432 vexationem
1125 5384 1308 5430 tecum
1367 5376 1686 5441 tolerarent,
1723 5376 2114 5431 commonuisti
2148 5376 2171 5429 ?

578 5480 674 5526 aut
692 5468 740 5526 si
776 5467 999 5535 nollent,
1035 5467 1169 5538 quin
1193 5467 1478 5533 dimisisti,
1511 5478 1572 5522 ut
1605 5483 1798 5524 osores
1837 5469 2066 5534 Christi,
2112 5475 2170 5522 ut

578 5562 762 5616 carnis
819 5569 1121 5624 amatores,
1160 5566 1222 5616 ut
1258 5558 1714 5627 inobsequentes,
1752 5572 1861 5612 non
1890 5567 2072 5612 autem
2106 5556 2168 5609 ii-

581 5653 728 5708 lios?
781 5653 922 5721 Quin
957 5655 1037 5710 vel
1090 5655 1358 5709 minorem
1395 5651 1621 5707 ell'ccisti
1687 5651 1924 5717 cladem,
1957 5649 2162 5706 ctsuh-

678 5795 719 5823 ’θ
758 5790 946 5846 Matth.
990 5808 1068 5857 τι,
1113 5794 1205 5850 26.
1284 5791 1537 5846 “’Judic.
1591 5804 1686 5858 \‘lt,
1731 5789 1817 5845 ιε.

2337 3521 2451 3575 οὑκ
2479 3521 2635 3590 ὀλίγα
2665 3520 2736 3576 τὰ
2757 3519 3095 3576 ἀκουσθέντα
3124 3538 3215 3591 μοι
3247 3525 3382 3590 περὶ
3401 3521 3506 3592 τῆς
3527 3526 3851 3595 τιμιότητός

2264 3629 2384 3674 σου.
2417 3613 2454 3667 ἃ
2483 3615 2578 3667 καὶ
2603 3613 2793 3667 ἐλύπει
2818 3631 2885 3684 με
2913 3614 2976 3666 οὑ
3005 3612 3267 3684 μετρίως⁵
3289 3614 3446 3684 ὅμως
3464 3618 3548 3669 ὅτι
3573 3619 3851 3673 ἀπεσκευ-

2265 3704 2514 3776 άσθησαν
2541 3705 2631 3759 διὰ
2665 3705 2763 3758 τοῦ
2789 3704 2975 3775 τιμίου
3001 3721 3097 3758 σου
3135 3705 3489 3776 γράμματος.
3513 3708 3628 3761 Καί
3665 3725 3732 3776 γε
3767 3709 3852 3762 δέ·

2259 3797 2450 3851 δεκταί
2478 3813 2596 3860 σου,
2633 3795 2822 3866 τολμῶ
2851 3796 3052 3866 λέγειν,
3086 3799 3116 3852 ό
3153 3797 3359 3870 Κύριος
3388 3800 3488 3870 τὴν
3535 3803 3850 3870 μετάνοιαν.

2263 3891 2358 3944 καὶ
2378 3890 2477 3961 τὴν
2503 3889 2802 3958 ἀπολογίαν
2820 3892 2918 3960 τῆς
2939 3893 2998 3944 ἐν
3013 3889 3094 3958 τῷ
3113 3892 3468 3962 μοναστηρίῳ
3487 3893 3856 3964 ἀνθυποστρη-

2261 3985 2390 4054 φῆς·
2435 3985 2485 4036 ei
2517 3986 2612 4036 καὶ
2657 3983 2757 4035 οὑκ
2788 3983 2980 4036 ἀστεία
3013 3983 3318 4054 τηνικαῦτα
3351 3979 3447 4056 ἦν,
3489 3987 3582 4039 ὅτε
3615 3988 3851 4059 Χριστὸς

2261 4073 2540 4129 ἐδιώκετο.
2579 4075 2742 4145 Ἀρτι
2781 4075 2839 4128 δὲ
2879 4074 3022 4129 ἐπὰν
3065 4074 3352 4145 ἐλώφησεν
3395 4079 3425 4129 ό
3461 4077 3730 4149 διωγμὸς,
3767 4079 3850 4141 τίς

2259 4169 2424 4237 λόγος
2455 4168 2825 4239 ὑποστροφῆς,
2858 4170 2954 4222 καὶ
2975 4169 3100 4241 οὐχὶ
3137 4168 3340 4240 μᾶλλον
3371 4170 3693 4243 ἁθλήσεωςς
3736 4172 3848 4226 Ἀπ’

2260 4263 2431 4334 ἐμοῦ,
2463 4265 2648 4334 φησὶν,
2677 4263 2928 4332 ὄψεσθε,
2961 4264 3063 4318 καί
3103 4264 3296 4331 οὕτως
3329 4265 3648 4331 ποιήσατε.
3683 4267 3849 4320 Τοῦτό

2262 4373 2323 4408 σε
2363 4355 2479 4410 ’ἔδει
2524 4355 2864 4424 φθέγξασθαι
2920 4358 3033 4420 τοῖς
3083 4360 3371 4426 φοιτηταῖς
3424 4359 3848 4431 ὲκκαλουμὲνοις

2262 4451 2402 4503 οἴκοι
2443 4449 2856 4518 ὲπαναδραμεῖν
2881 4466 2894 4479 ο
2925 4450 3026 4520 οὑχ
3077 4449 3390 4503 ὑπακοῦσαι
3411 4489 3426 4514 ,
3464 4450 3563 4503 καὶ
3597 4453 3847 4518 γενέσθαι

2264 4541 2617 4596 ὑποτύπωσιν
2652 4540 2847 4609 ἥττης·
2891 4540 2983 4594 καὶ
3013 4539 3187 4594 ταῦτα
3224 4541 3364 4612 μετὰ
3393 4542 3494 4611 τὴν
3532 4543 3782 4596 πτῶσινο
3815 4543 3844 4613 ἧ

2263 4637 2366 4690 οὑκ
2401 4632 2560 4689 οἶσθα
2594 4636 2680 4689 ὅτι
2713 4634 2802 4689 ἐπ’
2854 4635 3082 4706 ἀρνήσει
3125 4633 3368 4705 Χριστοῦ
3405 4631 3475 4704 ἦν
3515 4638 3550 4706 ἡ
3600 4637 3848 4689 κοινωνία

2267 4725 2352 4780 σοί
2385 4742 2444 4779 τε
2483 4727 2721 4788 καὶτοῖς
2754 4723 3182 4795 συναπαχθείσιν
3219 4723 3440 4790 ἁθέως;
3481 4721 3619 4779 Εἶτα
3661 4727 3848 4797 ’ἐπειδὴ

2266 4820 2410 4873 εἵλου
2440 4818 2730 4889 μετάνοιαν
2751 4815 2844 4870 διὰ
2868 4818 2968 4886 τῆς
2987 4817 3420 4888 ὑποχωρήσεως
3460 4817 3624 4872 τοῦτο
3663 4819 3774 4891 γὰρ
3793 4819 3850 4870 τὸ

2267 4911 2564 4980 κεφάλαιον
2583 4909 2686 4979 τῆς
2715 4908 3029 4979 μετανοίας,
3063 4909 3158 4961 καὶ
3179 4903 3249 4979 ἦς
3277 4907 3406 4962 ἄνευ
3435 4910 3850 4981 ἀμεταμέλητος

2268 5005 2302 5071 ὴ
2335 5001 2566 5064 πτῶσις-ο
2607 5000 2660 5054 τί
2702 4998 2868 5054 πάλιν
2893 5000 2987 5051 ἐπὶ
3030 4998 3091 5052 τὺ
3123 4999 3448 5070 πλημμελὲς
3491 5002 3846 5072 ἁνέκαμψιςς

2268 5094 2576 5164 Σύγγνωθι,
2605 5093 2812 5164 Πάτερ·
2847 5091 3238 5164 ἀναγκάζομαι
3257 5094 3547 5157 ἐπιδόντος
3579 5111 3672 5148 σου
3701 5111 3849 5148 σεαυ-

2270 5190 2361 5242 τὸν
2391 5190 2458 5258 τῇ
2485 5184 2817 5240 ταπεινώσει
2859 5201 2983 5256 μου,
3019 5185 3200 5254 λέγειν
3227 5201 3310 5238 σοι
3347 5185 3425 5248 ὡς
3449 5185 3558 5238 ἀπὸ
3591 5187 3847 5257 στόματος

2268 5279 2477 5349 Κυρίου
2514 5277 2598 5332 si.
2613 5278 2981 5349 προσήκοντα.
3016 5277 3082 5330 Τί
3119 5279 3180 5330 οὑ
3221 5279 3434 5341 πάντας
3468 5280 3502 5349 ἢ
3533 5281 3848 5350 ὁμοτρόπως

2270 5370 2661 5425 συνδιώκεσθαί
2697 5387 2780 5423 σοι
2827 5370 3259 5441 νενουθέτηκαςο
3298 5372 3333 5441 ἢ
3377 5372 3452 5444 μὴ
3497 5372 3848 5443 βουλομένους

2266 5462 2458 5526 εἴασας
2488 5462 2564 5526 ὡς
2597 5461 2986 5533 μισοχρίστους
3007 5503 3022 5526 ,
3049 5462 3128 5526 ὡς
3164 5464 3570 5532 φιλοσὰρκους,
3604 5465 3680 5526 ὡς
3701 5471 3852 5532 ἀπει-

2265 5556 2401 5621 θεῖς,
2432 5555 2546 5608 ἀλλ’
2571 5556 2671 5626 οὑχ
2707 5554 2893 5619 υίούςς
2923 5554 3046 5609 Κᾶν
3083 5555 3260 5627 τούτῳ
3288 5558 3385 5610 καὶ
3412 5559 3514 5629 τὴν
3557 5555 3724 5632 ἧτταν
3758 5559 3848 5610 ἀν-

2266 5646 2511 5702 εκαλὲσω
2552 5645 2757 5713 καλῶς,
2783 5645 2876 5698 καὶ
2899 5646 3016 5708 τοῖς
3042 5644 3148 5698 ὑπὸ
3172 5648 3329 5718 χεῖρα
3351 5647 3543 5715 ἐγένου
3573 5651 3854 5719 ὑπογραμ-
