4060 6374
280 257 414 324 1337

1463 249 2002 326 EPISTULARUM
2060 249 2218 310 LIB.
2255 246 2341 309 II.

3403 243 3542 310 1338

279 321 675 439 ube‘xpnasbs,
702 365 800 420 καὶ
836 367 902 437 τῇ
946 364 1246 438 Ἐκκλησία
1285 363 1528 438 Χριστοῦ
1557 361 1748 434 ὤφθης
1774 363 1854 415 οἰ-

1969 359 2087 415 litis
2119 357 2300 414 fact-us
2331 372 2394 414 es
2425 355 2741 427 exemplum
2798 321 3093 426 optimum,
3127 361 3184 412 et
3241 353 3542 410 Eeclesiam

276 461 504 533 κοδομὴ,
532 461 652 514 ἀντὶ
673 457 1026 522 καταλύσεως
1057 458 1344 530 προτέρας.

349 635 538 700 Οὕτως
569 634 864 706 εἰργάσατο
885 636 913 690 ό
952 632 1368 702 θεοφιλέστατος
1407 629 1636 702 ἁδελφὸς
1669 632 1871 704 huiva

277 731 375 786 καὶ
399 729 696 800 ἡγούμενος
759 727 853 782 τοῦ
913 725 1216 797 Μηδικίου·
1271 724 1446 790 οὕτως
1487 726 1515 778 ὁ
1548 723 1853 793 ἀγιώτατος

279 821 473 890 Πατὴρ
531 818 688 890 ἡμῶν
742 819 842 888 τῆς
881 817 1238 882 Λαοδικείας·
1302 819 1426 872 ἐπεὶ
1497 819 1594 873 καὶ
1647 820 1850 890 ἕτεροι.

276 915 434 966 Δυοῖν
458 911 715 980 θάτερον’
743 911 795 964 εἰ
821 903 970 966 οὗτοι
999 910 1245 981 ὲνόμως,
1285 911 1452 974 αὐτὸς
1473 911 1714 982 ἀνόμως,
1761 911 1856 966 καὶ

275 1003 333 1057 si
369 1003 452 1068 τίς
499 1020 580 1058 σοι
623 1001 824 1072 ὁμοίως
859 1001 1142 1073 δέδρακεν.
1213 1003 1358 1057 Ἀλλ’
1406 1004 1517 1058 εἰσί
1561 1021 1732 1071 τινες,
1779 1005 1858 1069 ὡς

280 1094 565 1166 μανθάνω,
597 1095 696 1164 τῆς
743 1095 1224 1166 συμπτωματικῆς
1275 1097 1625 1167 συστοιχίας·
1671 1093 1748 1152 ὧν
1789 1098 1858 1153 τὰ

275 1185 525 1256 ὀνόματα
549 1183 692 1237 ἑκὼν
723 1184 1136 1256 ὑπερϐήσομαι·
1159 1186 1210 1239 οἳ
1233 1186 1485 1250 λέγουσιν
1518 1188 1658 1260 ὑπὲρ
1685 1190 1857 1260 αὐτῆς

279 1277 406 1348 μηδ’
439 1275 620 1330 ὁτιοῦν
646 1279 955 1346 μετανοεῖν,
977 1277 1100 1347 μηδ’
1129 1273 1198 1332 αὖ
1227 1277 1286 1332 ἓν
1317 1280 1738 1351 συγχωρητικδν
1761 1281 1858 1336 καὶ

279 1369 442 1442 μόνον
471 1369 730 1436 ἐξαιτεῖν,
761 1371 853 1425 καὶ
905 1371 1088 1434 καλῶς
1123 1373 1517 1443 πεποιηκέναι·
1551 1373 1608 1440 ἐξ
1658 1368 1721 1428 οὗ
1766 1375 1859 1428 καὶ

275 1464 326 1516 oi
352 1463 591 1531 ἀδελφοὶ,
624 1462 783 1531 φασὶ,
829 1462 1117 1526 σέσωνται,
1159 1467 1256 1520 καὶ
1295 1466 1346 1520 οἰ
1394 1466 1515 1520 ναοὶ
1553 1466 1856 1523 άσίναντοι.

280 1555 346 1606 Ὢ
397 1554 502 1622 τῆς
566 1551 916 1623 πωρώσεωςί
955 1553 1002 1607 ὣ
1063 1553 1166 1625 τῆς
1219 1555 1556 1626 θεομαχίαςί
1620 1557 1859 1628 Χριστὸς

276 1647 503 1718 ἡρνητο,
545 1645 918 1716 ἁθετουμὲνης
956 1645 1058 1716 τῆς
1112 1645 1274 1714 ἁγίας
1315 1647 1484 1701 αὑτοῦ
1527 1648 1772 1712 εἰκόνος·
1821 1649 1856 1721 ἠ

1955 449 2157 506 Christi
2186 448 2458 506 aediﬁcare
2511 448 2667 506 visus
2723 462 2785 504 es
2819 487 2837 516 ,
2866 446 2988 502 loco
3045 445 3219 500 ruinae
3259 452 3423 502 antea
3473 445 3542 500 il-

1953 543 2079 600 lata:
2101 543 2126 597 Υ

2028 631 2121 687 Sic
2156 631 2266 703 egit
2301 632 2414 687 Deo
2455 630 2828 690 amicissimus
2853 629 3030 688 «frater
3073 641 3283 696 noster,
3305 641 3365 688 et
3400 633 3543 688 idem

1956 723 2171 781 Medicii
2203 725 2531 796 praepositus
2565 743 2580 780 :
2616 725 2699 781 sic
2745 727 3133 782 sanctissimus
3167 727 3330 781 Pater
3357 737 3546 782 noster

1956 816 2314 874 Laodicensis
2343 835 2358 873 :
2393 818 2590 874 deinde
2617 826 2672 873 et
2699 819 2813 873 alii.
2845 817 3081 873 Necesse
3112 828 3198 874 est
3215 819 3544 876 alterutrum

1955 909 2030 966 sit
2063 925 2096 965 e
2143 911 2358 967 duobus
2391 928 2406 965 :
2443 912 2496 966 bi
2534 911 2580 966 si
2621 926 2689 966 ex
2719 912 2854 982 legis
2891 912 3206 981 prazscripto
3229 912 3448 978 fecere;
3486 923 3546 968 ιιι

1956 1009 2151 1070 praeter
2185 1001 2380 1073 legem,
2412 1011 2467 1058 et
2508 1003 2762 1074 quisquis
2819 1013 3000 1058 tecum
3048 1005 3202 1076 paria
3253 1005 3404 1062 fecit.
3438 1005 3547 1061 Sed

1953 1093 2202 1147 nonnulli
2245 1101 2394 1160 sunt,
2428 1103 2490 1150 ιιι
2517 1095 2705 1162 audio,
2736 1110 2972 1165 quorum
3027 1098 3222 1150 similis
3255 1098 3444 1166 lapsus
3465 1109 3548 1154 at-

1953 1199 2070 1256 que
2097 1185 2329 1242 offensio
2361 1196 2467 1253 est,
2491 1203 2724 1256 quorum
2770 1188 2992 1242 nomina
3022 1189 3196 1244 libens
3221 1192 3548 1258 praetermit-

1957 1286 2096 1343 tam,
2137 1278 2229 1349 qui
2259 1293 2362 1348 pro
2391 1294 2459 1336 eo
2490 1280 2643 1350 lapsu
2674 1295 2835 1350 agere
2878 1281 3254 1349 paenitentiam
3285 1293 3545 1346 renuunt.

1953 1381 2054 1426 aut
2105 1385 2271 1442 porro
2316 1371 2530 1426 veniam
2583 1371 2908 1442 postulare:
2946 1387 3114 1442 seque
3164 1384 3311 1430 recte
3367 1376 3548 1447 egisse

1953 1464 2198 1519 dicunt:
2240 1478 2309 1518 ex
2340 1479 2408 1520 eo
2447 1464 2594 1519 enim
2625 1464 2880 1529 fratrum,
2922 1463 3195 1534 inquiunt,
3227 1468 3388 1522 saluti
3423 1484 3550 1538 pro-

1955 1562 2233 1624 spectum,
2275 1568 2342 1609 ac
2383 1554 2709 1620 templorum
2766 1552 3155 1609 incolumitati.
3212 1552 3256 1610 Ο
3289 1555 3547 1609 duritiem

1955 1644 2182 1700 cordis!
2217 1659 2250 1699 ο
2283 1643 2376 1699 Dei
2403 1645 2620 1699 odium!
2653 1642 2895 1715 Negatus
2950 1654 3033 1701 est
3081 1645 3333 1701 Christus
3369 1655 3549 1716 spreta

276 1737 566 1800 Θεοτόκος,
594 1735 849 1790 ὁστισοῦν
885 1737 998 1791 τῶν
1042 1739 1243 1806 ἁγίων·
1289 1740 1359 1794 δι’
1410 1735 1488 1795 ὧν
1527 1742 1622 1795 καὶ
1661 1743 1853 1813 ἀρχιε-

1969 1736 2309 1792 sanctissima
2365 1736 2538 1806 ipsius
2590 1735 2828 1806 imagine
2859 1754 2876 1792 :
2910 1748 3102 1804 negata
3148 1736 3395 1806 Deipura,
3429 1746 3484 1792 et
3521 1752 3552 1792 e

282 1832 412 1902 ρεὺς
474 1830 752 1895 δεδίωκτο,
796 1831 893 1884 καὶ
956 1831 1252 1888 ἐπίσκοποι
1305 1834 1714 1907 περιορίζοντο,
1761 1835 1860 1890 καὶ

281 1921 579 1994 ἡγούμενοι
625 1922 1120 2002 ταυτοπαθοῦντες,
1156 1927 1382 1997 μοναχοὶ
1443 1929 1539 1981 καὶ⁸
1592 1927 1860 2000 μονάζου-

283 2032 396 2080 σαι,
466 2014 672 2078 λαῖκοί,
726 2013 1040 2080 λαϊζουσαι·
1085 2019 1134 2071 οἰ
1185 2019 1282 2091 μὲν
1324 2021 1676 2092 τυπτόμενοι,
1717 2023 1768 2075 οἰ
1803 2021 1861 2076 δὲ

280 2107 680 2180 φρουρούμενοι
714 2123 731 2139 ·
827 2109 978 2164 ἄλλοι
1073 2112 1557 2187 λιμοκτονούμενοι
1594 2158 1611 2184 ,
1681 2117 1862 2188 ἕτεροι

281 2197 552 2269 ξεόμενοι·
587 2197 740 2252 ἄλλοι
770 2197 1247 2273 θαλαττευόμενοι,
1297 2204 1478 2278 ἕτεροι
1520 2205 1860 2279 θανατούμε-

277 2305 364 2342 νοι
387 2304 403 2320 ·
456 2287 608 2343 ἄλλοι
666 2289 1142 2360 κρυπταζόμενοι,
1180 2293 1364 2366 ἕτεροι
1401 2297 1858 2367 δραπετεύοντες.

277 2385 518 2458 Πλήρεις
547 2384 606 2438 αἰ
636 2383 871 2455 ὲρημίαι
913 2387 1105 2442 καὶτά
1134 2389 1376 2460 σπήλαια
1395 2405 1410 2420 ·
1448 2390 1636 2462 πλήρη
1670 2393 1741 2444 τὰ
1758 2392 1860 2462 ὅρη

280 2481 380 2534 καὶ
415 2479 474 2532 αἰ
493 2478 698 2534 νάπαι·
749 2481 954 2550 σάρκες
995 2482 1354 2552 κοπτόμεναι,
1391 2483 1603 2554 αἵματα
1645 2484 1858 2556 ῥέοντα,

281 2571 316 2640 ή
348 2570 475 2623 καθ’
512 2572 660 2642 ἡμᾶς
689 2571 990 2642 οἰκουμένη
1030 2573 1449 2644 κωδωνιζομὲνη
1475 2575 1556 2646 τῷ
1599 2573 1858 2646 διωγμῷ·

281 2663 487 2732 πᾶσαὴ
522 2663 618 2716 ὑπ’
677 2664 910 2735 οὐρανὸν
953 2663 1030 2727 ὡς
1074 2664 1249 2717 εἰπεῖν
1301 2663 1719 2736 στοναχίζουσα,
1767 2665 1863 2719 καὶ¹

283 2755 726 2814 κατακλαίουσα·
765 2755 861 2809 καὶ
907 2755 1004 2820 σὺ,
1045 2749 1092 2809 ὧ
1151 2755 1456 2827 τρισάθλιε,
1497 2756 1758 2821 ἑαλωκὼς
1794 2757 1861 2830 τῇ

281 2845 618 2920 ψυχοφθόρῳ
643 2847 924 2917 κοινωνίᾳ,
973 2847 1070 2902 καὶ
1100 2846 1278 2918 μένων
1306 2850 1388 2912 εἰς
1439 2849 1500 2900 τὸ
1535 2849 1696 2920 όλετή
1709 2866 1822 2920 ριον
1846 2865 1860 2880 ·

285 2939 376 2991 ἐπ’
406 2936 472 2991 ἂν
500 2937 703 3002 οὕτως·
738 2938 854 2994 ἀλλ’
883 2938 946 2992 οὐ
975 2942 1364 3010 μοναστήριον·
1393 2939 1575 3008 λέγεις
1595 2937 1659 2994 εὖ
1683 2939 1862 3010 ἔχειν·

1961 1829 2166 1882 sanctis
2220 1827 2500 1898 quilibet:
2538 1836 2764 1898 propter
2817 1844 2957 1896 quos
3006 1838 3062 1884 et
3107 1831 3552 1899 archiepiscopus

1961 1925 2188 1970 vexatus
2219 1927 2322 1981 est,
2348 1924 2404 1970 et
2429 1915 2604 1986 fugati
2633 1920 2692 1970 in
2723 1919 2978 1972 exsilium
3025 1919 3288 1988 episcOpi,
3317 1929 3372 1974 et
3409 1930 3552 1990 prim

1957 2006 2128 2076 .positi
2145 2006 2292 2060 idem
2326 2009 2597 2078 perpessi,
2631 2011 2889 2064 monachi
2919 2026 2984 2066 ac
3010 2013 3298 2078 moniales,
3336 2028 3368 2068 e
3397 2014 3552 2070 laicis

1953 2099 2063 2153 viri
2107 2113 2173 2154 ac
2220 2097 2484 2153 feminae:
2519 2099 2612 2154 alii
2660 2102 2956 2169 verberati,
3004 2105 3095 2158 alii
3137 2105 3191 2158 in
3247 2105 3550 2160 custodiam

1955 2190 2141 2257 missi,
2174 2191 2264 2244 alii
2302 2190 2445 2246 fame
2473 2192 2677 2258 enecti,
2710 2193 2801 2248 alii
2831 2195 3136 2264 dilacerati,
3167 2197 3257 2251 alii
3291 2198 3344 2251 in
3377 2211 3528 2252 mare

1955 2281 2142 2354 eiecti,
2171 2283 2263 2338 alii
2290 2292 2464 2338 morte
2497 2286 2734 2347 multati,
2763 2286 3152 2343 deliteSeentes
3175 2289 3288 2352 alii,
3323 2289 3418 2343 alii
3457 2305 3553 2345 ea-

1953 2385 2244 2445 ~pessentes
2274 2375 2487 2446 fugam.
2539 2376 2724 2433 Plena:
2775 2391 2904 2434 sunt
2957 2381 3282 2437 solitudines
3311 2398 3376 2436 ac
3428 2398 3554 2454 spe-

1953 2468 2140 2524 luncae
2170 2487 2184 2524 :
2217 2469 2360 2538 pleni
2421 2479 2636 2525 montes
2681 2486 2744 2526 ac
2794 2473 2966 2528 saltus
3003 2491 3018 2530 :
3054 2489 3249 2529 carnes
3314 2477 3555 2530 concisa;

1959 2570 2114 2626 sunt,
2149 2563 2368 2632 profluit
2427 2565 2674 2634 sanguis,
2715 2578 2902 2620 n05tra
2941 2567 3089 2635 regio
3151 2568 3559 2634 persecutionis

1966 2654 2206 2728 tumultu
2257 2664 2538 2726 personat,
2596 2656 2748 2712 orbis
2811 2665 3084 2712 terrarum
3151 2660 3556 2728 propemodum

1963 2745 2255 2800 universus
2306 2746 2618 2816 iugemiscit
2663 2761 2728 2802 ac
2776 2746 2966 2818 luget:
2999 2757 3055 2802 et
3089 2755 3168 2813 tu,
3229 2751 3558 2817 miserrime,

1969 2850 2094 2890 cum
2121 2845 2175 2890 te
2205 2836 2441 2892 exitialis
2498 2839 2816 2894 communio
2859 2849 3135 2908 captivum
3185 2850 3388 2904 teneat,
3445 2858 3564 2896 ma-

1963 2943 2210 3000 neasque
2233 2929 2286 2982 in
2319 2928 2576 2999 pestifero
2622 2925 2786 2998 loco;
2821 2947 2943 2985 nam
2977 2931 3056 2987 sic
3085 2942 3189 2998 est,
3219 2949 3324 2987 non
3359 2935 3411 2988 in
3446 2949 3566 2988 mo-

288 3031 387 3085 καὶ
415 3031 646 3102 ἑγγελᾷς
680 3030 984 3095 Ἰουδαϊκῶς
1029 3033 1159 3095 τοὺς
1195 3033 1628 3104 Χριστοφόρους,
1665 3034 1864 3104 μᾶλλον

1969 3021 2212 3076 nasterio
2241 3038 2258 3087 ;
2298 3021 2380 3077 ais
2410 3031 2460 3076 te
2488 3031 2634 3076 recte
2657 3023 2858 3077 habere
2895 3039 2908 3074 :
2944 3039 3008 3078 ac
3036 3023 3348 3078 Judzeorum
3389 3041 3562 3089 more,

285 3123 347 3176 δὲ
376 3122 541 3176 αὑτὸν
570 3122 827 3194 Χριστὸν,
858 3122 998 3194 ὑπὲρ
1034 3114 1098 3176 οῦ
1121 3123 1215 3176 καὶ
1238 3122 1300 3176 τὸ
1323 3103 1580 3194 πάσχειν.
1615 3103 1775 3178 Ποῖον
1803 3125 1864 3180 δὲ

1971 3131 2069 3174 eos
2103 3119 2198 3186 qui
2229 3114 2508 3171 Christum
2537 3126 2753 3187 gestant
2780 3117 2998 3183 irrides,
3032 3118 3144 3173 imo
3167 3119 3446 3174 Christum
3484 3121 3565 3190 ip-

287 3217 386 3270 καί
413 3214 660 3269 διεσώσω
696 3218 848 3281 ναὸν,
887 3215 983 3270 τὸν
1015 3215 1144 3270 ναδν
1164 3214 1260 3269 τοῦ
1288 3215 1428 3270 Θεοῦ
1458 3217 1660 3286 μιάνας
1701 3235 1866 3271 σεαυ-

287 3305 416 3371 τόνς
475 3305 642 3370 Τίνας
683 3305 743 3360 δὲ
798 3306 896 3359 καὶ
932 3306 1200 3378 ἀδελφοὺς
1245 3305 1498 3376 ἐφυλάξω
1523 3323 1539 3340 ·
1583 3307 1868 3380 διεφθορό-

286 3414 392 3461 τας
421 3398 516 3468 τῇ
561 3396 782 3468 ὀλεθρία
820 3414 916 3450 σου
971 3397 1250 3468 κοινωνίᾳ,
1304 3395 1408 3450 κᾶν
1452 3398 1513 3451 ὲν
1573 3397 1866 3470 βρώμασι;

291 3488 594 3542 σκάνδαλον
615 3488 712 3542 τοῦ
747 3489 980 3558 κόσμου,
1036 3489 1344 3560 ὑπόδειγμα
1386 3489 1694 3562 ἀρνήσεως,
1728 3505 1870 3560 προ-

288 3580 472 3650 τροπὴ
507 3579 807 3646 ἀπωλείας,
847 3580 1007 3652 σάρξ,
1040 3579 1156 3633 ἀλλ’
1215 3582 1276 3634 ού
1334 3580 1580 3650 πνεῦμα,
1641 3579 1871 3650 σκοτῆρυ

290 3672 412 3725 ἀλλ’
462 3672 524 3725 οὐ
557 3674 808 3743 φωοτήρ.
852 3671 1042 3725 Ταῦτα
1070 3672 1208 3743 αὐτὴ
1259 3673 1292 3742 ἡ
1325 3671 1552 3743 ἀλήθεια
1607 3672 1707 3744 βοᾷ
1737 3672 1876 3742 πρὸς

288 3767 425 3828 τοὺς
452 3762 626 3828 οὕτως
676 3764 1008 3828 ἀσεϐοῦντας
1034 3780 1049 3794 ·
1087 3763 1181 3828 οὓς
1230 3767 1278 3817 εἰ
1315 3764 1390 3836 μή
1448 3765 1875 3835 μετανοήσουσιν

287 3856 571 3926 ἐπιλέγειν
599 3856 773 3921 οὕτως
805 3857 961 3920 ἄθεα,
985 3857 1046 3910 οὐ
1081 3858 1446 3928 Χριστιανοὺς
1475 3857 1731 3930 ἡγητέον.
1777 3849 1784 3854 ’

371 4035 656 4098 Ἤκουσας
705 4035 768 4089 τὸ
827 4037 1026 4106 κρῖμα,
1079 4034 1306 4104 Πάτερ·
1360 4034 1694 4105 ἡμάρτηκας
1743 4032 1877 4086 ὕπο-

295 4127 542 4200 στρέψας
581 4129 676 4183 καὶ
706 4127 991 4199 ὴθετηκὼς
1013 4127 1117 4200 τὴν
1147 4129 1463 4198 ὑπόσχεσιν.
1495 4127 1647 4198 Πλήν
1675 4129 1702 4180 ὁ
1737 4127 1878 4194 ἀγα-

293 4223 389 4286 θὸς
417 4221 552 4286 Θεὸς
607 4223 956 4291 συγχωρήσει
998 4238 1102 4275 σοι.
1140 4221 1341 4275 Μεῖνον
1389 4216 1484 4274 οὖν
1513 4221 1638 4291 ἄρτι
1691 4221 1748 4271 ὲν
1797 4218 1880 4291 τῷ

299 4313 680 4387 μοναστηρίῳ,
717 4314 805 4367 ἐπ’
836 4315 904 4367 ἂν
937 4312 1206 4385 μετῆλθεν
1241 4313 1416 4377 ἄλλως
1440 4314 1510 4368 τὰ
1531 4314 1838 4384 πράγματα
1862 4329 1876 4346 ·

294 4407 560 4477 ἐχόμενος
586 4405 684 4460 τοῦ
701 4405 999 4476 ὁμολογοῦν
1029 4407 1192 4459 παντὶ
1214 4405 1310 4459 ἀνθ
1321 4403 1488 4477 ρώπῳ
1513 4406 1576 4459 τὸ
1601 4407 1876 4476 ἥμαρτον·

295 4499 377 4563 ὡς
407 4498 473 4553 ἂν
505 4499 534 4551 ὁ
593 4497 729 4562 Θεὸς
787 4497 1158 4570 εὐμενισθείη,
1200 4498 1298 4552 καὶ
1331 4497 1584 4570 άναγάγῃ
1615 4514 1674 4550 σε
1708 4500 1788 4557 εἰς
1819 4497 1881 4550 τὸ

296 4592 574 4663 πρότερον
611 4591 758 4661 φῶς,
799 4593 890 4645 ὅτε
930 4591 1092 4662 ηῦγει
1125 4593 1155 4644 ὁ
1185 4589 1379 4661 λύχνος
1437 4589 1540 4660 τῆς
1597 4589 1883 4654 πολιτείας

298 4697 433 4734 σου·
458 4681 548 4734 ὅτε
580 4674 650 4752 ἧς
680 4680 949 4745 σεϐαστὸς
1003 4683 1100 4734 καὶ
1131 4679 1446 4751 βασιλεῦσιν
1471 4696 1488 4712 ·
1520 4681 1610 4734 ὅτε
1663 4680 1782 4733 οὐδὲ
1820 4681 1881 4734 τὸ

295 4772 463 4842 τυχὸν
495 4772 779 4845 παροφθὲν
803 4767 873 4843 ἦν
921 4789 1006 4825 σοι
1036 4771 1514 4844 ἀκαταφρόνητον.
1574 4770 1687 4824 Καὶ
1747 4770 1884 4838 πρὸς

296 4866 365 4920 τὸ
391 4863 620 4935 ἑξῆς-ὡς
650 4866 1002 4935 οἰκονομήσει
1030 4861 1238 4937 Κύριος
1272 4863 1342 4918 τὰ
1387 4863 1491 4934 τῆς
1529 4859 1882 4932 Ἐκκλησίας,

295 4957 448 5013 οὕτω
487 4959 582 5012 καὶ
607 4959 920 5030 λαλήσομεν
949 4973 964 4989 ·
1018 4957 1165 5010 οὕτω
1215 4955 1312 5010 καὶ
1359 4953 1889 5025 συναποθανούμεθά

300 5070 388 5107 σοι
430 5052 520 5106 διά
551 5052 650 5123 τὴν
679 5053 904 5123 ἀγάπην
932 5053 990 5105 ὲν
1020 5053 1086 5121 τῇ
1118 5050 1332 5121 ἀγάπῃ.
1396 5048 1714 5119 Προσεύχου
1757 5047 1889 5118 περὶ

297 5145 464 5218 ήμῶν
493 5144 604 5198 τῶν
637 5143 1021 5216 ἁμαρτωλῶν·
1057 5142 1154 5194 καὶ
1208 5140 1284 5212 μὴ
1335 5139 1452 5224 οίου
1499 5137 1890 5209 ὑπεροπτικῶς

298 5241 458 5311 ἡμᾶς
487 5239 738 5309 γράψαι·
777 5238 936 5307 ἴσμεν
965 5237 1075 5308 γὰρ
1111 5237 1338 5298 ἑαυτοὺς
1371 5234 1651 5306 βδέλυγμα
1704 5235 1762 5286 ἐν
1795 5233 1890 5285 ἀν-

299 5334 501 5403 δράσιν
525 5333 726 5397 ὁσίοις·
759 5332 898 5386 ἀλλά
925 5331 1013 5384 διὰ
1045 5328 1108 5383 τὸ
1167 5327 1371 5398 ἀληθὲς
1422 5326 1517 5380 καί
1573 5344 1666 5380 σου
1718 5327 1891 5402 σωτή-

304 5443 445 5498 ριον.
491 5425 552 5478 Εἰ
579 5425 637 5478 δὲ
663 5425 758 5478 καὶ
782 5424 982 5489 ἄλλων,
1010 5424 1038 5476 ὁ
1069 5418 1261 5475 παθὼν
1291 5417 1620 5490 ὁμολογήσοι
1645 5415 1764 5488 Θεῷ
1789 5416 1889 5486 τὴν

303 5521 490 5594 χάριν.

1969 3224 2094 3265 sum
2129 3211 2334 3278 potius,
2369 3209 2528 3278 cujus
2555 3211 2731 3280 gratia
2755 3211 2830 3264 illi
2867 3213 3169 3280 patiuntur.
3200 3214 3372 3278 Quale
3403 3229 3569 3283 porro

1967 3303 2228 3371 templum
2255 3303 2525 3368 servasti;
2568 3317 2693 3356 cum
2731 3305 2990 3374 templum
3046 3304 3138 3360 Dei
3185 3306 3419 3376 teipsum
3467 3307 3570 3361 fua-

1971 3393 2112 3449 dasti
2128 3395 2152 3447 ?
2167 3395 2315 3460 Quos
2333 3409 2461 3449 vero
2481 3394 2676 3450 fratres
2689 3397 3022 3463 custodiisti,
3036 3414 3158 3452 cum
3177 3399 3393 3454 eosdem
3414 3401 3574 3469 pesti-

1969 3487 2086 3542 fera
2141 3500 2233 3543 tua
2291 3489 2704 3554 communione,
2739 3491 2825 3543 vel
2877 3491 2996 3545 solo
3058 3493 3204 3556 cibo,
3257 3496 3573 3562 corruperis

1963 3580 2167 3634 ‘mundi
2223 3581 2568 3646 scandalum,
2605 3581 2931 3638 defectionis
2989 3585 3322 3653 exemplum.
3356 3585 3422 3640 ad
3452 3586 3571 3640 exi—

1969 3671 2114 3726 tium
2143 3671 2480 3727 adhortator
2515 3692 2529 3726 :
2563 3689 2715 3738 caro,
2751 3684 2806 3728 at
2843 3691 2950 3728 nou
2989 3677 3256 3744 spiritus;
3299 3677 3569 3742 teuehrio,

1977 3769 2034 3816 at
2064 3779 2171 3816 non
2205 3762 2320 3817 lux.
2350 3762 2476 3818 Haac
2507 3764 2709 3818 veritas
2739 3763 2853 3833 ipsa
2911 3766 3172 3819 inclamat
3222 3767 3289 3821 ad
3338 3784 3432 3822 eos
3476 3770 3568 3838 qui

1979 3856 2064 3911 sic
2109 3856 2278 3925 impie
2327 3869 2497 3928 agunt
2529 3874 2544 3912 :
2581 3874 2721 3928 quos
2753 3858 2857 3912 nisi
2916 3858 3180 3926 poeniteat
3218 3871 3327 3914 tam
3364 3861 3571 3916 nefaria

1977 3945 2155 4016 loqui,
2189 3961 2300 4000 non
2329 3957 2459 4002 sunt
2481 3949 2516 4002 ii
2538 3947 2841 4004 Christiani
2872 3950 3154 4004 censendi.

2051 4035 2269 4092 Audisti
2311 4037 2601 4107 judicium,
2654 4037 2834 4093 Pater.
2887 4038 3154 4103 Peccasti,
3189 4056 3313 4095 cum
3373 4041 3572 4098 violata

1979 4123 2087 4180 ﬁde
2122 4135 2271 4195 terga
2301 4127 2536 4180 vertisti.
2595 4126 2700 4182 Sed
2741 4129 2956 4182 veniam
3009 4128 3106 4182 tibi
3155 4128 3300 4185 Deus
3331 4141 3571 4200 Optimus

1981 4218 2152 4274 dabit.
2189 4218 2346 4274 Mane
2380 4219 2566 4291 itaque
2598 4237 2742 4276 nunc
2777 4223 2828 4275 in
2858 4225 3214 4287 monasterio,
3251 4227 3431 4295 quoad
3465 4226 3571 4279 alio

1984 4325 2045 4364 se
2083 4310 2302 4380 negotia
2335 4311 2599 4365 verterint
2634 4330 2648 4366 :
2689 4313 2909 4366 assidue
2933 4312 3075 4366 hane
3127 4315 3420 4384 unicuique
3468 4315 3570 4367 ho’-

1985 4401 2121 4455 mini
2173 4401 2538 4457 confessionis
2598 4418 2788 4458 vocem
2853 4405 3156 4467 inculcans,
3210 4404 3434 4460 Peccavi
3469 4421 3482 4459 :
3513 4417 3573 4460 ut

1985 4501 2242 4546 exoretur
2281 4491 2443 4558 Deus,
2469 4504 2796 4564 revocetque
2829 4503 2878 4549 te
2908 4495 2974 4548 ad
3031 4495 3179 4549 illam
3219 4499 3454 4564 priorem
3485 4498 3569 4551 lu-

1988 4597 2131 4648 eem,
2181 4599 2308 4639 cum
2337 4588 2778 4642 conversationis
2817 4593 2922 4642 tua:
2976 4587 3062 4640 fax
3113 4586 3414 4656 effulgeret,
3445 4604 3572 4642 eum

1983 4691 2140 4731 esses
2167 4677 2506 4746 principibus
2565 4678 2698 4748 ipsis
2757 4679 3124 4741 venerandus,
3155 4693 3390 4748 cumque
3439 4681 3572 4734 nihil

1990 4783 2101 4822 non
2161 4769 2439 4840 despectui
2495 4781 2676 4836 esset,
2710 4771 2800 4825 ubi
2847 4780 3023 4824 tecum
3083 4770 3444 4828 conferretur.
3497 4774 3578 4828 Ac

1993 4861 2270 4930 deinceps,
2299 4869 2459 4931 prout
2491 4863 2746 4919 Ecclesia:
2779 4865 2989 4934 negotia
3015 4863 3273 4919 Dominus
3297 4865 3578 4934 dispensa-

1991 4952 2190 5018 ‘bit,sic
2205 4963 2258 5006 et
2284 4954 2594 5024 loquemur,
2619 4954 2698 5010 sic
2726 4963 2781 5010 et
2805 4957 3233 5010 commoriemur
3257 4957 3351 5010 tibi
3375 4967 3577 5012 mutuae

1996 5042 2284 5099 charitatis
2318 5045 2531 5100 olliciis.
2576 5045 2680 5101 Pro
2712 5061 2799 5101 me
2829 5056 3114 5116 peccatore
3151 5064 3339 5118 preces
3367 5047 3572 5104 funde:

1995 5149 2100 5187 nec
2171 5149 2259 5188 me
2317 5135 2596 5192 existimes
2650 5147 2973 5205 arrOganter
3037 5141 3316 5204 scribere;
3374 5143 3576 5197 scimus

1998 5225 2144 5280 enim
2197 5227 2344 5281 inter
2393 5229 2545 5283 viros
2591 5242 2812 5285 sanctos
2852 5247 2974 5286 esse
3009 5249 3110 5288 nos
3154 5235 3578 5292 abominationis

1995 5321 2172 5378 instar
2206 5339 2221 5388 ;
2258 5328 2352 5380 sed
2385 5327 2569 5379 studio
2616 5328 2885 5393 veritatis,
2918 5344 2983 5384 ac
3011 5339 3116 5384 tuae
3144 5331 3333 5385 salutis
3363 5330 3575 5384 deside-

1996 5415 2103 5470 rio.
2159 5415 2314 5482 Quod
2342 5418 2388 5472 si
2419 5418 2533 5472 haec
2576 5429 2630 5472 et
2657 5419 2781 5475 aliis
2833 5422 3086 5490 prosint;
3121 5422 3214 5492 qui
3249 5421 3577 5478 beneﬁcium

1997 5509 2290 5579 acceperit,
2321 5510 2552 5582 gratiam
2590 5511 2638 5566 is
2672 5509 2784 5566 Deo
2813 5512 3031 5568 referat.

1841 5673 2050 5689 ———_
