4060 6374
533 267 538 274 ’
586 305 720 373 ms
1766 311 2258 376 S.THEODOR1
2307 315 2654 376 s'rUDrrte
3678 315 3790 382 tam

583 415 668 469 ΧΩ
701 415 785 488 (⁸).
811 445 884 460 —-
933 415 1154 474 Dilectis
1205 417 1576 488 spiritualibtts
1623 421 1754 490 ﬁliis
1778 432 1830 476 et
1872 423 2157 494 fratribus,
2192 475 2195 485 ,

2295 432 2340 492 ι’.
2369 456 2438 471 -
2476 425 2609 493 Τοῖς
2633 421 3043 496 ἡγτιπημᾶνοις
3064 422 3484 494 πνευματικοῖς
3511 425 3713 495 τέκνοις
3743 449 3790 485 rs

657 461 785 488 ,κν
933 461 1154 474 -..--..-
1205 461 1574 488 -,................
1623 461 1754 490 ,.....
1778 461 1826 476 υ.
1901 461 2135 478 ,κω-ι...
2192 475 2195 485 ,

650 504 958 576 Laurentio,
1003 509 1260 576 Simeoni,
1295 510 1569 582 Dionysio,
1600 461 2087 579 Poemenijbitoio,
2128 467 2182 569 et

2295 461 2340 492 ι·
2370 461 2438 471 ·-
2479 461 2607 493 ενι-ς
2638 461 3036 496 ἰιυινυιμσιυισ.
3064 461 3476 494 σιὀνμκιοηυηι
3514 461 3712 495 sum"?
3745 461 3790 485 η

2345 519 2445 574 καί
2492 517 2799 588 ἀδελφοῖς,
2845 517 3206 587 Λαυρεντίῳ,
3240 513 3496 585 Συμεὼν,
3531 519 3790 588 Διονυσίῳ,
3965 461 3974 588 1

653 601 868 670 reliquis
889 601 989 656 huc
1039 611 1090 656 et
1130 603 1258 656 itluc
1289 603 1562 672 dispersis,
1591 602 1888 660 Theodorus
1933 614 2180 674 peccator

2339 608 2600 679 Ποιμένι,
2629 611 2871 676 Λιτωΐῳ,
2901 610 3000 663 καί
3053 608 3180 677 τοῖς
3206 608 3440 676 λοιποῖς
3458 605 3569 664 ὦδε
3597 611 3792 670 κάκεῖσε

655 697 940 748 ntonarlms
956 696 1012 749 in
1046 693 1270 750 Domino
1299 694 1542 750 salutem.

2336 701 2798 771 διεσπαρμένοις
2815 741 2830 764 ,
2868 700 3168 769 Θεόδωρος
3203 701 3544 772 ἁμαρτωλός
3576 707 3795 776 μοναχὸς

2326 789 2398 843 ἐν
2424 791 2618 860 Κυρίῳ
2642 792 2890 860 χαίρειν.
2915 789 3118 864 [φπγ’.]

951 943 1018 994 Ut
1056 944 1405 1006 persecutione
1444 943 1657 1006 liberati,
1682 952 1735 995 et
1755 947 2410 1062 μειὶἿεΒξιξῖιιιωῗεὲἐ
2422 954 2686 1062 (ﬂio:un
2703 953 2768 1003 de
2799 953 2996 1004 virtutis
3013 953 3178 1004 studio
3216 953 3483 1005 remittant.

1901 1011 2099 1073 (Barou.
2121 1024 2201 1062 an.
2232 1012 2344 1075 821,
2362 1029 2410 1065 n.
2433 1011 2535 1076 ιι.)

663 1135 916 1192 Gaudere
968 1147 1182 1204 semper
1213 1131 1340 1187 licet
1379 1130 1446 1186 iis
1493 1131 1586 1202 qui
1639 1134 1938 1188 secundum
2010 1131 2180 1188 Deam

2357 1137 2587 1209 Χαίρειν
2620 1137 2737 1192 ἐστι
2769 1138 3006 1193 πάντοτε
3033 1140 3149 1204 τοῖς
3190 1139 3335 1193 κατὰ
3367 1139 3499 1194 Θεὸν
3541 1139 3695 1205 ζῶσι·
3721 1145 3802 1199 κᾶν

591 1227 762 1280 vitam
808 1232 1016 1294 agunt:
1051 1226 1216 1280 etiam
1248 1223 1294 1278 si
1325 1223 1380 1278 in
1419 1222 1602 1279 tristia
1647 1233 1702 1278 et
1733 1224 1932 1280 laetitiae
1959 1234 2182 1280 contra-

2295 1229 2396 1294 τοῖς
2429 1230 2528 1301 τῆς
2590 1232 2764 1302 χαρᾶς
2817 1231 3088 1295 ἐναντίοις
3136 1231 3470 1285 ὑποπέσοιεν
3497 1250 3513 1266 ο
3563 1235 3727 1308 ἐπειδὴ
3753 1239 3800 1292 ἓν

595 1318 676 1372 ria
706 1317 1068 1372 devolvantur
1095 1333 1110 1370 :
1137 1315 1266 1385 quia
1313 1331 1482 1370 unum
1519 1332 1660 1370 verte
1690 1316 1886 1372 laetitiae
1917 1332 2057 1386 opus
2093 1327 2180 1374 est

2295 1320 2629 1394 εὐφροσύνης
2669 1321 2937 1394 ἀληθινῆς
2981 1322 3144 1394 ἔργον
3177 1325 3211 1393 ἠ
3259 1325 3341 1387 είς
3381 1322 3517 1377 Θεὸν
3551 1324 3706 1394 ἐλπὶς,
3729 1343 3804 1384 και

595 1424 724 1478 spes
751 1409 806 1463 in
856 1407 1052 1472 Deum,
1086 1423 1152 1462 ac
1210 1422 1306 1477 pro
1330 1407 1448 1476 ipso
1482 1415 1538 1461 et
1565 1422 1663 1477 per
1697 1407 1874 1477 ipsum
1908 1408 2093 1464 vivere
2125 1417 2182 1464 et

2295 1413 2346 1467 τὸ
2373 1413 2516 1484 ὑπὲρ
2549 1412 2717 1466 αὐτοῦ
2746 1413 2844 1468 καὶ
2869 1413 2939 1468 δι’
2962 1413 3128 1468 αὑτὸν
3156 1413 3279 1484 ζῇν.
3311 1413 3412 1468 καὶ
3433 1415 3699 1480 κινεῖσθαι.
3729 1421 3803 1474 καὶ

598 1499 830 1562 moveri,
871 1507 928 1554 et
974 1497 1121 1553 aliud
1172 1497 1389 1567 quidvis
1423 1511 1603 1568 agere.
1635 1495 1792 1562 Quod
1825 1512 1955 1554 vero
1986 1498 2062 1554 ita
2087 1514 2185 1555 vos

2295 1505 2398 1558 πᾶν
2425 1504 2606 1558 ὁτιοῦν
2646 1503 2776 1558 ἄλλο
2826 1505 3113 1576 πράττειν.
3150 1505 3275 1561 Ὀτι
3338 1505 3398 1560 δὲ
3453 1505 3617 1574 οῦτως
3661 1510 3803 1580 ὑμεῖς,

597 1590 900 1660 comparati
950 1589 1096 1654 sitis,
1119 1605 1208 1643 res
1235 1589 1367 1658 ipsae
1397 1595 1690 1642 testantur.
1741 1586 1860 1654 Qua
1896 1589 2042 1644 enim
2075 1590 2182 1646 alia

2295 1598 2562 1666 μαρτυρεῖ
2610 1595 2753 1650 αὐτά
2778 1595 2847 1650 τά
2876 1597 3205 1667 πράγματα.
3271 1591 3498 1664 Οὖτινος
3537 1599 3639 1672 γὰρ
3675 1600 3803 1656 ἀλλον

597 1684 667 1738 de
695 1699 862 1738 causa
884 1682 1159 1752 dispersio
1191 1690 1246 1736 et
1274 1681 1428 1736 labor
1454 1691 1511 1735 et
1545 1682 1760 1736 vexatio
1789 1693 1990 1748 vestra,
2014 1697 2180 1752 quam

2295 1686 2476 1742 ἕνεκεν
2511 1689 2540 1740 6
2566 1689 2908 1761 σκορπισμδς
2937 1692 3031 1743 καὶ
3066 1689 3236 1754 κόπος
3259 1691 3358 1745 καὶ
3391 1691 3576 1757 κλόνος
3607 1693 3802 1766 timui,

599 1783 823 1847 propter
887 1774 1066 1844 ipsum
1120 1773 1324 1828 bonum
1385 1773 1552 1828 Deum
1613 1772 1908 1827 nostrum?
1947 1772 2185 1829 Tametsi

2295 1777 2356 1832 δι’
2378 1779 2545 1833 αὑτὸν
2575 1780 2668 1833 τὸν
2698 1779 2908 1848 ἀγαθὸν
2937 1779 3071 1834 Θεὸν
3097 1781 3258 1850 ἡμῶν
3283 1798 3298 1847 ;
3331 1781 3400 1837 Ei
3434 1783 3526 1837 καὶ
3555 1784 3631 1837 ὅτι
3656 1782 3734 1837 νῦν
3752 1787 3803 1855 τῇ

603 1881 771 1927 ιιιιιιο.
803 1865 1050 1935 ejusdem
1091 1863 1457 1934 providentia,
1489 1878 1586 1933 per
1614 1865 1806 1934 optimi
1835 1864 2184 1934 imperatoris

2295 1869 2458 1926 αὑτοῦ
2490 1871 2813 1944 προμηθείᾳ
2840 1871 3130 1942 ἐλώφησεν
3157 1874 3186 1926 6
3210 1873 3477 1944 διωγμός.
3531 1875 3806 1947 Ἀναρῤήσει

602 1958 1084 2020 renuntiationem,
1152 1957 1390 2012 cessavit
1445 1957 1758 2026 persecutio
1793 1974 1808 2011 :
1841 1965 1896 2012 et
1957 1956 2026 2013 iis
2089 1957 2186 2028 qui

2295 1960 2384 2015 τοῦ
2417 1961 2659 2032 χρηστοῦ
2689 1963 2960 2032 κράτους·
2989 1961 3086 2017 καὶ
3116 1964 3432 2036 παρρησίας
3455 1963 3589 2036 θύρα
3607 1965 3804 2038 ἀνεῴχθη

601 2066 723 2106 eam
763 2048 1131 2121 patiebantur,
1166 2048 1434 2103 libertatis
1463 2047 1669 2102 ostium
1705 2050 2033 2118 patefactum
2079 2057 2185 2113 est,

2295 2056 2402 2117 τοῖς
2429 2054 2833 2126 ὁεδιωγμένοις,
2867 2054 3208 2110 ἀπολαύουσι
3233 2057 3468 2128 μετρίας
3493 2059 3715 2126 ἀφέσεως
3737 2061 3809 2114 mi

610 2139 828 2195 modica
855 2138 968 2194 illis
1005 2137 1345 2193 relaxatione
1371 2144 1428 2191 et
1461 2150 1594 2205 pace
1649 2150 1911 2191 concessa
1967 2150 2064 2205 per
2091 2148 2187 2188 ur-

2295 2143 2514 2215 εῖρήνης
2569 2145 2716 2200 κατά
2761 2145 2946 2199 πᾶσαν
2999 2146 3157 2200 πόλιν
3210 2146 3306 2201 καὶ⁹
3364 2147 3567 2218 χώραν.
3613 2149 3711 2218 Ἐφ’
3749 2146 3810 2214 οἷς

606 2233 704 2288 bes
733 2231 977 2302 singulas
1008 2239 1170 2300 atque
1231 2228 1568 2299 provincias.
1626 2227 1747 2294 Quo
1780 2228 2002 2283 nomine
2026 2242 2189 2298 agere

2295 2237 2570 2308 ὀφειλέται
2621 2237 2811 2310 ἐσμὲν,
2858 2231 2904 2292 ὧ
2961 2238 3229 2310 Πατέρες,
3290 2238 3637 2310 εὐχαριστίας
3675 2257 3812 2312 προο-

607 2321 838 2378 Domino
863 2321 1070 2393 gratias
1097 2320 1382 2382 debemus,
1418 2319 1634 2386 Patres,
1688 2328 1744 2374 et
1774 2317 1982 2389 precari
2035 2331 2186 2382 eum,

2295 2329 2448 2400 ἀγειν
2475 2329 2687 2403 Κυρίῳ,
2723 2330 2822 2386 καὶ
2849 2330 3156 2403 πρεσδείας
3187 2331 3328 2403 ὑπέρ
3367 2347 3431 2386 τε
3464 2332 3814 2404 πλουσιωτέρας

605 2423 719 2468 tum
751 2427 849 2483 pro
876 2410 1262 2467 abundantiori
1305 2426 1462 2480 pace,
1495 2418 1612 2464 tum
1639 2424 1739 2478 pro
1769 2409 2190 2464 conﬁrmatione

2295 2422 2536 2494 εἰρήνης,
2621 2421 2718 2476 καὶ
2794 2421 3200 2496 ὲπιστηρίξεως
3263 2422 3378 2477 τῶν
3453 2422 3812 2497 θεοπροσλήτων

605 2501 903 2554 electorum
937 2514 966 2553 a
1010 2498 1119 2554 Deo
1153 2499 1546 2568 imperatorum
1579 2507 1920 2553 nostrorum.
1957 2497 2055 2554 Hic
2087 2499 2194 2570 igi-

2295 2512 2450 2585 ημῶν
2485 2511 2772 2584 βασιλέων.
2811 2506 2984 2577 Οὗτος
3010 2509 3105 2568 οὖν
3145 2515 3175 2568 6
3203 2513 3429 2586 πρῶτος
3457 2513 3628 2584 λόγος.
3660 2514 3814 2568 Δεύτε-

608 2600 700 2645 tur
725 2591 936 2661 primus
963 2603 1148 2646 sermo
1177 2598 1385 2644 noster.
1446 2587 1759 2654 Proximus,
1795 2598 1854 2643 ut
1897 2599 1952 2644 et
2005 2597 2193 2645 noset

2295 2623 2387 2679 ρον
2417 2597 2618 2672 δὲ,’ῖνα
2647 2607 2746 2660 καὶ
2772 2607 2934 2678 ἡμεῖς
2967 2607 3064 2661 καὶ⁵
3096 2609 3258 2676 ὑμεῖς
3293 2608 3373 2681 μὴ
3421 2608 3522 2679 τὴν
3553 2607 3724 2676 ἄφεσιν
3755 2609 3815 2672 εἰς

609 2698 712 2737 vos
761 2681 1159 2738 relaxationem
1201 2680 1360 2737 istam
1393 2679 1823 2748 missioncmque
1851 2680 1919 2733 ad
1967 2677 2192 2736 virtutis

2295 2677 2540 2754 διάλυσιν
2608 2677 2823 2772 ἀρετῆς
2859 2699 3184 2770 δεξοίμεθαο
3238 2677 3372 2755 ἀλλ’*
3406 2677 3638 2772 ὅπουπερ
3688 2699 3816 2770 ἐσμὲν

607 2773 940 2828 solutionem
1007 2770 1233 2826 minime
1285 2769 1671 2840 accipiamus;
1713 2768 1809 2824 sed
1874 2767 2193 2838 ubicunque

2295 2788 2528 2853 ἕκαστος
2555 2791 2616 2844 τδ
2649 2767 2783 2844 ὰοτδ
2813 2767 3054 2862 φρονεῖν,
3089 2790 3168 2864 τῷ
3211 2792 3370 2864 αὐτῷ
3397 2767 3625 2862 στοιχεῖν
3650 2767 3815 2856 κανόνι,

609 2860 813 2930 singuli
876 2860 1090 2921 simus.
1153 2857 1392 2928 idipsum
1458 2858 1763 2912 sentiamus
1805 2859 1882 2922 ’³,
1942 2856 2192 2911 eamdem

2295 2883 2366 2938 ἐν
2383 2883 2602 2954 μηδενί
2630 2856 2904 2952 διδόντες
2940 2856 3303 2955 προσκοπήν
3325 2856 3351 2918 ο.
3367 2888 3472 2941 ἵνα
3514 2856 3595 2956 μὴ
3617 2882 3819 2954 μωμηθῇ

613 2968 864 3008 normam
901 2961 1211 3016 teneamus,
1245 2951 1299 3004 in
1328 2949 1476 3004 nullo
1505 2948 1692 3004 dantes
1744 2949 2194 3019 oﬂ'ensionem,.ut

612 3061 718 3098 non
745 3044 1073 3114 vituperetur
1102 3043 1459 3096 ministerium
1489 3057 1509 3096 :
1541 3041 1632 3096 sed
1685 3044 1743 3094 in
1772 3038 2012 3094 omnibus
2040 3040 2196 3094 exiti-

615 3141 830 3192 beamus
870 3137 1242 3204 nosmetipsos,
1267 3145 1326 3190 ut
1353 3134 1614 3204 scripturn
1645 3140 1750 3198 est,
1781 3134 1919 3188 sicut
1970 3132 2065 3186 Dei
2094 3133 2198 3186 ιιιέ-

3965 0 3973 48 Ἦ

2295 2974 2337 3043 ἠ
2361 2973 2670 3029 διακονία·
2702 2974 2840 3030 cur
2866 2975 2936 3029 ἐν
2969 2976 3152 3030 παντὶ
3187 2976 3574 3047 συνιστῶμεν
3593 2974 3816 3038 ἑαυτοὺς.

2295 3063 2438 3120 καθά
2466 3065 2804 3137 γέγραπται,
2837 3067 2920 3134 ὠς
2943 3067 3093 3122 Θεοῦ
3122 3067 3418 3134 διάκονοι,
3468 3068 3538 3121 ἐν
3561 3063 3810 3135 ὐπομονῇν

2295 3157 2368 3212 ἐν
2385 3160 2694 3228 θλίψεσιν,
2721 3160 2792 3213 ἐν
2819 3161 3266 3229 στενοχωρίαις,
3299 3163 3358 3213 ὲν
3387 3160 3564 3224 ἄλλοις
3601 3155 3672 3224 οἷς
3691 3161 3714 3214 ό
3736 3157 3821 3228 βίος

612 3229 832 3292 nistros,
872 3229 929 3282 in
973 3229 1256 3298 patientia,
1305 3227 1363 3280 iu
1414 3224 1860 3291 tribulationibus,
1925 3225 1982 3278 in
2030 3239 2195 3295 angu-

2295 3248 2408 3302 τῶν
2437 3224 2729 3320 παρουσῶν
2776 3224 3377 3322 ἡμερῶν.νὺποπίπτει.
3429 3248 3583 3302 Οὕτω
3632 3224 3820 3319 γὰρ-καὶ

612 3321 732 3376 stiis
754 3321 823 3386 ⁹³;
856 3320 910 3374 in
933 3319 1057 3375 aliis
1085 3319 1286 3390 quibus
1330 3317 1495 3387 hujus
1537 3317 1798 3386 temporis
1826 3317 1936 3371 vita
1957 3315 2195 3372 obnoxia

2295 3339 2366 3394 τὰ
2395 3315 3196 3414 προηνυσμένα-.φυλάττοιμεν
3253 3343 3611 3415 ἀναφαίρετα,
3642 3315 3738 3396 καὶ
3770 3339 3822 3393 τὰ

613 3422 717 3468 est.
751 3411 829 3468 ita
863 3412 1010 3467 enim
1060 3420 1114 3466 et
1159 3426 1222 3466 ea
1277 3425 1402 3481 quae
1430 3408 1542 3479 jam
1581 3419 1796 3478 peracta
1825 3417 1955 3464 sunt
1977 3407 2194 3463 stabilia

2299 3432 2404 3504 ἥδη
2438 3399 2884 3505 ’προσπίπτοντά
2937 3399 3497 3506 ειίμαρίζοιμενίκαλ⁵
3514 3399 3820 3506 τάνμέλλοντα

615 3501 1090 3558 conﬁrmabimus.
1119 3509 1174 3556 et
1193 3515 1258 3555 ea
1293 3514 1415 3570 quite
1465 3513 1610 3554 nunc
1664 3500 1890 3561 instant,
1949 3497 2195 3554 faciliora

2300 3497 2623 3597 θεοπρεπῶς
2651 3497 3080 3598 ὑπαντήσοιμεν.

617 3593 930 3660 reddemus,
946 3602 1002 3648 et
1018 3591 1237 3658 futuris,
1263 3602 1316 3646 ut
1341 3590 1526 3662 pietati
1543 3591 1800 3646 convenit
1820 3605 2195 3648 occurremus.

685 3683 798 3740 Nos
853 3686 944 3740 hic
995 3699 1188 3740 sumus
1259 3683 1328 3738 ad
1364 3684 1553 3738 urbem
1609 3683 1940 3749 habitantes,
1991 3683 2195 3740 sciente

2369 3666 2499 3729 Ὧδε
2524 3674 2694 3745 ἐσμὲν
2724 3675 2831 3748 πρὸ
2865 3663 2966 3729 τοῦ
2997 3675 3208 3739 ἄστεως
3238 3676 3635 3748 παροικοῦντες
3658 3672 3823 3743 είδήσει

620 3777 952 3849 imperatore
984 3795 999 3832 :
1027 3778 1278 3832 videmus
1337 3776 1541 3847 pariter
1602 3785 1657 3830 et
1707 3776 1956 3831 videmur
2003 3777 2074 3831 ab
2101 3775 2195 3830 ad-

2299 3763 2405 3836 τῆς
2462 3765 2768 3836 βασιλείας,
2818 3768 3061 3838 ὁρῶντες
3116 3768 3212 3822 καὶ
3266 3770 3541 3840 ὁρώμενοι
3599 3767 3693 3820 ὑπὸ
3744 3764 3826 3817 τῶν

559 3907 564 3912 -
616 3869 970 3926 ventantibus
1004 3865 1269 3925 fratribus
1308 3876 1362 3921 et
1391 3865 1645 3921 Patribus
1677 3867 1877 3922 nostris
1909 3885 1922 3921 :
1949 3876 2004 3922 et
2035 3866 2195 3923 liber-

2305 3857 2626 3928 φοιτώντων
2682 3859 2931 3930 ἀδελφῶν
3005 3860 3103 3914 καὶ
3167 3860 3436 3931 Πατέρων
3486 3859 3661 3930 ήμῶν·
3689 3857 3822 3924 καὶὴ

616 3970 706 4018 tas
735 3960 805 4017 ab
837 3961 928 4030 pio
971 3959 1298 4030 imperatore
1321 3957 1616 4012 constituta
1655 3965 1758 4011 est.
1788 3955 1859 4012 De
1888 3956 2094 4025 futuro,
2139 3965 2195 4012 ut

2303 3951 2593 4022 ἐλευθερία
2622 3951 2762 4022 πρὸς
2792 3951 2890 4006 τοῦ
2912 3951 3123 4022 ἀγαθοῦ
3149 3951 3426 4022 βασιλέως
3454 3951 3824 4020 ἑπιτεταγμένη.

617 4053 814 4124 diriget
873 4051 1156 4112 Dominus,
1198 4057 1252 4104 et
1279 4048 1494 4119 jubebit
1543 4047 1864 4117 imperator,
1929 4048 2048 4104 sive
2109 4048 2195 4104 hic

2303 4043 2453 4114 Πρὸς
2506 4043 2569 4098 τὸ
2624 4043 2753 4114 ἑξῆς
2781 4044 2858 4108 ὡς
2902 4045 2970 4099 ἀν
3002 4044 3178 4098 εύοδοῖ
3215 4043 3430 4116 Κύριος
3451 4059 3466 4078 ο
3498 4045 3531 4116 ἢ
3587 4041 3756 4114 κελεύῃ
3782 4039 3827 4091 τὸ

619 4160 865 4205 manere.
897 4144 1012 4199 sive
1045 4142 1154 4196 alio
1182 4141 1456 4208 secedere,
1495 4139 1596 4195 iter
1626 4139 1913 4194 fat-ieiunus.
1961 4141 2195 4194 Tantum

2302 4136 2505 4208 κράτος
2551 4137 2837 4207 ἐπιμένειν
2883 4136 3144 4201 ἐνταῦθα,
3193 4136 3228 4208 ἢ
3257 4135 3473 4208 ἀλλαχῆ
3522 4135 3826 4208 μεταπίπτειν

618 4253 719 4295 vos
746 4237 802 4292 in
836 4252 976 4308 opus
1011 4245 1249 4290 vestrum
1271 4235 1460 4289 intenti
1493 4233 1752 4298 insistite,
1772 4243 1828 4288 et
1852 4248 1948 4304 pro
1978 4234 2195 4288 humili-

2301 4243 2363 4282 τε
2398 4227 2494 4281 καὶ
2533 4229 2860 4300 ὑποχωρεῖν,
2911 4229 3055 4282 οὕτω
3111 4228 3207 4282 καὶ
3239 4228 3662 4300 ἐνεχθησόμεθα.
3691 4225 3824 4280 Μόνον

621 4341 735 4387 tate
761 4341 947 4386 nostra
1000 4329 1222 4386 assidue
1272 4329 1596 4399 precantini,
1627 4334 1688 4381 ut
1725 4326 1844 4382 sine
1884 4326 2195 4382 offensione

2302 4321 2460 4375 αὐτοὶ
2479 4320 2571 4374 τοῦ
2590 4323 2754 4393 ἔργου
2781 4321 2936 4393 ὑμῶν
2956 4322 3232 4393 ἐχόμενοι,
3253 4321 3444 4392 ἔχεσθε
3466 4322 3562 4376 καὶ
3584 4317 3671 4374 τοῦ
3696 4331 3828 4387 προσ·

621 4421 798 4478 simus
827 4422 912 4477 bis
933 4432 1096 4492 atque
1118 4421 1239 4485 illis
1268 4430 1323 4475 et
1374 4419 1632 4474 Ecclesize
1663 4418 1784 4474 Dei.
1823 4415 2073 4483 Fratres,
2103 4417 2195 4488 qui

2303 4414 2562 4485 εύχεσθαι
2622 4415 2756 4486 περὶ
2817 4414 2916 4485 τῆς
2973 4413 3358 4479 ταπεινώσεως
3426 4414 3615 4485 ἡμῶν·
3670 4409 3735 4472 ώς
3779 4406 3828 4459 ἂν

621 4513 854 4570 avulsia
893 4514 1050 4568 nobis
1105 4523 1310 4567 temere
1355 4510 1575 4566 fuerunt
1625 4509 1792 4565 variis
1851 4509 2054 4576 modis,
2106 4526 2195 4581 pel

2303 4505 2649 4577 ἀπρόσκοποι
2682 4499 2833 4577 ὦμεν
2865 4504 3044 4558 τοῖσδε
3071 4505 3378 4570 κάκείνοις,
3415 4505 3513 4558 καὶ
3537 4504 3602 4576 τῇ
3646 4495 3830 4564 Ἐκκλη-

622 4608 880 4664 idoneum
922 4621 1232 4662 sermonem
1275 4603 1436 4658 nobis
1491 4600 1637 4656 uniri
1682 4601 1890 4670 optimo
1918 4600 2030 4657 Deo
2086 4601 2195 4672 pla-

2307 4596 2400 4664 σίᾳ
2431 4597 2526 4650 τοῦ
2579 4595 2739 4652 Θεοῦ.
2784 4595 2926 4660 Τοὺς
2977 4595 3111 4668 πρὶν
3165 4594 3586 4666 ἀπορραγέντας
3636 4585 3830 4646 ἀϐούλως

623 4701 758 4756 cuit.
809 4698 876 4754 Et
904 4698 1075 4771 gavisi
1133 4711 1326 4752 sumus
1350 4694 1557 4766 indigni
1589 4693 1790 4764 gaudio
1820 4708 2041 4764 magno,
2071 4694 2195 4764 quia

2307 4687 2574 4758 ἀδελφοὺς
2607 4687 2754 4742 κατά
2789 4685 3020 4750 πολλοὺς
3067 4685 3304 4757 τρόπους
3349 4685 3640 4756 εὐδόκησεν
3676 4681 3702 4734 6
3733 4677 3830 4740 Θεὸς

624 4746 758 4756 --η-
809 4746 876 4754 --
905 4746 1075 4771 γη---
1134 4746 1322 4752 --η-η
1351 4746 1556 4766 φηγ-
1589 4746 1782 4764 στερη
2003 4746 2041 4759 ν,
2089 4746 2195 4764 ,η

624 4807 747 4864 qua
794 4807 900 4847 non
957 4791 1338 4861 sperabamus,
1386 4787 1623 4842 vidimus
1673 4785 1847 4840 oculis
1903 4786 2195 4851 nostris,el

2309 4782 2340 4836 6
2371 4746 2743 4853 ὑπεράχαθος,
2773 4746 3040 4850 amomi;
3069 4746 3204 4849 ἡμῖν
3227 4746 3369 4846 μετά
3392 4776 3490 4830 τοῦ
3518 4746 3832 4846 προσήκοντος

624 4863 935 4940 cicatricem
976 4882 1324 4938 obduxerunt
1367 4881 1542 4937 divisa
1595 4879 1861 4945 membra,
1899 4888 1956 4934 et
2005 4878 2195 4935 festum

2309 4873 2492 4944 λόγου.
2531 4874 2642 4926 Καὶ
2689 4871 2970 4942 ἐχάρημεν
3008 4871 3060 4924 oi
3107 4869 3324 4936 ἀνάξιοι
3376 4869 3555 4940 χαρὰν
3603 4863 3829 4937 μεγάλην·

628 4977 857 5031 Domino
881 4975 1096 5044 agimus
1130 4976 1184 5030 in
1221 4974 1652 5044 uniuscujusque
1681 4986 1976 5038 concursu,
2002 4980 2058 5026 et
2071 4986 2195 5028 eon-

2310 4973 2394 5028 ὃτι
2434 4971 2472 5027 ἃ.
2513 4971 2617 5025 οὐκ
2645 4970 2951 5041 ἠλπίζομεν
2987 4969 3216 5037 οἴδαμεν
3252 4968 3312 5022 εν
3359 4965 3656 5036 ὀφθαλμοῖς
3693 4957 3830 5030 ἡμῶν.

623 5071 845 5126 ﬁtentur
883 5067 1114 5123 Domino
1143 5079 1195 5124 et
1223 5069 1429 5140 gratias
1481 5068 1696 5138 agimus
1734 5065 2195 5137 imperatoribus;

2311 5064 2411 5120 καὶ
2439 5062 2754 5134 συνουλώθη
2787 5062 2857 5116 τά
2885 5058 3300 5118 διασπασθέντα
3329 5058 3491 5131 μέλη,
3517 5057 3608 5111 καὶ
3634 5049 3833 5123 ἑορτάζο-

623 5164 887 5236 quoniam
927 5162 976 5218 si
1006 5161 1153 5216 aliud
1205 5161 1362 5226 nibi'l,
1400 5161 1557 5217 nobis
1611 5170 1761 5216 certe
1819 5175 2077 5232 magnum
2123 5168 2195 5215 est

2316 5174 2418 5229 μεν
2464 5157 2660 5229 ἑορτὴν
2688 5155 2880 5228 Κυρίῳ
2925 5156 2984 5208 ὲν
3039 5156 3107 5226 τῇ
3149 5153 3271 5217 ἐνὸς
3319 5151 3558 5206 ἑκάστου
3587 5143 3830 5236 συνδρομῇ.

531 5319 534 5324 _
627 5231 952 5310 beneﬁcium
986 5269 1001 5307 :
1037 5251 1232 5307 deinde
1282 5253 1412 5322 quia
1471 5251 1628 5307 nobis
1684 5252 1801 5306 haec
1863 5231 2195 5322 nequaquam

2309 5251 2406 5304 καὶ
2435 5247 2954 5320 ἀνθομολογούμεθα
2972 5245 3053 5314 τῷ
3083 5245 3296 5316 Κυρίῳ,
3321 5244 3417 5298 καὶ
3449 5231 3832 5310 ἀπευχαριστοῦο

625 5351 702 5407 ita
738 5358 864 5421 apte
892 5346 1246 5412 cecidissent,
1283 5347 1388 5401 nisi
1438 5361 1470 5400 e
1498 5345 1816 5401 carceribus
1865 5345 1942 5400 ita
1993 5344 2195 5401 dimiss:

2312 5359 2414 5414 μεν
2467 5343 2582 5406 τοῖς
2618 5340 2915 5413 κρατοῦσιν
2936 5356 2950 5371 ο
3001 5340 3086 5392 ὃτι
3135 5339 3186 5392 ει
3237 5336 3332 5390 καὶ
3368 5335 3539 5408 μηδὲν
3565 5332 3700 5395 ἄλλο,
3742 5327 3833 5421 ὅσον

627 5417 947 5510 fuissemus,
969 5443 1096 5498 etin
1126 5441 1220 5498 tali
1253 5439 1372 5494 loco
1402 5438 1866 5494 consedissemus.
1886 5436 2084 5493 Omnia
2105 5428 2195 5494 no-

2311 5435 2454 5506 πρδς
2493 5435 2642 5505 ἡμᾶς
2679 5433 2824 5504 μέγα
2855 5431 2918 5486 τὸ
2971 5430 3238 5504 δώρημα·
3277 5429 3372 5484 καὶ
3413 5425 3601 5486 πάλιν,
3644 5423 3716 5475 ὅτι
3742 5417 3834 5510 ,οὐκ

629 5535 716 5592 bis
741 5536 881 5593 belle
929 5509 1253 5602 evenerunt,
1288 5541 1344 5588 et
1370 5530 1640 5595 evenient,
1669 5539 1756 5586 sat
1812 5529 1956 5598 scio,
1989 5530 2195 5590 sancti!

2312 5527 2382 5586 ἀν
2405 5525 2586 5593 ἄλλως
2615 5525 2853 5592 εὐθέτως
2878 5524 3114 5597 ἔσχομεν
3137 5523 3236 5596 τὴν
3259 5519 3556 5592 σύμσασιν,
3581 5514 3686 5588 ῆτδ
3701 5509 3835 5569 οὕτως

700 5651 747 5683 ⁸³
781 5649 1016 5719 Philipp.
1042 5665 1104 5712 ιι,
1130 5647 1186 5702 9...
1264 5647 1310 5680 θ’
1343 5646 1382 5702 ll
1416 5645 1545 5700 Cor.
1576 5660 1652 5710 vn,
1684 5644 1739 5701 '5.

693 5745 766 5794 t'\
788 5739 1149 5798 Catecbetica.

3971 2809 3973 2886 ᾗ

3971 2967 3973 3024 1

3971 3089 3973 3118 l
