4060 6374
307 264 438 332 1341

1497 277 2042 342 EPISTOLARUM
2096 279 2248 343 LIB.
2287 279 2380 345 Ιῐ.

3433 278 3573 350 1342

301 382 580 454 ἀφεθῆναι
636 383 786 454 ἡμᾶς
814 382 926 439 τῶν
980 383 1279 455 φυλακῶν
1307 386 1406 440 zeal
1454 387 1793 460 καθεσθῆναι
1822 390 1882 443 ὲν

1991 393 2242 462 precibus
2283 389 2496 447 vestris.
2529 387 2598 446 Et
2621 391 2886 462 quoniam
2935 390 3006 447 de
3051 392 3400 450 revocatione
3429 395 3570 451 inci-

293 476 608 546 καθίσματι
657 476 989 550 τηλικούτῳ.
1026 477 1212 531 Πάντα
1260 479 1342 542 εἰς
1380 478 1546 534 καλὸν
1576 480 1712 551 ἡμῖν
1753 497 1886 535 συν-

303 570 530 640 έδραμε,
578 569 674 624 zeal
721 569 1085 640 συνδράμοιεν
1127 564 1187 624 εὖ
1221 565 1321 623 οἶδ’
1369 571 1451 625 ὅτι
1491 572 1682 643 εὐχαῖς
1731 573 1887 646 ὑμῶν

305 661 514 728 ἁγίαις.
567 660 790 732 Ἐπειδὴ
835 660 894 714 δὲ
934 664 962 715 6
1001 659 1160 731 λόγος
1193 662 1323 734 περὶ
1363 662 1756 737 ἀνακλήσεωςο
1792 667 1889 720 άν-

305 753 514 824 εκλήθη
547 754 642 808 zeal
687 753 874 826 ήνὼθη
905 755 1038 826 ἡμῖν
1067 757 1166 810 σὺν
1199 758 1316 822 τοῖς
1347 757 1531 822 ἄλλοις
1576 758 1672 812 zeal
1721 757 1886 812 πλέον

309 846 515 916 μᾶλλον
552 845 662 899 τῶν
711 846 890 900 ἄλλων
937 848 968 899 6
1007 841 1505 919 γραμματηφόρος,
1542 851 1571 904 6
1601 849 1888 922 ἀγαπητὸς

306 936 468 1008 ἡμῶν
516 937 642 1000 υίὸς
704 936 930 1009 Κλέμης
978 939 1007 992 6
1099 939 1497 1004 εύλαόέστατος
1557 940 1880 1011 ἡγούμενος,

305 1029 488 1082 πάντα
516 1028 773 1101 ἀσμένως
801 1029 1186 1100 είσδεξάμενος
1202 1029 1240 1086 ἃ.
1259 1031 1367 1086 ἔδει
1390 1031 1543 1104 αύτῷ
1559 1033 1883 1103 λαληθῆναι,

302 1121 402 1175 zeal
457 1122 588 1192 περὶ
628 1122 852 1176 πάντων
889 1122 1265 1194 ποιησάμενος
1329 1125 1429 1196 τὴν
1497 1127 1887 1197 προσήκουσαν

304 1208 632 1278 ἀπολογίαν.
659 1203 832 1280 Ἐφ’ᾧ
853 1212 950 1266 zeal
973 1211 1301 1283 ἀρεσθέντες
1323 1213 1700 1286 ῆσπασάμεθα
1725 1215 1888 1270 αὑτὸν

304 1303 809 1376 ὲνστερνισμένωςο
851 1305 1168 1371 ἐλπίζοντες
1217 1308 1311 1362 zeal
1349 1307 1418 1362 6e’
1453 1307 1618 1362 αὑτὸν
1661 1307 1888 1380 αύχημα

304 1394 456 1466 ἔχειν
477 1397 528 1450 οἱ
561 1398 881 1468 ἁμαρτωλοὶ
912 1400 1180 1471 σωτήριον
1211 1399 1347 1455 αὐτὸ
1370 1400 1550 1456 τοῦτο.
1578 1401 1690 1456 Kal
1729 1403 1889 1469 ὑμεῖς

305 1490 668 1562 προσήκασίὴ
697 1492 1010 1564 παρακαλῶ
1043 1494 1136 1547 τὸν
1179 1493 1409 1563 ἀδελφὸν
1438 1493 1515 1558 ὼς
1561 1493 1804 1562 ἀδελφοὶ,
1830 1494 1893 1548 τδ

1987 482 2070 538 dit
2093 483 2320 549 mentio,
2353 489 2642 538 revocatus
2675 491 2762 538 est
2788 483 3056 554 nobisque
3087 500 3212 540 eum
3253 485 3378 542 aliis
3435 501 3570 542 con-

1983 573 2229 646 junctus,
2280 575 2393 630 imo
2448 575 2736 646 plusquam
2790 575 2905 642 alii,
2961 575 3280 632 tabellarius
3337 577 3571 633 dilectus

1987 667 2135 724 filius
2167 678 2354 724 noster
2381 666 2660 736 Clemens,
2711 667 3165 738 religiosissimus
3222 670 3568 740 praepositus,

1987 760 2171 816 omnia
2192 762 2434 816 libenter
2463 761 2762 832 accipiens,
2787 777 2907 834 quae
2951 762 3052 832 ipsi
3116 763 3223 817 diei
3283 779 3383 832 par
3429 773 3570 829 erat,

1987 861 2044 908 et
2088 855 2156 908 de
2203 855 2462 910 omnibus
2527 855 2795 909 rationem
2855 854 3108 910 idoneam
3163 855 3418 910 reddens.
3453 855 3572 921 Qua

1982 944 2202 1016 quidem
2235 961 2293 1002 re
2326 962 2426 1001 nos
2462 947 2715 1008 recreati,
2750 954 2862 1001 toto
2879 962 3006 1000 eum
3043 947 3167 1002 sinu
3205 945 3443 1017 amplexi
3474 961 3572 1002 su-

1984 1050 2131 1096 mus.
2151 1045 2434 1105 sperantes
2453 1052 2578 1092 eum
2603 1036 2765 1092 etiam
2781 1037 3008 1092 salutari
3023 1037 3179 1092 nobis
3191 1037 3574 1108 peccatoribus

1986 1127 2175 1198 gloriae
2225 1128 2362 1183 fore.
2400 1127 2559 1184 Hunc
2594 1130 2773 1200 ipsum
2806 1138 2860 1184 et
2894 1145 3016 1194 vos,
3046 1145 3258 1200 quaeso,
3302 1129 3575 1186 admittite

1987 1217 2210 1274 fratrem
2243 1230 2302 1275 ut
2333 1219 2554 1287 fratres,
2587 1223 2898 1278 membrum
2937 1231 2995 1277 ut
3025 1223 3298 1287 membra,
3333 1237 3574 1278 consen-

1991 1309 2216 1366 tientem
2251 1323 2313 1367 ut
2342 1315 2767 1371 consentientes.
2826 1313 2918 1370 Sic
2972 1315 3116 1369 enim
3150 1314 3303 1369 illum
3333 1313 3574 1384 reperie—

1993 1401 2068 1458 tis
2121 1402 2323 1460 Christi
2373 1406 2547 1474 gratia
2593 1405 2648 1461 in
2701 1406 2960 1462 omnibus
2993 1414 3142 1461 recte
3174 1405 3487 1469 habentem,
3521 1414 3576 1460 et

1996 1507 2329 1566 quarentem
2359 1497 2547 1555 Deum.

309 1582 477 1652 μέλος
505 1583 583 1647 ὡς
630 1583 790 1655 μέλη,
827 1583 920 1638 τὸν
953 1584 1238 1654 ὁμόφρονα
1277 1585 1355 1650 ὡς
1418 1585 1744 1657 ὁμόφρονες.
1812 1585 1968 1638 Οὕτω
2004 1584 2115 1657 γὰρ
2165 1587 2328 1641 αὐτὸν
2383 1587 2596 1660 εὕροιτε
2649 1587 2832 1660 χάριτι
2892 1586 3130 1659 Χριστοῦ
3184 1589 3243 1641 έν
3295 1588 3461 1642 πᾶσιν
3511 1583 3575 1641 εὖ

305 1684 501 1754 ἔχοντα
523 1682 619 1734 zeal
650 1679 920 1752 ζητοῦντα
944 1679 1100 1737 Θεὸν.

524 1773 604 1827 A'.
657 1773 982 1843 Ἠγουμένῃ
1011 1772 1122 1842 τῆς
1153 1775 1421 1840 Νικαίας.
1455 1771 1652 1846 [φπε¹.]

2374 1766 2508 1824 XCI.
2537 1801 2603 1810 —
2636 1766 2941 1823 Pramosita:
2971 1766 3192 1826 Nicaeae.

1085 1947 1096 1968 Χ
1283 1891 1567 1941 Gratulalur
1599 1889 1664 1940 ob
1683 1887 2006 1939 constantiam
2033 1891 2260 1952 tempore
2289 1883 2674 1951 persecutionis.

379 1993 492 2050 Kal
522 1993 791 2065 πρότερον
832 1995 890 2047 αἱ
925 1994 1057 2066 περὶ
1078 1997 1176 2065 τῆς
1199 1996 1519 2066 τιμιότητός
1550 2013 1646 2051 σου
1676 1995 1883 2066 ἁγαθαὶ

2055 1991 2123 2046 Ει
2153 1995 2304 2062 prius
2333 1992 2532 2060 Optima
2556 1992 2624 2047 de
2647 1991 2956 2048 reverentia
2999 2000 3092 2048 tua
3154 2007 3277 2048 ama
3332 2010 3434 2049 nos
3469 1995 3576 2050 im-

305 2087 474 2142 ἀκοαὶ
495 2085 755 2139 εἵλκυσαν
795 2085 944 2157 ἡμᾶς
974 2086 1283 2140 ἐπιστεῖλαί
1315 2104 1427 2142 σοι.
1480 2089 1591 2142 Kal
1633 2087 1728 2142 νῦν
1767 2091 1889 2152 ταῖς

307 2181 502 2244 αὑταῖς
532 2177 838 2248 εὐφημίαις
868 2177 1286 2249 ὲπερειδόμενοι
1333 2180 1430 2235 zeal
1469 2181 1760 2254 γράφομεν
1793 2181 1889 2236 zeal

311 2269 799 2344 προσαγορεύομεν
841 2269 941 2340 τὴν
987 2272 1432 2344 σεμνοπρέπειάν
1465 2289 1591 2328 σου·
1624 2274 1890 2344 ἀποδεχό-

314 2382 469 2438 μενοι
498 2364 595 2418 zeal
629 2363 1056 2436 μακαρίζοντες,
1087 2366 1173 2419 ὄτι
1209 2366 1358 2420 εἵλου
1377 2365 1466 2420 διὰ
1498 2365 1703 2436 Κύριον
1735 2368 1891 2422 ύπεί-

308 2474 402 2511 σαι
444 2456 658 2526 θλίψεις
705 2459 804 2512 καὶ
842 2459 1231 2530 στενοχωρίας,
1279 2459 1523 2530 διωγμὸν
1549 2459 1652 2529 τῆς
1697 2461 1888 2532 μονῆς,

305 2551 404 2605 zeal
428 2549 644 2622 ὲξορίαν
667 2549 1039 2622 μεταθέσεως,
1065 2550 1162 2606 zeal
1191 2549 1315 2605 εῐτι
1342 2551 1472 2607 ἄλλο
1503 2553 1890 2624 περιστατικδν

305 2643 406 2698 καὶ
457 2642 754 2714 ὁμολογίας
803 2643 1208 2698 ὑποδεικτικόν.
1261 2644 1448 2700 Ταῦτα
1485 2645 1752 2710 αἰνέσεως
1796 2645 1893 2700 zeal

307 2732 756 2806 ἰξομολογήσεως
776 2749 791 2764 ·
822 2733 1000 2789 ταῦτα
1013 2735 1252 2807 Νύμφης
1282 2736 1522 2806 Χριστοῦ
1553 2737 1768 2794 ἔπαθλα
1795 2739 1892 2794 zeal

306 2825 692 2898 ἀγωνίσματα,
720 2827 817 2880 zeal
845 2826 909 2880 τὸ
944 2827 1026 2882 ἔτι
1056 2827 1537 2902 ἀξιαγαστότερον,
1574 2832 1612 2902 ἡ
1639 2832 1770 2904 περὶ
1792 2831 1894 2896 τὰς

307 2917 416 2972 ὑπὸ
441 2921 602 2990 χεῖρα
639 2917 879 2987 ἀδελφὰς
920 2920 1139 2988 ὁσιότης
1159 2937 1173 2951 ·
1197 2937 1210 2951 ·
1241 2921 1324 2974 ὄτι
1347 2921 1456 2986 κάξ
1481 2922 1663 2976 αὐτῶν
1687 2923 1894 2978 εἴλοντο

310 3011 794 3066 συναποδύσασθαί
847 3029 933 3066 σοι
968 3015 1036 3084 τῇ
1097 3013 1384 3086 ὁμολογίᾳ,
1415 3017 1511 3070 zeal
1533 3016 1890 3088 ἠνδρίσαντο,

309 3103 409 3157 zeal
452 3103 916 3175 ἑμαστιγώθησαν
951 3105 1049 3159 zeal
1087 3105 1558 3178 περιωρίσθησαν,
1627 3109 1724 3163 zeal
1779 3109 1894 3162 ἐδό-

309 3196 489 3264 ξασαν
523 3197 616 3252 τὸν
665 3196 801 3252 Θεὸν
849 3199 909 3250 ὲν
950 3197 1030 3268 τῷ
1070 3198 1286 3270 σώματι
1331 3200 1534 3266 αὐτῶν,
1579 3203 1678 3255 zeal
1728 3203 1788 3255 έν
1815 3201 1895 3272 τῷ

312 3289 615 3360 πνεύματι.
648 3292 714 3345 Ὦ
746 3291 856 3346 τῶν
884 3289 1099 3346 ἄθλωνξ
1133 3293 1238 3347 osa
1263 3293 1368 3362 τῆς
1399 3293 1578 3358 καλῆς
1609 3293 1892 3362 παιδαγω-

310 3385 441 3451 γίας
469 3384 483 3438 l
512 3379 625 3437 οῖον
655 3383 717 3437 τὸ
745 3383 938 3455 ἄρχον,
962 3383 1208 3439 τοιοῦτον
1229 3386 1326 3439 zeal
1352 3385 1414 3440 τὸ
1443 3386 1746 3458 ἀρχόμενον
1765 3404 1778 3416 ·
1803 3381 1892 3440 οἷα

311 3480 348 3549 ἡ
373 3475 724 3542 διδάσκαλος,
747 3475 1078 3546 τηλικαῦται
1109 3478 1201 3530 zeal
1241 3477 1298 3530 al
1345 3479 1663 3549 μαθήτριαι.
1702 3479 1794 3533 Σοὶ
1833 3479 1894 3533 εὖ

312 3570 428 3640 ἔχει
456 3568 642 3638 λέγειν
662 3583 676 3600 ·
723 3568 856 3622 Ἰδοὺ
901 3566 1013 3636 ἐγὼ
1053 3568 1152 3622 zeal
1178 3569 1246 3622 τὰ
1274 3569 1464 3622 παιδία
1506 3569 1544 3624 ἆ
1574 3587 1664 3640 μοι
1695 3569 1894 3624 ἔδωκεν

311 3663 341 3715 6
394 3661 549 3725 Θεὸς,
601 3659 838 3726 εναθλοι,
881 3660 1168 3732 άνδρικαὶ,
1231 3661 1570 3732 φιλόχριστοι
1625 3661 1892 3732 μᾶλλονῆ

314 3749 664 3824 φιλόσαρκοι,
696 3749 880 3806 πάντα
908 3749 1156 3804 σκύϐαλα
1185 3750 1511 3821 ἡγούμεναι,
1539 3753 1626 3806 ἵνα
1657 3753 1896 3824 Χριστὸν

313 3843 631 3914 κερδήσωσι
651 3859 667 3874 ο
701 3843 970 3896 πάντατὰ
1003 3842 1140 3912 μέλη
1177 3841 1405 3913 Χριστῷ
1429 3844 1891 3914 προσενέγκασαι,

314 3936 407 3992 ινα
452 3937 546 3992 τὸν
605 3937 842 4007 ἐραστὴν
895 3935 1302 4008 θεραπεύσωσι.
1346 3937 1500 3990 Μετὰ
1545 3937 1897 4008 ὀμολογητῶν

313 4028 676 4098 συνετάγητε,
709 4027 848 4098 μετὰ
880 4026 1177 4097 μαρτύρων
1221 4025 1644 4096 ἐστεφανόθητε,
1673 4026 1799 4080 ὅσον
1831 4028 1897 4080 ὲκ

309 4119 410 4174 τοῦ
439 4120 766 4190 φθάσαντος.
815 4118 956 4173 Ἀλλ’
987 4120 1084 4172 ἐπε
1095 4117 1197 4189 ιδὴ,
1224 4112 1272 4172 ὧ
1297 4118 1494 4188 μῆτερ,
1527 4117 1728 4184 οὐδεὶς
1751 4135 1894 4172 στε-

311 4212 632 4282 φανοῦται.
662 4213 772 4266 ἐὰν
809 4211 897 4282 μὴ
935 4211 1200 4282 νομίμως
1245 4209 1513 4279 ἀθλήσῃ,
1563 4210 1798 4282 νόμιμον
1834 4211 1895 4265 δέ

312 4302 433 4356 ἐστι
465 4303 529 4357 τὸ
561 4301 725 4373 μέχρι
746 4301 939 4366 τέλους
967 4302 1063 4358 zeal
1089 4300 1271 4356 πίστει
1289 4302 1384 4355 zeal
1409 4302 1511 4373 βίῳ
1533 4303 1891 4373 ἀριστεῦσαι·

313 4393 620 4464 παρακαλῶ
653 4393 749 4448 zeal
804 4393 1244 4464 ὑπομιμνῄσκω·
1267 4392 1450 4460 ἀξίως
1492 4393 1896 4462 περιπατῆσαι

310 4483 476 4554 ἡμᾶς
502 4483 616 4554 τῆς
666 4482 949 4552 κλήσεως
975 4476 1053 4554 ἧς
1087 4481 1463 4552 ἑκλήθημεν·
1491 4481 1644 4552 μετὰ
1689 4482 1896 4548 πάσης

310 4577 884 4646 ταπεινοφροσύνης
913 4575 1012 4630 καὶ
1045 4573 1400 4644 πραότητοςο
1431 4576 1568 4646 μετὰ
1590 4575 1894 4644 ἀσφαλείας

313 4666 456 4738 πρὸς
487 4665 548 4719 τὸ
575 4665 726 4734 ἑξῆς,
785 4665 923 4735 μήτε
972 4663 1175 4718 ἁλῶναι
1205 4667 1271 4734 τῇ
1326 4662 1408 4717 ἔτι
1461 4663 1893 4736 κορυϐαντιώσει

311 4756 529 4827 αἱρέσει
555 4756 968 4828 άρνησιχρίσῳ·
1011 4757 1147 4826 μήτε
1174 4773 1228 4808 τι
1249 4756 1390 4809 κατὰ
1421 4757 1511 4808 τὸν
1543 4755 1898 4826 ὀφειλόμενον

311 4848 700 4914 κανονίζεσθαι
750 4849 1052 4918 ἀσκητικὸν
1085 4849 1198 4920 βίον
1249 4849 1730 4922 παρατρέπεσθαι’
1761 4849 1899 4904 ἀλλὰ

311 4943 498 5014 πάντα
526 4944 700 4996 ποιεῖν
730 4943 813 5007 είς
858 4941 1016 5007 δόξαν
1045 4941 1214 4994 Θεοῦ·
1254 4941 1526 5006 παντοίως
1567 4941 1899 5012 διαλάμπειν

311 5032 394 5103 τῷ
424 5033 696 5104 φωτισμῷ
719 5032 828 5088 τῶν
879 5031 1113 5086 ἐντολῶν
1135 5048 1150 5063 ·
1189 5033 1328 5104 ὅπερ
1373 5033 1618 5087 πιστεύω
1653 5034 1899 5104 ἐνεργεῖν

310 5125 463 5196 ὑμᾶς
491 5127 571 5190 είς
606 5125 832 5180 ἔπαινον
849 5124 1006 5196 δόξης
1029 5125 1292 5196 Χριστοῦ,
1324 5127 1404 5187 είς
1429 5124 1656 5196 αὔχημα
1677 5125 1897 5180 αἰώνιον

310 5215 504 5288 ὑμῶν’
541 5217 627 5291 εἴη
673 5218 730 5272 δὲ
785 5219 963 5272 εἰπεῖν
994 5216 1090 5271 zeal
1147 5217 1306 5288 ἡμῶν
1365 5216 1476 5271 τῶν
1531 5217 1894 5290 ἁμαρτωλῶν.

310 5311 429 5366 Kal
483 5311 593 5384 γὰρ
647 5314 695 5366 εί
755 5313 876 5375 ἑνὸς
915 5310 1134 5384 Πατρός
1186 5313 1378 5381 ἐσμεν,
1413 5309 1636 5380 ἀδελφοὶ
1693 5311 1894 5375 πάντες

308 5402 564 5474 ἀλλήλων
615 5403 1066 5477 χρηματίξομενο
1125 5403 1222 5458 zeal
1270 5401 1340 5458 τὰ
1390 5403 1611 5456 πάντων
1661 5403 1897 5456 σπουδά-

311 5511 524 5566 σματα,
551 5497 959 5570 ὲκκαυχὴματα
986 5495 1038 5550 οί
1059 5495 1260 5560 πάντες
1279 5495 1381 5549 οὐκ
1392 5493 1696 5558 ἀπεικότως
1724 5491 1893 5566 ἡγού-

1989 2087 2129 2158 pulit
2158 2095 2217 2140 ut
2253 2086 2319 2141 ad
2356 2095 2406 2141 te
2435 2085 2804 2140 scriberemus
2838 2101 2853 2140 :
2885 2094 2942 2140 et
2987 2101 3136 2140 nunc
3185 2087 3376 2142 eadem
3424 2102 3579 2143 com-

1990 2181 2342 2236 mendatione
2393 2177 2552 2234 famae
2623 2178 2853 2248 permoti
2925 2188 3037 2234 tum
3093 2178 3410 2243 scribimus,
3461 2189 3575 2236 tum

1989 2269 2308 2339 gravitatem
2362 2276 2511 2322 tuam
2559 2266 2888 2332 salutamus,
2950 2267 3240 2323 laudantes
3270 2284 3333 2323 ac
3363 2268 3572 2324 felicem

1990 2357 2372 2430 praedicantes,
2403 2359 2549 2428 quod
2583 2365 2802 2428 propter
2828 2355 3120 2411 Dominum
3173 2357 3317 2412 ultro
3350 2359 3574 2429 pertuli-

1991 2451 2061 2506 sti
2105 2465 2404 2506 aarumnas-
2430 2459 2596 2520 atque
2625 2449 2930 2520 angustias,
2971 2448 3318 2504 vexationem
3381 2465 3576 2506 mena,

1993 2544 2144 2600 sterii
2197 2543 2695 2613 abductionenique
2736 2543 2800 2597 in
2845 2543 3123 2606 exsilium.
3164 2542 3294 2598 etsi
3323 2543 3451 2612 quid
3495 2552 3581 2598 est

1992 2633 2141 2690 aliud
2161 2634 2574 2700 calamitosum,
2612 2651 2724 2704 quo
2757 2634 3034 2691 confessio
3063 2635 3401 2702 exploratur.
3435 2633 3580 2690 Lau~

1991 2726 2078 2782 dis
2115 2725 2233 2782 haec
2259 2737 2388 2782 sunt
2419 2735 2473 2782 et
2503 2727 2905 2797 praedicationis
2963 2727 3122 2798 plena
3155 2744 3170 2782 :
3199 2727 3315 2784 haec
3351 2727 3579 2798 Sponsae

1991 2819 2196 2896 Christi
2239 2819 2538 2874 certamina
2569 2830 2623 2874 et
2661 2819 2866 2887 praelia,
2925 2828 3002 2883 et,
3056 2819 3200 2890 quod
3251 2830 3338 2876 est
3381 2821 3575 2890 majori

1994 2911 2360 2968 admiratione
2387 2911 2637 2981 dignum,
2669 2926 2926 2966 sororum
2983 2913 3325 2968 subditarum
3365 2914 3575 2970 sancti-

1995 3007 2179 3062 monia
2217 3023 2231 3060 :
2267 3020 2392 3060 nam
2427 3015 2480 3058 et
2509 3013 2640 3060 sunt
2675 3021 2740 3060 ex
2775 3006 2910 3075 ipsis
2961 3021 3086 3076 qua:
3112 3014 3334 3076 prepter
3361 3005 3579 3062 confes-

1995 3098 2207 3155 sionem
2251 3105 2427 3154 tecum
2468 3097 2630 3154 bonis
2671 3108 2848 3154 exutae
2915 3108 3065 3163 sunt,
3115 3111 3170 3154 et
3217 3099 3342 3155 forti
3395 3102 3580 3156 animo

1996 3191 2236 3257 fuerunt,
2260 3201 2313 3247 et
2339 3192 2526 3262 plagas
2551 3200 2909 3261 exceperunt,
2947 3201 3002 3246 et
3031 3192 3216 3262 ejecta:
3239 3206 3364 3248 sunt
3399 3194 3454 3248 in
3481 3211 3581 3248 ex-

1997 3283 2204 3346 silium,
2241 3291 2298 3340 et
2348 3282 2790 3354 gloriﬁcaverunt
2845 3283 3018 3338 Deum
3075 3294 3189 3338 tum
3241 3287 3295 3340 in
3351 3300 3582 3355 corpore

1997 3391 2121 3439 suo,
2154 3386 2267 3429 tum
2301 3389 2430 3430 vero
2455 3387 2509 3430 et
2537 3375 2593 3430 in
2617 3375 2832 3444 spiritu.
2863 3372 2909 3430 0
2937 3377 3267 3432 certamina!
3311 3376 3414 3432 vah
3444 3394 3581 3448 pra:-

1997 3467 2198 3524 elaram
2250 3467 2684 3523 institutionem!
2718 3467 2891 3535 Quale
2921 3469 3065 3540 quod
3098 3469 3355 3540 imperat,
3389 3471 3496 3524 tale
3525 3479 3582 3527 et

1995 3560 2140 3631 quod
2205 3560 2396 3616 subest
2424 3575 2438 3616 :
2468 3561 2648 3630 qualis
2706 3560 2989 3632 magistra,
3028 3561 3164 3615 tales
3191 3569 3248 3616 et
3273 3562 3578 3633 discipulae.

1997 3652 2075 3707 Te
2129 3666 2230 3705 vox
2264 3652 2415 3707 decet
2445 3653 2550 3708 ista
2585 3669 2599 3708 :
2631 3651 2771 3708 Ecce
2809 3668 2910 3723 ego
2943 3663 2996 3708 et
3025 3653 3220 3723 puellte
3277 3669 3412 3709 mea:
3442 3671 3580 3726 quas

1996 3744 2144 3799 dedit
2179 3744 2313 3798 mihi
2349 3743 2494 3798 Deus
2519 3746 2590 3807 ",
2627 3753 2887 3808 strenuae,
2919 3745 3114 3810 fortes,
3169 3745 3370 3801 Christi
3408 3749 3580 3812 magis

1994 3852 2160 3908 quam
2193 3836 2376 3891 carnis
2437 3837 2750 3901 amatrices,
2783 3837 2969 3894 omnia
3023 3839 3301 3894 arbitratae
3347 3849 3409 3894 ut
3441 3849 3580 3894 ster-

1995 3945 2146 3994 cora,
2198 3937 2260 3983 ut
2290 3927 2571 3984 Christum
2618 3929 3009 3986 lucrifacerent
3036 3934 3082 3964 ³⁸
3114 3951 3127 3986 :
3162 3948 3284 4001 qua:
3333 3935 3579 3989 membra

1995 4022 2180 4076 omnia
2219 4019 2440 4075 Christo
2486 4030 2910 4085 consecrarunt,
2947 4033 3005 4075 ut
3035 4033 3310 4078 amantem
3374 4040 3435 4080 se
3480 4025 3578 4080 de-

1997 4122 2362 4169 mererentur.
2393 4112 2530 4166 Cum
2563 4112 2972 4169 confessoribus
3003 4124 3377 4171 annumeratze
3423 4117 3578 4181 estis,

1997 4223 2124 4263 cum
2155 4205 2487 4276 martyribus
2509 4216 2806 4270 coronatae,
2843 4216 3109 4278 quantum
3160 4208 3225 4262 ad
3287 4209 3578 4278 praeterita.

1999 4297 2104 4351 Sed
2139 4295 2608 4366 quandoquidem,
2639 4311 2672 4350 o
2713 4309 2911 4360 mater,
2952 4313 3101 4351 nemo
3161 4307 3450 4351 coronatur
3477 4297 3580 4352 nisi

1997 4389 2223 4460 legitime
2261 4390 2536 4446 certauerit
2563 4388 2610 4420 '°
2647 4407 2662 4444 :
2695 4389 2994 4459 legitimum
3035 4401 3120 4446 est
3178 4400 3362 4445 autem
3407 4373 3580 4460 usque

1998 4481 2052 4534 in
2085 4477 2245 4533 ﬁnem
2273 4479 2376 4532 [ide
2397 4493 2462 4532 ac
2499 4477 2744 4533 nmribus
2775 4479 3044 4534 excellere
3079 4497 3092 4532 :
3124 4478 3357 4535 obsecro
3386 4486 3440 4533 et
3481 4477 3581 4533 ad-

1999 4587 2215 4634 moneo,
2248 4582 2308 4626 ut
2334 4573 2490 4642 digne
2548 4570 2876 4627 ambulemus
2938 4573 3210 4628 vocatione
3271 4590 3377 4644 qua
3406 4573 3580 4628 vocati

1927 4684 1970 4739 ι)
2001 4683 2209 4727 sumus,
2248 4681 2367 4719 cum
2417 4666 2560 4718 omni
2604 4665 2906 4720 humilitate
2934 4675 2982 4719 et
3034 4667 3433 4721 mansuetudine
3460 4666 3544 4728 ’τε

1997 4769 2252 4812 caventes
2297 4757 2487 4810 sedulo
2526 4754 2580 4809 in
2642 4764 2919 4825 posterum
2958 4772 3024 4810 ne
3072 4756 3266 4812 irretiti
3298 4767 3583 4814 teneamur

1996 4849 2305 4905 insanieute
2331 4849 2509 4904 adhuc
2547 4848 2740 4904 lizeresi
2772 4864 2896 4919 qua:
2928 4847 3206 4904 Christum
3234 4860 3396 4921 negat
3429 4871 3442 4906 :
3478 4867 3579 4908 nec

1997 4941 2310 5011 detorqueri
2358 4956 2456 4998 nos
2481 4941 2754 5012 patiamur
2779 4942 2850 4997 ab
2878 4943 3086 5012 optima
3112 4953 3164 4998 et
3204 4946 3438 5014 regulari
3472 4947 3579 5002 vita

1965 5071 1968 5074 .
1998 5034 2287 5089 monastici
2305 5035 2550 5089 instituti
2583 5052 2598 5090 :
2630 5035 2725 5089 sed
2756 5035 2942 5090 omnia
2971 5035 3236 5092 faciamus
3260 5037 3316 5093 in
3347 5038 3576 5109 gloriam

1997 5124 2114 5192 Dei,
2131 5127 2276 5182 omni
2291 5142 2358 5182 ex
2373 5137 2524 5197 parte
2536 5129 2917 5183 mandatorum
2937 5131 3223 5199 Splendore
3241 5130 3576 5202 fulgeamus;

1998 5220 2143 5290 quod
2205 5230 2259 5274 et
2315 5221 2572 5276 existimo
2611 5237 2707 5276 vos
2738 5232 3021 5291 pra-stare,
3057 5222 3113 5277 in
3139 5223 3357 5278 laudem
3392 5225 3578 5294 gloriae

1995 5311 2225 5375 Christi,
2261 5312 2314 5366 in
2341 5311 2714 5380 gloriationem
2749 5323 2984 5370 vestram
3021 5315 3434 5384 sempiternam,
3472 5317 3581 5370 uti-

1995 5414 2122 5454 nam
2171 5399 2252 5455 fas
2279 5401 2351 5456 sit
2381 5401 2602 5467 addere,
2633 5409 2688 5457 et
2736 5413 2979 5458 nostram
3010 5403 3103 5472 qui
3134 5411 3450 5472 peccatores
3481 5417 3581 5457 suo

1993 5506 2138 5548 mus.
2167 5489 2303 5547 Nam
2333 5491 2380 5548 si
2411 5506 2476 5548 ex
2512 5508 2624 5547 uno
2669 5493 2830 5551 Patre
2875 5511 3090 5562 sumus,
3122 5509 3315 5550 omnes
3345 5492 3580 5550 invicem

391 5747 441 5784 ⁸⁸
477 5747 730 5820 llebmi,
811 5751 892 5806 l3.
967 5753 1014 5784 "
1046 5749 1280 5824 Philipp.
1314 5767 1399 5819 ru,
1437 5752 1490 5807 8.
1555 5753 1600 5785 ³⁸
1636 5749 1679 5807 ll
1711 5749 1856 5808 Tim.
1889 5767 1952 5821 ιι,
1979 5752 2032 5809 5.
2109 5754 2151 5786 ’⁷
2183 5751 2379 5826 Ephcs.
2424 5770 2497 5822 tv,
2533 5755 2585 5812 l.
