4060 6374
581 321 742 395 ’1343
1797 309 1858 384 1s.
1889 321 2200 385 ΤΗΕοῡο

2319 319 2667 382 summa
3201 313 3208 318 ·
3689 332 3795 395 1344

597 451 796 497 tratrcs
827 433 1168 510 appellamur
1198 454 1214 493 :
1243 445 1302 495 et
1342 433 1592 493 omnium
1623 434 1918 491 virtutibus
1965 433 2188 505 gloriari

2298 434 2458 504 μεθα,
2498 427 2878 506 Προσεύχεσθε
2925 432 3056 504 περὶ
3089 432 3280 503 ἡμῶν·
3317 433 3347 486 ὀ
3374 435 3647 510 ἀσπασμὸς
3680 443 3802 514 ἡμῶν

595 534 846 606 singulos
877 533 1021 588 haud
1071 541 1274 588 temere
1305 539 1468 603 posse
1492 529 1846 584 arbitramur.
1881 526 2048 583 Orate
2079 541 2180 596 pro

2298 529 2344 578 ὲν
2385 522 2687 594 Πνεύματι.
2725 523 2786 576 '0
2815 522 3022 594 Κύριος
3069 523 3281 595 Ἰησοῦς
3310 525 3540 596 Χριστὸς
3581 534 3699 602 μετὰ
3730 538 3804 591 τοῦ

595 627 778 684 nonis.
807 624 1087 681 Salutatio
1134 632 1323 680 nostra
1349 623 1412 678 in
1449 621 1680 692 Spiritu.
1721 619 1990 676 Dominus
2019 615 2181 673 Jesus

2298 612 2610 684 [Ῑνεύματος
2647 611 2828 682 ὑμῶν.
2874 614 3070 685 Ἀμήν.
3121 615 3360 684 Ἀκήκοα
3409 616 3489 670 ὅτι
3536 619 3806 691 ἐγκράτειαν

505 727 511 736 “
595 717 848 774 Christus
876 732 1002 772 cum
1051 716 1244 787 spiritu
1289 723 1494 770 vestro.
1525 713 1724 768 Amen.
1783 711 1980 766 Audivi
2011 709 2185 766 absti-

2298 706 2469 770 ἕλκεις
2504 704 2730 776 πολλὴν,
2771 706 2868 759 καὶ¹
2903 705 3114 776 ἥσθην·
3150 705 3293 777 πλὴν
3324 708 3510 782 ἐπειδὴ
3543 712 3600 766 τὸ
3631 715 3806 786 μέτριον

597 810 842 865 nentiam
879 820 930 864 te
958 811 1283 881 protrahere
1333 806 1664 878 longiorem,
1691 813 1746 861 et
1770 805 1994 876 gavisus
2023 819 2140 858 sum
2165 820 2179 857 :

2298 801 2346 851 ὲν
2378 797 2550 851 πᾶσιν
2591 795 2838 868 ἄριστον,
2872 796 3301 869 ὑπομιμνήσκω,
3341 801 3632 869 μετρίωσον
3652 805 3808 877 ἑαυτὴν

597 901 694 958 sed
721 914 900 958 tamen
930 903 1190 972 quoniam
1224 900 1420 956 modus
1448 901 1502 954 in
1529 899 1692 954 rebus
1721 897 1981 953 omnibus
2032 895 2181 966 opti-

2298 893 2396 946 κάν
2419 889 2621 962 τούτῳ,
2660 889 2747 944 ἵνα
2769 889 2866 942 καὶ
2895 889 3311 961 δουλαγωγῆται
3341 891 3402 947 τὸ
3427 892 3597 965 σῶμα,
3638 899 3717 951 καὶ
3751 904 3809 974 μὴ

596 1008 722 1050 mus
751 1002 855 1056 est,
878 1007 1202 1048 commoneo
1231 1001 1292 1046 ut
1320 991 1406 1047 vel
1440 992 1494 1046 in
1531 1007 1594 1046 ea
1625 1007 1686 1046 re
1722 991 1942 1046 modum
1973 997 2183 1052 teneas,

2298 987 2459 1058 ἀτονῇ
2495 985 2797 1058 ὑπουργεῖν
2823 986 2944 1048 ταῖς
2971 984 3235 1050 ἐντολαῖς.

595 1096 661 1142 ut
686 1095 742 1143 et
765 1103 962 1158 corpus
993 1087 1046 1142 in
1103 1088 1417 1142 servitutem
1473 1086 1772 1158 redigatur,
1804 1100 1901 1139 nec
1927 1083 2000 1138 sit
2031 1097 2186 1136 man-

597 1179 742 1234 datis
769 1179 1137 1248 exsequendis
1167 1180 1366 1248 impar.

631 1268 796 1325 XCII.
823 1299 894 1310 -—
929 1267 1198 1340 Episcopi:
1223 1279 1437 1341 propter
1489 1269 1758 1326 Christum
1801 1265 2070 1322 exsulibus
2101 1265 2156 1318 in

2299 1258 2420 1326 ιβ’.
2452 1285 2522 1299 -—
2561 1256 2954 1341 Ἐπιςσεόποις
2987 1255 3115 1341 ςρῒς
3142 1256 3241 1338 διὰ
3269 1259 3525 1341 Χριστός
3570 1266 3813 1336 φυγαδευ.

1256 1328 1542 1397 ϐίίενδοηε.

2689 1328 2884 1381 θεῖσιν
2899 1328 2970 1380 ἐν
2985 1328 3274 1396 Χερσῶνι.
3317 1328 3520 1403 [φπςη]

601 1432 794 1485 Gratias
823 1435 929 1500 agit
959 1436 1093 1498 quod
1123 1438 1353 1486 nuntium
1395 1436 1460 1486 de
1490 1434 1600 1485 suis
1623 1431 1878 1500 rebusad
1912 1433 2075 1500 ipsum
2100 1419 2739 1500 .m‘ise‘rj‘ntilaudatngpod
2781 1420 2991 1500 εξεξιιεσ
3031 1421 3268 1484 praelata
3313 1419 3496 1485 ubique
3531 1425 3634 1476 ﬁdei
3653 1427 3814 1491 pietatis

1601 1481 1834 1558 éiéxﬁpia
1866 1481 2190 1558 praebuerint.
2231 1484 2432 1545 (Baron.
2454 1496 2534 1533 an.
2569 1483 2681 1545 881,
2703 1496 2754 1532 ιι.
2790 1481 2893 1542 Si.)

672 1578 830 1636 Vera:
859 1582 1147 1637 charitatis
1175 1597 1315 1653 opus
1343 1591 1451 1648 est,
1487 1581 1724 1652 ﬁdeique
1759 1596 1867 1635 non
1904 1581 2044 1633 fictae
2098 1576 2198 1630 de-

2381 1569 2674 1641 Ἀληθινῆς
2719 1568 2948 1640 ἀγάπης
2989 1567 3154 1640 ἔργον
3186 1568 3281 1632 καὶ
3321 1569 3552 1635 πίστεως
3576 1574 3816 1648 ἀνυποκρὶ.

605 1673 960 1739 monstratio,
986 1674 1133 1744 quod
1161 1682 1313 1728 tanto
1347 1688 1411 1727 ex
1441 1672 1688 1727 locorum
1717 1671 2005 1724 intervallo
2028 1679 2196 1722 unum

2298 1679 2392 1716 του
2413 1662 2690 1727 ἀπόδειξις
2710 1661 2772 1716 τὸ
2819 1664 2885 1716 ἐκ
2933 1660 3198 1714 τοσούτου
3251 1661 3610 1734 διαστήματος
3637 1671 3814 1724 rost:qu

605 1765 674 1822 de
722 1766 1074 1822 coexsulibus
1126 1767 1390 1822 fratribus
1449 1767 1600 1821 misit
1654 1773 1881 1835 paterna
1933 1760 2198 1818 sanctitas

2298 1752 2614 1808 ἀποστεῖλαι
2647 1753 2748 1824 τὴν
2781 1751 3058 1824 πατρικὴν
3109 1752 3265 1823 ὑμῶν
3291 1753 3595 1828 ἁγιωσύνην
3635 1757 3717 1812 ἕνα
3735 1763 3816 1814 τῶν

604 1867 810 1923 vestra,
842 1857 1146 1928 Agapetum
1176 1859 1508 1914 monachum
1542 1856 2083 1921 reverendissimum,
2112 1853 2196 1909 vel

2298 1844 2784 1915 συνδεδιωγμένων
2823 1843 3096 1913 ἀδελφῶν,
3137 1845 3453 1916 ’Δγαπητὸν
3481 1847 3569 1902 τὸν
3588 1851 3816 1923 αίδεσιμὼη

605 1953 792 2020 potius
844 1949 1249 2016 beatissimum,
1279 1949 1434 2020 juxta
1491 1949 1542 2004 id
1597 1949 1742 2019 quod
1775 1963 1805 2001 a
1837 1946 2067 2002 Domino
2107 1944 2193 1999 di-

2298 1951 2458 1988 τατον
2491 1935 2798 2006 μοναστήνο
2839 1933 3045 2006 μᾶλλον
3085 1935 3144 1988 δὲ
3184 1936 3595 2010 μακαριώτατον
3623 1943 3742 1996 κατά
3772 1945 3816 1997 τὸ

607 2050 757 2096 ctum
783 2051 869 2096 est
887 2042 956 2096 de
989 2042 1056 2096 iis
1086 2042 1176 2112 qui
1205 2042 1622 2110 persecutionem
1658 2041 1940 2111 patiuntur
1984 2047 2196 2108 propter

602 2135 873 2206 iustitiam
905 2135 952 2168 ³⁸
987 2154 1001 2190 :
1043 2135 1112 2191 ad
1175 2137 1510 2191 visitandum
1565 2135 1802 2207 primum
1843 2133 2066 2204 quidem
2113 2131 2198 2187 di~

609 2226 796 2282 vinum
833 2241 900 2282 ac
926 2242 1244 2298 supremum
1269 2239 1464 2298 caput;
1499 2227 1696 2283 deinde
1719 2242 1820 2282 nos
1842 2241 2060 2297 quoque
2093 2225 2198 2279 mi-

608 2318 866 2374 nimosin
911 2319 1173 2377 fratribus
1201 2331 1257 2376 et
1306 2322 1432 2377 filiis
1463 2321 1861 2392 spiritualihus.
1903 2321 1947 2376 Ο
1977 2320 2200 2391 przecla-

607 2425 730 2464 rum
796 2413 1090 2468 consilium
1119 2416 1132 2468 ι
1166 2431 1200 2470 o
1225 2414 1494 2470 sinceram
1546 2413 1930 2469 dilectionem!
1964 2423 2019 2470 et
2068 2428 2202 2484 quo-

609 2516 868 2556 rumnam
907 2504 1170 2572 aliorum,
1203 2521 1369 2576 quam
1411 2521 1601 2560 eorum
1661 2501 1764 2576 qui
1793 2517 2017 2574 propter
2039 2504 2202 2560 Chri-

611 2604 756 2649 stum
778 2595 1044 2665 elegerint
1067 2613 1097 2652 a
1117 2598 1436 2654 domesticis
1459 2599 1729 2668 separari,
1765 2607 1821 2653 et
1842 2597 2196 2669 longinquam

612 2687 670 2742 in
716 2703 871 2743 oram
929 2691 1186 2746 secedere
1247 2702 1399 2746 tanto
1434 2692 1604 2748 maris
1635 2692 1810 2760 spatio
1843 2692 2199 2763 disjunctam,

611 2796 787 2852 eaque
821 2782 934 2837 illic
970 2783 1082 2854 pati
1146 2799 1288 2853 quze
1330 2784 1432 2839 fert
1478 2785 1604 2839 talis
1655 2785 1831 2840 exsilii
1892 2785 2173 2841 conditio?

609 2871 996 2933 Clarissimum
1020 2877 1128 2932 hoc
1155 2887 1346 2933 vestrae
1370 2878 1654 2936 charitatis
1680 2889 2064 2952 argumentum
2095 2888 2200 2935 est.

613 2964 940 3024 Benedictus
973 2984 1104 3039 ergo
1131 2967 1401 3026 Dominus
1433 2971 1577 3028 Deus
1620 2972 1715 3042 qui
1747 2986 1843 3027 vos
1873 2987 2000 3043 erga
2031 2973 2203 3028 tenui-

612 3065 778 3112 tatem
821 3070 1066 3116 nostram
1123 3061 1202 3116 sic
1258 3061 1536 3126 excitavit,
1573 3069 1626 3118 et
1654 3065 1803 3118 vires
1855 3077 1920 3118 ac
1970 3063 2202 3133 gratiam

610 3151 861 3222 delegato
904 3153 1073 3218 dedit,
1131 3161 1191 3208 ut
1242 3163 1369 3208 nota
1423 3154 1581 3210 nobis
1627 3154 1827 3210 faceret
1867 3155 2048 3210 omnia
2084 3170 2204 3225 quze

615 3245 921 3314 peregistis,
983 3261 1217 3316 quaeque
1281 3246 1462 3300 adhuc
1527 3245 1834 3310 sustinetis,
1895 3245 2200 3301 felicissimi

2300 2027 2406 2083 ὑπὸ
2427 2028 2638 2100 Κυρίου
2672 2028 2934 2100 ᾀδόμενον
2959 2029 3029 2083 ὲν
3055 2028 3182 2096 τοῖς
3227 2029 3633 2107 δεδιωγμένοις
3659 2035 3818 2092 ἕνεκεν

2298 2119 2700 2189 δικαιοσύνης
2725 2137 2739 2152 ’
2779 2122 3088 2194 ἐπισκοπὴν
3119 2123 3506 2194 ποιησόμενον,
3534 2130 3818 2201 προηγουμέ-

2298 2227 2406 2274 νως
2437 2210 2538 2281 μὲν
2571 2214 2638 2282 τῇ
2693 2211 2816 2283 θείᾳ
2875 2214 2973 2265 καὶ¹
3028 2215 3442 2288 κορυφαιοτάτῃ
3473 2218 3626 2289 κάρα,
3672 2219 3819 2274 ἔπειτα

2299 2303 2435 2375 ἡμῖν
2467 2305 2582 2367 τοῖς
2613 2303 2922 2374 ἐλαχίστοις
2953 2307 3012 2359 ἐν
3037 2306 3295 2375 ἀδελφοῖς
3331 2309 3426 2362 καὶ
3454 2311 3588 2363 υἱέσι
3627 2329 3818 2380 πνευμα-

2298 2393 2498 2452 τικοῖς.
2541 2393 2607 2444 Ὢ
2645 2393 2750 2461 τῆς
2795 2391 2971 2461 καλῆς
3001 2393 3329 2458 εὐδουλίαςῐ
3368 2394 3535 2466 ὣτῆς
3559 2395 3820 2468 εἰλικρινοῦς

2301 2483 2560 2551 ἀγάπηςὶ
2589 2481 2686 2535 καὶ
2715 2481 2880 2536 τίνων
2912 2483 3112 2550 ἄλλων,
3147 2483 3183 2544 ἦ
3217 2484 3332 2537 τῶν
3363 2484 3452 2538 διὰ
3494 2486 3705 2556 Χριστὸν
3731 2485 3818 2540 ἐλο-

2307 2575 2488 2646 μένων
2527 2575 2624 2629 καὶ¹
2658 2575 2770 2628 τῶν
2806 2577 3026 2631 οἰκείων
3052 2579 3348 2650 ἐκστῆναι,
3375 2579 3470 2633 καὶ
3497 2582 3572 2644 είς
3592 2582 3679 2651 τὴν
3701 2580 3818 2634 ἁλλο-

2301 2667 2484 2738 δαπὴν
2547 2668 2993 2738 ἐκπεφευγέναι·
3049 2670 3296 2742 τοσούτῳ
3385 2673 3548 2743 μήκει
3602 2671 3820 2739 θαλάσσης

2301 2759 2691 2830 διειργομένην
2713 2779 2727 2794 ’
2759 2763 2858 2816 καὶ
2881 2762 3186 2833 τληπαθεῖν
3215 2766 3339 2818 ἐκεῖ
3365 2765 3463 2820 ὅσα
3489 2764 3624 2827 aut;
3643 2766 3822 2834 ἐπισυμ-

2304 2851 2534 2914 ϐαίνειν,
2583 2851 2748 2906 τοῦτο
2801 2853 3207 2924 ἐναργέστατον
3265 2855 3468 2925 δεῖγμα
3521 2855 3816 2925 καθέστηκεν.

2303 2945 2613 3016 Εὐλογητὸς
2652 2942 2747 3000 οὖν
2795 2946 3004 3017 Κύριος
3033 2949 3062 3001 ό
3095 2947 3252 3013 Θεὸς,
3296 2948 3360 3012 ὃς
3406 2947 3678 3014 κατὲνυξεν
3715 2948 3820 3017 ὑμᾶς

2302 3037 2398 3090 ἐπὶ
2445 3037 2706 3093 τοσοῦτον
2755 3039 2894 3110 πρὸς
2941 3038 3041 3110 τὴν
3112 3040 3401 3094 εὐτέλειαν
3451 3041 3626 3111 ήμῶνο
3659 3041 3734 3093 καὶ
3779 3037 3821 3100 ὃς

2305 3129 2508 3183 ἔδωκεν
2559 3131 2715 3201 ἰσχὺν
2763 3131 2858 3184 καὶ
2905 3132 3069 3202 χάριν
3121 3131 3200 3202 τῷ
3262 3133 3574 3203 Ἀποστόλῳ
3615 3131 3821 3203 γνωρίσαι

2305 3222 2439 3292 ἡμῖν
2492 3222 2694 3286 πάντα,
2731 3221 2876 3294 ἅπερ
2930 3221 3024 3276 καὶ
3084 3222 3369 3292 ὴνύσατε’
3428 3225 3520 3278 καὶ
3567 3224 3640 3278 ἐτι
3674 3223 3820 3294 φέρετε

615 3335 829 3402 Patres,
879 3314 1258 3406 pro‘nomine
1317 3335 1535 3389 Domini
1585 3335 1758 3390 nostri
1791 3332 1920 3390 Jesu
1969 3334 2198 3390 Christi.

2302 3314 2604 3387 τρισόλϐιοι
2635 3314 2880 3388 Πατέρες
2899 3332 2914 3346 ο
2951 3315 3096 3386 ὑπὲρ
3125 3315 3220 3370 τοῦ
3251 3318 3517 3388 ὀνόματος
3545 3315 3631 3371 τοῦ
3666 3315 3820 3387 Κυρίου

615 3427 748 3496 Quae
790 3429 1011 3498 quidem
1043 3429 1330 3484 audientes
1382 3427 1556 3499 gavisi
1588 3441 1799 3494 sumus,
1830 3429 2199 3499 laudavimus,

615 3521 821 3593 gratias
875 3521 1110 3592 egimus,
1138 3527 1192 3574 et
1223 3520 1480 3586 diximus,
1515 3535 1643 3576 vere
1673 3520 1730 3574 in
1759 3519 1919 3576 vobis
1958 3523 2203 3592 compla-

615 3615 784 3671 citum
817 3629 940 3670 esse
955 3614 1089 3680 Deo,
1117 3630 1281 3684 quem
1317 3613 1500 3670 colitis
1522 3613 1871 3670 confessione
1900 3616 2168 3672 veritatis.

685 3772 802 3844 Ego
829 3788 959 3829 vero
1005 3775 1088 3831 sic
1111 3776 1389 3840 existimo,
1423 3791 1534 3830 non
1575 3785 1774 3832 vestra:
1804 3785 2014 3831 tantum
2049 3777 2204 3834 inco-

616 3863 886 3922 lumitatis
908 3867 1084 3933 gratia
1110 3907 1126 3933 ,
1171 3867 1264 3922 sed
1305 3866 1475 3922 etiam
1503 3867 1703 3922 salutis
1731 3868 2042 3923 incolarum
2073 3907 2090 3934 ,
2133 3869 2205 3924 ab

615 3955 867 4010 omnium
931 3959 1339 4013 conservatrice
1419 3957 1762 4027 providentia
1842 3957 2203 4013 constitutum

618 4045 790 4101 fuisse
807 4055 1047 4102 vestrum
1065 4046 1120 4101 in
1141 4061 1238 4102 eas
1255 4061 1383 4102 oras
1399 4047 1676 4102 exsilium.
1693 4046 1774 4101 Eo
1790 4047 2061 4118 siquidem
2077 4063 2206 4118 pro-

619 4135 785 4204 fecti,
853 4153 984 4193 mox
1026 4136 1321 4192 luminaria
1368 4137 1420 4190 in
1460 4137 1703 4193 tenebris
1733 4137 1968 4207 vitaeque
2017 4152 2206 4194 errore

620 4230 967 4286 versantibus
991 4245 1088 4286 vos
1114 4229 1446 4297 praebuistis,
1469 4229 1641 4285 duces
1663 4243 1958 4296 caecorum,
1982 4230 2204 4286 virtutis

619 4326 954 4397 magistros,
1007 4339 1290 4396 praecones
1352 4325 1603 4394 pietatis,
1681 4325 1908 4380 nuntios
1952 4324 2201 4379 omnium

620 4435 745 4490 quae
794 4419 884 4475 hic
912 4428 1104 4476 contra
1149 4417 1434 4473 Christum
1471 4433 1568 4486 per
1605 4417 1942 4472 horrendam
1981 4417 2207 4474 temeri-

621 4520 788 4567 tatem
812 4519 962 4583 gesta
991 4519 1144 4566 sunt.
1183 4509 1260 4566 Ita
1289 4519 1344 4565 et
1371 4509 1444 4564 ibi
1494 4519 1550 4564 et.
1579 4508 1784 4578 ubique
1816 4518 2088 4564 terrarum
2139 4526 2206 4567 ac

622 4607 828 4674 maris,
871 4605 1040 4662 veluti
1070 4605 1218 4661 faces
1247 4604 1500 4661 accendit
1543 4601 1815 4658 Dominus
1855 4602 2205 4660 confessores

622 4698 690 4752 ad
727 4697 1101 4753 ostensionem
1154 4695 1438 4760 veritatis,
1487 4693 1830 4749 eversionem
1885 4694 2204 4764 impietatis,

623 4788 1090 4860 quemadmodum
1122 4786 1343 4843 saeculis
1366 4785 1766 4856 superioribus.
1788 4783 1857 4840 Et
1885 4775 2210 4856 magniﬁca-

626 4891 742 4937 tum
799 4891 884 4935 est
950 4895 1150 4934 nomen
1206 4878 1352 4948 ejus,
1417 4886 1474 4934 et
1519 4877 1785 4948 probatus
1841 4886 1926 4934 est
1974 4879 2210 4950 populus

627 4969 833 5028 Christi
863 4970 1104 5034 electus,
1140 4979 1196 5027 et
1225 4969 1432 5028 Christi
1459 4983 1589 5025 osor
1617 4979 1794 5025 caelus
1835 4973 2158 5040 reprobatus
2189 4992 2204 5029 :

627 5063 865 5132 denique
894 5079 1129 5133 magnus
1153 5063 1322 5120 draco
1342 5102 1358 5128 ,
1399 5077 1558 5118 mens
1585 5062 1809 5131 Assyria
1835 5101 1852 5125 ,
1896 5063 2062 5120 finem
2089 5069 2216 5124 vitae

628 5155 858 5215 sortitus
883 5164 968 5212 est
993 5157 1220 5226 dignum
1254 5156 1562 5212 temeritate
1593 5170 1728 5223 sua,
1757 5173 1926 5227 quam
1959 5160 2016 5214 in
2040 5159 2214 5217 Deum

627 5254 897 5312 exercuit.
921 5252 1210 5319 Quomodo
1232 5260 1415 5308 autem
1441 5267 1586 5308 nunc
1616 5268 1676 5308 se
1707 5268 1799 5309 res
1834 5254 1926 5309 hic
1954 5256 2214 5323 habeant,

630 5360 1105 5418 supervacaneum
1137 5345 1279 5401 foret
1311 5344 1538 5410 dicere,
1566 5360 1692 5400 cum
1716 5345 1974 5412 idoneus,
2005 5348 2214 5406 Christi

633 5436 831 5512 gratia,
859 5441 933 5494 sit
964 5437 1290 5496 tabellarius
1319 5447 1378 5494 ut
1415 5437 1600 5494 omnia
1633 5436 1829 5492 doceat
1855 5448 2050 5494 exacte
2077 5456 2092 5494 :
2125 5442 2215 5498 cui

635 5547 739 5588 nos
757 5549 880 5588 cum
909 5531 1139 5603 epistola
1157 5529 1597 5586 distributionem
1616 5530 1914 5600 quamdam
1935 5532 2218 5587 commisi-

2303 3410 2467 3482 ἡμῶν
2507 3408 2685 3480 Ἰησοῦ
2715 3407 2982 3481 Χριστοῦ.
3029 3410 3151 3480 Ἐφ’
3183 3408 3266 3474 οἷς
3321 3411 3643 3474 ἀκούσαντες
3672 3411 3820 3480 ἐχάρη·

2310 3522 2430 3576 μεν,
2461 3502 2760 3574 ῂνέσαμεν,
2808 3502 3399 3576 ἀνθωμολογησάμεθα
3425 3522 3439 3537 ο
3481 3507 3702 3574 είπομεν,
3723 3502 3821 3556 ὅτιό

2303 3595 2443 3657 Θεὸς
2499 3595 2669 3660 ὅντως
2719 3595 2781 3648 ἐν
2835 3596 2967 3666 ὑμῖν
3045 3597 3235 3650 ἐστιν*
3289 3597 3723 3668 εὐαρεστοὺμενος
3755 3594 3821 3646 καὶ

2306 3685 2751 3758 θεραπευόμενος
2778 3688 2847 3758 τῇ
2875 3685 3021 3757 ὑπὲρ
3051 3686 3316 3758 ἀληθείας
3347 3686 3618 3758 ὁμολογίᾳ.

2390 3778 2549 3849 Ἐμοί¹
2577 3777 2634 3830 δὲ
2660 3777 2830 3840 δοκεῖ,
2861 3777 2960 3846 οὐχ
2990 3776 3182 3831 εἵνεκα
3205 3777 3366 3847 ὑμῶν
3399 3778 3637 3847 σώματος
3673 3774 3819 3843 μόνον’

2305 3871 2444 3926 ἀλλά
2469 3870 2580 3940 γὰρ
2603 3869 2701 3923 καὶ
2720 3871 2779 3922 ἐν
2807 3871 2922 3932 τοῖς
2943 3868 3134 3923 αὐτόθι
3164 3869 3445 3941 σωτηρίας
3471 3868 3564 3940 τὴν
3589 3863 3824 3936 φυγαδείαν

2305 3961 2733 4033 οἱκονομηθῆναι
2753 4001 2768 4023 ,
2799 3961 2954 4033 παρά
2979 3961 3082 4030 τῆς
3121 3960 3190 4014 τὰ
3226 3961 3410 4016 πάντα
3442 3959 3698 4027 σωζούσης
3729 3971 3824 4023 προ-

2305 4053 2480 4117 νοίας.
2555 4053 2896 4124 Ἐπειδήπερ
2951 4053 3281 4117 ἐπιστάντες
3339 4053 3553 4123 ὢφθητε
3598 4049 3823 4121 φωστῆρες

2303 4147 2415 4200 τῶν
2465 4149 2525 4204 ἐν
2579 4146 2765 4200 σκότει
2825 4146 2924 4200 καὶ
2974 4145 3155 4219 πλάνῃ
3200 4146 3357 4216 βίου,
3401 4147 3581 4216 ὁδηγοὶ
3625 4141 3821 4210 τυφλῶν·

2307 4237 2596 4292 παιδευταὶ
2635 4237 2860 4308 ἀρετῆς,
2914 4236 3166 4308 κήρυκες
3215 4236 3535 4299 εὐσεϐείας·
3579 4230 3822 4288 διδάσκαλοι

2304 4332 2416 4386 τῶν
2462 4329 2701 4386 ἐνταῦθα
2745 4329 3107 4401 πραχθέντων
3151 4329 3298 4383 κατά
3346 4327 3580 4400 Χριστοῦ
3634 4320 3824 4394 φοϐερῶν

2304 4425 2696 4496 τολμημάτων.
2732 4422 2890 4476 Οὕτω
2919 4422 3018 4476 καὶ
3041 4424 3099 4475 ἐν
3129 4425 3246 4486 τοῖς
3277 4423 3467 4476 αὐτόθι
3491 4421 3580 4475 καὶ
3607 4411 3823 4483 πανταχυῦ

2306 4525 2410 4594 γῆς
2439 4539 2499 4576 τε
2530 4521 2627 4574 καὶ
2659 4519 2944 4590 θαλάσσης
2980 4517 3194 4589 ηὖγασε
3237 4518 3449 4589 Κύριος
3476 4517 3594 4579 τοὺς
3621 4511 3825 4583 ὁμολογη-

2307 4617 2429 4680 τάς,
2457 4619 2536 4678 εἰς
2559 4613 2786 4680 ἔνδειξιν
2815 4611 3097 4682 ἀληθείας,
3123 4613 3206 4674 είς
3245 4609 3565 4682 ἀποτροπὴν
3592 4601 3823 4660 ἁσεόείας’

2317 4711 2571 4781 καθάπερ
2613 4708 2709 4762 ἐπὶ
2753 4705 2865 4760 τῶν
2887 4705 3096 4760 ἄνωθεν
3133 4705 3344 4777 χρόνων
3368 4721 3382 4734 ·
3426 4703 3517 4758 καὶ
3547 4690 3824 4770 ἐμεγαλύνθη

2315 4802 2377 4854 τὸ
2415 4799 2586 4869 ὄνομα
2627 4797 2828 4863 αὑτοῦ,
2875 4799 2972 4850 καὶ
3020 4795 3361 4866 ἐδοκιμάσθη
3398 4795 3428 4848 ό
3476 4789 3707 4850 ἐκλεκτδς
3735 4783 3826 4842 λαὸς

2314 4891 2556 4964 Χριστοῦ
2578 4930 2594 4955 ,
2633 4892 2730 4944 καὶ
2765 4888 3192 4961 ἀπεδοκιμάσθη
3220 4889 3249 4942 ὁ
3284 4885 3623 4958 μισόχριστος
3656 4878 3824 4934 θίασος⁸

2315 4986 2412 5040 καὶ
2449 4985 2604 5048 τέλος
2652 4983 2847 5037 ἐλαϐεν
2889 4983 3017 5054 ὅρον
3049 4981 3218 5051 ζωῆς,
3257 4979 3480 5044 ἐπάξιον
3503 4979 3594 5045 τῆς
3625 4965 3825 5039 τόλμηςὁ

2316 5079 2492 5148 μέγας
2535 5077 2774 5148 δράκων,
2808 5077 2837 5128 ὀ
2895 5074 3183 5146 Ἀσσύριος
3221 5071 3368 5136 νοῦς,
3407 5065 3476 5143 ἦς
3517 5068 3688 5138 ἔδρασε
3722 5056 3825 5148 κατὰ

2312 5146 2450 5246 Θεοῦ
2469 5185 2485 5200 ο
2519 5146 2583 5221 et
2615 5166 2672 5221 δὲ
2700 5169 2851 5231 ὅπως
2876 5167 2972 5222 νῦν
3001 5167 3114 5237 ἔχει
3149 5165 3220 5220 τά
3241 5163 3499 5227 ἐνταῦθα,
3532 5157 3763 5246 παρέλκον
3781 5146 3826 5200 ἂν

2313 5239 2620 5330 εἴηνλέγειν
2640 5277 2654 5291 ·
2685 5260 2774 5313 διὰ
2802 5261 2865 5314 τὸ
2892 5261 2986 5313 τὸν
3013 5258 3493 5330 γραμματηφόρον
3524 5250 3689 5308 ἱκανὸν
3701 5239 3827 5340 ἐἶναι

2313 5355 2498 5428 χάριτι
2529 5354 2767 5425 Χριστοῦ
2789 5396 2804 5416 ,
2836 5354 3045 5406 ἕκαστα
3079 5351 3357 5418 ἐκδιδάξαι
3390 5345 3661 5420 ἐμμελῶς.
3759 5331 3828 5428 χαι

2319 5420 2677 5518 παρεθέμεθα
2707 5445 2847 5516 μετά
2875 5444 2977 5516 τῆς
3014 5442 3309 5510 ἐπιστολῆς
3347 5440 3442 5494 καί
3467 5453 3582 5492 τινα
3608 5420 3827 5524 marvel-dij!

2319 5517 2520 5612 ἢνκαὶ
2567 5536 2946 5606 καταξιώσατε
2986 5535 3351 5603 εἰσδέξασθαι,
3392 5529 3709 5604 χαριζόμενοι
3732 5517 3830 5586 ἡμῖν

638 5640 782 5685 mus,
807 5639 971 5694 quam
1003 5623 1284 5692 suscipere
1308 5621 1632 5694 dignemini,
1663 5622 2005 5678 venerandas
2032 5639 2202 5695 prece:

2323 5633 2419 5697 τὰς
2441 5632 2630 5702 τιμίας
2657 5630 2970 5704 προσευχὰς
2999 5631 3080 5696 εἰς
3116 5627 3418 5702 στηριγμδν
3443 5619 3626 5696 ψυχῆς·

641 5718 706 5772 znl
737 5717 979 5769 animum
1013 5715 1481 5772 corroborandum
1514 5715 1670 5770 nobis
1711 5715 2013 5787 largiendo.

711 5827 756 5860 “
787 5827 976 5884 Matlh.
1005 5845 1052 5891 v,
1092 5829 1172 5882 10.

3973 3055 3975 3110 ι

3973 3123 3975 3180 ι

3973 3293 3975 3370 4
