4060 6374
236 366 376 434 1345

447 487 558 554 LJ".
593 517 662 528 —-
701 489 778 560 Τῇ
804 490 1112 563 ἡγουμένῃ
1141 491 1261 546 τῶν
1295 495 1577 564 Γόρδινα.
1608 496 1809 572 [ιρι-μη]

1430 383 1981 448 EPIS’I‘OLARUM
2013 383 2182 448 'LIB.
2243 388 2327 450 Ιῐ.

3387 389 3525 458 1346

2047 501 2329 568 Χςιιιμν-
2358 502 2670 574 Ρνιτροείηε
2694 504 3042 563 (Iordiuensis
3079 512 3406 564 monasterii.

813 603 1098 655 Monasterii
1126 604 1263 656 illius
1295 608 1520 657 alumnas
1543 610 1714 662 laudat
1744 613 1808 662 ob
1829 625 2064 666 constans
2084 618 2200 668 ﬁdei
2234 633 2294 669 ac
2335 618 2542 683 pietatis
2568 635 2702 672 verae
2723 622 2962 673 studium.

283 799 297 815 ι
318 705 634 815 Ἀπῄτησεν
669 708 817 778 ἡμᾶς
845 711 876 762 ὁ
903 709 1192 780 ἀγαπητὸς
1237 713 1396 784 ἡμῶν
1435 715 1668 783 ἀδελφὸς
1710 717 1827 772 Ἂν-

2001 723 2155 782 Hanc
2187 728 2474 797 epistolam
2515 745 2547 785 a
2597 731 2756 787 nobis
2805 733 3034 804 expetiit
3079 732 3318 790 dilectus
3355 733 3527 790 frater

228 799 439 894 ατιίιινιοςΔ
477 799 540 854 τό
593 803 772 894 παρὸν
817 807 1201 874 γραμματεῖον
1223 848 1238 867 .
1296 807 1472 876 λέγων
1533 811 1618 864 ὅτι
1663 812 1826 866 τοῦτο

1946 828 2118 874 uoster
2145 821 2418 877 Antonius
2445 863 2460 885 ,
2509 837 2812 894 suggerens
2851 799 3168 894 pollicitum
3199 842 3286 882 me
3315 825 3525 882 dudum

233 891 557 964 ὑπεσχόμην
590 893 760 947 πάλαι
797 895 1050 964 ποιῆσαι.
1081 898 1193 952 Καὶ
1226 899 1298 952 δι’
1324 900 1460 954 αὐτὸ
1497 897 1593 956 οὖν
1623 901 1785 956 τοῦτο
1811 945 1826 969 ,

232 983 333 1037 καὶ
361 984 452 1038 διὰ
491 985 591 1051 τὰς
635 986 945 1052 ἀποστολὰς
980 989 1170 1060 ὑμῶν,
1213 991 1324 1046 ἰδοὺ
1365 993 1830 1066 προσφθέγγομαι

1932 909 2013 962 sic
2050 925 2172 965 esse
2203 909 2502 966 facturum.
2554 911 2622 967 Et
2649 913 2722 969 ob
2765 913 2906 972 hanc
2959 917 3126 987 igitur
3159 934 3386 974 causam
3412 958 3428 984 ,
3474 933 3530 972 et

1939 1010 2161 1071 propter
2190 1003 2391 1058 missas
2425 1019 2454 1057 a
2507 1005 2662 1060 vobis
2700 1021 2946 1071 sorores,
2991 1025 3121 1065 ecce
3151 1025 3247 1065 vos
3277 1011 3530 1082 alloquor

233 1077 332 1170 καὶ
362 1079 758 1170 προσαγορεύω
785 1081 961 1151 ὑμᾶς,
990 1081 1066 1146 ὡς
1099 1089 1370 1155 μητέρας,
1402 1085 1480 1149 ὠς
1509 1086 1747 1156 ἀδελφὰς
1770 1089 1829 1140 ὲν

1946 1104 1987 1147 ιι
2012 1095 2194 1150 saluto
2220 1105 2479 1166 tanquam
2513 1107 2745 1160 matres,
2779 1109 3040 1170 tauquam
3066 1115 3289 1157 sorores
3323 1103 3376 1156 in
3407 1077 3524 1156 Do:-

235 1168 469 1240 Κυρίῳ·
523 1171 876 1242 μεμνημένος
920 1172 1024 1244 τῆς
1073 1174 1318 1246 ύπαντῆς
1361 1175 1551 1246 ὑμῶν,
1591 1178 1688 1230 καὶ
1733 1177 1840 1232 τοῦ

234 1260 411 1314 κόπου
442 1261 541 1332 τῆς
584 1264 808 1335 ἀγάπης
836 1259 904 1337 ἧς
947 1267 1292 1332 ἐνεδείξασθε
1325 1271 1404 1332 είς
1435 1270 1498 1322 τὸ
1529 1269 1704 1340 δνομα
1733 1273 1835 1325 αύ-

1934 1186 2105 1250 mino,
2139 1201 2348 1243 memor
2381 1187 2610 1256 periculi
2646 1190 2814 1244 vestri
2851 1198 2906 1244 et
2943 1191 3171 1258 laboris,
3216 1192 3270 1246 in
3301 1208 3410 1263 quo
3442 1202 3530 1246 to-

1933 1279 2162 1333 lerando
2206 1279 2468 1335 eximiam
2515 1280 2640 1351 ejus
2670 1281 2912 1338 nominis
2942 1283 3266 1338 charitatem
3289 1305 3292 1308 ’
3319 1283 3531 1354 signiti-

233 1354 335 1408 τοῦ
355 1372 369 1386 ·
395 1355 762 1424 διαφυγοῦσαι
791 1357 892 1429 τὴν
918 1361 1210 1413 κοινωνίαν
1241 1361 1353 1414 τῶν
1376 1362 1698 1433 αἱρετικῶν,
1738 1364 1836 1418 καὶ

1946 1368 2104 1423 :astis
2131 1410 2145 1430 .
2193 1372 2642 1426 communionem
2685 1370 3072 1427 hareticorum
3123 1383 3430 1441 aversata,
3465 1389 3531 1427 ac

232 1447 647 1519 διατηρήσασαι
701 1449 967 1516 ἀσπίλους
1025 1454 1227 1516 ἑαυτὰς
1281 1454 1392 1508 ἀπὸ
1439 1454 1536 1508 τοῦ
1595 1455 1830 1526 κόσμου.

234 1539 479 1593 Βλέπετε
530 1536 626 1594 οὖν
697 1543 795 1596 καὶ
861 1545 1000 1618 πρὸς
1061 1545 1122 1599 τὸ
1163 1545 1333 1616 ἑξῆς,
1389 1545 1584 1616 ἅγιαιο
1638 1546 1828 1619 ἐπειδὴ

231 1632 517 1688 ἐνίσταται
638 1671 677 1690 ..

524 1751 636 1815 ιμγ.
678 1779 750 1790 ——
781 1748 1028 1816 Εὐδοκῷ
1065 1754 1544 1822 παρθενευούσῃ.

1943 1471 2160 1514 vosmet
2190 1476 2222 1514 a
2254 1461 2464 1516 mundo
2492 1461 2690 1518 illmsas
2717 1474 3023 1520 servantes.
3056 1464 3248 1521 Videte
3273 1466 3445 1536 igitur
3475 1473 3531 1519 et

1936 1550 1992 1603 in
2019 1549 2304 1620 posterum
2333 1589 2350 1616 ,
2394 1551 2614 1609 femina:
2649 1563 2882 1622 sancta;
2925 1556 3372 1628 quandoquidem
3425 1555 3533 1611 im-

1939 1653 2134 1697 mtuet.
2176 1681 2192 1696 .
2236 1682 2254 1699 .
2295 1683 2312 1698 .
2354 1683 2371 1699 .
2415 1683 2432 1698 .

2322 1756 2510 1814 XCIV.
2524 1785 2599 1802 --
2626 1756 2903 1814 Eudocom'
2934 1761 3148 1830 uirgini.

830 1865 1022 1918 Gratias
1046 1871 1152 1932 agit
1170 1871 1235 1919 de
1257 1868 1519 1933 obsequiis
1538 1871 1634 1921 sibi
1674 1869 1725 1920 in
1752 1875 1957 1921 carcere
1982 1871 2243 1936 praestitis.
2282 1875 2490 1940 (Baron.
2513 1891 2592 1927 an.
2618 1876 2731 1937 818,
2754 1890 2807 1926 n.
2831 1875 2933 1936 Η.)

769 1972 1223 2045 ἐφυλακίσθημεν
1250 1977 1307 2029 ὲν
1329 1977 1448 2040 τοῖς
1476 1975 1688 2039 αὐτόθι,
1723 1975 1836 2045 ἐγώ
1868 1981 1910 2037 Β

232 2076 300 2113 τε
333 2060 430 2114 καὶ
459 2062 487 2114 ό
521 2061 748 2132 ἀδελφὸς
775 2063 1066 2130 Νικόλαος,
1091 2065 1257 2136 ἡνίκα
1291 2068 1399 2138 πρὸ
1431 2066 1532 2139 τῆς
1559 2065 1702 2138 ὀπῆς
1733 2067 1838 2138 τῆς

237 2153 493 2225 φυλακῆς
523 2153 788 2224 φύλακες,
819 2157 896 2226 μὴ
931 2155 1130 2223 ἐῶντες
1171 2155 1347 2227 θίγειν
1371 2159 1653 2212 ὁντιναοῦν
1686 2159 1834 2212 κατά

232 2245 339 2316 τὴν
354 2245 462 2299 τῶν
481 2246 694 2301 ἀσεϐῶν
725 2249 1027 2319 πρόσταξιν
1048 2248 1127 2320 τῷ
1149 2250 1424 2322 φρουρείῳ
1443 2267 1459 2281 ο
1487 2253 1636 2316 τότε,
1655 2249 1744 2306 ἴνα
1767 2251 1838 2305 τὰ

233 2337 486 2408 πρότερα
508 2338 653 2392 ὲάσω
679 2339 859 2408 λέγειν
879 2357 894 2371 ο
914 2341 1122 2413 καίπερ
1151 2341 1281 2397 ὄντα
1300 2343 1465 2399 ἱκανά
1485 2359 1498 2372 ⁶
1521 2347 1836 2417 παρρησια-

235 2429 446 2500 ζομένη
459 2432 522 2499 τῇ
541 2431 686 2483 κατὰ
702 2430 835 2484 Θεὸν
851 2431 1202 2505 πεποιθήσει·
1225 2433 1496 2505 ἔπεμπες,
1518 2437 1842 2509 ὲγαλούχεις

233 2522 440 2585 οἱονεὶ,
475 2521 792 2592 διέτρεφες,
837 2525 1118 2591 ὲπότιζες,
1169 2528 1540 2598 παρεκάλεις,
1575 2529 1835 2600 ήλειφες,

240 2615 480 2688 σεαυτὴν
520 2616 795 2682 ὲπιδίδους
831 2618 1222 2690 ῥιψοκινδύνως
1267 2622 1346 2685 εἰς
1379 2621 1613 2676 θάνατον
1637 2640 1652 2654 ο
1700 2624 1838 2696 ὅπερ

243 2708 451 2778 μικροῦ
483 2709 594 2763 δεῖν
619 2752 634 2776 ,
685 2711 734 2763 εί
775 2712 849 2784 μὴ
881 2714 914 2782 ἡ
948 2713 1069 2786 χεὶρ
1108 2711 1206 2767 τοῦ
1257 2713 1396 2767 Θεοῦ
1439 2715 1698 2784 φθάσασα
1725 2709 1838 2770 εὓέ

241 2819 305 2854 σε
334 2816 349 2830 ⁸
376 2803 472 2857 καὶ
502 2805 797 2868 ἐνέπιπτες
836 2807 918 2870 εἰς
947 2805 1133 2878 ἔργον.
1166 2802 1334 2872 Οἶδας
1363 2810 1464 2870 τὰς
1501 2810 1840 2880 κατηγορίας

239 2896 356 2950 τῶν
379 2897 829 2965 γειτνιαζόντων,
862 2901 960 2963 τὰς
1005 2900 1324 2970 εἰσπράξεις
1375 2901 1485 2954 τῶν
1524 2903 1836 2972 ἀρχόντων·

240 2987 328 3042 ὅτι
359 2988 511 3062 δῶρα
547 2990 783 3061 εἴληφας
827 2992 978 3062 παρὰ
1018 2992 1113 3044 τοῦ
1156 2992 1488 3047 καταδίκου·
1521 2995 1602 3047 δτι
1647 2995 1841 3063 λόγους

240 3081 510 3150 διαταγῆς
557 3081 897 3146 ὑπακούειςο
934 3082 1116 3149 τούτο,
1171 3086 1418 3140 κάκεῖνο.
1485 3086 1629 3140 Ἀλλ’
1663 3088 1839 3157 ὅμως,

240 3172 291 3226 ὣ
317 3173 416 3244 τῆς
451 3173 879 3244 μεγαλοπιστίας
905 3175 918 3227 l
948 3173 1068 3228 οὐδὲ
1094 3175 1239 3229 οὕτω
1267 3177 1474 3230 τούτων
1498 3177 1840 3248 τυρσασθέν-

239 3283 360 3319 των
402 3265 626 3337 ὐφῆκας
667 3266 728 3320 τὸ
773 3263 1022 3322 καθόλου.
1073 3267 1218 3320 Ἀλλ’
1254 3268 1331 3332 ὼς
1377 3267 1607 3339 μηδενὸς
1653 3267 1839 3323 καινοῦ

243 3356 550 3425 γεγονότος
573 3398 587 3418 ,
630 3356 758 3428 ἔχου
787 3357 952 3410 πάλιν
997 3357 1098 3428 τῆς
1147 3358 1461 3422 διακονίας’
1495 3357 1693 3431 δώροις
1715 3362 1839 3424 τοὺς

248 3448 502 3518 φύλακας
527 3449 1014 3520 ἑξευμενιζομένη,
1045 3449 1139 3502 καὶ
1167 3450 1226 3502 τὺ
1251 3449 1318 3519 δὴ
1357 3449 1674 3520 λεγόμενον,
1711 3451 1843 3504 Θεὸν

243 3542 320 3594 δι’
348 3541 506 3611 ἡμῶν
535 3542 643 3594 τῶν
668 3541 1013 3610 ἁμαρτωλῶν
1047 3540 1435 3612 θεραπεύουσα
1459 3559 1474 3574 ο
1507 3543 1565 3610 ἐξ
1595 3536 1656 3595 οὗ
1686 3545 1780 3597 καὶ
1806 3546 1840 3616 ἡ

246 3637 482 3708 ἁρπαγὴ
521 3635 630 3688 τῶν
663 3635 958 3689 κινδύνων·
993 3637 1088 3688 καὶ
1122 3635 1156 3706 ή
1187 3633 1320 3705 παρ’
1351 3635 1545 3688 ἐλπίδα
1573 3636 1840 3706 σωτηρία.

249 3727 321 3780 τί
349 3725 511 3781 τοῦτο
547 3727 806 3798 δεύτερον
827 3723 1166 3800 Πρισκίλλης
1211 3729 1306 3780 καὶ
1335 3728 1539 3797 Φοίϐης
1581 3727 1801 3798 ἐκείνης
1826 3744 1841 3758 ·

248 3823 288 3891 ἦ
317 3821 427 3873 τῶν
475 3821 706 3885 ταύταις
745 3820 1095 3876 ύποστασίων
1119 3822 1265 3874 κατὰ
1304 3821 1402 3892 τὴν
1432 3819 1532 3891 τῆς
1565 3821 1844 3884 διακονίας

250 3913 518 3984 Θεωρίαν,
571 3907 722 3986 ἐφ’ᾖ
775 3913 1180 3984 μακαρίζονται
1231 3913 1336 3966 ὑπὸ
1362 3911 1456 3966 τοῦ
1485 3913 1634 3966 θείου
1679 3911 1843 3965 Ἀπο-

253 4004 476 4073 stolen;
509 4005 764 4077 οὐδαμῶς
786 4007 862 4070 ὡς
893 4005 1082 4077 ἔμοιγε
1107 4005 1277 4072 δοκεῖ,
1302 4008 1350 4059 εξ
1383 4005 1462 4076 μὴ
1494 4007 1576 4059 ὅτι
1600 4008 1682 4069 είς
1714 4007 1846 4059 ἀνα-

252 4099 406 4163 ξὶους
432 4115 447 4130 ·
499 4099 638 4154 ἀλλὰ
684 4101 780 4153 καὶ
823 4099 983 4154 τοῦτο
1030 4099 1234 4172 μᾶλλον
1281 4098 1680 4172 αἰνετώτερονο
1728 4099 1848 4152 ὲκεῐ

248 4193 367 4264 γάρ
398 4193 460 4246 τὸ
494 4193 839 4264 μεγαλοφυὲς
864 4193 958 4248 τοῦ
996 4193 1293 4264 προσώπου
1321 4195 1465 4264 τάχα
1501 4193 1572 4248 ἂν
1599 4193 1692 4246 καὶ
1718 4193 1846 4256 τοὺς

250 4287 622 4360 ἀναισθήτους
669 4287 850 4352 λίθους
889 4289 1142 4358 ἐκίνησεν
1199 4289 1556 4358 εὐεργετεῖν·
1609 4286 1845 4340 ἐνταῦθα

247 4379 315 4434 δὲ
342 4378 692 4442 τούναντίον,
737 4379 832 4432 καὶ
873 4379 1002 4440 τοὺς
1051 4376 1412 4448 ἐναισθήτους
1457 4376 1584 4441 νόας
1631 4377 1848 4448 ναρκᾷν

249 4473 446 4526 ἔπεισε
491 4471 553 4525 τὸ
597 4471 945 4526 ἀπόπτυστον
977 4471 1090 4524 τῶν
1136 4469 1542 4541 ὑποκειμένων.
1590 4471 1732 4524 Ἀλλ’
1762 4471 1846 4525 ὃτι

247 4565 416 4620 τοῦτο
447 4563 644 4630 οὕτως,
680 4565 774 4620 καὶ
814 4563 1293 4626 ἀντιπεπονθότως
1331 4563 1524 4635 ὤφθης
1557 4563 1845 4636 δράσασα,

2046 2019 2060 2034 .
2101 2019 2117 2036 .
2159 2021 2174 2035 .
2251 2021 2266 2036 .
2310 2020 2325 2034 .
2367 2021 2381 2036 .
2421 2021 2435 2036 .
2479 2021 2494 2036 .
2540 2019 2555 2034 .
2599 2021 2614 2036 .
2659 2021 2674 2036 .
2717 2023 2730 2036 .
2792 1979 2846 2035 ἰη
2887 1995 3114 2036 carcere
3165 1978 3276 2034 illic
3315 1979 3532 2034 detine-

1937 2071 2135 2126 bamur
2165 2087 2264 2142 ego
2297 2073 2577 2144 fraterque
2606 2071 2866 2128 Nicolaus
2886 2115 2902 2140 ,
2951 2088 3078 2126 cum
3107 2081 3234 2126 ante
3261 2071 3532 2126 custodize

1937 2161 2184 2220 foramen
2235 2165 2398 2238 positi
2457 2165 2719 2220 custodes
2755 2163 3069 2226 neminem,
3119 2178 3185 2217 ex
3232 2161 3527 2232 impiorum

1936 2258 2276 2325 interdicto,
2320 2258 2548 2330 propius
2592 2257 2914 2328 contingere
2962 2255 3406 2312 sinebant:tum
3469 2265 3529 2309 tu

1941 2352 2024 2428 (ut
2073 2353 2392 2424 superiora,
2428 2353 2686 2424 quamvis
2718 2350 3126 2412 memorabilia,
3182 2353 3531 2418 praeteream)

1939 2441 2136 2498 ﬁducia
2189 2443 2282 2498 Dei
2337 2442 2495 2507 freta,
2554 2442 2832 2505 mittebas,
2889 2439 3302 2508 quodammodo
3359 2438 3532 2492 lacta-

1937 2537 2061 2599 bas,
2089 2537 2294 2598 aiebas,
2321 2546 2514 2606 potum
2549 2536 2742 2599 dabas,
2769 2531 3175 2594 consolabaris,
3197 2529 3530 2591 bortabaris,

1943 2629 2172 2699 teipsam
2223 2628 2276 2682 in
2323 2638 2582 2698 apertum
2617 2627 2814 2681 mortis
2845 2624 3149 2696 periculum
3180 2621 3528 2690 conjiciens:

1940 2736 2105 2790 quam
2132 2719 2352 2790 quidem
2375 2760 2389 2784 ,
2439 2719 2546 2773 nisi
2578 2727 2630 2772 te
2673 2717 2769 2772 Dei
2812 2731 3014 2771 manus
3050 2721 3385 2786 praeverteris
3421 2712 3534 2768 eri-

1941 2811 2174 2882 pui’sset,
2205 2827 2264 2866 re
2301 2813 2415 2882 ipsa
2444 2811 2804 2880 pertulisses.
2835 2807 2992 2865 Nosti
3021 2807 3331 2863 vicinorum
3366 2820 3533 2860 accu-

1942 2905 2228 2967 sationes.
2283 2903 2601 2958 exactiones
2649 2901 3106 2972 magistratuum;
3165 2899 3294 2969 quia
3357 2912 3386 2951 a
3436 2909 3534 2950 reo

1942 3013 2175 3052 munera
2208 2995 2507 3066 accepisti;
2544 2993 2672 3065 quia
2707 3009 2896 3048 aurem
2928 2991 3202 3046 mandatis
3231 2988 3532 3060 praebuisti,

1945 3089 2050 3143 iioc
2074 3099 2129 3142 et
2156 3087 2312 3142 illud.
2345 3086 2626 3151 Attamen,
2657 3099 2692 3140 ο
2726 3084 2848 3139 ﬁdei
2891 3081 3330 3154 magnitudinem
3361 3081 3374 3134 ί
3434 3095 3536 3134 nec

1943 3181 2025 3237 sic
2055 3180 2274 3251 quidem
2297 3179 2591 3232 commotis
2627 3177 2754 3237 illis.
2788 3177 2899 3231 ullo
2931 3175 3090 3230 modo
3123 3172 3403 3229 destitisti.
3428 3169 3534 3226 Sed

1944 3271 2102 3342 quasi
2135 3271 2260 3326 novi
2295 3271 2432 3324 nihil
2474 3269 2788 3331 accidisset,
2822 3266 3132 3322 ministerio
3175 3264 3374 3319 iterum
3406 3262 3536 3317 insi-

1945 3364 2172 3429 stebas,
2209 3363 2466 3419 custodes
2516 3361 2838 3416 muneribus
2884 3359 3210 3422 concilians,
3260 3370 3336 3421 et,
3388 3354 3537 3427 quod
3595 3419 3604 3424 _

1944 3459 2051 3514 dici
2085 3457 2243 3520 solet,
2303 3456 2416 3510 Deo
2458 3471 2555 3526 per
2584 3471 2686 3510 nos
2735 3463 3058 3525 peccatores
3117 3451 3459 3512 deserviens,
3507 3463 3535 3502 a

1944 3568 2054 3620 quo
2078 3560 2131 3604 et
2158 3549 2528 3620 periculorum
2563 3547 2838 3612 liberatio,
2869 3556 2926 3600 et
2951 3555 3150 3616 prazter
3182 3559 3333 3614 spem
3363 3541 3532 3598 salus.

1944 3643 2194 3713 Quanam
2229 3645 2283 3698 in
2319 3659 2376 3696 re
2403 3644 2600 3697 cedunt
2632 3639 2742 3696 ista
2771 3639 3039 3694 Prisciila:
3078 3649 3132 3692 et
3169 3636 3391 3692 Phasim
3422 3634 3498 3688 illi
3524 3678 3536 3697 ,

1945 3748 2040 3790 aut
2073 3752 2262 3790 earum
2299 3734 2604 3805 aequalibus
2660 3734 2716 3786 in
2768 3732 3081 3787 ministerio
3109 3771 3126 3798 ,
3175 3730 3333 3799 cujus
3370 3741 3538 3782 causa

1945 3829 2296 3885 ceiebrantur
2346 3843 2377 3881 a
2411 3826 2598 3881 divino
2642 3824 2956 3894 Apostolo?
3009 3820 3170 3876 Nullo
3213 3822 3379 3875 modo
3420 3831 3540 3873 mea

1945 3922 2166 3992 quidem
2215 3918 2512 3984 sententia,
2571 3915 2677 3972 nisi
2740 3916 2887 3986 quod
2934 3931 3062 3984 erga
3115 3915 3413 3982 indignos:
3447 3912 3539 3966 sed

1948 4015 2053 4068 hoc
2081 4020 2235 4068 tanto
2289 4011 2640 4065 laudabilius.
2674 4007 2753 4064 lbi
2779 4009 2926 4063 enim
2963 4021 3209 4076 persona
3239 4003 3545 4074 amplitudo

1945 4103 2032 4157 vel
2061 4117 2230 4157 sensu
2262 4100 2507 4155 carentia
2561 4113 2692 4153 saxa
2733 4098 2802 4152 ad
2851 4095 3285 4152 benelicentiam
3323 4108 3543 4165 permo-

1946 4187 2148 4251 visset:
2187 4194 2275 4248 hic
2309 4201 2492 4246 autem
2517 4207 2548 4246 ο
2573 4190 2851 4246 contrario
2885 4191 3052 4245 etiam
3082 4203 3245 4243 sensu
3278 4186 3539 4258 praeditas

1948 4298 2155 4360 mentes
2221 4286 2482 4356 languere
2545 4291 2767 4354 cegeret
2845 4281 3030 4338 vilitas
3097 4296 3289 4336 eorum
3339 4279 3546 4350 quibus

1947 4379 2380 4436 ministrabatur.
2444 4377 2580 4431 Cum
2631 4373 2765 4445 ergo
2809 4375 2926 4430 haec
2984 4374 3058 4429 ita
3113 4380 3334 4439 essent,
3381 4379 3436 4426 et
3483 4380 3543 4425 tu

1950 4474 2310 4530 nihilominus
2362 4487 2524 4528 serus
2555 4486 2715 4542 agere
2762 4469 2882 4524 visa
2937 4467 3138 4534 fueris;
3197 4467 3322 4522 vide
3373 4480 3541 4536 quam

1951 4568 2165 4623 laudem
2191 4565 2476 4622 merearis.
2503 4563 2864 4632 Suscepimus
2893 4567 3101 4632 itaque,
3132 4561 3348 4632 egregia
3365 4559 3541 4628 virgo,

252 4659 537 4728 σκόπησον
579 4658 643 4711 τὸ
681 4657 986 4727 ἐγκώμιον.
1040 4656 1348 4726 Ἀπέχομεν
1377 4656 1585 4732 τοίνυν,
1635 4650 1680 4710 ὦ
1711 4656 1843 4710 καλ-

1959 4659 2416 4722 misericortliam,
2463 4663 2518 4710 et
2545 4656 2671 4726 jure
2709 4664 2760 4708 te
2792 4653 3111 4717 laudamus,
3149 4652 3543 4721 amplectentes

248 4751 575 4822 λιπάρθενε,
609 4751 672 4804 τὸ
698 4751 870 4813 ἔλεος,
898 4750 993 4803 καὶ
1015 4747 1274 4820 αἰνοῦμέν
1297 4765 1358 4802 σε
1388 4749 1634 4810 εἰκότως,
1671 4765 1845 4818 προσ-

251 4842 656 4915 αποδεχόμενοι
701 4842 796 4895 καὶ
847 4841 1328 4904 συνεπαινοῦντες,
1371 4842 1555 4894 καὶτά
1583 4840 1719 4894 ἄλλα
1747 4858 1841 4894 σου

253 4935 738 5006 σεμνολογήματα,
777 4934 875 5005 τὴν
905 4935 1254 5003 ἐγκράτειαν,
1286 4932 1386 5004 τὴν
1415 4933 1712 5004 αὐχμηρὰν
1747 4935 1843 4987 κό-

258 5029 520 5104 μην,σὴν
547 5027 905 5099 ἠμελημένην
930 5026 1156 5096 ἐσθῆτα,
1195 5029 1296 5098 τὴν
1319 5027 1715 5099 ἐλεημοσύνην,
1748 5030 1846 5082 καὶ

251 5124 346 5178 ἐπ’
387 5122 568 5186 ἄλλοις
594 5121 696 5190 τὴν
731 5119 1072 5188 φιλαγνείαν,
1110 5119 1207 5174 καὶ
1232 5120 1327 5173 ἐπὶ
1353 5119 1533 5191 τούτῳ
1572 5121 1842 5192 μηδαμῶς

258 5213 798 5285 μωμοσκοπηθεῖσαν
837 5211 974 5282 πρὸς
1009 5209 1259 5264 τινοσοῦν
1292 5209 1404 5266 τῶν
1435 5209 1774 5282 ἀνθρώπων·
1804 5209 1850 5263 ὦ

255 5307 361 5379 τῆς
383 5309 554 5380 καλῆς
579 5325 674 5361 σου
703 5305 966 5378 ἐργασίας
988 5321 1002 5335 ο
1035 5303 1081 5357 ὣ
1107 5305 1205 5374 τῆς
1231 5303 1518 5375 θεοφιλοῦς
1546 5304 1642 5358 καὶ
1669 5319 1850 5375 γηρα-

255 5400 391 5464 λέας
426 5399 700 5470 κεφαλῆςῑ
735 5396 981 5470 ήνθησας
1001 5397 1060 5449 ὲν
1092 5395 1245 5466 μέσῳ
1268 5395 1521 5450 ἀκανθῶν
1545 5395 1620 5458 ὡς
1656 5397 1810 5467 ῥόδον
1831 5410 1848 5427 ο

259 5492 568 5556 εὐωδίασας
597 5493 654 5546 ὲν
687 5491 837 5563 μέσῳ
871 5491 1066 5559 γενεᾶς
1107 5487 1329 5554 σκολιᾶς
1355 5490 1453 5543 καὶ
1484 5490 1852 5560 διεστραμμέ-

260 5601 400 5656 νης,
430 5584 507 5647 ὡς
551 5582 817 5656 όρθοφυὲς
859 5580 1068 5655 κρίνον.
1105 5580 1172 5635 Τί
1207 5581 1274 5634 τὸ
1312 5581 1539 5648 λοιπόν;
1571 5583 1853 5653 διαμένειν

264 5695 327 5731 σε
349 5677 446 5730 καὶ
476 5677 615 5745 πρὸς
641 5676 704 5729 τὸ
726 5676 856 5748 ἑξῆς
882 5659 1258 5747 ἀπρόσκοπον,
1283 5677 1662 5746 σεσωσμένην,
1696 5675 1853 5745 φιλο-

263 5767 562 5838 κρινοῦσαν
624 5769 806 5825 πᾶσαν
873 5768 1044 5840 ἀλλην
1104 5768 1328 5840 ἐντολὴν
1393 5768 1604 5839 Κυρίου
1629 5785 1645 5800 ·
1707 5767 1852 5821 ὥστε

268 5865 410 5931 μήτε
440 5861 665 5933 ὀμνύειν
693 5862 753 5917 τὸ
768 5861 940 5934 ὄνομα
966 5863 1178 5920 Κυρίου
1207 5861 1269 5915 τὸ
1298 5859 1563 5916 παράπαν
1586 5877 1601 5894 ο
1639 5861 1775 5919 μήτε
1801 5877 1854 5914 τι

1961 4753 2125 4808 simul
2155 4757 2210 4804 et
2234 4750 2616 4804 collaudantes
2653 4746 2760 4800 alia
2803 4754 2896 4800 tua
2925 4756 3249 4800 ornamenta
3276 4785 3291 4808 ,
3337 4752 3544 4811 tempe.

1960 4846 2218 4907 rantiam,
2266 4842 2600 4910 incomptam
2651 4853 2905 4902 comam,
2965 4837 3265 4906 neglectam
3314 4843 3542 4892 vestem.

1961 4937 2014 4991 in
2050 4936 2188 4991 alios
2235 4947 2458 5004 quoque
2489 4930 2952 4995 beneﬁcentiam,
3000 4941 3243 4981 amorem
3279 4924 3542 4980 castimo-

1959 5031 2085 5093 nim,
2116 5038 2170 5083 et
2204 5025 2352 5095 quod
2373 5027 2441 5102 (Le
2477 5039 2542 5078 ea
2569 5038 2861 5092 nunquam
2889 5021 3221 5092 reprehensa
3267 5018 3440 5075 fueris
3475 5017 3547 5072 ab

1959 5123 2073 5176 ullo
2099 5120 2436 5174 mortalium.
2487 5115 2532 5170 Ο
2561 5119 2858 5186 ριωεὶοιοε
2889 5115 3136 5170 actiones
3171 5112 3327 5168 tuas!
3363 5126 3398 5166 ο
3433 5109 3543 5166 Deo

1952 5207 2182 5266 charum
2211 5219 2266 5264 et
2298 5209 2471 5264 senile
2501 5219 2662 5278 caput
2690 5208 2704 5260 '.
2743 5205 3035 5260 Eﬁloruisti
3075 5205 3126 5257 in
3152 5203 3333 5257 medio
3353 5202 3537 5272 spina-

1953 5321 2098 5372 rum,
2133 5303 2277 5359 sicut
2311 5317 2482 5357 rosa:
2515 5301 2740 5356 odorem
2769 5298 2968 5354 dedisti
3004 5299 3058 5352 in
3088 5296 3270 5352 medio
3304 5294 3540 5350 nationis

1955 5412 2136 5471 prava:
2189 5404 2354 5465 atque
2395 5409 2700 5465 perversae,
2757 5401 3020 5463 tanquam
3079 5399 3290 5443 rectum
3344 5386 3539 5440 lilium.

1957 5490 2098 5560 Quid
2134 5490 2411 5562 reliquum
2441 5486 2560 5542 est?
2600 5485 2672 5542 Ut
2721 5486 2868 5540 salva
2924 5493 3250 5553 permaneas
3283 5477 3448 5532 etiam
3489 5476 3542 5530 in

1960 5595 2241 5658 posterum
2305 5581 2515 5650 absque
2569 5576 2900 5642 oﬂensione,
2954 5585 3289 5640 servansque
3347 5576 3544 5623 uetera

1961 5675 2147 5733 omnia
2186 5671 2403 5729 Domini
2433 5669 2689 5724 mandata
2719 5688 2731 5721 :
2761 5675 2820 5720 ut
2849 5679 2951 5720 nec
2982 5676 3209 5734 prorsus
3254 5659 3408 5731 jures
3443 5659 3547 5713 Do-

1964 5768 2099 5824 mini
2132 5780 2356 5828 nomen,
2397 5777 2497 5817 nec
2531 5760 2702 5815 ullum
2758 5757 2903 5812 aliud
2937 5763 3260 5810 contemnas
3293 5769 3360 5808 ex
3392 5767 3538 5806 man-

1961 5859 2125 5917 datis.
2152 5856 2268 5913 Hoc
2293 5863 2477 5911 autem
2495 5850 2644 5913 dico,
2669 5862 2778 5904 non
2799 5845 2954 5916 quasi
2985 5853 3037 5900 te
3057 5843 3230 5912 culpa:
3250 5841 3544 5900 obnoxiam
