4060 6374
586 387 722 456 1347

1787 389 1848 449 8.
1872 385 2267 449 THEODORI
2298 383 2648 447 STUDl'l‘Ai

3684 376 3793 442 1348

578 517 702 558 esse
733 498 1184 569 deprehenderim
1211 542 1229 569 ,
1270 500 1364 556 sed
1394 502 1540 573 quod
1579 502 1633 555 iu
1679 501 1937 556 omnibus
1990 497 2163 569 perfe-

2277 497 2395 553 Ξλλο
2420 496 2807 571 παραθεωρεῖν
2825 494 2936 549 τῶν
2966 490 3374 563 ἐντεταλμένων
3392 505 3408 523 ⁸
3432 488 3586 544 τοῦτο
3606 489 3657 545 δὲ
3679 491 3798 559 λέγω

576 606 719 650 ctam
755 603 807 648 te
840 607 960 648 esse
988 592 1225 663 cupiam,
1251 601 1304 647 et
1333 593 1605 663 promissa
1629 592 1755 647 inde
1785 592 1929 647 bona
1955 607 2157 646 conse-

580 687 696 758 qui.
736 686 948 742 Salutat
988 694 1040 741 te
1079 683 1249 739 frater
1279 684 1535 740 Nicolaus
1559 698 1575 738 :
1602 694 1656 739 et
1702 701 1804 757 ego
1856 684 2146 739 Dominum

581 795 646 833 ac
676 779 1070 833 consobrinum
1096 785 1275 831 tuum.

962 1060 1126 1118 XCV.
1155 1092 1224 1102 —
1256 1060 1459 1114 Basilio
1489 1061 1792 1127 prwposito.

2261 590 2360 661 οὐχ
2388 592 2465 653 ὡς
2500 583 3060 658 καταλαμϐανόμενός
3104 599 3165 637 σε
3200 580 3555 637 ύπαιτιᾶσθαι
3575 597 3589 612 ’
3616 583 3716 638 ἀλλ’
3736 585 3797 649 ὡς

2263 682 2404 752 ἔχων
2444 682 2499 735 tv
2526 680 2712 748 ἐφέσει
2740 678 2835 732 τοῦ
2864 679 2922 732 ὲν
2965 676 3136 730 πᾶσιν
3172 674 3363 745 ἄρτιον
3395 670 3555 738 εἶναι,
3602 675 3796 731 κάντεῦ-

2266 772 2357 825 θεν
2393 773 2674 842 ἐπιτυχεῖν
2703 769 2813 824 τῶν
2847 770 2904 822 ὲν
2935 766 3291 837 ἐπαγγελίαις
3333 765 3585 834 ἀγαθῶνο
3625 766 3653 819 ό
3677 768 3800 821 ἀδελ-

2269 862 2369 929 φὸς
2401 863 2669 926 Νικόλαος
2705 859 3137 933 προσαγορεύει·
3192 858 3351 929 κάγὼ
3378 857 3472 913 τὸν
3502 856 3690 930 Κύριον
3724 863 3801 915 καὶ

2264 951 2583 1022 ἀδελφιδοῦν
2615 971 2731 1007 σου.

2506 1068 2621 1133 ιιεο.
2675 1094 2748 1109 --
2793 1066 3092 1131 Βασιλείῳ
3130 1062 3467 1133 ἡγουμένῳ.
3506 1070 3621 1137 ιχ’.Ι

1132 1172 1335 1223 Dolenti
1357 1170 1492 1234 quod
1535 1167 1877 1221 Iconomachis
1903 1169 2240 1228 consenserit.
2268 1186 2326 1223 ac
2350 1176 2699 1242 resipiscenti,
2731 1180 3073 1244 paenitentiam
3098 1176 3291 1227 indicit.

654 1279 710 1334 ln
734 1279 818 1335 his
843 1295 965 1350 quae
996 1280 1217 1349 scripsit
1245 1279 1546 1333 reverentia
1575 1288 1691 1345 tua,
1724 1278 1917 1344 frater,
1960 1279 2013 1331 in
2039 1292 2160 1347 pte-

587 1374 672 1426 nis
715 1373 859 1427 ultro
890 1372 1213 1438 subeundis,
1247 1371 1598 1442 acquiescere
1627 1386 1686 1425 se
1724 1371 2075 1440 signiﬁcavit,
2112 1378 2170 1424 et

587 1463 651 1513 ad
686 1462 911 1516 meliora
947 1477 1109 1532 porro
1137 1460 1267 1515 ferri
1302 1479 1314 1515 :
1351 1461 1812 1529 quemadmodum
1848 1476 1957 1515 non
1996 1460 2170 1515 tabel-

588 1554 757 1607 larius
791 1554 955 1607 modo
999 1552 1241 1612 edocuit.
1275 1556 1368 1607 sed
1392 1563 1446 1607 et
1474 1562 1600 1607 ante
1626 1553 1803 1622 ipsum
1831 1553 2172 1607 reverendis-

588 1645 761 1699 simus
797 1643 967 1699 frater
1007 1655 1195 1699 noster
1230 1643 1444 1711 Petrus,
1476 1654 1532 1700 et
1569 1644 1715 1699 idem
1749 1645 1964 1699 amicus
1996 1653 2120 1699 tuus
2150 1662 2166 1699 :

2352 1280 2441 1337 Ἐν
2462 1280 2542 1349 οἷς
2566 1288 2842 1358 γέγραφεν
2877 1288 2911 1358 ή
2951 1286 3204 1357 τιμιότης
3232 1302 3351 1349 σου,
3386 1281 3595 1350 ἀδελφέ,
3624 1281 3801 1337 sussu-

2273 1379 2363 1445 ξεν
2387 1379 2588 1451 ἑαυτὴν
2618 1378 2948 1433 εὐδοκοῦσαν
2978 1378 3038 1432 ὲν
3074 1379 3186 1440 τοῖς
3213 1374 3535 1443 ἐπιτιμίοις,
3562 1374 3651 1426 καί⁸
3684 1375 3803 1427 ἔπεια

2272 1471 2513 1543 γομένην
2563 1471 2701 1542 πρὸς
2741 1470 2812 1524 τά
2859 1470 3180 1541 κρείττονα·
3232 1466 3381 1521 καθά
3441 1464 3718 1531 ὲξεδίδαξεν
3756 1468 3802 1520 ού

2279 1563 2439 1635 μόνον
2472 1566 2500 1617 ό
2531 1564 3011 1634 γραμματηφόρος
3036 1577 3050 1591 ’
3080 1559 3219 1615 ἀλλά
3256 1559 3368 1628 γάρ
3415 1558 3510 1611 καὶ
3548 1557 3646 1630 πρὸ
3674 1556 3806 1610 αὑτοῦ

2274 1658 2304 1710 ὁ
2329 1657 2664 1728 τιμιώτατος
2697 1657 2927 1726 ἀδελφὸς
2953 1655 3115 1727 ἡμῶν
3145 1652 3358 1725 Πέτρος
3387 1652 3417 1705 ὁ
3440 1651 3533 1705 καὶ
3554 1651 3631 1705 σοὶ
3659 1650 3808 1719 φιλού-

586 1739 658 1791 ob
713 1753 837 1807 quae
885 1737 1108 1808 gavisus
1144 1752 1266 1791 sum
1309 1752 1411 1807 ego
1445 1737 1687 1806 |humilis
1722 1746 1777 1792 et
1813 1736 2019 1806 gratias
2066 1736 2172 1807 egi.

2284 1764 2445 1817 μενος
2464 1764 2479 1779 ο
2516 1747 2602 1818 ἐφ’
2640 1742 2723 1811 οἷς
2758 1747 2938 1817 ἣσθην
2964 1747 2995 1799 ό
3022 1742 3279 1807 ταπεινὸς
3311 1743 3408 1796 καὶ
3450 1740 3805 1811 ηύχαρίστησα.

590 1829 774 1900 Neque
790 1830 935 1885 enim
958 1830 1074 1885 leve
1094 1838 1179 1886 est
1198 1838 1293 1885 aut
1313 1830 1774 1885 contemnendum
1791 1829 1935 1899 quod
1955 1829 2178 1885 admisi-

588 1936 735 1985 mus,
770 1921 853 1977 vir
878 1922 1106 1992 optime,
1138 1939 1263 1979 cum
1297 1922 1659 1995 ncgatoribus
1689 1921 1946 1993 imaginis
1968 1920 2177 1977 Christi

589 2015 1076 2080 communicando,
1113 2017 1207 2072 sed
1242 2017 1433 2086 ingens
1459 2016 1761 2085 piaculum,
1791 2023 1846 2069 et
1873 2015 2034 2085 plane
2053 2028 2177 2069 cum

593 2106 719 2161 fidei
739 2109 1030 2178 negatione
1057 2108 1414 2180 conjunctum
1448 2128 1463 2164 :
1498 2109 1762 2180 quoniam
1791 2106 2047 2176 imaginis
2078 2121 2179 2161 nec

590 2201 740 2270 gatio
770 2201 837 2255 ad
870 2210 1217 2272 prototypum
1258 2201 1508 2258 ascendit
1545 2217 1559 2256 :
1602 2208 1657 2255 et
1688 2200 1815 2255 huic
1860 2198 1964 2269 ipsi
2007 2213 2179 2269 nega-

592 2292 729 2347 tioni
776 2290 985 2348 Christi
1017 2293 1526 2355 communicarunt,
1560 2299 1833 2364 quotquot
1871 2290 2180 2361 quomodo-

590 2398 813 2453 cunque
862 2385 1369 2441 communicarunt.
1422 2385 1722 2455 Postquam
1789 2399 1924 2439 vero
1978 2383 2180 2439 iterum

590 2476 881 2533 ccunfessus
898 2493 979 2543 es,
1012 2478 1207 2534 sivisse
1239 2486 1311 2543 te,
1341 2487 1491 2533 metu
1521 2476 1925 2547 persequentis,
1959 2485 2019 2530 ut
2042 2476 2181 2531 ima-

594 2569 751 2642 gines
780 2585 811 2624 e
860 2569 1040 2625 medio
1077 2570 1426 2635 tollerentur,
1455 2569 1679 2640 gravius
1722 2567 1866 2624 istud
1909 2567 2179 2638 ﬂagitium

591 2660 868 2729 est.Quod
894 2672 1073 2718 autem
1088 2671 1144 2718 et
1168 2662 1567 2731 subscripsisse
1594 2670 1646 2715 te
1666 2661 1771 2727 ais,
1798 2669 2181 2715 consummata

598 2755 861 2826 iniquitas
894 2765 951 2810 et
986 2758 1205 2828 negatio
1234 2765 1341 2813 est.
1370 2754 1512 2821 Quid
1532 2759 1805 2826 agendum
1836 2753 2027 2824 igitur,
2052 2768 2180 2808 cum

596 2854 651 2898 et
682 2845 876 2900 salutis
918 2846 1219 2901 remedium
1252 2861 1491 2916 quaeras,
1518 2861 1621 2900 nec
1653 2844 1797 2899 ferre
1830 2853 1883 2898 te
1913 2858 2077 2913 posse
2100 2843 2182 2897 di-

595 2953 691 2993 cas
737 2938 994 3009 exiguum
1029 2938 1163 2994 illud
1193 2938 1342 3009 quod
1375 2938 1748 3009 adjiciendum
1779 2952 1956 3008 paena:
1985 2945 2178 3002 restat,

599 3030 972 3085 valetudinem
1011 3030 1341 3095 obtendens,
1375 3039 1542 3101 atque
1576 3031 1684 3085 hoc
1727 3038 1784 3084 et
1831 3029 1963 3084 illud
2001 3030 2182 3099 potius

605 3123 797 3177 suhire
840 3123 1190 3193 prazoptans?
1240 3122 1515 3192 Utrinque
1546 3121 1604 3176 in
1647 3135 1877 3193 magnas
1902 3123 2185 3191 angustias

2277 1841 2353 1896 ού
2383 1842 2495 1912 γάρ
2524 1858 2578 1893 τι
2619 1840 2816 1912 μικρόν
2842 1856 2905 1893 τε
2945 1837 3041 1892 καὶ
3063 1834 3549 1905 εὐκαταφρόνητον
3585 1832 3613 1886 ὃ
3649 1836 3808 1886 πεπόν-

2279 1931 2473 2005 θαμεν,
2514 1925 2561 1985 ὦ
2590 1932 2723 1998 τᾶν,
2752 1930 2845 1984 ἐπὶ
2876 1932 2945 2002 τῇ
2975 1930 3209 2001 ἀρνήσει
3243 1927 3347 1998 τῆς
3380 1923 3612 1996 Χριστοῦ
3640 1924 3808 1983 εἰκόνος

2278 2023 2742 2095 κεκοινωνηκότες
2761 2039 2778 2057 ο
2810 2022 2949 2077 ἀλλά
2988 2022 3086 2075 καὶ
3115 2020 3238 2074 λίαν
3287 2018 3521 2072 ἔκτοπον
3564 2016 3651 2071 καί
3678 2016 3809 2087 ἀρνη-

2277 2116 2431 2171 τικδν
2484 2116 2759 2187 ἀριδήλως
2794 2115 2896 2186 τῆς
2937 2113 3211 2178 πίστεως·
3259 2110 3402 2165 διότι
3443 2112 3478 2182 ή
3517 2108 3611 2179 τῆς
3644 2107 3809 2169 εἰκόνος

2278 2207 2509 2282 ἄρνησις
2531 2209 2626 2262 ἐπὶ
2656 2207 2716 2261 τὸ
2737 2204 3095 2278 πρωτότυπον
3125 2202 3419 2258 ἀναϐαίνει
3442 2217 3458 2232 ·
3482 2200 3738 2273 καὶταύτῃ
3759 2201 3810 2271 τῇ

2279 2300 2508 2372 ἀρνήσει
2556 2297 2823 2371 Χριστοῦ,
2869 2297 3072 2359 πάντες
3129 2295 3179 2349 οἰ
3230 2292 3484 2349 ὁπωσοῦν
3529 2306 3811 2360 κεκοινωνη·

2279 2390 2459 2454 κότες,
2483 2390 2967 2461 κεκοινωνήκασιν.
3009 2387 3166 2441 Ἐπεὶ
3193 2385 3251 2439 δὲ
3276 2384 3446 2439 πάλιν
3474 2382 3810 2454 ἐξηγόρευσας,

2278 2484 2373 2539 καὶ
2404 2482 2696 2555 ἐπιτρέψαι
2723 2482 2834 2535 δέει
2863 2480 2958 2534 τοῦ
2988 2479 3289 2542 διώκοντος
3318 2476 3579 2547 ἀφανίσαι
3602 2476 3810 2537 εἰκόνας·

2279 2572 2665 2647 χαλεπώτερον
2716 2572 2782 2626 τδ
2825 2571 3124 2643 ἀνόμημα’
3188 2570 3274 2623 ὅτι
3312 2569 3372 2623 δὲ
3416 2569 3509 2623 καὶ
3546 2564 3813 2637 ὑπογράψαι

2281 2669 2440 2739 ἔφης,
2481 2666 2759 2737 ὁλόσωμος
2808 2666 2843 2737 ή
2887 2664 3135 2739 ἁμαρτία
3179 2663 3277 2717 καὶ
3306 2664 3343 2734 ή
3392 2662 3634 2747 ἄρνησις.
3668 2658 3724 2711 Τί
3742 2654 3813 2711 οὖν

2278 2762 2363 2817 δεῖ
2392 2764 2590 2827 ποιεῖν,
2638 2760 2721 2815 ὅτι
2770 2760 2867 2814 καί
2910 2758 3231 2830 ὲπιζητοίης
3254 2757 3320 2811 τὸ
3350 2758 3449 2827 τῆς
3481 2754 3675 2825 ὑγιείας
3708 2751 3815 2823 φὰρο

2284 2873 2484 2927 μακον,
2508 2854 2604 2909 καὶ
2623 2854 2685 2907 οὐ
2715 2852 2905 2923 φέρειν
2931 2852 3098 2906 πάλιν
3122 2851 3230 2922 φὴς
3254 2850 3361 2922 τὴν
3391 2849 3512 2902 κατ’
3544 2846 3704 2914 ὀλίγον
3725 2843 3815 2895 ἐπί·

2283 2947 2434 3002 θεσιν
2456 2964 2472 2979 ·
2506 2946 2792 3000 ἀσθένειαν
2832 2943 3298 3017 προϐαλλόμενος,
3329 2942 3428 2995 καὶ
3463 2939 3614 2993 τοῦτο
3640 2938 3815 2992 κάκεῖνο

2290 3040 2493 3112 μᾶλλον
2536 3037 2877 3105 εἰσδέξασθαι
2911 3034 3387 3108 προαιρούμενοςς
3416 3032 3582 3086 Στενά
3605 3048 3684 3102 μοι
3716 3030 3816 3082 ἔκαεν

2289 3133 2544 3207 τέρωθεν,
2575 3132 2672 3187 καὶ
2729 3131 2890 3186 ἐῶντι
2939 3130 3032 3185 διά
3076 3129 3140 3183 τὸ
3187 3127 3559 3198 φιλάδελφον·
3597 3124 3681 3180 καὶ
3716 3139 3818 3193 σμι-

608 3217 895 3286 adducor;
924 3217 1053 3273 hinc
1082 3233 1273 3274 amore
1309 3216 1516 3283 fratris,
1553 3233 1622 3273 ne
1653 3231 1703 3272 te
1734 3217 1985 3273 deseram
2015 3234 2029 3270 :
2066 3216 2177 3273 inde

2288 3225 2541 3298 κρύνοντι
2569 3224 2629 3278 τὸ
2654 3223 2947 3293 φάρμακον
2970 3221 3061 3275 διά
3088 3220 3152 3273 τδ
3180 3220 3283 3291 τῆς
3316 3218 3587 3290 ἁμαρτίας
3614 3214 3816 3288 μέγεθος.

601 3311 871 3381 gravitate
904 3311 1152 3375 sceleris,
1185 3326 1254 3367 ne
1282 3311 1746 3367 medicamentum
1774 3311 2047 3366 minuam.
2088 3311 2190 3366 At-

2292 3319 2484 3388 Ὄμως
2523 3314 2965 3386 συμπιεζόμενος
3001 3312 3204 3383 μᾶλλον
3227 3313 3298 3382 τῇ
3349 3310 3539 3382 ἀγάπῃ
3573 3306 3720 3379 ὁρίζω
3744 3304 3818 3358 σὺν

603 3415 790 3459 tamen
844 3404 1229 3459 vehementius
1267 3404 1535 3459 charitate
1593 3404 1863 3473 impulsus
1896 3404 2013 3460 hec
2064 3418 2177 3458 cum

2292 3408 2447 3479 φόϐῳ
2499 3407 2594 3460 καὶ
2642 3406 2831 3477 τρόμῳ
2892 3404 3019 3459 τάδε
3042 3420 3059 3435 ’
3116 3401 3178 3455 ἓν
3244 3401 3373 3464 ἔτος
3424 3400 3552 3455 ἀλλο
3590 3398 3818 3468 ἀπόσχον.

606 3499 806 3552 timore
834 3513 900 3552 ac
928 3505 1165 3552 tremore
1194 3496 1419 3552 definio.
1464 3495 1584 3552 Uno
1607 3496 1789 3551 adhuc
1808 3511 1974 3559 anno,
1996 3493 2177 3559 frater1

2292 3500 2513 3570 ἀδελφὲ,
2560 3498 2669 3553 τῶν
2711 3496 3096 3569 ἀγιασμάτων,
3149 3493 3236 3565 ἐφ’
3285 3493 3567 3567 ἑκατέροις
3593 3492 3693 3552 τοῖς
3716 3504 3822 3557 cvp-

605 3587 783 3643 sacris
838 3586 1115 3658 mysteriis
1171 3586 1408 3654 abstine,
1464 3586 1535 3641 ob
1582 3585 1860 3657 geminum
1909 3584 2177 3670 delictum.

2295 3592 2577 3664 πτώμασι,
2606 3590 2705 3661 τῆς
2741 3589 2851 3643 τῶν
2883 3589 3057 3656 ἀγίων
3082 3586 3317 3640 εἰκόνων
3344 3584 3665 3651 κατενέξεως
3691 3580 3821 3647 λέγων

608 3687 925 3734 sanctarum
947 3678 1250 3747 imaginum
1307 3677 1649 3734 eversionem
1676 3677 1825 3744 dico,
1859 3686 1913 3732 et
1950 3675 2177 3732 subscri-

2294 3688 2399 3756 καί,
2433 3684 2667 3749 ἀσεϐοῦς
2722 3680 3082 3755 ὑπογραφῆς*
3137 3678 3443 3751 ὑπογραφὴ
3484 3677 3590 3747 γὰρ
3634 3675 3721 3729 κᾶν
3760 3672 3822 3725 ὅτι

610 3772 854 3842 ptionem
887 3770 1502 3842 impiam.Subscriptio
1519 3770 1669 3826 enim
1701 3779 1811 3834 est,
1846 3769 1931 3825 vel
1963 3770 2012 3826 si
2031 3768 2177 3824 modt

2298 3780 2460 3850 μόνον
2489 3779 2663 3842 ὲάλως
2706 3777 2940 3848 σταυρὸν
2968 3772 3207 3847 χαράξαι
3224 3789 3240 3805 ο
3270 3772 3450 3827 ποιῶν
3471 3768 3669 3831 καὶτὰς
3692 3779 3825 3836 προσ·

614 3864 890 3919 adductus
942 3878 1003 3918 cs
1039 3874 1097 3918 ut
1149 3864 1337 3919 crucis
1371 3865 1592 3936 signum
1649 3864 1925 3936 pingeres.
1959 3862 2177 3920 Easden

2297 3871 2464 3943 ευχὰς
2500 3871 2601 3935 τὰς
2648 3870 2821 3933 αὑτὰς
2876 3869 2972 3922 καὶ
2996 3867 3381 3937 γονυκλισίας,
3414 3863 3542 3919 ἀνευ
3570 3856 3823 3917 ἀσθενείας.

616 3956 839 4011 interim
870 3970 1065 4025 preces
1086 3971 1316 4028 perages
1338 3972 1402 4012 ac
1426 3956 1856 4028 genuflexiones,
1892 3956 2029 4013 citra
2052 3971 2177 4012 mor

2310 3963 2532 4034 Ἐπειδὴ
2565 3962 2624 4017 δὲ
2656 3962 2837 4032 ὀλίγον
2868 3960 2989 4015 λίαν
3025 3960 3087 4013 τὺ
3114 3960 3433 4030 ἐπιτίμιον,
3462 3953 3683 4010 ἐπιδόσει
3708 3948 3827 4015 ὲλεη·

614 4049 771 4105 hum.
801 4046 1076 4115 Quoniam
1124 4059 1308 4104 autem
1359 4049 1561 4120 exigua
1590 4052 1754 4120 plane
1783 4065 1945 4120 pana
1985 4050 2177 4121 reliqua

2301 4055 2543 4128 μοσύνης
2600 4055 2828 4126 ἱκανῆς.
2871 4051 3278 4123 ἀντισηκοῦσαν
3338 4047 3701 4112 συνεισένεγκε
3749 4036 3825 4106 τὴν

611 4151 719 4207 est,
741 4156 984 4211 congrua
1015 4140 1072 4194 in
1104 4155 1376 4211 pauperes
1398 4142 1652 4211 pecunia:
1671 4142 1990 4214 erogatione
2017 4157 2177 4213 aequa

2298 4148 2750 4222 ἀντιστάθμησιν.
2795 4146 3031 4217 Ὀπόσης
3056 4144 3116 4199 δὲ
3142 4142 3379 4214 ταύτης,
3404 4139 3709 4215 δηλώσει....

613 4235 720 4290 lem
749 4239 987 4306 repende
1017 4236 1549 4306 compensationem.
1573 4235 1844 4304 Quantam
1867 4247 2049 4296 autem
2075 4253 2202 4295 esse

613 4325 766 4381 illam
795 4335 1066 4397 oporteat,
1100 4326 1523 4382 declarabit.....

989 4436 1171 4493 XCVI.
1202 4465 1274 4478 ——
1306 4436 1512 4493 Nicen:
1531 4438 1772 4492 curatori
1805 4437 1894 4509 (‘).

2668 4442 2803 4511 ιιςν.
2837 4467 2909 4481 -
2935 4436 3165 4506 Navita
3201 4432 3551 4503 κουράτωρι.

881 4561 1307 4615 convenienter:
1342 4569 1507 4631 atque
1537 4559 1676 4615 adeo
1710 4560 1999 4617 dicendum
2034 4564 2141 4619 erit

2494 4564 2783 4638 ἀραρότως
2806 4580 2822 4597 ο
2892 4562 2990 4617 καὶ
3035 4559 3211 4622 οὕτως
3251 4558 3473 4626 ἀνάγκη
3518 4551 3716 4620 λέγειν·
3744 4542 3829 4638 ξονι

618 4653 741 4711 Non
763 4664 848 4710 est
877 4652 1263 4709 manifestatus
1286 4650 1431 4708 Deus
1458 4652 1513 4707 in
1542 4668 1710 4709 carne
1738 4671 1753 4709 :
1783 4669 1896 4724 quo
1916 4654 2050 4727 quid
2077 4673 2177 4713 ess

2299 4635 2623 4731 ὲφανερώθή
2664 4655 2799 4719 Θεὸς
2822 4654 2884 4708 tv
2912 4651 3078 4723 σαρκί
3105 4666 3120 4682 ⁸
3156 4643 3218 4704 οὗ
3250 4647 3307 4701 τί
3340 4647 3409 4701 ἀν
3442 4645 3645 4716 γένοιτο
3670 4635 3829 4691 ἰονδαῖ·

619 4758 802 4818 potest
820 4746 1111 4802 Judaicum
1137 4745 1361 4815 magis?
1388 4744 1518 4801 Haec
1543 4762 1641 4817 pro
1668 4747 1915 4819 epistola:
1935 4748 2177 4804 brevitas

2301 4751 2575 4823 κώτερονς
2617 4747 2793 4803 ταῦτα
2835 4746 2914 4810 ὡς
2952 4747 3011 4799 ὲν
3058 4732 3827 4831 ὲπιστολῆςῗμετριρλλίλεκται.

619 4839 772 4894 dicta
802 4840 935 4893 sint.
965 4837 1126 4905 Quod
1165 4838 1213 4893 si
1248 4837 1394 4894 Deus
1422 4839 1632 4895 dederit
1670 4854 1770 4895 nos
1811 4839 2032 4897 tandem
2065 4842 2176 4897 invi

2315 4841 2445 4897 Ἐὰν
2478 4840 2537 4895 δὲ
2557 4838 2635 4909 δῷ
2663 4837 2796 4900 Θεὸς
2817 4835 2918 4905 ὀψέ
2942 4848 3072 4888 ποτε
3100 4831 3229 4885 ἰδεῖν
3257 4830 3413 4900 ἡμᾶς
3438 4824 3713 4897 ἀλλήλους,
3738 4824 3829 4871 sint

619 4945 741 4985 cem
770 4945 955 4985 coram
984 4930 1208 4995 intueri,
1241 4940 1372 4987 tunc
1402 4931 1496 4987 tibi
1527 4940 1609 4987 tot
1636 4931 1988 5003 proferentur
2008 4933 2177 5005 placit;

2302 4931 2542 4987 τοσαῦτά
2574 4946 2659 4984 σοι
2684 4926 3055 4999 λαληθήσεται
3085 4922 3351 4994 ἀληθείας
3387 4921 3632 4991 δόγματα
3657 4910 3827 5005 περίτι

624 5020 896 5087 veritatis,
937 5021 1006 5077 de
1033 5026 1248 5093 pictura
1290 5032 1346 5079 et
1369 5002 1692 5081 adoratione
1728 5002 2041 5085 sanctarum
2066 5027 2173 5080 ima

2306 5025 2524 5098 γραφῆς
2559 5022 2656 5077 καὶ
2693 5020 3121 5095 προσκυνήσεως
3148 5015 3260 5071 τῶν
3288 5014 3466 5083 ἀγίων
3505 5009 3728 5070 εἰκόνων,
3753 5002 3829 5055 ὅσα

621 5112 837 5183 ginum,
874 5121 1012 5183 quot
1036 5115 1124 5169 vix
1145 5129 1307 5171 aures
1346 5124 1474 5181 tum,
1522 5115 1611 5172 vir
1650 5118 1971 5185 reverende,
2004 5132 2177 5189 capere

2305 5118 2429 5174 οὐδὲ
2461 5116 2521 5172 τὸ
2545 5116 2730 5188 τίμιόν
2757 5130 2853 5168 σου
2882 5108 2976 5177 οὖς
3004 5108 3259 5181 δυνηθείη
3291 5108 3545 5163 ἀκοῦσαι.

625 5207 862 5279 possint.

878 5337 1089 5396 XCVII.
1113 5370 1184 5380 --
1205 5338 1415 5394 Basilio
1452 5341 1567 5412 ﬁlio
1599 5342 1893 5410 spirituali.

2512 5328 2629 5400 ιβ’.
2664 5359 2737 5372 -—
2771 5324 3071 5394 Βασιλείῳ
3107 5322 3218 5391 υιῷ
3267 5315 3655 5390 κιοευματικῷ.

1732 5477 1988 5540 Praecipue
2007 5477 2067 5526 ad
2088 5476 2289 5525 fratrum
2312 5486 2481 5524 curam
2501 5471 2744 5522 hortatur.

696 5582 1033 5653 Optahanms
1058 5603 1183 5640 cum
1212 5586 1414 5641 domno
1437 5586 1702 5656 Gregorio
1731 5599 1786 5641 et
1815 5596 1867 5641 te
1899 5584 2177 5641 illicintue

2395 5580 2820 5655 Ἐπεθυμοῦμεν
2862 5579 2962 5635 σὺν
2995 5578 3074 5651 τῷ
3124 5576 3277 5647 κυρῷ
3331 5568 3641 5643 Γρηγορίῳ,
3678 5559 3822 5616 καίοι

2126 5695 2357 5755 ΝΟΤΕ.

706 5815 773 5882 (⁸)
801 5817 1178 5888 Dogmatiram
1212 5819 1356 5877 hanc
1391 5819 1565 5877 fuisse
1583 5829 1824 5890 apparet.
