4060 6374
242 368 381 436 1349

1433 372 1968 434 EPISTOLARUM
2006 374 2156 437 LIB.
2202 377 2282 439 II.

3375 371 3513 440 1350

238 484 477 541 ἐνταῦθα
518 484 832 559 θεωρῆσαι,
866 498 1059 541 τεκνον
1093 484 1494 557 ἠγαπημένον
1538 485 1654 540 ἀλλ’
1699 485 1826 539 ἐπεὶ

1937 487 2002 551 ri,
2036 487 2107 541 lili
2139 487 2340 546 dilecte
2372 507 2386 545 :
2429 488 2523 545 sed
2556 488 2780 559 quando
2828 487 2883 543 id
2916 488 3145 544 minime
3172 487 3379 545 factum
3405 502 3515 553 est,

238 578 401 635 τοῦτο
452 579 516 634 οὑ
553 580 776 651 γέγονε,
836 580 1130 652 γράμμασι
1182 576 1665 651 παραμυθούμεθα
1724 578 1824 651 τὴν

241 673 533 745 ἀπόλειψιν
556 687 571 703 ·
622 672 987 746 γνωρίζοντες
1020 690 1104 727 σοι
1134 673 1217 726 ὅτι
1260 670 1462 745 ἔχομέν
1489 688 1552 726 σε
1603 670 1690 724 ἀεὶ
1732 669 1827 724 ἐπὶ

241 764 473 834 καρδίας
504 764 664 836 ήμῶν
709 763 976 833 ταπεινῆς
1000 778 1014 795 ο
1075 762 1362 833 φιλοῦντες
1401 762 1503 837 τὴν
1548 761 1826 834 σωτηρίαν

244 874 341 910 σου
370 873 430 910 τε
461 854 689 911 καὶτῶν
719 853 861 928 μετά
888 855 981 908 σοῦ
1014 855 1281 924 ἀδελφῶν,
1321 856 1419 910 καὶ
1440 855 1675 910 τέκνων.
1716 853 1828 909 Καὶ

241 950 353 1020 γὰρ
385 950 555 1022 πατρὶ
594 946 774 1015 κλέος,
815 948 933 1004 υἱοῦ
972 947 1220 1014 εὐδοξία·
1261 948 1357 1002 καὶ
1405 946 1634 1019 αῦχημα
1660 946 1825 1018 ἱερὸν,

241 1042 307 1093 τὸ
346 1042 497 1095 ὑῖκόν
540 1043 950 1113 σεμνολόγημα.
996 1042 1312 1113 Παρακαλῶ
1332 1037 1425 1095 οὖν
1460 1058 1519 1094 σε
1549 1042 1608 1094 ὲν
1636 1038 1828 1112 Κυρίῳ

243 1133 469 1204 ἔχεσθαι
511 1136 574 1189 οῦ
617 1136 781 1205 μόνον
813 1135 914 1205 τῆς
937 1136 1145 1199 οἰκείας
1179 1132 1531 1197 εὐσταθείας,
1567 1132 1705 1188 ἀλλά
1733 1131 1828 1186 καὶ

241 1226 347 1295 τῆς
381 1225 493 1279 τῶν
535 1226 785 1295 ἀδελφῶν
828 1226 1152 1298 ἐπιμελείας
1203 1226 1542 1297 ποθούμενον
1587 1223 1685 1278 καὶ
1728 1238 1828 1275 πο-

244 1316 483 1372 ϐοῦνίτιτ,⁸
533 1320 901 1390 στεργόμενον
957 1322 1052 1374 καὶ
1110 1322 1430 1393 στέργοντα.
1496 1319 1674 1375 Ὅπου
1719 1319 1831 1390 γὰρ

241 1413 435 1480 ἀγάπη
482 1413 867 1484 πνευματικὴ,
913 1414 1032 1467 ἐκεῖ
1061 1414 1121 1467 ὲν
1166 1415 1317 1485 μέσῳ
1362 1414 1633 1487 Χριστὸς,
1686 1414 1830 1469 καθά

246 1506 638 1577 ἐπηγγείλατο.
684 1506 772 1570 Ὠς
800 1506 964 1571 καλὸς
997 1498 1348 1579 καθηγητὴς,
1379 1508 1479 1577 ἄγε
1507 1507 1637 1572 τοῦς
1660 1508 1832 1577 ἄρνας

245 1599 487 1672 Χριστοῦ
507 1619 521 1633 ·
547 1600 854 1673 συμπαθῶς
878 1601 1257 1672 πεφεισμένως
1278 1603 1625 1673 ἀνειρόμενος
1648 1603 1831 1657 αὐτῶν

246 1692 327 1756 ὡς
355 1694 575 1747 οἰκείων
628 1693 806 1765 μελῶν
830 1710 846 1726 ’
878 1691 1026 1758 οἶδας
1052 1694 1137 1758 τίς
1168 1691 1251 1760 εἷ,
1296 1696 1380 1749 ὃτι
1424 1696 1828 1767 ἀπροσπαθής·

243 1787 331 1840 ὅτι
358 1786 901 1857 συμπεριφερόμενος
920 1803 933 1817 ⁸
960 1786 1076 1841 ἀλλ’
1096 1782 1189 1841 οῦν
1214 1788 1297 1841 ὅτι
1320 1789 1413 1843 καὶ
1440 1788 1830 1858 ἀκριϐολογού-

1932 576 2127 634 litteris
2147 578 2483 637 desiderium
2509 581 2827 650 mitigamus
2856 597 2873 634 :
2907 588 2967 636 ut
2995 581 3269 652 intelligas
3295 598 3327 637 a
3356 584 3516 639 nobis

1933 670 2233 729 humilibus
2281 675 2483 745 gestari
2521 685 2572 729 te
2611 690 2828 745 semper
2854 674 2910 732 in
2958 674 3124 740 sinu;
3168 686 3319 732 tuam
3365 678 3515 733 enim

1932 763 2165 820 salutem
2202 775 2481 836 optamus.
2536 777 2589 822 et
2638 784 2828 823 coriam
2879 768 2973 837 qui
3020 776 3198 822 tecum
3244 780 3378 825 sunt
3404 769 3517 826 fra-

1933 862 2077 909 trum
2119 871 2185 911 ac
2242 858 2502 913 liliorum.
2555 857 2850 914 Enimvero
2893 860 2991 915 filii
3034 861 3229 931 gloria,
3265 861 3387 917 laus
3420 878 3516 933 pa-

1932 946 2036 1001 tris
2091 958 2178 1004 est
2224 965 2238 1002 :
2281 956 2337 1002 et
2390 950 2478 1019 pie
2520 950 2832 1005 exsultandi
2882 966 3066 1016 causa,
3117 952 3224 1006 vita
3277 953 3512 1008 liliorum

1935 1039 2118 1108 gravis
2152 1046 2206 1094 et
2237 1041 2566 1111 composita.
2601 1039 2845 1096 Obsecro
2887 1050 2940 1096 te
2966 1044 3147 1111 itaque
3170 1043 3224 1097 in
3256 1042 3511 1111 Domino,

1935 1138 1996 1183 ut
2029 1146 2133 1186 nou
2189 1135 2421 1202 propria:
2465 1134 2627 1188 modo
2673 1134 2958 1189 stabilitati
3006 1136 3286 1201 consulas,
3332 1138 3425 1193 sed
3460 1149 3514 1193 ct

1935 1222 2164 1279 fratrum
2220 1241 2408 1280 curam
2434 1242 2593 1296 geras
2630 1242 2644 1278 :
2677 1236 2738 1279 ut
2763 1236 2818 1280 ct
2850 1228 2918 1281 ab
2944 1226 3012 1282 iis
3045 1227 3292 1298 diligaris
3333 1238 3390 1284 et
3420 1245 3516 1285 eos

1937 1314 2179 1372 vicissim
2214 1317 2435 1389 diligas,
2469 1328 2529 1373 ut
2561 1319 2766 1375 ameris
2791 1329 2845 1374 et
2872 1336 3043 1374 ames.
3075 1321 3181 1378 Ubi
3205 1322 3352 1377 enim
3382 1323 3505 1377 cha-

1935 1406 2070 1462 ritas
2092 1408 2376 1478 spiritalis,
2414 1410 2484 1464 ibi
2519 1410 2773 1465 Christus
2814 1410 2867 1464 in
2896 1411 3104 1477 medio,
3129 1413 3275 1468 sicut
3303 1413 3517 1483 pollici-

1940 1509 2027 1555 tus
2060 1510 2143 1555 est
2190 1500 2257 1557 ”.
2292 1499 2577 1571 Tanquam
2611 1504 2865 1572 egregius
2910 1504 3127 1569 ductor,
3151 1503 3354 1560 Christi
3386 1521 3517 1560 oves

1938 1593 2087 1662 agito
2123 1610 2137 1646 :
2178 1594 2664 1648 commiseratione
2695 1594 2932 1664 quadam
2963 1604 3128 1665 atque
3174 1596 3517 1665 indulgentia

1942 1683 2095 1754 ipsas
2141 1699 2239 1739 ceu
2274 1685 2493 1754 propria
2531 1685 2775 1739 membra
2820 1686 3072 1756 diligens.
3108 1685 3262 1743 Nosti
3290 1689 3380 1758 qui
3416 1690 3517 1753 sis,

1936 1791 2136 1846 expers
2186 1776 2394 1832 scilicet
2425 1794 2606 1846 pravae
2657 1778 2982 1844 aﬂ‘ectionis,
3022 1779 3223 1850 insigni
3255 1778 3518 1837 facilitate

250 1894 446 1948 μενος,
482 1880 612 1948 περὶ
642 1879 746 1943 τὰς
784 1880 1007 1943 ὲντολάς
1046 1880 1141 1934 τοῦ
1168 1880 1329 1936 Θεοῦ.
1362 1878 1488 1936 Εἶεν
1516 1882 1774 1937 ἁπάντων
1799 1882 1833 1954 ἡ

1937 1878 1990 1925 et
2020 1869 2301 1932 comitate.
2331 1879 2520 1925 exacta
2564 1887 2779 1923 morum
2810 1871 3120 1938 disciplina,
3161 1882 3217 1927 et
3258 1874 3517 1928 observa-

243 1969 396 2041 ψυχὴ
427 1970 525 2041 μία
557 1972 647 2025 διὰ
670 1970 765 2024 τοῦ
792 1973 972 2027 πάντα
997 1968 1136 2027 εἶναι
1167 1975 1343 2029 κοινά.
1374 1970 1499 2028 Εἶεν
1535 1974 1835 2045 ἐξαγόρευ-

249 2080 339 2127 σις
363 2062 592 2135 επείπερ
624 2065 736 2117 πᾶν
768 2064 829 2118 τὸ
858 2064 1267 2136 φανερούμενον
1301 2066 1416 2135 φῶς
1448 2068 1619 2129 ἐστιν,
1643 2067 1719 2127 ώς
1740 2066 1837 2121 καὶ

244 2156 311 2210 τὸ
344 2155 618 2227 ἔμπαλινο
677 2152 789 2211 εἷεν
827 2158 1066 2231 ὑπακοὴ,
1120 2159 1213 2229 ὑφ’
1335 2160 1364 2212 6
1398 2159 1602 2233 λῃστὴς
1631 2160 1836 2216 εἴσοδον

247 2247 531 2321 ἐξαπάτης
570 2250 670 2321 οὑχ
710 2252 958 2318 εὑρίσκει
978 2268 994 2282 ·
1026 2247 1136 2306 εἶεν
1162 2252 1527 2318 ταπείνωσις,
1558 2257 1625 2326 ῆν
1652 2255 1834 2325 ἀμπε-

247 2340 483 2412 χόμενος
524 2342 553 2393 6
591 2341 726 2405 Θεδς
777 2341 1068 2415 ἄνθρωπος
1116 2344 1307 2413 γέγονε
1332 2386 1347 2410 ,
1380 2344 1537 2408 θεοὺς
1584 2344 1837 2399 ἐντεῦθεν

245 2432 378 2495 τοὺς
414 2431 738 2505 ἀνθρώπους
769 2434 1141 2508 δημιουργῶν.
1190 2436 1247 2488 Ὠ
1278 2435 1412 2489 καλὲ
1442 2435 1712 2502 Βασίλειε,
1734 2436 1836 2507 τὴν

248 2525 729 2598 παρακαταθήκην
754 2526 993 2597 φύλαξον
1015 2545 1030 2562 ·
1061 2530 1465 2600 ἐκτρεπόμενος
1485 2528 1556 2583 τά
1579 2530 1794 2601 πονηρά
1816 2545 1833 2561 ·

247 2619 693 2689 ὲγκολπούμενος
736 2622 805 2676 τά
834 2622 994 2677 θεῖκά
1018 2639 1032 2654 ⁸
1070 2622 1241 2685 τύπος
1290 2624 1660 2695 ἀγαθοεργίας
1684 2624 1834 2695 πάσῃ

246 2715 620 2786 προκείμενος
647 2717 713 2785 τῇ
736 2714 1063 2785 ἀδελφότητι
1080 2730 1093 2745 ·
1122 2716 1219 2770 καὶ
1240 2714 1414 2779 οὑτως
1438 2717 1467 2769 ὃ
1497 2732 1555 2769 σε
1582 2715 1794 2769 ἀθετῶν
1814 2758 1831 2783 ,

245 2805 438 2860 ἀθετεῖ
457 2807 591 2861 Θεόν
613 2821 629 2839 ⁸
665 2808 759 2861 καὶ
788 2809 817 2861 6
844 2807 1087 2861 ὑπείκων
1118 2824 1222 2873 σοι,
1256 2807 1472 2862 ὑπείκει
1502 2807 1643 2879 Θεῷ.
1681 2809 1836 2880 Μνη-

249 2898 451 2970 μόνευέ
484 2917 587 2970 μου
615 2899 716 2972 τῆς
743 2898 1131 2965 ταπεινώσεως
1165 2901 1263 2955 σὺν
1294 2903 1407 2966 τοῖς
1434 2901 1705 2971 ἀδελφοῖς.

245 3054 376 3121 ῐιῐίί.
416 3087 486 3098 -
541 3057 669 3121 Τοῖς
712 3056 1121 3126 ἠγαπημένοις
1171 3056 1457 3127 ἀδελφοῖς
1504 3060 1834 3129 Γρηγοριφ,

222 3170 233 3177 ·
333 3145 651 3216 Ἰεζεχιὴλ.
725 3148 1024 3217 Ἐράστῳ,
1083 3149 1403 3218 Θεοφάνει,
1466 3150 1696 3219 Ἀνίνᾳ,
1735 3150 1832 3205 καὶ

248 3294 255 3301 ,
320 3240 448 3305 τοῖς
486 3238 715 3305 λοιποῖς
752 3241 824 3294 ἐν
862 3240 1130 3295 Ἑλλάδι.

1935 1961 2087 2017 tione
2120 1961 2504 2016 mandatorum
2535 1961 2656 2015 Dei.
2681 1960 2938 2016 Omnium
2972 1964 3045 2016 sit
3078 1963 3262 2018 anima
3296 1980 3425 2027 una,
3460 1975 3518 2020 ut

1934 2055 2045 2111 sint
2094 2056 2411 2111 communia
2461 2055 2697 2109 omnia:
2750 2055 2823 2109 sit
2890 2054 3059 2110 animi
3122 2055 3515 2123 manifestatio,

1934 2148 2383 2218 quandoquidem
2427 2162 2590 2202 omne
2641 2147 2785 2217 quod
2815 2148 2865 2201 in
2907 2156 3097 2219 aperto
3133 2157 3239 2212 est,
3272 2148 3362 2204 lux
3393 2159 3513 2204 est:

1932 2248 1988 2295 et
2025 2239 2146 2294 vice
2171 2254 2353 2294 versa.
2391 2237 2477 2293 Sit
2524 2238 2838 2293 obedientia
2878 2255 2892 2291 :
2923 2255 3046 2309 qua!
3094 2239 3137 2294 si
3168 2249 3272 2307 est,
3305 2241 3515 2295 nullum

1935 2329 2023 2385 fur
2056 2329 2261 2386 invenit
2297 2328 2606 2399 decipiendi
2635 2329 2815 2384 locum
2854 2348 2866 2383 :
2901 2330 2972 2385 sit
3011 2330 3319 2397 humilitas,
3353 2347 3515 2401 quam

1934 2422 2080 2479 Deus
2098 2423 2387 2493 amplexus
2413 2424 2579 2477 homo
2610 2421 2791 2477 factus
2819 2431 2922 2485 est,
2957 2431 3016 2477 ut
3050 2423 3300 2478 homines
3332 2425 3414 2477 vel
3438 2424 3520 2479 sic

1934 2516 2066 2572 deos
2105 2514 2360 2571 ediceret.
2412 2515 2457 2569 0
2489 2516 2707 2585 egregie
2750 2514 2936 2580 Basili,
2991 2531 3148 2571 serva
3180 2516 3515 2586 depositum,

1933 2622 2099 2677 prava
2124 2622 2413 2677 respuens,
2441 2606 2625 2661 divina
2648 2607 3021 2677 complectens
3048 2616 3345 2677 :tanquam
3371 2616 3521 2663 recte

1934 2700 2127 2771 agendi
2171 2700 2347 2755 forma
2380 2699 2477 2754 toti
2512 2699 2840 2754 fraternitati
2874 2700 3213 2770 propositus.
3252 2699 3344 2755 Sic
3374 2701 3518 2755 enim

1934 2792 2029 2863 qui
2060 2802 2111 2846 te
2143 2794 2431 2863 spreverit,
2462 2793 2632 2848 Deum
2682 2793 2927 2863 spernit:
2966 2803 3021 2848 et
3049 2794 3143 2863 qui
3178 2794 3271 2849 tibi
3324 2810 3523 2865 parue-

1933 2883 2029 2941 rit.
2066 2882 2175 2939 Deo
2204 2894 2379 2953 paret.
2430 2882 2638 2939 Memor
2671 2894 2789 2940 esto
2827 2900 2933 2939 una
2966 2901 3091 2940 cum
3123 2886 3389 2942 fratribus
3424 2888 3526 2943 hu.

1942 2976 2195 3031 utilitatis
2227 2992 2381 3031 mete.

1934 3067 2168 3124 XCVIII.
2204 3098 2276 3111 —
2310 3069 2529 3123 Dilectis
2588 3070 2846 3140 fratribus
2871 3111 2884 3134 ,
2910 3069 3184 3141 Gregorio,
3232 3071 3522 3141 Ezechieli,

2012 3161 2224 3227 Eraslo,
2257 3160 2796 3231 Theophani,Auinw,
2814 3172 2861 3217 et
2893 3162 3106 3233 reliquis
3140 3166 3194 3219 in
3225 3163 3452 3223 Gracia.

1127 3331 1411 3381 Monasticm
1436 3330 1552 3381 vitae
1578 3338 1825 3397 praecepta
1846 3334 1949 3396 dat,
1971 3332 2225 3397 precipue
2248 3334 2312 3383 de
2336 3340 2646 3397 paupertate.

324 3437 543 3506 Καιρὸς
589 3439 697 3493 τοῦ
741 3439 986 3504 λαλεῖν,
1049 3440 1148 3494 καὶ
1207 3442 1414 3509 καιρὸς
1465 3442 1571 3497 τοῦ
1626 3441 1829 3512 σιγᾷν.

254 3528 419 3583 Ἐπεὶ
463 3529 557 3583 οῦν
588 3530 684 3583 τοῦ
731 3530 989 3602 δευτέρου
1018 3532 1047 3585 6
1073 3531 1231 3601 λόγος
1278 3534 1335 3585 ὲν
1364 3536 1485 3598 ταῖς
1528 3534 1833 3604 προλαϐού-

245 3639 376 3686 σαις
425 3622 697 3694 ἡμέραις·
734 3624 874 3677 εῐπω
920 3624 976 3677 δὲ
1025 3626 1120 3679 καὶ
1153 3626 1212 3678 ἐν
1258 3620 1350 3690 αἶς
1392 3626 1455 3680 τὸ
1498 3628 1692 3699 παρόν.
1732 3628 1835 3684 Διά

243 3714 413 3769 τοῦτο
476 3717 630 3785 μόλις
687 3718 784 3769 καὶ
831 3716 957 3787 ἄρτι
1023 3715 1412 3786 ἐξεληλυθότες
1461 3719 1563 3790 τῆς
1623 3719 1833 3784 πόλεως

244 3807 472 3883 εὐδοκία
488 3806 647 3875 θεοῦ,
671 3808 1020 3880 φθεγγόμεθα
1034 3808 1063 3861 ὑ
1072 3811 1185 3876 μῖν,
1204 3811 1444 3881 πατέρες
1466 3812 1563 3864 καὶ
1583 3809 1830 3881 ἀδελφοί·

249 3900 607 3972 φθεγγόμεθα
653 3901 710 3954 δὲ
759 3900 1146 3963 ἀποστολικαῖς
1195 3903 1421 3970 φωναῖςο
1468 3902 1712 3971 Χαίρετε
1764 3903 1835 3957 ἐν

247 3994 452 4061 Κυρίῳ
464 3992 741 4059 πάντοτε,
756 3994 853 4047 καὶ
873 3994 1059 4048 πάλιν
1072 3992 1205 4063 ἐρῶ,
1221 3994 1457 4063 χαίρετε
1471 4008 1486 4023 ο
1498 3994 1557 4045 οὑ
1577 3996 1717 4047 κατά
1736 3995 1833 4067 τὴν

247 4089 434 4156 χαρὰν
477 4084 571 4137 τοῦ
617 4086 744 4156 τῇδε
780 4086 1019 4156 κόσμου’
1056 4087 1197 4156 πλὴν
1228 4088 1311 4139 ὅτι
1341 4086 1464 4139 οὐδὲ
1495 4086 1660 4157 χαρὰ,
1697 4086 1836 4140 ἀλλὰ

248 4179 399 4249 πρινυ
429 4177 629 4248 θλίψις.
663 4178 1029 4241 ἀτακτοῦντος
1075 4178 1171 4233 τοῦ
1202 4179 1467 4250 ὑπηκόου.
1532 4177 1691 4231 Ἀλλά
1716 4178 1840 4250 χαί.

251 4287 381 4341 ρετε
411 4272 555 4324 κατά
587 4270 808 4341 Πνεῦμα
860 4268 1207 4341 ἁγιωσύνης,
1248 4271 1331 4324 ὅτι
1371 4269 1717 4341 ἐλυτρώθητε
1769 4271 1833 4323 ἐκ

245 4363 356 4431 τῆς
386 4360 631 4426 δουλείας
670 4362 765 4415 τοῦ
812 4361 1035 4432 ἐχθροῦ,
1062 4363 1129 4415 ὲκ
1157 4361 1257 4431 τῆς
1287 4360 1520 4432 ματαίας
1561 4362 1834 4431 ἀναστρο-

247 4455 405 4526 φῆς,
439 4455 547 4508 ἀπὸ
584 4456 787 4526 σαρκὸς
838 4455 933 4508 καὶ
986 4455 1249 4523 αἵματος,
1306 4452 1655 4517 δουλεύοντες
1717 4452 1837 4524 Θεῷ

250 4545 421 4609 ζῶντι
462 4544 556 4598 καὶ
594 4542 834 4617 ἀληθινῷ
853 4562 868 4575 ·
904 4543 961 4611 ἐξ
1002 4537 1065 4597 οὑ
1096 4545 1193 4597 καὶ
1222 4545 1251 4598 6
1285 4541 1551 4615 πρότερος
1577 4540 1720 4595 κατά
1746 4542 1838 4596 τὸν

247 4638 496 4708 διωγμὸν
539 4637 917 4709 μακαρισμὸς,
961 4637 1056 4689 καὶ
1101 4636 1130 4688 6
1168 4634 1264 4690 νῦν
1304 4635 1593 4706 ξενισμόςο
1626 4627 1730 4688 ὧδέ
1777 4650 1837 4687 τε

2010 3442 2240 3511 Tempus
2282 3444 2554 3514 loquendi,
2605 3455 2655 3498 et
2688 3455 2891 3512 tempus
2935 3446 3147 3500 tacendi
3180 3446 3220 3501 ¹.
3264 3444 3529 3513 Quando-

1935 3534 2166 3604 quidem
2213 3536 2381 3605 igitur
2417 3537 2689 3604 posterior
2720 3538 3008 3593 sententize
3043 3553 3170 3605 pars
3216 3538 3397 3594 locum
3428 3539 3530 3594 lia-

1935 3622 2059 3678 huit
2094 3625 2482 3695 superioribus
2516 3625 2734 3691 diebus,
2784 3626 2964 3681 dicam
2995 3635 3050 3682 et
3087 3642 3235 3682 nunc
3266 3644 3389 3699 qua:
3422 3627 3529 3685 fert

1933 3730 2178 3785 prtesens
2207 3717 2471 3771 conditio.
2512 3716 2720 3773 Idcirco
2753 3733 2895 3789 agre
2928 3734 3075 3774 nunc
3112 3719 3331 3775 tandem
3386 3719 3525 3775 urbe

1934 3806 2143 3877 egressi
2200 3804 2296 3862 Dei
2346 3806 2635 3872 beneﬂcio,
2702 3824 2799 3865 vos
2876 3810 3232 3881 alloquimur,
3334 3807 3528 3864 Patres

1935 3894 2262 3969 fratresque.
2361 3897 2711 3967 Alloquimur
2800 3909 2984 3956 autem
3094 3899 3281 3954 verbis
3366 3900 3525 3968 Apo—

1935 3988 2061 4044 stoli
2120 3987 2415 4045 :Gaudete
2481 3990 2537 4043 in
2606 3988 2832 4044 Domino
2931 4007 3155 4061 semper,
3221 4000 3272 4046 et
3323 3992 3520 4046 iterum

1935 4080 2133 4147 dicam,
2164 4080 2389 4153 gaudete
2411 4081 2432 4111 ³
2457 4096 2472 4146 ;
2498 4093 2604 4133 non
2641 4080 2953 4136 secundum
2972 4081 3137 4151 hujus
3167 4082 3354 4136 mundi
3388 4097 3530 4152 gau-

1935 4171 2088 4226 dium
2143 4189 2156 4225 :
2195 4187 2374 4242 neque
2430 4173 2579 4228 enim
2609 4173 2896 4243 gaudium.
2942 4173 3035 4228 sed
3076 4174 3259 4241 gravis
3290 4172 3516 4227 alllictio

1935 4272 2041 4329 est,
2072 4264 2165 4319 ubi
2198 4264 2454 4319 subditus
2481 4264 2756 4332 ﬂagitiose
2808 4264 2966 4323 vivit.
3006 4265 3110 4319 Sed
3147 4265 3381 4336 gaudete
3434 4280 3527 4320 se-

1937 4354 2178 4410 cundum
2222 4355 2491 4426 Spiritum
2540 4356 2869 4421 sanctitatis,
2932 4358 3193 4428 quoniam
3224 4358 3293 4412 ab
3334 4356 3526 4413 hostili

1938 4448 2256 4517 captivitate
2286 4448 2555 4518 redempti
2592 4448 2754 4513 estis,
2787 4448 2856 4503 ab
2891 4448 3041 4504 inani
3072 4448 3524 4516 conversatione,

1938 4557 1969 4594 a
2001 4554 2168 4595 carne
2199 4547 2254 4594 et
2287 4541 2586 4610 sanguine,
2618 4541 2923 4596 servientes
2962 4538 3073 4594 Deo
3105 4540 3230 4595 vivo
3260 4555 3325 4594 ac
3353 4555 3525 4596 vero:

1939 4649 2006 4687 es
2039 4647 2151 4702 quo
2200 4641 2315 4687 tum
2366 4633 2518 4705 prior
2568 4633 2660 4689 illa
2712 4649 2783 4690 ex
2828 4633 3214 4705 persecutione
3264 4633 3525 4699 felicitas,

248 4733 481 4786 κάκεῖσε
510 4730 927 4800 διεσπαρμένων
969 4729 1126 4800 ὑμῶν
1147 4767 1163 4794 ,
1193 4727 1299 4791 ἕως
1324 4720 1388 4781 οὗ
1425 4727 1601 4780 ἐπίδοι
1630 4726 1834 4796 Κύριος

1942 4732 2054 4779 tum
2080 4724 2224 4778 istud
2241 4724 2383 4793 quod
2416 4740 2563 4781 nunc
2593 4723 2843 4795 perfertis
2871 4725 3154 4790 exsilium,
3192 4725 3301 4779 huc
3363 4734 3530 4793 atque

250 4826 484 4897 εἰρήνην
514 4820 800 4895 βραϐεύων
828 4824 893 4894 τῇ
936 4821 1239 4893 Ἐκκλησία
1266 4817 1455 4885 αὑτοῦ,
1493 4820 1589 4873 καὶ
1626 4820 1839 4873 ἀποκα-

251 4916 458 4972 θιστῶν
484 4916 631 4988 ἡμᾶς
658 4916 753 4969 ἐπὶ
778 4914 840 4967 τὸ
868 4914 1023 4969 αὑτό.

329 5102 405 5156 Τὸ
428 5100 485 5154 δὲ
507 5098 601 5153 νῦν
621 5099 743 5171 ἕχον
770 5098 962 5168 δέομαι
988 5096 1166 5167 ὑμῶν,
1200 5096 1437 5165 ἀδελφοὶ,
1472 5095 1654 5161 ἀξίως
1676 5108 1838 5164 περι-

252 5192 525 5262 πατῆσαι
566 5190 678 5261 τῆς
710 5189 989 5256 κλήσεως
1023 5184 1101 5259 ἧς
1133 5188 1509 5257 ἐκλήθημενο
1543 5185 1690 5253 μετὰ
1723 5184 1839 5239 πά-

252 5300 380 5351 σης
406 5282 707 5353 ἀσφαλείας
738 5282 834 5336 καὶ
865 5280 1139 5352 προσοχῆς
1162 5297 1175 5312 ο
1216 5277 1355 5348 μετά
1389 5278 1569 5347 πάσης
1595 5293 1845 5331 ταπεινο-

255 5373 536 5445 φροσύνης
574 5375 669 5429 καὶ
688 5373 933 5442 ὑπακοῆς
953 5372 1052 5443 τῆς
1074 5371 1156 5435 εἰς
1186 5370 1450 5442 ἀλλήλους
1470 5386 1486 5400 ·
1509 5368 1726 5440 ἔχοντος
1745 5366 1841 5420 τοῦ

258 5465 681 5538 προηγουμένου
710 5465 801 5519 τον
822 5464 988 5519 τόπον
1019 5464 1118 5535 τῆς
1148 5462 1344 5533 ἀρχῆς,
1377 5460 1479 5515 οὐκ
1503 5462 1582 5524 είς
1606 5459 1841 5531 ἔπαρσιν

258 5559 600 5630 δαιμονικὴν,
649 5558 764 5612 ἀλλ’
802 5559 883 5622 εἰς
918 5556 1090 5611 τύπον
1128 5556 1333 5625 ἀρετῆς
1380 5553 1489 5607 τῶν
1533 5552 1841 5623 ἑπομένων,

259 5652 360 5705 καὶ
394 5651 502 5704 τῶν
531 5651 586 5704 δὲ
618 5650 954 5703 ὑπεικόντων
982 5647 1079 5703 καὶ
1104 5646 1465 5717 πειθομένων,
1489 5644 1565 5707 ώς
1602 5644 1726 5714 ἐμοὶ
1765 5642 1844 5715 τῷ

262 5742 489 5814 ἀναξίῳ,
520 5742 720 5813 μᾶλλον
771 5741 830 5795 δὲ
880 5738 1121 5811 Χριστῷ,
1168 5738 1237 5792 δι’
1274 5737 1335 5791 ὃν
1380 5736 1478 5793 καὶ
1519 5736 1581 5791 τὸ
1611 5737 1721 5791 πᾶν
1747 5735 1843 5789 τοῦ

1944 4815 2077 4871 illuc
2146 4815 2408 4886 dispersi,
2457 4818 2633 4874 donec
2674 4818 2939 4889 respiciat
2993 4817 3283 4881 Dominus,
3337 4831 3526 4887 pacem

1944 4905 2202 4964 Ecclesiae
2241 4924 2354 4963 sua:
2406 4912 2738 4976 concedens,
2788 4925 3002 4981 nosque
3044 4910 3100 4965 in
3134 4925 3303 4964 unum
3341 4910 3531 4965 conci-

1942 5000 2103 5055 linus.

2015 5090 2072 5147 In
2099 5095 2354 5163 praesenti
2386 5103 2566 5149 autem
2594 5111 2775 5150 rerum
2801 5105 2972 5163 statu,
3009 5112 3111 5154 oro
3148 5113 3275 5165 vos,
3306 5095 3529 5160 fratres,

1944 5194 2005 5239 ut
2038 5184 2194 5256 digne
2238 5184 2521 5240 ambuletis
2554 5188 2824 5241 vocatione
2852 5204 2960 5258 qua
2987 5190 3163 5243 vocati
3178 5205 3384 5249 sumus.
3408 5204 3530 5242 cum

1946 5275 2091 5329 omni
2122 5274 2144 5305 ³
2175 5273 2460 5345 diligentia
2500 5284 2556 5331 et
2585 5278 2911 5342 attentione,
2947 5293 3071 5333 cum
3111 5280 3262 5335 omni
3303 5280 3528 5334 humili-

1943 5373 2056 5420 tate
2098 5375 2152 5421 et
2176 5366 2490 5421 obedientia
2524 5367 2760 5423 invicem
2796 5386 2810 5424 :
2852 5369 3193 5440 prafecturae
3220 5372 3401 5425 locum
3448 5380 3530 5424 te-

1947 5470 2108 5515 nente
2142 5459 2459 5531 praeposito,
2492 5476 2599 5515 non
2632 5461 2700 5517 ad
2719 5462 3048 5518 diabolicam
3082 5464 3377 5520 elationem
3405 5463 3530 5517 ani-

1949 5552 2046 5619 mi,
2083 5554 2176 5609 sed
2233 5554 2300 5609 ad
2335 5553 2554 5610 virtutis
2582 5556 2892 5627 exemplum
2923 5555 3186 5621 alumnis,
3226 5556 3405 5625 iisque
3434 5555 3527 5625 qui

1950 5646 2055 5716 ipsi
2101 5647 2487 5717 obtemperant
2512 5662 2575 5703 ac
2619 5662 2826 5703 morem
2852 5655 3049 5716 gerunt
3092 5657 3351 5719 tanquam
3392 5645 3527 5701 mihi

1953 5739 2201 5811 indigno,
2236 5741 2323 5797 vel
2361 5740 2583 5798 Christo
2625 5741 2832 5813 potius,
2873 5748 3097 5813 propter
3141 5755 3304 5811 quem
3328 5747 3385 5795 et
3418 5738 3531 5795 vita

341 5861 385 5891 ⁹⁹
415 5856 784 5925 Maltinmtt,
806 5858 897 5913 30.
976 5855 1365 5923 'Eccle.ttt,8.
1444 5855 1464 5886 '
1498 5854 1698 5925 Philip,
1734 5870 1809 5919 tv,

1976 5854 1997 5886 ³
2014 5854 2214 5926 Ephes.
2253 5869 2328 5924 tv,
2349 5856 2399 5909 l.
