  <div class='ocr_page' id='page_1' title='image "/cluster/home/n/w/nwhite01/storage/ocr_20150623/99/hvd.32044024464356/683.png"; bbox 0 0 4060 6374; ppageno 0'>
   <div class='ocr_carea' id='block_1_1' title="bbox 499 357 734 427">
    <p class='ocr_par' dir='ltr' id='par_1_1' title="bbox 499 357 734 427">
     <span class='ocr_line' id='line_1_1' title="bbox 499 357 734 427; baseline 0 -1"><span class='ocrx_word' id='word_1_1' title='bbox 499 357 502 360; x_wconf 67' lang='grc'><strong>’</strong></span> <span class='ocrx_word' id='word_1_2' title='bbox 603 361 734 427; x_wconf 76' lang='grc'><strong>1351</strong></span> 
     </span>
    </p>
   </div>
   <div class='ocr_carea' id='block_1_2' title="bbox 1794 376 2676 443">
    <p class='ocr_par' dir='ltr' id='par_1_2' title="bbox 1794 376 2676 443">
     <span class='ocr_line' id='line_1_2' title="bbox 1794 376 2676 443; baseline 0.007 -7"><span class='ocrx_word' id='word_1_3' title='bbox 1794 379 1856 437; x_wconf 89' lang='lat' dir='ltr'><strong>S.</strong></span> <span class='ocrx_word' id='word_1_4' title='bbox 1897 376 2291 438; x_wconf 76' lang='lat' dir='ltr'><strong>THEODORI</strong></span> <span class='ocrx_word' id='word_1_5' title='bbox 2327 381 2676 443; x_wconf 69' lang='lat' dir='ltr'><strong>STUDszE</strong></span> 
     </span>
    </p>
   </div>
   <div class='ocr_carea' id='block_1_3' title="bbox 3687 398 3794 466">
    <p class='ocr_par' dir='ltr' id='par_1_3' title="bbox 3687 398 3794 466">
     <span class='ocr_line' id='line_1_3' title="bbox 3687 398 3794 466; baseline 0.037 -4"><span class='ocrx_word' id='word_1_6' title='bbox 3687 398 3794 466; x_wconf 77' lang='grc'><strong>1352</strong></span> 
     </span>
    </p>
   </div>
   <div class='ocr_carea' id='block_1_4' title="bbox 599 485 2202 578">
    <p class='ocr_par' dir='ltr' id='par_1_4' title="bbox 599 485 2182 562">
     <span class='ocr_line' id='line_1_4' title="bbox 599 485 2182 562; baseline 0.005 -24"><span class='ocrx_word' id='word_1_7' title='bbox 599 486 804 551; x_wconf 84' lang='lat' dir='ltr'><strong>omnis,</strong></span> <span class='ocrx_word' id='word_1_8' title='bbox 835 494 888 539; x_wconf 90' lang='lat' dir='ltr'><strong>et</strong></span> <span class='ocrx_word' id='word_1_9' title='bbox 927 485 1241 543; x_wconf 86' lang='lat' dir='ltr'><strong>voluntaria</strong></span> <span class='ocrx_word' id='word_1_10' title='bbox 1278 505 1427 545; x_wconf 87' lang='lat' dir='ltr'><strong>mors</strong></span> <span class='ocrx_word' id='word_1_11' title='bbox 1453 491 1796 562; x_wconf 83' lang='lat' dir='ltr'><strong>quotidiana,</strong></span> <span class='ocrx_word' id='word_1_12' title='bbox 1823 508 1857 547; x_wconf 96' lang='lat' dir='ltr'><strong>o</strong></span> <span class='ocrx_word' id='word_1_13' title='bbox 1899 494 2020 557; x_wconf 81' lang='lat' dir='ltr'><strong>lilii,</strong></span> <span class='ocrx_word' id='word_1_14' title='bbox 2063 509 2182 548; x_wconf 84' lang='lat' dir='ltr'><strong>ma-</strong></span> 
     </span>
    </p>
   </div>
   <div class='ocr_carea' id='block_1_5' title="bbox 2189 485 3792 578">
    <p class='ocr_par' dir='ltr' id='par_1_5' title="bbox 2213 496 3792 578">
     <span class='ocr_line' id='line_1_5' title="bbox 2213 496 3792 578; baseline 0.01 -30"><span class='ocrx_word' id='word_1_15' title='bbox 2213 503 2258 556; x_wconf 78' lang='grc' dir='ltr'>Α</span> <span class='ocrx_word' id='word_1_16' title='bbox 2287 496 2407 566; x_wconf 82' lang='grc' dir='ltr'>βίου</span> <span class='ocrx_word' id='word_1_17' title='bbox 2436 503 2534 552; x_wconf 77' lang='grc' dir='ltr'>καὶ</span> <span class='ocrx_word' id='word_1_18' title='bbox 2559 502 2587 554; x_wconf 99' lang='lat'><strong>6</strong></span> <span class='ocrx_word' id='word_1_19' title='bbox 2616 500 2738 554; x_wconf 87' lang='grc' dir='ltr'>καθ’</span> <span class='ocrx_word' id='word_1_20' title='bbox 2766 501 2982 572; x_wconf 78' lang='grc' dir='ltr'>ἡμέραν</span> <span class='ocrx_word' id='word_1_21' title='bbox 3015 507 3394 577; x_wconf 77' lang='grc' dir='ltr'>προαιρετικὸς</span> <span class='ocrx_word' id='word_1_22' title='bbox 3418 509 3644 578; x_wconf 79' lang='grc' dir='ltr'>θάνατος.</span> <span class='ocrx_word' id='word_1_23' title='bbox 3667 510 3704 570; x_wconf 79' lang='grc' dir='ltr'><strong>ὦ</strong></span> <span class='ocrx_word' id='word_1_24' title='bbox 3725 523 3792 575; x_wconf 80' lang='grc' dir='ltr'><strong>τέ.</strong></span> 
     </span>
    </p>
   </div>
   <div class='ocr_carea' id='block_1_6' title="bbox 599 574 2185 649">
    <p class='ocr_par' dir='ltr' id='par_1_6' title="bbox 599 574 2185 649">
     <span class='ocr_line' id='line_1_6' title="bbox 599 574 2185 649; baseline 0.007 -23"><span class='ocrx_word' id='word_1_25' title='bbox 599 589 766 644; x_wconf 78' lang='lat' dir='ltr'><strong>gnum</strong></span> <span class='ocrx_word' id='word_1_26' title='bbox 792 574 988 631; x_wconf 85' lang='lat' dir='ltr'><strong>salutis</strong></span> <span class='ocrx_word' id='word_1_27' title='bbox 1017 579 1342 649; x_wconf 71' lang='lat' dir='ltr'><strong>mysterium</strong></span> <span class='ocrx_word' id='word_1_28' title='bbox 1371 589 1474 635; x_wconf 90' lang='lat' dir='ltr'><strong>est.</strong></span> <span class='ocrx_word' id='word_1_29' title='bbox 1514 581 1700 636; x_wconf 78' lang='lat' dir='ltr'><strong>Videte</strong></span> <span class='ocrx_word' id='word_1_30' title='bbox 1721 583 2185 646; x_wconf 85' lang='lat' dir='ltr'><strong>quemadmodum</strong></span> 
     </span>
    </p>
   </div>
   <div class='ocr_carea' id='block_1_7' title="bbox 600 666 2189 741">
    <p class='ocr_par' dir='ltr' id='par_1_7' title="bbox 600 666 2189 741">
     <span class='ocr_line' id='line_1_7' title="bbox 600 666 2189 741; baseline 0.005 -23"><span class='ocrx_word' id='word_1_31' title='bbox 600 666 813 736; x_wconf 77' lang='lat' dir='ltr'><strong>degatis</strong></span> <span class='ocrx_word' id='word_1_32' title='bbox 845 685 860 720; x_wconf 91' lang='lat'><strong>:</strong></span> <span class='ocrx_word' id='word_1_33' title='bbox 892 680 1000 719; x_wconf 89' lang='lat' dir='ltr'><strong>non</strong></span> <span class='ocrx_word' id='word_1_34' title='bbox 1045 681 1100 722; x_wconf 92' lang='lat' dir='ltr'><strong>ut</strong></span> <span class='ocrx_word' id='word_1_35' title='bbox 1135 669 1282 723; x_wconf 87' lang='lat' dir='ltr'><strong>vitiis</strong></span> <span class='ocrx_word' id='word_1_36' title='bbox 1303 670 1548 736; x_wconf 83' lang='lat' dir='ltr'><strong>obnoxii,</strong></span> <span class='ocrx_word' id='word_1_37' title='bbox 1580 670 1674 725; x_wconf 88' lang='lat' dir='ltr'><strong>sed</strong></span> <span class='ocrx_word' id='word_1_38' title='bbox 1721 679 1781 724; x_wconf 93' lang='lat' dir='ltr'><strong>ut</strong></span> <span class='ocrx_word' id='word_1_39' title='bbox 1809 683 2065 741; x_wconf 79' lang='lat' dir='ltr'><strong>expertes</strong></span> <span class='ocrx_word' id='word_1_40' title='bbox 2103 673 2189 726; x_wconf 83' lang='lat' dir='ltr'><strong>vi-</strong></span> 
     </span>
    </p>
   </div>
   <div class='ocr_carea' id='block_1_8' title="bbox 609 753 2189 824">
    <p class='ocr_par' dir='ltr' id='par_1_8' title="bbox 609 753 2189 824">
     <span class='ocr_line' id='line_1_8' title="bbox 609 753 2189 824; baseline 0.005 -17"><span class='ocrx_word' id='word_1_41' title='bbox 609 753 810 809; x_wconf 83' lang='lat' dir='ltr'><strong>tiorum</strong></span> <span class='ocrx_word' id='word_1_42' title='bbox 839 771 860 807; x_wconf 61' lang='grc' dir='ltr'><strong>ε</strong></span> <span class='ocrx_word' id='word_1_43' title='bbox 892 772 1000 810; x_wconf 83' lang='lat' dir='ltr'><strong>non</strong></span> <span class='ocrx_word' id='word_1_44' title='bbox 1035 765 1092 809; x_wconf 86' lang='lat' dir='ltr'><strong>ut</strong></span> <span class='ocrx_word' id='word_1_45' title='bbox 1143 758 1348 824; x_wconf 90' lang='lat' dir='ltr'><strong>carnis,</strong></span> <span class='ocrx_word' id='word_1_46' title='bbox 1380 760 1473 812; x_wconf 87' lang='lat' dir='ltr'><strong>sed</strong></span> <span class='ocrx_word' id='word_1_47' title='bbox 1505 767 1565 812; x_wconf 92' lang='lat' dir='ltr'><strong>ut</strong></span> <span class='ocrx_word' id='word_1_48' title='bbox 1613 757 1710 813; x_wconf 87' lang='lat' dir='ltr'><strong>Dei</strong></span> <span class='ocrx_word' id='word_1_49' title='bbox 1765 771 2064 815; x_wconf 73' lang='lat' dir='ltr'><strong>amatores.</strong></span> <span class='ocrx_word' id='word_1_50' title='bbox 2111 760 2189 815; x_wconf 82' lang='lat' dir='ltr'><strong>Ne</strong></span> 
     </span>
    </p>
   </div>
   <div class='ocr_carea' id='block_1_9' title="bbox 603 847 2188 922">
    <p class='ocr_par' dir='ltr' id='par_1_9' title="bbox 603 847 2188 922">
     <span class='ocr_line' id='line_1_9' title="bbox 603 847 2188 922; baseline 0.004 -23"><span class='ocrx_word' id='word_1_51' title='bbox 603 847 797 901; x_wconf 91' lang='lat' dir='ltr'><strong>oculos</strong></span> <span class='ocrx_word' id='word_1_52' title='bbox 825 847 876 900; x_wconf 91' lang='lat' dir='ltr'><strong>in</strong></span> <span class='ocrx_word' id='word_1_53' title='bbox 899 847 1230 902; x_wconf 79' lang='lat' dir='ltr'><strong>feminarum</strong></span> <span class='ocrx_word' id='word_1_54' title='bbox 1263 864 1359 903; x_wconf 91' lang='lat' dir='ltr'><strong>ora</strong></span> <span class='ocrx_word' id='word_1_55' title='bbox 1399 851 1657 920; x_wconf 51' lang='lat' dir='ltr'><strong>conjicite</strong></span> <span class='ocrx_word' id='word_1_56' title='bbox 1691 853 1825 906; x_wconf 88' lang='lat' dir='ltr'><strong>:scd</strong></span> <span class='ocrx_word' id='word_1_57' title='bbox 1856 868 2033 921; x_wconf 89' lang='lat' dir='ltr'><strong>neque</strong></span> <span class='ocrx_word' id='word_1_58' title='bbox 2060 867 2188 922; x_wconf 80' lang='lat' dir='ltr'><strong>erga</strong></span> 
     </span>
    </p>
   </div>
   <div class='ocr_carea' id='block_1_10' title="bbox 607 940 2188 1012">
    <p class='ocr_par' dir='ltr' id='par_1_10' title="bbox 607 940 2188 1012">
     <span class='ocr_line' id='line_1_10' title="bbox 607 940 2188 1012; baseline 0.006 -24"><span class='ocrx_word' id='word_1_59' title='bbox 607 953 707 992; x_wconf 87' lang='lat' dir='ltr'><strong>vos</strong></span> <span class='ocrx_word' id='word_1_60' title='bbox 732 940 962 994; x_wconf 84' lang='lat' dir='ltr'><strong>invicem</strong></span> <span class='ocrx_word' id='word_1_61' title='bbox 1011 941 1300 996; x_wconf 89' lang='lat' dir='ltr'><strong>liberiores</strong></span> <span class='ocrx_word' id='word_1_62' title='bbox 1337 941 1392 995; x_wconf 91' lang='lat' dir='ltr'><strong>in</strong></span> <span class='ocrx_word' id='word_1_63' title='bbox 1433 945 1647 1012; x_wconf 78' lang='lat' dir='ltr'><strong>agendo</strong></span> <span class='ocrx_word' id='word_1_64' title='bbox 1679 954 1879 998; x_wconf 84' lang='lat' dir='ltr'><strong>estote.</strong></span> <span class='ocrx_word' id='word_1_65' title='bbox 1916 945 2011 998; x_wconf 84' lang='lat' dir='ltr'><strong>Est</strong></span> <span class='ocrx_word' id='word_1_66' title='bbox 2041 945 2188 999; x_wconf 84' lang='lat' dir='ltr'><strong>enim</strong></span> 
     </span>
    </p>
   </div>
   <div class='ocr_carea' id='block_1_11' title="bbox 609 1029 2190 1102">
    <p class='ocr_par' dir='ltr' id='par_1_11' title="bbox 609 1029 2190 1102">
     <span class='ocr_line' id='line_1_11' title="bbox 609 1029 2190 1102; baseline 0.006 -20"><span class='ocrx_word' id='word_1_67' title='bbox 609 1029 852 1095; x_wconf 85' lang='lat' dir='ltr'><strong>lieentia,</strong></span> <span class='ocrx_word' id='word_1_68' title='bbox 910 1031 1056 1101; x_wconf 76' lang='lat' dir='ltr'><strong>ignis</strong></span> <span class='ocrx_word' id='word_1_69' title='bbox 1102 1033 1352 1086; x_wconf 89' lang='lat' dir='ltr'><strong>animum</strong></span> <span class='ocrx_word' id='word_1_70' title='bbox 1402 1049 1691 1102; x_wconf 75' lang='lat' dir='ltr'><strong>perurens.</strong></span> <span class='ocrx_word' id='word_1_71' title='bbox 1733 1035 1956 1090; x_wconf 81' lang='lat' dir='ltr'><strong>Mortem</strong></span> <span class='ocrx_word' id='word_1_72' title='bbox 2004 1037 2190 1090; x_wconf 91' lang='lat' dir='ltr'><strong>animo</strong></span> 
     </span>
    </p>
   </div>
   <div class='ocr_carea' id='block_1_12' title="bbox 607 1123 2190 1200">
    <p class='ocr_par' dir='ltr' id='par_1_12' title="bbox 607 1123 2190 1200">
     <span class='ocr_line' id='line_1_12' title="bbox 607 1123 2190 1200; baseline 0.006 -26"><span class='ocrx_word' id='word_1_73' title='bbox 607 1134 824 1190; x_wconf 81' lang='lat' dir='ltr'><strong>semper</strong></span> <span class='ocrx_word' id='word_1_74' title='bbox 854 1123 1114 1192; x_wconf 79' lang='lat' dir='ltr'><strong>cogitate,</strong></span> <span class='ocrx_word' id='word_1_75' title='bbox 1145 1135 1202 1178; x_wconf 85' lang='grc' dir='ltr'><strong>ιιι</strong></span> <span class='ocrx_word' id='word_1_76' title='bbox 1225 1126 1350 1180; x_wconf 89' lang='lat' dir='ltr'><strong>sitis</strong></span> <span class='ocrx_word' id='word_1_77' title='bbox 1370 1126 1437 1180; x_wconf 90' lang='lat' dir='ltr'><strong>ad</strong></span> <span class='ocrx_word' id='word_1_78' title='bbox 1465 1141 1752 1196; x_wconf 76' lang='lat' dir='ltr'><strong>egressum</strong></span> <span class='ocrx_word' id='word_1_79' title='bbox 1781 1145 1850 1184; x_wconf 79' lang='lat' dir='ltr'><strong>ex</strong></span> <span class='ocrx_word' id='word_1_80' title='bbox 1887 1131 1995 1184; x_wconf 88' lang='lat' dir='ltr'><strong>vita</strong></span> <span class='ocrx_word' id='word_1_81' title='bbox 2019 1132 2190 1200; x_wconf 80' lang='lat' dir='ltr'><strong>parati</strong></span> 
     </span>
    </p>
   </div>
   <div class='ocr_carea' id='block_1_13' title="bbox 605 1215 2192 1294">
    <p class='ocr_par' dir='ltr' id='par_1_13' title="bbox 605 1215 2192 1294">
     <span class='ocr_line' id='line_1_13' title="bbox 605 1215 2192 1294; baseline 0.006 -26"><span class='ocrx_word' id='word_1_82' title='bbox 605 1223 662 1269; x_wconf 92' lang='lat' dir='ltr'><strong>et</strong></span> <span class='ocrx_word' id='word_1_83' title='bbox 695 1215 930 1271; x_wconf 84' lang='lat' dir='ltr'><strong>alacres.</strong></span> <span class='ocrx_word' id='word_1_84' title='bbox 971 1215 1328 1273; x_wconf 87' lang='lat' dir='ltr'><strong>Traditioues</strong></span> <span class='ocrx_word' id='word_1_85' title='bbox 1367 1230 1582 1276; x_wconf 83' lang='lat' dir='ltr'><strong>servate</strong></span> <span class='ocrx_word' id='word_1_86' title='bbox 1617 1241 1632 1276; x_wconf 91' lang='lat'><strong>:</strong></span> <span class='ocrx_word' id='word_1_87' title='bbox 1664 1239 1788 1292; x_wconf 72' lang='lat' dir='ltr'><strong>qua:</strong></span> <span class='ocrx_word' id='word_1_88' title='bbox 1815 1235 1945 1278; x_wconf 85' lang='lat' dir='ltr'><strong>sunt</strong></span> <span class='ocrx_word' id='word_1_89' title='bbox 1977 1226 2192 1294; x_wconf 68' lang='lat' dir='ltr'><strong>prmsti-</strong></span> 
     </span>
    </p>
   </div>
   <div class='ocr_carea' id='block_1_14' title="bbox 610 1308 2189 1382">
    <p class='ocr_par' dir='ltr' id='par_1_14' title="bbox 610 1308 2189 1382">
     <span class='ocr_line' id='line_1_14' title="bbox 610 1308 2189 1382; baseline 0.006 -22"><span class='ocrx_word' id='word_1_90' title='bbox 610 1315 724 1360; x_wconf 89' lang='lat' dir='ltr'><strong>tuta</strong></span> <span class='ocrx_word' id='word_1_91' title='bbox 761 1308 1026 1376; x_wconf 84' lang='lat' dir='ltr'><strong>perficite,</strong></span> <span class='ocrx_word' id='word_1_92' title='bbox 1061 1320 1172 1363; x_wconf 89' lang='lat' dir='ltr'><strong>tum</strong></span> <span class='ocrx_word' id='word_1_93' title='bbox 1216 1325 1338 1381; x_wconf 64' lang='lat' dir='ltr'><strong>qua:</strong></span> <span class='ocrx_word' id='word_1_94' title='bbox 1377 1314 1740 1382; x_wconf 87' lang='lat' dir='ltr'><strong>psalmodiam</strong></span> <span class='ocrx_word' id='word_1_95' title='bbox 1771 1317 2032 1382; x_wconf 91' lang='lat' dir='ltr'><strong>attinent,</strong></span> <span class='ocrx_word' id='word_1_96' title='bbox 2075 1326 2189 1370; x_wconf 85' lang='lat' dir='ltr'><strong>tum</strong></span> 
     </span>
    </p>
   </div>
   <div class='ocr_carea' id='block_1_15' title="bbox 606 1401 2193 1473">
    <p class='ocr_par' dir='ltr' id='par_1_15' title="bbox 606 1401 2193 1473">
     <span class='ocr_line' id='line_1_15' title="bbox 606 1401 2193 1473; baseline 0.008 -21"><span class='ocrx_word' id='word_1_97' title='bbox 606 1414 730 1468; x_wconf 65' lang='lat' dir='ltr'><strong>quae</strong></span> <span class='ocrx_word' id='word_1_98' title='bbox 754 1401 1059 1454; x_wconf 87' lang='lat' dir='ltr'><strong>orationem</strong></span> <span class='ocrx_word' id='word_1_99' title='bbox 1087 1412 1139 1456; x_wconf 87' lang='lat' dir='ltr'><strong>et</strong></span> <span class='ocrx_word' id='word_1_100' title='bbox 1171 1406 1390 1473; x_wconf 82' lang='lat' dir='ltr'><strong>quidvis</strong></span> <span class='ocrx_word' id='word_1_101' title='bbox 1420 1407 1590 1460; x_wconf 86' lang='lat' dir='ltr'><strong>aliud.</strong></span> <span class='ocrx_word' id='word_1_102' title='bbox 1651 1407 1830 1462; x_wconf 79' lang='lat' dir='ltr'><strong>Nolite</strong></span> <span class='ocrx_word' id='word_1_103' title='bbox 1862 1425 2056 1463; x_wconf 91' lang='lat' dir='ltr'><strong>aurum</strong></span> <span class='ocrx_word' id='word_1_104' title='bbox 2097 1425 2193 1464; x_wconf 84' lang='lat' dir='ltr'><strong>vo-</strong></span> 
     </span>
    </p>
   </div>
   <div class='ocr_carea' id='block_1_16' title="bbox 607 1490 2190 1568">
    <p class='ocr_par' dir='ltr' id='par_1_16' title="bbox 607 1490 2190 1568">
     <span class='ocr_line' id='line_1_16' title="bbox 607 1490 2190 1568; baseline 0.008 -25"><span class='ocrx_word' id='word_1_105' title='bbox 607 1490 695 1545; x_wconf 85' lang='lat' dir='ltr'><strong>bis</strong></span> <span class='ocrx_word' id='word_1_106' title='bbox 747 1491 882 1560; x_wconf 87' lang='lat' dir='ltr'><strong>ipsis</strong></span> <span class='ocrx_word' id='word_1_107' title='bbox 913 1495 1192 1564; x_wconf 80' lang='lat' dir='ltr'><strong>colligere,</strong></span> <span class='ocrx_word' id='word_1_108' title='bbox 1237 1507 1315 1560; x_wconf 91' lang='lat' dir='ltr'><strong>ut,</strong></span> <span class='ocrx_word' id='word_1_109' title='bbox 1349 1513 1473 1552; x_wconf 88' lang='lat' dir='ltr'><strong>cum</strong></span> <span class='ocrx_word' id='word_1_110' title='bbox 1505 1499 1659 1554; x_wconf 89' lang='lat' dir='ltr'><strong>eritis</strong></span> <span class='ocrx_word' id='word_1_111' title='bbox 1699 1501 1753 1553; x_wconf 91' lang='lat' dir='ltr'><strong>in</strong></span> <span class='ocrx_word' id='word_1_112' title='bbox 1785 1518 1952 1554; x_wconf 91' lang='lat' dir='ltr'><strong>unum</strong></span> <span class='ocrx_word' id='word_1_113' title='bbox 1990 1502 2190 1568; x_wconf 87' lang='lat' dir='ltr'><strong>coacti,</strong></span> 
     </span>
    </p>
   </div>
   <div class='ocr_carea' id='block_1_17' title="bbox 607 1586 2195 1662">
    <p class='ocr_par' dir='ltr' id='par_1_17' title="bbox 607 1586 2195 1662">
     <span class='ocr_line' id='line_1_17' title="bbox 607 1586 2195 1662; baseline 0.009 -28"><span class='ocrx_word' id='word_1_114' title='bbox 607 1586 933 1652; x_wconf 77' lang='lat' dir='ltr'><strong>propinquis</strong></span> <span class='ocrx_word' id='word_1_115' title='bbox 965 1597 1020 1640; x_wconf 91' lang='lat' dir='ltr'><strong>et</strong></span> <span class='ocrx_word' id='word_1_116' title='bbox 1049 1588 1242 1644; x_wconf 82' lang='lat' dir='ltr'><strong>amicis</strong></span> <span class='ocrx_word' id='word_1_117' title='bbox 1268 1589 1401 1642; x_wconf 86' lang='lat' dir='ltr'><strong>illud</strong></span> <span class='ocrx_word' id='word_1_118' title='bbox 1436 1591 1693 1646; x_wconf 83' lang='lat' dir='ltr'><strong>tribuatis</strong></span> <span class='ocrx_word' id='word_1_119' title='bbox 1733 1610 1746 1646; x_wconf 93' lang='lat'><strong>:</strong></span> <span class='ocrx_word' id='word_1_120' title='bbox 1779 1594 2039 1662; x_wconf 89' lang='lat' dir='ltr'><strong>quoniam</strong></span> <span class='ocrx_word' id='word_1_121' title='bbox 2074 1610 2195 1648; x_wconf 90' lang='lat' dir='ltr'><strong>mo-</strong></span> 
     </span>
    </p>
   </div>
   <div class='ocr_carea' id='block_1_18' title="bbox 607 1678 2195 1742">
    <p class='ocr_par' dir='ltr' id='par_1_18' title="bbox 607 1678 2195 1742">
     <span class='ocr_line' id='line_1_18' title="bbox 607 1678 2195 1742; baseline 0.008 -12"><span class='ocrx_word' id='word_1_122' title='bbox 607 1678 852 1733; x_wconf 85' lang='lat' dir='ltr'><strong>nasterio</strong></span> <span class='ocrx_word' id='word_1_123' title='bbox 889 1695 1021 1734; x_wconf 91' lang='lat' dir='ltr'><strong>cura</strong></span> <span class='ocrx_word' id='word_1_124' title='bbox 1061 1689 1148 1734; x_wconf 76' lang='lat' dir='ltr'><strong>est</strong></span> <span class='ocrx_word' id='word_1_125' title='bbox 1185 1698 1371 1736; x_wconf 89' lang='lat' dir='ltr'><strong>rerum</strong></span> <span class='ocrx_word' id='word_1_126' title='bbox 1422 1695 1762 1740; x_wconf 75' lang='lat' dir='ltr'><strong>nostrarum.</strong></span> <span class='ocrx_word' id='word_1_127' title='bbox 1813 1685 1931 1739; x_wconf 84' lang='lat' dir='ltr'><strong>Non</strong></span> <span class='ocrx_word' id='word_1_128' title='bbox 1979 1695 2062 1740; x_wconf 90' lang='lat' dir='ltr'><strong>est</strong></span> <span class='ocrx_word' id='word_1_129' title='bbox 2093 1685 2195 1742; x_wconf 89' lang='lat' dir='ltr'><strong>hoc</strong></span> 
     </span>
    </p>
   </div>
   <div class='ocr_carea' id='block_1_19' title="bbox 607 1766 2196 1845">
    <p class='ocr_par' dir='ltr' id='par_1_19' title="bbox 607 1766 2196 1845">
     <span class='ocr_line' id='line_1_19' title="bbox 607 1766 2196 1845; baseline 0.007 -24"><span class='ocrx_word' id='word_1_130' title='bbox 607 1766 848 1823; x_wconf 79' lang='lat' dir='ltr'><strong>ﬁliorum</strong></span> <span class='ocrx_word' id='word_1_131' title='bbox 883 1769 995 1836; x_wconf 87' lang='lat' dir='ltr'><strong>Dei,</strong></span> <span class='ocrx_word' id='word_1_132' title='bbox 1022 1773 1116 1826; x_wconf 88' lang='lat' dir='ltr'><strong>sed</strong></span> <span class='ocrx_word' id='word_1_133' title='bbox 1147 1788 1338 1828; x_wconf 90' lang='lat' dir='ltr'><strong>eorum</strong></span> <span class='ocrx_word' id='word_1_134' title='bbox 1369 1774 1462 1842; x_wconf 85' lang='lat' dir='ltr'><strong>qui</strong></span> <span class='ocrx_word' id='word_1_135' title='bbox 1487 1791 1552 1829; x_wconf 90' lang='lat' dir='ltr'><strong>ea</strong></span> <span class='ocrx_word' id='word_1_136' title='bbox 1579 1792 1702 1845; x_wconf 85' lang='lat' dir='ltr'><strong>quae</strong></span> <span class='ocrx_word' id='word_1_137' title='bbox 1733 1779 1918 1832; x_wconf 87' lang='lat' dir='ltr'><strong>carnis</strong></span> <span class='ocrx_word' id='word_1_138' title='bbox 1946 1785 2077 1831; x_wconf 84' lang='lat' dir='ltr'><strong>sunt</strong></span> <span class='ocrx_word' id='word_1_139' title='bbox 2105 1795 2196 1832; x_wconf 87' lang='lat' dir='ltr'><strong>sa-</strong></span> 
     </span>
    </p>
   </div>
   <div class='ocr_carea' id='block_1_20' title="bbox 608 1859 2265 1934">
    <p class='ocr_par' dir='ltr' id='par_1_20' title="bbox 608 1859 2265 1934">
     <span class='ocr_line' id='line_1_20' title="bbox 608 1859 2265 1934; baseline 0.005 -21"><span class='ocrx_word' id='word_1_140' title='bbox 608 1861 788 1930; x_wconf 89' lang='lat' dir='ltr'><strong>piunt.</strong></span> <span class='ocrx_word' id='word_1_141' title='bbox 849 1861 1140 1928; x_wconf 87' lang='lat' dir='ltr'><strong>Quomodo</strong></span> <span class='ocrx_word' id='word_1_142' title='bbox 1171 1865 1384 1934; x_wconf 72' lang='lat' dir='ltr'><strong>igitur?</strong></span> <span class='ocrx_word' id='word_1_143' title='bbox 1431 1877 1489 1921; x_wconf 93' lang='lat' dir='ltr'><strong>ut</strong></span> <span class='ocrx_word' id='word_1_144' title='bbox 1529 1868 1583 1920; x_wconf 89' lang='lat' dir='ltr'><strong>in</strong></span> <span class='ocrx_word' id='word_1_145' title='bbox 1633 1884 1978 1922; x_wconf 91' lang='lat' dir='ltr'><strong>communem</strong></span> <span class='ocrx_word' id='word_1_146' title='bbox 2031 1883 2189 1923; x_wconf 90' lang='lat' dir='ltr'><strong>usum</strong></span> <span class='ocrx_word' id='word_1_147' title='bbox 2225 1859 2265 1913; x_wconf 86' lang='grc' dir='ltr'><strong><em>Β</em></strong></span> 
     </span>
    </p>
   </div>
   <div class='ocr_carea' id='block_1_21' title="bbox 609 1953 2189 2028">
    <p class='ocr_par' dir='ltr' id='par_1_21' title="bbox 609 1953 2189 2028">
     <span class='ocr_line' id='line_1_21' title="bbox 609 1953 2189 2028; baseline 0.003 -21"><span class='ocrx_word' id='word_1_148' title='bbox 609 1953 934 2008; x_wconf 90' lang='lat' dir='ltr'><strong>conferatur</strong></span> <span class='ocrx_word' id='word_1_149' title='bbox 964 1974 977 2008; x_wconf 89' lang='lat'><strong>:</strong></span> <span class='ocrx_word' id='word_1_150' title='bbox 1011 1966 1066 2010; x_wconf 80' lang='lat' dir='ltr'><strong>et</strong></span> <span class='ocrx_word' id='word_1_151' title='bbox 1097 1958 1358 2026; x_wconf 87' lang='lat' dir='ltr'><strong>quidquid</strong></span> <span class='ocrx_word' id='word_1_152' title='bbox 1387 1961 1699 2028; x_wconf 80' lang='lat' dir='ltr'><strong>contigerit,</strong></span> <span class='ocrx_word' id='word_1_153' title='bbox 1732 1959 2059 2014; x_wconf 80' lang='lat' dir='ltr'><strong>fraternitati</strong></span> <span class='ocrx_word' id='word_1_154' title='bbox 2089 1961 2189 2014; x_wconf 83' lang='lat' dir='ltr'><strong>tri-</strong></span> 
     </span>
    </p>
   </div>
   <div class='ocr_carea' id='block_1_22' title="bbox 607 2043 2190 2122">
    <p class='ocr_par' dir='ltr' id='par_1_22' title="bbox 607 2043 2190 2122">
     <span class='ocr_line' id='line_1_22' title="bbox 607 2043 2190 2122; baseline 0.003 -22"><span class='ocrx_word' id='word_1_155' title='bbox 607 2043 812 2100; x_wconf 84' lang='lat' dir='ltr'><strong>buatur</strong></span> <span class='ocrx_word' id='word_1_156' title='bbox 864 2055 974 2100; x_wconf 86' lang='lat' dir='ltr'><strong>:ut</strong></span> <span class='ocrx_word' id='word_1_157' title='bbox 1048 2062 1112 2101; x_wconf 78' lang='lat' dir='ltr'><strong>ex</strong></span> <span class='ocrx_word' id='word_1_158' title='bbox 1145 2048 1450 2104; x_wconf 90' lang='lat' dir='ltr'><strong>multorum</strong></span> <span class='ocrx_word' id='word_1_159' title='bbox 1508 2053 1754 2122; x_wconf 88' lang='lat' dir='ltr'><strong>sytnhola</strong></span> <span class='ocrx_word' id='word_1_160' title='bbox 1809 2068 1895 2108; x_wconf 91' lang='lat' dir='ltr'><strong>res</strong></span> <span class='ocrx_word' id='word_1_161' title='bbox 1953 2051 2190 2107; x_wconf 78' lang='lat' dir='ltr'><strong>ccenobii</strong></span> 
     </span>
    </p>
   </div>
   <div class='ocr_carea' id='block_1_23' title="bbox 611 2135 2193 2212">
    <p class='ocr_par' dir='ltr' id='par_1_23' title="bbox 611 2135 2193 2212">
     <span class='ocr_line' id='line_1_23' title="bbox 611 2135 2193 2212; baseline 0.004 -22"><span class='ocrx_word' id='word_1_162' title='bbox 611 2137 1012 2190; x_wconf 85' lang='lat' dir='ltr'><strong>constituatur.</strong></span> <span class='ocrx_word' id='word_1_163' title='bbox 1047 2135 1172 2193; x_wconf 73' lang='lat' dir='ltr'><strong>[hec</strong></span> <span class='ocrx_word' id='word_1_164' title='bbox 1198 2155 1228 2193; x_wconf 93' lang='lat' dir='ltr'><strong>a</strong></span> <span class='ocrx_word' id='word_1_165' title='bbox 1261 2157 1348 2193; x_wconf 89' lang='lat' dir='ltr'><strong>me</strong></span> <span class='ocrx_word' id='word_1_166' title='bbox 1381 2141 1750 2197; x_wconf 90' lang='lat' dir='ltr'><strong>idcircodicta</strong></span> <span class='ocrx_word' id='word_1_167' title='bbox 1768 2153 1918 2207; x_wconf 91' lang='lat' dir='ltr'><strong>sunt,</strong></span> <span class='ocrx_word' id='word_1_168' title='bbox 1949 2145 2094 2212; x_wconf 90' lang='lat' dir='ltr'><strong>quod</strong></span> <span class='ocrx_word' id='word_1_169' title='bbox 2124 2145 2193 2197; x_wconf 86' lang='lat' dir='ltr'><strong>ad</strong></span> 
     </span>
    </p>
   </div>
   <div class='ocr_carea' id='block_1_24' title="bbox 609 2228 2194 2306">
    <p class='ocr_par' dir='ltr' id='par_1_24' title="bbox 609 2228 2194 2306">
     <span class='ocr_line' id='line_1_24' title="bbox 609 2228 2194 2306; baseline 0.006 -25"><span class='ocrx_word' id='word_1_170' title='bbox 609 2242 714 2282; x_wconf 88' lang='lat' dir='ltr'><strong>nos</strong></span> <span class='ocrx_word' id='word_1_171' title='bbox 749 2228 892 2283; x_wconf 83' lang='lat' dir='ltr'><strong>fama</strong></span> <span class='ocrx_word' id='word_1_172' title='bbox 925 2231 1119 2284; x_wconf 80' lang='lat' dir='ltr'><strong>detulit</strong></span> <span class='ocrx_word' id='word_1_173' title='bbox 1166 2245 1291 2287; x_wconf 89' lang='lat' dir='ltr'><strong>esse</strong></span> <span class='ocrx_word' id='word_1_174' title='bbox 1319 2235 1588 2302; x_wconf 90' lang='lat' dir='ltr'><strong>quosdam</strong></span> <span class='ocrx_word' id='word_1_175' title='bbox 1622 2237 1717 2302; x_wconf 90' lang='lat' dir='ltr'><strong>qui</strong></span> <span class='ocrx_word' id='word_1_176' title='bbox 1769 2237 1884 2306; x_wconf 88' lang='lat' dir='ltr'><strong>jam</strong></span> <span class='ocrx_word' id='word_1_177' title='bbox 1924 2252 2070 2292; x_wconf 86' lang='lat' dir='ltr'><strong>nunc</strong></span> <span class='ocrx_word' id='word_1_178' title='bbox 2119 2236 2194 2290; x_wconf 81' lang='lat' dir='ltr'><strong>ita</strong></span> 
     </span>
    </p>
   </div>
   <div class='ocr_carea' id='block_1_25' title="bbox 612 2321 2193 2395">
    <p class='ocr_par' dir='ltr' id='par_1_25' title="bbox 612 2321 2193 2395">
     <span class='ocr_line' id='line_1_25' title="bbox 612 2321 2193 2395; baseline 0.004 -21"><span class='ocrx_word' id='word_1_179' title='bbox 612 2327 893 2374; x_wconf 85' lang='lat' dir='ltr'><strong>statuant:</strong></span> <span class='ocrx_word' id='word_1_180' title='bbox 918 2321 1032 2376; x_wconf 82' lang='lat' dir='ltr'><strong>Hoc</strong></span> <span class='ocrx_word' id='word_1_181' title='bbox 1057 2338 1248 2392; x_wconf 86' lang='lat' dir='ltr'><strong>pecus,</strong></span> <span class='ocrx_word' id='word_1_182' title='bbox 1281 2325 1556 2395; x_wconf 90' lang='lat' dir='ltr'><strong>inquiunt,</strong></span> <span class='ocrx_word' id='word_1_183' title='bbox 1585 2337 1639 2382; x_wconf 91' lang='lat' dir='ltr'><strong>et</strong></span> <span class='ocrx_word' id='word_1_184' title='bbox 1666 2328 1770 2382; x_wconf 86' lang='lat' dir='ltr'><strong>hoe</strong></span> <span class='ocrx_word' id='word_1_185' title='bbox 1791 2327 2193 2395; x_wconf 87' lang='lat' dir='ltr'><strong>indumentum,</strong></span> 
     </span>
    </p>
   </div>
   <div class='ocr_carea' id='block_1_26' title="bbox 611 2414 2194 2492">
    <p class='ocr_par' dir='ltr' id='par_1_26' title="bbox 611 2414 2194 2492">
     <span class='ocr_line' id='line_1_26' title="bbox 611 2414 2194 2492; baseline 0.006 -25"><span class='ocrx_word' id='word_1_186' title='bbox 611 2414 726 2469; x_wconf 88' lang='lat' dir='ltr'><strong>sive</strong></span> <span class='ocrx_word' id='word_1_187' title='bbox 754 2416 1032 2485; x_wconf 82' lang='lat' dir='ltr'><strong>quidpiam</strong></span> <span class='ocrx_word' id='word_1_188' title='bbox 1063 2419 1230 2486; x_wconf 82' lang='lat' dir='ltr'><strong>aliud,</strong></span> <span class='ocrx_word' id='word_1_189' title='bbox 1262 2423 1385 2475; x_wconf 89' lang='lat' dir='ltr'><strong>volo</strong></span> <span class='ocrx_word' id='word_1_190' title='bbox 1408 2422 1504 2476; x_wconf 89' lang='lat' dir='ltr'><strong>tali</strong></span> <span class='ocrx_word' id='word_1_191' title='bbox 1549 2424 1898 2492; x_wconf 84' lang='lat' dir='ltr'><strong>relinquere!</strong></span> <span class='ocrx_word' id='word_1_192' title='bbox 1941 2422 1986 2478; x_wconf 94' lang='lat'><strong>0</strong></span> <span class='ocrx_word' id='word_1_193' title='bbox 2022 2424 2194 2478; x_wconf 84' lang='lat' dir='ltr'><strong>mise-</strong></span> 
     </span>
    </p>
   </div>
   <div class='ocr_carea' id='block_1_27' title="bbox 613 2505 2198 2583">
    <p class='ocr_par' dir='ltr' id='par_1_27' title="bbox 613 2505 2198 2583">
     <span class='ocr_line' id='line_1_27' title="bbox 613 2505 2198 2583; baseline 0.006 -24"><span class='ocrx_word' id='word_1_194' title='bbox 613 2505 750 2560; x_wconf 87' lang='lat' dir='ltr'><strong>riam</strong></span> <span class='ocrx_word' id='word_1_195' title='bbox 773 2507 786 2558; x_wconf 82' lang='grc' dir='ltr'><strong>ί</strong></span> <span class='ocrx_word' id='word_1_196' title='bbox 811 2522 845 2560; x_wconf 93' lang='lat' dir='ltr'><strong>o</strong></span> <span class='ocrx_word' id='word_1_197' title='bbox 880 2507 1209 2564; x_wconf 88' lang='lat' dir='ltr'><strong>dementiam</strong></span> <span class='ocrx_word' id='word_1_198' title='bbox 1247 2512 1260 2565; x_wconf 89' lang='lat'><strong>!</strong></span> <span class='ocrx_word' id='word_1_199' title='bbox 1297 2512 1459 2583; x_wconf 81' lang='lat' dir='ltr'><strong>Atqui</strong></span> <span class='ocrx_word' id='word_1_200' title='bbox 1493 2529 1600 2568; x_wconf 90' lang='lat' dir='ltr'><strong>non</strong></span> <span class='ocrx_word' id='word_1_201' title='bbox 1630 2523 1716 2570; x_wconf 88' lang='lat' dir='ltr'><strong>est</strong></span> <span class='ocrx_word' id='word_1_202' title='bbox 1746 2531 1776 2568; x_wconf 92' lang='lat' dir='ltr'><strong>e</strong></span> <span class='ocrx_word' id='word_1_203' title='bbox 1813 2514 2056 2568; x_wconf 80' lang='lat' dir='ltr'><strong>filiorum</strong></span> <span class='ocrx_word' id='word_1_204' title='bbox 2089 2529 2198 2568; x_wconf 84' lang='lat' dir='ltr'><strong>nu-</strong></span> 
     </span>
    </p>
   </div>
   <div class='ocr_carea' id='block_1_28' title="bbox 613 2600 2187 2671">
    <p class='ocr_par' dir='ltr' id='par_1_28' title="bbox 613 2600 2187 2671">
     <span class='ocr_line' id='line_1_28' title="bbox 613 2600 2187 2671; baseline 0.006 -20"><span class='ocrx_word' id='word_1_205' title='bbox 613 2613 764 2652; x_wconf 89' lang='lat' dir='ltr'><strong>mero</strong></span> <span class='ocrx_word' id='word_1_206' title='bbox 793 2600 886 2670; x_wconf 90' lang='lat' dir='ltr'><strong>qui</strong></span> <span class='ocrx_word' id='word_1_207' title='bbox 917 2602 1184 2670; x_wconf 87' lang='lat' dir='ltr'><strong>ejusmodi</strong></span> <span class='ocrx_word' id='word_1_208' title='bbox 1207 2614 1311 2669; x_wconf 90' lang='lat' dir='ltr'><strong>est,</strong></span> <span class='ocrx_word' id='word_1_209' title='bbox 1341 2621 1440 2660; x_wconf 91' lang='lat' dir='ltr'><strong>nec</strong></span> <span class='ocrx_word' id='word_1_210' title='bbox 1477 2605 1665 2671; x_wconf 80' lang='lat' dir='ltr'><strong>frater,</strong></span> <span class='ocrx_word' id='word_1_211' title='bbox 1697 2608 1791 2660; x_wconf 84' lang='lat' dir='ltr'><strong>sed</strong></span> <span class='ocrx_word' id='word_1_212' title='bbox 1815 2607 2053 2669; x_wconf 87' lang='lat' dir='ltr'><strong>alienus,</strong></span> <span class='ocrx_word' id='word_1_213' title='bbox 2087 2603 2187 2662; x_wconf 88' lang='lat' dir='ltr'><strong>sed</strong></span> 
     </span>
    </p>
   </div>
   <div class='ocr_carea' id='block_1_29' title="bbox 612 2691 1847 2763">
    <p class='ocr_par' dir='ltr' id='par_1_29' title="bbox 612 2691 1847 2763">
     <span class='ocr_line' id='line_1_29' title="bbox 612 2691 1847 2763; baseline 0.005 -19"><span class='ocrx_word' id='word_1_214' title='bbox 612 2691 932 2760; x_wconf 79' lang='lat' dir='ltr'><strong>sacrilegus,</strong></span> <span class='ocrx_word' id='word_1_215' title='bbox 963 2694 1123 2763; x_wconf 87' lang='lat' dir='ltr'><strong>cujus</strong></span> <span class='ocrx_word' id='word_1_216' title='bbox 1149 2710 1270 2750; x_wconf 91' lang='lat' dir='ltr'><strong>sors</strong></span> <span class='ocrx_word' id='word_1_217' title='bbox 1293 2711 1418 2751; x_wconf 92' lang='lat' dir='ltr'><strong>cum</strong></span> <span class='ocrx_word' id='word_1_218' title='bbox 1448 2699 1596 2753; x_wconf 84' lang='lat' dir='ltr'><strong>Giezi</strong></span> <span class='ocrx_word' id='word_1_219' title='bbox 1634 2697 1847 2752; x_wconf 86' lang='lat' dir='ltr'><strong>fure....</strong></span> 
     </span>
    </p>
   </div>
   <div class='ocr_carea' id='block_1_30' title="bbox 893 2805 1942 2881">
    <p class='ocr_par' dir='ltr' id='par_1_30' title="bbox 893 2805 1942 2881">
     <span class='ocr_line' id='line_1_30' title="bbox 893 2805 1942 2881; baseline 0.007 -21"><span class='ocrx_word' id='word_1_220' title='bbox 893 2805 1085 2863; x_wconf 82' lang='lat' dir='ltr'><strong>XCIX.</strong></span> <span class='ocrx_word' id='word_1_221' title='bbox 1111 2840 1181 2850; x_wconf 94' lang='lat'><strong><em>—</em></strong></span> <span class='ocrx_word' id='word_1_222' title='bbox 1204 2809 1534 2865; x_wconf 82' lang='lat' dir='ltr'><strong>Abrahamio</strong></span> <span class='ocrx_word' id='word_1_223' title='bbox 1565 2812 1942 2881; x_wconf 78' lang='lat' dir='ltr'><strong>ltospt&#39;talart&#39;o.</strong></span> 
     </span>
    </p>
   </div>
   <div class='ocr_carea' id='block_1_31' title="bbox 2289 593 3795 678">
    <p class='ocr_par' dir='ltr' id='par_1_31' title="bbox 2289 593 3795 678">
     <span class='ocr_line' id='line_1_31' title="bbox 2289 593 3795 678; baseline 0.012 -36"><span class='ocrx_word' id='word_1_224' title='bbox 2289 605 2414 656; x_wconf 88' lang='grc' dir='ltr'>κνα,</span> <span class='ocrx_word' id='word_1_225' title='bbox 2450 593 2588 661; x_wconf 85' lang='grc' dir='ltr'><strong>μετά</strong></span> <span class='ocrx_word' id='word_1_226' title='bbox 2617 593 2677 646; x_wconf 81' lang='grc' dir='ltr'><strong>τὺ</strong></span> <span class='ocrx_word' id='word_1_227' title='bbox 2702 594 2802 664; x_wconf 85' lang='grc' dir='ltr'>τῆς</span> <span class='ocrx_word' id='word_1_228' title='bbox 2824 595 3100 665; x_wconf 81' lang='grc' dir='ltr'><strong>σωτηρίας</strong></span> <span class='ocrx_word' id='word_1_229' title='bbox 3139 599 3455 668; x_wconf 79' lang='grc' dir='ltr'>μυστήριον.</span> <span class='ocrx_word' id='word_1_230' title='bbox 3481 601 3683 661; x_wconf 81' lang='grc' dir='ltr'><strong>Βλέπετε</strong></span> <span class='ocrx_word' id='word_1_231' title='bbox 3705 612 3795 678; x_wconf 81' lang='grc' dir='ltr'><strong>πῶς</strong></span> 
     </span>
    </p>
   </div>
   <div class='ocr_carea' id='block_1_32' title="bbox 2288 683 3794 777">
    <p class='ocr_par' dir='ltr' id='par_1_32' title="bbox 2288 683 3794 777">
     <span class='ocr_line' id='line_1_32' title="bbox 2288 683 3794 777; baseline 0.011 -41"><span class='ocrx_word' id='word_1_232' title='bbox 2288 683 2718 777; x_wconf 74' lang='grc' dir='ltr'>ἀναστρέφεσθε,</span> <span class='ocrx_word' id='word_1_233' title='bbox 2747 686 2925 777; x_wconf 10' lang='grc' dir='ltr'>μὴγώς</span> <span class='ocrx_word' id='word_1_234' title='bbox 2949 687 3239 757; x_wconf 79' lang='grc' dir='ltr'><strong>ἐμπαθεῖς,</strong></span> <span class='ocrx_word' id='word_1_235' title='bbox 3263 691 3376 743; x_wconf 83' lang='grc' dir='ltr'>ἀλλ’</span> <span class='ocrx_word' id='word_1_236' title='bbox 3400 693 3474 758; x_wconf 88' lang='grc' dir='ltr'><strong>ὡς</strong></span> <span class='ocrx_word' id='word_1_237' title='bbox 3495 697 3719 765; x_wconf 84' lang='grc' dir='ltr'>ἀπαθεῖς·</span> <span class='ocrx_word' id='word_1_238' title='bbox 3739 707 3794 777; x_wconf 69' lang='grc' dir='ltr'>μὴ</span> 
     </span>
    </p>
   </div>
   <div class='ocr_carea' id='block_1_33' title="bbox 2288 773 3795 854">
    <p class='ocr_par' dir='ltr' id='par_1_33' title="bbox 2288 773 3795 854">
     <span class='ocr_line' id='line_1_33' title="bbox 2288 773 3795 854; baseline 0.01 -27"><span class='ocrx_word' id='word_1_239' title='bbox 2288 773 2364 837; x_wconf 85' lang='grc' dir='ltr'><strong>ὡς</strong></span> <span class='ocrx_word' id='word_1_240' title='bbox 2386 775 2730 847; x_wconf 86' lang='grc' dir='ltr'>φιλόσαρκοι,</span> <span class='ocrx_word' id='word_1_241' title='bbox 2791 776 2908 830; x_wconf 82' lang='grc' dir='ltr'>ἀλλ’</span> <span class='ocrx_word' id='word_1_242' title='bbox 2933 777 3009 840; x_wconf 85' lang='grc' dir='ltr'><strong>ὡς</strong></span> <span class='ocrx_word' id='word_1_243' title='bbox 3040 779 3297 848; x_wconf 83' lang='grc' dir='ltr'>φιλόθεοι.</span> <span class='ocrx_word' id='word_1_244' title='bbox 3318 783 3407 854; x_wconf 81' lang='grc' dir='ltr'><strong>Μὴ</strong></span> <span class='ocrx_word' id='word_1_245' title='bbox 3426 787 3724 844; x_wconf 56' lang='lat' dir='ltr'><strong>memon;</strong></span> 
     </span>
    </p>
   </div>
   <div class='ocr_carea' id='block_1_34' title="bbox 2289 865 3796 952">
    <p class='ocr_par' dir='ltr' id='par_1_34' title="bbox 2289 865 3796 952">
     <span class='ocr_line' id='line_1_34' title="bbox 2289 865 3796 952; baseline 0.014 -35"><span class='ocrx_word' id='word_1_246' title='bbox 2289 865 2514 935; x_wconf 77' lang='grc' dir='ltr'>ὄμματα</span> <span class='ocrx_word' id='word_1_247' title='bbox 2557 865 2712 936; x_wconf 72' lang='grc' dir='ltr'>ὄψεσι</span> <span class='ocrx_word' id='word_1_248' title='bbox 2759 869 3073 937; x_wconf 86' lang='grc' dir='ltr'>γυναικῶν,</span> <span class='ocrx_word' id='word_1_249' title='bbox 3116 871 3254 924; x_wconf 82' lang='grc' dir='ltr'><strong>ἀλλά</strong></span> <span class='ocrx_word' id='word_1_250' title='bbox 3307 875 3439 945; x_wconf 83' lang='grc' dir='ltr'>μηδὲ</span> <span class='ocrx_word' id='word_1_251' title='bbox 3498 879 3570 943; x_wconf 87' lang='grc' dir='ltr'><strong>είς</strong></span> <span class='ocrx_word' id='word_1_252' title='bbox 3617 883 3796 952; x_wconf 68' lang='grc' dir='ltr'>ἑαυτοὺς</span> 
     </span>
    </p>
   </div>
   <div class='ocr_carea' id='block_1_35' title="bbox 2290 958 3794 1043">
    <p class='ocr_par' dir='ltr' id='par_1_35' title="bbox 2290 958 3794 1043">
     <span class='ocr_line' id='line_1_35' title="bbox 2290 958 3794 1043; baseline 0.011 -32"><span class='ocrx_word' id='word_1_253' title='bbox 2290 958 2439 1028; x_wconf 87' lang='grc' dir='ltr'>εῐητε</span> <span class='ocrx_word' id='word_1_254' title='bbox 2475 962 2959 1032; x_wconf 76' lang='grc' dir='ltr'>παρῤησιαστικοί.</span> <span class='ocrx_word' id='word_1_255' title='bbox 2993 965 3282 1036; x_wconf 73' lang='grc' dir='ltr'>Παρρησία</span> <span class='ocrx_word' id='word_1_256' title='bbox 3315 969 3422 1039; x_wconf 84' lang='grc' dir='ltr'>γὰρ</span> <span class='ocrx_word' id='word_1_257' title='bbox 3450 969 3554 1040; x_wconf 75' lang='grc' dir='ltr'>πῦρ</span> <span class='ocrx_word' id='word_1_258' title='bbox 3579 976 3794 1043; x_wconf 68' lang='grc' dir='ltr'>καταφλέ-</span> 
     </span>
    </p>
   </div>
   <div class='ocr_carea' id='block_1_36' title="bbox 2290 1054 3796 1138">
    <p class='ocr_par' dir='ltr' id='par_1_36' title="bbox 2290 1054 3796 1138">
     <span class='ocr_line' id='line_1_36' title="bbox 2290 1054 3796 1138; baseline 0.013 -32"><span class='ocrx_word' id='word_1_259' title='bbox 2290 1071 2386 1122; x_wconf 98' lang='grc' dir='ltr'><strong>γον</strong></span> <span class='ocrx_word' id='word_1_260' title='bbox 2419 1054 2619 1125; x_wconf 69' lang='grc' dir='ltr'>ψυχήν.</span> <span class='ocrx_word' id='word_1_261' title='bbox 2652 1057 2930 1111; x_wconf 76' lang='grc' dir='ltr'>Μελετᾶτε</span> <span class='ocrx_word' id='word_1_262' title='bbox 2972 1059 3064 1111; x_wconf 81' lang='grc' dir='ltr'><strong>τὸν</strong></span> <span class='ocrx_word' id='word_1_263' title='bbox 3096 1059 3324 1113; x_wconf 85' lang='grc' dir='ltr'>θάνατον</span> <span class='ocrx_word' id='word_1_264' title='bbox 3360 1064 3461 1122; x_wconf 75' lang='grc' dir='ltr'>ἀεὶ.</span> <span class='ocrx_word' id='word_1_265' title='bbox 3493 1065 3562 1128; x_wconf 85' lang='grc' dir='ltr'><strong>ὡς</strong></span> <span class='ocrx_word' id='word_1_266' title='bbox 3597 1067 3653 1120; x_wconf 81' lang='grc' dir='ltr'><strong>ἄν</strong></span> <span class='ocrx_word' id='word_1_267' title='bbox 3685 1069 3796 1138; x_wconf 83' lang='grc' dir='ltr'>εῖητε</span> 
     </span>
    </p>
   </div>
   <div class='ocr_carea' id='block_1_37' title="bbox 2291 1149 3799 1228">
    <p class='ocr_par' dir='ltr' id='par_1_37' title="bbox 2291 1149 3799 1228">
     <span class='ocr_line' id='line_1_37' title="bbox 2291 1149 3799 1228; baseline 0.01 -30"><span class='ocrx_word' id='word_1_268' title='bbox 2291 1149 2800 1218; x_wconf 79' lang='grc' dir='ltr'><strong>παρεσκευασμένοι</strong></span> <span class='ocrx_word' id='word_1_269' title='bbox 2853 1150 2990 1219; x_wconf 86' lang='grc' dir='ltr'>πρὸς</span> <span class='ocrx_word' id='word_1_270' title='bbox 3048 1150 3146 1222; x_wconf 80' lang='grc' dir='ltr'>τὴν</span> <span class='ocrx_word' id='word_1_271' title='bbox 3207 1150 3384 1216; x_wconf 77' lang='grc' dir='ltr'>ἔξοδον</span> <span class='ocrx_word' id='word_1_272' title='bbox 3439 1157 3493 1207; x_wconf 85' lang='grc' dir='ltr'><strong>ὲν</strong></span> <span class='ocrx_word' id='word_1_273' title='bbox 3539 1159 3680 1227; x_wconf 79' lang='grc' dir='ltr'>χαρᾷ.</span> <span class='ocrx_word' id='word_1_274' title='bbox 3716 1162 3799 1228; x_wconf 70' lang='grc' dir='ltr'><strong>Τὰς</strong></span> 
     </span>
    </p>
   </div>
   <div class='ocr_carea' id='block_1_38' title="bbox 2293 1240 3798 1314">
    <p class='ocr_par' dir='ltr' id='par_1_38' title="bbox 2293 1240 3798 1314">
     <span class='ocr_line' id='line_1_38' title="bbox 2293 1240 3798 1314; baseline 0.011 -23"><span class='ocrx_word' id='word_1_275' title='bbox 2293 1240 2621 1310; x_wconf 84' lang='grc' dir='ltr'>παραδόσεις</span> <span class='ocrx_word' id='word_1_276' title='bbox 2649 1244 2904 1311; x_wconf 84' lang='grc' dir='ltr'><strong>κρατεῖτε</strong></span> <span class='ocrx_word' id='word_1_277' title='bbox 2923 1257 2936 1271; x_wconf 84' lang='lat'><strong><em>°</em></strong></span> <span class='ocrx_word' id='word_1_278' title='bbox 2981 1243 3050 1296; x_wconf 72' lang='grc' dir='ltr'><strong>τὰ</strong></span> <span class='ocrx_word' id='word_1_279' title='bbox 3088 1244 3374 1314; x_wconf 78' lang='grc' dir='ltr'><strong>ὡρισμένα</strong></span> <span class='ocrx_word' id='word_1_280' title='bbox 3399 1247 3604 1313; x_wconf 79' lang='grc' dir='ltr'>τελεῖτε,</span> <span class='ocrx_word' id='word_1_281' title='bbox 3625 1255 3738 1307; x_wconf 85' lang='grc' dir='ltr'><strong>κατά</strong></span> <span class='ocrx_word' id='word_1_282' title='bbox 3757 1271 3798 1308; x_wconf 83' lang='grc' dir='ltr'><strong>τε</strong></span> 
     </span>
    </p>
   </div>
   <div class='ocr_carea' id='block_1_39' title="bbox 2291 1332 3799 1414">
    <p class='ocr_par' dir='ltr' id='par_1_39' title="bbox 2291 1332 3799 1414">
     <span class='ocr_line' id='line_1_39' title="bbox 2291 1332 3799 1414; baseline 0.005 -28"><span class='ocrx_word' id='word_1_283' title='bbox 2291 1332 2612 1404; x_wconf 76' lang='grc' dir='ltr'>ψαλμῳδίαν</span> <span class='ocrx_word' id='word_1_284' title='bbox 2643 1335 2736 1386; x_wconf 75' lang='grc' dir='ltr'>καὶ</span> <span class='ocrx_word' id='word_1_285' title='bbox 2763 1335 3075 1404; x_wconf 75' lang='grc' dir='ltr'>προσευχὴν</span> <span class='ocrx_word' id='word_1_286' title='bbox 3114 1337 3206 1388; x_wconf 74' lang='grc' dir='ltr'>καὶ</span> <span class='ocrx_word' id='word_1_287' title='bbox 3235 1336 3290 1388; x_wconf 81' lang='grc' dir='ltr'>ετ</span> <span class='ocrx_word' id='word_1_288' title='bbox 3323 1355 3374 1389; x_wconf 91' lang='grc' dir='ltr'><strong>τι</strong></span> <span class='ocrx_word' id='word_1_289' title='bbox 3415 1338 3607 1408; x_wconf 76' lang='grc' dir='ltr'>ἕτερον.</span> <span class='ocrx_word' id='word_1_290' title='bbox 3636 1342 3709 1411; x_wconf 74' lang='grc' dir='ltr'><strong>Μὴ</strong></span> <span class='ocrx_word' id='word_1_291' title='bbox 3730 1343 3799 1414; x_wconf 60' lang='grc' dir='ltr'>θη.</span> 
     </span>
    </p>
   </div>
   <div class='ocr_carea' id='block_1_40' title="bbox 2297 1426 3799 1502">
    <p class='ocr_par' dir='ltr' id='par_1_40' title="bbox 2297 1426 3799 1502">
     <span class='ocr_line' id='line_1_40' title="bbox 2297 1426 3799 1502; baseline 0.006 -24"><span class='ocrx_word' id='word_1_292' title='bbox 2297 1426 2592 1496; x_wconf 77' lang='grc' dir='ltr'>σαυρίζητε</span> <span class='ocrx_word' id='word_1_293' title='bbox 2624 1426 2835 1489; x_wconf 81' lang='grc' dir='ltr'>ἑαυτοῖς</span> <span class='ocrx_word' id='word_1_294' title='bbox 2875 1427 3097 1496; x_wconf 87' lang='grc' dir='ltr'>χρυσίον</span> <span class='ocrx_word' id='word_1_295' title='bbox 3135 1431 3216 1492; x_wconf 89' lang='grc' dir='ltr'><strong>είς</strong></span> <span class='ocrx_word' id='word_1_296' title='bbox 3249 1429 3310 1482; x_wconf 85' lang='grc' dir='ltr'>τὸ</span> <span class='ocrx_word' id='word_1_297' title='bbox 3351 1431 3406 1482; x_wconf 84' lang='grc' dir='ltr'><strong>ὲν</strong></span> <span class='ocrx_word' id='word_1_298' title='bbox 3437 1431 3596 1502; x_wconf 82' lang='grc' dir='ltr'>καιρῷ</span> <span class='ocrx_word' id='word_1_299' title='bbox 3630 1436 3799 1487; x_wconf 72' lang='grc' dir='ltr'>ἐπισυν-</span> 
     </span>
    </p>
   </div>
   <div class='ocr_carea' id='block_1_41' title="bbox 2295 1524 3799 1596">
    <p class='ocr_par' dir='ltr' id='par_1_41' title="bbox 2295 1524 3799 1596">
     <span class='ocr_line' id='line_1_41' title="bbox 2295 1524 3799 1596; baseline 0.004 -18"><span class='ocrx_word' id='word_1_300' title='bbox 2295 1524 2520 1594; x_wconf 74' lang='grc' dir='ltr'>αγωγῆς</span> <span class='ocrx_word' id='word_1_301' title='bbox 2564 1525 2944 1596; x_wconf 80' lang='grc' dir='ltr'>παρασχέσθαι</span> <span class='ocrx_word' id='word_1_302' title='bbox 2971 1526 3103 1580; x_wconf 82' lang='grc' dir='ltr'>αὐτὸ</span> <span class='ocrx_word' id='word_1_303' title='bbox 3146 1525 3296 1591; x_wconf 78' lang='grc' dir='ltr'>ἰδίοις</span> <span class='ocrx_word' id='word_1_304' title='bbox 3326 1527 3418 1581; x_wconf 74' lang='grc' dir='ltr'>καὶ</span> <span class='ocrx_word' id='word_1_305' title='bbox 3442 1528 3628 1595; x_wconf 81' lang='grc' dir='ltr'>φίλοις’</span> <span class='ocrx_word' id='word_1_306' title='bbox 3655 1529 3716 1593; x_wconf 83' lang='grc' dir='ltr'><strong>ὡς</strong></span> <span class='ocrx_word' id='word_1_307' title='bbox 3735 1531 3799 1584; x_wconf 74' lang='grc' dir='ltr'><strong>ὅτε</strong></span> 
     </span>
    </p>
   </div>
   <div class='ocr_carea' id='block_1_42' title="bbox 2294 1615 3802 1689">
    <p class='ocr_par' dir='ltr' id='par_1_42' title="bbox 2294 1615 3802 1689">
     <span class='ocr_line' id='line_1_42' title="bbox 2294 1615 3802 1689; baseline 0.003 -22"><span class='ocrx_word' id='word_1_308' title='bbox 2294 1615 2357 1667; x_wconf 79' lang='grc' dir='ltr'>τὸ</span> <span class='ocrx_word' id='word_1_309' title='bbox 2400 1615 2762 1686; x_wconf 78' lang='grc' dir='ltr'>μοναστήριον</span> <span class='ocrx_word' id='word_1_310' title='bbox 2795 1616 3071 1686; x_wconf 86' lang='grc' dir='ltr'>φροντίσει</span> <span class='ocrx_word' id='word_1_311' title='bbox 3100 1615 3170 1670; x_wconf 74' lang='grc' dir='ltr'><strong>τὰ</strong></span> <span class='ocrx_word' id='word_1_312' title='bbox 3207 1616 3331 1670; x_wconf 82' lang='grc' dir='ltr'>καθ’</span> <span class='ocrx_word' id='word_1_313' title='bbox 3361 1619 3524 1689; x_wconf 80' lang='grc' dir='ltr'>ἡμᾶς.</span> <span class='ocrx_word' id='word_1_314' title='bbox 3551 1617 3617 1671; x_wconf 74' lang='grc' dir='ltr'><strong>Οὐ</strong></span> <span class='ocrx_word' id='word_1_315' title='bbox 3645 1619 3802 1673; x_wconf 83' lang='grc' dir='ltr'>τέκνων</span> 
     </span>
    </p>
   </div>
   <div class='ocr_carea' id='block_1_43' title="bbox 2296 1707 3802 1780">
    <p class='ocr_par' dir='ltr' id='par_1_43' title="bbox 2296 1707 3802 1780">
     <span class='ocr_line' id='line_1_43' title="bbox 2296 1707 3802 1780; baseline 0.003 -20"><span class='ocrx_word' id='word_1_316' title='bbox 2296 1707 2432 1760; x_wconf 87' lang='grc' dir='ltr'><strong>Θεοῦ</strong></span> <span class='ocrx_word' id='word_1_317' title='bbox 2455 1707 2630 1772; x_wconf 81' lang='grc' dir='ltr'>τοῦτο,</span> <span class='ocrx_word' id='word_1_318' title='bbox 2653 1708 2790 1762; x_wconf 84' lang='grc' dir='ltr'><strong>ἀλλά</strong></span> <span class='ocrx_word' id='word_1_319' title='bbox 2815 1710 3207 1780; x_wconf 79' lang='grc' dir='ltr'>σαρκοφρόνων</span> <span class='ocrx_word' id='word_1_320' title='bbox 3231 1726 3245 1740; x_wconf 86' lang='grc'>⁶</span> <span class='ocrx_word' id='word_1_321' title='bbox 3281 1711 3398 1774; x_wconf 86' lang='grc' dir='ltr'><strong>πῶς</strong></span> <span class='ocrx_word' id='word_1_322' title='bbox 3420 1711 3507 1774; x_wconf 84' lang='grc' dir='ltr'><strong>δέ;</strong></span> <span class='ocrx_word' id='word_1_323' title='bbox 3535 1711 3613 1764; x_wconf 84' lang='grc' dir='ltr'>ἵνα</span> <span class='ocrx_word' id='word_1_324' title='bbox 3631 1711 3680 1763; x_wconf 71' lang='grc' dir='ltr'>τὸ</span> <span class='ocrx_word' id='word_1_325' title='bbox 3700 1714 3802 1765; x_wconf 79' lang='grc' dir='ltr'><strong>κατά</strong></span> 
     </span>
    </p>
   </div>
   <div class='ocr_carea' id='block_1_44' title="bbox 2298 1798 3800 1876">
    <p class='ocr_par' dir='ltr' id='par_1_44' title="bbox 2298 1798 3800 1876">
     <span class='ocr_line' id='line_1_44' title="bbox 2298 1798 3800 1876; baseline 0.002 -23"><span class='ocrx_word' id='word_1_326' title='bbox 2298 1799 2486 1870; x_wconf 87' lang='grc' dir='ltr'>θρείαν</span> <span class='ocrx_word' id='word_1_327' title='bbox 2511 1801 2751 1870; x_wconf 80' lang='grc' dir='ltr'>γένοιτοο</span> <span class='ocrx_word' id='word_1_328' title='bbox 2787 1803 2881 1856; x_wconf 75' lang='grc' dir='ltr'>καὶ</span> <span class='ocrx_word' id='word_1_329' title='bbox 2915 1801 2977 1854; x_wconf 84' lang='grc' dir='ltr'>τὸ</span> <span class='ocrx_word' id='word_1_330' title='bbox 3017 1801 3230 1870; x_wconf 82' lang='grc' dir='ltr'>φθάσαν</span> <span class='ocrx_word' id='word_1_331' title='bbox 3260 1798 3400 1857; x_wconf 80' lang='grc' dir='ltr'>εἶναι</span> <span class='ocrx_word' id='word_1_332' title='bbox 3438 1804 3729 1875; x_wconf 81' lang='grc' dir='ltr'>προσενεχθῇ</span> <span class='ocrx_word' id='word_1_333' title='bbox 3754 1806 3800 1876; x_wconf 74' lang='grc' dir='ltr'>τῇ</span> 
     </span>
    </p>
   </div>
   <div class='ocr_carea' id='block_1_45' title="bbox 2295 1891 3802 1965">
    <p class='ocr_par' dir='ltr' id='par_1_45' title="bbox 2295 1891 3802 1965">
     <span class='ocr_line' id='line_1_45' title="bbox 2295 1891 3802 1965; baseline 0.003 -21"><span class='ocrx_word' id='word_1_334' title='bbox 2295 1891 2614 1962; x_wconf 77' lang='grc' dir='ltr'>ἀδελφότητι</span> <span class='ocrx_word' id='word_1_335' title='bbox 2640 1910 2654 1924; x_wconf 79' lang='grc'><strong><em>⁸</em></strong></span> <span class='ocrx_word' id='word_1_336' title='bbox 2679 1894 2768 1947; x_wconf 83' lang='grc' dir='ltr'>ἵνα</span> <span class='ocrx_word' id='word_1_337' title='bbox 2795 1895 2859 1948; x_wconf 81' lang='grc' dir='ltr'>ὲκ</span> <span class='ocrx_word' id='word_1_338' title='bbox 2885 1893 3096 1947; x_wconf 82' lang='grc' dir='ltr'>πολλῶν</span> <span class='ocrx_word' id='word_1_339' title='bbox 3130 1894 3441 1965; x_wconf 82' lang='grc' dir='ltr'><strong>προσώπων</strong></span> <span class='ocrx_word' id='word_1_340' title='bbox 3471 1896 3528 1948; x_wconf 75' lang='grc' dir='ltr'>τὸ</span> <span class='ocrx_word' id='word_1_341' title='bbox 3550 1897 3802 1948; x_wconf 73' lang='grc' dir='ltr'>συπατικῦν</span> 
     </span>
    </p>
   </div>
   <div class='ocr_carea' id='block_1_46' title="bbox 2296 1981 3802 2058">
    <p class='ocr_par' dir='ltr' id='par_1_46' title="bbox 2296 1981 3802 2058">
     <span class='ocr_line' id='line_1_46' title="bbox 2296 1981 3802 2058; baseline 0.001 -21"><span class='ocrx_word' id='word_1_342' title='bbox 2296 1981 2384 2055; x_wconf 69' lang='grc' dir='ltr'><strong>εἴη</strong></span> <span class='ocrx_word' id='word_1_343' title='bbox 2407 1985 2502 2038; x_wconf 87' lang='grc' dir='ltr'>τοῦ</span> <span class='ocrx_word' id='word_1_344' title='bbox 2532 1985 2830 2040; x_wconf 87' lang='grc' dir='ltr'>κοινοϐίου.</span> <span class='ocrx_word' id='word_1_345' title='bbox 2860 1986 3045 2040; x_wconf 84' lang='grc' dir='ltr'>Ταῦτα</span> <span class='ocrx_word' id='word_1_346' title='bbox 3069 1986 3125 2040; x_wconf 87' lang='grc' dir='ltr'><strong>δέ</strong></span> <span class='ocrx_word' id='word_1_347' title='bbox 3157 2004 3247 2058; x_wconf 90' lang='grc' dir='ltr'><strong>μοι</strong></span> <span class='ocrx_word' id='word_1_348' title='bbox 3273 1987 3483 2057; x_wconf 73' lang='grc' dir='ltr'>εἴρηται</span> <span class='ocrx_word' id='word_1_349' title='bbox 3506 1986 3667 2056; x_wconf 77' lang='grc' dir='ltr'>ἐπειδή</span> 
     </span>
    </p>
   </div>
   <div class='ocr_carea' id='block_1_47' title="bbox 2297 2077 3801 2150">
    <p class='ocr_par' dir='ltr' id='par_1_47' title="bbox 2297 2077 3801 2150">
     <span class='ocr_line' id='line_1_47' title="bbox 2297 2077 3801 2150; baseline 0.002 -21"><span class='ocrx_word' id='word_1_350' title='bbox 2297 2092 2418 2130; x_wconf 87' lang='grc' dir='ltr'>σται</span> <span class='ocrx_word' id='word_1_351' title='bbox 2450 2077 2643 2145; x_wconf 84' lang='grc' dir='ltr'>ὃτιπέρ</span> <span class='ocrx_word' id='word_1_352' title='bbox 2681 2094 2827 2142; x_wconf 87' lang='grc' dir='ltr'>τινες</span> <span class='ocrx_word' id='word_1_353' title='bbox 2870 2078 2971 2149; x_wconf 73' lang='grc' dir='ltr'>ἤδη</span> <span class='ocrx_word' id='word_1_354' title='bbox 3017 2079 3354 2132; x_wconf 77' lang='grc' dir='ltr'>ἀπεντεῦθεν</span> <span class='ocrx_word' id='word_1_355' title='bbox 3390 2081 3657 2150; x_wconf 75' lang='grc' dir='ltr'>ὁρίζονται.</span> <span class='ocrx_word' id='word_1_356' title='bbox 3691 2081 3801 2144; x_wconf 80' lang='grc' dir='ltr'>Τόδε,</span> 
     </span>
    </p>
   </div>
   <div class='ocr_carea' id='block_1_48' title="bbox 2297 2166 3802 2241">
    <p class='ocr_par' dir='ltr' id='par_1_48' title="bbox 2297 2166 3802 2241">
     <span class='ocr_line' id='line_1_48' title="bbox 2297 2166 3802 2241; baseline 0.001 -21"><span class='ocrx_word' id='word_1_357' title='bbox 2297 2169 2454 2241; x_wconf 81' lang='grc' dir='ltr'>φησὶ,</span> <span class='ocrx_word' id='word_1_358' title='bbox 2485 2170 2546 2222; x_wconf 75' lang='grc' dir='ltr'>τὸ</span> <span class='ocrx_word' id='word_1_359' title='bbox 2575 2169 2738 2234; x_wconf 78' lang='grc' dir='ltr'>ζῶον,</span> <span class='ocrx_word' id='word_1_360' title='bbox 2769 2169 2865 2224; x_wconf 67' lang='grc' dir='ltr'>καὶ</span> <span class='ocrx_word' id='word_1_361' title='bbox 2896 2171 3017 2224; x_wconf 77' lang='grc' dir='ltr'>τόδε</span> <span class='ocrx_word' id='word_1_362' title='bbox 3045 2171 3106 2224; x_wconf 77' lang='grc' dir='ltr'>τὸ</span> <span class='ocrx_word' id='word_1_363' title='bbox 3140 2171 3377 2240; x_wconf 76' lang='grc' dir='ltr'>ἱμάτιον,</span> <span class='ocrx_word' id='word_1_364' title='bbox 3405 2171 3498 2224; x_wconf 82' lang='grc' dir='ltr'>εἴτ’</span> <span class='ocrx_word' id='word_1_365' title='bbox 3527 2166 3608 2224; x_wconf 76' lang='grc' dir='ltr'>οὖν</span> <span class='ocrx_word' id='word_1_366' title='bbox 3647 2171 3802 2240; x_wconf 79' lang='grc' dir='ltr'>ἓτερον,</span> 
     </span>
    </p>
   </div>
   <div class='ocr_carea' id='block_1_49' title="bbox 2299 2260 3806 2334">
    <p class='ocr_par' dir='ltr' id='par_1_49' title="bbox 2299 2260 3806 2334">
     <span class='ocr_line' id='line_1_49' title="bbox 2299 2260 3806 2334; baseline 0.001 -20"><span class='ocrx_word' id='word_1_367' title='bbox 2299 2261 2560 2332; x_wconf 85' lang='grc' dir='ltr'>βούλομαι</span> <span class='ocrx_word' id='word_1_368' title='bbox 2601 2260 2680 2332; x_wconf 82' lang='grc' dir='ltr'>τῷ</span> <span class='ocrx_word' id='word_1_369' title='bbox 2714 2262 2844 2315; x_wconf 81' lang='grc' dir='ltr'>δεῖνι</span> <span class='ocrx_word' id='word_1_370' title='bbox 2888 2263 3073 2316; x_wconf 75' lang='grc' dir='ltr'>ἐᾶσαι.</span> <span class='ocrx_word' id='word_1_371' title='bbox 3107 2265 3171 2316; x_wconf 82' lang='grc' dir='ltr'>Ὢ</span> <span class='ocrx_word' id='word_1_372' title='bbox 3199 2264 3302 2334; x_wconf 81' lang='grc' dir='ltr'>τῆς</span> <span class='ocrx_word' id='word_1_373' title='bbox 3329 2263 3650 2333; x_wconf 74' lang='grc' dir='ltr'>ἀθλιότητοςῑ</span> <span class='ocrx_word' id='word_1_374' title='bbox 3681 2262 3806 2330; x_wconf 81' lang='grc' dir='ltr'><strong>ὣτῆς</strong></span> 
     </span>
    </p>
   </div>
   <div class='ocr_carea' id='block_1_50' title="bbox 2297 2353 3805 2426">
    <p class='ocr_par' dir='ltr' id='par_1_50' title="bbox 2297 2353 3805 2426">
     <span class='ocr_line' id='line_1_50' title="bbox 2297 2353 3805 2426; baseline -0.003 -16"><span class='ocrx_word' id='word_1_375' title='bbox 2297 2355 2642 2426; x_wconf 79' lang='grc' dir='ltr'>ἀφροσύνηςί</span> <span class='ocrx_word' id='word_1_376' title='bbox 2699 2355 2910 2410; x_wconf 76' lang='grc' dir='ltr'>Οὐκοῦν</span> <span class='ocrx_word' id='word_1_377' title='bbox 2943 2354 3066 2410; x_wconf 75' lang='grc' dir='ltr'>οὔτε</span> <span class='ocrx_word' id='word_1_378' title='bbox 3115 2357 3306 2410; x_wconf 83' lang='grc' dir='ltr'>τέκνον</span> <span class='ocrx_word' id='word_1_379' title='bbox 3355 2359 3383 2410; x_wconf 89' lang='lat'><strong>6</strong></span> <span class='ocrx_word' id='word_1_380' title='bbox 3425 2356 3668 2418; x_wconf 78' lang='grc' dir='ltr'>τοιοῦτος,</span> <span class='ocrx_word' id='word_1_381' title='bbox 3715 2353 3805 2407; x_wconf 76' lang='grc' dir='ltr'>οὔτε</span> 
     </span>
    </p>
   </div>
   <div class='ocr_carea' id='block_1_51' title="bbox 2298 2442 3806 2521">
    <p class='ocr_par' dir='ltr' id='par_1_51' title="bbox 2298 2442 3806 2521">
     <span class='ocr_line' id='line_1_51' title="bbox 2298 2442 3806 2521; baseline 0.001 -15"><span class='ocrx_word' id='word_1_382' title='bbox 2298 2450 2526 2517; x_wconf 83' lang='grc' dir='ltr'>ἀδελφός</span> <span class='ocrx_word' id='word_1_383' title='bbox 2548 2464 2563 2480; x_wconf 86' lang='grc'><strong>·</strong></span> <span class='ocrx_word' id='word_1_384' title='bbox 2600 2449 2718 2503; x_wconf 81' lang='grc' dir='ltr'>ἀλλ’</span> <span class='ocrx_word' id='word_1_385' title='bbox 2742 2449 3047 2521; x_wconf 84' lang='grc' dir='ltr'>ἀλλότριος,</span> <span class='ocrx_word' id='word_1_386' title='bbox 3081 2450 3217 2504; x_wconf 89' lang='grc' dir='ltr'><strong>ἀλλά</strong></span> <span class='ocrx_word' id='word_1_387' title='bbox 3247 2450 3538 2512; x_wconf 78' lang='grc' dir='ltr'>ἱερόσυλος,</span> <span class='ocrx_word' id='word_1_388' title='bbox 3561 2442 3615 2502; x_wconf 70' lang='grc' dir='ltr'>οὗ</span> <span class='ocrx_word' id='word_1_389' title='bbox 3639 2450 3666 2517; x_wconf 81' lang='grc' dir='ltr'><strong>ἡ</strong></span> <span class='ocrx_word' id='word_1_390' title='bbox 3693 2446 3806 2518; x_wconf 52' lang='grc' dir='ltr'>μερξ</span> 
     </span>
    </p>
   </div>
   <div class='ocr_carea' id='block_1_52' title="bbox 2303 2542 3780 2615">
    <p class='ocr_par' dir='ltr' id='par_1_52' title="bbox 2303 2542 3780 2615">
     <span class='ocr_line' id='line_1_52' title="bbox 2303 2542 3780 2615; baseline -0.003 -18"><span class='ocrx_word' id='word_1_391' title='bbox 2303 2542 3287 2615; x_wconf 78' lang='grc' dir='ltr'>μετάΓιεζῆτοῦκλέπτου....</span> 
     </span>
    </p>
   </div>
   <div class='ocr_carea' id='block_1_53' title="bbox 2639 2807 3525 2879">
    <p class='ocr_par' dir='ltr' id='par_1_53' title="bbox 2639 2807 3525 2879">
     <span class='ocr_line' id='line_1_53' title="bbox 2639 2807 3525 2879; baseline -0.005 -16"><span class='ocrx_word' id='word_1_392' title='bbox 2639 2807 2756 2876; x_wconf 66' lang='grc' dir='ltr'>ιιθν.</span> <span class='ocrx_word' id='word_1_393' title='bbox 2787 2839 2856 2850; x_wconf 85' lang='lat'><strong>—-</strong></span> <span class='ocrx_word' id='word_1_394' title='bbox 2888 2809 3170 2879; x_wconf 78' lang='grc' dir='ltr'>Ἄϐραμίφ</span> <span class='ocrx_word' id='word_1_395' title='bbox 3205 2807 3525 2877; x_wconf 71' lang='grc' dir='ltr'>ξενοδόχῳ.</span> 
     </span>
    </p>
   </div>
   <div class='ocr_carea' id='block_1_54' title="bbox 1752 2921 2760 2990">
    <p class='ocr_par' dir='ltr' id='par_1_54' title="bbox 1752 2921 2760 2990">
     <span class='ocr_line' id='line_1_54' title="bbox 1752 2921 2760 2990; baseline -0.005 -14"><span class='ocrx_word' id='word_1_396' title='bbox 1752 2928 1990 2978; x_wconf 84' lang='lat' dir='ltr'><strong>Hortatur</strong></span> <span class='ocrx_word' id='word_1_397' title='bbox 2011 2929 2070 2979; x_wconf 87' lang='lat' dir='ltr'><strong>ad</strong></span> <span class='ocrx_word' id='word_1_398' title='bbox 2095 2929 2350 2978; x_wconf 83' lang='lat' dir='ltr'><strong>leuitatem</strong></span> <span class='ocrx_word' id='word_1_399' title='bbox 2375 2939 2494 2990; x_wconf 80' lang='lat' dir='ltr'><strong>erga</strong></span> <span class='ocrx_word' id='word_1_400' title='bbox 2515 2921 2760 2974; x_wconf 87' lang='lat' dir='ltr'><strong>subditos.</strong></span> 
     </span>
    </p>
   </div>
   <div class='ocr_carea' id='block_1_55' title="bbox 684 3025 2287 3097">
    <p class='ocr_par' dir='ltr' id='par_1_55' title="bbox 684 3030 2187 3088">
     <span class='ocr_line' id='line_1_55' title="bbox 684 3030 2187 3088; baseline 0.002 -4"><span class='ocrx_word' id='word_1_401' title='bbox 849 3031 1185 3085; x_wconf 84' lang='lat' dir='ltr'><strong>obscuratur</strong></span> <span class='ocrx_word' id='word_1_402' title='bbox 1225 3032 1307 3087; x_wconf 90' lang='lat' dir='ltr'><strong>sic</strong></span> <span class='ocrx_word' id='word_1_403' title='bbox 1333 3030 1572 3088; x_wconf 84' lang='lat' dir='ltr'><strong>faciendi</strong></span> <span class='ocrx_word' id='word_1_404' title='bbox 1606 3042 1780 3088; x_wconf 90' lang='lat' dir='ltr'><strong>metu.</strong></span> <span class='ocrx_word' id='word_1_405' title='bbox 1815 3031 1953 3088; x_wconf 79' lang='lat' dir='ltr'><strong>Nam</strong></span> <span class='ocrx_word' id='word_1_406' title='bbox 1989 3033 2084 3088; x_wconf 92' lang='lat' dir='ltr'><strong>Dei</strong></span> <span class='ocrx_word' id='word_1_407' title='bbox 2117 3034 2187 3087; x_wconf 87' lang='lat' dir='ltr'><strong>ti-</strong></span> 
     </span>
    </p>
   </div>
   <div class='ocr_carea' id='block_1_56' title="bbox 2200 3025 3803 3097">
    <p class='ocr_par' dir='ltr' id='par_1_56' title="bbox 2360 3025 3803 3097">
     <span class='ocr_line' id='line_1_56' title="bbox 2360 3025 3803 3097; baseline -0.003 -9"><span class='ocrx_word' id='word_1_408' title='bbox 2360 3073 2375 3088; x_wconf 92' lang='lat'><strong>.</strong></span> <span class='ocrx_word' id='word_1_409' title='bbox 2425 3072 2440 3088; x_wconf 90' lang='lat'><strong>.</strong></span> <span class='ocrx_word' id='word_1_410' title='bbox 2483 3071 2498 3086; x_wconf 93' lang='lat'><strong>.</strong></span> <span class='ocrx_word' id='word_1_411' title='bbox 2543 3071 2559 3087; x_wconf 92' lang='lat'><strong>.</strong></span> <span class='ocrx_word' id='word_1_412' title='bbox 2603 3072 2618 3086; x_wconf 94' lang='lat'><strong>.</strong></span> <span class='ocrx_word' id='word_1_413' title='bbox 2664 3027 3022 3092; x_wconf 76' lang='grc' dir='ltr'>συσκιάξεται</span> <span class='ocrx_word' id='word_1_414' title='bbox 3059 3026 3212 3097; x_wconf 88' lang='grc' dir='ltr'>φόϐῳ</span> <span class='ocrx_word' id='word_1_415' title='bbox 3258 3026 3406 3080; x_wconf 73' lang='grc' dir='ltr'>οὕτω</span> <span class='ocrx_word' id='word_1_416' title='bbox 3433 3025 3803 3094; x_wconf 75' lang='grc' dir='ltr'>διαπράττεσθαι.</span> 
     </span>
    </p>
   </div>
   <div class='ocr_carea' id='block_1_57' title="bbox 612 3116 2215 3196">
    <p class='ocr_par' dir='ltr' id='par_1_57' title="bbox 612 3123 2190 3195">
     <span class='ocr_line' id='line_1_57' title="bbox 612 3123 2190 3195; baseline 0.001 -17"><span class='ocrx_word' id='word_1_417' title='bbox 612 3138 767 3179; x_wconf 89' lang='lat' dir='ltr'><strong>more</strong></span> <span class='ocrx_word' id='word_1_418' title='bbox 797 3123 937 3178; x_wconf 88' lang='lat' dir='ltr'><strong>nihil</strong></span> <span class='ocrx_word' id='word_1_419' title='bbox 966 3133 1051 3179; x_wconf 88' lang='lat' dir='ltr'><strong>est</strong></span> <span class='ocrx_word' id='word_1_420' title='bbox 1085 3125 1268 3193; x_wconf 88' lang='lat' dir='ltr'><strong>majus</strong></span> <span class='ocrx_word' id='word_1_421' title='bbox 1303 3143 1316 3176; x_wconf 91' lang='lat'>:</span> <span class='ocrx_word' id='word_1_422' title='bbox 1345 3134 1400 3180; x_wconf 91' lang='lat' dir='ltr'><strong>et</strong></span> <span class='ocrx_word' id='word_1_423' title='bbox 1429 3126 1562 3179; x_wconf 87' lang='lat' dir='ltr'><strong>nihil</strong></span> <span class='ocrx_word' id='word_1_424' title='bbox 1591 3127 1762 3180; x_wconf 90' lang='lat' dir='ltr'><strong>animi</strong></span> <span class='ocrx_word' id='word_1_425' title='bbox 1805 3129 1984 3181; x_wconf 86' lang='lat' dir='ltr'><strong>salute</strong></span> <span class='ocrx_word' id='word_1_426' title='bbox 2016 3126 2190 3195; x_wconf 76' lang='lat' dir='ltr'><strong>magis</strong></span> 
     </span>
    </p>
   </div>
   <div class='ocr_carea' id='block_1_58' title="bbox 2200 3116 3803 3196">
    <p class='ocr_par' dir='ltr' id='par_1_58' title="bbox 2285 3116 3803 3196">
     <span class='ocr_line' id='line_1_58' title="bbox 2285 3116 3803 3196; baseline -0.007 -16"><span class='ocrx_word' id='word_1_427' title='bbox 2285 3126 2457 3180; x_wconf 78' lang='grc' dir='ltr'>Φόϐου</span> <span class='ocrx_word' id='word_1_428' title='bbox 2493 3124 2602 3196; x_wconf 81' lang='grc' dir='ltr'><strong>γὰρ</strong></span> <span class='ocrx_word' id='word_1_429' title='bbox 2649 3120 2787 3176; x_wconf 79' lang='grc' dir='ltr'>Θεοῦ</span> <span class='ocrx_word' id='word_1_430' title='bbox 2816 3121 2971 3175; x_wconf 81' lang='grc' dir='ltr'>οὐδὲν</span> <span class='ocrx_word' id='word_1_431' title='bbox 3008 3121 3215 3189; x_wconf 79' lang='grc' dir='ltr'>μεῖζον,</span> <span class='ocrx_word' id='word_1_432' title='bbox 3250 3121 3348 3173; x_wconf 80' lang='grc' dir='ltr'>καὶ</span> <span class='ocrx_word' id='word_1_433' title='bbox 3392 3118 3645 3189; x_wconf 77' lang='grc' dir='ltr'>σωτηρίας</span> <span class='ocrx_word' id='word_1_434' title='bbox 3677 3116 3803 3188; x_wconf 74' lang='grc' dir='ltr'>ψυχῆς</span> 
     </span>
    </p>
   </div>
   <div class='ocr_carea' id='block_1_59' title="bbox 612 3209 2215 3287">
    <p class='ocr_par' dir='ltr' id='par_1_59' title="bbox 612 3216 2188 3287">
     <span class='ocr_line' id='line_1_59' title="bbox 612 3216 2188 3287; baseline -0.001 -18"><span class='ocrx_word' id='word_1_435' title='bbox 612 3216 1011 3270; x_wconf 85' lang='lat' dir='ltr'><strong>necessarium.</strong></span> <span class='ocrx_word' id='word_1_436' title='bbox 1045 3216 1188 3279; x_wconf 83' lang='lat' dir='ltr'><strong>Quid</strong></span> <span class='ocrx_word' id='word_1_437' title='bbox 1210 3217 1348 3270; x_wconf 89' lang='lat' dir='ltr'><strong>enim</strong></span> <span class='ocrx_word' id='word_1_438' title='bbox 1377 3217 1615 3285; x_wconf 83' lang='lat' dir='ltr'><strong>proderit</strong></span> <span class='ocrx_word' id='word_1_439' title='bbox 1657 3217 1880 3279; x_wconf 78' lang='lat' dir='ltr'><strong>homini,</strong></span> <span class='ocrx_word' id='word_1_440' title='bbox 1912 3218 2111 3287; x_wconf 89' lang='lat' dir='ltr'><strong>inquit,</strong></span> <span class='ocrx_word' id='word_1_441' title='bbox 2142 3218 2188 3268; x_wconf 75' lang='lat' dir='ltr'><strong>si</strong></span> 
     </span>
    </p>
   </div>
   <div class='ocr_carea' id='block_1_60' title="bbox 2201 3209 3804 3287">
    <p class='ocr_par' dir='ltr' id='par_1_60' title="bbox 2287 3209 3804 3284">
     <span class='ocr_line' id='line_1_60' title="bbox 2287 3209 3804 3284; baseline -0.007 -14"><span class='ocrx_word' id='word_1_442' title='bbox 2287 3217 2437 3271; x_wconf 75' lang='grc' dir='ltr'>οὐδὲν</span> <span class='ocrx_word' id='word_1_443' title='bbox 2475 3213 2932 3284; x_wconf 84' lang='grc' dir='ltr'>ἀναγκαιότερον.</span> <span class='ocrx_word' id='word_1_444' title='bbox 2975 3213 3034 3265; x_wconf 86' lang='grc' dir='ltr'>Τί</span> <span class='ocrx_word' id='word_1_445' title='bbox 3077 3211 3189 3280; x_wconf 75' lang='grc' dir='ltr'>γὰρ</span> <span class='ocrx_word' id='word_1_446' title='bbox 3213 3210 3514 3279; x_wconf 73' lang='grc' dir='ltr'><strong>ὠφελήσει</strong></span> <span class='ocrx_word' id='word_1_447' title='bbox 3538 3209 3804 3277; x_wconf 69' lang='grc' dir='ltr'>ἄνθρωπον.</span> 
     </span>
    </p>
   </div>
   <div class='ocr_carea' id='block_1_61' title="bbox 610 3299 2213 3379">
    <p class='ocr_par' dir='ltr' id='par_1_61' title="bbox 610 3308 2194 3370">
     <span class='ocr_line' id='line_1_61' title="bbox 610 3308 2194 3370; baseline 0.002 -10"><span class='ocrx_word' id='word_1_448' title='bbox 610 3311 847 3360; x_wconf 72' lang='lat' dir='ltr'><strong>lucretur</strong></span> <span class='ocrx_word' id='word_1_449' title='bbox 876 3314 1134 3360; x_wconf 84' lang='lat' dir='ltr'><strong>mundum</strong></span> <span class='ocrx_word' id='word_1_450' title='bbox 1160 3317 1353 3370; x_wconf 86' lang='lat' dir='ltr'><strong>totum,</strong></span> <span class='ocrx_word' id='word_1_451' title='bbox 1376 3316 1425 3360; x_wconf 85' lang='lat' dir='ltr'><strong>et</strong></span> <span class='ocrx_word' id='word_1_452' title='bbox 1448 3308 1824 3362; x_wconf 80' lang='lat' dir='ltr'><strong>detrimentum</strong></span> <span class='ocrx_word' id='word_1_453' title='bbox 1858 3310 2052 3363; x_wconf 76' lang='lat' dir='ltr'><strong>anima:</strong></span> <span class='ocrx_word' id='word_1_454' title='bbox 2083 3325 2194 3364; x_wconf 76' lang='lat' dir='ltr'><strong>sua:</strong></span> 
     </span>
    </p>
   </div>
   <div class='ocr_carea' id='block_1_62' title="bbox 2203 3299 3806 3379">
    <p class='ocr_par' dir='ltr' id='par_1_62' title="bbox 2291 3299 3806 3379">
     <span class='ocr_line' id='line_1_62' title="bbox 2291 3299 3806 3379; baseline -0.005 -17"><span class='ocrx_word' id='word_1_455' title='bbox 2291 3312 2477 3379; x_wconf 77' lang='grc' dir='ltr'>φησὶν,</span> <span class='ocrx_word' id='word_1_456' title='bbox 2509 3308 2620 3361; x_wconf 76' lang='grc' dir='ltr'><strong>ἐὰν</strong></span> <span class='ocrx_word' id='word_1_457' title='bbox 2650 3307 2803 3360; x_wconf 71' lang='grc' dir='ltr'>ὅλον</span> <span class='ocrx_word' id='word_1_458' title='bbox 2838 3305 2947 3358; x_wconf 81' lang='grc' dir='ltr'><strong>τὸν</strong></span> <span class='ocrx_word' id='word_1_459' title='bbox 2977 3304 3213 3371; x_wconf 82' lang='grc' dir='ltr'>κόσμον</span> <span class='ocrx_word' id='word_1_460' title='bbox 3244 3304 3531 3371; x_wconf 81' lang='grc' dir='ltr'><strong>κερδήσῃ,</strong></span> <span class='ocrx_word' id='word_1_461' title='bbox 3553 3301 3639 3356; x_wconf 79' lang='grc' dir='ltr'><strong>καί</strong></span> <span class='ocrx_word' id='word_1_462' title='bbox 3657 3299 3806 3369; x_wconf 80' lang='grc' dir='ltr'>ζημιω-</span> 
     </span>
    </p>
   </div>
   <div class='ocr_carea' id='block_1_63' title="bbox 610 3394 2213 3494">
    <p class='ocr_par' dir='ltr' id='par_1_63' title="bbox 610 3396 2191 3468">
     <span class='ocr_line' id='line_1_63' title="bbox 610 3396 2191 3468; baseline 0.002 -20"><span class='ocrx_word' id='word_1_463' title='bbox 610 3397 780 3466; x_wconf 77' lang='lat' dir='ltr'><strong>faciat</strong></span> <span class='ocrx_word' id='word_1_464' title='bbox 810 3396 877 3449; x_wconf 66' lang='lat'><strong>‘7</strong></span> <span class='ocrx_word' id='word_1_465' title='bbox 905 3396 960 3449; x_wconf 85' lang='lat' dir='ltr'><strong>Et</strong></span> <span class='ocrx_word' id='word_1_466' title='bbox 991 3397 1266 3450; x_wconf 54' lang='lat' dir='ltr'><strong>n‘tedicum</strong></span> <span class='ocrx_word' id='word_1_467' title='bbox 1300 3398 1466 3468; x_wconf 65' lang='lat' dir='ltr'><strong>quaeri</strong></span> <span class='ocrx_word' id='word_1_468' title='bbox 1495 3413 1594 3467; x_wconf 91' lang='lat' dir='ltr'><strong>par</strong></span> <span class='ocrx_word' id='word_1_469' title='bbox 1624 3406 1707 3452; x_wconf 93' lang='lat' dir='ltr'><strong>est</strong></span> <span class='ocrx_word' id='word_1_470' title='bbox 1731 3400 1782 3453; x_wconf 94' lang='lat' dir='ltr'><strong>in</strong></span> <span class='ocrx_word' id='word_1_471' title='bbox 1811 3400 2039 3454; x_wconf 86' lang='lat' dir='ltr'><strong>adversa</strong></span> <span class='ocrx_word' id='word_1_472' title='bbox 2066 3415 2191 3454; x_wconf 89' lang='lat' dir='ltr'><strong>cor-</strong></span> 
     </span>
    </p>
   </div>
   <div class='ocr_carea' id='block_1_64' title="bbox 2203 3394 3806 3494">
    <p class='ocr_par' dir='ltr' id='par_1_64' title="bbox 2221 3394 3806 3494">
     <span class='ocr_line' id='line_1_64' title="bbox 2221 3394 3806 3494; baseline -0.007 -38"><span class='ocrx_word' id='word_1_473' title='bbox 2221 3434 2264 3494; x_wconf 79' lang='lat' dir='ltr'>c</span> <span class='ocrx_word' id='word_1_474' title='bbox 2296 3400 2373 3469; x_wconf 79' lang='grc' dir='ltr'>θῇ</span> <span class='ocrx_word' id='word_1_475' title='bbox 2406 3399 2521 3467; x_wconf 80' lang='grc' dir='ltr'><strong>τὴν</strong></span> <span class='ocrx_word' id='word_1_476' title='bbox 2551 3397 2768 3469; x_wconf 72' lang='grc' dir='ltr'><strong>ψυχὴν</strong></span> <span class='ocrx_word' id='word_1_477' title='bbox 2807 3394 3033 3458; x_wconf 82' lang='grc' dir='ltr'>αὺτοῦ;</span> <span class='ocrx_word' id='word_1_478' title='bbox 3071 3397 3181 3448; x_wconf 76' lang='grc' dir='ltr'><strong>Καὶ</strong></span> <span class='ocrx_word' id='word_1_479' title='bbox 3209 3397 3238 3448; x_wconf 92' lang='lat'><strong>6</strong></span> <span class='ocrx_word' id='word_1_480' title='bbox 3278 3397 3462 3466; x_wconf 65' lang='grc' dir='ltr'>ἰατρὸς</span> <span class='ocrx_word' id='word_1_481' title='bbox 3490 3396 3544 3447; x_wconf 79' lang='grc' dir='ltr'><strong>ὲν</strong></span> <span class='ocrx_word' id='word_1_482' title='bbox 3565 3396 3666 3457; x_wconf 83' lang='grc' dir='ltr'>ταῖς</span> <span class='ocrx_word' id='word_1_483' title='bbox 3693 3409 3806 3462; x_wconf 73' lang='grc' dir='ltr'>περι·</span> 
     </span>
    </p>
   </div>
   <div class='ocr_carea' id='block_1_65' title="bbox 611 3488 2190 3562">
    <p class='ocr_par' dir='ltr' id='par_1_65' title="bbox 611 3488 2190 3562">
     <span class='ocr_line' id='line_1_65' title="bbox 611 3488 2190 3562; baseline 0.003 -21"><span class='ocrx_word' id='word_1_484' title='bbox 611 3489 761 3557; x_wconf 90' lang='lat' dir='ltr'><strong>poris</strong></span> <span class='ocrx_word' id='word_1_485' title='bbox 795 3488 1128 3554; x_wconf 81' lang='lat' dir='ltr'><strong>valetudine,</strong></span> <span class='ocrx_word' id='word_1_486' title='bbox 1159 3499 1214 3542; x_wconf 89' lang='lat' dir='ltr'><strong>et</strong></span> <span class='ocrx_word' id='word_1_487' title='bbox 1269 3489 1323 3543; x_wconf 90' lang='lat' dir='ltr'><strong>in</strong></span> <span class='ocrx_word' id='word_1_488' title='bbox 1377 3499 1698 3560; x_wconf 83' lang='lat' dir='ltr'><strong>tempestate</strong></span> <span class='ocrx_word' id='word_1_489' title='bbox 1749 3491 2190 3562; x_wconf 79' lang='lat' dir='ltr'><strong>gubernatorem.</strong></span> 
     </span>
    </p>
   </div>
   <div class='ocr_carea' id='block_1_66' title="bbox 609 3579 2192 3654">
    <p class='ocr_par' dir='ltr' id='par_1_66' title="bbox 609 3579 2192 3654">
     <span class='ocr_line' id='line_1_66' title="bbox 609 3579 2192 3654; baseline 0.004 -22"><span class='ocrx_word' id='word_1_490' title='bbox 609 3580 808 3634; x_wconf 82' lang='lat' dir='ltr'><strong>Annon</strong></span> <span class='ocrx_word' id='word_1_491' title='bbox 844 3579 997 3635; x_wconf 87' lang='lat' dir='ltr'><strong>vides</strong></span> <span class='ocrx_word' id='word_1_492' title='bbox 1032 3595 1285 3651; x_wconf 84' lang='lat' dir='ltr'><strong>magnam</strong></span> <span class='ocrx_word' id='word_1_493' title='bbox 1321 3597 1444 3638; x_wconf 90' lang='lat' dir='ltr'><strong>esse</strong></span> <span class='ocrx_word' id='word_1_494' title='bbox 1481 3591 1857 3654; x_wconf 87' lang='lat' dir='ltr'><strong>tempestatem</strong></span> <span class='ocrx_word' id='word_1_495' title='bbox 1888 3594 1943 3638; x_wconf 87' lang='lat' dir='ltr'><strong>et</strong></span> <span class='ocrx_word' id='word_1_496' title='bbox 1980 3584 2192 3654; x_wconf 80' lang='lat' dir='ltr'><strong>plagam</strong></span> 
     </span>
    </p>
   </div>
   <div class='ocr_carea' id='block_1_67' title="bbox 607 3669 2198 3743">
    <p class='ocr_par' dir='ltr' id='par_1_67' title="bbox 607 3669 2198 3743">
     <span class='ocr_line' id='line_1_67' title="bbox 607 3669 2198 3743; baseline 0.004 -20"><span class='ocrx_word' id='word_1_497' title='bbox 607 3669 878 3724; x_wconf 87' lang='lat' dir='ltr'><strong>divinitus</strong></span> <span class='ocrx_word' id='word_1_498' title='bbox 910 3671 1261 3725; x_wconf 89' lang='lat' dir='ltr'><strong>immissam?</strong></span> <span class='ocrx_word' id='word_1_499' title='bbox 1312 3671 1554 3738; x_wconf 81' lang='lat' dir='ltr'><strong>Medere,</strong></span> <span class='ocrx_word' id='word_1_500' title='bbox 1587 3673 1834 3739; x_wconf 85' lang='lat' dir='ltr'><strong>domine,</strong></span> <span class='ocrx_word' id='word_1_501' title='bbox 1869 3690 2018 3743; x_wconf 74' lang='lat' dir='ltr'><strong>rege,</strong></span> <span class='ocrx_word' id='word_1_502' title='bbox 2052 3684 2115 3729; x_wconf 86' lang='lat' dir='ltr'><strong>ut</strong></span> <span class='ocrx_word' id='word_1_503' title='bbox 2141 3685 2198 3730; x_wconf 92' lang='lat' dir='ltr'><strong>et</strong></span> 
     </span>
    </p>
   </div>
   <div class='ocr_carea' id='block_1_68' title="bbox 609 3762 2198 3837">
    <p class='ocr_par' dir='ltr' id='par_1_68' title="bbox 609 3762 2198 3837">
     <span class='ocr_line' id='line_1_68' title="bbox 609 3762 2198 3837; baseline 0.005 -23"><span class='ocrx_word' id='word_1_504' title='bbox 609 3762 846 3831; x_wconf 89' lang='lat' dir='ltr'><strong>teipsum</strong></span> <span class='ocrx_word' id='word_1_505' title='bbox 895 3779 1079 3819; x_wconf 89' lang='lat' dir='ltr'><strong>serves</strong></span> <span class='ocrx_word' id='word_1_506' title='bbox 1143 3765 1503 3830; x_wconf 89' lang='lat' dir='ltr'><strong>incolumem,</strong></span> <span class='ocrx_word' id='word_1_507' title='bbox 1561 3776 1615 3822; x_wconf 91' lang='lat' dir='ltr'><strong>et</strong></span> <span class='ocrx_word' id='word_1_508' title='bbox 1647 3782 1745 3822; x_wconf 91' lang='lat' dir='ltr'><strong>eos</strong></span> <span class='ocrx_word' id='word_1_509' title='bbox 1782 3768 1878 3837; x_wconf 88' lang='lat' dir='ltr'><strong>qui</strong></span> <span class='ocrx_word' id='word_1_510' title='bbox 1931 3768 2012 3822; x_wconf 90' lang='lat' dir='ltr'><strong>rei</strong></span> <span class='ocrx_word' id='word_1_511' title='bbox 2065 3776 2198 3824; x_wconf 90' lang='lat' dir='ltr'><strong>sunt</strong></span> 
     </span>
    </p>
   </div>
   <div class='ocr_carea' id='block_1_69' title="bbox 609 3855 2191 3925">
    <p class='ocr_par' dir='ltr' id='par_1_69' title="bbox 609 3855 2191 3925">
     <span class='ocr_line' id='line_1_69' title="bbox 609 3855 2191 3925; baseline 0.004 -18"><span class='ocrx_word' id='word_1_512' title='bbox 609 3867 795 3918; x_wconf 83' lang='lat' dir='ltr'><strong>sanes,</strong></span> <span class='ocrx_word' id='word_1_513' title='bbox 831 3864 885 3908; x_wconf 89' lang='lat' dir='ltr'><strong>et</strong></span> <span class='ocrx_word' id='word_1_514' title='bbox 913 3855 979 3910; x_wconf 87' lang='lat' dir='ltr'><strong>ad</strong></span> <span class='ocrx_word' id='word_1_515' title='bbox 1015 3857 1373 3912; x_wconf 88' lang='lat' dir='ltr'><strong>stabilitatem</strong></span> <span class='ocrx_word' id='word_1_516' title='bbox 1405 3858 1659 3920; x_wconf 88' lang='lat' dir='ltr'><strong>reducas,</strong></span> <span class='ocrx_word' id='word_1_517' title='bbox 1696 3858 1876 3914; x_wconf 88' lang='lat' dir='ltr'><strong>minas</strong></span> <span class='ocrx_word' id='word_1_518' title='bbox 1898 3859 2191 3925; x_wconf 84' lang='lat' dir='ltr'><strong>cohibens,</strong></span> 
     </span>
    </p>
   </div>
   <div class='ocr_carea' id='block_1_70' title="bbox 608 3949 2190 4021">
    <p class='ocr_par' dir='ltr' id='par_1_70' title="bbox 608 3949 2190 4021">
     <span class='ocr_line' id='line_1_70' title="bbox 608 3949 2190 4021; baseline 0.003 -18"><span class='ocrx_word' id='word_1_519' title='bbox 608 3962 736 4003; x_wconf 90' lang='lat' dir='ltr'><strong>cum</strong></span> <span class='ocrx_word' id='word_1_520' title='bbox 770 3961 824 4003; x_wconf 92' lang='lat' dir='ltr'><strong>et</strong></span> <span class='ocrx_word' id='word_1_521' title='bbox 859 3949 972 4018; x_wconf 89' lang='lat' dir='ltr'><strong>ipse</strong></span> <span class='ocrx_word' id='word_1_522' title='bbox 996 3950 1050 4003; x_wconf 92' lang='lat' dir='ltr'><strong>in</strong></span> <span class='ocrx_word' id='word_1_523' title='bbox 1081 3966 1311 4020; x_wconf 90' lang='lat' dir='ltr'><strong>corpore</strong></span> <span class='ocrx_word' id='word_1_524' title='bbox 1344 3952 1423 4006; x_wconf 90' lang='lat' dir='ltr'><strong>sis</strong></span> <span class='ocrx_word' id='word_1_525' title='bbox 1453 3960 1506 4006; x_wconf 89' lang='lat' dir='ltr'><strong>et</strong></span> <span class='ocrx_word' id='word_1_526' title='bbox 1536 3953 1716 4021; x_wconf 90' lang='lat' dir='ltr'><strong>lapsui</strong></span> <span class='ocrx_word' id='word_1_527' title='bbox 1755 3953 2048 4007; x_wconf 76' lang='lat' dir='ltr'><strong>obnoxius.</strong></span> <span class='ocrx_word' id='word_1_528' title='bbox 2094 3952 2190 4007; x_wconf 89' lang='lat' dir='ltr'><strong>Sic</strong></span> 
     </span>
    </p>
   </div>
   <div class='ocr_carea' id='block_1_71' title="bbox 609 4041 2200 4114">
    <p class='ocr_par' dir='ltr' id='par_1_71' title="bbox 609 4041 2200 4114">
     <span class='ocr_line' id='line_1_71' title="bbox 609 4041 2200 4114; baseline 0.004 -22"><span class='ocrx_word' id='word_1_529' title='bbox 609 4042 757 4093; x_wconf 89' lang='lat' dir='ltr'><strong>enim</strong></span> <span class='ocrx_word' id='word_1_530' title='bbox 801 4051 854 4094; x_wconf 91' lang='lat' dir='ltr'><strong>et</strong></span> <span class='ocrx_word' id='word_1_531' title='bbox 885 4043 1124 4112; x_wconf 90' lang='lat' dir='ltr'><strong>propitio</strong></span> <span class='ocrx_word' id='word_1_532' title='bbox 1153 4043 1325 4096; x_wconf 86' lang='lat' dir='ltr'><strong>uteris</strong></span> <span class='ocrx_word' id='word_1_533' title='bbox 1350 4041 1481 4098; x_wconf 86' lang='lat' dir='ltr'><strong>Deo.</strong></span> <span class='ocrx_word' id='word_1_534' title='bbox 1527 4043 1637 4098; x_wconf 91' lang='lat' dir='ltr'><strong>Deo</strong></span> <span class='ocrx_word' id='word_1_535' title='bbox 1669 4056 1850 4098; x_wconf 81' lang='lat' dir='ltr'><strong>autem</strong></span> <span class='ocrx_word' id='word_1_536' title='bbox 1881 4052 2200 4114; x_wconf 77' lang='lat' dir='ltr'><strong>protegente</strong></span> 
     </span>
    </p>
   </div>
   <div class='ocr_carea' id='block_1_72' title="bbox 608 4133 2196 4206">
    <p class='ocr_par' dir='ltr' id='par_1_72' title="bbox 608 4133 2196 4206">
     <span class='ocr_line' id='line_1_72' title="bbox 608 4133 2196 4206; baseline 0.002 -20"><span class='ocrx_word' id='word_1_537' title='bbox 608 4133 735 4201; x_wconf 87' lang='lat' dir='ltr'><strong>quis</strong></span> <span class='ocrx_word' id='word_1_538' title='bbox 769 4133 984 4188; x_wconf 79' lang='lat' dir='ltr'><strong>allicere</strong></span> <span class='ocrx_word' id='word_1_539' title='bbox 1018 4137 1164 4190; x_wconf 89' lang='lat' dir='ltr'><strong>malo</strong></span> <span class='ocrx_word' id='word_1_540' title='bbox 1217 4137 1432 4206; x_wconf 84' lang='lat' dir='ltr'><strong>possit?</strong></span> <span class='ocrx_word' id='word_1_541' title='bbox 1475 4137 1779 4202; x_wconf 85' lang='lat' dir='ltr'><strong>Memento,</strong></span> <span class='ocrx_word' id='word_1_542' title='bbox 1813 4137 2042 4192; x_wconf 87' lang='lat' dir='ltr'><strong>domme</strong></span> <span class='ocrx_word' id='word_1_543' title='bbox 2098 4138 2196 4202; x_wconf 88' lang='lat' dir='ltr'><strong>uti,</strong></span> 
     </span>
    </p>
   </div>
   <div class='ocr_carea' id='block_1_73' title="bbox 609 4225 2202 4298">
    <p class='ocr_par' dir='ltr' id='par_1_73' title="bbox 609 4225 2202 4298">
     <span class='ocr_line' id='line_1_73' title="bbox 609 4225 2202 4298; baseline 0.003 -19"><span class='ocrx_word' id='word_1_544' title='bbox 609 4225 756 4294; x_wconf 90' lang='lat' dir='ltr'><strong>quod</strong></span> <span class='ocrx_word' id='word_1_545' title='bbox 792 4236 846 4281; x_wconf 90' lang='lat' dir='ltr'><strong>et</strong></span> <span class='ocrx_word' id='word_1_546' title='bbox 895 4228 1014 4296; x_wconf 89' lang='lat' dir='ltr'><strong>ipse</strong></span> <span class='ocrx_word' id='word_1_547' title='bbox 1036 4243 1166 4282; x_wconf 89' lang='lat' dir='ltr'><strong>caro</strong></span> <span class='ocrx_word' id='word_1_548' title='bbox 1195 4244 1276 4294; x_wconf 91' lang='lat' dir='ltr'><strong>es,</strong></span> <span class='ocrx_word' id='word_1_549' title='bbox 1308 4238 1364 4283; x_wconf 84' lang='lat' dir='ltr'><strong>et</strong></span> <span class='ocrx_word' id='word_1_550' title='bbox 1416 4238 1476 4282; x_wconf 88' lang='lat' dir='ltr'><strong>ut</strong></span> <span class='ocrx_word' id='word_1_551' title='bbox 1505 4230 1718 4298; x_wconf 87' lang='lat' dir='ltr'><strong>lapsum</strong></span> <span class='ocrx_word' id='word_1_552' title='bbox 1759 4229 1986 4294; x_wconf 90' lang='lat' dir='ltr'><strong>metuis,</strong></span> <span class='ocrx_word' id='word_1_553' title='bbox 2033 4229 2202 4297; x_wconf 87' lang='lat' dir='ltr'><strong>lapsis</strong></span> 
     </span>
    </p>
   </div>
   <div class='ocr_carea' id='block_1_74' title="bbox 611 4315 2202 4389">
    <p class='ocr_par' dir='ltr' id='par_1_74' title="bbox 611 4315 2202 4389">
     <span class='ocr_line' id='line_1_74' title="bbox 611 4315 2202 4389; baseline 0.001 -20"><span class='ocrx_word' id='word_1_554' title='bbox 611 4316 835 4386; x_wconf 72' lang='lat' dir='ltr'><strong>ignosce</strong></span> <span class='ocrx_word' id='word_1_555' title='bbox 872 4334 885 4369; x_wconf 90' lang='lat'><strong>:</strong></span> <span class='ocrx_word' id='word_1_556' title='bbox 929 4315 1134 4370; x_wconf 83' lang='lat' dir='ltr'><strong>Eadem</strong></span> <span class='ocrx_word' id='word_1_557' title='bbox 1163 4319 1357 4387; x_wconf 80' lang='lat' dir='ltr'><strong>quippe</strong></span> <span class='ocrx_word' id='word_1_558' title='bbox 1404 4335 1652 4372; x_wconf 82' lang='lat' dir='ltr'><strong>mensura</strong></span> <span class='ocrx_word' id='word_1_559' title='bbox 1688 4334 1794 4389; x_wconf 84' lang='lat' dir='ltr'><strong>qua</strong></span> <span class='ocrx_word' id='word_1_560' title='bbox 1837 4319 2002 4372; x_wconf 78' lang='lat' dir='ltr'><strong>mensi</strong></span> <span class='ocrx_word' id='word_1_561' title='bbox 2033 4317 2202 4387; x_wconf 83' lang='lat' dir='ltr'><strong>[ueri-</strong></span> 
     </span>
    </p>
   </div>
   <div class='ocr_carea' id='block_1_75' title="bbox 610 4409 2202 4480">
    <p class='ocr_par' dir='ltr' id='par_1_75' title="bbox 610 4409 2202 4480">
     <span class='ocr_line' id='line_1_75' title="bbox 610 4409 2202 4480; baseline 0.001 -18"><span class='ocrx_word' id='word_1_562' title='bbox 610 4425 750 4473; x_wconf 79' lang='lat' dir='ltr'><strong>mus,</strong></span> <span class='ocrx_word' id='word_1_563' title='bbox 800 4410 1104 4464; x_wconf 69' lang='lat' dir='ltr'><strong>remetiatur</strong></span> <span class='ocrx_word' id='word_1_564' title='bbox 1156 4410 1374 4465; x_wconf 70' lang='lat' dir='ltr'><strong>nobis“.</strong></span> <span class='ocrx_word' id='word_1_565' title='bbox 1422 4411 1720 4476; x_wconf 78' lang='lat' dir='ltr'><strong>Memento,</strong></span> <span class='ocrx_word' id='word_1_566' title='bbox 1767 4409 1938 4465; x_wconf 88' lang='lat' dir='ltr'><strong>frater</strong></span> <span class='ocrx_word' id='word_1_567' title='bbox 1976 4411 2202 4480; x_wconf 89' lang='lat' dir='ltr'><strong>optime,</strong></span> 
     </span>
    </p>
   </div>
   <div class='ocr_carea' id='block_1_76' title="bbox 610 4501 2207 4572">
    <p class='ocr_par' dir='ltr' id='par_1_76' title="bbox 610 4501 2207 4572">
     <span class='ocr_line' id='line_1_76' title="bbox 610 4501 2207 4572; baseline 0 -18"><span class='ocrx_word' id='word_1_568' title='bbox 610 4503 757 4567; x_wconf 83' lang='lat' dir='ltr'><strong>quod</strong></span> <span class='ocrx_word' id='word_1_569' title='bbox 781 4501 942 4556; x_wconf 88' lang='lat' dir='ltr'><strong>hodie</strong></span> <span class='ocrx_word' id='word_1_570' title='bbox 965 4517 1180 4567; x_wconf 85' lang='lat' dir='ltr'><strong>sumus,</strong></span> <span class='ocrx_word' id='word_1_571' title='bbox 1212 4518 1310 4556; x_wconf 92' lang='lat' dir='ltr'><strong>nec</strong></span> <span class='ocrx_word' id='word_1_572' title='bbox 1341 4503 1550 4557; x_wconf 86' lang='lat' dir='ltr'><strong>scimus</strong></span> <span class='ocrx_word' id='word_1_573' title='bbox 1569 4503 1698 4572; x_wconf 83' lang='lat' dir='ltr'><strong>quid</strong></span> <span class='ocrx_word' id='word_1_574' title='bbox 1719 4511 2094 4570; x_wconf 78' lang='lat' dir='ltr'><strong>superuentura</strong></span> <span class='ocrx_word' id='word_1_575' title='bbox 2110 4518 2207 4570; x_wconf 85' lang='lat' dir='ltr'><strong>pa-</strong></span> 
     </span>
    </p>
   </div>
   <div class='ocr_carea' id='block_1_77' title="bbox 612 4591 2207 4648">
    <p class='ocr_par' dir='ltr' id='par_1_77' title="bbox 612 4591 2207 4648">
     <span class='ocr_line' id='line_1_77' title="bbox 612 4591 2207 4648; baseline 0.002 -5"><span class='ocrx_word' id='word_1_576' title='bbox 612 4593 713 4645; x_wconf 78' lang='lat' dir='ltr'><strong>riat</strong></span> <span class='ocrx_word' id='word_1_577' title='bbox 747 4593 858 4647; x_wconf 77' lang='lat' dir='ltr'><strong>dies</strong></span> <span class='ocrx_word' id='word_1_578' title='bbox 887 4594 910 4625; x_wconf 77' lang='grc'><strong>⁸</strong></span> <span class='ocrx_word' id='word_1_579' title='bbox 940 4613 954 4647; x_wconf 74' lang='grc' dir='ltr'><strong>ι</strong></span> <span class='ocrx_word' id='word_1_580' title='bbox 995 4604 1052 4646; x_wconf 90' lang='lat' dir='ltr'><strong>ut</strong></span> <span class='ocrx_word' id='word_1_581' title='bbox 1075 4609 1143 4648; x_wconf 91' lang='lat' dir='ltr'><strong>ne</strong></span> <span class='ocrx_word' id='word_1_582' title='bbox 1175 4593 1526 4648; x_wconf 86' lang='lat' dir='ltr'><strong>inveniamur</strong></span> <span class='ocrx_word' id='word_1_583' title='bbox 1557 4593 1730 4647; x_wconf 90' lang='lat' dir='ltr'><strong>notati</strong></span> <span class='ocrx_word' id='word_1_584' title='bbox 1765 4607 1889 4646; x_wconf 90' lang='lat' dir='ltr'><strong>cum</strong></span> <span class='ocrx_word' id='word_1_585' title='bbox 1927 4591 2207 4646; x_wconf 87' lang='lat' dir='ltr'><strong>dedecore</strong></span> 
     </span>
    </p>
   </div>
   <div class='ocr_carea' id='block_1_78' title="bbox 609 4683 2200 4756">
    <p class='ocr_par' dir='ltr' id='par_1_78' title="bbox 609 4683 2200 4756">
     <span class='ocr_line' id='line_1_78' title="bbox 609 4683 2200 4756; baseline 0 -20"><span class='ocrx_word' id='word_1_586' title='bbox 609 4701 676 4736; x_wconf 82' lang='lat' dir='ltr'><strong>ac</strong></span> <span class='ocrx_word' id='word_1_587' title='bbox 693 4685 990 4750; x_wconf 89' lang='lat' dir='ltr'><strong>maledicti,</strong></span> <span class='ocrx_word' id='word_1_588' title='bbox 1014 4697 1127 4740; x_wconf 89' lang='lat' dir='ltr'><strong>tum</strong></span> <span class='ocrx_word' id='word_1_589' title='bbox 1152 4686 1204 4740; x_wconf 92' lang='lat' dir='ltr'><strong>in</strong></span> <span class='ocrx_word' id='word_1_590' title='bbox 1231 4689 1485 4756; x_wconf 68' lang='lat' dir='ltr'><strong>praesenti</strong></span> <span class='ocrx_word' id='word_1_591' title='bbox 1513 4683 1877 4750; x_wconf 49' lang='lat' dir='ltr'><strong>sarculuﬂum</strong></span> <span class='ocrx_word' id='word_1_592' title='bbox 1907 4684 1961 4738; x_wconf 91' lang='lat' dir='ltr'><strong>in</strong></span> <span class='ocrx_word' id='word_1_593' title='bbox 1988 4683 2200 4739; x_wconf 89' lang='lat' dir='ltr'><strong>futuro.</strong></span> 
     </span>
    </p>
   </div>
   <div class='ocr_carea' id='block_1_79' title="bbox 2301 3485 3804 3562">
    <p class='ocr_par' dir='ltr' id='par_1_79' title="bbox 2301 3485 3804 3562">
     <span class='ocr_line' id='line_1_79' title="bbox 2301 3485 3804 3562; baseline -0.006 -15"><span class='ocrx_word' id='word_1_594' title='bbox 2301 3493 2524 3547; x_wconf 81' lang='grc' dir='ltr'>στάσεσι</span> <span class='ocrx_word' id='word_1_595' title='bbox 2553 3491 2814 3562; x_wconf 80' lang='grc' dir='ltr'>ζητητέος</span> <span class='ocrx_word' id='word_1_596' title='bbox 2835 3503 2849 3518; x_wconf 88' lang='grc'><strong>·</strong></span> <span class='ocrx_word' id='word_1_597' title='bbox 2879 3489 2972 3543; x_wconf 79' lang='grc' dir='ltr'>καὶ</span> <span class='ocrx_word' id='word_1_598' title='bbox 3012 3491 3042 3542; x_wconf 90' lang='lat'><strong>6</strong></span> <span class='ocrx_word' id='word_1_599' title='bbox 3072 3488 3421 3560; x_wconf 83' lang='grc' dir='ltr'>κυϐερνήτης</span> <span class='ocrx_word' id='word_1_600' title='bbox 3451 3491 3506 3541; x_wconf 83' lang='grc' dir='ltr'><strong>ὲν</strong></span> <span class='ocrx_word' id='word_1_601' title='bbox 3525 3487 3596 3558; x_wconf 83' lang='grc' dir='ltr'>τῷ</span> <span class='ocrx_word' id='word_1_602' title='bbox 3616 3485 3804 3539; x_wconf 77' lang='grc' dir='ltr'>κλύδωνι.</span> 
     </span>
    </p>
   </div>
   <div class='ocr_carea' id='block_1_80' title="bbox 2299 3579 3807 3656">
    <p class='ocr_par' dir='ltr' id='par_1_80' title="bbox 2299 3579 3807 3656">
     <span class='ocr_line' id='line_1_80' title="bbox 2299 3579 3807 3656; baseline -0.001 -17"><span class='ocrx_word' id='word_1_603' title='bbox 2299 3588 2370 3639; x_wconf 85' lang='grc' dir='ltr'><em>Ἢ</em></span> <span class='ocrx_word' id='word_1_604' title='bbox 2400 3586 2499 3655; x_wconf 80' lang='grc' dir='ltr'><strong>οὐχ</strong></span> <span class='ocrx_word' id='word_1_605' title='bbox 2526 3585 2656 3656; x_wconf 81' lang='grc' dir='ltr'>ὁρᾷς</span> <span class='ocrx_word' id='word_1_606' title='bbox 2680 3585 2765 3638; x_wconf 86' lang='grc' dir='ltr'>ὃτι</span> <span class='ocrx_word' id='word_1_607' title='bbox 2792 3582 3001 3636; x_wconf 82' lang='grc' dir='ltr'>κλύδων</span> <span class='ocrx_word' id='word_1_608' title='bbox 3035 3584 3210 3652; x_wconf 75' lang='grc' dir='ltr'>μέγας</span> <span class='ocrx_word' id='word_1_609' title='bbox 3240 3584 3339 3635; x_wconf 75' lang='grc' dir='ltr'>καὶ</span> <span class='ocrx_word' id='word_1_610' title='bbox 3370 3581 3622 3652; x_wconf 71' lang='grc' dir='ltr'>θεομηνὴς</span> <span class='ocrx_word' id='word_1_611' title='bbox 3642 3579 3807 3646; x_wconf 65' lang='grc' dir='ltr'>πληγῆς</span> 
     </span>
    </p>
   </div>
   <div class='ocr_carea' id='block_1_81' title="bbox 2303 3666 3808 3746">
    <p class='ocr_par' dir='ltr' id='par_1_81' title="bbox 2303 3666 3808 3746">
     <span class='ocr_line' id='line_1_81' title="bbox 2303 3666 3808 3746; baseline -0.01 -17"><span class='ocrx_word' id='word_1_612' title='bbox 2303 3675 2612 3746; x_wconf 86' lang='grc' dir='ltr'>ίάτρευσον,</span> <span class='ocrx_word' id='word_1_613' title='bbox 2671 3673 2931 3738; x_wconf 80' lang='grc' dir='ltr'>δέσποτα,</span> <span class='ocrx_word' id='word_1_614' title='bbox 2987 3671 3355 3743; x_wconf 82' lang='grc' dir='ltr'>κυϐέρνησον,</span> <span class='ocrx_word' id='word_1_615' title='bbox 3396 3672 3482 3725; x_wconf 89' lang='grc' dir='ltr'><strong>ῖνα</strong></span> <span class='ocrx_word' id='word_1_616' title='bbox 3514 3671 3600 3723; x_wconf 78' lang='grc' dir='ltr'>καὶ</span> <span class='ocrx_word' id='word_1_617' title='bbox 3644 3666 3808 3721; x_wconf 74' lang='grc' dir='ltr'>σεαυτὸν</span> 
     </span>
    </p>
   </div>
   <div class='ocr_carea' id='block_1_82' title="bbox 2301 3757 3809 3838">
    <p class='ocr_par' dir='ltr' id='par_1_82' title="bbox 2301 3757 3809 3838">
     <span class='ocr_line' id='line_1_82' title="bbox 2301 3757 3809 3838; baseline -0.007 -18"><span class='ocrx_word' id='word_1_618' title='bbox 2301 3767 2505 3838; x_wconf 84' lang='grc' dir='ltr'>σώσῃς,</span> <span class='ocrx_word' id='word_1_619' title='bbox 2535 3767 2629 3820; x_wconf 78' lang='grc' dir='ltr'>καὶ</span> <span class='ocrx_word' id='word_1_620' title='bbox 2652 3767 2779 3827; x_wconf 84' lang='grc' dir='ltr'>τοὺς</span> <span class='ocrx_word' id='word_1_621' title='bbox 2805 3764 3095 3828; x_wconf 75' lang='grc' dir='ltr'>ὑπαιτίους</span> <span class='ocrx_word' id='word_1_622' title='bbox 3129 3764 3348 3836; x_wconf 79' lang='grc' dir='ltr'>ὲξιάσῃ.</span> <span class='ocrx_word' id='word_1_623' title='bbox 3385 3765 3476 3818; x_wconf 76' lang='grc' dir='ltr'><strong>καὶ</strong></span> <span class='ocrx_word' id='word_1_624' title='bbox 3503 3757 3809 3829; x_wconf 76' lang='grc' dir='ltr'>ἀναστοιχειὼ-</span> 
     </span>
    </p>
   </div>
   <div class='ocr_carea' id='block_1_83' title="bbox 2303 3848 3810 3932">
    <p class='ocr_par' dir='ltr' id='par_1_83' title="bbox 2303 3848 3810 3932">
     <span class='ocr_line' id='line_1_83' title="bbox 2303 3848 3810 3932; baseline -0.007 -20"><span class='ocrx_word' id='word_1_625' title='bbox 2303 3875 2402 3932; x_wconf 82' lang='grc' dir='ltr'>σῃς</span> <span class='ocrx_word' id='word_1_626' title='bbox 2425 3861 2507 3922; x_wconf 88' lang='grc' dir='ltr'><strong>είς</strong></span> <span class='ocrx_word' id='word_1_627' title='bbox 2539 3857 2886 3922; x_wconf 83' lang='grc' dir='ltr'>εὐστάθειαν,</span> <span class='ocrx_word' id='word_1_628' title='bbox 2919 3857 3249 3928; x_wconf 85' lang='grc' dir='ltr'>ἀνεχόμενος</span> <span class='ocrx_word' id='word_1_629' title='bbox 3274 3857 3377 3929; x_wconf 85' lang='grc' dir='ltr'>τὴν</span> <span class='ocrx_word' id='word_1_630' title='bbox 3408 3856 3637 3926; x_wconf 82' lang='grc' dir='ltr'>ἀπειλὴν,</span> <span class='ocrx_word' id='word_1_631' title='bbox 3664 3853 3723 3914; x_wconf 85' lang='grc' dir='ltr'>ὡς</span> <span class='ocrx_word' id='word_1_632' title='bbox 3743 3848 3810 3902; x_wconf 74' lang='grc' dir='ltr'><strong>καὶ</strong></span> 
     </span>
    </p>
   </div>
   <div class='ocr_carea' id='block_1_84' title="bbox 2302 3937 3810 4020">
    <p class='ocr_par' dir='ltr' id='par_1_84' title="bbox 2302 3937 3810 4020">
     <span class='ocr_line' id='line_1_84' title="bbox 2302 3937 3810 4020; baseline -0.002 -15"><span class='ocrx_word' id='word_1_633' title='bbox 2302 3937 2464 4016; x_wconf 79' lang='grc' dir='ltr'>αὐτὸς</span> <span class='ocrx_word' id='word_1_634' title='bbox 2509 3950 2585 4005; x_wconf 83' lang='grc' dir='ltr'>ὢν</span> <span class='ocrx_word' id='word_1_635' title='bbox 2633 3953 2690 4004; x_wconf 81' lang='grc' dir='ltr'><strong>ὲν</strong></span> <span class='ocrx_word' id='word_1_636' title='bbox 2739 3949 2952 4020; x_wconf 86' lang='grc' dir='ltr'>σώματι</span> <span class='ocrx_word' id='word_1_637' title='bbox 2997 3951 3092 4003; x_wconf 77' lang='grc' dir='ltr'>καὶ</span> <span class='ocrx_word' id='word_1_638' title='bbox 3137 3950 3245 4003; x_wconf 77' lang='grc' dir='ltr'><strong>ὑπὸ</strong></span> <span class='ocrx_word' id='word_1_639' title='bbox 3272 3950 3336 4003; x_wconf 85' lang='grc' dir='ltr'>τὸ</span> <span class='ocrx_word' id='word_1_640' title='bbox 3373 3948 3632 4004; x_wconf 84' lang='grc' dir='ltr'>πταιστόν.</span> <span class='ocrx_word' id='word_1_641' title='bbox 3672 3942 3810 4003; x_wconf 70' lang='grc' dir='ltr'>οὕτως</span> 
     </span>
    </p>
   </div>
   <div class='ocr_carea' id='block_1_85' title="bbox 2302 4034 3808 4116">
    <p class='ocr_par' dir='ltr' id='par_1_85' title="bbox 2302 4034 3808 4116">
     <span class='ocr_line' id='line_1_85' title="bbox 2302 4034 3808 4116; baseline -0.002 -19"><span class='ocrx_word' id='word_1_642' title='bbox 2302 4043 2412 4116; x_wconf 77' lang='grc' dir='ltr'>γὰρ</span> <span class='ocrx_word' id='word_1_643' title='bbox 2439 4044 2529 4097; x_wconf 80' lang='grc' dir='ltr'>καὶ</span> <span class='ocrx_word' id='word_1_644' title='bbox 2558 4043 2689 4096; x_wconf 78' lang='grc' dir='ltr'>Θεὸν</span> <span class='ocrx_word' id='word_1_645' title='bbox 2722 4043 2900 4113; x_wconf 78' lang='grc' dir='ltr'>κτήσῃ</span> <span class='ocrx_word' id='word_1_646' title='bbox 2933 4041 3084 4094; x_wconf 80' lang='grc' dir='ltr'>ἵλεω.</span> <span class='ocrx_word' id='word_1_647' title='bbox 3114 4039 3252 4094; x_wconf 88' lang='grc' dir='ltr'><strong>Θεοῦ</strong></span> <span class='ocrx_word' id='word_1_648' title='bbox 3286 4040 3345 4094; x_wconf 82' lang='grc' dir='ltr'>δὲ</span> <span class='ocrx_word' id='word_1_649' title='bbox 3372 4041 3690 4111; x_wconf 76' lang='grc' dir='ltr'>περιέποντος</span> <span class='ocrx_word' id='word_1_650' title='bbox 3711 4034 3808 4094; x_wconf 73' lang='grc' dir='ltr'>τίςό</span> 
     </span>
    </p>
   </div>
   <div class='ocr_carea' id='block_1_86' title="bbox 2303 4121 3810 4202">
    <p class='ocr_par' dir='ltr' id='par_1_86' title="bbox 2303 4121 3810 4202">
     <span class='ocr_line' id='line_1_86' title="bbox 2303 4121 3810 4202; baseline -0.011 -13"><span class='ocrx_word' id='word_1_651' title='bbox 2303 4133 2604 4197; x_wconf 75' lang='grc' dir='ltr'>κακώσωνς</span> <span class='ocrx_word' id='word_1_652' title='bbox 2631 4131 2940 4202; x_wconf 86' lang='grc' dir='ltr'>Μνήσθητι,</span> <span class='ocrx_word' id='word_1_653' title='bbox 2975 4131 3149 4202; x_wconf 74' lang='grc' dir='ltr'>Κύριέ</span> <span class='ocrx_word' id='word_1_654' title='bbox 3174 4148 3299 4201; x_wconf 88' lang='grc' dir='ltr'>μου.</span> <span class='ocrx_word' id='word_1_655' title='bbox 3331 4131 3412 4185; x_wconf 83' lang='grc' dir='ltr'>ὅτι</span> <span class='ocrx_word' id='word_1_656' title='bbox 3439 4129 3564 4200; x_wconf 79' lang='grc' dir='ltr'>σὰρξ</span> <span class='ocrx_word' id='word_1_657' title='bbox 3585 4122 3628 4179; x_wconf 80' lang='grc' dir='ltr'><strong>εί</strong></span> <span class='ocrx_word' id='word_1_658' title='bbox 3651 4125 3726 4178; x_wconf 75' lang='grc' dir='ltr'><strong>καί</strong></span> <span class='ocrx_word' id='word_1_659' title='bbox 3747 4121 3810 4174; x_wconf 71' lang='grc' dir='ltr'><strong>αὖ·</strong></span> 
     </span>
    </p>
   </div>
   <div class='ocr_carea' id='block_1_87' title="bbox 2302 4213 3804 4296">
    <p class='ocr_par' dir='ltr' id='par_1_87' title="bbox 2302 4213 3804 4296">
     <span class='ocr_line' id='line_1_87' title="bbox 2302 4213 3804 4296; baseline -0.009 -16"><span class='ocrx_word' id='word_1_660' title='bbox 2302 4227 2395 4290; x_wconf 85' lang='grc' dir='ltr'><strong>τός</strong></span> <span class='ocrx_word' id='word_1_661' title='bbox 2415 4241 2431 4254; x_wconf 81' lang='lat'><strong><em>°</em></strong></span> <span class='ocrx_word' id='word_1_662' title='bbox 2465 4226 2557 4279; x_wconf 69' lang='grc' dir='ltr'>καὶ</span> <span class='ocrx_word' id='word_1_663' title='bbox 2584 4224 2658 4290; x_wconf 81' lang='grc' dir='ltr'>ὡς</span> <span class='ocrx_word' id='word_1_664' title='bbox 2693 4223 2832 4296; x_wconf 75' lang='grc' dir='ltr'>φοϐῇ</span> <span class='ocrx_word' id='word_1_665' title='bbox 2863 4223 2964 4287; x_wconf 76' lang='grc' dir='ltr'><strong>τὰς</strong></span> <span class='ocrx_word' id='word_1_666' title='bbox 2995 4223 3232 4292; x_wconf 83' lang='grc' dir='ltr'>πληγὰς,</span> <span class='ocrx_word' id='word_1_667' title='bbox 3263 4223 3448 4291; x_wconf 85' lang='grc' dir='ltr'>φείδου</span> <span class='ocrx_word' id='word_1_668' title='bbox 3483 4219 3583 4274; x_wconf 85' lang='grc' dir='ltr'><strong>τῶν</strong></span> <span class='ocrx_word' id='word_1_669' title='bbox 3609 4213 3804 4284; x_wconf 61' lang='grc' dir='ltr'>πληγῶν</span> 
     </span>
    </p>
   </div>
   <div class='ocr_carea' id='block_1_88' title="bbox 2319 4306 3808 4385">
    <p class='ocr_par' dir='ltr' id='par_1_88' title="bbox 2319 4306 3808 4385">
     <span class='ocr_line' id='line_1_88' title="bbox 2319 4306 3808 4385; baseline -0.01 -12"><span class='ocrx_word' id='word_1_670' title='bbox 2319 4318 2594 4385; x_wconf 73' lang='grc' dir='ltr'>Ἐπείπερ</span> <span class='ocrx_word' id='word_1_671' title='bbox 2632 4316 2736 4382; x_wconf 82' lang='grc' dir='ltr'><strong>οἵῳ</strong></span> <span class='ocrx_word' id='word_1_672' title='bbox 2778 4315 2973 4385; x_wconf 85' lang='grc' dir='ltr'>μέτρῳ</span> <span class='ocrx_word' id='word_1_673' title='bbox 2999 4315 3360 4385; x_wconf 80' lang='grc' dir='ltr'>μετροῦμεν.</span> <span class='ocrx_word' id='word_1_674' title='bbox 3387 4306 3808 4381; x_wconf 73' lang='grc' dir='ltr'>ἀντιμετρηθήσε-</span> 
     </span>
    </p>
   </div>
   <div class='ocr_carea' id='block_1_89' title="bbox 2304 4395 3808 4478">
    <p class='ocr_par' dir='ltr' id='par_1_89' title="bbox 2304 4395 3808 4478">
     <span class='ocr_line' id='line_1_89' title="bbox 2304 4395 3808 4478; baseline -0.009 -14"><span class='ocrx_word' id='word_1_675' title='bbox 2304 4427 2401 4464; x_wconf 83' lang='grc' dir='ltr'><strong>ται</strong></span> <span class='ocrx_word' id='word_1_676' title='bbox 2461 4408 2625 4478; x_wconf 73' lang='grc' dir='ltr'>ἡμῖν.</span> <span class='ocrx_word' id='word_1_677' title='bbox 2676 4407 2987 4478; x_wconf 82' lang='grc' dir='ltr'>Μνήσθητι,</span> <span class='ocrx_word' id='word_1_678' title='bbox 3041 4407 3237 4476; x_wconf 83' lang='grc' dir='ltr'>ἁδελφὲ</span> <span class='ocrx_word' id='word_1_679' title='bbox 3298 4406 3452 4469; x_wconf 88' lang='grc' dir='ltr'>καλὲ,</span> <span class='ocrx_word' id='word_1_680' title='bbox 3503 4406 3577 4458; x_wconf 84' lang='grc' dir='ltr'>ὅτι</span> <span class='ocrx_word' id='word_1_681' title='bbox 3629 4395 3808 4468; x_wconf 68' lang='grc' dir='ltr'>σήμερόι</span> 
     </span>
    </p>
   </div>
   <div class='ocr_carea' id='block_1_90' title="bbox 2309 4485 3807 4572">
    <p class='ocr_par' dir='ltr' id='par_1_90' title="bbox 2309 4485 3807 4572">
     <span class='ocr_line' id='line_1_90' title="bbox 2309 4485 3807 4572; baseline -0.009 -17"><span class='ocrx_word' id='word_1_682' title='bbox 2309 4505 2500 4572; x_wconf 74' lang='grc' dir='ltr'>ἐσμεν,</span> <span class='ocrx_word' id='word_1_683' title='bbox 2535 4499 2630 4554; x_wconf 83' lang='grc' dir='ltr'>καὶ</span> <span class='ocrx_word' id='word_1_684' title='bbox 2656 4500 2712 4553; x_wconf 84' lang='grc' dir='ltr'>τι</span> <span class='ocrx_word' id='word_1_685' title='bbox 2739 4499 2972 4564; x_wconf 81' lang='grc' dir='ltr'>τέξεται</span> <span class='ocrx_word' id='word_1_686' title='bbox 3004 4500 3043 4567; x_wconf 76' lang='grc' dir='ltr'>ἡ</span> <span class='ocrx_word' id='word_1_687' title='bbox 3072 4498 3334 4552; x_wconf 81' lang='grc' dir='ltr'>ἐπιοῦσα</span> <span class='ocrx_word' id='word_1_688' title='bbox 3359 4500 3466 4552; x_wconf 82' lang='grc' dir='ltr'>οὐκ</span> <span class='ocrx_word' id='word_1_689' title='bbox 3498 4494 3732 4562; x_wconf 77' lang='grc' dir='ltr'>οἴδαμεν·</span> <span class='ocrx_word' id='word_1_690' title='bbox 3755 4485 3807 4544; x_wconf 76' lang='grc' dir='ltr'><strong>ὡς</strong></span> 
     </span>
    </p>
   </div>
   <div class='ocr_carea' id='block_1_91' title="bbox 2314 4577 3808 4664">
    <p class='ocr_par' dir='ltr' id='par_1_91' title="bbox 2314 4577 3808 4664">
     <span class='ocr_line' id='line_1_91' title="bbox 2314 4577 3808 4664; baseline -0.021 1"><span class='ocrx_word' id='word_1_691' title='bbox 2314 4593 2388 4664; x_wconf 68' lang='grc' dir='ltr'><strong>μὴ</strong></span> <span class='ocrx_word' id='word_1_692' title='bbox 2435 4592 2726 4664; x_wconf 71' lang='grc' dir='ltr'><strong>εὑρεθῆναι</strong></span> <span class='ocrx_word' id='word_1_693' title='bbox 2764 4593 2912 4663; x_wconf 76' lang='grc' dir='ltr'>ἡμᾶς</span> <span class='ocrx_word' id='word_1_694' title='bbox 2945 4591 3416 4662; x_wconf 82' lang='grc' dir='ltr'>κωμῳδουμένους</span> <span class='ocrx_word' id='word_1_695' title='bbox 3445 4589 3534 4642; x_wconf 72' lang='grc' dir='ltr'>καὶ</span> <span class='ocrx_word' id='word_1_696' title='bbox 3562 4577 3808 4654; x_wconf 77' lang='grc' dir='ltr'>κατηραμέ-</span> 
     </span>
    </p>
   </div>
   <div class='ocr_carea' id='block_1_92' title="bbox 2311 4670 3807 4755">
    <p class='ocr_par' dir='ltr' id='par_1_92' title="bbox 2311 4670 3807 4755">
     <span class='ocr_line' id='line_1_92' title="bbox 2311 4670 3807 4755; baseline -0.007 -18"><span class='ocrx_word' id='word_1_697' title='bbox 2311 4701 2458 4749; x_wconf 84' lang='grc' dir='ltr'>νους,</span> <span class='ocrx_word' id='word_1_698' title='bbox 2483 4684 2578 4737; x_wconf 74' lang='grc' dir='ltr'>καὶ</span> <span class='ocrx_word' id='word_1_699' title='bbox 2601 4685 2659 4737; x_wconf 76' lang='grc' dir='ltr'><strong>ὲν</strong></span> <span class='ocrx_word' id='word_1_700' title='bbox 2687 4682 2766 4755; x_wconf 81' lang='grc' dir='ltr'><strong>τῷ</strong></span> <span class='ocrx_word' id='word_1_701' title='bbox 2796 4681 2891 4736; x_wconf 84' lang='grc' dir='ltr'><strong>νῦν</strong></span> <span class='ocrx_word' id='word_1_702' title='bbox 2921 4682 3080 4736; x_wconf 85' lang='grc' dir='ltr'>αίῶνι</span> <span class='ocrx_word' id='word_1_703' title='bbox 3117 4683 3214 4736; x_wconf 81' lang='grc' dir='ltr'>καὶ</span> <span class='ocrx_word' id='word_1_704' title='bbox 3242 4685 3300 4736; x_wconf 83' lang='grc' dir='ltr'><strong>ὲν</strong></span> <span class='ocrx_word' id='word_1_705' title='bbox 3332 4683 3410 4752; x_wconf 83' lang='grc' dir='ltr'>τῷ</span> <span class='ocrx_word' id='word_1_706' title='bbox 3437 4681 3678 4752; x_wconf 85' lang='grc' dir='ltr'>μέλλοντι.</span> <span class='ocrx_word' id='word_1_707' title='bbox 3701 4670 3807 4739; x_wconf 73' lang='grc' dir='ltr'><strong>Μνή-</strong></span> 
     </span>
    </p>
   </div>
   <div class='ocr_carea' id='block_1_93' title="bbox 612 4761 2215 4848">
    <p class='ocr_par' dir='ltr' id='par_1_93' title="bbox 612 4773 2205 4845">
     <span class='ocr_line' id='line_1_93' title="bbox 612 4773 2205 4845; baseline 0.003 -20"><span class='ocrx_word' id='word_1_708' title='bbox 612 4773 883 4830; x_wconf 75' lang='lat' dir='ltr'><strong>Memento</strong></span> <span class='ocrx_word' id='word_1_709' title='bbox 913 4777 1200 4831; x_wconf 75' lang='lat' dir='ltr'><strong>horrendae</strong></span> <span class='ocrx_word' id='word_1_710' title='bbox 1229 4777 1380 4832; x_wconf 88' lang='lat' dir='ltr'><strong>illius</strong></span> <span class='ocrx_word' id='word_1_711' title='bbox 1413 4777 1886 4845; x_wconf 79' lang='lat' dir='ltr'><strong>inexorabilisque</strong></span> <span class='ocrx_word' id='word_1_712' title='bbox 1902 4775 2205 4840; x_wconf 70' lang='lat' dir='ltr'><strong>sententiae,</strong></span> 
     </span>
    </p>
   </div>
   <div class='ocr_carea' id='block_1_94' title="bbox 2204 4761 3807 4848">
    <p class='ocr_par' dir='ltr' id='par_1_94' title="bbox 2204 4761 3807 4848">
     <span class='ocr_line' id='line_1_94' title="bbox 2204 4761 3807 4848; baseline -0.008 -17"><span class='ocrx_word' id='word_1_713' title='bbox 2204 4775 2285 4832; x_wconf 31' lang='lat' dir='ltr'><strong>tD</strong></span> <span class='ocrx_word' id='word_1_714' title='bbox 2314 4775 2472 4846; x_wconf 85' lang='grc' dir='ltr'>σθητι</span> <span class='ocrx_word' id='word_1_715' title='bbox 2519 4777 2618 4848; x_wconf 79' lang='grc' dir='ltr'>τῆς</span> <span class='ocrx_word' id='word_1_716' title='bbox 2681 4775 3009 4842; x_wconf 78' lang='grc' dir='ltr'>ἀποφάσεως</span> <span class='ocrx_word' id='word_1_717' title='bbox 3072 4775 3290 4843; x_wconf 70' lang='grc' dir='ltr'>ἐκείνης</span> <span class='ocrx_word' id='word_1_718' title='bbox 3344 4776 3440 4844; x_wconf 76' lang='grc' dir='ltr'>τῆς</span> <span class='ocrx_word' id='word_1_719' title='bbox 3496 4769 3702 4842; x_wconf 76' lang='grc' dir='ltr'>φοϐερᾶς</span> <span class='ocrx_word' id='word_1_720' title='bbox 3747 4761 3807 4814; x_wconf 70' lang='grc' dir='ltr'>καὶ</span> 
     </span>
    </p>
   </div>
   <div class='ocr_carea' id='block_1_95' title="bbox 607 4865 2201 4942">
    <p class='ocr_par' dir='ltr' id='par_1_95' title="bbox 607 4865 2201 4942">
     <span class='ocr_line' id='line_1_95' title="bbox 607 4865 2201 4942; baseline 0.003 -28"><span class='ocrx_word' id='word_1_721' title='bbox 607 4880 717 4931; x_wconf 80' lang='lat' dir='ltr'><strong>qua</strong></span> <span class='ocrx_word' id='word_1_722' title='bbox 737 4865 1197 4942; x_wconf 81' lang='lat' dir='ltr'><strong>immisericordes</strong></span> <span class='ocrx_word' id='word_1_723' title='bbox 1211 4867 1263 4920; x_wconf 92' lang='lat' dir='ltr'><strong>in</strong></span> <span class='ocrx_word' id='word_1_724' title='bbox 1281 4868 1459 4937; x_wconf 78' lang='lat' dir='ltr'><strong>ignem</strong></span> <span class='ocrx_word' id='word_1_725' title='bbox 1481 4867 1871 4920; x_wconf 79' lang='lat' dir='ltr'><strong>inexstinctutu</strong></span> <span class='ocrx_word' id='word_1_726' title='bbox 1890 4866 2201 4927; x_wconf 83' lang='lat' dir='ltr'><strong>mittentur.</strong></span> 
     </span>
    </p>
   </div>
   <div class='ocr_carea' id='block_1_96' title="bbox 611 4955 2182 5028">
    <p class='ocr_par' dir='ltr' id='par_1_96' title="bbox 611 4955 2182 5028">
     <span class='ocr_line' id='line_1_96' title="bbox 611 4955 2182 5028; baseline 0.001 -20"><span class='ocrx_word' id='word_1_727' title='bbox 611 4955 885 5010; x_wconf 75' lang='lat' dir='ltr'><strong>Memento</strong></span> <span class='ocrx_word' id='word_1_728' title='bbox 911 4957 1027 5011; x_wconf 87' lang='lat' dir='ltr'><strong>fore</strong></span> <span class='ocrx_word' id='word_1_729' title='bbox 1063 4968 1122 5012; x_wconf 91' lang='lat' dir='ltr'><strong>ut</strong></span> <span class='ocrx_word' id='word_1_730' title='bbox 1166 4959 1326 5012; x_wconf 91' lang='lat' dir='ltr'><strong>nobis</strong></span> <span class='ocrx_word' id='word_1_731' title='bbox 1361 4960 1630 5012; x_wconf 87' lang='lat' dir='ltr'><strong>sistantur</strong></span> <span class='ocrx_word' id='word_1_732' title='bbox 1664 4959 1734 5012; x_wconf 90' lang='lat' dir='ltr'><strong>ob</strong></span> <span class='ocrx_word' id='word_1_733' title='bbox 1764 4959 1954 5013; x_wconf 87' lang='lat' dir='ltr'><strong>oculos</strong></span> <span class='ocrx_word' id='word_1_734' title='bbox 1986 4959 2043 5023; x_wconf 91' lang='lat' dir='ltr'><strong>ii,</strong></span> <span class='ocrx_word' id='word_1_735' title='bbox 2086 4957 2182 5028; x_wconf 92' lang='lat' dir='ltr'><strong>qui</strong></span> 
     </span>
    </p>
   </div>
   <div class='ocr_carea' id='block_1_97' title="bbox 613 5047 2198 5121">
    <p class='ocr_par' dir='ltr' id='par_1_97' title="bbox 613 5047 2198 5121">
     <span class='ocr_line' id='line_1_97' title="bbox 613 5047 2198 5121; baseline 0 -19"><span class='ocrx_word' id='word_1_736' title='bbox 613 5049 817 5104; x_wconf 89' lang='lat' dir='ltr'><strong>fuerint</strong></span> <span class='ocrx_word' id='word_1_737' title='bbox 845 5065 875 5102; x_wconf 93' lang='lat' dir='ltr'><strong>a</strong></span> <span class='ocrx_word' id='word_1_738' title='bbox 917 5050 1076 5105; x_wconf 93' lang='lat' dir='ltr'><strong>nobis</strong></span> <span class='ocrx_word' id='word_1_739' title='bbox 1104 5061 1200 5105; x_wconf 90' lang='lat' dir='ltr'><strong>aut</strong></span> <span class='ocrx_word' id='word_1_740' title='bbox 1234 5050 1506 5106; x_wconf 82' lang='lat' dir='ltr'><strong>beneficio</strong></span> <span class='ocrx_word' id='word_1_741' title='bbox 1539 5052 1727 5121; x_wconf 87' lang='lat' dir='ltr'><strong>aliquo</strong></span> <span class='ocrx_word' id='word_1_742' title='bbox 1754 5059 1849 5104; x_wconf 92' lang='lat' dir='ltr'><strong>aut</strong></span> <span class='ocrx_word' id='word_1_743' title='bbox 1878 5051 2082 5105; x_wconf 90' lang='lat' dir='ltr'><strong>damno</strong></span> <span class='ocrx_word' id='word_1_744' title='bbox 2116 5047 2198 5103; x_wconf 90' lang='lat' dir='ltr'><strong>af-</strong></span> 
     </span>
    </p>
   </div>
   <div class='ocr_carea' id='block_1_98' title="bbox 613 5142 2189 5214">
    <p class='ocr_par' dir='ltr' id='par_1_98' title="bbox 613 5142 2189 5214">
     <span class='ocr_line' id='line_1_98' title="bbox 613 5142 2189 5214; baseline 0.002 -21"><span class='ocrx_word' id='word_1_745' title='bbox 613 5142 760 5196; x_wconf 85' lang='lat' dir='ltr'><strong>fecti.</strong></span> <span class='ocrx_word' id='word_1_746' title='bbox 803 5143 1008 5211; x_wconf 79' lang='lat' dir='ltr'><strong>Ecquid</strong></span> <span class='ocrx_word' id='word_1_747' title='bbox 1041 5151 1153 5195; x_wconf 90' lang='lat' dir='ltr'><strong>tutn</strong></span> <span class='ocrx_word' id='word_1_748' title='bbox 1186 5143 1432 5212; x_wconf 89' lang='lat' dir='ltr'><strong>proderit</strong></span> <span class='ocrx_word' id='word_1_749' title='bbox 1469 5145 1688 5214; x_wconf 79' lang='lat' dir='ltr'><strong>egregia</strong></span> <span class='ocrx_word' id='word_1_750' title='bbox 1718 5159 1814 5213; x_wconf 93' lang='lat' dir='ltr'><strong>per</strong></span> <span class='ocrx_word' id='word_1_751' title='bbox 1847 5144 1989 5197; x_wconf 90' lang='lat' dir='ltr'><strong>hanc</strong></span> <span class='ocrx_word' id='word_1_752' title='bbox 2019 5143 2189 5196; x_wconf 88' lang='lat' dir='ltr'><strong>vitam</strong></span> 
     </span>
    </p>
   </div>
   <div class='ocr_carea' id='block_1_99' title="bbox 611 5229 2189 5302">
    <p class='ocr_par' dir='ltr' id='par_1_99' title="bbox 611 5229 2189 5302">
     <span class='ocr_line' id='line_1_99' title="bbox 611 5229 2189 5302; baseline -0.001 -17"><span class='ocrx_word' id='word_1_753' title='bbox 611 5229 754 5285; x_wconf 89' lang='lat' dir='ltr'><strong>fama</strong></span> <span class='ocrx_word' id='word_1_754' title='bbox 795 5231 1004 5286; x_wconf 85' lang='lat' dir='ltr'><strong>fuisse?</strong></span> <span class='ocrx_word' id='word_1_755' title='bbox 1031 5231 1104 5286; x_wconf 82' lang='lat' dir='ltr'><strong>Ne</strong></span> <span class='ocrx_word' id='word_1_756' title='bbox 1135 5232 1238 5294; x_wconf 84' lang='lat' dir='ltr'><strong>sic,</strong></span> <span class='ocrx_word' id='word_1_757' title='bbox 1272 5233 1540 5294; x_wconf 84' lang='lat' dir='ltr'><strong>obtestor,</strong></span> <span class='ocrx_word' id='word_1_758' title='bbox 1574 5243 1761 5286; x_wconf 88' lang='lat' dir='ltr'><strong>nostro</strong></span> <span class='ocrx_word' id='word_1_759' title='bbox 1789 5247 1889 5285; x_wconf 88' lang='lat' dir='ltr'><strong>nos</strong></span> <span class='ocrx_word' id='word_1_760' title='bbox 1925 5231 2026 5301; x_wconf 92' lang='lat' dir='ltr'><strong>ipsi</strong></span> <span class='ocrx_word' id='word_1_761' title='bbox 2071 5233 2189 5302; x_wconf 77' lang='lat' dir='ltr'><strong>gla-</strong></span> 
     </span>
    </p>
   </div>
   <div class='ocr_carea' id='block_1_100' title="bbox 612 5322 2193 5393">
    <p class='ocr_par' dir='ltr' id='par_1_100' title="bbox 612 5322 2193 5393">
     <span class='ocr_line' id='line_1_100' title="bbox 612 5322 2193 5393; baseline 0 -17"><span class='ocrx_word' id='word_1_762' title='bbox 612 5325 701 5377; x_wconf 84' lang='lat' dir='ltr'><strong>dio</strong></span> <span class='ocrx_word' id='word_1_763' title='bbox 723 5323 1059 5393; x_wconf 72' lang='lat' dir='ltr'><strong>jugulemus.</strong></span> <span class='ocrx_word' id='word_1_764' title='bbox 1088 5322 1215 5378; x_wconf 57' lang='lat' dir='ltr'><strong>Haec</strong></span> <span class='ocrx_word' id='word_1_765' title='bbox 1247 5326 1324 5377; x_wconf 88' lang='lat' dir='ltr'><strong>tui</strong></span> <span class='ocrx_word' id='word_1_766' title='bbox 1352 5339 1646 5393; x_wconf 89' lang='lat' dir='ltr'><strong>peramans</strong></span> <span class='ocrx_word' id='word_1_767' title='bbox 1669 5325 1813 5384; x_wconf 91' lang='lat' dir='ltr'><strong>dico,</strong></span> <span class='ocrx_word' id='word_1_768' title='bbox 1849 5326 2193 5393; x_wconf 77' lang='lat' dir='ltr'><strong>maximeque</strong></span> 
     </span>
    </p>
   </div>
   <div class='ocr_carea' id='block_1_101' title="bbox 610 5414 2188 5480">
    <p class='ocr_par' dir='ltr' id='par_1_101' title="bbox 610 5414 2188 5480">
     <span class='ocr_line' id='line_1_101' title="bbox 610 5414 2188 5480; baseline 0 -12"><span class='ocrx_word' id='word_1_769' title='bbox 610 5414 678 5468; x_wconf 87' lang='lat' dir='ltr'><strong>de</strong></span> <span class='ocrx_word' id='word_1_770' title='bbox 709 5424 786 5480; x_wconf 83' lang='lat' dir='ltr'><strong>te,</strong></span> <span class='ocrx_word' id='word_1_771' title='bbox 812 5415 1054 5480; x_wconf 85' lang='lat' dir='ltr'><strong>domine,</strong></span> <span class='ocrx_word' id='word_1_772' title='bbox 1089 5415 1381 5476; x_wconf 85' lang='lat' dir='ltr'><strong>sollicitus.</strong></span> <span class='ocrx_word' id='word_1_773' title='bbox 1427 5426 1484 5470; x_wconf 91' lang='lat' dir='ltr'><strong>ut</strong></span> <span class='ocrx_word' id='word_1_774' title='bbox 1525 5415 1685 5469; x_wconf 86' lang='lat' dir='ltr'><strong>finem</strong></span> <span class='ocrx_word' id='word_1_775' title='bbox 1723 5415 1939 5470; x_wconf 85' lang='lat' dir='ltr'><strong>dicendi</strong></span> <span class='ocrx_word' id='word_1_776' title='bbox 1969 5415 2188 5469; x_wconf 81' lang='lat' dir='ltr'><strong>faciant.</strong></span> 
     </span>
    </p>
   </div>
   <div class='ocr_carea' id='block_1_102' title="bbox 609 5503 2192 5577">
    <p class='ocr_par' dir='ltr' id='par_1_102' title="bbox 609 5503 2192 5577">
     <span class='ocr_line' id='line_1_102' title="bbox 609 5503 2192 5577; baseline -0.002 -15"><span class='ocrx_word' id='word_1_777' title='bbox 609 5506 790 5563; x_wconf 73' lang='lat' dir='ltr'><strong>Lzetos</strong></span> <span class='ocrx_word' id='word_1_778' title='bbox 820 5508 1050 5577; x_wconf 88' lang='lat' dir='ltr'><strong>posthac</strong></span> <span class='ocrx_word' id='word_1_779' title='bbox 1085 5508 1308 5562; x_wconf 85' lang='lat' dir='ltr'><strong>nuntios</strong></span> <span class='ocrx_word' id='word_1_780' title='bbox 1334 5508 1554 5562; x_wconf 89' lang='lat' dir='ltr'><strong>audiam</strong></span> <span class='ocrx_word' id='word_1_781' title='bbox 1585 5510 1651 5562; x_wconf 88' lang='lat' dir='ltr'><strong>de</strong></span> <span class='ocrx_word' id='word_1_782' title='bbox 1678 5509 1944 5562; x_wconf 87' lang='lat' dir='ltr'><strong>comitate</strong></span> <span class='ocrx_word' id='word_1_783' title='bbox 1969 5503 2029 5560; x_wconf 82' lang='lat' dir='ltr'><strong>in</strong></span> <span class='ocrx_word' id='word_1_784' title='bbox 2065 5522 2192 5561; x_wconf 91' lang='lat' dir='ltr'><strong>eru-</strong></span> 
     </span>
    </p>
   </div>
   <div class='ocr_carea' id='block_1_103' title="bbox 610 5600 2191 5665">
    <p class='ocr_par' dir='ltr' id='par_1_103' title="bbox 610 5600 2191 5665">
     <span class='ocr_line' id='line_1_103' title="bbox 610 5600 2191 5665; baseline 0.001 -13"><span class='ocrx_word' id='word_1_785' title='bbox 610 5601 810 5654; x_wconf 87' lang='lat' dir='ltr'><strong>diendo</strong></span> <span class='ocrx_word' id='word_1_786' title='bbox 843 5617 908 5656; x_wconf 90' lang='lat' dir='ltr'><strong>ac</strong></span> <span class='ocrx_word' id='word_1_787' title='bbox 962 5601 1221 5656; x_wconf 75' lang='lat' dir='ltr'><strong>facilitate</strong></span> <span class='ocrx_word' id='word_1_788' title='bbox 1271 5600 1477 5654; x_wconf 88' lang='lat' dir='ltr'><strong>domini</strong></span> <span class='ocrx_word' id='word_1_789' title='bbox 1541 5600 1690 5654; x_wconf 89' lang='lat' dir='ltr'><strong>mei:</strong></span> <span class='ocrx_word' id='word_1_790' title='bbox 1727 5610 1786 5654; x_wconf 91' lang='lat' dir='ltr'><strong>ut</strong></span> <span class='ocrx_word' id='word_1_791' title='bbox 1849 5608 2087 5665; x_wconf 86' lang='lat' dir='ltr'><strong>cantem,</strong></span> <span class='ocrx_word' id='word_1_792' title='bbox 2131 5609 2191 5654; x_wconf 92' lang='lat' dir='ltr'><strong>ut</strong></span> 
     </span>
    </p>
   </div>
   <div class='ocr_carea' id='block_1_104' title="bbox 613 5690 2197 5764">
    <p class='ocr_par' dir='ltr' id='par_1_104' title="bbox 613 5690 2197 5764">
     <span class='ocr_line' id='line_1_104' title="bbox 613 5690 2197 5764; baseline -0.001 -17"><span class='ocrx_word' id='word_1_793' title='bbox 613 5693 906 5758; x_wconf 71' lang='lat' dir='ltr'><strong>intelligam</strong></span> <span class='ocrx_word' id='word_1_794' title='bbox 939 5704 1278 5764; x_wconf 88' lang='lat' dir='ltr'><strong>quantopere</strong></span> <span class='ocrx_word' id='word_1_795' title='bbox 1326 5693 1461 5747; x_wconf 90' lang='lat' dir='ltr'><strong>mihi</strong></span> <span class='ocrx_word' id='word_1_796' title='bbox 1515 5691 1774 5762; x_wconf 88' lang='lat' dir='ltr'><strong>deinceps</strong></span> <span class='ocrx_word' id='word_1_797' title='bbox 1797 5690 2011 5746; x_wconf 87' lang='lat' dir='ltr'><strong>amicus</strong></span> <span class='ocrx_word' id='word_1_798' title='bbox 2043 5705 2197 5746; x_wconf 87' lang='lat' dir='ltr'><strong>meus</strong></span> 
     </span>
    </p>
   </div>
   <div class='ocr_carea' id='block_1_105' title="bbox 680 5803 1172 5871">
    <p class='ocr_par' dir='ltr' id='par_1_105' title="bbox 680 5803 1172 5871">
     <span class='ocr_line' id='line_1_105' title="bbox 680 5803 1172 5871; baseline 0.01 -16"><span class='ocrx_word' id='word_1_799' title='bbox 680 5803 702 5834; x_wconf 75' lang='lat'><strong>‘</strong></span> <span class='ocrx_word' id='word_1_800' title='bbox 730 5803 897 5858; x_wconf 82' lang='lat' dir='ltr'><strong>Marc.</strong></span> <span class='ocrx_word' id='word_1_801' title='bbox 931 5819 1048 5871; x_wconf 82' lang='lat' dir='ltr'><strong>vm,</strong></span> <span class='ocrx_word' id='word_1_802' title='bbox 1080 5804 1172 5860; x_wconf 82' lang='grc'><strong>56.</strong></span> 
     </span>
    </p>
   </div>
   <div class='ocr_carea' id='block_1_106' title="bbox 1280 5801 2239 5868">
    <p class='ocr_par' dir='ltr' id='par_1_106' title="bbox 1280 5801 2239 5868">
     <span class='ocr_line' id='line_1_106' title="bbox 1280 5801 2239 5868; baseline -0.006 -10"><span class='ocrx_word' id='word_1_803' title='bbox 1280 5805 1302 5836; x_wconf 88' lang='grc'>⁸</span> <span class='ocrx_word' id='word_1_804' title='bbox 1325 5802 1459 5858; x_wconf 85' lang='lat' dir='ltr'><strong>Luc.</strong></span> <span class='ocrx_word' id='word_1_805' title='bbox 1484 5819 1557 5868; x_wconf 85' lang='lat' dir='ltr'><strong>vl,</strong></span> <span class='ocrx_word' id='word_1_806' title='bbox 1591 5801 1682 5857; x_wconf 78' lang='lat'><strong>58.</strong></span> <span class='ocrx_word' id='word_1_807' title='bbox 1757 5803 1778 5834; x_wconf 83' lang='lat'><strong><em>°</em></strong></span> <span class='ocrx_word' id='word_1_808' title='bbox 1801 5803 1962 5856; x_wconf 84' lang='lat' dir='ltr'><strong>Prov.</strong></span> <span class='ocrx_word' id='word_1_809' title='bbox 1989 5816 2158 5867; x_wconf 71' lang='lat' dir='ltr'><strong>xxv&quot;,</strong></span> <span class='ocrx_word' id='word_1_810' title='bbox 2189 5801 2239 5853; x_wconf 82' lang='lat' dir='ltr'><strong>l.</strong></span> 
     </span>
    </p>
   </div>
   <div class='ocr_carea' id='block_1_107' title="bbox 2307 4851 3809 4938">
    <p class='ocr_par' dir='ltr' id='par_1_107' title="bbox 2307 4851 3809 4938">
     <span class='ocr_line' id='line_1_107' title="bbox 2307 4851 3809 4938; baseline -0.013 -18"><span class='ocrx_word' id='word_1_811' title='bbox 2307 4866 2774 4938; x_wconf 88' lang='grc' dir='ltr'>ἀπαραλογίστου,</span> <span class='ocrx_word' id='word_1_812' title='bbox 2809 4865 2897 4934; x_wconf 83' lang='grc' dir='ltr'><strong>ὑφ’</strong></span> <span class='ocrx_word' id='word_1_813' title='bbox 2925 4862 2991 4938; x_wconf 82' lang='grc' dir='ltr'>ἧς</span> <span class='ocrx_word' id='word_1_814' title='bbox 3014 4867 3064 4919; x_wconf 84' lang='lat' dir='ltr'><strong>oi.</strong></span> <span class='ocrx_word' id='word_1_815' title='bbox 3096 4866 3452 4937; x_wconf 85' lang='grc' dir='ltr'>ἀνελεήμονες</span> <span class='ocrx_word' id='word_1_816' title='bbox 3484 4865 3557 4925; x_wconf 88' lang='grc' dir='ltr'><strong>εἰς</strong></span> <span class='ocrx_word' id='word_1_817' title='bbox 3581 4859 3674 4926; x_wconf 69' lang='grc' dir='ltr'>πῦρ</span> <span class='ocrx_word' id='word_1_818' title='bbox 3696 4851 3809 4906; x_wconf 65' lang='lat' dir='ltr'><strong>isﬁe-</strong></span> 
     </span>
    </p>
   </div>
   <div class='ocr_carea' id='block_1_108' title="bbox 2305 4950 3807 5028">
    <p class='ocr_par' dir='ltr' id='par_1_108' title="bbox 2305 4950 3807 5028">
     <span class='ocr_line' id='line_1_108' title="bbox 2305 4950 3807 5028; baseline -0.011 -15"><span class='ocrx_word' id='word_1_819' title='bbox 2305 4977 2427 5013; x_wconf 90' lang='grc' dir='ltr'>στον</span> <span class='ocrx_word' id='word_1_820' title='bbox 2467 4957 2974 5028; x_wconf 83' lang='grc' dir='ltr'>ὲκπεμφθήσονται.</span> <span class='ocrx_word' id='word_1_821' title='bbox 3017 4958 3303 5027; x_wconf 82' lang='grc' dir='ltr'>Μνήσθητι</span> <span class='ocrx_word' id='word_1_822' title='bbox 3333 4958 3415 5010; x_wconf 84' lang='grc' dir='ltr'>ὅτι</span> <span class='ocrx_word' id='word_1_823' title='bbox 3443 4950 3807 5024; x_wconf 74' lang='grc' dir='ltr'>παραστήσοντιι</span> 
     </span>
    </p>
   </div>
   <div class='ocr_carea' id='block_1_109' title="bbox 2299 5033 3808 5122">
    <p class='ocr_par' dir='ltr' id='par_1_109' title="bbox 2299 5033 3808 5122">
     <span class='ocr_line' id='line_1_109' title="bbox 2299 5033 3808 5122; baseline -0.009 -19"><span class='ocrx_word' id='word_1_824' title='bbox 2299 5052 2434 5122; x_wconf 79' lang='grc' dir='ltr'>ἡμῖν</span> <span class='ocrx_word' id='word_1_825' title='bbox 2477 5051 2546 5104; x_wconf 86' lang='grc' dir='ltr'><strong>τά</strong></span> <span class='ocrx_word' id='word_1_826' title='bbox 2581 5045 2641 5104; x_wconf 84' lang='grc' dir='ltr'>εὖ</span> <span class='ocrx_word' id='word_1_827' title='bbox 2679 5050 2993 5103; x_wconf 85' lang='grc' dir='ltr'>πεπονθότα</span> <span class='ocrx_word' id='word_1_828' title='bbox 3025 5049 3315 5120; x_wconf 83' lang='grc' dir='ltr'>πρόσωπα,</span> <span class='ocrx_word' id='word_1_829' title='bbox 3348 5048 3444 5100; x_wconf 75' lang='grc' dir='ltr'>καὶ</span> <span class='ocrx_word' id='word_1_830' title='bbox 3467 5049 3532 5098; x_wconf 72' lang='grc' dir='ltr'><strong>τὰ</strong></span> <span class='ocrx_word' id='word_1_831' title='bbox 3557 5033 3808 5100; x_wconf 72' lang='grc' dir='ltr'>δεινοπαθή-</span> 
     </span>
    </p>
   </div>
   <div class='ocr_carea' id='block_1_110' title="bbox 2297 5127 3807 5216">
    <p class='ocr_par' dir='ltr' id='par_1_110' title="bbox 2297 5127 3807 5216">
     <span class='ocr_line' id='line_1_110' title="bbox 2297 5127 3807 5216; baseline -0.011 -19"><span class='ocrx_word' id='word_1_832' title='bbox 2297 5161 2469 5198; x_wconf 90' lang='grc' dir='ltr'>σαντα</span> <span class='ocrx_word' id='word_1_833' title='bbox 2514 5145 2604 5214; x_wconf 84' lang='grc' dir='ltr'><strong>ὑφ’</strong></span> <span class='ocrx_word' id='word_1_834' title='bbox 2638 5145 2816 5216; x_wconf 78' lang='grc' dir='ltr'>ἡμῶν.</span> <span class='ocrx_word' id='word_1_835' title='bbox 2864 5145 2976 5200; x_wconf 75' lang='grc' dir='ltr'><strong>Καὶ</strong></span> <span class='ocrx_word' id='word_1_836' title='bbox 3011 5145 3064 5198; x_wconf 88' lang='grc' dir='ltr'><strong>τί</strong></span> <span class='ocrx_word' id='word_1_837' title='bbox 3094 5143 3368 5214; x_wconf 76' lang='grc' dir='ltr'>ὠφελήσει</span> <span class='ocrx_word' id='word_1_838' title='bbox 3407 5142 3520 5196; x_wconf 87' lang='grc' dir='ltr'>τότε</span> <span class='ocrx_word' id='word_1_839' title='bbox 3553 5139 3608 5192; x_wconf 79' lang='grc' dir='ltr'><strong>τδ</strong></span> <span class='ocrx_word' id='word_1_840' title='bbox 3635 5127 3807 5190; x_wconf 71' lang='grc' dir='ltr'>ἐνταῦθα</span> 
     </span>
    </p>
   </div>
   <div class='ocr_carea' id='block_1_111' title="bbox 2299 5221 3808 5306">
    <p class='ocr_par' dir='ltr' id='par_1_111' title="bbox 2299 5221 3808 5306">
     <span class='ocr_line' id='line_1_111' title="bbox 2299 5221 3808 5306; baseline -0.006 -18"><span class='ocrx_word' id='word_1_841' title='bbox 2299 5234 2532 5288; x_wconf 81' lang='grc' dir='ltr'>ἀκοῦσαι</span> <span class='ocrx_word' id='word_1_842' title='bbox 2577 5235 2727 5305; x_wconf 76' lang='grc' dir='ltr'>ἡμᾶς</span> <span class='ocrx_word' id='word_1_843' title='bbox 2775 5234 3032 5299; x_wconf 78' lang='grc' dir='ltr'>ἱκανούς;</span> <span class='ocrx_word' id='word_1_844' title='bbox 3067 5235 3180 5306; x_wconf 79' lang='grc' dir='ltr'><strong>Μὴ,</strong></span> <span class='ocrx_word' id='word_1_845' title='bbox 3230 5231 3545 5305; x_wconf 81' lang='grc' dir='ltr'>παρακαλῶ,</span> <span class='ocrx_word' id='word_1_846' title='bbox 3579 5227 3644 5298; x_wconf 82' lang='grc' dir='ltr'>μὴ</span> <span class='ocrx_word' id='word_1_847' title='bbox 3683 5221 3808 5280; x_wconf 77' lang='grc' dir='ltr'>οὕτως</span> 
     </span>
    </p>
   </div>
   <div class='ocr_carea' id='block_1_112' title="bbox 2298 5311 3806 5396">
    <p class='ocr_par' dir='ltr' id='par_1_112' title="bbox 2298 5311 3806 5396">
     <span class='ocr_line' id='line_1_112' title="bbox 2298 5311 3806 5396; baseline -0.019 -3"><span class='ocrx_word' id='word_1_848' title='bbox 2298 5328 2380 5392; x_wconf 74' lang='grc' dir='ltr'><strong>εἰς</strong></span> <span class='ocrx_word' id='word_1_849' title='bbox 2421 5327 2652 5389; x_wconf 70' lang='grc' dir='ltr'><strong>ὲαυτοῖκῖ</strong></span> <span class='ocrx_word' id='word_1_850' title='bbox 2681 5327 2742 5378; x_wconf 77' lang='grc' dir='ltr'><strong>τὸ</strong></span> <span class='ocrx_word' id='word_1_851' title='bbox 2772 5327 2926 5395; x_wconf 78' lang='grc' dir='ltr'>ξίφος</span> <span class='ocrx_word' id='word_1_852' title='bbox 2957 5326 3210 5396; x_wconf 82' lang='grc' dir='ltr'>ὡθῶμεν.</span> <span class='ocrx_word' id='word_1_853' title='bbox 3240 5326 3412 5379; x_wconf 82' lang='grc' dir='ltr'>Φίλων</span> <span class='ocrx_word' id='word_1_854' title='bbox 3441 5324 3577 5391; x_wconf 87' lang='grc' dir='ltr'>λέγω</span> <span class='ocrx_word' id='word_1_855' title='bbox 3602 5317 3680 5371; x_wconf 82' lang='grc' dir='ltr'><strong>καὶ</strong></span> <span class='ocrx_word' id='word_1_856' title='bbox 3705 5311 3806 5382; x_wconf 57' lang='lat' dir='ltr'><strong>pii-1</strong></span> 
     </span>
    </p>
   </div>
   <div class='ocr_carea' id='block_1_113' title="bbox 2298 5405 3802 5490">
    <p class='ocr_par' dir='ltr' id='par_1_113' title="bbox 2298 5405 3802 5490">
     <span class='ocr_line' id='line_1_113' title="bbox 2298 5405 3802 5490; baseline -0.012 -18"><span class='ocrx_word' id='word_1_857' title='bbox 2298 5405 2618 5490; x_wconf 85' lang='grc' dir='ltr'>κηδόμενος,</span> <span class='ocrx_word' id='word_1_858' title='bbox 2673 5419 2932 5483; x_wconf 81' lang='grc' dir='ltr'>δέσποτα,</span> <span class='ocrx_word' id='word_1_859' title='bbox 2983 5417 3136 5483; x_wconf 85' lang='grc' dir='ltr'>τέλος</span> <span class='ocrx_word' id='word_1_860' title='bbox 3186 5418 3282 5471; x_wconf 75' lang='grc' dir='ltr'>τοῦ</span> <span class='ocrx_word' id='word_1_861' title='bbox 3331 5417 3507 5485; x_wconf 86' lang='grc' dir='ltr'>λόγου.</span> <span class='ocrx_word' id='word_1_862' title='bbox 3546 5407 3802 5469; x_wconf 75' lang='grc' dir='ltr'>’Δκούσαιμι</span> 
     </span>
    </p>
   </div>
   <div class='ocr_carea' id='block_1_114' title="bbox 2297 5497 3805 5582">
    <p class='ocr_par' dir='ltr' id='par_1_114' title="bbox 2297 5497 3805 5582">
     <span class='ocr_line' id='line_1_114' title="bbox 2297 5497 3805 5582; baseline -0.011 -15"><span class='ocrx_word' id='word_1_863' title='bbox 2297 5515 2406 5568; x_wconf 83' lang='grc' dir='ltr'>ἀπὸ</span> <span class='ocrx_word' id='word_1_864' title='bbox 2432 5513 2528 5567; x_wconf 81' lang='grc' dir='ltr'>τοῦ</span> <span class='ocrx_word' id='word_1_865' title='bbox 2556 5512 2649 5566; x_wconf 75' lang='grc' dir='ltr'><strong>νῦν</strong></span> <span class='ocrx_word' id='word_1_866' title='bbox 2676 5513 2887 5582; x_wconf 78' lang='grc' dir='ltr'>ἀγαθὰς</span> <span class='ocrx_word' id='word_1_867' title='bbox 2909 5512 3080 5576; x_wconf 80' lang='grc' dir='ltr'>ἀκοὰς</span> <span class='ocrx_word' id='word_1_868' title='bbox 3103 5514 3196 5566; x_wconf 81' lang='grc' dir='ltr'>καὶ</span> <span class='ocrx_word' id='word_1_869' title='bbox 3225 5509 3605 5582; x_wconf 87' lang='grc' dir='ltr'>φιλανθρώπως</span> <span class='ocrx_word' id='word_1_870' title='bbox 3638 5497 3805 5555; x_wconf 70' lang='grc' dir='ltr'>παιδευ-</span> 
     </span>
    </p>
   </div>
   <div class='ocr_carea' id='block_1_115' title="bbox 2297 5582 3802 5682">
    <p class='ocr_par' dir='ltr' id='par_1_115' title="bbox 2297 5582 3802 5682">
     <span class='ocr_line' id='line_1_115' title="bbox 2297 5582 3802 5682; baseline -0.007 -25"><span class='ocrx_word' id='word_1_871' title='bbox 2297 5604 2456 5666; x_wconf 86' lang='grc' dir='ltr'>τικάς</span> <span class='ocrx_word' id='word_1_872' title='bbox 2485 5603 2614 5673; x_wconf 76' lang='grc' dir='ltr'>περὶ</span> <span class='ocrx_word' id='word_1_873' title='bbox 2645 5602 2740 5656; x_wconf 80' lang='grc' dir='ltr'>τοῦ</span> <span class='ocrx_word' id='word_1_874' title='bbox 2773 5603 2907 5674; x_wconf 77' lang='grc' dir='ltr'>ἐμοῦ</span> <span class='ocrx_word' id='word_1_875' title='bbox 2937 5603 3143 5675; x_wconf 84' lang='grc' dir='ltr'>Κυρίου</span> <span class='ocrx_word' id='word_1_876' title='bbox 3171 5620 3186 5635; x_wconf 74' lang='grc' dir='ltr'><strong><em>ο</em></strong></span> <span class='ocrx_word' id='word_1_877' title='bbox 3237 5603 3324 5656; x_wconf 80' lang='grc' dir='ltr'><strong>ῖνα</strong></span> <span class='ocrx_word' id='word_1_878' title='bbox 3365 5601 3496 5672; x_wconf 82' lang='grc' dir='ltr'>ᾄσω,</span> <span class='ocrx_word' id='word_1_879' title='bbox 3536 5597 3612 5649; x_wconf 84' lang='grc' dir='ltr'>ἵνα</span> <span class='ocrx_word' id='word_1_880' title='bbox 3636 5586 3727 5660; x_wconf 83' lang='grc' dir='ltr'>γνῶ</span> <span class='ocrx_word' id='word_1_881' title='bbox 3749 5582 3802 5682; x_wconf 60' lang='grc' dir='ltr'><strong>ὡς</strong></span> 
     </span>
    </p>
   </div>
   <div class='ocr_carea' id='block_1_116' title="bbox 2305 5681 3798 5767">
    <p class='ocr_par' dir='ltr' id='par_1_116' title="bbox 2305 5681 3798 5767">
     <span class='ocr_line' id='line_1_116' title="bbox 2305 5681 3798 5767; baseline -0.015 -18"><span class='ocrx_word' id='word_1_882' title='bbox 2305 5695 2717 5766; x_wconf 83' lang='grc' dir='ltr'>ὑπακουόμενος</span> <span class='ocrx_word' id='word_1_883' title='bbox 2739 5693 2938 5766; x_wconf 76' lang='grc' dir='ltr'>ἔσομαι</span> <span class='ocrx_word' id='word_1_884' title='bbox 2963 5696 3059 5750; x_wconf 78' lang='grc' dir='ltr'>καὶ</span> <span class='ocrx_word' id='word_1_885' title='bbox 3090 5695 3230 5767; x_wconf 77' lang='grc' dir='ltr'>πρὸς·</span> <span class='ocrx_word' id='word_1_886' title='bbox 3251 5695 3311 5748; x_wconf 88' lang='grc' dir='ltr'>τὸ</span> <span class='ocrx_word' id='word_1_887' title='bbox 3338 5694 3462 5765; x_wconf 77' lang='grc' dir='ltr'><strong>ἑξῆς</strong></span> <span class='ocrx_word' id='word_1_888' title='bbox 3490 5689 3584 5744; x_wconf 73' lang='grc' dir='ltr'><strong>ὑπὸ</strong></span> <span class='ocrx_word' id='word_1_889' title='bbox 3604 5681 3683 5738; x_wconf 81' lang='grc' dir='ltr'>τοῦ</span> <span class='ocrx_word' id='word_1_890' title='bbox 3702 5681 3798 5746; x_wconf 60' lang='grc' dir='ltr'>ἐμοῦ</span> 
     </span>
    </p>
   </div>
  </div>
