4060 6374
318 279 454 346 1353
1490 267 2025 334 EPISTOLABUM
2083 269 2232 330 LIB.
2284 266 2368 328 II.
3414 255 3553 328 135.4

311 401 492 472 φίλου.
522 394 664 468 Ἤδη
689 393 798 466 γάρ
834 393 885 448 οι
911 387 1308 463 γειυιάζοντες
1338 391 1471 462 ἡμῖν
1507 389 1744 444 ἐνταῦθα
1779 389 1882 461 Εμ-

1985 387 2336 456 obsequetur.
2375 380 2496 436 Jam
2541 378 2690 436 enim
2717 386 2774 433 et
2812 376 2905 446 qui
2931 375 3021 432 hic
3049 377 3104 432 in
3131 385 3320 434 nostra
3355 380 3553 436 vicinia

182 475 198 502 ⁸
311 493 467 564 φοὸοι
490 490 586 545 καὶ
610 485 864 559 έντρομοί
891 485 1032 540 εἰσιν
1061 483 1120 550 ἐξ
1146 475 1223 537 ὧν
1253 481 1513 540 ἀκούουσι
1530 499 1545 514 ·
1569 482 1773 553 καίπερ
1803 480 1880 553 μὴ

308 582 629 646 ἐπταικότες
660 597 736 634 τι.
767 577 1042 648 Τύραννός
1065 577 1214 630 ἐστιν
1251 577 1278 629 ό
1305 575 1599 645 ὲρχόμενος
1621 589 1638 605 ·
1685 574 1882 644 μάχαι-

311 692 414 746 ραν
454 671 808 742 ἐπιφέρεται·
838 667 1053 739 πτωχὸς
1090 667 1188 737 οὐχ
1216 666 1433 720 ύποίσει
1474 666 1703 736 ἀπειλήν
1727 684 1739 697 ·
1780 665 1882 734 οὐχ

311 765 400 818 ἵνα
433 761 902 837 ἀνταγωνίσηται,
950 759 1182 830 δέχεται,
1220 757 1324 812 κᾶν
1375 757 1450 828 μὴ
1493 756 1754 827 βούλοιτο,
1787 755 1881 810 ἐπὶ

307 855 483 924 τούτῳ
507 853 605 922 οὐχ
635 849 935 914 ὑπεύθυνος
953 864 968 879 ·
1007 849 1128 902 οὐδὲ
1153 847 1262 919 γὰρ
1301 847 1463 911 αὐτὸς
1499 845 1610 914 ἐγὼ
1637 847 1876 916 καταλη-

310 947 466 1017 φθείς
506 944 702 1007 οὕτως,
736 940 1022 1012 δυνηθείην
1053 939 1118 994 ἂν
1160 940 1362 1008 ἑτέρως
1405 937 1620 1009 δρᾶσαι.
1663 937 1788 992 Ἐὰν
1821 937 1878 991 δὲ

305 1039 450 1109 ιτὲρα
487 1037 662 1108 τούτῳ
687 1035 749 1090 τὺ
779 1034 976 1100 αἴτιον,
1011 1033 1229 1096 καλῶς·
1258 1031 1395 1086 ἀλλὰ
1419 1032 1517 1086 καὶ
1545 1031 1717 1093 οὕτως
1746 1047 1888 1101 συμ-

309 1128 497 1192 παθῶς
521 1125 594 1186 ὡς
615 1128 673 1178 έν
693 1125 992 1194 ὀφθαλμοῖς
1013 1125 1218 1194 Κυρίου
1234 1138 1248 1152 ·
1273 1119 1334 1186 ἐξ
1353 1115 1414 1174 οὗ
1441 1120 1536 1174 καὶ
1561 1119 1884 1188 εὐσταθήσει

312 1217 513 1288 μᾶλλον
563 1212 624 1270 τὸ
672 1217 934 1285 ὑπήκοον,
973 1213 1330 1284 δουλούμενον
1372 1212 1557 1284 εὐνοίᾳ
1600 1212 1712 1274 τοῖς
1737 1223 1883 1265 νικοσ

306 1309 486 1371 ποιοῖς
508 1305 840 1378 βασιλεῦσιν.

654 1484 735 1538 Ρ’.
762 1511 834 1523 --
873 1479 1098 1546 Ὑπάτῳ
1126 1479 1333 1547 τέκνῳ.
1367 1475 1544 1552 [χιγἎ]

1979 486 2135 550 sunt,
2167 481 2364 544 pavent
2397 487 2461 528 ac
2483 468 2920 526 contremiscunt
2949 467 3022 523 ob
3049 483 3114 523 ea
3153 483 3274 538 quae
3304 469 3372 525 ad
3401 471 3554 538 ipsos

1977 569 2348 638 perferuntur,
2400 563 2504 619 etsi
2566 576 2839 631 nusquam
2873 560 3222 616 oll‘enderint.
3262 561 3555 631 Tyrannus

1981 659 2251 720 imminet,
2285 656 2525 727 gladium
2580 655 2833 718 intentat,
2869 667 2977 708 non
3033 651 3328 707 sustinebit
3377 654 3558 708 minas

1981 766 2208 821 pauper.
2241 749 2356 804 Non
2383 761 2494 817 quo
2533 747 2829 802 relnctetnr
2865 760 2878 796 :
2907 745 3001 800 sed
3033 745 3276 813 excipiet
3305 745 3386 799 vel
3418 746 3558 799 invi-

1989 841 2172 904 tus,in
2193 841 2298 895 hac
2326 854 2384 894 re
2407 839 2632 894 minime
2660 836 3140 906 reprehendendus
3172 852 3186 891 :
3217 836 3555 906 nequeenim

1990 948 2093 1013 ego
2123 933 2170 988 si
2199 933 2279 986 sic
2311 923 2742 1000 comprehensus
2766 930 2892 993 sim,
2926 929 3130 997 possim
3167 928 3326 983 aliter
3351 927 3554 984 facere.

1989 1025 2046 1080 Si
2078 1041 2206 1080 vero
2233 1025 2322 1080 bic
2349 1024 2607 1094 deinceps
2638 1023 2692 1077 in
2717 1025 2933 1092 culpam
2966 1021 3198 1087 incidat,
3230 1029 3422 1077 recte:
3460 1023 3556 1078 sed

1982 1122 2038 1170 et
2072 1121 2188 1170 tum
2218 1130 2345 1169 cum
2375 1114 2614 1184 quadam
2654 1111 3166 1176 commiseratione,
3207 1121 3464 1181 tanquam
3501 1112 3560 1166 in

1981 1207 2158 1262 oculis
2188 1205 2404 1260 Domini
2438 1226 2451 1259 :
2488 1219 2554 1259 ex
2585 1220 2696 1275 quo
2729 1204 2984 1260 subditus
3009 1204 3190 1270 magis
3206 1202 3559 1258 conﬁrmabi-

1983 1303 2072 1350 tur
2122 1304 2180 1350 ut
2237 1311 2306 1352 ex
2364 1294 2740 1352 benevolentia
2796 1294 3098 1352 victoribus
3141 1292 3562 1363 imperatoribus

1982 1384 2209 1442 serviat.

2475 1475 2540 1531 c.
2560 1505 2631 1516 --
2666 1474 2876 1547 Hypata
2895 1476 3032 1544 lilio.

628 1595 862 1645 Iacobum
880 1595 1188 1654 monachum,
1210 1597 1471 1656 egregium
1489 1589 1668 1644 Christi
1697 1587 2046 1649 confessorem,
2067 1589 2352 1640 defunctum
2375 1591 2558 1640 laudat.
2581 1589 2785 1654 (Barca.
2814 1603 2894 1640 an.
2914 1590 3024 1650 818,
3055 1603 3105 1638 n.
3131 1587 3235 1652 25.)

376 1702 492 1756 Οὐκ
528 1700 754 1765 ἀπαθῶς
788 1701 884 1754 καὶ
914 1701 1078 1771 ἡμεῖς
1119 1701 1171 1752 οί
1199 1698 1450 1754 ταπεινοὶ
1481 1696 1802 1768 ἐδεξάμεθα,
1833 1690 1878 1749 ὦ

2053 1697 2163 1753 Nec
2192 1711 2294 1753 nos
2333 1697 2568 1754 humiles
2598 1697 2718 1752 sine
2750 1695 2958 1760 dolore.
2990 1696 3088 1762 illi,
3116 1696 3436 1766 accepimus
3467 1707 3558 1750 sa-

303 1792 517 1854 τέκνον,
550 1791 648 1862 τὴν
675 1791 826 1864 ἱερὰν
847 1791 1104 1862 κοίμησιν
1133 1789 1392 1844 Ἰακώϐου
1427 1789 1520 1842 τοῦ
1546 1786 1879 1860 όμολογητοῦ

303 1880 565 1954 Χριστοῦ,
608 1881 702 1934 καὶ
740 1881 897 1952 ἡμῶν
943 1881 1173 1950 ἀδελφοῦ
1219 1880 1540 1949 ἀξιεράστου
1566 1894 1580 1908 ·
1631 1876 1747 1933 ἀλλ’
1788 1875 1882 1934 οὖν

303 1969 428 2021 οὐδὲ
478 1968 853 2040 ἀπεριχαρῶς.
914 1968 988 2022 Τὸ
1030 1969 1247 2040 πρῶτον
1287 1969 1376 2022 διὰ
1424 1968 1487 2022 τὸ
1515 1969 1883 2041 πνευματικὸν

305 2059 556 2130 φίλτρον⁸
581 2061 635 2113 τί
663 2061 770 2132 γὰρ
802 2059 836 2131 ἢ
867 2060 1003 2124 υίὸς,
1036 2061 1132 2114 καὶ
1157 2061 1272 2124 υίδς
1299 2059 1638 2132 τηλικοῦτος,
1667 2057 1730 2116 οὗ
1767 2061 1880 2131 ἐγὼ

303 2149 396 2206 διὰ
419 2156 516 2216 τᾲς
547 2153 820 2223 ἁμαρτίας
844 2153 966 2206 οὐδὲ
995 2154 1125 2215 παῖς
1162 2152 1448 2206 καλεῖσθαι
1481 2152 1666 2221 ἄξιος;
1711 2153 1785 2206 Τὸ
1825 2153 1884 2206 δὲ

305 2241 398 2296 διὰ
428 2242 526 2315 τὴν
551 2244 761 2309 ἐλπίδα,
805 2242 1009 2314 μᾶλλον
1037 2243 1095 2297 δὲ
1123 2244 1214 2297 διὰ
1252 2244 1315 2297 τὸ
1339 2243 1633 2310 λυσιτελὲς,
1667 2245 1762 2300 καί⁵
1787 2245 1885 2318 ούχ

307 2334 468 2403 ἡμῶν
509 2335 689 2405 μόνον,
717 2327 791 2388 ὧν
815 2333 892 2397 ὡς
918 2333 1076 2404 μέλος
1103 2334 1306 2405 κόσμος
1335 2334 1480 2406 ἱερὸς
1517 2335 1884 2392 καθίστασθαι

307 2427 554 2494 πέφυκεν
573 2443 588 2457 ·
609 2425 744 2478 ἀλλά
769 2425 878 2497 γάρ
903 2425 1002 2480 καὶ
1030 2426 1211 2496 πάσης
1237 2425 1338 2494 τῆς
1361 2426 1458 2480 τοῦ
1485 2426 1620 2480 Θεοῦ
1657 2427 1886 2500 Ἐκκλη-

309 2516 453 2578 σέας.
487 2513 552 2568 Τί
581 2516 692 2587 γὰρ
727 2516 829 2570 οἴει
875 2517 968 2571 τὸν
1013 2517 1218 2588 ἀνδρα;
1244 2517 1361 2570 ἀλλ’
1397 2516 1883 2591 ὸὺχὸμολογητήνς

303 2607 426 2660 ἀλλ’
470 2608 591 2678 οὐχὶ
649 2609 930 2680 μάρτυρα;
986 2607 1102 2664 ἀλλ’
1145 2610 1242 2679 οὐχ
1281 2611 1459 2677 δσιονς
1507 2611 1603 2666 Ἐκ
1638 2613 1887 2681 νεότητος

306 2697 546 2769 ἧθλησεν
568 2699 906 2772 ἀσκητικῶς,
929 2701 1222 2769 ὑποταγεὶς
1249 2701 1512 2772 ἐννόμως,
1536 2703 1678 2756 κατά
1696 2703 1887 2757 παθῶν

307 2791 726 2862 ἀνδρισάμενος,
769 2790 1040 2863 παρθένον
1084 2790 1146 2844 τὸ
1191 2791 1350 2862 σῶμα
1393 2793 1657 2860 φυλάξας,
1687 2793 1754 2846 δι’
1785 2794 1889 2848 ὑπ-

303 2882 612 2952 ωπιασμῶν
645 2883 988 2956 ἔγκρατικῶν
1017 2883 1110 2938 καὶ¹
1141 2884 1524 2954 δουλαγωγιῶν
1542 2903 1556 2918 ·
1605 2885 1780 2949 οὕτως
1809 2884 1885 2950 ὡς

306 2972 501 3043 ἔτυχεν
523 2973 738 3040 ἐσθίων,
767 2974 938 3038 οὕτως
964 2973 1258 3042 καθεύδων,
1282 2974 1363 3030 ἔτι
1391 2975 1673 3044 ὑγιαίνων,
1703 2977 1778 3040 ὡς
1801 2976 1882 3042 ξε-

304 3064 480 3128 νίζειν
509 3065 635 3129 τοὺς
661 3065 907 3136 ὁρῶντας
938 3067 1350 3137 ὐποχωρητικδς
1377 3066 1455 3131 ὡς
1487 3068 1555 3121 τὰ
1577 3067 1770 3131 πολλὰ,
1797 3068 1884 3138 ἐφ’

305 3157 435 3210 ὅσον
459 3150 570 3209 οἶόν
591 3173 674 3221 τε,
699 3156 795 3210 καὶ
819 3158 899 3221 είς
928 3158 1119 3212 ἑαυτὸν
1143 3158 1570 3230 ἐπαναγόμενος,
1595 3160 1890 3216 κάντεῦθεν

305 3245 529 3316 πτερῶν
557 3247 744 3300 ἑαυτὸν
777 3246 915 3318 πρὸς
941 3247 1032 3302 τὸν
1059 3245 1311 3321 οὐράνιον
1339 3250 1542 3322 ἔρωτα.
1573 3237 1686 3306 Καὶ
1710 3252 1889 3324 μήτις

303 3338 585 3408 νομίσειεν
611 3339 1049 3396 ὑποπλάττεσθαί
1083 3359 1152 3413 με
1179 3341 1538 3414 ψυχαγωγίας
1569 3343 1755 3397 ἕνεκεν
1778 3343 1890 3398 τῶν

304 3429 618 3483 ἀκουόντων
641 3415 870 3498 λόγους·
899 3431 1110 3502 μάρτυς
1132 3431 1266 3496 Θεὸς
1298 3433 1392 3486 καὶ
1424 3435 1453 3486 ό
1485 3433 1698 3488 ἐκείνου
1729 3435 1889 3489 παιδ-

305 3520 526 3588 αγωγὸς
565 3522 859 3586 Λουκιανὸς
886 3524 915 3575 ὁ
952 3523 1117 3594 ίερδς,
1142 3523 1244 3577 κᾶν
1281 3524 1700 3594 δυσανέγερτος·
1734 3527 1794 3590 ἐξ
1825 3518 1888 3581 οῦ

309 3627 406 3682 μοι
427 3612 524 3666 καὶ
541 3613 574 3683 ή
594 3613 702 3666 τῶν
726 3613 1106 3684 ἀγνοουμένων
1127 3613 1380 3685 δήλωσις.
1405 3616 1590 3670 Ταῦτα
1610 3616 1686 3682 ὡς
1711 3618 1885 3672 ἰνδαλ-

309 3703 393 3774 μὰ
419 3723 472 3757 τι
503 3705 708 3775 σχέδιον
731 3705 829 3776 τῆς
858 3705 1164 3777 ἀσκήσεως.

1984 1805 2133 1845 cram
2174 1789 2562 1845 dormitionem
2602 1789 2789 1846 Jacobi
2841 1787 3183 1846 confessoris
3227 1786 3454 1854 Christi,
3508 1797 3566 1842 et

1984 1883 2236 1938 amabilis
2263 1881 2448 1937 fratris
2484 1883 2680 1947 nostri,
2703 1897 2804 1939 nec
2829 1897 2996 1953 porro
3028 1883 3150 1938 sine
3189 1882 3396 1937 laetitia.
3425 1881 3562 1936 Illud

1983 1977 2202 2046 quidem
2256 1990 2324 2032 ex
2383 1975 2653 2045 spirituali
2718 1974 2912 2029 all'ectu
2942 1990 2958 2028 :
2989 1973 3120 2044 quid
3182 1971 3328 2027 enim
3358 1972 3449 2027 ille
3477 1973 3564 2026 ni-

1985 2067 2033 2122 si
2079 2067 2242 2129 tilius,
2274 2075 2330 2120 et
2374 2066 2499 2122 talis
2559 2065 2702 2120 illius
2751 2066 2912 2136 cujus
2941 2079 3048 2134 ego
3086 2073 3307 2134 propter
3339 2071 3563 2134 peccata

1988 2175 2109 2214 mea
2141 2174 2210 2213 ne
2249 2157 2393 2214 ﬁlius
2435 2159 2654 2228 quidem
2683 2159 2792 2214 dici
2834 2157 3126 2212 merebar?
3163 2157 3266 2212 hoc
3292 2173 3422 2211 vero
3449 2155 3564 2226 spei

1987 2265 2152 2307 causa
2183 2251 2265 2304 vel
2309 2250 2570 2306 utilitatis
2601 2267 2616 2304 :
2650 2256 2750 2305 nec
2777 2257 2980 2304 nostrae
3009 2250 3296 2311 duntaxat,
3329 2262 3563 2318 quorum

1988 2344 2082 2398 ille
2125 2342 2273 2397 velut
2311 2342 2619 2397 membrum
2665 2356 2823 2397 sacer
2873 2351 3102 2396 ornatus
3131 2341 3354 2394 futurus
3399 2337 3564 2392 erat?

1985 2449 2176 2490 verum
2205 2434 2369 2489 etiam
2408 2435 2578 2489 totius
2617 2431 2710 2488 Dei
2744 2429 3024 2488 Ecclesiae.
3053 2429 3198 2498 Quid
3223 2428 3403 2485 enim?
3428 2437 3568 2499 qua-

1989 2526 2092 2581 lcm
2138 2527 2316 2580 virum
2385 2525 2621 2581 censes!
2679 2540 2861 2580 annon
2924 2521 3328 2579 confessorem!
3377 2533 3566 2574 annon

1992 2619 2328 2690 martyrem?
2354 2633 2536 2673 annon
2575 2617 2878 2673 sanctum?
2905 2615 2952 2672 Α
2978 2614 3168 2686 primis
3194 2613 3355 2668 annis
3389 2613 3442 2666 in
3474 2625 3568 2666 as-

1989 2710 2174 2765 ceticaa
2201 2711 2326 2764 vitae
2357 2709 2639 2766 laboribus
2666 2709 2956 2765 desudavit
2997 2707 3239 2778 legitime
3283 2703 3561 2768 subditus,

1993 2802 2282 2863 obediens.
2319 2802 2586 2857 adversus
2613 2802 2783 2857 animi
2814 2810 3000 2856 motus
3030 2795 3263 2854 viriliter
3290 2809 3562 2866 pugnans,

1992 2892 2381 2962 incorruptum
2422 2907 2628 2963 corpus
2657 2891 3047 2948 afﬂictionibus
3075 2889 3417 2951 custodiens,
3439 2885 3567 2954 quti-

1991 2984 2095 3040 bus
2117 2985 2254 3040 illud
2294 2986 2628 3050 continebat,
2685 2995 2740 3040 et
2784 2985 2839 3039 in
2899 2985 3222 3041 servitutem
3255 2978 3561 3049 redigebat,

1987 3078 2108 3134 sine
2133 3077 2348 3134 delectu
2388 3079 2687 3134 comedens
2715 3087 2794 3143 et.
2807 3078 3091 3133 dormiens
3118 3091 3243 3132 cum
3269 3073 3449 3130 adhuc
3479 3088 3569 3128 sa-

1985 3184 2094 3224 nus
2119 3180 2291 3238 esset,
2316 3170 2390 3225 ita
2408 3179 2471 3226 ut
2495 3170 2548 3225 in
2569 3169 2989 3226 admirationem
3013 3176 3231 3238 raperet
3250 3167 3565 3220 intuentes:

1990 3273 2270 3316 secessum
2305 3261 2494 3316 colens
2525 3267 2584 3316 ut
2609 3259 2908 3329 plurimum
2939 3266 2998 3313 et
3018 3254 3201 3327 quoad
3231 3261 3468 3325 poterat,
3513 3260 3569 3306 et

1985 3351 2229 3421 seipsum
2257 3352 2552 3421 colligens,
2585 3361 2750 3422 atque
2778 3351 2843 3405 ad
2871 3350 3150 3406 cmlestem
3177 3361 3421 3402 amorem
3439 3344 3568 3400 inde

1986 3455 2310 3512 assurgens.
2353 3443 2431 3498 Ac
2461 3458 2530 3498 ne
2571 3444 2696 3512 quis
2748 3442 2866 3496 haec
2899 3455 2933 3496 a
2969 3454 3060 3496 me
3121 3439 3250 3510 ﬁngi
3288 3435 3569 3494 existimet

1985 3531 2158 3586 animi
2191 3533 2366 3603 gratia
2398 3542 2623 3604 pr0pter
2668 3532 2794 3588 illos
2821 3524 2916 3601 qui
2965 3530 3082 3585 hate
3113 3528 3376 3584 audient:
3405 3525 3568 3584 testis

1982 3629 2071 3677 est
2095 3621 2260 3688 Deus,
2285 3632 2341 3678 et
2377 3623 2473 3694 qui
2500 3622 2621 3694 ejus
2651 3623 2980 3693 paedagogus
3036 3618 3141 3675 fuit
3179 3631 3336 3674 sacer
3365 3613 3569 3674 Lucis-

1987 3727 2116 3780 nus,
2168 3716 2419 3784 quamvis
2463 3730 2610 3784 aegre
2665 3713 2892 3785 produci
2929 3711 3128 3783 possit,
3179 3725 3210 3764 a
3268 3723 3380 3779 quo
3429 3705 3567 3762 mihi

304 3813 504 3854 eorum
541 3815 662 3872 quae
690 3801 1002 3857 nesciebam
1039 3799 1179 3857 facta
1211 3801 1524 3872 explicatio.
1600 3802 1782 3874 Atque
1838 3803 1958 3860 haec
1993 3807 2144 3864 velut
2197 3811 2333 3866 rude
2401 3810 2674 3885 quoddam
2740 3809 3017 3880 specimen
3084 3803 3342 3861 ascetieb
3404 3800 3570 3858 disci-

305 3893 493 3964 plinas.

399 3987 523 4040 Ἐπὶ
551 3986 606 4039 δὲ
639 3985 737 4057 τῆς
765 3985 1054 4057 ὁμολογίας
1109 3986 1274 4040 πόσον
1321 3987 1412 4041 καὶ
1442 3988 1625 4059 ἡλίκον
1657 3987 1884 4060 θέατρον

306 4078 546 4149 ἐγενήθη
571 4077 665 4130 καὶ
688 4077 939 4146 ἀγγέλοις
964 4077 1060 4130 καλ⁸
1080 4076 1406 4147 ἀνθρώποις.
1437 4079 1500 4131 Ὤ
1525 4078 1622 4145 τῆς
1645 4078 1884 4148 εὐθύμου

307 4169 413 4221 καὶ
459 4167 740 4236 θεοφιλοῦς
782 4167 1045 4238 καρδίαςί
1088 4166 1335 4238 εἰσῆλθεν
1369 4170 1450 4232 εἰς
1477 4169 1538 4221 τὸ
1569 4169 1781 4226 στάδιον
1808 4168 1886 4232 ὡς

307 4258 554 4330 Χριστοῦ
585 4259 944 4330 στρατιώτης,
968 4257 1296 4326 ἀδείλαντος,
1327 4259 1605 4330 ἀτρέμας·
1635 4260 1884 4316 ἐντεῦθεν

309 4353 414 4405 καὶ
456 4351 702 4404 ἐντεῦθεν
740 4353 790 4404 οἱ
837 4351 1107 4421 ὑπηρέται
1157 4351 1252 4404 τοῦ
1309 4351 1532 4414 σκότους
1580 4351 1885 4417 κατέξαναν

306 4446 437 4504 ταῖς
491 4443 726 4512 πληγαῖς
783 4441 948 4507 νῶτα,
1004 4443 1220 4512 στέρνα,
1277 4443 1568 4513 βραχίονας
1593 4461 1608 4477 ·
1664 4444 1884 4516 ἐξέχεαν

307 4535 545 4603 αἵματα,
572 4533 842 4604 ὑπέτεμον
879 4533 1106 4604 σάρκας,
1139 4534 1328 4588 εἴασαν
1368 4536 1449 4597 είς
1481 4537 1584 4606 γῆν
1614 4537 1884 4608 ἐρριμμέ-

306 4641 408 4677 νον
435 4625 526 4676 τὸν
552 4625 726 4692 ἅγιον,
755 4626 830 4695 μὴ
859 4626 1160 4697 προέμενον
1185 4627 1334 4696 ῥῆμα
1361 4627 1646 4698 ἀριστερὸν
1668 4628 1730 4681 τὸ
1757 4627 1885 4682 καθ-

306 4714 464 4776 όλου,
494 4712 632 4766 ἀλλὰ
672 4714 889 4784 θεοτελῆ
919 4714 1018 4785 τὴν
1051 4715 1353 4785 μαρτυρίαν
1391 4715 1741 4785 ποιούμενον·
1788 4717 1883 4770 καὶ

305 4802 488 4857 ταῦτα
529 4803 668 4874 ὑπὲρ
718 4801 953 4873 Χριστοῦ
996 4803 1092 4857 τοῦ
1130 4803 1258 4857 Υίοῦ
1301 4804 1394 4857 τοῦ
1432 4805 1566 4858 Θεοῦ
1619 4807 1710 4859 καὶ
1746 4805 1882 4860 Θεοῦ

307 4893 496 4966 ἡμῶν.
519 4895 592 4948 Τὸ
611 4895 720 4965 γὰρ
747 4895 876 4966 περὶ
898 4896 994 4967 τῆς
1014 4895 1175 4964 ἁγίας
1197 4894 1362 4949 αὑτοῦ
1391 4895 1599 4958 είκόνος
1617 4896 1880 4963 ὲναθλεῖν,

307 4986 458 5056 ὑπὲρ
487 4984 652 5039 αὐτοῦ
676 4986 884 5040 ἐκείνου
911 4988 1032 5040 ἐστὶ
1062 4989 1380 5058 μαρτυρεῖν.
1426 4986 1884 5044 Ἀκουσάτωσαν

307 5074 524 5142 πρᾳεῒς
566 5076 662 5128 καί
697 5075 1208 5145 εὐφρανθήτωσαν
1227 5094 1241 5108 ·
1278 5076 1694 5146 χορευσάτωσαν
1729 5080 1879 5148 φιλο-

311 5167 594 5236 μάρτυρες
635 5165 731 5219 καὶ
770 5166 1188 5237 γεγηθέτωσαν·
1225 5167 1565 5236 αἰσχυνέσθω
1597 5169 1838 5234 διάϐολος
1863 5189 1878 5205 ·

309 5257 566 5309 πιπτέτω
593 5257 964 5327 εἰκονομάχων
992 5256 1177 5324 στίφος
1199 5271 1215 5288 ·
1260 5257 1326 5310 ὲκ
1357 5257 1465 5310 τῶν
1495 5257 1672 5328 ἔργων
1701 5259 1884 5329 ἀμφου

309 5349 490 5406 τέρων
517 5346 911 5410 θεοκελεύστως
943 5349 1282 5416 έπιγνώσατε
1305 5347 1666 5418 ἀμφοτέρους.
1699 5351 1764 5402 Οἱ
1787 5351 1885 5420 μὲν

307 5437 422 5510 ’γὰρ
453 5441 512 5491 οὑ
542 5439 690 5494 τόνδε
721 5439 899 5509 μόνον,
932 5440 1067 5493 ἀλλά
1098 5439 1208 5510 γὰρ
1237 5441 1330 5492 καὶ
1359 5440 1586 5505 πολλοὺς
1612 5443 1720 5495 τῶν
1746 5445 1886 5514 ἡμε-

303 5529 510 5603 ’τέρων,
542 5533 638 5586 καί
687 5536 786 5604 οὐχ
819 5535 1123 5606 ἡμετέρων,
1158 5534 1441 5605 ἡμετέρων
1488 5537 1535 5588 δ’
1562 5532 1654 5591 οὖν
1697 5539 1846 5608 ὅμως
1868 5555 1885 5571 ·

387 5651 406 5684 ⁷
442 5651 584 5707 Psnl.
615 5667 822 5715 xxxnt,
854 5652 909 5706 2.
984 5651 1006 5683 ⁸
1030 5649 1219 5704 Matth.
1255 5667 1325 5704 vn
1349 5693 1363 5718 ,
1397 5651 1489 5708 20.

639 5745 904 5804 ΡΑἰτιοΙ..
945 5742 1060 5804 Gtt.
1097 5743 1218 5803 XC!
1236 5743 1316 5803 Χ.

1915 4392 1960 4447 ι)

2065 3990 2120 4044 In
2156 3986 2505 4046 confessione
2533 3996 2714 4043 autem
2755 3995 3018 4058 quantum
3064 3992 3119 4038 et
3157 3982 3320 4052 quale
3357 3989 3585 4050 specu».

1989 4079 2170 4134 culum
2202 4076 2379 4132 factus
2403 4085 2489 4131 est
2530 4085 2586 4130 et
2613 4075 2826 4146 angelis
2859 4083 2914 4130 et
2942 4069 3256 4128 hominibus
3281 4069 3295 4122 ί
3329 4065 3373 4122 0
3397 4082 3565 4136 geneo

1987 4184 2175 4226 rosum
2211 4170 2428 4240 Deoque
2456 4169 2684 4224 charum
2715 4167 2846 4223 cori
2895 4167 3180 4236 Ingressus
3213 4172 3298 4218 est
3327 4160 3562 4218 stadium

1987 4270 2248 4332 tanquam
2279 4258 2482 4316 Christi
2514 4261 2672 4316 miles
2695 4258 3042 4328 impavidus,
3079 4254 3384 4326 intrepidus
3426 4272 3440 4309 :
3475 4251 3567 4308 hic

1990 4358 2044 4406 et
2081 4350 2212 4406 inde
2242 4349 2596 4406 tenebrarum
2645 4347 2883 4403 ministri
2926 4355 3078 4418 terga
3122 4345 3446 4402 verberibus
3485 4345 3563 4397 la-

1990 4444 2238 4506 niarunt,
2271 4447 2516 4511 pectora,
2549 4440 2813 4501 brachia:
2847 4437 3177 4509 sanguinem
3213 4436 3517 4496 hauserunt
3541 4471 3560 4499 ,

1985 4551 2184 4597 carnes
2225 4533 2625 4597 conciderunt,
2671 4541 2905 4589 stratum
2951 4531 3105 4586 butui
3143 4537 3393 4592 sanctum
3433 4525 3562 4582 reli-

1985 4551 2117 4591 earn
2225 4551 2625 4597 concrucrunt,
2671 4551 2905 4589 ειτιιιωη
2951 4551 3105 4586 ιιυιιιι
3143 4551 3393 4592 sanctum
3433 4551 3562 4582 ruu-

1985 4551 2264 4722 que‘t,
2313 4641 2439 4684 cum
2495 4625 2774 4680 sinistram
2822 4637 3012 4678 vocem
3068 4621 3276 4678 nullam
3331 4631 3562 4691 prorsus

1984 4708 2256 4775 emitEret
2276 4757 2292 4782 ,
2335 4715 2430 4772 sed
2460 4716 2782 4787 martyrium
2815 4713 2926 4768 Deo
2964 4722 3251 4782 acceptum
3280 4708 3560 4781 expleret.

1984 4818 2040 4866 et
2073 4813 2187 4865 haec
2219 4824 2316 4878 pro
2348 4809 2568 4863 Christo
2610 4806 2746 4861 Filio
2786 4806 2877 4860 Dei
2924 4820 2990 4859 ac
3033 4802 3144 4860 Deo
3176 4811 3384 4858 nostro.
3417 4798 3558 4856 Nam

1955 4918 2089 4986 .pro
2134 4912 2326 4958 sancta
2363 4901 2486 4970 ejus
2515 4899 2752 4970 imagine
2793 4897 3114 4962 decertare,
3159 4911 3264 4967 pro
3307 4893 3428 4965 ipso
3473 4897 3564 4952 est

1988 4995 2308 5064 martyrium
2335 4993 2459 5064 [pati
2491 5009 2505 5046 :
2549 4991 2786 5046 Audiam
2819 4990 3084 5045 mansueti
3129 4997 3182 5043 et
3218 4988 3467 5044 (retentat
3492 4983 3557 5051 ’ς

1986 5085 2262 5141 exsultent
2302 5092 2604 5154 martyrum
2645 5091 2918 5138 amatores
2947 5090 3004 5138 et
3043 5080 3342 5147 tripudient
3371 5094 3386 5134 :
3419 5091 3559 5140 con-

1981 5177 2242 5232 fundatur
2282 5175 2576 5229 diabolus:
2631 5173 2886 5228 concidat
2929 5170 3413 5228 lcouomachorum
3459 5182 3558 5222 ca-

1981 5275 2174 5332 terva,
2221 5281 2290 5319 cx
2335 5273 2694 5335 utrorumque
2749 5263 3048 5335 operibus,
3103 5261 3260 5332 juxta
3307 5259 3556 5315 divinum

1981 5361 2301 5417 mandatum
2330 5361 2375 5427 ⁸,
2409 5368 2670 5430 utrosque
2689 5360 2992 5430 agnoscite.
3014 5357 3081 5414 Hi
3098 5358 3244 5414 enim
3270 5369 3379 5411 non
3408 5355 3558 5410 hunc

1987 5454 2165 5509 solum
2197 5493 2214 5518 ,
2272 5455 2366 5508 sed
2413 5462 2471 5508 et
2515 5453 2718 5508 multos
2755 5467 2786 5508 e
2823 5452 3057 5514 nostris,
3094 5465 3160 5506 ac
3185 5462 3294 5504 non
3326 5445 3555 5513 nostris,

1987 5549 2082 5605 sed
2113 5547 2320 5603 nostris
2353 5556 2571 5614 tamen;
2612 5545 2882 5618 siquidem
2913 5557 3112 5600 omnes
3137 5551 3306 5596 unum
3353 5552 3554 5608 corpus

3131 5741 3206 5804 43
