  <div class='ocr_page' id='page_1' title='image "/cluster/home/n/w/nwhite01/storage/ocr_20150623/99/hvd.32044024464356/685.png"; bbox 0 0 4060 6374; ppageno 0'>
   <div class='ocr_carea' id='block_1_1' title="bbox 542 325 680 391">
    <p class='ocr_par' dir='ltr' id='par_1_1' title="bbox 542 325 680 391">
     <span class='ocr_line' id='line_1_1' title="bbox 542 325 680 391; baseline 0.014 -2"><span class='ocrx_word' id='word_1_1' title='bbox 542 325 680 391; x_wconf 78' lang='lat' dir='ltr'><strong>i355</strong></span> 
     </span>
    </p>
   </div>
   <div class='ocr_carea' id='block_1_2' title="bbox 1737 306 2609 376">
    <p class='ocr_par' dir='ltr' id='par_1_2' title="bbox 1737 306 2609 376">
     <span class='ocr_line' id='line_1_2' title="bbox 1737 306 2609 376; baseline -0.009 0"><span class='ocrx_word' id='word_1_2' title='bbox 1737 317 1798 376; x_wconf 90' lang='lat' dir='ltr'><strong>S.</strong></span> <span class='ocrx_word' id='word_1_3' title='bbox 1838 309 2231 376; x_wconf 83' lang='lat' dir='ltr'><strong>THEODORI</strong></span> <span class='ocrx_word' id='word_1_4' title='bbox 2261 306 2609 370; x_wconf 71' lang='grc' dir='ltr'><strong>ΒΤΗΒῙΤᾸΞ</strong></span> 
     </span>
    </p>
   </div>
   <div class='ocr_carea' id='block_1_3' title="bbox 3665 303 3800 377">
    <p class='ocr_par' dir='ltr' id='par_1_3' title="bbox 3665 303 3800 377">
     <span class='ocr_line' id='line_1_3' title="bbox 3665 303 3800 377; baseline 0.022 -3"><span class='ocrx_word' id='word_1_5' title='bbox 3665 303 3800 377; x_wconf 75' lang='grc'>1356</span> 
     </span>
    </p>
   </div>
   <div class='ocr_carea' id='block_1_4' title="bbox 540 420 2126 508">
    <p class='ocr_par' dir='ltr' id='par_1_4' title="bbox 540 429 2120 508">
     <span class='ocr_line' id='line_1_4' title="bbox 540 429 2120 508; baseline -0.012 -8"><span class='ocrx_word' id='word_1_6' title='bbox 540 456 738 500; x_wconf 80' lang='lat' dir='ltr'><strong>sumus</strong></span> <span class='ocrx_word' id='word_1_7' title='bbox 781 440 836 496; x_wconf 92' lang='lat' dir='ltr'><strong>in</strong></span> <span class='ocrx_word' id='word_1_8' title='bbox 875 436 1098 496; x_wconf 85' lang='lat' dir='ltr'><strong>Christo</strong></span> <span class='ocrx_word' id='word_1_9' title='bbox 1137 434 1268 494; x_wconf 80' lang='lat' dir='ltr'><strong>Jcsu</strong></span> <span class='ocrx_word' id='word_1_10' title='bbox 1323 435 1420 508; x_wconf 86' lang='lat' dir='ltr'><strong>qui</strong></span> <span class='ocrx_word' id='word_1_11' title='bbox 1461 441 1550 491; x_wconf 86' lang='lat' dir='ltr'><strong>est</strong></span> <span class='ocrx_word' id='word_1_12' title='bbox 1595 440 1765 503; x_wconf 82' lang='lat' dir='ltr'><strong>caput</strong></span> <span class='ocrx_word' id='word_1_13' title='bbox 1824 429 2120 493; x_wconf 85' lang='lat' dir='ltr'><strong>omnium;</strong></span> 
     </span>
    </p>
   </div>
   <div class='ocr_carea' id='block_1_5' title="bbox 2235 420 3801 508">
    <p class='ocr_par' dir='ltr' id='par_1_5' title="bbox 2235 420 3801 496">
     <span class='ocr_line' id='line_1_5' title="bbox 2235 420 3801 496; baseline -0.001 -18"><span class='ocrx_word' id='word_1_14' title='bbox 2235 423 2414 495; x_wconf 67' lang='grc' dir='ltr'>ἐπειδὴ</span> <span class='ocrx_word' id='word_1_15' title='bbox 2443 425 2494 477; x_wconf 78' lang='lat' dir='ltr'><strong>oi</strong></span> <span class='ocrx_word' id='word_1_16' title='bbox 2526 422 2730 486; x_wconf 79' lang='grc' dir='ltr'>πάντες</span> <span class='ocrx_word' id='word_1_17' title='bbox 2772 421 2833 476; x_wconf 79' lang='grc' dir='ltr'>ἐν</span> <span class='ocrx_word' id='word_1_18' title='bbox 2861 420 3022 493; x_wconf 84' lang='grc' dir='ltr'>σῶμα</span> <span class='ocrx_word' id='word_1_19' title='bbox 3046 423 3106 476; x_wconf 75' lang='grc' dir='ltr'>ἐν</span> <span class='ocrx_word' id='word_1_20' title='bbox 3135 421 3361 495; x_wconf 77' lang='grc' dir='ltr'><strong>Χριστῷ</strong></span> <span class='ocrx_word' id='word_1_21' title='bbox 3399 422 3580 496; x_wconf 78' lang='grc' dir='ltr'>Ἰησοῦ</span> <span class='ocrx_word' id='word_1_22' title='bbox 3621 424 3682 489; x_wconf 87' lang='grc' dir='ltr'><strong>δς</strong></span> <span class='ocrx_word' id='word_1_23' title='bbox 3705 443 3801 482; x_wconf 79' lang='grc' dir='ltr'>κε-</span> 
     </span>
    </p>
   </div>
   <div class='ocr_carea' id='block_1_6' title="bbox 543 523 2120 608">
    <p class='ocr_par' dir='ltr' id='par_1_6' title="bbox 543 523 2120 608">
     <span class='ocr_line' id='line_1_6' title="bbox 543 523 2120 608; baseline -0.013 -16"><span class='ocrx_word' id='word_1_24' title='bbox 543 536 752 608; x_wconf 91' lang='lat' dir='ltr'><strong>pariter</strong></span> <span class='ocrx_word' id='word_1_25' title='bbox 785 535 1112 588; x_wconf 77' lang='lat' dir='ltr'><strong>divexarunt</strong></span> <span class='ocrx_word' id='word_1_26' title='bbox 1133 571 1150 599; x_wconf 94' lang='lat'><strong>,</strong></span> <span class='ocrx_word' id='word_1_27' title='bbox 1182 528 1537 592; x_wconf 84' lang='lat' dir='ltr'><strong>occiderunt,</strong></span> <span class='ocrx_word' id='word_1_28' title='bbox 1561 523 1743 580; x_wconf 89' lang='lat' dir='ltr'><strong>inedia</strong></span> <span class='ocrx_word' id='word_1_29' title='bbox 1777 527 2082 578; x_wconf 88' lang='lat' dir='ltr'><strong>enecarnnt</strong></span> <span class='ocrx_word' id='word_1_30' title='bbox 2105 561 2120 584; x_wconf 92' lang='lat'><strong>,</strong></span> 
     </span>
    </p>
   </div>
   <div class='ocr_carea' id='block_1_7' title="bbox 541 611 2124 702">
    <p class='ocr_par' dir='ltr' id='par_1_7' title="bbox 541 611 2124 702">
     <span class='ocr_line' id='line_1_7' title="bbox 541 611 2124 702; baseline -0.014 -15"><span class='ocrx_word' id='word_1_31' title='bbox 541 641 597 687; x_wconf 89' lang='lat' dir='ltr'><strong>et</strong></span> <span class='ocrx_word' id='word_1_32' title='bbox 623 643 969 702; x_wconf 66' lang='lat' dir='ltr'><strong>quaecunque</strong></span> <span class='ocrx_word' id='word_1_33' title='bbox 999 625 1106 680; x_wconf 90' lang='lat' dir='ltr'><strong>alia</strong></span> <span class='ocrx_word' id='word_1_34' title='bbox 1143 629 1440 678; x_wconf 91' lang='lat' dir='ltr'><strong>consecuta</strong></span> <span class='ocrx_word' id='word_1_35' title='bbox 1468 625 1620 675; x_wconf 86' lang='lat' dir='ltr'><strong>sunt.</strong></span> <span class='ocrx_word' id='word_1_36' title='bbox 1664 614 1760 670; x_wconf 92' lang='lat' dir='ltr'><strong>llle</strong></span> <span class='ocrx_word' id='word_1_37' title='bbox 1789 627 1918 670; x_wconf 87' lang='lat' dir='ltr'><strong>vero</strong></span> <span class='ocrx_word' id='word_1_38' title='bbox 1944 627 2012 666; x_wconf 80' lang='lat' dir='ltr'><strong>ex</strong></span> <span class='ocrx_word' id='word_1_39' title='bbox 2040 611 2124 666; x_wconf 89' lang='lat' dir='ltr'><strong>di-</strong></span> 
     </span>
    </p>
   </div>
   <div class='ocr_carea' id='block_1_8' title="bbox 540 705 2125 778">
    <p class='ocr_par' dir='ltr' id='par_1_8' title="bbox 540 705 2125 778">
     <span class='ocr_line' id='line_1_8' title="bbox 540 705 2125 778; baseline -0.013 -1"><span class='ocrx_word' id='word_1_40' title='bbox 540 722 720 778; x_wconf 82' lang='lat' dir='ltr'><strong>versis</strong></span> <span class='ocrx_word' id='word_1_41' title='bbox 753 720 861 776; x_wconf 82' lang='lat' dir='ltr'><strong>illis</strong></span> <span class='ocrx_word' id='word_1_42' title='bbox 883 715 1205 772; x_wconf 81' lang='lat' dir='ltr'><strong>vulneribus</strong></span> <span class='ocrx_word' id='word_1_43' title='bbox 1235 709 1501 767; x_wconf 82' lang='lat' dir='ltr'><strong>membris</strong></span> <span class='ocrx_word' id='word_1_44' title='bbox 1531 707 1788 764; x_wconf 91' lang='lat' dir='ltr'><strong>omnibus</strong></span> <span class='ocrx_word' id='word_1_45' title='bbox 1809 705 2043 769; x_wconf 88' lang='lat' dir='ltr'><strong>solutus,</strong></span> <span class='ocrx_word' id='word_1_46' title='bbox 2069 711 2125 758; x_wconf 90' lang='lat' dir='ltr'><strong>et</strong></span> 
     </span>
    </p>
   </div>
   <div class='ocr_carea' id='block_1_9' title="bbox 543 796 2124 875">
    <p class='ocr_par' dir='ltr' id='par_1_9' title="bbox 543 796 2124 875">
     <span class='ocr_line' id='line_1_9' title="bbox 543 796 2124 875; baseline -0.013 -6"><span class='ocrx_word' id='word_1_47' title='bbox 543 816 776 869; x_wconf 87' lang='lat' dir='ltr'><strong>artubus</strong></span> <span class='ocrx_word' id='word_1_48' title='bbox 806 812 1026 866; x_wconf 78' lang='lat' dir='ltr'><strong>laxatus</strong></span> <span class='ocrx_word' id='word_1_49' title='bbox 1049 847 1064 874; x_wconf 90' lang='lat'><strong>,</strong></span> <span class='ocrx_word' id='word_1_50' title='bbox 1111 817 1168 862; x_wconf 90' lang='lat' dir='ltr'><strong>et</strong></span> <span class='ocrx_word' id='word_1_51' title='bbox 1195 819 1397 875; x_wconf 87' lang='lat' dir='ltr'><strong>corpus</strong></span> <span class='ocrx_word' id='word_1_52' title='bbox 1430 799 1812 857; x_wconf 84' lang='lat' dir='ltr'><strong>acerbissimis</strong></span> <span class='ocrx_word' id='word_1_53' title='bbox 1838 796 2124 854; x_wconf 88' lang='lat' dir='ltr'><strong>doloribus</strong></span> 
     </span>
    </p>
   </div>
   <div class='ocr_carea' id='block_1_10' title="bbox 543 887 2124 975">
    <p class='ocr_par' dir='ltr' id='par_1_10' title="bbox 543 887 2124 975">
     <span class='ocr_line' id='line_1_10' title="bbox 543 887 2124 975; baseline -0.011 -15"><span class='ocrx_word' id='word_1_54' title='bbox 543 905 873 975; x_wconf 68' lang='lat' dir='ltr'><strong>chirurgiae</strong></span> <span class='ocrx_word' id='word_1_55' title='bbox 911 899 1220 957; x_wconf 88' lang='lat' dir='ltr'><strong>curationis</strong></span> <span class='ocrx_word' id='word_1_56' title='bbox 1258 895 1536 966; x_wconf 84' lang='lat' dir='ltr'><strong>subjecit,</strong></span> <span class='ocrx_word' id='word_1_57' title='bbox 1566 901 1623 949; x_wconf 87' lang='lat' dir='ltr'><strong>et</strong></span> <span class='ocrx_word' id='word_1_58' title='bbox 1654 892 1865 948; x_wconf 80' lang='lat' dir='ltr'><strong>fractus</strong></span> <span class='ocrx_word' id='word_1_59' title='bbox 1897 890 2026 945; x_wconf 89' lang='lat' dir='ltr'><strong>inde</strong></span> <span class='ocrx_word' id='word_1_60' title='bbox 2055 887 2124 943; x_wconf 87' lang='lat' dir='ltr'><strong>ad</strong></span> 
     </span>
    </p>
   </div>
   <div class='ocr_carea' id='block_1_11' title="bbox 544 981 2124 1067">
    <p class='ocr_par' dir='ltr' id='par_1_11' title="bbox 544 981 2124 1067">
     <span class='ocr_line' id='line_1_11' title="bbox 544 981 2124 1067; baseline -0.014 -12"><span class='ocrx_word' id='word_1_61' title='bbox 544 1001 708 1055; x_wconf 80' lang='lat' dir='ltr'><strong>tinem</strong></span> <span class='ocrx_word' id='word_1_62' title='bbox 733 1012 908 1067; x_wconf 83' lang='lat' dir='ltr'><strong>usque</strong></span> <span class='ocrx_word' id='word_1_63' title='bbox 927 1005 1188 1064; x_wconf 80' lang='lat' dir='ltr'><strong>tanquam</strong></span> <span class='ocrx_word' id='word_1_64' title='bbox 1210 989 1454 1060; x_wconf 84' lang='lat' dir='ltr'><strong>quotidie</strong></span> <span class='ocrx_word' id='word_1_65' title='bbox 1481 987 1724 1042; x_wconf 91' lang='lat' dir='ltr'><strong>moriens</strong></span> <span class='ocrx_word' id='word_1_66' title='bbox 1744 985 1911 1040; x_wconf 90' lang='lat' dir='ltr'><strong>vitam</strong></span> <span class='ocrx_word' id='word_1_67' title='bbox 1934 981 2124 1046; x_wconf 77' lang='lat' dir='ltr'><strong>traxit,</strong></span> 
     </span>
    </p>
   </div>
   <div class='ocr_carea' id='block_1_12' title="bbox 544 1077 2122 1162">
    <p class='ocr_par' dir='ltr' id='par_1_12' title="bbox 544 1077 2122 1162">
     <span class='ocr_line' id='line_1_12' title="bbox 544 1077 2122 1162; baseline -0.012 -15"><span class='ocrx_word' id='word_1_68' title='bbox 544 1106 602 1147; x_wconf 87' lang='lat' dir='ltr'><strong>et</strong></span> <span class='ocrx_word' id='word_1_69' title='bbox 627 1089 850 1162; x_wconf 88' lang='lat' dir='ltr'><strong>quidem</strong></span> <span class='ocrx_word' id='word_1_70' title='bbox 881 1102 1005 1143; x_wconf 90' lang='lat' dir='ltr'><strong>cum</strong></span> <span class='ocrx_word' id='word_1_71' title='bbox 1035 1084 1339 1155; x_wconf 78' lang='lat' dir='ltr'><strong>gratiarum</strong></span> <span class='ocrx_word' id='word_1_72' title='bbox 1370 1081 1605 1160; x_wconf 83' lang='lat' dir='ltr'><strong>actione,</strong></span> <span class='ocrx_word' id='word_1_73' title='bbox 1639 1089 1807 1149; x_wconf 91' lang='lat' dir='ltr'><strong>atque</strong></span> <span class='ocrx_word' id='word_1_74' title='bbox 1836 1077 1972 1132; x_wconf 90' lang='lat' dir='ltr'><strong>adeo</strong></span> <span class='ocrx_word' id='word_1_75' title='bbox 1996 1090 2122 1130; x_wconf 91' lang='lat' dir='ltr'><strong>cum</strong></span> 
     </span>
    </p>
   </div>
   <div class='ocr_carea' id='block_1_13' title="bbox 547 1169 2127 1246">
    <p class='ocr_par' dir='ltr' id='par_1_13' title="bbox 547 1169 2127 1246">
     <span class='ocr_line' id='line_1_13' title="bbox 547 1169 2127 1246; baseline -0.009 -9"><span class='ocrx_word' id='word_1_76' title='bbox 547 1181 880 1237; x_wconf 84' lang='lat' dir='ltr'><strong>humilitate.</strong></span> <span class='ocrx_word' id='word_1_77' title='bbox 917 1178 1076 1246; x_wconf 86' lang='lat' dir='ltr'><strong>Quod</strong></span> <span class='ocrx_word' id='word_1_78' title='bbox 1115 1177 1193 1243; x_wconf 91' lang='lat' dir='ltr'><strong>si,</strong></span> <span class='ocrx_word' id='word_1_79' title='bbox 1237 1185 1298 1230; x_wconf 90' lang='lat' dir='ltr'><strong>ut</strong></span> <span class='ocrx_word' id='word_1_80' title='bbox 1329 1174 1558 1240; x_wconf 88' lang='lat' dir='ltr'><strong>scribis,</strong></span> <span class='ocrx_word' id='word_1_81' title='bbox 1596 1188 1758 1228; x_wconf 93' lang='lat' dir='ltr'><strong>suum</strong></span> <span class='ocrx_word' id='word_1_82' title='bbox 1791 1170 1956 1226; x_wconf 88' lang='lat' dir='ltr'><strong>etiam</strong></span> <span class='ocrx_word' id='word_1_83' title='bbox 2001 1169 2127 1223; x_wconf 82' lang='lat' dir='ltr'><strong>obi-</strong></span> 
     </span>
    </p>
   </div>
   <div class='ocr_carea' id='block_1_14' title="bbox 545 1269 2125 1342">
    <p class='ocr_par' dir='ltr' id='par_1_14' title="bbox 545 1269 2125 1342">
     <span class='ocr_line' id='line_1_14' title="bbox 545 1269 2125 1342; baseline -0.009 -15"><span class='ocrx_word' id='word_1_84' title='bbox 545 1280 663 1327; x_wconf 88' lang='lat' dir='ltr'><strong>tum</strong></span> <span class='ocrx_word' id='word_1_85' title='bbox 693 1270 986 1342; x_wconf 66' lang='lat' dir='ltr'><strong>praedixit,</strong></span> <span class='ocrx_word' id='word_1_86' title='bbox 1023 1269 1128 1324; x_wconf 90' lang='lat' dir='ltr'><strong>hoc</strong></span> <span class='ocrx_word' id='word_1_87' title='bbox 1161 1269 1340 1338; x_wconf 88' lang='lat' dir='ltr'><strong>ipsum</strong></span> <span class='ocrx_word' id='word_1_88' title='bbox 1377 1273 1495 1322; x_wconf 91' lang='lat' dir='ltr'><strong>erat</strong></span> <span class='ocrx_word' id='word_1_89' title='bbox 1531 1277 1876 1333; x_wconf 87' lang='lat' dir='ltr'><strong>consequens</strong></span> <span class='ocrx_word' id='word_1_90' title='bbox 1903 1276 1971 1316; x_wconf 81' lang='lat' dir='ltr'><strong>ex</strong></span> <span class='ocrx_word' id='word_1_91' title='bbox 1998 1275 2125 1314; x_wconf 90' lang='lat' dir='ltr'><strong>cer-</strong></span> 
     </span>
    </p>
   </div>
   <div class='ocr_carea' id='block_1_15' title="bbox 544 1351 2126 1428">
    <p class='ocr_par' dir='ltr' id='par_1_15' title="bbox 544 1351 2126 1428">
     <span class='ocr_line' id='line_1_15' title="bbox 544 1351 2126 1428; baseline -0.007 -11"><span class='ocrx_word' id='word_1_92' title='bbox 544 1363 862 1418; x_wconf 88' lang='lat' dir='ltr'><strong>taminibus.</strong></span> <span class='ocrx_word' id='word_1_93' title='bbox 898 1361 1038 1428; x_wconf 85' lang='lat' dir='ltr'><strong>Quia</strong></span> <span class='ocrx_word' id='word_1_94' title='bbox 1062 1375 1191 1415; x_wconf 85' lang='lat' dir='ltr'><strong>vero</strong></span> <span class='ocrx_word' id='word_1_95' title='bbox 1229 1357 1482 1427; x_wconf 87' lang='lat' dir='ltr'><strong>adjecisti</strong></span> <span class='ocrx_word' id='word_1_96' title='bbox 1527 1356 1828 1410; x_wconf 78' lang='lat' dir='ltr'><strong>maximum</strong></span> <span class='ocrx_word' id='word_1_97' title='bbox 1861 1353 1929 1408; x_wconf 88' lang='lat' dir='ltr'><strong>ad</strong></span> <span class='ocrx_word' id='word_1_98' title='bbox 1959 1351 2126 1406; x_wconf 88' lang='lat' dir='ltr'><strong>funus</strong></span> 
     </span>
    </p>
   </div>
   <div class='ocr_carea' id='block_1_16' title="bbox 542 1447 2127 1515">
    <p class='ocr_par' dir='ltr' id='par_1_16' title="bbox 542 1447 2127 1515">
     <span class='ocr_line' id='line_1_16' title="bbox 542 1447 2127 1515; baseline -0.009 -4"><span class='ocrx_word' id='word_1_99' title='bbox 542 1470 876 1512; x_wconf 89' lang='lat' dir='ltr'><strong>concursum</strong></span> <span class='ocrx_word' id='word_1_100' title='bbox 902 1454 1073 1508; x_wconf 83' lang='lat' dir='ltr'><strong>fuisse</strong></span> <span class='ocrx_word' id='word_1_101' title='bbox 1103 1452 1269 1507; x_wconf 87' lang='lat' dir='ltr'><strong>etiam</strong></span> <span class='ocrx_word' id='word_1_102' title='bbox 1306 1449 1605 1504; x_wconf 87' lang='lat' dir='ltr'><strong>illustrium</strong></span> <span class='ocrx_word' id='word_1_103' title='bbox 1641 1447 1925 1515; x_wconf 88' lang='lat' dir='ltr'><strong>utriusque</strong></span> <span class='ocrx_word' id='word_1_104' title='bbox 1963 1460 2127 1514; x_wconf 80' lang='lat' dir='ltr'><strong>gene—</strong></span> 
     </span>
    </p>
   </div>
   <div class='ocr_carea' id='block_1_17' title="bbox 541 1541 2127 1619">
    <p class='ocr_par' dir='ltr' id='par_1_17' title="bbox 541 1541 2127 1619">
     <span class='ocr_line' id='line_1_17' title="bbox 541 1541 2127 1619; baseline -0.009 -14"><span class='ocrx_word' id='word_1_105' title='bbox 541 1549 654 1614; x_wconf 85' lang='lat' dir='ltr'><strong>ris;</strong></span> <span class='ocrx_word' id='word_1_106' title='bbox 700 1546 753 1602; x_wconf 89' lang='lat' dir='ltr'><strong>id</strong></span> <span class='ocrx_word' id='word_1_107' title='bbox 785 1561 1003 1619; x_wconf 90' lang='lat' dir='ltr'><strong>quoque</strong></span> <span class='ocrx_word' id='word_1_108' title='bbox 1042 1543 1171 1599; x_wconf 80' lang='lat' dir='ltr'><strong>facit</strong></span> <span class='ocrx_word' id='word_1_109' title='bbox 1205 1545 1270 1598; x_wconf 84' lang='lat' dir='ltr'><strong>ad</strong></span> <span class='ocrx_word' id='word_1_110' title='bbox 1313 1541 1752 1598; x_wconf 77' lang='lat' dir='ltr'><strong>testiﬁcationem</strong></span> <span class='ocrx_word' id='word_1_111' title='bbox 1785 1553 1974 1593; x_wconf 89' lang='lat' dir='ltr'><strong>eorum</strong></span> <span class='ocrx_word' id='word_1_112' title='bbox 2005 1551 2127 1606; x_wconf 77' lang='lat' dir='ltr'><strong>qua:</strong></span> 
     </span>
    </p>
   </div>
   <div class='ocr_carea' id='block_1_18' title="bbox 543 1631 2128 1710">
    <p class='ocr_par' dir='ltr' id='par_1_18' title="bbox 543 1631 2128 1710">
     <span class='ocr_line' id='line_1_18' title="bbox 543 1631 2128 1710; baseline -0.008 -14"><span class='ocrx_word' id='word_1_113' title='bbox 543 1640 688 1697; x_wconf 89' lang='lat' dir='ltr'><strong>dico.</strong></span> <span class='ocrx_word' id='word_1_114' title='bbox 713 1638 898 1710; x_wconf 84' lang='lat' dir='ltr'><strong>Neque</strong></span> <span class='ocrx_word' id='word_1_115' title='bbox 921 1640 1067 1694; x_wconf 89' lang='lat' dir='ltr'><strong>enim</strong></span> <span class='ocrx_word' id='word_1_116' title='bbox 1102 1638 1205 1692; x_wconf 88' lang='lat' dir='ltr'><strong>nisi</strong></span> <span class='ocrx_word' id='word_1_117' title='bbox 1231 1635 1325 1691; x_wconf 88' lang='lat' dir='ltr'><strong>Dei</strong></span> <span class='ocrx_word' id='word_1_118' title='bbox 1356 1644 1491 1690; x_wconf 91' lang='lat' dir='ltr'><strong>nutu</strong></span> <span class='ocrx_word' id='word_1_119' title='bbox 1515 1634 1584 1689; x_wconf 90' lang='lat' dir='ltr'><strong>ad</strong></span> <span class='ocrx_word' id='word_1_120' title='bbox 1616 1633 1891 1687; x_wconf 87' lang='lat' dir='ltr'><strong>hominem</strong></span> <span class='ocrx_word' id='word_1_121' title='bbox 1926 1631 2128 1686; x_wconf 89' lang='lat' dir='ltr'><strong>obscu-</strong></span> 
     </span>
    </p>
   </div>
   <div class='ocr_carea' id='block_1_19' title="bbox 545 1726 2123 1789">
    <p class='ocr_par' dir='ltr' id='par_1_19' title="bbox 545 1726 2123 1789">
     <span class='ocr_line' id='line_1_19' title="bbox 545 1726 2123 1789; baseline -0.006 0"><span class='ocrx_word' id='word_1_122' title='bbox 545 1749 668 1789; x_wconf 91' lang='lat' dir='ltr'><strong>rum</strong></span> <span class='ocrx_word' id='word_1_123' title='bbox 699 1732 998 1788; x_wconf 87' lang='lat' dir='ltr'><strong>secundum</strong></span> <span class='ocrx_word' id='word_1_124' title='bbox 1024 1744 1245 1786; x_wconf 89' lang='lat' dir='ltr'><strong>carnem</strong></span> <span class='ocrx_word' id='word_1_125' title='bbox 1277 1727 1400 1783; x_wconf 86' lang='lat' dir='ltr'><strong>talis</strong></span> <span class='ocrx_word' id='word_1_126' title='bbox 1428 1726 1607 1781; x_wconf 86' lang='lat' dir='ltr'><strong>factus</strong></span> <span class='ocrx_word' id='word_1_127' title='bbox 1631 1739 1935 1780; x_wconf 86' lang='lat' dir='ltr'><strong>concursus</strong></span> <span class='ocrx_word' id='word_1_128' title='bbox 1956 1732 2123 1779; x_wconf 89' lang='lat' dir='ltr'><strong>esset.</strong></span> 
     </span>
    </p>
   </div>
   <div class='ocr_carea' id='block_1_20' title="bbox 541 1817 2124 1896">
    <p class='ocr_par' dir='ltr' id='par_1_20' title="bbox 541 1817 2124 1896">
     <span class='ocr_line' id='line_1_20' title="bbox 541 1817 2124 1896; baseline -0.007 -15"><span class='ocrx_word' id='word_1_129' title='bbox 541 1827 636 1882; x_wconf 92' lang='lat' dir='ltr'><strong>llle</strong></span> <span class='ocrx_word' id='word_1_130' title='bbox 669 1827 834 1896; x_wconf 80' lang='lat' dir='ltr'><strong>igitur</strong></span> <span class='ocrx_word' id='word_1_131' title='bbox 861 1826 916 1880; x_wconf 94' lang='lat' dir='ltr'><strong>in</strong></span> <span class='ocrx_word' id='word_1_132' title='bbox 941 1824 1143 1880; x_wconf 66' lang='lat' dir='ltr'><strong>caelum</strong></span> <span class='ocrx_word' id='word_1_133' title='bbox 1175 1822 1332 1889; x_wconf 86' lang='lat' dir='ltr'><strong>abiit,</strong></span> <span class='ocrx_word' id='word_1_134' title='bbox 1365 1831 1419 1876; x_wconf 91' lang='lat' dir='ltr'><strong>et</strong></span> <span class='ocrx_word' id='word_1_135' title='bbox 1450 1819 1738 1890; x_wconf 89' lang='lat' dir='ltr'><strong>appositus</strong></span> <span class='ocrx_word' id='word_1_136' title='bbox 1763 1826 1847 1873; x_wconf 87' lang='lat' dir='ltr'><strong>est</strong></span> <span class='ocrx_word' id='word_1_137' title='bbox 1872 1817 1938 1871; x_wconf 90' lang='lat' dir='ltr'><strong>ad</strong></span> <span class='ocrx_word' id='word_1_138' title='bbox 1975 1831 2124 1872; x_wconf 90' lang='lat' dir='ltr'><strong>com-</strong></span> 
     </span>
    </p>
   </div>
   <div class='ocr_carea' id='block_1_21' title="bbox 542 1906 2126 1982">
    <p class='ocr_par' dir='ltr' id='par_1_21' title="bbox 542 1906 2126 1982">
     <span class='ocr_line' id='line_1_21' title="bbox 542 1906 2126 1982; baseline -0.008 -10"><span class='ocrx_word' id='word_1_139' title='bbox 542 1916 869 1972; x_wconf 89' lang='lat' dir='ltr'><strong>militones:</strong></span> <span class='ocrx_word' id='word_1_140' title='bbox 915 1923 1220 1982; x_wconf 88' lang='lat' dir='ltr'><strong>auctusque</strong></span> <span class='ocrx_word' id='word_1_141' title='bbox 1269 1920 1353 1966; x_wconf 89' lang='lat' dir='ltr'><strong>est</strong></span> <span class='ocrx_word' id='word_1_142' title='bbox 1394 1909 1598 1966; x_wconf 88' lang='lat' dir='ltr'><strong>chorus</strong></span> <span class='ocrx_word' id='word_1_143' title='bbox 1635 1906 2015 1963; x_wconf 90' lang='lat' dir='ltr'><strong>confessorum</strong></span> <span class='ocrx_word' id='word_1_144' title='bbox 2060 1922 2126 1961; x_wconf 91' lang='lat' dir='ltr'><strong>ac</strong></span> 
     </span>
    </p>
   </div>
   <div class='ocr_carea' id='block_1_22' title="bbox 546 1999 2123 2080">
    <p class='ocr_par' dir='ltr' id='par_1_22' title="bbox 546 1999 2123 2080">
     <span class='ocr_line' id='line_1_22' title="bbox 546 1999 2123 2080; baseline -0.008 -16"><span class='ocrx_word' id='word_1_145' title='bbox 546 2019 850 2080; x_wconf 71' lang='lat' dir='ltr'><strong>martyrum</strong></span> <span class='ocrx_word' id='word_1_146' title='bbox 893 2007 1180 2077; x_wconf 89' lang='lat' dir='ltr'><strong>priorum,</strong></span> <span class='ocrx_word' id='word_1_147' title='bbox 1221 2021 1288 2059; x_wconf 83' lang='lat' dir='ltr'><strong>ex</strong></span> <span class='ocrx_word' id='word_1_148' title='bbox 1323 2018 1434 2074; x_wconf 90' lang='lat' dir='ltr'><strong>quo</strong></span> <span class='ocrx_word' id='word_1_149' title='bbox 1471 2001 1733 2070; x_wconf 79' lang='lat' dir='ltr'><strong>gaudium</strong></span> <span class='ocrx_word' id='word_1_150' title='bbox 1769 2009 1850 2055; x_wconf 90' lang='lat' dir='ltr'><strong>est</strong></span> <span class='ocrx_word' id='word_1_151' title='bbox 1896 2000 1950 2053; x_wconf 91' lang='lat' dir='ltr'><strong>in</strong></span> <span class='ocrx_word' id='word_1_152' title='bbox 1982 1999 2123 2053; x_wconf 63' lang='lat' dir='ltr'><strong>caelo</strong></span> 
     </span>
    </p>
   </div>
   <div class='ocr_carea' id='block_1_23' title="bbox 540 2090 2117 2164">
    <p class='ocr_par' dir='ltr' id='par_1_23' title="bbox 540 2090 2117 2164">
     <span class='ocr_line' id='line_1_23' title="bbox 540 2090 2117 2164; baseline -0.006 -10"><span class='ocrx_word' id='word_1_153' title='bbox 540 2109 596 2154; x_wconf 88' lang='lat' dir='ltr'><strong>et</strong></span> <span class='ocrx_word' id='word_1_154' title='bbox 623 2097 792 2154; x_wconf 85' lang='lat' dir='ltr'><strong>animi</strong></span> <span class='ocrx_word' id='word_1_155' title='bbox 827 2097 1035 2164; x_wconf 66' lang='lat' dir='ltr'><strong>laetitia,</strong></span> <span class='ocrx_word' id='word_1_156' title='bbox 1059 2096 1219 2164; x_wconf 89' lang='lat' dir='ltr'><strong>cujus</strong></span> <span class='ocrx_word' id='word_1_157' title='bbox 1253 2093 1507 2164; x_wconf 84' lang='lat' dir='ltr'><strong>precibus</strong></span> <span class='ocrx_word' id='word_1_158' title='bbox 1529 2093 1829 2157; x_wconf 84' lang='lat' dir='ltr'><strong>salvemur,</strong></span> <span class='ocrx_word' id='word_1_159' title='bbox 1869 2090 2072 2145; x_wconf 82' lang='lat' dir='ltr'><strong>fratres</strong></span> <span class='ocrx_word' id='word_1_160' title='bbox 2104 2108 2117 2145; x_wconf 88' lang='lat'><strong>:</strong></span> 
     </span>
    </p>
   </div>
   <div class='ocr_carea' id='block_1_24' title="bbox 542 2185 2126 2263">
    <p class='ocr_par' dir='ltr' id='par_1_24' title="bbox 542 2185 2126 2263">
     <span class='ocr_line' id='line_1_24' title="bbox 542 2185 2126 2263; baseline -0.007 -15"><span class='ocrx_word' id='word_1_161' title='bbox 542 2195 657 2263; x_wconf 90' lang='lat' dir='ltr'><strong>ipse</strong></span> <span class='ocrx_word' id='word_1_162' title='bbox 690 2201 875 2248; x_wconf 91' lang='lat' dir='ltr'><strong>autem</strong></span> <span class='ocrx_word' id='word_1_163' title='bbox 908 2192 1124 2261; x_wconf 84' lang='lat' dir='ltr'><strong>dignam</strong></span> <span class='ocrx_word' id='word_1_164' title='bbox 1159 2189 1408 2258; x_wconf 84' lang='lat' dir='ltr'><strong>obsequii</strong></span> <span class='ocrx_word' id='word_1_165' title='bbox 1462 2188 1548 2242; x_wconf 90' lang='lat' dir='ltr'><strong>sui</strong></span> <span class='ocrx_word' id='word_1_166' title='bbox 1591 2187 1898 2242; x_wconf 89' lang='lat' dir='ltr'><strong>mercedem</strong></span> <span class='ocrx_word' id='word_1_167' title='bbox 1934 2185 2126 2239; x_wconf 90' lang='lat' dir='ltr'><strong>nanci-</strong></span> 
     </span>
    </p>
   </div>
   <div class='ocr_carea' id='block_1_25' title="bbox 541 2276 2120 2350">
    <p class='ocr_par' dir='ltr' id='par_1_25' title="bbox 541 2276 2120 2350">
     <span class='ocr_line' id='line_1_25' title="bbox 541 2276 2120 2350; baseline -0.006 -11"><span class='ocrx_word' id='word_1_168' title='bbox 541 2292 747 2340; x_wconf 78' lang='lat' dir='ltr'><strong>scatur.</strong></span> <span class='ocrx_word' id='word_1_169' title='bbox 771 2281 924 2340; x_wconf 89' lang='lat' dir='ltr'><strong>Beati</strong></span> <span class='ocrx_word' id='word_1_170' title='bbox 953 2292 1135 2337; x_wconf 89' lang='lat' dir='ltr'><strong>autem</strong></span> <span class='ocrx_word' id='word_1_171' title='bbox 1166 2289 1220 2336; x_wconf 89' lang='lat' dir='ltr'><strong>et</strong></span> <span class='ocrx_word' id='word_1_172' title='bbox 1252 2281 1346 2350; x_wconf 88' lang='lat' dir='ltr'><strong>qui</strong></span> <span class='ocrx_word' id='word_1_173' title='bbox 1375 2285 1766 2344; x_wconf 89' lang='lat' dir='ltr'><strong>convenerunt,</strong></span> <span class='ocrx_word' id='word_1_174' title='bbox 1800 2293 1991 2333; x_wconf 84' lang='lat' dir='ltr'><strong>revera</strong></span> <span class='ocrx_word' id='word_1_175' title='bbox 2017 2276 2120 2347; x_wconf 86' lang='lat' dir='ltr'><strong>pii,</strong></span> 
     </span>
    </p>
   </div>
   <div class='ocr_carea' id='block_1_26' title="bbox 542 2381 2126 2446">
    <p class='ocr_par' dir='ltr' id='par_1_26' title="bbox 542 2381 2126 2446">
     <span class='ocr_line' id='line_1_26' title="bbox 542 2381 2126 2446; baseline -0.004 -16"><span class='ocrx_word' id='word_1_176' title='bbox 542 2391 730 2431; x_wconf 88' lang='lat' dir='ltr'><strong>revera</strong></span> <span class='ocrx_word' id='word_1_177' title='bbox 757 2383 1058 2446; x_wconf 76' lang='lat' dir='ltr'><strong>martyrum</strong></span> <span class='ocrx_word' id='word_1_178' title='bbox 1093 2381 1404 2436; x_wconf 85' lang='lat' dir='ltr'><strong>amatores,</strong></span> <span class='ocrx_word' id='word_1_179' title='bbox 1441 2385 1686 2442; x_wconf 87' lang='lat' dir='ltr'><strong>quorum</strong></span> <span class='ocrx_word' id='word_1_180' title='bbox 1733 2385 1860 2442; x_wconf 90' lang='lat' dir='ltr'><strong>pars</strong></span> <span class='ocrx_word' id='word_1_181' title='bbox 1893 2385 2019 2425; x_wconf 90' lang='lat' dir='ltr'><strong>cum</strong></span> <span class='ocrx_word' id='word_1_182' title='bbox 2058 2383 2126 2425; x_wconf 92' lang='lat' dir='ltr'><strong>eo</strong></span> 
     </span>
    </p>
   </div>
   <div class='ocr_carea' id='block_1_27' title="bbox 541 2458 2122 2536">
    <p class='ocr_par' dir='ltr' id='par_1_27' title="bbox 541 2458 2122 2536">
     <span class='ocr_line' id='line_1_27' title="bbox 541 2458 2122 2536; baseline -0.004 -15"><span class='ocrx_word' id='word_1_183' title='bbox 541 2467 615 2522; x_wconf 89' lang='lat' dir='ltr'><strong>sit</strong></span> <span class='ocrx_word' id='word_1_184' title='bbox 653 2479 818 2536; x_wconf 88' lang='lat' dir='ltr'><strong>quem</strong></span> <span class='ocrx_word' id='word_1_185' title='bbox 857 2463 1193 2520; x_wconf 80' lang='lat' dir='ltr'><strong>extulerunt.</strong></span> <span class='ocrx_word' id='word_1_186' title='bbox 1227 2461 1304 2517; x_wconf 92' lang='lat' dir='ltr'><strong>De</strong></span> <span class='ocrx_word' id='word_1_187' title='bbox 1335 2460 1672 2516; x_wconf 84' lang='lat' dir='ltr'><strong>venerandis</strong></span> <span class='ocrx_word' id='word_1_188' title='bbox 1694 2458 1814 2527; x_wconf 85' lang='lat' dir='ltr'><strong>ejus</strong></span> <span class='ocrx_word' id='word_1_189' title='bbox 1837 2459 2086 2529; x_wconf 87' lang='lat' dir='ltr'><strong>reliquiis</strong></span> <span class='ocrx_word' id='word_1_190' title='bbox 2107 2497 2122 2522; x_wconf 93' lang='lat'><strong>,</strong></span> 
     </span>
    </p>
   </div>
   <div class='ocr_carea' id='block_1_28' title="bbox 539 2552 2120 2627">
    <p class='ocr_par' dir='ltr' id='par_1_28' title="bbox 539 2552 2120 2627">
     <span class='ocr_line' id='line_1_28' title="bbox 539 2552 2120 2627; baseline -0.006 -14"><span class='ocrx_word' id='word_1_191' title='bbox 539 2559 686 2614; x_wconf 87' lang='lat' dir='ltr'><strong>sicut</strong></span> <span class='ocrx_word' id='word_1_192' title='bbox 719 2557 912 2627; x_wconf 87' lang='lat' dir='ltr'><strong>scripsi</strong></span> <span class='ocrx_word' id='word_1_193' title='bbox 948 2557 1016 2612; x_wconf 93' lang='lat' dir='ltr'><strong>de</strong></span> <span class='ocrx_word' id='word_1_194' title='bbox 1048 2571 1259 2612; x_wconf 90' lang='lat' dir='ltr'><strong>canone</strong></span> <span class='ocrx_word' id='word_1_195' title='bbox 1285 2596 1301 2621; x_wconf 92' lang='lat'><strong>,</strong></span> <span class='ocrx_word' id='word_1_196' title='bbox 1337 2554 1537 2610; x_wconf 86' lang='lat' dir='ltr'><strong>faciam</strong></span> <span class='ocrx_word' id='word_1_197' title='bbox 1572 2554 1617 2610; x_wconf 90' lang='lat' dir='ltr'><strong>si</strong></span> <span class='ocrx_word' id='word_1_198' title='bbox 1648 2552 1880 2607; x_wconf 91' lang='lat' dir='ltr'><strong>Domino</strong></span> <span class='ocrx_word' id='word_1_199' title='bbox 1908 2552 2120 2621; x_wconf 82' lang='lat' dir='ltr'><strong>placet:</strong></span> 
     </span>
    </p>
   </div>
   <div class='ocr_carea' id='block_1_29' title="bbox 541 2643 2126 2704">
    <p class='ocr_par' dir='ltr' id='par_1_29' title="bbox 541 2643 2126 2704">
     <span class='ocr_line' id='line_1_29' title="bbox 541 2643 2126 2704; baseline -0.004 0"><span class='ocrx_word' id='word_1_200' title='bbox 541 2648 787 2704; x_wconf 79' lang='lat' dir='ltr'><strong>Salutate</strong></span> <span class='ocrx_word' id='word_1_201' title='bbox 814 2649 1034 2703; x_wconf 82' lang='lat' dir='ltr'><strong>invicem</strong></span> <span class='ocrx_word' id='word_1_202' title='bbox 1058 2647 1114 2701; x_wconf 83' lang='lat' dir='ltr'><strong>in</strong></span> <span class='ocrx_word' id='word_1_203' title='bbox 1138 2645 1318 2701; x_wconf 78' lang='lat' dir='ltr'><strong>osculo</strong></span> <span class='ocrx_word' id='word_1_204' title='bbox 1347 2654 1530 2700; x_wconf 76' lang='lat' dir='ltr'><strong>sancto</strong></span> <span class='ocrx_word' id='word_1_205' title='bbox 1547 2645 1590 2698; x_wconf 81' lang='lat'><strong>&#39;.</strong></span> <span class='ocrx_word' id='word_1_206' title='bbox 1621 2643 1838 2700; x_wconf 89' lang='lat' dir='ltr'><strong>Etenim</strong></span> <span class='ocrx_word' id='word_1_207' title='bbox 1869 2643 2126 2699; x_wconf 88' lang='lat' dir='ltr'><strong>omnibus</strong></span> 
     </span>
    </p>
   </div>
   <div class='ocr_carea' id='block_1_30' title="bbox 539 2735 2125 2809">
    <p class='ocr_par' dir='ltr' id='par_1_30' title="bbox 539 2735 2125 2809">
     <span class='ocr_line' id='line_1_30' title="bbox 539 2735 2125 2809; baseline -0.006 -11"><span class='ocrx_word' id='word_1_208' title='bbox 539 2742 803 2798; x_wconf 79' lang='lat' dir='ltr'><strong>fratribus</strong></span> <span class='ocrx_word' id='word_1_209' title='bbox 834 2742 950 2796; x_wconf 65' lang='lat' dir='ltr'><strong>haec</strong></span> <span class='ocrx_word' id='word_1_210' title='bbox 979 2740 1226 2809; x_wconf 79' lang='lat' dir='ltr'><strong>legenda.</strong></span> <span class='ocrx_word' id='word_1_211' title='bbox 1269 2737 1482 2792; x_wconf 86' lang='lat' dir='ltr'><strong>Salutat</strong></span> <span class='ocrx_word' id='word_1_212' title='bbox 1515 2752 1613 2792; x_wconf 91' lang='lat' dir='ltr'><strong>vos</strong></span> <span class='ocrx_word' id='word_1_213' title='bbox 1647 2736 1906 2790; x_wconf 89' lang='lat' dir='ltr'><strong>dominus</strong></span> <span class='ocrx_word' id='word_1_214' title='bbox 1944 2735 2125 2789; x_wconf 84' lang='lat' dir='ltr'><strong>archi-</strong></span> 
     </span>
    </p>
   </div>
   <div class='ocr_carea' id='block_1_31' title="bbox 538 2823 2124 2905">
    <p class='ocr_par' dir='ltr' id='par_1_31' title="bbox 538 2823 2124 2905">
     <span class='ocr_line' id='line_1_31' title="bbox 538 2823 2124 2905; baseline -0.008 -14"><span class='ocrx_word' id='word_1_215' title='bbox 538 2834 834 2905; x_wconf 83' lang='lat' dir='ltr'><strong>episcOpus</strong></span> <span class='ocrx_word' id='word_1_216' title='bbox 852 2873 868 2899; x_wconf 92' lang='lat'><strong>,</strong></span> <span class='ocrx_word' id='word_1_217' title='bbox 917 2830 1372 2904; x_wconf 83' lang='lat' dir='ltr'><strong>protopresbyter</strong></span> <span class='ocrx_word' id='word_1_218' title='bbox 1395 2870 1411 2895; x_wconf 89' lang='lat'><strong>,</strong></span> <span class='ocrx_word' id='word_1_219' title='bbox 1459 2842 1784 2884; x_wconf 74' lang='lat' dir='ltr'><strong>mconomus</strong></span> <span class='ocrx_word' id='word_1_220' title='bbox 1803 2865 1819 2892; x_wconf 88' lang='lat'><strong>,</strong></span> <span class='ocrx_word' id='word_1_221' title='bbox 1848 2834 1904 2880; x_wconf 87' lang='lat' dir='ltr'><strong>et</strong></span> <span class='ocrx_word' id='word_1_222' title='bbox 1932 2823 2124 2894; x_wconf 82' lang='lat' dir='ltr'><strong>reliqui</strong></span> 
     </span>
    </p>
   </div>
   <div class='ocr_carea' id='block_1_32' title="bbox 541 2923 1727 2982">
    <p class='ocr_par' dir='ltr' id='par_1_32' title="bbox 541 2923 1727 2982">
     <span class='ocr_line' id='line_1_32' title="bbox 541 2923 1727 2982; baseline -0.006 -2"><span class='ocrx_word' id='word_1_223' title='bbox 541 2925 760 2982; x_wconf 83' lang='lat' dir='ltr'><strong>fratres.</strong></span> <span class='ocrx_word' id='word_1_224' title='bbox 794 2925 1062 2981; x_wconf 86' lang='lat' dir='ltr'><strong>Dominus</strong></span> <span class='ocrx_word' id='word_1_225' title='bbox 1091 2925 1162 2979; x_wconf 89' lang='lat' dir='ltr'><strong>sit</strong></span> <span class='ocrx_word' id='word_1_226' title='bbox 1189 2923 1500 2979; x_wconf 82' lang='lat' dir='ltr'><strong>vobiscum.</strong></span> <span class='ocrx_word' id='word_1_227' title='bbox 1531 2923 1727 2976; x_wconf 80' lang='lat' dir='ltr'><strong>Amen.</strong></span> 
     </span>
    </p>
   </div>
   <div class='ocr_carea' id='block_1_33' title="bbox 909 3118 1661 3190">
    <p class='ocr_par' dir='ltr' id='par_1_33' title="bbox 909 3118 1661 3190">
     <span class='ocr_line' id='line_1_33' title="bbox 909 3118 1661 3190; baseline -0.001 -15"><span class='ocrx_word' id='word_1_228' title='bbox 909 3123 995 3182; x_wconf 83' lang='lat' dir='ltr'><strong>Cl.</strong></span> <span class='ocrx_word' id='word_1_229' title='bbox 1032 3152 1101 3162; x_wconf 91' lang='lat'><strong>—-</strong></span> <span class='ocrx_word' id='word_1_230' title='bbox 1138 3119 1302 3176; x_wconf 80' lang='lat' dir='ltr'><strong>Petro</strong></span> <span class='ocrx_word' id='word_1_231' title='bbox 1339 3118 1562 3175; x_wconf 67' lang='grc' dir='ltr'>Νίσαια.</span> <span class='ocrx_word' id='word_1_232' title='bbox 1598 3119 1661 3190; x_wconf 63' lang='grc' dir='ltr'><strong>ς)</strong></span> 
     </span>
    </p>
   </div>
   <div class='ocr_carea' id='block_1_34' title="bbox 2227 513 3808 588">
    <p class='ocr_par' dir='ltr' id='par_1_34' title="bbox 2227 513 3808 588">
     <span class='ocr_line' id='line_1_34' title="bbox 2227 513 3808 588; baseline 0.002 -18"><span class='ocrx_word' id='word_1_233' title='bbox 2227 515 2373 588; x_wconf 81' lang='grc' dir='ltr'>φαλὴ</span> <span class='ocrx_word' id='word_1_234' title='bbox 2428 516 2650 571; x_wconf 81' lang='grc' dir='ltr'>πάντων</span> <span class='ocrx_word' id='word_1_235' title='bbox 2675 530 2690 546; x_wconf 83' lang='grc'>⁶</span> <span class='ocrx_word' id='word_1_236' title='bbox 2727 513 3003 578; x_wconf 79' lang='grc' dir='ltr'><strong>ὡσαύτως</strong></span> <span class='ocrx_word' id='word_1_237' title='bbox 3048 514 3337 585; x_wconf 66' lang='grc' dir='ltr'>ᾐκίσαντο,</span> <span class='ocrx_word' id='word_1_238' title='bbox 3379 515 3649 584; x_wconf 74' lang='grc' dir='ltr'>ἔκτειναν,</span> <span class='ocrx_word' id='word_1_239' title='bbox 3694 519 3808 574; x_wconf 72' lang='grc' dir='ltr'>ἑλι-</span> 
     </span>
    </p>
   </div>
   <div class='ocr_carea' id='block_1_35' title="bbox 2227 603 3808 679">
    <p class='ocr_par' dir='ltr' id='par_1_35' title="bbox 2227 603 3808 679">
     <span class='ocr_line' id='line_1_35' title="bbox 2227 603 3808 679; baseline 0.003 -19"><span class='ocrx_word' id='word_1_240' title='bbox 2227 607 2666 679; x_wconf 80' lang='grc' dir='ltr'>μαγχονήσαντο,</span> <span class='ocrx_word' id='word_1_241' title='bbox 2691 605 2790 660; x_wconf 80' lang='grc' dir='ltr'>καὶ</span> <span class='ocrx_word' id='word_1_242' title='bbox 2815 605 2914 658; x_wconf 81' lang='grc' dir='ltr'>ὅσα</span> <span class='ocrx_word' id='word_1_243' title='bbox 2943 603 3082 660; x_wconf 77' lang='grc' dir='ltr'>ἄλλα</span> <span class='ocrx_word' id='word_1_244' title='bbox 3105 604 3318 670; x_wconf 80' lang='grc' dir='ltr'><strong>τούτοις</strong></span> <span class='ocrx_word' id='word_1_245' title='bbox 3345 605 3613 676; x_wconf 72' lang='grc' dir='ltr'>ἑπόμενα.</span> <span class='ocrx_word' id='word_1_246' title='bbox 3658 607 3717 663; x_wconf 85' lang='lat'><strong>&#39;0</strong></span> <span class='ocrx_word' id='word_1_247' title='bbox 3743 609 3808 664; x_wconf 72' lang='grc' dir='ltr'>δι</span> 
     </span>
    </p>
   </div>
   <div class='ocr_carea' id='block_1_36' title="bbox 2226 695 3806 770">
    <p class='ocr_par' dir='ltr' id='par_1_36' title="bbox 2226 695 3806 770">
     <span class='ocr_line' id='line_1_36' title="bbox 2226 695 3806 770; baseline 0.002 -19"><span class='ocrx_word' id='word_1_248' title='bbox 2226 698 2338 752; x_wconf 83' lang='grc' dir='ltr'>ἀπὸ</span> <span class='ocrx_word' id='word_1_249' title='bbox 2365 697 2475 750; x_wconf 86' lang='grc' dir='ltr'><strong>τῶν</strong></span> <span class='ocrx_word' id='word_1_250' title='bbox 2494 696 2929 768; x_wconf 78' lang='grc' dir='ltr'>δυσφορωτάτων</span> <span class='ocrx_word' id='word_1_251' title='bbox 2950 695 3176 750; x_wconf 78' lang='grc' dir='ltr'><strong>ἐκείνων</strong></span> <span class='ocrx_word' id='word_1_252' title='bbox 3193 696 3420 769; x_wconf 82' lang='grc' dir='ltr'>πληγῶν</span> <span class='ocrx_word' id='word_1_253' title='bbox 3443 699 3806 770; x_wconf 77' lang='grc' dir='ltr'>παραλυθεὶς,</span> 
     </span>
    </p>
   </div>
   <div class='ocr_carea' id='block_1_37' title="bbox 2225 787 3811 860">
    <p class='ocr_par' dir='ltr' id='par_1_37' title="bbox 2225 787 3811 860">
     <span class='ocr_line' id='line_1_37' title="bbox 2225 787 3811 860; baseline 0 -16"><span class='ocrx_word' id='word_1_254' title='bbox 2225 789 2322 844; x_wconf 73' lang='grc' dir='ltr'>καὶ</span> <span class='ocrx_word' id='word_1_255' title='bbox 2346 787 2738 860; x_wconf 77' lang='grc' dir='ltr'>ὲξαρθρωθεὶς,</span> <span class='ocrx_word' id='word_1_256' title='bbox 2763 788 2859 842; x_wconf 80' lang='grc' dir='ltr'>καὶ</span> <span class='ocrx_word' id='word_1_257' title='bbox 2888 789 3294 858; x_wconf 83' lang='grc' dir='ltr'>χειρουργεῖται</span> <span class='ocrx_word' id='word_1_258' title='bbox 3327 787 3506 852; x_wconf 88' lang='grc' dir='ltr'>ἀνίαις</span> <span class='ocrx_word' id='word_1_259' title='bbox 3530 789 3811 860; x_wconf 88' lang='grc' dir='ltr'>δριμείαις</span> 
     </span>
    </p>
   </div>
   <div class='ocr_carea' id='block_1_38' title="bbox 2226 880 3812 952">
    <p class='ocr_par' dir='ltr' id='par_1_38' title="bbox 2226 880 3812 952">
     <span class='ocr_line' id='line_1_38' title="bbox 2226 880 3812 952; baseline 0.001 -17"><span class='ocrx_word' id='word_1_260' title='bbox 2226 881 2288 935; x_wconf 81' lang='grc' dir='ltr'>τὸ</span> <span class='ocrx_word' id='word_1_261' title='bbox 2324 882 2506 952; x_wconf 82' lang='grc' dir='ltr'>σῶμα,</span> <span class='ocrx_word' id='word_1_262' title='bbox 2535 881 2630 935; x_wconf 76' lang='grc' dir='ltr'><strong>καὶ</strong></span> <span class='ocrx_word' id='word_1_263' title='bbox 2662 881 2850 935; x_wconf 74' lang='grc' dir='ltr'>ἔκτοτε</span> <span class='ocrx_word' id='word_1_264' title='bbox 2882 880 3043 951; x_wconf 89' lang='grc' dir='ltr'>μέχρι</span> <span class='ocrx_word' id='word_1_265' title='bbox 3064 880 3251 944; x_wconf 83' lang='grc' dir='ltr'><strong>τέλους</strong></span> <span class='ocrx_word' id='word_1_266' title='bbox 3285 880 3534 934; x_wconf 75' lang='grc' dir='ltr'>ἐντεῦθεν</span> <span class='ocrx_word' id='word_1_267' title='bbox 3561 883 3812 936; x_wconf 73' lang='grc' dir='ltr'>διαλελυε-</span> 
     </span>
    </p>
   </div>
   <div class='ocr_carea' id='block_1_39' title="bbox 2233 972 3816 1046">
    <p class='ocr_par' dir='ltr' id='par_1_39' title="bbox 2233 972 3816 1046">
     <span class='ocr_line' id='line_1_39' title="bbox 2233 972 3816 1046; baseline 0.001 -19"><span class='ocrx_word' id='word_1_268' title='bbox 2233 975 2412 1046; x_wconf 79' lang='grc' dir='ltr'>μένος,</span> <span class='ocrx_word' id='word_1_269' title='bbox 2429 973 2506 1038; x_wconf 83' lang='grc' dir='ltr'><strong>ὡς</strong></span> <span class='ocrx_word' id='word_1_270' title='bbox 2533 972 2859 1044; x_wconf 87' lang='grc' dir='ltr'>καθημέραν</span> <span class='ocrx_word' id='word_1_271' title='bbox 2879 973 3240 1044; x_wconf 80' lang='grc' dir='ltr'><strong>ἀποθνήσκων</strong></span> <span class='ocrx_word' id='word_1_272' title='bbox 3269 972 3518 1037; x_wconf 86' lang='grc' dir='ltr'>διετέλει,</span> <span class='ocrx_word' id='word_1_273' title='bbox 3547 973 3645 1026; x_wconf 89' lang='grc' dir='ltr'><strong>καί</strong></span> <span class='ocrx_word' id='word_1_274' title='bbox 3665 991 3728 1042; x_wconf 86' lang='grc' dir='ltr'><strong>γε</strong></span> <span class='ocrx_word' id='word_1_275' title='bbox 3752 975 3816 1029; x_wconf 76' lang='grc' dir='ltr'>ὲν</span> 
     </span>
    </p>
   </div>
   <div class='ocr_carea' id='block_1_40' title="bbox 2228 1064 3814 1140">
    <p class='ocr_par' dir='ltr' id='par_1_40' title="bbox 2228 1064 3814 1140">
     <span class='ocr_line' id='line_1_40' title="bbox 2228 1064 3814 1140; baseline 0.001 -20"><span class='ocrx_word' id='word_1_276' title='bbox 2228 1067 2574 1140; x_wconf 74' lang='grc' dir='ltr'>εὐχαριστίᾳ,</span> <span class='ocrx_word' id='word_1_277' title='bbox 2603 1065 2697 1119; x_wconf 88' lang='grc' dir='ltr'><strong>καί</strong></span> <span class='ocrx_word' id='word_1_278' title='bbox 2722 1082 2788 1134; x_wconf 83' lang='grc' dir='ltr'><strong>γε</strong></span> <span class='ocrx_word' id='word_1_279' title='bbox 2821 1066 2878 1118; x_wconf 75' lang='grc' dir='ltr'>ὲν</span> <span class='ocrx_word' id='word_1_280' title='bbox 2910 1064 3406 1137; x_wconf 76' lang='grc' dir='ltr'><strong>ταπεινοφροσύνῃ.</strong></span> <span class='ocrx_word' id='word_1_281' title='bbox 3431 1067 3493 1119; x_wconf 73' lang='lat' dir='ltr'><strong>Et</strong></span> <span class='ocrx_word' id='word_1_282' title='bbox 3530 1065 3609 1130; x_wconf 88' lang='grc' dir='ltr'>δὲ,</span> <span class='ocrx_word' id='word_1_283' title='bbox 3630 1067 3706 1130; x_wconf 85' lang='grc' dir='ltr'><strong>ὡς</strong></span> <span class='ocrx_word' id='word_1_284' title='bbox 3745 1069 3814 1121; x_wconf 71' lang='grc' dir='ltr'>σὺ</span> 
     </span>
    </p>
   </div>
   <div class='ocr_carea' id='block_1_41' title="bbox 2229 1155 3818 1231">
    <p class='ocr_par' dir='ltr' id='par_1_41' title="bbox 2229 1155 3818 1231">
     <span class='ocr_line' id='line_1_41' title="bbox 2229 1155 3818 1231; baseline 0 -19"><span class='ocrx_word' id='word_1_285' title='bbox 2229 1159 2357 1231; x_wconf 81' lang='grc' dir='ltr'>φὴς,</span> <span class='ocrx_word' id='word_1_286' title='bbox 2393 1160 2490 1212; x_wconf 77' lang='grc' dir='ltr'>καὶ</span> <span class='ocrx_word' id='word_1_287' title='bbox 2516 1157 2607 1210; x_wconf 85' lang='grc' dir='ltr'>τὸν</span> <span class='ocrx_word' id='word_1_288' title='bbox 2638 1156 2868 1212; x_wconf 82' lang='grc' dir='ltr'>θάνατον</span> <span class='ocrx_word' id='word_1_289' title='bbox 2899 1155 3066 1210; x_wconf 82' lang='grc' dir='ltr'>αὐτοῦ</span> <span class='ocrx_word' id='word_1_290' title='bbox 3098 1158 3496 1228; x_wconf 72' lang='grc' dir='ltr'><strong>προηγόρευσε,</strong></span> <span class='ocrx_word' id='word_1_291' title='bbox 3529 1159 3627 1212; x_wconf 77' lang='grc' dir='ltr'>καὶ</span> <span class='ocrx_word' id='word_1_292' title='bbox 3654 1159 3818 1213; x_wconf 83' lang='grc' dir='ltr'>τοῦτο</span> 
     </span>
    </p>
   </div>
   <div class='ocr_carea' id='block_1_42' title="bbox 2229 1248 3818 1321">
    <p class='ocr_par' dir='ltr' id='par_1_42' title="bbox 2229 1248 3818 1321">
     <span class='ocr_line' id='line_1_42' title="bbox 2229 1248 3818 1321; baseline -0.001 -15"><span class='ocrx_word' id='word_1_293' title='bbox 2229 1251 2523 1306; x_wconf 87' lang='grc' dir='ltr'>ἀκόλουθον</span> <span class='ocrx_word' id='word_1_294' title='bbox 2582 1250 2692 1304; x_wconf 85' lang='grc' dir='ltr'><strong>τῶν</strong></span> <span class='ocrx_word' id='word_1_295' title='bbox 2749 1249 2946 1304; x_wconf 73' lang='grc' dir='ltr'>ἄθλων.</span> <span class='ocrx_word' id='word_1_296' title='bbox 2993 1248 3216 1321; x_wconf 76' lang='grc' dir='ltr'>Ἐπειδὴ</span> <span class='ocrx_word' id='word_1_297' title='bbox 3264 1250 3320 1302; x_wconf 82' lang='grc' dir='ltr'>δὲ</span> <span class='ocrx_word' id='word_1_298' title='bbox 3368 1254 3673 1321; x_wconf 83' lang='grc' dir='ltr'>προσεῖπας</span> <span class='ocrx_word' id='word_1_299' title='bbox 3717 1254 3818 1306; x_wconf 81' lang='grc' dir='ltr'>καὶ</span> 
     </span>
    </p>
   </div>
   <div class='ocr_carea' id='block_1_43' title="bbox 2229 1340 3817 1414">
    <p class='ocr_par' dir='ltr' id='par_1_43' title="bbox 2229 1340 3817 1414">
     <span class='ocr_line' id='line_1_43' title="bbox 2229 1340 3817 1414; baseline -0.001 -18"><span class='ocrx_word' id='word_1_300' title='bbox 2229 1342 2656 1414; x_wconf 81' lang='grc' dir='ltr'>πολυάνθρωπον</span> <span class='ocrx_word' id='word_1_301' title='bbox 2684 1340 2989 1414; x_wconf 82' lang='grc' dir='ltr'>συνδρομὴν</span> <span class='ocrx_word' id='word_1_302' title='bbox 3017 1341 3272 1410; x_wconf 83' lang='grc' dir='ltr'>γενέσθαι</span> <span class='ocrx_word' id='word_1_303' title='bbox 3306 1341 3406 1412; x_wconf 81' lang='grc' dir='ltr'>τῆς</span> <span class='ocrx_word' id='word_1_304' title='bbox 3445 1343 3687 1414; x_wconf 78' lang='grc' dir='ltr'><strong>κηδείας,</strong></span> <span class='ocrx_word' id='word_1_305' title='bbox 3717 1343 3817 1397; x_wconf 84' lang='grc' dir='ltr'><strong>καί</strong></span> 
     </span>
    </p>
   </div>
   <div class='ocr_carea' id='block_1_44' title="bbox 2229 1433 3816 1505">
    <p class='ocr_par' dir='ltr' id='par_1_44' title="bbox 2229 1433 3816 1505">
     <span class='ocr_line' id='line_1_44' title="bbox 2229 1433 3816 1505; baseline 0.001 -19"><span class='ocrx_word' id='word_1_306' title='bbox 2229 1451 2292 1503; x_wconf 90' lang='grc' dir='ltr'><strong>γε</strong></span> <span class='ocrx_word' id='word_1_307' title='bbox 2343 1434 2452 1488; x_wconf 78' lang='grc' dir='ltr'><strong>ἀπὸ</strong></span> <span class='ocrx_word' id='word_1_308' title='bbox 2483 1434 2593 1486; x_wconf 84' lang='grc' dir='ltr'><strong>τῶν</strong></span> <span class='ocrx_word' id='word_1_309' title='bbox 2624 1433 2940 1504; x_wconf 82' lang='grc' dir='ltr'>περιφανῶν</span> <span class='ocrx_word' id='word_1_310' title='bbox 2977 1433 3100 1486; x_wconf 86' lang='grc' dir='ltr'>κατ’</span> <span class='ocrx_word' id='word_1_311' title='bbox 3127 1433 3437 1504; x_wconf 78' lang='grc' dir='ltr'>ἀμφότερα,</span> <span class='ocrx_word' id='word_1_312' title='bbox 3479 1436 3560 1487; x_wconf 77' lang='grc' dir='ltr'>ἔτι</span> <span class='ocrx_word' id='word_1_313' title='bbox 3595 1435 3816 1505; x_wconf 77' lang='grc' dir='ltr'>μαρτύο</span> 
     </span>
    </p>
   </div>
   <div class='ocr_carea' id='block_1_45' title="bbox 2233 1520 3821 1596">
    <p class='ocr_par' dir='ltr' id='par_1_45' title="bbox 2233 1520 3821 1596">
     <span class='ocr_line' id='line_1_45' title="bbox 2233 1520 3821 1596; baseline 0.001 -20"><span class='ocrx_word' id='word_1_314' title='bbox 2233 1541 2346 1596; x_wconf 90' lang='grc' dir='ltr'>ριον</span> <span class='ocrx_word' id='word_1_315' title='bbox 2391 1522 2487 1576; x_wconf 81' lang='grc' dir='ltr'><strong>τοῦ</strong></span> <span class='ocrx_word' id='word_1_316' title='bbox 2535 1521 2718 1592; x_wconf 87' lang='grc' dir='ltr'>λόγου.</span> <span class='ocrx_word' id='word_1_317' title='bbox 2755 1524 2830 1576; x_wconf 92' lang='grc' dir='ltr'>Οὐ</span> <span class='ocrx_word' id='word_1_318' title='bbox 2865 1521 2974 1592; x_wconf 86' lang='grc' dir='ltr'>γὰρ</span> <span class='ocrx_word' id='word_1_319' title='bbox 3002 1520 3071 1575; x_wconf 82' lang='grc' dir='ltr'>ἂν</span> <span class='ocrx_word' id='word_1_320' title='bbox 3099 1521 3179 1586; x_wconf 82' lang='grc' dir='ltr'><strong>είς</strong></span> <span class='ocrx_word' id='word_1_321' title='bbox 3212 1521 3498 1594; x_wconf 72' lang='grc' dir='ltr'>ἄνθρωπον</span> <span class='ocrx_word' id='word_1_322' title='bbox 3532 1524 3720 1594; x_wconf 81' lang='grc' dir='ltr'>ἀφανῆ</span> <span class='ocrx_word' id='word_1_323' title='bbox 3755 1526 3821 1577; x_wconf 80' lang='grc' dir='ltr'><strong>τὺ</strong></span> 
     </span>
    </p>
   </div>
   <div class='ocr_carea' id='block_1_46' title="bbox 2230 1611 3819 1686">
    <p class='ocr_par' dir='ltr' id='par_1_46' title="bbox 2230 1611 3819 1686">
     <span class='ocr_line' id='line_1_46' title="bbox 2230 1611 3819 1686; baseline 0 -18"><span class='ocrx_word' id='word_1_324' title='bbox 2230 1616 2372 1669; x_wconf 76' lang='grc' dir='ltr'>κατὰ</span> <span class='ocrx_word' id='word_1_325' title='bbox 2399 1615 2602 1684; x_wconf 85' lang='grc' dir='ltr'>σάρκα,</span> <span class='ocrx_word' id='word_1_326' title='bbox 2630 1615 2679 1666; x_wconf 88' lang='grc' dir='ltr'><strong>εί</strong></span> <span class='ocrx_word' id='word_1_327' title='bbox 2703 1614 2778 1684; x_wconf 85' lang='grc' dir='ltr'>μὴ</span> <span class='ocrx_word' id='word_1_328' title='bbox 2803 1611 2939 1666; x_wconf 88' lang='grc' dir='ltr'><strong>Θεοῦ</strong></span> <span class='ocrx_word' id='word_1_329' title='bbox 2971 1612 3174 1678; x_wconf 88' lang='grc' dir='ltr'>νεύσει,</span> <span class='ocrx_word' id='word_1_330' title='bbox 3203 1615 3236 1684; x_wconf 81' lang='grc' dir='ltr'>ἠ</span> <span class='ocrx_word' id='word_1_331' title='bbox 3263 1614 3488 1685; x_wconf 82' lang='grc' dir='ltr'>τοιαύτη</span> <span class='ocrx_word' id='word_1_332' title='bbox 3527 1615 3819 1686; x_wconf 76' lang='grc' dir='ltr'>συναθροι-</span> 
     </span>
    </p>
   </div>
   <div class='ocr_carea' id='block_1_47' title="bbox 2233 1701 3819 1780">
    <p class='ocr_par' dir='ltr' id='par_1_47' title="bbox 2233 1701 3819 1780">
     <span class='ocr_line' id='line_1_47' title="bbox 2233 1701 3819 1780; baseline -0.005 -19"><span class='ocrx_word' id='word_1_333' title='bbox 2233 1726 2314 1772; x_wconf 86' lang='grc' dir='ltr'><strong>σις</strong></span> <span class='ocrx_word' id='word_1_334' title='bbox 2345 1708 2608 1777; x_wconf 80' lang='grc' dir='ltr'>ἐγεγόνει.</span> <span class='ocrx_word' id='word_1_335' title='bbox 2651 1707 2890 1770; x_wconf 81' lang='grc' dir='ltr'>Ἐκεῖνος</span> <span class='ocrx_word' id='word_1_336' title='bbox 2930 1706 3030 1776; x_wconf 87' lang='grc' dir='ltr'>μὲν</span> <span class='ocrx_word' id='word_1_337' title='bbox 3073 1701 3166 1759; x_wconf 78' lang='grc' dir='ltr'>οὖν</span> <span class='ocrx_word' id='word_1_338' title='bbox 3208 1707 3411 1779; x_wconf 77' lang='grc' dir='ltr'>μετέϐη</span> <span class='ocrx_word' id='word_1_339' title='bbox 3465 1708 3600 1779; x_wconf 75' lang='grc' dir='ltr'>πρὸς</span> <span class='ocrx_word' id='word_1_340' title='bbox 3646 1709 3819 1780; x_wconf 71' lang='grc' dir='ltr'>οὐρα.</span> 
     </span>
    </p>
   </div>
   <div class='ocr_carea' id='block_1_48' title="bbox 2230 1799 3816 1874">
    <p class='ocr_par' dir='ltr' id='par_1_48' title="bbox 2230 1799 3816 1874">
     <span class='ocr_line' id='line_1_48' title="bbox 2230 1799 3816 1874; baseline 0.001 -19"><span class='ocrx_word' id='word_1_341' title='bbox 2230 1802 2344 1865; x_wconf 82' lang='grc' dir='ltr'>νὸν,</span> <span class='ocrx_word' id='word_1_342' title='bbox 2393 1804 2490 1855; x_wconf 78' lang='grc' dir='ltr'>καὶ</span> <span class='ocrx_word' id='word_1_343' title='bbox 2537 1799 2839 1874; x_wconf 85' lang='grc' dir='ltr'>προσετέθη</span> <span class='ocrx_word' id='word_1_344' title='bbox 2875 1802 2988 1864; x_wconf 86' lang='grc' dir='ltr'>τοῖς</span> <span class='ocrx_word' id='word_1_345' title='bbox 3028 1799 3334 1868; x_wconf 85' lang='grc' dir='ltr'>συνάθλοις,</span> <span class='ocrx_word' id='word_1_346' title='bbox 3380 1801 3475 1856; x_wconf 75' lang='grc' dir='ltr'>καὶ</span> <span class='ocrx_word' id='word_1_347' title='bbox 3513 1802 3760 1874; x_wconf 71' lang='grc' dir='ltr'>ηὔξησεν</span> <span class='ocrx_word' id='word_1_348' title='bbox 3786 1805 3816 1856; x_wconf 87' lang='grc' dir='ltr'>ὁ</span> 
     </span>
    </p>
   </div>
   <div class='ocr_carea' id='block_1_49' title="bbox 2232 1892 3811 1966">
    <p class='ocr_par' dir='ltr' id='par_1_49' title="bbox 2232 1892 3811 1966">
     <span class='ocr_line' id='line_1_49' title="bbox 2232 1892 3811 1966; baseline 0.002 -20"><span class='ocrx_word' id='word_1_349' title='bbox 2232 1895 2392 1966; x_wconf 90' lang='grc' dir='ltr'>χορὸς</span> <span class='ocrx_word' id='word_1_350' title='bbox 2421 1893 2533 1947; x_wconf 85' lang='grc' dir='ltr'><strong>τῶν</strong></span> <span class='ocrx_word' id='word_1_351' title='bbox 2571 1894 2669 1948; x_wconf 85' lang='grc' dir='ltr'><strong>ἀπ’</strong></span> <span class='ocrx_word' id='word_1_352' title='bbox 2705 1893 2901 1956; x_wconf 85' lang='grc' dir='ltr'>αἰῶνος</span> <span class='ocrx_word' id='word_1_353' title='bbox 2944 1892 3294 1964; x_wconf 87' lang='grc' dir='ltr'>όμολογητῶν</span> <span class='ocrx_word' id='word_1_354' title='bbox 3341 1893 3438 1948; x_wconf 74' lang='grc' dir='ltr'>καὶ</span> <span class='ocrx_word' id='word_1_355' title='bbox 3488 1896 3811 1966; x_wconf 84' lang='grc' dir='ltr'>μαρτύρων.</span> 
     </span>
    </p>
   </div>
   <div class='ocr_carea' id='block_1_50' title="bbox 2247 1978 3816 2057">
    <p class='ocr_par' dir='ltr' id='par_1_50' title="bbox 2247 1978 3816 2057">
     <span class='ocr_line' id='line_1_50' title="bbox 2247 1978 3816 2057; baseline 0.002 -19"><span class='ocrx_word' id='word_1_356' title='bbox 2247 1986 2364 2055; x_wconf 78' lang='grc' dir='ltr'><strong>Ἐφ’</strong></span> <span class='ocrx_word' id='word_1_357' title='bbox 2391 1978 2436 2054; x_wconf 84' lang='grc' dir='ltr'>ᾧ</span> <span class='ocrx_word' id='word_1_358' title='bbox 2466 1985 2610 2057; x_wconf 86' lang='grc' dir='ltr'><strong>χαρά</strong></span> <span class='ocrx_word' id='word_1_359' title='bbox 2638 1986 2698 2038; x_wconf 78' lang='grc' dir='ltr'>ἐν</span> <span class='ocrx_word' id='word_1_360' title='bbox 2716 1983 2931 2056; x_wconf 84' lang='grc' dir='ltr'>οὐρανῷ</span> <span class='ocrx_word' id='word_1_361' title='bbox 2958 1984 3054 2038; x_wconf 79' lang='grc' dir='ltr'>καὶ</span> <span class='ocrx_word' id='word_1_362' title='bbox 3081 1983 3342 2056; x_wconf 75' lang='grc' dir='ltr'>θυμηδίᾳ,</span> <span class='ocrx_word' id='word_1_363' title='bbox 3374 1979 3435 2039; x_wconf 78' lang='grc' dir='ltr'>οὗ</span> <span class='ocrx_word' id='word_1_364' title='bbox 3465 1988 3588 2050; x_wconf 86' lang='grc' dir='ltr'>ταῖς</span> <span class='ocrx_word' id='word_1_365' title='bbox 3621 1986 3816 2057; x_wconf 80' lang='grc' dir='ltr'>εὐχαῖς</span> 
     </span>
    </p>
   </div>
   <div class='ocr_carea' id='block_1_51' title="bbox 2232 2077 3816 2150">
    <p class='ocr_par' dir='ltr' id='par_1_51' title="bbox 2232 2077 3816 2150">
     <span class='ocr_line' id='line_1_51' title="bbox 2232 2077 3816 2150; baseline 0.001 -18"><span class='ocrx_word' id='word_1_366' title='bbox 2232 2078 2558 2150; x_wconf 85' lang='grc' dir='ltr'>σωθείημεν,</span> <span class='ocrx_word' id='word_1_367' title='bbox 2606 2078 2851 2148; x_wconf 80' lang='grc' dir='ltr'>ἀδελφοί·</span> <span class='ocrx_word' id='word_1_368' title='bbox 2883 2077 3033 2149; x_wconf 78' lang='grc' dir='ltr'>εὖροι</span> <span class='ocrx_word' id='word_1_369' title='bbox 3080 2095 3141 2132; x_wconf 92' lang='grc' dir='ltr'><strong>τε</strong></span> <span class='ocrx_word' id='word_1_370' title='bbox 3191 2079 3615 2149; x_wconf 85' lang='grc' dir='ltr'>μισθαποδοσίαν</span> <span class='ocrx_word' id='word_1_371' title='bbox 3653 2079 3816 2144; x_wconf 82' lang='grc' dir='ltr'>ἀξίαν</span> 
     </span>
    </p>
   </div>
   <div class='ocr_carea' id='block_1_52' title="bbox 2229 2170 3818 2244">
    <p class='ocr_par' dir='ltr' id='par_1_52' title="bbox 2229 2170 3818 2244">
     <span class='ocr_line' id='line_1_52' title="bbox 2229 2170 3818 2244; baseline 0.001 -18"><span class='ocrx_word' id='word_1_372' title='bbox 2229 2172 2333 2241; x_wconf 82' lang='grc' dir='ltr'>τῆς</span> <span class='ocrx_word' id='word_1_373' title='bbox 2371 2171 2527 2236; x_wconf 83' lang='grc' dir='ltr'>ὁσίας</span> <span class='ocrx_word' id='word_1_374' title='bbox 2579 2170 3030 2243; x_wconf 78' lang='grc' dir='ltr'>ὲξυπηρετήσεως</span> <span class='ocrx_word' id='word_1_375' title='bbox 3085 2171 3275 2226; x_wconf 81' lang='grc' dir='ltr'>αὐτοῦ.</span> <span class='ocrx_word' id='word_1_376' title='bbox 3336 2172 3709 2244; x_wconf 80' lang='grc' dir='ltr'>Εὐλογημένοι</span> <span class='ocrx_word' id='word_1_377' title='bbox 3755 2173 3818 2227; x_wconf 76' lang='grc' dir='ltr'>δὲ</span> 
     </span>
    </p>
   </div>
   <div class='ocr_carea' id='block_1_53' title="bbox 2232 2263 3818 2334">
    <p class='ocr_par' dir='ltr' id='par_1_53' title="bbox 2232 2263 3818 2334">
     <span class='ocr_line' id='line_1_53' title="bbox 2232 2263 3818 2334; baseline -0.001 -16"><span class='ocrx_word' id='word_1_378' title='bbox 2232 2264 2327 2318; x_wconf 78' lang='grc' dir='ltr'>καὶ</span> <span class='ocrx_word' id='word_1_379' title='bbox 2401 2264 2452 2317; x_wconf 78' lang='grc' dir='ltr'>οἱ</span> <span class='ocrx_word' id='word_1_380' title='bbox 2524 2263 2974 2334; x_wconf 85' lang='grc' dir='ltr'>συναγερθέντες,</span> <span class='ocrx_word' id='word_1_381' title='bbox 3007 2263 3084 2328; x_wconf 88' lang='grc' dir='ltr'><strong>ὡς</strong></span> <span class='ocrx_word' id='word_1_382' title='bbox 3131 2263 3346 2334; x_wconf 83' lang='grc' dir='ltr'>ἀληθῶς</span> <span class='ocrx_word' id='word_1_383' title='bbox 3397 2264 3664 2330; x_wconf 76' lang='grc' dir='ltr'>εὐσεϐεῖς,</span> <span class='ocrx_word' id='word_1_384' title='bbox 3735 2264 3818 2329; x_wconf 87' lang='grc' dir='ltr'><strong>ὡς</strong></span> 
     </span>
    </p>
   </div>
   <div class='ocr_carea' id='block_1_54' title="bbox 2251 2349 3819 2428">
    <p class='ocr_par' dir='ltr' id='par_1_54' title="bbox 2251 2349 3819 2428">
     <span class='ocr_line' id='line_1_54' title="bbox 2251 2349 3819 2428; baseline 0 -19"><span class='ocrx_word' id='word_1_385' title='bbox 2251 2355 2468 2427; x_wconf 87' lang='grc' dir='ltr'>ἀληθῶς</span> <span class='ocrx_word' id='word_1_386' title='bbox 2516 2355 2924 2428; x_wconf 79' lang='grc' dir='ltr'>φιλομάρτυρες</span> <span class='ocrx_word' id='word_1_387' title='bbox 2959 2373 2974 2387; x_wconf 88' lang='grc'><strong>·</strong></span> <span class='ocrx_word' id='word_1_388' title='bbox 3042 2349 3119 2409; x_wconf 83' lang='grc' dir='ltr'>ὦν</span> <span class='ocrx_word' id='word_1_389' title='bbox 3178 2357 3337 2428; x_wconf 78' lang='grc' dir='ltr'>μερὶς</span> <span class='ocrx_word' id='word_1_390' title='bbox 3412 2357 3534 2428; x_wconf 86' lang='grc' dir='ltr'>μεθ’</span> <span class='ocrx_word' id='word_1_391' title='bbox 3597 2352 3661 2412; x_wconf 75' lang='grc' dir='ltr'>οὗ</span> <span class='ocrx_word' id='word_1_392' title='bbox 3721 2357 3819 2424; x_wconf 80' lang='grc' dir='ltr'><strong>ἐξ-</strong></span> 
     </span>
    </p>
   </div>
   <div class='ocr_carea' id='block_1_55' title="bbox 2233 2442 3817 2519">
    <p class='ocr_par' dir='ltr' id='par_1_55' title="bbox 2233 2442 3817 2519">
     <span class='ocr_line' id='line_1_55' title="bbox 2233 2442 3817 2519; baseline 0.003 -19"><span class='ocrx_word' id='word_1_393' title='bbox 2233 2448 2561 2519; x_wconf 89' lang='grc' dir='ltr'>εκομίσαντο</span> <span class='ocrx_word' id='word_1_394' title='bbox 2617 2442 2748 2502; x_wconf 75' lang='grc' dir='ltr'>εἷεν.</span> <span class='ocrx_word' id='word_1_395' title='bbox 2788 2447 2926 2518; x_wconf 81' lang='grc' dir='ltr'>Περὶ</span> <span class='ocrx_word' id='word_1_396' title='bbox 2987 2447 3082 2502; x_wconf 78' lang='grc' dir='ltr'>τοῦ</span> <span class='ocrx_word' id='word_1_397' title='bbox 3141 2449 3324 2517; x_wconf 87' lang='grc' dir='ltr'>τιμίου</span> <span class='ocrx_word' id='word_1_398' title='bbox 3380 2449 3548 2504; x_wconf 79' lang='grc' dir='ltr'>αὐτοῦ</span> <span class='ocrx_word' id='word_1_399' title='bbox 3617 2449 3817 2518; x_wconf 73' lang='grc' dir='ltr'>λειψά-</span> 
     </span>
    </p>
   </div>
   <div class='ocr_carea' id='block_1_56' title="bbox 2232 2540 3820 2613">
    <p class='ocr_par' dir='ltr' id='par_1_56' title="bbox 2232 2540 3820 2613">
     <span class='ocr_line' id='line_1_56' title="bbox 2232 2540 3820 2613; baseline 0.001 -19"><span class='ocrx_word' id='word_1_400' title='bbox 2232 2557 2348 2607; x_wconf 90' lang='grc' dir='ltr'>νου,</span> <span class='ocrx_word' id='word_1_401' title='bbox 2384 2540 2460 2604; x_wconf 85' lang='grc' dir='ltr'>ὡς</span> <span class='ocrx_word' id='word_1_402' title='bbox 2494 2541 2748 2612; x_wconf 82' lang='grc' dir='ltr'>γέγραφα</span> <span class='ocrx_word' id='word_1_403' title='bbox 2790 2541 2921 2613; x_wconf 74' lang='grc' dir='ltr'>περὶ</span> <span class='ocrx_word' id='word_1_404' title='bbox 2963 2541 3209 2606; x_wconf 83' lang='grc' dir='ltr'>κανόνος,</span> <span class='ocrx_word' id='word_1_405' title='bbox 3253 2543 3304 2596; x_wconf 87' lang='grc' dir='ltr'><strong>εί</strong></span> <span class='ocrx_word' id='word_1_406' title='bbox 3344 2543 3559 2596; x_wconf 80' lang='grc' dir='ltr'>εὐδοκεῖ</span> <span class='ocrx_word' id='word_1_407' title='bbox 3583 2543 3820 2612; x_wconf 81' lang='grc' dir='ltr'>Κύριος,</span> 
     </span>
    </p>
   </div>
   <div class='ocr_carea' id='block_1_57' title="bbox 2233 2634 3817 2707">
    <p class='ocr_par' dir='ltr' id='par_1_57' title="bbox 2233 2634 3817 2707">
     <span class='ocr_line' id='line_1_57' title="bbox 2233 2634 3817 2707; baseline 0.003 -19"><span class='ocrx_word' id='word_1_408' title='bbox 2233 2635 2470 2705; x_wconf 75' lang='grc' dir='ltr'>ποιήσω’</span> <span class='ocrx_word' id='word_1_409' title='bbox 2503 2634 2885 2690; x_wconf 80' lang='grc' dir='ltr'>Ἀσπάσασθε</span> <span class='ocrx_word' id='word_1_410' title='bbox 2904 2635 3220 2705; x_wconf 76' lang='grc' dir='ltr'><strong>ἀλλήλους</strong></span> <span class='ocrx_word' id='word_1_411' title='bbox 3240 2635 3310 2690; x_wconf 79' lang='grc' dir='ltr'><strong>ἐν</strong></span> <span class='ocrx_word' id='word_1_412' title='bbox 3331 2637 3622 2707; x_wconf 68' lang='grc' dir='ltr'>φιλήματι</span> <span class='ocrx_word' id='word_1_413' title='bbox 3644 2637 3817 2706; x_wconf 73' lang='grc' dir='ltr'>ἁγίῳ.</span> 
     </span>
    </p>
   </div>
   <div class='ocr_carea' id='block_1_58' title="bbox 2232 2725 3823 2798">
    <p class='ocr_par' dir='ltr' id='par_1_58' title="bbox 2232 2725 3823 2798">
     <span class='ocr_line' id='line_1_58' title="bbox 2232 2725 3823 2798; baseline 0.002 -19"><span class='ocrx_word' id='word_1_414' title='bbox 2232 2726 2348 2780; x_wconf 79' lang='grc' dir='ltr'><strong>Καὶ</strong></span> <span class='ocrx_word' id='word_1_415' title='bbox 2367 2725 2475 2798; x_wconf 87' lang='grc' dir='ltr'><strong>γὰρ</strong></span> <span class='ocrx_word' id='word_1_416' title='bbox 2496 2727 2630 2780; x_wconf 87' lang='grc' dir='ltr'>πᾶσι</span> <span class='ocrx_word' id='word_1_417' title='bbox 2649 2729 2762 2790; x_wconf 84' lang='grc' dir='ltr'>τοῖς</span> <span class='ocrx_word' id='word_1_418' title='bbox 2783 2726 3034 2798; x_wconf 78' lang='grc' dir='ltr'>ἀδελφοῖς</span> <span class='ocrx_word' id='word_1_419' title='bbox 3052 2727 3452 2798; x_wconf 84' lang='grc' dir='ltr'>ἀναγνωστέον.</span> <span class='ocrx_word' id='word_1_420' title='bbox 3483 2730 3823 2793; x_wconf 74' lang='grc' dir='ltr'>Ἀσπάζεται</span> 
     </span>
    </p>
   </div>
   <div class='ocr_carea' id='block_1_59' title="bbox 2235 2817 3822 2892">
    <p class='ocr_par' dir='ltr' id='par_1_59' title="bbox 2235 2817 3822 2892">
     <span class='ocr_line' id='line_1_59' title="bbox 2235 2817 3822 2892; baseline 0.001 -20"><span class='ocrx_word' id='word_1_421' title='bbox 2235 2817 2382 2890; x_wconf 79' lang='grc' dir='ltr'>ὑμᾶς</span> <span class='ocrx_word' id='word_1_422' title='bbox 2409 2821 2438 2873; x_wconf 86' lang='grc' dir='ltr'>ὁ</span> <span class='ocrx_word' id='word_1_423' title='bbox 2470 2821 2659 2888; x_wconf 84' lang='grc' dir='ltr'>κύριος</span> <span class='ocrx_word' id='word_1_424' title='bbox 2683 2819 2712 2872; x_wconf 89' lang='grc' dir='ltr'><strong>ό</strong></span> <span class='ocrx_word' id='word_1_425' title='bbox 2757 2819 3236 2891; x_wconf 85' lang='grc' dir='ltr'>Ἀρχιεπίσκοπος,</span> <span class='ocrx_word' id='word_1_426' title='bbox 3260 2823 3290 2874; x_wconf 89' lang='grc' dir='ltr'><strong>ό</strong></span> <span class='ocrx_word' id='word_1_427' title='bbox 3322 2820 3822 2892; x_wconf 76' lang='grc' dir='ltr'>πρωτοπρεσὸύτε-</span> 
     </span>
    </p>
   </div>
   <div class='ocr_carea' id='block_1_60' title="bbox 2238 2911 3822 2985">
    <p class='ocr_par' dir='ltr' id='par_1_60' title="bbox 2238 2911 3822 2985">
     <span class='ocr_line' id='line_1_60' title="bbox 2238 2911 3822 2985; baseline 0.001 -21"><span class='ocrx_word' id='word_1_428' title='bbox 2238 2928 2354 2982; x_wconf 88' lang='grc' dir='ltr'>ρος,</span> <span class='ocrx_word' id='word_1_429' title='bbox 2395 2914 2425 2965; x_wconf 83' lang='grc' dir='ltr'>ὁ</span> <span class='ocrx_word' id='word_1_430' title='bbox 2467 2911 2772 2979; x_wconf 79' lang='grc' dir='ltr'>οἰκονόμος,</span> <span class='ocrx_word' id='word_1_431' title='bbox 2801 2912 2892 2965; x_wconf 74' lang='grc' dir='ltr'>καὶ</span> <span class='ocrx_word' id='word_1_432' title='bbox 2925 2913 2976 2965; x_wconf 84' lang='grc' dir='ltr'>οί</span> <span class='ocrx_word' id='word_1_433' title='bbox 3019 2911 3197 2967; x_wconf 77' lang='grc' dir='ltr'>λοιποὶ</span> <span class='ocrx_word' id='word_1_434' title='bbox 3225 2912 3465 2985; x_wconf 80' lang='grc' dir='ltr'>ἀδελφοί.</span> <span class='ocrx_word' id='word_1_435' title='bbox 3503 2913 3564 2967; x_wconf 86' lang='lat'><strong>&#39;0</strong></span> <span class='ocrx_word' id='word_1_436' title='bbox 3613 2913 3822 2983; x_wconf 79' lang='grc' dir='ltr'>Κύριος</span> 
     </span>
    </p>
   </div>
   <div class='ocr_carea' id='block_1_61' title="bbox 2239 3003 2797 3075">
    <p class='ocr_par' dir='ltr' id='par_1_61' title="bbox 2239 3003 2797 3075">
     <span class='ocr_line' id='line_1_61' title="bbox 2239 3003 2797 3075; baseline -0.004 -17"><span class='ocrx_word' id='word_1_437' title='bbox 2239 3003 2361 3075; x_wconf 81' lang='grc' dir='ltr'>μεθ’</span> <span class='ocrx_word' id='word_1_438' title='bbox 2391 3003 2566 3075; x_wconf 80' lang='grc' dir='ltr'>ὑμῶν.</span> <span class='ocrx_word' id='word_1_439' title='bbox 2604 3003 2797 3074; x_wconf 79' lang='grc' dir='ltr'>Ἀμήν.</span> 
     </span>
    </p>
   </div>
   <div class='ocr_carea' id='block_1_62' title="bbox 2555 3113 3504 3190">
    <p class='ocr_par' dir='ltr' id='par_1_62' title="bbox 2555 3113 3504 3190">
     <span class='ocr_line' id='line_1_62' title="bbox 2555 3113 3504 3190; baseline 0.007 -23"><span class='ocrx_word' id='word_1_440' title='bbox 2555 3113 2680 3168; x_wconf 79' lang='lat' dir='ltr'><strong>PA’.</strong></span> <span class='ocrx_word' id='word_1_441' title='bbox 2703 3145 2773 3155; x_wconf 90' lang='lat'><strong>—</strong></span> <span class='ocrx_word' id='word_1_442' title='bbox 2799 3113 3000 3185; x_wconf 83' lang='grc' dir='ltr'><strong>Πέτρῳ</strong></span> <span class='ocrx_word' id='word_1_443' title='bbox 3022 3116 3292 3184; x_wconf 75' lang='grc' dir='ltr'>Νικαίας.</span> <span class='ocrx_word' id='word_1_444' title='bbox 3333 3115 3504 3190; x_wconf 86' lang='grc' dir='ltr'>[χιδ’.]</span> 
     </span>
    </p>
   </div>
   <div class='ocr_carea' id='block_1_63' title="bbox 1500 3228 2893 3296">
    <p class='ocr_par' dir='ltr' id='par_1_63' title="bbox 1500 3228 2893 3296">
     <span class='ocr_line' id='line_1_63' title="bbox 1500 3228 2893 3296; baseline -0.002 -15"><span class='ocrx_word' id='word_1_445' title='bbox 1500 3230 1677 3294; x_wconf 85' lang='lat' dir='ltr'><strong>Lapsis</strong></span> <span class='ocrx_word' id='word_1_446' title='bbox 1702 3235 1904 3294; x_wconf 84' lang='lat' dir='ltr'><strong>tempus</strong></span> <span class='ocrx_word' id='word_1_447' title='bbox 1935 3231 1997 3281; x_wconf 88' lang='lat' dir='ltr'><strong>ad</strong></span> <span class='ocrx_word' id='word_1_448' title='bbox 2035 3233 2235 3282; x_wconf 88' lang='lat' dir='ltr'><strong>modum</strong></span> <span class='ocrx_word' id='word_1_449' title='bbox 2258 3228 2570 3296; x_wconf 72' lang='lat' dir='ltr'><strong>pmnitentiaa</strong></span> <span class='ocrx_word' id='word_1_450' title='bbox 2595 3228 2893 3292; x_wconf 66' lang='lat' dir='ltr'><strong>praescribit.</strong></span> 
     </span>
    </p>
   </div>
   <div class='ocr_carea' id='block_1_64' title="bbox 613 3314 2126 3393">
    <p class='ocr_par' dir='ltr' id='par_1_64' title="bbox 613 3314 2126 3393">
     <span class='ocr_line' id='line_1_64' title="bbox 613 3314 2126 3393; baseline -0.007 -15"><span class='ocrx_word' id='word_1_451' title='bbox 613 3326 689 3380; x_wconf 87' lang='lat' dir='ltr'><strong>De</strong></span> <span class='ocrx_word' id='word_1_452' title='bbox 723 3320 1158 3393; x_wconf 75' lang='lat' dir='ltr'><strong>interrogatione</strong></span> <span class='ocrx_word' id='word_1_453' title='bbox 1183 3316 1401 3372; x_wconf 89' lang='lat' dir='ltr'><strong>Domini</strong></span> <span class='ocrx_word' id='word_1_454' title='bbox 1427 3315 1704 3386; x_wconf 76' lang='lat' dir='ltr'><strong>praepositi</strong></span> <span class='ocrx_word' id='word_1_455' title='bbox 1734 3314 1837 3368; x_wconf 87' lang='lat' dir='ltr'><strong>hoc</strong></span> <span class='ocrx_word' id='word_1_456' title='bbox 1871 3323 2126 3369; x_wconf 90' lang='lat' dir='ltr'><strong>nostrum</strong></span> 
     </span>
    </p>
   </div>
   <div class='ocr_carea' id='block_1_65' title="bbox 540 3405 2128 3480">
    <p class='ocr_par' dir='ltr' id='par_1_65' title="bbox 540 3405 2128 3480">
     <span class='ocr_line' id='line_1_65' title="bbox 540 3405 2128 3480; baseline -0.008 -9"><span class='ocrx_word' id='word_1_457' title='bbox 540 3425 628 3471; x_wconf 88' lang='lat' dir='ltr'><strong>est</strong></span> <span class='ocrx_word' id='word_1_458' title='bbox 658 3414 950 3470; x_wconf 84' lang='lat' dir='ltr'><strong>consilium</strong></span> <span class='ocrx_word' id='word_1_459' title='bbox 975 3454 992 3478; x_wconf 91' lang='lat'><strong>,</strong></span> <span class='ocrx_word' id='word_1_460' title='bbox 1029 3420 1089 3467; x_wconf 93' lang='lat' dir='ltr'><strong>ut</strong></span> <span class='ocrx_word' id='word_1_461' title='bbox 1129 3424 1301 3480; x_wconf 88' lang='lat' dir='ltr'><strong>usque</strong></span> <span class='ocrx_word' id='word_1_462' title='bbox 1332 3408 1399 3462; x_wconf 91' lang='lat' dir='ltr'><strong>ad</strong></span> <span class='ocrx_word' id='word_1_463' title='bbox 1430 3417 1658 3463; x_wconf 89' lang='lat' dir='ltr'><strong>sanctos</strong></span> <span class='ocrx_word' id='word_1_464' title='bbox 1693 3405 1976 3476; x_wconf 89' lang='lat' dir='ltr'><strong>apostolos</strong></span> <span class='ocrx_word' id='word_1_465' title='bbox 2013 3406 2128 3461; x_wconf 86' lang='lat' dir='ltr'><strong>sol-</strong></span> 
     </span>
    </p>
   </div>
   <div class='ocr_carea' id='block_1_66' title="bbox 541 3497 2130 3572">
    <p class='ocr_par' dir='ltr' id='par_1_66' title="bbox 541 3497 2130 3572">
     <span class='ocr_line' id='line_1_66' title="bbox 541 3497 2130 3572; baseline -0.007 -11"><span class='ocrx_word' id='word_1_466' title='bbox 541 3515 739 3561; x_wconf 86' lang='lat' dir='ltr'><strong>vantnr</strong></span> <span class='ocrx_word' id='word_1_467' title='bbox 776 3519 969 3560; x_wconf 89' lang='lat' dir='ltr'><strong>omnes</strong></span> <span class='ocrx_word' id='word_1_468' title='bbox 1002 3519 1032 3556; x_wconf 93' lang='lat' dir='ltr'><strong>a</strong></span> <span class='ocrx_word' id='word_1_469' title='bbox 1056 3499 1379 3572; x_wconf 86' lang='lat' dir='ltr'><strong>pcenitentia</strong></span> <span class='ocrx_word' id='word_1_470' title='bbox 1400 3540 1415 3567; x_wconf 89' lang='lat'><strong>,</strong></span> <span class='ocrx_word' id='word_1_471' title='bbox 1455 3506 1511 3553; x_wconf 90' lang='lat' dir='ltr'><strong>et</strong></span> <span class='ocrx_word' id='word_1_472' title='bbox 1537 3497 1833 3568; x_wconf 89' lang='lat' dir='ltr'><strong>participes</strong></span> <span class='ocrx_word' id='word_1_473' title='bbox 1875 3497 2006 3550; x_wconf 88' lang='lat' dir='ltr'><strong>liant</strong></span> <span class='ocrx_word' id='word_1_474' title='bbox 2041 3512 2130 3551; x_wconf 86' lang='lat' dir='ltr'><strong>sa-</strong></span> 
     </span>
    </p>
   </div>
   <div class='ocr_carea' id='block_1_67' title="bbox 541 3587 2129 3658">
    <p class='ocr_par' dir='ltr' id='par_1_67' title="bbox 541 3587 2129 3658">
     <span class='ocr_line' id='line_1_67' title="bbox 541 3587 2129 3658; baseline -0.008 -7"><span class='ocrx_word' id='word_1_475' title='bbox 541 3604 954 3652; x_wconf 90' lang='lat' dir='ltr'><strong>cramentorum</strong></span> <span class='ocrx_word' id='word_1_476' title='bbox 997 3610 1012 3646; x_wconf 90' lang='lat'><strong>:</strong></span> <span class='ocrx_word' id='word_1_477' title='bbox 1075 3608 1185 3646; x_wconf 90' lang='lat' dir='ltr'><strong>non</strong></span> <span class='ocrx_word' id='word_1_478' title='bbox 1236 3600 1419 3644; x_wconf 89' lang='lat' dir='ltr'><strong>tamen</strong></span> <span class='ocrx_word' id='word_1_479' title='bbox 1467 3598 1528 3643; x_wconf 92' lang='lat' dir='ltr'><strong>ut</strong></span> <span class='ocrx_word' id='word_1_480' title='bbox 1585 3588 1889 3658; x_wconf 77' lang='lat' dir='ltr'><strong>presbyteri</strong></span> <span class='ocrx_word' id='word_1_481' title='bbox 1940 3587 2129 3640; x_wconf 88' lang='lat' dir='ltr'><strong>munia</strong></span> 
     </span>
    </p>
   </div>
   <div class='ocr_carea' id='block_1_68' title="bbox 542 3679 2130 3752">
    <p class='ocr_par' dir='ltr' id='par_1_68' title="bbox 542 3679 2130 3752">
     <span class='ocr_line' id='line_1_68' title="bbox 542 3679 2130 3752; baseline -0.009 -6"><span class='ocrx_word' id='word_1_482' title='bbox 542 3691 746 3746; x_wconf 87' lang='lat' dir='ltr'><strong>obeant</strong></span> <span class='ocrx_word' id='word_1_483' title='bbox 763 3685 1077 3748; x_wconf 87' lang='lat' dir='ltr'><strong>sacerdotii,</strong></span> <span class='ocrx_word' id='word_1_484' title='bbox 1105 3683 1282 3752; x_wconf 83' lang='lat' dir='ltr'><strong>quoad</strong></span> <span class='ocrx_word' id='word_1_485' title='bbox 1314 3681 1606 3736; x_wconf 89' lang='lat' dir='ltr'><strong>conveniat</strong></span> <span class='ocrx_word' id='word_1_486' title='bbox 1633 3679 1936 3735; x_wconf 80' lang='lat' dir='ltr'><strong>orthodoxa</strong></span> <span class='ocrx_word' id='word_1_487' title='bbox 1960 3694 2130 3747; x_wconf 82' lang='lat' dir='ltr'><strong>syno-</strong></span> 
     </span>
    </p>
   </div>
   <div class='ocr_carea' id='block_1_69' title="bbox 543 3771 2130 3848">
    <p class='ocr_par' dir='ltr' id='par_1_69' title="bbox 543 3771 2130 3848">
     <span class='ocr_line' id='line_1_69' title="bbox 543 3771 2130 3848; baseline -0.006 -13"><span class='ocrx_word' id='word_1_488' title='bbox 543 3784 648 3836; x_wconf 88' lang='lat' dir='ltr'><strong>dus</strong></span> <span class='ocrx_word' id='word_1_489' title='bbox 671 3819 686 3842; x_wconf 91' lang='lat'><strong>,</strong></span> <span class='ocrx_word' id='word_1_490' title='bbox 730 3780 786 3833; x_wconf 87' lang='lat' dir='ltr'><strong>in</strong></span> <span class='ocrx_word' id='word_1_491' title='bbox 835 3793 942 3848; x_wconf 91' lang='lat' dir='ltr'><strong>qua</strong></span> <span class='ocrx_word' id='word_1_492' title='bbox 978 3778 1184 3846; x_wconf 82' lang='lat' dir='ltr'><strong>integra</strong></span> <span class='ocrx_word' id='word_1_493' title='bbox 1227 3775 1334 3828; x_wconf 89' lang='lat' dir='ltr'><strong>erit</strong></span> <span class='ocrx_word' id='word_1_494' title='bbox 1373 3773 1648 3828; x_wconf 90' lang='lat' dir='ltr'><strong>absolutio</strong></span> <span class='ocrx_word' id='word_1_495' title='bbox 1684 3782 1738 3827; x_wconf 92' lang='lat' dir='ltr'><strong>et</strong></span> <span class='ocrx_word' id='word_1_496' title='bbox 1769 3772 1924 3842; x_wconf 89' lang='lat' dir='ltr'><strong>plena</strong></span> <span class='ocrx_word' id='word_1_497' title='bbox 1959 3771 2130 3825; x_wconf 89' lang='lat' dir='ltr'><strong>animi</strong></span> 
     </span>
    </p>
   </div>
   <div class='ocr_carea' id='block_1_70' title="bbox 544 3868 2130 3932">
    <p class='ocr_par' dir='ltr' id='par_1_70' title="bbox 544 3868 2130 3932">
     <span class='ocr_line' id='line_1_70' title="bbox 544 3868 2130 3932; baseline -0.006 -4"><span class='ocrx_word' id='word_1_498' title='bbox 544 3873 752 3928; x_wconf 74' lang='lat' dir='ltr'><strong>lzutitia.</strong></span> <span class='ocrx_word' id='word_1_499' title='bbox 796 3869 855 3924; x_wconf 88' lang='lat' dir='ltr'><strong>In</strong></span> <span class='ocrx_word' id='word_1_500' title='bbox 893 3868 1175 3924; x_wconf 89' lang='lat' dir='ltr'><strong>communi</strong></span> <span class='ocrx_word' id='word_1_501' title='bbox 1219 3877 1404 3922; x_wconf 88' lang='lat' dir='ltr'><strong>autem</strong></span> <span class='ocrx_word' id='word_1_502' title='bbox 1434 3881 1663 3932; x_wconf 90' lang='lat' dir='ltr'><strong>omnes,</strong></span> <span class='ocrx_word' id='word_1_503' title='bbox 1705 3876 1762 3920; x_wconf 91' lang='lat' dir='ltr'><strong>ut</strong></span> <span class='ocrx_word' id='word_1_504' title='bbox 1807 3879 2130 3920; x_wconf 88' lang='lat' dir='ltr'><strong>communes</strong></span> 
     </span>
    </p>
   </div>
   <div class='ocr_carea' id='block_1_71' title="bbox 544 3957 2132 4027">
    <p class='ocr_par' dir='ltr' id='par_1_71' title="bbox 544 3957 2132 4027">
     <span class='ocr_line' id='line_1_71' title="bbox 544 3957 2132 4027; baseline -0.006 -8"><span class='ocrx_word' id='word_1_505' title='bbox 544 3963 823 4027; x_wconf 86' lang='lat' dir='ltr'><strong>monachi,</strong></span> <span class='ocrx_word' id='word_1_506' title='bbox 850 3962 965 4016; x_wconf 85' lang='lat' dir='ltr'><strong>sive</strong></span> <span class='ocrx_word' id='word_1_507' title='bbox 989 3962 1164 4016; x_wconf 87' lang='lat' dir='ltr'><strong>sacris</strong></span> <span class='ocrx_word' id='word_1_508' title='bbox 1196 3960 1394 4014; x_wconf 86' lang='lat' dir='ltr'><strong>initiati</strong></span> <span class='ocrx_word' id='word_1_509' title='bbox 1422 3959 1538 4014; x_wconf 88' lang='lat' dir='ltr'><strong>sive</strong></span> <span class='ocrx_word' id='word_1_510' title='bbox 1567 3974 1696 4020; x_wconf 91' lang='lat' dir='ltr'><strong>non,</strong></span> <span class='ocrx_word' id='word_1_511' title='bbox 1731 3957 2058 4012; x_wconf 83' lang='lat' dir='ltr'><strong>benedicant</strong></span> <span class='ocrx_word' id='word_1_512' title='bbox 2077 3965 2132 4010; x_wconf 88' lang='lat' dir='ltr'><strong>et</strong></span> 
     </span>
    </p>
   </div>
   <div class='ocr_carea' id='block_1_72' title="bbox 544 4049 2126 4122">
    <p class='ocr_par' dir='ltr' id='par_1_72' title="bbox 544 4049 2126 4122">
     <span class='ocr_line' id='line_1_72' title="bbox 544 4049 2126 4122; baseline -0.005 -11"><span class='ocrx_word' id='word_1_513' title='bbox 544 4054 979 4118; x_wconf 87' lang='lat' dir='ltr'><strong>benedicantur,</strong></span> <span class='ocrx_word' id='word_1_514' title='bbox 1027 4063 1082 4108; x_wconf 89' lang='lat' dir='ltr'><strong>et</strong></span> <span class='ocrx_word' id='word_1_515' title='bbox 1125 4060 1420 4122; x_wconf 87' lang='lat' dir='ltr'><strong>precentur</strong></span> <span class='ocrx_word' id='word_1_516' title='bbox 1462 4059 1518 4105; x_wconf 86' lang='lat' dir='ltr'><strong>et</strong></span> <span class='ocrx_word' id='word_1_517' title='bbox 1559 4065 1747 4121; x_wconf 90' lang='lat' dir='ltr'><strong>preces</strong></span> <span class='ocrx_word' id='word_1_518' title='bbox 1799 4049 2126 4118; x_wconf 87' lang='lat' dir='ltr'><strong>suscipiant.</strong></span> 
     </span>
    </p>
   </div>
   <div class='ocr_carea' id='block_1_73' title="bbox 545 4145 2133 4220">
    <p class='ocr_par' dir='ltr' id='par_1_73' title="bbox 545 4145 2133 4220">
     <span class='ocr_line' id='line_1_73' title="bbox 545 4145 2133 4220; baseline -0.004 -15"><span class='ocrx_word' id='word_1_519' title='bbox 545 4150 612 4206; x_wconf 83' lang='lat' dir='ltr'><strong>Et</strong></span> <span class='ocrx_word' id='word_1_520' title='bbox 655 4149 918 4220; x_wconf 83' lang='lat' dir='ltr'><strong>quoniam</strong></span> <span class='ocrx_word' id='word_1_521' title='bbox 959 4165 1178 4204; x_wconf 87' lang='lat' dir='ltr'><strong>necesse</strong></span> <span class='ocrx_word' id='word_1_522' title='bbox 1209 4159 1292 4202; x_wconf 86' lang='lat' dir='ltr'><strong>est</strong></span> <span class='ocrx_word' id='word_1_523' title='bbox 1338 4147 1535 4202; x_wconf 80' lang='lat' dir='ltr'><strong>Missas</strong></span> <span class='ocrx_word' id='word_1_524' title='bbox 1581 4147 1845 4202; x_wconf 87' lang='lat' dir='ltr'><strong>celebrari</strong></span> <span class='ocrx_word' id='word_1_525' title='bbox 1891 4155 1952 4200; x_wconf 89' lang='lat' dir='ltr'><strong>ut</strong></span> <span class='ocrx_word' id='word_1_526' title='bbox 1982 4145 2133 4200; x_wconf 82' lang='lat' dir='ltr'><strong>ordi-</strong></span> 
     </span>
    </p>
   </div>
   <div class='ocr_carea' id='block_1_74' title="bbox 544 4236 2131 4310">
    <p class='ocr_par' dir='ltr' id='par_1_74' title="bbox 544 4236 2131 4310">
     <span class='ocr_line' id='line_1_74' title="bbox 544 4236 2131 4310; baseline -0.003 -15"><span class='ocrx_word' id='word_1_527' title='bbox 544 4249 746 4296; x_wconf 86' lang='lat' dir='ltr'><strong>nentur</strong></span> <span class='ocrx_word' id='word_1_528' title='bbox 783 4250 838 4295; x_wconf 89' lang='lat' dir='ltr'><strong>et</strong></span> <span class='ocrx_word' id='word_1_529' title='bbox 884 4242 1167 4310; x_wconf 78' lang='lat' dir='ltr'><strong>presbyter</strong></span> <span class='ocrx_word' id='word_1_530' title='bbox 1205 4249 1262 4292; x_wconf 87' lang='lat' dir='ltr'><strong>et</strong></span> <span class='ocrx_word' id='word_1_531' title='bbox 1312 4239 1610 4305; x_wconf 85' lang='lat' dir='ltr'><strong>diaconus,</strong></span> <span class='ocrx_word' id='word_1_532' title='bbox 1653 4238 1748 4308; x_wconf 91' lang='lat' dir='ltr'><strong>qui</strong></span> <span class='ocrx_word' id='word_1_533' title='bbox 1797 4251 1990 4291; x_wconf 86' lang='lat' dir='ltr'><strong>eorum</strong></span> <span class='ocrx_word' id='word_1_534' title='bbox 2035 4236 2131 4307; x_wconf 90' lang='lat' dir='ltr'><strong>qui</strong></span> 
     </span>
    </p>
   </div>
   <div class='ocr_carea' id='block_1_75' title="bbox 543 4329 2131 4402">
    <p class='ocr_par' dir='ltr' id='par_1_75' title="bbox 543 4329 2131 4402">
     <span class='ocr_line' id='line_1_75' title="bbox 543 4329 2131 4402; baseline -0.003 -14"><span class='ocrx_word' id='word_1_535' title='bbox 543 4341 806 4388; x_wconf 90' lang='lat' dir='ltr'><strong>arcentur</strong></span> <span class='ocrx_word' id='word_1_536' title='bbox 838 4334 985 4388; x_wconf 87' lang='lat' dir='ltr'><strong>vices</strong></span> <span class='ocrx_word' id='word_1_537' title='bbox 1018 4333 1276 4402; x_wconf 84' lang='lat' dir='ltr'><strong>impleant</strong></span> <span class='ocrx_word' id='word_1_538' title='bbox 1308 4372 1323 4396; x_wconf 94' lang='lat'><strong>,</strong></span> <span class='ocrx_word' id='word_1_539' title='bbox 1360 4346 1595 4402; x_wconf 89' lang='lat' dir='ltr'><strong>quorum</strong></span> <span class='ocrx_word' id='word_1_540' title='bbox 1647 4345 1759 4384; x_wconf 89' lang='lat' dir='ltr'><strong>non</strong></span> <span class='ocrx_word' id='word_1_541' title='bbox 1798 4330 2000 4384; x_wconf 88' lang='lat' dir='ltr'><strong>invidia</strong></span> <span class='ocrx_word' id='word_1_542' title='bbox 2035 4329 2131 4384; x_wconf 91' lang='lat' dir='ltr'><strong>sed</strong></span> 
     </span>
    </p>
   </div>
   <div class='ocr_carea' id='block_1_76' title="bbox 547 4422 2132 4496">
    <p class='ocr_par' dir='ltr' id='par_1_76' title="bbox 547 4422 2132 4496">
     <span class='ocr_line' id='line_1_76' title="bbox 547 4422 2132 4496; baseline -0.003 -16"><span class='ocrx_word' id='word_1_543' title='bbox 547 4427 848 4496; x_wconf 86' lang='lat' dir='ltr'><strong>gratiarum</strong></span> <span class='ocrx_word' id='word_1_544' title='bbox 900 4427 1045 4480; x_wconf 79' lang='lat' dir='ltr'><strong>actin</strong></span> <span class='ocrx_word' id='word_1_545' title='bbox 1087 4426 1443 4479; x_wconf 87' lang='lat' dir='ltr'><strong>innotescat:</strong></span> <span class='ocrx_word' id='word_1_546' title='bbox 1496 4422 1942 4493; x_wconf 80' lang='lat' dir='ltr'><strong>quandoquidem</strong></span> <span class='ocrx_word' id='word_1_547' title='bbox 1995 4422 2132 4476; x_wconf 80' lang='lat' dir='ltr'><strong>alter</strong></span> 
     </span>
    </p>
   </div>
   <div class='ocr_carea' id='block_1_77' title="bbox 546 4514 2128 4586">
    <p class='ocr_par' dir='ltr' id='par_1_77' title="bbox 546 4514 2128 4586">
     <span class='ocr_line' id='line_1_77' title="bbox 546 4514 2128 4586; baseline -0.002 -15"><span class='ocrx_word' id='word_1_548' title='bbox 546 4517 768 4573; x_wconf 77' lang='lat' dir='ltr'><strong>alterius</strong></span> <span class='ocrx_word' id='word_1_549' title='bbox 789 4535 949 4572; x_wconf 85' lang='lat' dir='ltr'><strong>onera</strong></span> <span class='ocrx_word' id='word_1_550' title='bbox 981 4526 1195 4585; x_wconf 81' lang='lat' dir='ltr'><strong>portare</strong></span> <span class='ocrx_word' id='word_1_551' title='bbox 1226 4517 1269 4548; x_wconf 81' lang='grc'><strong>²⁰</strong></span> <span class='ocrx_word' id='word_1_552' title='bbox 1289 4515 1551 4586; x_wconf 87' lang='lat' dir='ltr'><strong>jubemur</strong></span> <span class='ocrx_word' id='word_1_553' title='bbox 1582 4514 1761 4569; x_wconf 88' lang='lat' dir='ltr'><strong>verbis</strong></span> <span class='ocrx_word' id='word_1_554' title='bbox 1793 4514 2128 4584; x_wconf 89' lang='lat' dir='ltr'><strong>apostolicis,</strong></span> 
     </span>
    </p>
   </div>
   <div class='ocr_carea' id='block_1_78' title="bbox 2306 3311 3830 3390">
    <p class='ocr_par' dir='ltr' id='par_1_78' title="bbox 2306 3311 3830 3390">
     <span class='ocr_line' id='line_1_78' title="bbox 2306 3311 3830 3390; baseline 0.003 -22"><span class='ocrx_word' id='word_1_555' title='bbox 2306 3314 2458 3383; x_wconf 78' lang='grc' dir='ltr'>Αὖτη</span> <span class='ocrx_word' id='word_1_556' title='bbox 2489 3315 2522 3384; x_wconf 79' lang='grc' dir='ltr'><strong>ἡ</strong></span> <span class='ocrx_word' id='word_1_557' title='bbox 2571 3313 2704 3385; x_wconf 87' lang='grc' dir='ltr'>παρ’</span> <span class='ocrx_word' id='word_1_558' title='bbox 2733 3312 2895 3383; x_wconf 78' lang='grc' dir='ltr'>ἡμῶν</span> <span class='ocrx_word' id='word_1_559' title='bbox 2935 3311 3217 3385; x_wconf 81' lang='grc' dir='ltr'>συμϐουλὴ</span> <span class='ocrx_word' id='word_1_560' title='bbox 3251 3314 3391 3384; x_wconf 79' lang='grc' dir='ltr'>πρὸς</span> <span class='ocrx_word' id='word_1_561' title='bbox 3419 3314 3517 3387; x_wconf 78' lang='grc' dir='ltr'>τὴν</span> <span class='ocrx_word' id='word_1_562' title='bbox 3549 3315 3830 3390; x_wconf 80' lang='grc' dir='ltr'>ἐρώτησιν</span> 
     </span>
    </p>
   </div>
   <div class='ocr_carea' id='block_1_79' title="bbox 2234 3407 3823 3478">
    <p class='ocr_par' dir='ltr' id='par_1_79' title="bbox 2234 3407 3823 3478">
     <span class='ocr_line' id='line_1_79' title="bbox 2234 3407 3823 3478; baseline 0.002 -16"><span class='ocrx_word' id='word_1_563' title='bbox 2234 3407 2330 3462; x_wconf 82' lang='grc' dir='ltr'><strong>τοῦ</strong></span> <span class='ocrx_word' id='word_1_564' title='bbox 2363 3409 2558 3478; x_wconf 84' lang='grc' dir='ltr'>κυρίου</span> <span class='ocrx_word' id='word_1_565' title='bbox 2589 3407 2918 3476; x_wconf 79' lang='grc' dir='ltr'>ἡγουμένου,</span> <span class='ocrx_word' id='word_1_566' title='bbox 2945 3407 3033 3459; x_wconf 78' lang='grc' dir='ltr'>ἵνα</span> <span class='ocrx_word' id='word_1_567' title='bbox 3061 3407 3225 3477; x_wconf 87' lang='grc' dir='ltr'>μέχρι</span> <span class='ocrx_word' id='word_1_568' title='bbox 3250 3407 3362 3460; x_wconf 85' lang='grc' dir='ltr'><strong>τῶν</strong></span> <span class='ocrx_word' id='word_1_569' title='bbox 3388 3409 3562 3477; x_wconf 85' lang='grc' dir='ltr'>ἁγίων</span> <span class='ocrx_word' id='word_1_570' title='bbox 3581 3411 3823 3466; x_wconf 64' lang='lat' dir='ltr'><strong>duos-:6-</strong></span> 
     </span>
    </p>
   </div>
   <div class='ocr_carea' id='block_1_80' title="bbox 2234 3499 3824 3574">
    <p class='ocr_par' dir='ltr' id='par_1_80' title="bbox 2234 3499 3824 3574">
     <span class='ocr_line' id='line_1_80' title="bbox 2234 3499 3824 3574; baseline 0.003 -19"><span class='ocrx_word' id='word_1_571' title='bbox 2234 3502 2342 3555; x_wconf 88' lang='grc' dir='ltr'><strong>λων</strong></span> <span class='ocrx_word' id='word_1_572' title='bbox 2378 3500 2473 3554; x_wconf 71' lang='grc' dir='ltr'>καὶ</span> <span class='ocrx_word' id='word_1_573' title='bbox 2501 3499 2707 3553; x_wconf 88' lang='grc' dir='ltr'>λυθῶσι</span> <span class='ocrx_word' id='word_1_574' title='bbox 2739 3500 2941 3563; x_wconf 82' lang='grc' dir='ltr'>πάντες</span> <span class='ocrx_word' id='word_1_575' title='bbox 2962 3499 3058 3553; x_wconf 83' lang='grc' dir='ltr'>τοῦ</span> <span class='ocrx_word' id='word_1_576' title='bbox 3112 3501 3448 3572; x_wconf 85' lang='grc' dir='ltr'>ὲπιστιμίου,</span> <span class='ocrx_word' id='word_1_577' title='bbox 3497 3503 3824 3574; x_wconf 77' lang='grc' dir='ltr'>μετέχοντες</span> 
     </span>
    </p>
   </div>
   <div class='ocr_carea' id='block_1_81' title="bbox 2235 3590 3824 3666">
    <p class='ocr_par' dir='ltr' id='par_1_81' title="bbox 2235 3590 3824 3666">
     <span class='ocr_line' id='line_1_81' title="bbox 2235 3590 3824 3666; baseline 0.001 -20"><span class='ocrx_word' id='word_1_578' title='bbox 2235 3593 2346 3646; x_wconf 85' lang='grc' dir='ltr'>τῶν</span> <span class='ocrx_word' id='word_1_579' title='bbox 2376 3592 2736 3662; x_wconf 84' lang='grc' dir='ltr'>ἀγιασμάτων</span> <span class='ocrx_word' id='word_1_580' title='bbox 2761 3607 2777 3624; x_wconf 87' lang='grc'><strong>·</strong></span> <span class='ocrx_word' id='word_1_581' title='bbox 2808 3591 2870 3644; x_wconf 93' lang='grc' dir='ltr'><strong>οὐ</strong></span> <span class='ocrx_word' id='word_1_582' title='bbox 2905 3590 3086 3662; x_wconf 91' lang='grc' dir='ltr'>μέντοι</span> <span class='ocrx_word' id='word_1_583' title='bbox 3112 3593 3359 3662; x_wconf 80' lang='grc' dir='ltr'>ἐνεργεῖν</span> <span class='ocrx_word' id='word_1_584' title='bbox 3381 3595 3505 3657; x_wconf 80' lang='grc' dir='ltr'>τοὺς</span> <span class='ocrx_word' id='word_1_585' title='bbox 3532 3595 3703 3666; x_wconf 74' lang='grc' dir='ltr'>ἱερεῖς</span> <span class='ocrx_word' id='word_1_586' title='bbox 3723 3598 3824 3666; x_wconf 72' lang='grc' dir='ltr'>τῆς</span> 
     </span>
    </p>
   </div>
   <div class='ocr_carea' id='block_1_82' title="bbox 2238 3683 3824 3761">
    <p class='ocr_par' dir='ltr' id='par_1_82' title="bbox 2238 3683 3824 3761">
     <span class='ocr_line' id='line_1_82' title="bbox 2238 3683 3824 3761; baseline -0.003 -23"><span class='ocrx_word' id='word_1_587' title='bbox 2238 3685 2560 3757; x_wconf 78' lang='grc' dir='ltr'>ἱερωσύνης,</span> <span class='ocrx_word' id='word_1_588' title='bbox 2597 3684 2704 3748; x_wconf 79' lang='grc' dir='ltr'>ἕως</span> <span class='ocrx_word' id='word_1_589' title='bbox 2751 3683 3017 3749; x_wconf 77' lang='grc' dir='ltr'>ἐλεύσεως</span> <span class='ocrx_word' id='word_1_590' title='bbox 3063 3684 3346 3755; x_wconf 80' lang='grc' dir='ltr'>όρθοδόξου</span> <span class='ocrx_word' id='word_1_591' title='bbox 3399 3687 3636 3754; x_wconf 87' lang='grc' dir='ltr'>συνόδου,</span> <span class='ocrx_word' id='word_1_592' title='bbox 3690 3685 3824 3761; x_wconf 64' lang='grc' dir='ltr'>ἐνῇ</span> 
     </span>
    </p>
   </div>
   <div class='ocr_carea' id='block_1_83' title="bbox 2238 3749 3823 3846">
    <p class='ocr_par' dir='ltr' id='par_1_83' title="bbox 2238 3749 3823 3846">
     <span class='ocr_line' id='line_1_83' title="bbox 2238 3749 3823 3846; baseline 0.004 -18"><span class='ocrx_word' id='word_1_593' title='bbox 2238 3777 2390 3828; x_wconf 85' lang='grc' dir='ltr'>πᾶσα</span> <span class='ocrx_word' id='word_1_594' title='bbox 2441 3774 2594 3838; x_wconf 90' lang='grc' dir='ltr'>λύσις</span> <span class='ocrx_word' id='word_1_595' title='bbox 2625 3775 2720 3830; x_wconf 74' lang='grc' dir='ltr'>καὶ</span> <span class='ocrx_word' id='word_1_596' title='bbox 2752 3777 2902 3828; x_wconf 86' lang='grc' dir='ltr'>πᾶσα</span> <span class='ocrx_word' id='word_1_597' title='bbox 2935 3774 3193 3846; x_wconf 84' lang='grc' dir='ltr'>θυμηδία.</span> <span class='ocrx_word' id='word_1_598' title='bbox 3245 3776 3458 3841; x_wconf 80' lang='grc' dir='ltr'>Κοινῶς</span> <span class='ocrx_word' id='word_1_599' title='bbox 3502 3778 3560 3832; x_wconf 86' lang='grc' dir='ltr'>δὲ</span> <span class='ocrx_word' id='word_1_600' title='bbox 3613 3749 3823 3841; x_wconf 54' lang='grc' dir='ltr'>πάντες</span> 
     </span>
    </p>
   </div>
   <div class='ocr_carea' id='block_1_84' title="bbox 2237 3867 3826 3942">
    <p class='ocr_par' dir='ltr' id='par_1_84' title="bbox 2237 3867 3826 3942">
     <span class='ocr_line' id='line_1_84' title="bbox 2237 3867 3826 3942; baseline 0.003 -22"><span class='ocrx_word' id='word_1_601' title='bbox 2237 3867 2310 3930; x_wconf 89' lang='grc' dir='ltr'>ὡς</span> <span class='ocrx_word' id='word_1_602' title='bbox 2347 3869 2517 3921; x_wconf 74' lang='grc' dir='ltr'>κοινοὶ</span> <span class='ocrx_word' id='word_1_603' title='bbox 2548 3868 2796 3939; x_wconf 68' lang='grc' dir='ltr'>μοναχοὶ,</span> <span class='ocrx_word' id='word_1_604' title='bbox 2829 3868 2942 3921; x_wconf 78' lang='grc' dir='ltr'>εἴτε</span> <span class='ocrx_word' id='word_1_605' title='bbox 2972 3869 3282 3938; x_wconf 81' lang='grc' dir='ltr'>ἱερώμενοι,</span> <span class='ocrx_word' id='word_1_606' title='bbox 3311 3870 3422 3923; x_wconf 75' lang='grc' dir='ltr'>εἴτε</span> <span class='ocrx_word' id='word_1_607' title='bbox 3451 3869 3546 3942; x_wconf 80' lang='grc' dir='ltr'>μὴ,</span> <span class='ocrx_word' id='word_1_608' title='bbox 3575 3871 3826 3940; x_wconf 81' lang='grc' dir='ltr'>εὐλογεί-</span> 
     </span>
    </p>
   </div>
   <div class='ocr_carea' id='block_1_85' title="bbox 2237 3961 3825 4035">
    <p class='ocr_par' dir='ltr' id='par_1_85' title="bbox 2237 3961 3825 4035">
     <span class='ocr_line' id='line_1_85' title="bbox 2237 3961 3825 4035; baseline 0.002 -21"><span class='ocrx_word' id='word_1_609' title='bbox 2237 3978 2418 4015; x_wconf 86' lang='grc' dir='ltr'>τωσαν</span> <span class='ocrx_word' id='word_1_610' title='bbox 2444 3961 2540 4014; x_wconf 74' lang='grc' dir='ltr'>καὶ</span> <span class='ocrx_word' id='word_1_611' title='bbox 2568 3961 3024 4030; x_wconf 86' lang='grc' dir='ltr'>εὐλογείσθωσαν,</span> <span class='ocrx_word' id='word_1_612' title='bbox 3053 3963 3146 4015; x_wconf 76' lang='grc' dir='ltr'>καὶ</span> <span class='ocrx_word' id='word_1_613' title='bbox 3169 3961 3512 4032; x_wconf 84' lang='grc' dir='ltr'>εὐχέσθωσαν</span> <span class='ocrx_word' id='word_1_614' title='bbox 3534 3964 3625 4016; x_wconf 72' lang='grc' dir='ltr'>καὶ</span> <span class='ocrx_word' id='word_1_615' title='bbox 3651 3964 3825 4035; x_wconf 81' lang='grc' dir='ltr'>εύχάς</span> 
     </span>
    </p>
   </div>
   <div class='ocr_carea' id='block_1_86' title="bbox 2236 4053 3822 4128">
    <p class='ocr_par' dir='ltr' id='par_1_86' title="bbox 2236 4053 3822 4128">
     <span class='ocr_line' id='line_1_86' title="bbox 2236 4053 3822 4128; baseline 0.003 -22"><span class='ocrx_word' id='word_1_616' title='bbox 2236 4053 2690 4124; x_wconf 81' lang='grc' dir='ltr'>λαμϐανέτωσαν.</span> <span class='ocrx_word' id='word_1_617' title='bbox 2733 4053 2952 4124; x_wconf 79' lang='grc' dir='ltr'>Ἐπειδὴ</span> <span class='ocrx_word' id='word_1_618' title='bbox 2995 4053 3053 4108; x_wconf 84' lang='grc' dir='ltr'>δὲ</span> <span class='ocrx_word' id='word_1_619' title='bbox 3095 4054 3392 4122; x_wconf 83' lang='grc' dir='ltr'>ἀναγκαῖον</span> <span class='ocrx_word' id='word_1_620' title='bbox 3431 4055 3526 4109; x_wconf 75' lang='grc' dir='ltr'>καὶ</span> <span class='ocrx_word' id='word_1_621' title='bbox 3568 4056 3822 4128; x_wconf 80' lang='grc' dir='ltr'><strong>λειτουρ⁹</strong></span> 
     </span>
    </p>
   </div>
   <div class='ocr_carea' id='block_1_87' title="bbox 2237 4145 3825 4222">
    <p class='ocr_par' dir='ltr' id='par_1_87' title="bbox 2237 4145 3825 4222">
     <span class='ocr_line' id='line_1_87' title="bbox 2237 4145 3825 4222; baseline 0.003 -23"><span class='ocrx_word' id='word_1_622' title='bbox 2237 4146 2363 4214; x_wconf 89' lang='grc' dir='ltr'>γίαν</span> <span class='ocrx_word' id='word_1_623' title='bbox 2397 4145 2548 4199; x_wconf 82' lang='grc' dir='ltr'>θείαν</span> <span class='ocrx_word' id='word_1_624' title='bbox 2579 4145 2964 4211; x_wconf 77' lang='grc' dir='ltr'>ἐπιτελεῖσθαι,</span> <span class='ocrx_word' id='word_1_625' title='bbox 2998 4147 3085 4200; x_wconf 82' lang='grc' dir='ltr'>ἶνα</span> <span class='ocrx_word' id='word_1_626' title='bbox 3135 4148 3485 4220; x_wconf 84' lang='grc' dir='ltr'>χειροτονηθῇ</span> <span class='ocrx_word' id='word_1_627' title='bbox 3536 4148 3630 4201; x_wconf 65' lang='grc' dir='ltr'><strong>κα)⁵</strong></span> <span class='ocrx_word' id='word_1_628' title='bbox 3682 4167 3825 4222; x_wconf 85' lang='grc' dir='ltr'>πρε-</span> 
     </span>
    </p>
   </div>
   <div class='ocr_carea' id='block_1_88' title="bbox 2241 4236 3826 4308">
    <p class='ocr_par' dir='ltr' id='par_1_88' title="bbox 2241 4236 3826 4308">
     <span class='ocr_line' id='line_1_88' title="bbox 2241 4236 3826 4308; baseline 0.003 -18"><span class='ocrx_word' id='word_1_629' title='bbox 2241 4237 2502 4308; x_wconf 75' lang='grc' dir='ltr'>σϐύτερος</span> <span class='ocrx_word' id='word_1_630' title='bbox 2556 4238 2651 4291; x_wconf 76' lang='grc' dir='ltr'>καὶ</span> <span class='ocrx_word' id='word_1_631' title='bbox 2693 4236 2965 4303; x_wconf 73' lang='grc' dir='ltr'>διάκονος,</span> <span class='ocrx_word' id='word_1_632' title='bbox 3015 4236 3458 4307; x_wconf 82' lang='grc' dir='ltr'>ἀναπληροῦντες</span> <span class='ocrx_word' id='word_1_633' title='bbox 3509 4237 3600 4291; x_wconf 83' lang='grc' dir='ltr'><strong>τὸν</strong></span> <span class='ocrx_word' id='word_1_634' title='bbox 3649 4240 3826 4295; x_wconf 80' lang='grc' dir='ltr'>τόπον</span> 
     </span>
    </p>
   </div>
   <div class='ocr_carea' id='block_1_89' title="bbox 2237 4322 3822 4402">
    <p class='ocr_par' dir='ltr' id='par_1_89' title="bbox 2237 4322 3822 4402">
     <span class='ocr_line' id='line_1_89' title="bbox 2237 4322 3822 4402; baseline 0.001 -20"><span class='ocrx_word' id='word_1_635' title='bbox 2237 4329 2346 4382; x_wconf 86' lang='grc' dir='ltr'><strong>τῶν</strong></span> <span class='ocrx_word' id='word_1_636' title='bbox 2385 4329 2722 4401; x_wconf 75' lang='grc' dir='ltr'>εἰργομένων</span> <span class='ocrx_word' id='word_1_637' title='bbox 2747 4344 2760 4357; x_wconf 86' lang='grc'><strong>·</strong></span> <span class='ocrx_word' id='word_1_638' title='bbox 2819 4322 2896 4381; x_wconf 84' lang='grc' dir='ltr'>ὧν</span> <span class='ocrx_word' id='word_1_639' title='bbox 2930 4327 3052 4398; x_wconf 72' lang='grc' dir='ltr'>οὐχ).</span> <span class='ocrx_word' id='word_1_640' title='bbox 3093 4327 3307 4397; x_wconf 82' lang='grc' dir='ltr'>φθόνος,</span> <span class='ocrx_word' id='word_1_641' title='bbox 3346 4329 3464 4382; x_wconf 83' lang='grc' dir='ltr'>ἀλλ’</span> <span class='ocrx_word' id='word_1_642' title='bbox 3493 4329 3822 4402; x_wconf 71' lang='grc' dir='ltr'>εὐχαριστία</span> 
     </span>
    </p>
   </div>
   <div class='ocr_carea' id='block_1_90' title="bbox 2237 4419 3827 4492">
    <p class='ocr_par' dir='ltr' id='par_1_90' title="bbox 2237 4419 3827 4492">
     <span class='ocr_line' id='line_1_90' title="bbox 2237 4419 3827 4492; baseline 0.001 -18"><span class='ocrx_word' id='word_1_643' title='bbox 2237 4421 2590 4492; x_wconf 75' lang='grc' dir='ltr'>γνωριζέσθω</span> <span class='ocrx_word' id='word_1_644' title='bbox 2609 4437 2623 4451; x_wconf 73' lang='grc' dir='ltr'><strong>ο</strong></span> <span class='ocrx_word' id='word_1_645' title='bbox 2649 4419 2880 4489; x_wconf 77' lang='grc' dir='ltr'>ἐπείπερ</span> <span class='ocrx_word' id='word_1_646' title='bbox 2903 4420 3193 4488; x_wconf 68' lang='grc' dir='ltr'><strong>ἀλλήλων</strong></span> <span class='ocrx_word' id='word_1_647' title='bbox 3215 4421 3285 4475; x_wconf 83' lang='grc' dir='ltr'>τὰ</span> <span class='ocrx_word' id='word_1_648' title='bbox 3307 4421 3469 4489; x_wconf 81' lang='grc' dir='ltr'>βάρη</span> <span class='ocrx_word' id='word_1_649' title='bbox 3488 4421 3827 4486; x_wconf 77' lang='grc' dir='ltr'>βαστάζειν</span> 
     </span>
    </p>
   </div>
   <div class='ocr_carea' id='block_1_91' title="bbox 2239 4510 3823 4583">
    <p class='ocr_par' dir='ltr' id='par_1_91' title="bbox 2239 4510 3823 4583">
     <span class='ocr_line' id='line_1_91' title="bbox 2239 4510 3823 4583; baseline 0.001 -18"><span class='ocrx_word' id='word_1_650' title='bbox 2239 4510 2611 4574; x_wconf 64' lang='grc' dir='ltr'>ἀπστολικῶς</span> <span class='ocrx_word' id='word_1_651' title='bbox 2632 4511 3055 4580; x_wconf 82' lang='grc' dir='ltr'>διατετάγμεθα.</span> <span class='ocrx_word' id='word_1_652' title='bbox 3086 4511 3223 4583; x_wconf 86' lang='grc' dir='ltr'>Ἤδη</span> <span class='ocrx_word' id='word_1_653' title='bbox 3253 4511 3442 4565; x_wconf 88' lang='grc' dir='ltr'>τούτου</span> <span class='ocrx_word' id='word_1_654' title='bbox 3473 4512 3823 4583; x_wconf 82' lang='grc' dir='ltr'>προδιομολο-</span> 
     </span>
    </p>
   </div>
   <div class='ocr_carea' id='block_1_92' title="bbox 547 4597 2126 4766">
    <p class='ocr_par' dir='ltr' id='par_1_92' title="bbox 547 4604 2126 4766">
     <span class='ocr_line' id='line_1_92' title="bbox 547 4604 2126 4676; baseline -0.005 -15"><span class='ocrx_word' id='word_1_655' title='bbox 547 4606 785 4676; x_wconf 88' lang='lat' dir='ltr'><strong>hocjam</strong></span> <span class='ocrx_word' id='word_1_656' title='bbox 820 4608 889 4662; x_wconf 83' lang='lat' dir='ltr'><strong>ab</strong></span> <span class='ocrx_word' id='word_1_657' title='bbox 918 4607 1177 4662; x_wconf 90' lang='lat' dir='ltr'><strong>omnibus</strong></span> <span class='ocrx_word' id='word_1_658' title='bbox 1215 4613 1376 4658; x_wconf 88' lang='lat' dir='ltr'><strong>antea</strong></span> <span class='ocrx_word' id='word_1_659' title='bbox 1416 4605 1592 4673; x_wconf 85' lang='lat' dir='ltr'><strong>palam</strong></span> <span class='ocrx_word' id='word_1_660' title='bbox 1619 4604 1919 4658; x_wconf 87' lang='lat' dir='ltr'><strong>constituto</strong></span> <span class='ocrx_word' id='word_1_661' title='bbox 2013 4613 2051 4667; x_wconf 92' lang='lat' dir='ltr'><strong>t,</strong></span> <span class='ocrx_word' id='word_1_662' title='bbox 2091 4604 2126 4660; x_wconf 78' lang='lat' dir='ltr'><strong>sl</strong></span> 
     </span>
     <span class='ocr_line' id='line_1_93' title="bbox 547 4621 2126 4766; baseline -0.003 -14"><span class='ocrx_word' id='word_1_663' title='bbox 547 4697 694 4753; x_wconf 90' lang='lat' dir='ltr'><strong>Deus</strong></span> <span class='ocrx_word' id='word_1_664' title='bbox 735 4713 834 4766; x_wconf 90' lang='lat' dir='ltr'><strong>per</strong></span> <span class='ocrx_word' id='word_1_665' title='bbox 865 4697 1242 4754; x_wconf 82' lang='lat' dir='ltr'><strong>inscrutabilia</strong></span> <span class='ocrx_word' id='word_1_666' title='bbox 1278 4696 1507 4765; x_wconf 71' lang='lat' dir='ltr'><strong>justitiae</strong></span> <span class='ocrx_word' id='word_1_667' title='bbox 1554 4695 1899 4765; x_wconf 83' lang='lat' dir='ltr'><strong>suaejudicia</strong></span> <span class='ocrx_word' id='word_1_668' title='bbox 1917 4621 2126 4766; x_wconf 60' lang='lat' dir='ltr'><strong>.mi-</strong></span> 
     </span>
    </p>
   </div>
   <div class='ocr_carea' id='block_1_93' title="bbox 2235 4597 3823 4766">
    <p class='ocr_par' dir='ltr' id='par_1_93' title="bbox 2235 4603 3823 4766">
     <span class='ocr_line' id='line_1_94' title="bbox 2243 4603 3823 4677; baseline 0.002 -21"><span class='ocrx_word' id='word_1_669' title='bbox 2243 4604 2512 4674; x_wconf 87' lang='grc' dir='ltr'>γουμένου</span> <span class='ocrx_word' id='word_1_670' title='bbox 2557 4603 2664 4656; x_wconf 83' lang='grc' dir='ltr'><strong>ὑπὸ</strong></span> <span class='ocrx_word' id='word_1_671' title='bbox 2713 4605 2932 4657; x_wconf 82' lang='grc' dir='ltr'>πάντων</span> <span class='ocrx_word' id='word_1_672' title='bbox 2955 4619 2970 4634; x_wconf 88' lang='grc'><strong>·</strong></span> <span class='ocrx_word' id='word_1_673' title='bbox 3019 4603 3114 4656; x_wconf 82' lang='grc' dir='ltr'><strong>τοῦ</strong></span> <span class='ocrx_word' id='word_1_674' title='bbox 3155 4604 3204 4655; x_wconf 87' lang='grc' dir='ltr'><strong>εί</strong></span> <span class='ocrx_word' id='word_1_675' title='bbox 3248 4606 3635 4677; x_wconf 85' lang='grc' dir='ltr'>παραχωρήσοι</span> <span class='ocrx_word' id='word_1_676' title='bbox 3688 4606 3823 4671; x_wconf 83' lang='grc' dir='ltr'>Θεὸς</span> 
     </span>
     <span class='ocr_line' id='line_1_95' title="bbox 2235 4694 3822 4766; baseline 0.001 -16"><span class='ocrx_word' id='word_1_677' title='bbox 2235 4696 2383 4752; x_wconf 85' lang='grc' dir='ltr'><strong>κατά</strong></span> <span class='ocrx_word' id='word_1_678' title='bbox 2413 4695 2483 4750; x_wconf 82' lang='grc' dir='ltr'>τὰ</span> <span class='ocrx_word' id='word_1_679' title='bbox 2511 4694 2808 4766; x_wconf 87' lang='grc' dir='ltr'>ἀθεώρητα</span> <span class='ocrx_word' id='word_1_680' title='bbox 2835 4694 3002 4748; x_wconf 80' lang='grc' dir='ltr'>αὐτοῦ</span> <span class='ocrx_word' id='word_1_681' title='bbox 3043 4695 3290 4766; x_wconf 87' lang='grc' dir='ltr'>κρίματα</span> <span class='ocrx_word' id='word_1_682' title='bbox 3321 4697 3420 4766; x_wconf 83' lang='grc' dir='ltr'>τῆς</span> <span class='ocrx_word' id='word_1_683' title='bbox 3448 4696 3822 4766; x_wconf 79' lang='grc' dir='ltr'>δικαιοσύνης,</span> 
     </span>
    </p>
   </div>
   <div class='ocr_carea' id='block_1_94' title="bbox 547 4695 1899 4768">
    <p class='ocr_par' dir='ltr' id='par_1_94' title="bbox 547 4695 1899 4768">
     <span class='ocr_line' id='line_1_96' title="bbox 547 4695 1899 4768; baseline -0.002 -16"><span class='ocrx_word' id='word_1_684' title='bbox 547 4697 694 4753; x_wconf 90' lang='lat' dir='ltr'><strong>Deus</strong></span> <span class='ocrx_word' id='word_1_685' title='bbox 735 4713 834 4768; x_wconf 89' lang='lat' dir='ltr'><strong>per</strong></span> <span class='ocrx_word' id='word_1_686' title='bbox 865 4697 1242 4754; x_wconf 82' lang='lat' dir='ltr'><strong>inscrutabilia</strong></span> <span class='ocrx_word' id='word_1_687' title='bbox 1278 4696 1507 4765; x_wconf 65' lang='lat' dir='ltr'><strong>justitia:</strong></span> <span class='ocrx_word' id='word_1_688' title='bbox 1554 4695 1899 4765; x_wconf 83' lang='lat' dir='ltr'><strong>suaejudicia</strong></span> 
     </span>
    </p>
   </div>
   <div class='ocr_carea' id='block_1_95' title="bbox 2033 4699 2138 4749">
    <p class='ocr_par' dir='ltr' id='par_1_95' title="bbox 2033 4699 2138 4749">
     <span class='ocr_line' id='line_1_97' title="bbox 2033 4699 2138 4749; baseline 0 0"><span class='ocrx_word' id='word_1_689' title='bbox 2033 4712 2082 4749; x_wconf 92' lang='lat' dir='ltr'><strong>m</strong></span> <span class='ocrx_word' id='word_1_690' title='bbox 2093 4699 2138 4749; x_wconf 88' lang='lat' dir='ltr'><strong>i-</strong></span> 
     </span>
    </p>
   </div>
   <div class='ocr_carea' id='block_1_96' title="bbox 2235 4694 3822 4768">
    <p class='ocr_par' dir='ltr' id='par_1_96' title="bbox 2235 4694 3822 4768">
     <span class='ocr_line' id='line_1_98' title="bbox 2235 4694 3822 4768; baseline 0.001 -18"><span class='ocrx_word' id='word_1_691' title='bbox 2235 4696 2383 4752; x_wconf 85' lang='grc' dir='ltr'><strong>κατά</strong></span> <span class='ocrx_word' id='word_1_692' title='bbox 2413 4695 2483 4750; x_wconf 82' lang='grc' dir='ltr'>τὰ</span> <span class='ocrx_word' id='word_1_693' title='bbox 2511 4694 2808 4768; x_wconf 87' lang='grc' dir='ltr'>ἀθεώρητα</span> <span class='ocrx_word' id='word_1_694' title='bbox 2835 4694 3002 4748; x_wconf 80' lang='grc' dir='ltr'>αὐτοῦ</span> <span class='ocrx_word' id='word_1_695' title='bbox 3043 4695 3290 4766; x_wconf 87' lang='grc' dir='ltr'>κρίματα</span> <span class='ocrx_word' id='word_1_696' title='bbox 3321 4697 3420 4767; x_wconf 81' lang='grc' dir='ltr'>τῆς</span> <span class='ocrx_word' id='word_1_697' title='bbox 3448 4696 3822 4768; x_wconf 79' lang='grc' dir='ltr'>δικαιοσύνης,</span> 
     </span>
    </p>
   </div>
   <div class='ocr_carea' id='block_1_97' title="bbox 551 4785 2126 4860">
    <p class='ocr_par' dir='ltr' id='par_1_97' title="bbox 551 4787 2126 4860">
     <span class='ocr_line' id='line_1_99' title="bbox 551 4787 2126 4860; baseline -0.003 -17"><span class='ocrx_word' id='word_1_698' title='bbox 551 4792 684 4845; x_wconf 84' lang='lat' dir='ltr'><strong>serit</strong></span> <span class='ocrx_word' id='word_1_699' title='bbox 716 4790 1152 4860; x_wconf 88' lang='lat' dir='ltr'><strong>persecutionem</strong></span> <span class='ocrx_word' id='word_1_700' title='bbox 1184 4789 1391 4844; x_wconf 89' lang='lat' dir='ltr'><strong>iterum</strong></span> <span class='ocrx_word' id='word_1_701' title='bbox 1413 4787 1662 4852; x_wconf 82' lang='lat' dir='ltr'><strong>excitari,</strong></span> <span class='ocrx_word' id='word_1_702' title='bbox 1687 4787 1929 4856; x_wconf 85' lang='lat' dir='ltr'><strong>perferre</strong></span> <span class='ocrx_word' id='word_1_703' title='bbox 1956 4787 2126 4842; x_wconf 76' lang='lat' dir='ltr'><strong>omnia</strong></span> 
     </span>
    </p>
   </div>
   <div class='ocr_carea' id='block_1_98' title="bbox 2235 4785 3821 4860">
    <p class='ocr_par' dir='ltr' id='par_1_98' title="bbox 2237 4785 3821 4860">
     <span class='ocr_line' id='line_1_100' title="bbox 2237 4785 3821 4860; baseline 0.003 -20"><span class='ocrx_word' id='word_1_704' title='bbox 2237 4787 2401 4842; x_wconf 80' lang='grc' dir='ltr'>πάλιν</span> <span class='ocrx_word' id='word_1_705' title='bbox 2433 4787 2672 4858; x_wconf 85' lang='grc' dir='ltr'>διωγμὸν</span> <span class='ocrx_word' id='word_1_706' title='bbox 2705 4785 3046 4858; x_wconf 81' lang='grc' dir='ltr'>ἀναφθῆναι·</span> <span class='ocrx_word' id='word_1_707' title='bbox 3069 4787 3247 4841; x_wconf 83' lang='grc' dir='ltr'>πάντα</span> <span class='ocrx_word' id='word_1_708' title='bbox 3272 4786 3490 4842; x_wconf 81' lang='grc' dir='ltr'>ἑλέσθαι</span> <span class='ocrx_word' id='word_1_709' title='bbox 3521 4789 3687 4860; x_wconf 84' lang='grc' dir='ltr'>μέχρι</span> <span class='ocrx_word' id='word_1_710' title='bbox 3724 4791 3821 4845; x_wconf 82' lang='grc' dir='ltr'>θα-</span> 
     </span>
    </p>
   </div>
   <div class='ocr_carea' id='block_1_99' title="bbox 551 4880 2135 4951">
    <p class='ocr_par' dir='ltr' id='par_1_99' title="bbox 551 4880 2135 4951">
     <span class='ocr_line' id='line_1_101' title="bbox 551 4880 2135 4951; baseline -0.001 -17"><span class='ocrx_word' id='word_1_711' title='bbox 551 4897 728 4951; x_wconf 84' lang='lat' dir='ltr'><strong>nsque</strong></span> <span class='ocrx_word' id='word_1_712' title='bbox 754 4883 821 4936; x_wconf 91' lang='lat' dir='ltr'><strong>ad</strong></span> <span class='ocrx_word' id='word_1_713' title='bbox 848 4893 1082 4937; x_wconf 84' lang='lat' dir='ltr'><strong>mortem</strong></span> <span class='ocrx_word' id='word_1_714' title='bbox 1125 4883 1351 4946; x_wconf 87' lang='lat' dir='ltr'><strong>malint,</strong></span> <span class='ocrx_word' id='word_1_715' title='bbox 1383 4881 1805 4950; x_wconf 74' lang='lat' dir='ltr'><strong>quam‘prodere</strong></span> <span class='ocrx_word' id='word_1_716' title='bbox 1828 4880 2135 4934; x_wconf 86' lang='lat' dir='ltr'><strong>veritatem.</strong></span> 
     </span>
    </p>
   </div>
   <div class='ocr_carea' id='block_1_100' title="bbox 2234 4878 3823 4961">
    <p class='ocr_par' dir='ltr' id='par_1_100' title="bbox 2234 4878 3823 4961">
     <span class='ocr_line' id='line_1_102' title="bbox 2234 4878 3823 4961; baseline 0.001 -28"><span class='ocrx_word' id='word_1_717' title='bbox 2234 4880 2422 4944; x_wconf 84' lang='grc' dir='ltr'>νάτου,</span> <span class='ocrx_word' id='word_1_718' title='bbox 2446 4881 2480 4951; x_wconf 79' lang='grc' dir='ltr'><strong>ἢ</strong></span> <span class='ocrx_word' id='word_1_719' title='bbox 2504 4882 2604 4949; x_wconf 81' lang='grc' dir='ltr'>τὴν</span> <span class='ocrx_word' id='word_1_720' title='bbox 2635 4878 2893 4950; x_wconf 83' lang='grc' dir='ltr'>ἀλήθειαν</span> <span class='ocrx_word' id='word_1_721' title='bbox 2905 4879 3227 4961; x_wconf 73' lang='grc' dir='ltr'>προδοῦναι.</span> <span class='ocrx_word' id='word_1_722' title='bbox 3262 4879 3446 4943; x_wconf 79' lang='grc' dir='ltr'>Οὕτως</span> <span class='ocrx_word' id='word_1_723' title='bbox 3469 4882 3630 4950; x_wconf 77' lang='grc' dir='ltr'>ἡμεῖς</span> <span class='ocrx_word' id='word_1_724' title='bbox 3653 4883 3708 4934; x_wconf 75' lang='lat' dir='ltr'><strong>oi</strong></span> <span class='ocrx_word' id='word_1_725' title='bbox 3731 4900 3823 4935; x_wconf 75' lang='grc' dir='ltr'>τα-</span> 
     </span>
    </p>
   </div>
   <div class='ocr_carea' id='block_1_101' title="bbox 551 4971 2126 5047">
    <p class='ocr_par' dir='ltr' id='par_1_101' title="bbox 551 4973 2126 5043">
     <span class='ocr_line' id='line_1_103' title="bbox 551 4973 2126 5043; baseline 0.001 -16"><span class='ocrx_word' id='word_1_726' title='bbox 551 4973 628 5027; x_wconf 84' lang='lat' dir='ltr'><strong>lta</strong></span> <span class='ocrx_word' id='word_1_727' title='bbox 665 4987 764 5028; x_wconf 85' lang='lat' dir='ltr'><strong>nos</strong></span> <span class='ocrx_word' id='word_1_728' title='bbox 792 4975 1026 5030; x_wconf 85' lang='lat' dir='ltr'><strong>humiles</strong></span> <span class='ocrx_word' id='word_1_729' title='bbox 1051 4975 1340 5035; x_wconf 87' lang='lat' dir='ltr'><strong>sentimus.</strong></span> <span class='ocrx_word' id='word_1_730' title='bbox 1379 4983 1540 5043; x_wconf 86' lang='lat' dir='ltr'><strong>atque</strong></span> <span class='ocrx_word' id='word_1_731' title='bbox 1564 4975 1820 5029; x_wconf 87' lang='lat' dir='ltr'><strong>omnibus</strong></span> <span class='ocrx_word' id='word_1_732' title='bbox 1852 4974 2126 5043; x_wconf 19' lang='lat' dir='ltr'><strong>respondet</strong></span> 
     </span>
    </p>
   </div>
   <div class='ocr_carea' id='block_1_102' title="bbox 2235 4971 3822 5047">
    <p class='ocr_par' dir='ltr' id='par_1_102' title="bbox 2237 4971 3822 5047">
     <span class='ocr_line' id='line_1_104' title="bbox 2237 4971 3822 5047; baseline -0.001 -19"><span class='ocrx_word' id='word_1_733' title='bbox 2237 4974 2415 5028; x_wconf 74' lang='grc' dir='ltr'>πεινοὶ</span> <span class='ocrx_word' id='word_1_734' title='bbox 2449 4973 2776 5047; x_wconf 80' lang='grc' dir='ltr'>φρονοῦμεν,</span> <span class='ocrx_word' id='word_1_735' title='bbox 2806 4971 2930 5027; x_wconf 74' lang='grc' dir='ltr'>ἐπεὶ</span> <span class='ocrx_word' id='word_1_736' title='bbox 2959 4973 3055 5027; x_wconf 55' lang='grc' dir='ltr'><strong>κοιλ⁷</strong></span> <span class='ocrx_word' id='word_1_737' title='bbox 3087 4975 3253 5027; x_wconf 78' lang='grc' dir='ltr'>πᾶσιν</span> <span class='ocrx_word' id='word_1_738' title='bbox 3291 4973 3720 5044; x_wconf 82' lang='grc' dir='ltr'>ἀποκρινόμεθα·</span> <span class='ocrx_word' id='word_1_739' title='bbox 3747 4975 3822 5038; x_wconf 82' lang='grc' dir='ltr'><strong>ὡς</strong></span> 
     </span>
    </p>
   </div>
   <div class='ocr_carea' id='block_1_103' title="bbox 550 5063 2132 5135">
    <p class='ocr_par' dir='ltr' id='par_1_103' title="bbox 550 5063 2132 5135">
     <span class='ocr_line' id='line_1_105' title="bbox 550 5063 2132 5135; baseline -0.001 -17"><span class='ocrx_word' id='word_1_740' title='bbox 550 5079 694 5118; x_wconf 87' lang='lat' dir='ltr'><strong>mus.</strong></span> <span class='ocrx_word' id='word_1_741' title='bbox 728 5063 882 5129; x_wconf 85' lang='lat' dir='ltr'><strong>Quod</strong></span> <span class='ocrx_word' id='word_1_742' title='bbox 916 5081 1045 5120; x_wconf 87' lang='lat' dir='ltr'><strong>vero</strong></span> <span class='ocrx_word' id='word_1_743' title='bbox 1077 5074 1319 5135; x_wconf 75' lang='lat' dir='ltr'><strong>paterna:</strong></span> <span class='ocrx_word' id='word_1_744' title='bbox 1358 5065 1634 5119; x_wconf 87' lang='lat' dir='ltr'><strong>sanctitati</strong></span> <span class='ocrx_word' id='word_1_745' title='bbox 1677 5073 1786 5120; x_wconf 64' lang='lat' dir='ltr'><strong>tua:</strong></span> <span class='ocrx_word' id='word_1_746' title='bbox 1831 5063 2132 5131; x_wconf 87' lang='lat' dir='ltr'><strong>videbitur,</strong></span> 
     </span>
    </p>
   </div>
   <div class='ocr_carea' id='block_1_104' title="bbox 551 5154 1956 5226">
    <p class='ocr_par' dir='ltr' id='par_1_104' title="bbox 551 5154 1956 5226">
     <span class='ocr_line' id='line_1_106' title="bbox 551 5154 1956 5226; baseline -0.001 -16"><span class='ocrx_word' id='word_1_747' title='bbox 551 5155 604 5210; x_wconf 82' lang='lat' dir='ltr'><strong>id</strong></span> <span class='ocrx_word' id='word_1_748' title='bbox 638 5169 864 5226; x_wconf 86' lang='lat' dir='ltr'><strong>prorsus</strong></span> <span class='ocrx_word' id='word_1_749' title='bbox 894 5163 1042 5210; x_wconf 91' lang='lat' dir='ltr'><strong>recto</strong></span> <span class='ocrx_word' id='word_1_750' title='bbox 1067 5155 1275 5223; x_wconf 83' lang='lat' dir='ltr'><strong>judicio</strong></span> <span class='ocrx_word' id='word_1_751' title='bbox 1301 5154 1474 5226; x_wconf 89' lang='lat' dir='ltr'><strong>magis</strong></span> <span class='ocrx_word' id='word_1_752' title='bbox 1505 5165 1956 5209; x_wconf 86' lang='lat' dir='ltr'><strong>consentaneum.</strong></span> 
     </span>
    </p>
   </div>
   <div class='ocr_carea' id='block_1_105' title="bbox 953 5267 1717 5340">
    <p class='ocr_par' dir='ltr' id='par_1_105' title="bbox 953 5267 1717 5340">
     <span class='ocr_line' id='line_1_107' title="bbox 953 5267 1717 5340; baseline -0.003 -16"><span class='ocrx_word' id='word_1_753' title='bbox 953 5267 1065 5324; x_wconf 86' lang='lat' dir='ltr'><strong>CII.</strong></span> <span class='ocrx_word' id='word_1_754' title='bbox 1110 5299 1168 5308; x_wconf 93' lang='lat'><strong><em>—</em></strong></span> <span class='ocrx_word' id='word_1_755' title='bbox 1200 5267 1452 5324; x_wconf 76' lang='lat' dir='ltr'><strong>Eraresto</strong></span> <span class='ocrx_word' id='word_1_756' title='bbox 1483 5268 1599 5338; x_wconf 76' lang='lat' dir='ltr'><strong>[ilio</strong></span> <span class='ocrx_word' id='word_1_757' title='bbox 1630 5270 1717 5340; x_wconf 82' lang='lat'><strong>(&#39;).</strong></span> 
     </span>
    </p>
   </div>
   <div class='ocr_carea' id='block_1_106' title="bbox 2240 5065 3822 5138">
    <p class='ocr_par' dir='ltr' id='par_1_106' title="bbox 2240 5065 3822 5138">
     <span class='ocr_line' id='line_1_108' title="bbox 2240 5065 3822 5138; baseline 0 -18"><span class='ocrx_word' id='word_1_758' title='bbox 2240 5067 2300 5121; x_wconf 82' lang='grc' dir='ltr'>δὲ</span> <span class='ocrx_word' id='word_1_759' title='bbox 2341 5067 2585 5138; x_wconf 84' lang='grc' dir='ltr'>δοκεῖτῇ</span> <span class='ocrx_word' id='word_1_760' title='bbox 2618 5068 2858 5137; x_wconf 80' lang='grc' dir='ltr'>πατρικῇ</span> <span class='ocrx_word' id='word_1_761' title='bbox 2900 5081 2991 5119; x_wconf 83' lang='grc' dir='ltr'><strong>σου</strong></span> <span class='ocrx_word' id='word_1_762' title='bbox 3037 5065 3338 5137; x_wconf 76' lang='grc' dir='ltr'>ἁγιωσύνῃ,</span> <span class='ocrx_word' id='word_1_763' title='bbox 3377 5065 3461 5135; x_wconf 78' lang='grc' dir='ltr'><strong>είη</strong></span> <span class='ocrx_word' id='word_1_764' title='bbox 3504 5065 3725 5129; x_wconf 84' lang='grc' dir='ltr'>πάντως</span> <span class='ocrx_word' id='word_1_765' title='bbox 3763 5067 3822 5120; x_wconf 81' lang='grc' dir='ltr'>τὸ</span> 
     </span>
    </p>
   </div>
   <div class='ocr_carea' id='block_1_107' title="bbox 2243 5156 2663 5230">
    <p class='ocr_par' dir='ltr' id='par_1_107' title="bbox 2243 5156 2663 5230">
     <span class='ocr_line' id='line_1_109' title="bbox 2243 5156 2663 5230; baseline -0.007 -18"><span class='ocrx_word' id='word_1_766' title='bbox 2243 5156 2540 5230; x_wconf 84' lang='grc' dir='ltr'>εὐκριτώτε</span> <span class='ocrx_word' id='word_1_767' title='bbox 2552 5174 2663 5227; x_wconf 91' lang='grc' dir='ltr'>ρον.</span> 
     </span>
    </p>
   </div>
   <div class='ocr_carea' id='block_1_108' title="bbox 2517 5268 3578 5345">
    <p class='ocr_par' dir='ltr' id='par_1_108' title="bbox 2517 5268 3578 5345">
     <span class='ocr_line' id='line_1_110' title="bbox 2517 5268 3578 5345; baseline 0.005 -22"><span class='ocrx_word' id='word_1_768' title='bbox 2517 5270 2640 5324; x_wconf 90' lang='lat' dir='ltr'><strong>PB&#39;.</strong></span> <span class='ocrx_word' id='word_1_769' title='bbox 2690 5299 2762 5311; x_wconf 90' lang='lat'><strong>—</strong></span> <span class='ocrx_word' id='word_1_770' title='bbox 2788 5269 3110 5338; x_wconf 81' lang='grc' dir='ltr'>Εὐαρέστῳ</span> <span class='ocrx_word' id='word_1_771' title='bbox 3131 5268 3339 5336; x_wconf 80' lang='grc' dir='ltr'>τέκνῳ.</span> <span class='ocrx_word' id='word_1_772' title='bbox 3383 5271 3578 5345; x_wconf 86' lang='grc' dir='ltr'>[χηγ’.]</span> 
     </span>
    </p>
   </div>
   <div class='ocr_carea' id='block_1_109' title="bbox 1632 5385 2804 5446">
    <p class='ocr_par' dir='ltr' id='par_1_109' title="bbox 1632 5385 2804 5446">
     <span class='ocr_line' id='line_1_111' title="bbox 1632 5385 2804 5446; baseline 0 -13"><span class='ocrx_word' id='word_1_773' title='bbox 1632 5385 1920 5446; x_wconf 77' lang='lat' dir='ltr'><strong>Apostatam</strong></span> <span class='ocrx_word' id='word_1_774' title='bbox 1936 5389 2233 5440; x_wconf 87' lang='lat' dir='ltr'><strong>monachum</strong></span> <span class='ocrx_word' id='word_1_775' title='bbox 2261 5390 2467 5438; x_wconf 78' lang='lat' dir='ltr'><strong>revocat</strong></span> <span class='ocrx_word' id='word_1_776' title='bbox 2490 5385 2549 5434; x_wconf 80' lang='lat' dir='ltr'><strong>ad</strong></span> <span class='ocrx_word' id='word_1_777' title='bbox 2567 5385 2804 5435; x_wconf 82' lang='lat' dir='ltr'><strong>omcium.</strong></span> 
     </span>
    </p>
   </div>
   <div class='ocr_carea' id='block_1_110' title="bbox 625 5489 2135 5562">
    <p class='ocr_par' dir='ltr' id='par_1_110' title="bbox 625 5489 2135 5562">
     <span class='ocr_line' id='line_1_112' title="bbox 625 5489 2135 5562; baseline 0.003 -18"><span class='ocrx_word' id='word_1_778' title='bbox 625 5489 692 5545; x_wconf 86' lang='lat' dir='ltr'><strong>Et</strong></span> <span class='ocrx_word' id='word_1_779' title='bbox 721 5489 870 5561; x_wconf 86' lang='lat' dir='ltr'><strong>gravi</strong></span> <span class='ocrx_word' id='word_1_780' title='bbox 901 5505 1104 5562; x_wconf 84' lang='lat' dir='ltr'><strong>angore</strong></span> <span class='ocrx_word' id='word_1_781' title='bbox 1157 5499 1212 5546; x_wconf 91' lang='lat' dir='ltr'><strong>et</strong></span> <span class='ocrx_word' id='word_1_782' title='bbox 1257 5490 1434 5546; x_wconf 91' lang='lat' dir='ltr'><strong>cordis</strong></span> <span class='ocrx_word' id='word_1_783' title='bbox 1463 5491 1571 5545; x_wconf 90' lang='lat' dir='ltr'><strong>mei</strong></span> <span class='ocrx_word' id='word_1_784' title='bbox 1601 5491 1854 5559; x_wconf 84' lang='lat' dir='ltr'><strong>angustia</strong></span> <span class='ocrx_word' id='word_1_785' title='bbox 1877 5531 1893 5558; x_wconf 89' lang='lat'><strong>,</strong></span> <span class='ocrx_word' id='word_1_786' title='bbox 1939 5491 2135 5549; x_wconf 89' lang='lat' dir='ltr'><strong>addam</strong></span> 
     </span>
    </p>
   </div>
   <div class='ocr_carea' id='block_1_111' title="bbox 2311 5489 3815 5563">
    <p class='ocr_par' dir='ltr' id='par_1_111' title="bbox 2311 5489 3815 5563">
     <span class='ocr_line' id='line_1_113' title="bbox 2311 5489 3815 5563; baseline -0.003 -16"><span class='ocrx_word' id='word_1_787' title='bbox 2311 5491 2424 5547; x_wconf 84' lang='lat' dir='ltr'><strong>&quot;Ex</strong></span> <span class='ocrx_word' id='word_1_788' title='bbox 2455 5491 2659 5563; x_wconf 82' lang='grc' dir='ltr'>πολλῆς</span> <span class='ocrx_word' id='word_1_789' title='bbox 2713 5489 2945 5560; x_wconf 83' lang='grc' dir='ltr'>θλίψεως</span> <span class='ocrx_word' id='word_1_790' title='bbox 2999 5491 3093 5545; x_wconf 78' lang='grc' dir='ltr'>καὶ</span> <span class='ocrx_word' id='word_1_791' title='bbox 3144 5492 3375 5562; x_wconf 82' lang='grc' dir='ltr'>συνοχῆς</span> <span class='ocrx_word' id='word_1_792' title='bbox 3420 5491 3649 5563; x_wconf 83' lang='grc' dir='ltr'>καρδίας</span> <span class='ocrx_word' id='word_1_793' title='bbox 3694 5508 3815 5560; x_wconf 84' lang='grc' dir='ltr'>μου,</span> 
     </span>
    </p>
   </div>
   <div class='ocr_carea' id='block_1_112' title="bbox 553 5581 2126 5658">
    <p class='ocr_par' dir='ltr' id='par_1_112' title="bbox 553 5581 2126 5656">
     <span class='ocr_line' id='line_1_114' title="bbox 553 5581 2126 5656; baseline 0.003 -18"><span class='ocrx_word' id='word_1_794' title='bbox 553 5591 608 5638; x_wconf 89' lang='lat' dir='ltr'><strong>et</strong></span> <span class='ocrx_word' id='word_1_795' title='bbox 640 5583 932 5654; x_wconf 79' lang='lat' dir='ltr'><strong>laerylnis,</strong></span> <span class='ocrx_word' id='word_1_796' title='bbox 981 5583 1208 5653; x_wconf 87' lang='lat' dir='ltr'><strong>epistola</strong></span> <span class='ocrx_word' id='word_1_797' title='bbox 1248 5583 1364 5638; x_wconf 73' lang='lat' dir='ltr'><strong>lucc</strong></span> <span class='ocrx_word' id='word_1_798' title='bbox 1409 5583 1476 5638; x_wconf 90' lang='lat' dir='ltr'><strong>ad</strong></span> <span class='ocrx_word' id='word_1_799' title='bbox 1511 5593 1594 5647; x_wconf 88' lang='lat' dir='ltr'><strong>te,</strong></span> <span class='ocrx_word' id='word_1_800' title='bbox 1644 5581 1812 5638; x_wconf 86' lang='lat' dir='ltr'><strong>frater</strong></span> <span class='ocrx_word' id='word_1_801' title='bbox 1845 5601 1857 5637; x_wconf 87' lang='lat'><strong>:</strong></span> <span class='ocrx_word' id='word_1_802' title='bbox 1898 5598 1964 5641; x_wconf 93' lang='lat' dir='ltr'><strong>eo</strong></span> <span class='ocrx_word' id='word_1_803' title='bbox 1991 5586 2126 5656; x_wconf 81' lang='lat' dir='ltr'><strong>quod</strong></span> 
     </span>
    </p>
   </div>
   <div class='ocr_carea' id='block_1_113' title="bbox 2235 5581 3815 5658">
    <p class='ocr_par' dir='ltr' id='par_1_113' title="bbox 2245 5583 3815 5658">
     <span class='ocr_line' id='line_1_115' title="bbox 2245 5583 3815 5658; baseline -0.001 -18"><span class='ocrx_word' id='word_1_804' title='bbox 2245 5584 2545 5658; x_wconf 86' lang='grc' dir='ltr'>προσθείην</span> <span class='ocrx_word' id='word_1_805' title='bbox 2584 5584 2679 5640; x_wconf 72' lang='grc' dir='ltr'>καὶ</span> <span class='ocrx_word' id='word_1_806' title='bbox 2720 5583 2996 5655; x_wconf 83' lang='grc' dir='ltr'>δακρύων,</span> <span class='ocrx_word' id='word_1_807' title='bbox 3027 5585 3061 5655; x_wconf 76' lang='grc' dir='ltr'><strong>η</strong></span> <span class='ocrx_word' id='word_1_808' title='bbox 3092 5583 3351 5658; x_wconf 70' lang='grc' dir='ltr'>ἐπιστολὴ</span> <span class='ocrx_word' id='word_1_809' title='bbox 3398 5584 3538 5658; x_wconf 87' lang='grc' dir='ltr'>πρός</span> <span class='ocrx_word' id='word_1_810' title='bbox 3572 5601 3630 5638; x_wconf 83' lang='grc' dir='ltr'><strong>σε</strong></span> <span class='ocrx_word' id='word_1_811' title='bbox 3659 5583 3815 5654; x_wconf 77' lang='grc' dir='ltr'>αὕτη,</span> 
     </span>
    </p>
   </div>
   <div class='ocr_carea' id='block_1_114' title="bbox 625 5718 1658 5786">
    <p class='ocr_par' dir='ltr' id='par_1_114' title="bbox 625 5718 1658 5786">
     <span class='ocr_line' id='line_1_116' title="bbox 625 5718 1658 5786; baseline -0.002 -11"><span class='ocrx_word' id='word_1_812' title='bbox 625 5721 648 5754; x_wconf 80' lang='lat'><strong>’</strong></span> <span class='ocrx_word' id='word_1_813' title='bbox 682 5719 699 5775; x_wconf 96' lang='grc' dir='ltr'><strong>Ι</strong></span> <span class='ocrx_word' id='word_1_814' title='bbox 732 5720 877 5778; x_wconf 85' lang='lat' dir='ltr'><strong>Pctr.</strong></span> <span class='ocrx_word' id='word_1_815' title='bbox 912 5738 975 5786; x_wconf 83' lang='grc' dir='ltr'><strong>ν,</strong></span> <span class='ocrx_word' id='word_1_816' title='bbox 1021 5722 1106 5776; x_wconf 72' lang='grc'><strong>14.</strong></span> <span class='ocrx_word' id='word_1_817' title='bbox 1186 5722 1228 5752; x_wconf 77' lang='grc'><strong>⁸⁸</strong></span> <span class='ocrx_word' id='word_1_818' title='bbox 1261 5719 1436 5777; x_wconf 85' lang='lat' dir='ltr'><strong>Galat.</strong></span> <span class='ocrx_word' id='word_1_819' title='bbox 1471 5735 1524 5775; x_wconf 76' lang='lat' dir='ltr'><strong>vr</strong></span> <span class='ocrx_word' id='word_1_820' title='bbox 1549 5758 1563 5783; x_wconf 89' lang='lat'><strong>,</strong></span> <span class='ocrx_word' id='word_1_821' title='bbox 1604 5718 1658 5773; x_wconf 73' lang='grc' dir='ltr'>Ξ.</span> 
     </span>
    </p>
   </div>
   <div class='ocr_carea' id='block_1_115' title="bbox 635 5835 1093 5909">
    <p class='ocr_par' dir='ltr' id='par_1_115' title="bbox 635 5835 1093 5909">
     <span class='ocr_line' id='line_1_117' title="bbox 635 5835 1093 5909; baseline 0.002 -17"><span class='ocrx_word' id='word_1_822' title='bbox 635 5845 696 5909; x_wconf 74' lang='grc'><strong>(⁸)</strong></span> <span class='ocrx_word' id='word_1_823' title='bbox 736 5835 1093 5896; x_wconf 69' lang='lat' dir='ltr'><strong>Parmnctica.</strong></span> 
     </span>
    </p>
   </div>
  </div>
