4060 6374
325 274 464 356 i357

1507 287 2044 350 EPISTULARUM
2117 288 2265 348 LIB.
2307 288 2390 350 ΙΙ.

3447 282 3582 348 1358

320 397 519 470 ἀδελφέ
541 409 556 428 ·
585 395 722 451 διότι
761 396 978 474 ἀκήκοα
1010 397 1300 452 ἀποθανεῖν
1336 413 1395 451 σε
1439 398 1532 452 τὸν
1575 401 1674 470 τῆς
1723 399 1905 470 ἀμαρ-

2034 399 2186 456 ιιιόὶνὶ
2230 411 2284 456 te
2315 398 2520 470 peccati
2555 405 2730 453 morte
2759 405 3039 453 mortuum
3073 409 3217 453 esse;
3247 395 3414 452 Aiunt
3440 399 3588 452 enim

317 495 445 553 τίας
476 489 726 546 θάνατον.
758 491 897 546 Φασὶ
923 484 1034 562 γὰρ
1063 485 1511 562 ἀπορριψάμενον
1541 490 1604 544 τὸ
1632 491 1904 560 ἐπάγγελ-

324 603 403 658 μα
429 584 529 656 τῆς
555 582 876 656 παρθενίας,
907 583 969 637 τὸ
999 582 1201 654 ἐνδυμα
1222 583 1284 636 τὸ
1311 582 1688 654 εὐαγγελικὺν,
1715 583 1780 638 τὸ
1813 601 1904 638 σε·

319 679 554 751 ϐάσμιον
583 675 682 732 καί⁸
706 669 959 746 ἀγγέλοις
983 675 1078 730 καὶ
1104 674 1414 756 ἀνθρώποις
1451 676 1773 749 πολίτευμα,
1804 676 1906 732 λα-

319 762 440 824 ϐεῖν
466 786 526 824 σε
552 763 790 839 γυναῖκα
819 767 1104 840 μοιχικῶς,
1131 761 1332 838 μᾶλλον
1352 768 1410 823 δὲ
1437 765 1536 840 τὴν
1560 767 1704 822 Εὕαν
1732 770 1908 846 εἰπεῖν

325 859 678 933 κυριώτερον.
715 857 864 930 Αὕτη
897 859 1007 929 γάρ
1037 875 1095 912 σε
1137 859 1232 913 τοῦ
1259 859 1590 931 παραδείσου
1616 859 1716 930 τῆς
1745 858 1909 928 ἁγίας

323 944 474 1022 ζωῆς
502 948 806 1006 ἐκϐαλοῦσα
832 951 1006 1014 ἔθετο,
1028 951 1109 1014 είς
1131 938 1326 1014 πένθος
1355 949 1455 1021 μὲν
1479 942 1602 1022 ἐμοὶ
1629 949 1705 1021 τῷ
1728 936 1910 1022 (ίὶμαρ⁸

325 1042 483 1115 τωλῷ
516 1041 610 1097 σου
644 1041 835 1115 πατρὶ,
869 1043 950 1107 είς
977 1059 1038 1095 τε
1063 1035 1326 1114 αἰσχύνην
1356 1041 1459 1117 τῆς
1489 1040 1792 1112 ἀγγελικῆς
1813 1057 1908 1095 σου

2003 493 2275 564 abj‘ecisse
2320 501 2372 548 te
2417 491 2759 562 propositum
2797 489 3166 559 virginitatis,
3211 489 3588 544 indumentum

2004 586 2376 658 evangelicum
2399 623 2417 649 ,
2451 583 2829 640 venerandum
2861 590 2917 638 et
2947 580 3156 652 angelis
3181 589 3240 636 et
3264 581 3592 638 hominibus

2005 676 2131 732 vitae
2160 670 2470 731 institutum
2495 712 2512 740 ,
2542 681 2598 729 et
2619 672 2884 742 feminam
2929 671 3201 728 adulterio
3230 671 3328 726 tibi
3363 672 3592 728 ascivis—

2007 785 2068 826 se
2092 809 2108 834 ,
2143 785 2309 841 quam
2343 768 2568 841 proprie
2607 767 2784 837 magis
2816 765 2984 822 Evam
3019 766 3204 823 dicere
3234 765 3414 822 liceat.
3467 765 3595 821 llaec

2007 863 2154 938 enim
2183 873 2235 918 te
2257 861 2324 918 de
2351 871 2556 917 sancta:
2579 855 2707 916 vitae
2736 859 2995 931 paradiso
3032 859 3386 916 exturbatum
3423 873 3597 929 expo-

2007 956 2121 1026 suit
2152 955 2288 1010 mihi
2315 949 2534 1025 quidem
2562 955 2832 1024 peccaturi
2856 951 3010 1008 Patri
3041 961 3140 1008 tuo
3165 951 3234 1008 ad
3263 953 3496 1017 luctum,
3525 951 3596 1006 ad

2009 1043 2275 1113 pudorem
2315 1056 2448 1096 vero
2498 1039 2756 1112 angelicae
2807 1039 3246 1094 confraternitati
3289 1047 3431 1104 tuae,
3479 1040 3599 1092 dia-

327 1128 706 1204 ἀδελφότητος,
736 1134 833 1189 καὶ
868 1134 950 1198 είς
977 1132 1211 1205 ἔπαρσιν
1239 1134 1338 1188 καὶ
1368 1131 1597 1205 αὔχημα
1622 1131 1702 1205 τῷ
1723 1117 1910 1188 διαϐό-

2034 1136 2138 1191 ιοιο
2161 1143 2341 1190 autem
2368 1133 2434 1188 ad
2465 1132 2890 1189 ostentationem
2925 1139 2980 1187 et
3003 1131 3357 1201 jactantiam.
3387 1128 3432 1185 Ο
3461 1130 3597 1201 quid

253 1235 258 1238 ’
327 1228 428 1302 λῳι
459 1211 525 1282 Ὦ
570 1223 624 1282 τί
667 1228 886 1298 γέγονε;
927 1227 1058 1298 φεῦί
1102 1219 1221 1290 πῶς
1256 1222 1317 1281 σε
1347 1225 1680 1300 ἐχειρώσατο
1719 1228 1748 1280 6
1779 1219 1913 1300 δρά-

2034 1227 2217 1302 'actum
2251 1223 2372 1282 est?
2412 1223 2555 1280 heu!
2594 1239 2704 1295 quo
2735 1233 2894 1295 pacto
2930 1233 2989 1279 te.
3025 1224 3344 1295 subjugavit
3387 1223 3601 1280 draco?

328 1323 482 1390 acibv;
514 1321 596 1386 είς
623 1317 735 1375 οἷον
777 1320 835 1374 δέ
878 1337 938 1374 σε
975 1315 1247 1390 ἀπέρριψε
1284 1318 1450 1390 βάθος
1495 1318 1792 1386 δυσωδίας;
1840 1318 1916 1372 T6

2034 1319 2173 1392 [uale
2207 1328 2258 1374 te
2287 1318 2341 1374 in
2379 1316 2568 1374 fetoris
2607 1316 2936 1387 profundum
2969 1316 3270 1372 demersit?
3301 1314 3510 1372 Lumen
3541 1317 3598 1370 in

330 1413 449 1484 φῶς
501 1413 733 1484 γέγονας
792 1412 1019 1476 σκότοςε
1079 1413 1114 1483 ἡ
1154 1403 1392 1482 Χριστοῦ
1439 1409 1636 1464 εὐωδία
1678 1413 1708 1464 6
1749 1409 1914 1482 ἱερὸς,

2034 1411 2290 1477 ,enebras,
2314 1409 2518 1466 Christi
2543 1409 2719 1465 bonus
2747 1411 2885 1464 odor
2907 1409 2963 1465 in
2989 1423 3158 1482 grave
3183 1409 3444 1474 olentiam
3476 1423 3598 1462 mu-

334 1501 560 1578 μιαρός·
593 1505 622 1558 6
650 1503 853 1575 τίμιος,
890 1503 1082 1574 ἄτιμος
1101 1515 1115 1530 ⁶
1141 1503 1170 1555 6
1193 1499 1423 1569 ἔνδοξος,
1451 1501 1636 1567 ἄδοξος
1655 1515 1670 1531 ⁶
1696 1502 1725 1555 6
1755 1501 1918 1576 ἄσχε-

2034 1513 2164 1578 .at_us
2189 1519 2290 1559 es:
2323 1517 2389 1558 ex
2436 1516 2601 1558 sacro
2631 1501 2932 1573 profanus,
2967 1517 3034 1559 ex
3067 1502 3338 1558 honOrato
3369 1501 3593 1555 inhono-

331 1576 454 1663 ἔτος,
483 1596 560 1669 τῷ
588 1595 804 1667 δαίμονι
845 1592 1216 1667 χειρόδέσμιος
1235 1608 1252 1624 ⁸
1291 1594 1322 1647 δ
1362 1593 1608 1664 φιλητδςς
1639 1581 1882 1666 ,μισητός
1900 1607 1914 1622 ’

2034 1576 2172 1650 raius
2201 1636 2217 1660 ,
2284 1587 2350 1648 ex
2387 1593 2630 1664 glorioso
2657 1593 2923 1663 inglorius
2951 1622 2966 1660 ,
3028 1607 3092 1648 ex
3125 1593 3309 1649 soluto
3339 1602 3396 1648 et
3428 1592 3601 1647 libero

332 1691 398 1744 1:6
454 1689 726 1762 πρόϐατον
790 1687 991 1760 Ἰησοῦ,
1053 1685 1414 1758 θηριάλωτον.
1481 1677 1786 1758 Προσθήσω
1849 1684 1920 1739 τά

2034 1687 2352 1758 mancipium
2385 1686 2563 1742 factus
2599 1685 2850 1754 diaboli,
2903 1700 2968 1740 ex
3007 1687 3211 1742 dilecto
3248 1701 3450 1742 exosus
3477 1725 3492 1750 ,
3533 1699 3600 1738 ex

340 1756 534 1854 μείζω.
593 1781 652 1834 ⁸0
711 1756 1072 1851 δεδιωγμένος
1111 1756 1332 1832 -ἓνεκεν
1391 1777 1494 1847 τῆς
1537 1756 1913 1847 δικαιοσύνης,

2034 1756 2222 1830 Shristi
2241 1773 2343 1830 ove
2369 1770 2549 1845 praeda
2575 1765 2710 1844 lupi.
2745 1765 2956 1829 Addam
2985 1775 3072 1830 his
3095 1775 3326 1846 majora.
3349 1773 3456 1842 Qui
3482 1791 3604 1844 per-

338 1869 776 1942 κατειλημμένος
826 1871 931 1925 ὑπὸ
979 1871 1080 1940 τῆς
1123 1867 1437 1941 όιμαρτιας⁹
1483 1861 1513 1922 ὃ
1553 1868 1913 1942 ὁμολογητῆς,

339 1964 617 2040 ἀρνητής·
659 1962 689 2015 6
719 1962 814 2015 τὸν
850 1960 1199 2032 μακαρισμὸν
1241 1961 1334 2014 ἐπὶ
1377 1960 1622 2032 κορυφῆς
1678 1960 1754 2023 ὡς
1804 1959 1919 2014 διά-

338 2056 488 2127 δημα
537 2055 744 2126 φέρων,
774 2053 1134 2126 ἀφῃρημένος
1177 2051 1239 2106 τὸ
1279 2051 1592 2124 θαυμαστὸν
1623 2052 1794 2123 δνομα
1821 2051 1918 2106 τοῦ

343 2146 580 2222 μοναχοῦ
590 2187 603 2201 .

382 2310 384 2312 τ
410 2239 608 2308 Οἴμοιί
640 2237 726 2300 τίς
757 2235 996 2302 ἀκούσας
1011 2235 1073 2290 ού
1103 2236 1376 2301 στενάξειε
1403 2254 1417 2302 ;
1448 2236 1532 2300 τίς
1545 2236 1604 2289 δὲ
1633 2233 1922 2294 κατανοῶν

340 2331 406 2391 οὐ¹
435 2329 718 2402 φρίξειεν;
752 2328 996 2398 ᾔσχυνας
1033 2327 1094 2382 τὸ
1127 2327 1441 2398 μοναχικδν,
1473 2327 1750 2398 ἐφόϐησας
1793 2327 1923 2390 τοὺς

343 2405 675 2495 ἑστηκότας,
707 2421 1008 2486 ὲσάλευσας
1037 2423 1164 2485 τοὺς
1215 2421 1570 2485 ὀκλάζοντας,
1601 2422 1756 2485 ἔπιες
1820 2439 1921 2474 που

341 2519 536 2588 τήριον
566 2515 819 2587 ἀνομίας,
851 2513 1111 2578 εἴλκυσας
1129 2514 1190 2568 τὸ
1212 2515 1338 2568 καθ’
1393 2515 1586 2570 ἑαυτὸν
1608 2515 1738 2578 τοὺς
1787 2517 1922 2586 ὁμο-

341 2607 530 2675 ταγείς
559 2603 972 2674 ἀπογεύσασθαι
999 2606 1096 2659 τοῦ
1126 2605 1384 2660 θανάτου.
1415 2609 1479 2661 Ὢ
1505 2608 1600 2661 καὶ
1631 2602 1789 2672 αὖθις
1835 2608 1926 2662 λέ-

344 2719 450 2770 γω,
487 2701 541 2755 τί
571 2701 847 2765 πέπονθας
876 2701 1118 2766 ὲλεεινέ;
1149 2701 1268 2766 πῶς
1299 2704 1327 2756 6
1362 2703 1674 2772 Ἐωσφόρος
1708 2704 1927 2757 ἐσκοτί-

349 2795 485 2863 σθης
511 2811 528 2860 ;
559 2794 678 2858 πῶς
705 2793 766 2847 τὺ
787 2790 1123 2864 χρησιμεῦον
1151 2792 1351 2857 σκεῦος
1402 2793 1730 2866 συνετρίϐης
1754 2813 1770 2862 ;
1827 2795 1929 2849 ούκ

343 2879 474 2950 αἰδῇ
504 2879 609 2933 κᾶν
631 2879 690 2932 τὸ
718 2879 888 2950 ὄνομά
918 2896 1035 2946 σου,
1070 2880 1154 2934 ὅτι
1204 2881 1516 2952 Εὐάρεστος
1569 2883 1927 2955 καλούμενος,

347 2970 688 3040 Δυσάρεστος
727 2969 1141 3042 ὲχρημάτισας;
1183 2971 1258 3024 Ού
1291 2973 1490 3045 πέρυσι
1522 2965 1656 3044 ἧκες
1693 2976 1832 3048 πρός
1862 2993 1932 3047 με

2017 1869 2355 1924 secutionem
2391 1868 2620 1938 justitiaa
2647 1882 2815 1923 causa
2845 1867 3154 1939 patiebatur
3177 1907 3193 1934 ,
3221 1876 3414 1938 captus
3448 1877 3536 1922 est
3572 1883 3604 1922 a

2015 1971 2270 2031 peccato;
2304 1963 2398 2032 qui
2451 1960 2736 2017 confessor
2786 1970 2946 2025 erat,
3003 1975 3149 2016 nunc
3194 1970 3454 2031 negator;
3509 1961 3605 2030 qui

2018 2055 2410 2110 beatitudinem
2446 2055 2501 2109 in
2527 2055 2733 2111 vertice
2757 2055 2904 2109 velut
2931 2053 3184 2109 diadema
3214 2053 3483 2124 gestabat,
3508 2053 3607 2108 ad-

2019 2147 2274 2208 mirando
2314 2145 2570 2202 monachi
2610 2147 2833 2202 nomine
2872 2144 3143 2214 spoliatus
3181 2154 3285 2199 est.

2096 2239 2194 2294 Hei
2228 2239 2399 2294 mihi!
2442 2239 2568 2309 quis
2605 2239 2721 2294 haec
2761 2239 2992 2294 audiens
3051 2252 3160 2292 non
3213 2235 3434 2307 gemat?
3486 2235 3612 2306 quis

2022 2332 2271 2403 cogitans
2293 2347 2402 2386 non
2433 2331 2829 2388 exhorrescat?
2851 2331 3067 2386 Pudore
3105 2325 3386 2386 suﬂ'udisti
3417 2343 3613 2383 mona-

2025 2427 2178 2490 chos,
2209 2425 2486 2480 stantibus
2518 2434 2788 2480 terrorem
2815 2423 3076 2494 iujecisti,
3108 2423 3387 2493 lapsantes
3426 2420 3612 2490 impn-

2025 2517 2374 2584 listi,bibisti
2416 2517 2646 2573 calicem
2679 2517 3012 2586 iniquitatis,
3071 2514 3288 2570 traxisti
3340 2521 3610 2584 quantam

2026 2607 2081 2662 in
2117 2618 2168 2661 te
2204 2604 2310 2659 fuit
2333 2605 2518 2660 socios
2550 2614 2612 2659 ut
2634 2612 2870 2659 mortem
2901 2603 3280 2674 degustarent.
3323 2600 3370 2655 Ο
3411 2600 3612 2655 iterum

2026 2699 2172 2764 dico,
2207 2697 2338 2768 quid
2371 2712 2572 2767 passus
2593 2711 2678 2763 es,
2703 2694 2910 2750 miser?
2943 2693 3224 2765 quomodo
3255 2692 3500 2748 tenebris
3527 2692 3616 2746 of-

2029 2790 2190 2847 fusus
2209 2806 2291 2854 es,
2321 2788 2582 2845 Lucifer?
2611 2790 2892 2860 quomodo
2927 2803 3023 2844 vas
3053 2788 3188 2843 utile
3217 2787 3496 2844 contritus
3513 2787 3618 2854 es]?

2030 2882 2144 2940 Nec
2174 2884 2354 2953 ipsum
2386 2896 2588 2936 nomen
2618 2890 2772 2936 tuum
2813 2879 3106 2945 revereris,
3137 2877 3284 2949 quod
3315 2875 3617 2932 Evarcstus

2033 2990 2158 3031 cum
2191 2974 2510 3046 appelleris,
2544 2972 2876 3045 Bysaresms
2926 2972 3194 3028 evasisti?
3235 2969 3431 3027 Nonne
3469 2983 3618 3025 anno

350 3061 477 3144 έπεὶ
522 3060 616 3115 καὶ
671 3062 808 3133 πρὸς
843 3061 934 3114 τὸν
967 3061 1130 3132 κῦριν
1188 3062 1280 3117 τὸν
1319 3065 1753 3136 ἁρχιεπίσκοπον
1811 3068 1932 3132 ὅλος

2036 3069 2309 3139 praeterito
2333 3067 2402 3120 ad
2425 3080 2513 3121 me
2540 3066 2743 3123 venisti
2773 3073 2940 3136 atque
2989 3066 3056 3120 ad
3092 3064 3379 3119 dominum
3430 3062 3619 3118 archi-

349 3152 534 3223 ύγιὴς,
566 3151 823 3224 εύθυμος,
853 3154 1155 3226 πρόθυμος,
1178 3155 1318 3227 ὑπὲρ
1339 3157 1528 3228 ἑτέρου
1549 3158 1752 3228 μᾶλλον
1779 3159 1937 3213 ἀδελ-

351 3245 456 3311 φοῦ
475 3265 568 3303 σου
585 3247 962 3322 παρακλήτωρ
978 3251 1072 3304 καὶ
1088 3252 1401 3324 ἀνορθωτής
1420 3271 1436 3320 ;
1457 3253 1576 3318 πῶς
1590 3253 1834 3320 ἑξέλιπες
1856 3256 1939 3322 ἐξ·

352 3338 524 3396 ἆπινα
539 3357 556 3407 ;
573 3341 692 3406 πῶς
707 3341 1135 3414 ἀπετυφλώθης;
1159 3343 1274 3407 πῶς
1293 3349 1440 3417 ὴμνη
1449 3345 1690 3417 μόνησας
1699 3347 1794 3400 καὶ
1802 3346 1937 3401 Θεοῦ

353 3435 453 3488 καὶ
483 3435 659 3504 ἡμῶν,
693 3433 803 3488 τῶν
829 3451 889 3488 τε
907 3435 1672 3510 προηνυσμένωνάσκητικῶν
1711 3455 1806 3492 σου
1837 3440 1936 3492 πό-

351 3543 464 3580 νων
491 3528 584 3580 καὶ
604 3526 845 3598 ἱδρώτων
865 3542 878 3556 ·
912 3527 1034 3580 ἐπεὶ
1050 3524 1117 3599 ἧς
1131 3528 1223 3580 καὶ
1252 3528 1358 3583 τῶν
1374 3529 1682 3601 χρησίμων,
1713 3531 1809 3584 καὶ
1833 3531 1940 3584 τῶν

354 3623 417 3675 ὲν
445 3623 567 3684 ταῖς
607 3619 1010 3691 ὑπερεχούσαις
1037 3620 1342 3686 διακονίαις
1374 3623 1764 3692 τεταγμένων;
1803 3621 1941 3677 Εἶτα

353 3711 452 3779 τίς
490 3711 666 3784 μικρά
697 3710 975 3783 προσϐολὴ
996 3711 1090 3766 τοῦ
1145 3712 1366 3786 ἐχθροῦ,
1423 3713 1696 3784 ἐπιθυμία
1739 3713 1940 3785 ἔχουσα

359 3803 464 3873 μὲν
496 3803 573 3875 τῷ
595 3803 774 3856 δοκεῖν
801 3803 997 3872 γλυκὺ,
1035 3804 1421 3876 συνειλιγμένη
1453 3805 1512 3858 δὲ
1539 3805 1780 3876 διστόμῳ
1835 3823 1943 3874 μα-

356 3894 550 3967 χαίρᾳ,
576 3890 644 3966 ἦς
672 3895 771 3966 τῆς
801 3895 1030 3966 πικρίας
1055 3896 1211 3949 οὐδὲν
1271 3897 1691 3967 χολωδέστερον,
1739 3897 1942 3968 δραξα-

359 3987 502 4058 μένη
533 4003 592 4040 σε
621 3987 936 4058 κατήγαγεν
971 3987 1048 4048 ώς
1067 3988 1162 4040 ἀπ’
1192 3989 1427 4061 οὐρανοῦ
1449 3989 1550 4061 τῆς
1579 3990 1794 4061 ὑψηλῆς
1853 4007 1942 4044 πο-

354 4078 586 4144 λιτείας,
621 4078 864 4132 δείκνυσι
884 4079 943 4132 δὲ
975 4079 1112 4133 ὡσεὶ
1143 4081 1490 4152 τραυματίαν
1524 4082 1856 4137 καθεύδοντα
1885 4085 1943 4138 ὲν

355 4168 537 4248 τάφῳ.
571 4169 637 4222 Τί
663 4169 770 4238 γὰρ
807 4168 936 4223 ἄλλο
970 4171 1120 4224 ἐστὶν
1151 4166 1293 4224 εἶναι
1315 4171 1410 4225 τὸν
1466 4173 1526 4226 ὲν
1556 4175 1623 4245 τῇ
1673 4175 1940 4246 ἁμαρτίᾳ,

359 4260 406 4336 ἥ⁴
455 4261 515 4313 ὲν
542 4258 750 4331 φθορᾷς
781 4257 1022 4314 Ούτίπου
1052 4261 1171 4331 φῶς
1214 4261 1424 4332 νοερὸν,
1483 4263 1711 4335 οὐδεμία
1767 4265 1942 4332 ἐλπὶς,

357 4351 590 4423 οὐδεμία
609 4352 885 4424 γλυκύτης
921 4354 1122 4424 ψυχῆς,
1182 4355 1414 4428 οὐδεμία
1457 4357 1736 4429 διανόησις
1798 4360 1940 4431 ίερά,

2042 3159 2364 3230 episcopum
2402 3168 2550 3214 totus
2582 3173 2774 3224 sanus,
2804 3157 2967 3212 hilari
3003 3158 3192 3212 animo
3218 3164 3274 3212 et
3300 3155 3492 3221 alacri,
3521 3169 3622 3224 pro

2040 3253 2212 3308 altero
2242 3251 2407 3307 etiam
2432 3249 2602 3306 fratre
2627 3259 2724 3306 tuo
2764 3250 3088 3321 deprecator
3111 3259 3166 3306 et
3194 3249 3447 3304 erector?
3470 3247 3621 3317 Quu-a

2040 3345 2206 3400 modo
2252 3351 2478 3414 repente
2509 3341 2814 3398 defecisti?
2845 3341 3126 3414 quomodo
3175 3346 3485 3397 escacatus
3525 3337 3624 3397 es?

2039 3435 2322 3508 quomodo
2351 3434 2446 3491 Dei
2469 3435 2676 3492 oblitus
2693 3452 2753 3492 es
2775 3445 2831 3492 et
2863 3436 3082 3492 nostri?
3103 3443 3537 3506 exactorumque
3564 3437 3622 3490 in

2039 3528 2276 3584 ascetica
2325 3529 2435 3583 vita
2505 3528 2758 3583 laborum
2827 3529 3223 3598 sudorumque,
3279 3527 3624 3598 quandoquio

2039 3621 2164 3676 dem
2191 3635 2316 3676 eras
2346 3621 2492 3676 inter
2521 3621 2712 3687 utiles,
2757 3635 2963 3691 eosque
2988 3621 3042 3675 in
3076 3620 3270 3690 primis
3302 3620 3626 3676 ministeriis

2041 3713 2444 3784 fungebantur?
2463 3713 2602 3780 Quid
2639 3723 2763 3782 post
2789 3713 2943 3768 hac?
2972 3711 3148 3768 Parva
3179 3713 3357 3768 hostis
3389 3713 3626 3782 impres-

2041 3807 2148 3872 sio,
2199 3806 2472 3874 cupiditas
2507 3806 2694 3874 specie
2753 3805 2973 3874 quidem
3025 3805 3371 3860 dulcedinem
3430 3804 3626 3874 praefe-

2040 3913 2190 3966 rens,
2218 3897 2314 3953 sed
2337 3897 2568 3966 ancipiti
2598 3896 2779 3967 gladio
2811 3896 3104 3964 implicita,
3131 3898 3291 3968 cujus
3329 3898 3628 3952 acerbitate

2041 3989 2180 4044 nihil
2219 3987 2483 4052 amarius,
2509 3987 2792 4056 abreptum
2819 3997 2869 4042 te
2899 3988 3096 4057 dejecit
3117 3999 3377 4058 tanquam
3400 3989 3467 4042 de
3489 3989 3630 4043 cm’lo

2041 4082 2273 4138 excelsa:
2324 4081 2789 4146 conversationis,
2850 4083 3202 4152 ostenditque
3251 4081 3401 4135 velut
3451 4081 3630 4152 plagis

2045 4185 2304 4231 onustum
2332 4175 2390 4229 in
2423 4175 2680 4246 sepulcro
2711 4175 3096 4230 dormientem.
3129 4174 3271 4242 Quid
3299 4175 3445 4230 enim
3481 4175 3631 4229 aliud

2045 4280 2131 4322 est
2163 4268 2216 4321 in
2252 4275 2476 4332 peccato
2525 4281 2648 4322 esse
2706 4280 2871 4334 quam
2909 4267 2966 4320 in
3015 4266 3232 4321 morte?
3274 4264 3494 4320 Nullum
3517 4265 3628 4335 jam

2045 4361 2229 4415 lumen
2259 4359 2603 4425 intellectus,
2638 4360 2785 4414 nulla
2818 4375 2965 4432 spes,
3019 4361 3166 4414 nulla
3215 4360 3462 4416 suavitas
3510 4361 3630 4413 ani-~

359 4445 502 4523 ἀλλά
529 4446 623 4514 νὺξ
655 4447 868 4520 βαθεῖα,
886 4447 1048 4518 μύσις
1075 4448 1170 4502 τοῦ
1189 4450 1784 4524 διανοητικοῦ,δαγμὺς
1808 4470 1932 4524 καρ-

2049 4465 2172 4512 mea,
2204 4450 2353 4504 nulla.
2383 4465 2540 4504 sacra
2567 4451 2831 4521 cogitatio
2860 4466 2874 4502 :
2906 4450 3001 4506 sed
3025 4451 3299 4522 profunda
3321 4466 3450 4515 uox,
3476 4465 3632 4505 men-

359 4529 573 4601 διακὸς,
603 4538 769 4608 φόϐος
804 4539 900 4592 καὶ
925 4539 1020 4593 τοῦ
1052 4539 1332 4611 τυχόντος,
1384 4545 1442 4595 ὲν
1465 4543 1542 4613 τῷ
1572 4543 1818 4616 βορϐόρῳ
1846 4561 1946 4598 κυ-

359 4621 656 4682 λινδεῖσθαι
685 4629 1056 4702 καθεκάστην,
1090 4632 1223 4686 ὡσεί
1253 4651 1308 4687 τι
1372 4633 1748 4706 ἰλυσπώμενον
1805 4638 1946 4690 κνώ-

361 4723 544 4778 δαλον.
576 4724 643 4777 Τί
671 4725 968 4795 εἰργάσατο
1003 4729 1032 4780 ὀ
1053 4726 1310 4798 δαίμων;
1347 4727 1399 4780 τί
1433 4745 1494 4781 σε
1549 4729 1882 4783 ἀπετέλεσεν
1912 4732 1946 4800 ἡ

366 4815 798 4893 παγκατάρατος
823 4813 1309 4891 έπιθυμία;δι’ἦς
1339 4819 1450 4874 ἀπὸ
1507 4820 1600 4875 τοῦ
1644 4821 1839 4887 αἰῶνος
1897 4823 1949 4876 οί

363 4905 734 4978 ἠπατημένοι,
766 4908 891 4962 οὐδὲ
939 4909 1010 4964 τὰ
1059 4910 1294 4964 δνταῦθα
1347 4911 1764 4984 κεκερδάκασιν,
1811 4913 1950 4968 ἀλλὰ

365 5000 464 5054 καὶ
495 5000 564 5053 τὰ
595 5001 823 5072 οὐράνια.
846 5001 1158 5067 ἀπώλεσαν,
1191 5003 1250 5058 ἓν
1266 5003 1776 5078 κληρονομήσαντες
1791 5004 1952 5078 μόνον

365 5091 431 5144 τὸ
460 5090 573 5164 πῦρ
601 5093 663 5145 τὸ
697 5092 940 5146 αἰώνιον.

457 5183 617 5238 Ἀλλά
641 5184 823 5255 δεῦρο,
855 5187 941 5240 υίέ
969 5199 1094 5258 μου,
1125 5187 1488 5261 ἀνακλὴθητι,
1523 5189 1678 5246 καλῶ
1730 5208 1791 5246 σε
1846 5192 1956 5246 ἀπὸ

370 5276 584 5347 βαθέων
618 5280 849 5350 καρδίας
903 5298 1028 5351 μου,
1075 5282 1188 5335 ἀπὸ
1239 5282 1564 5354 σπλάγχνων
1617 5283 1954 5356 ὲμπυριζόν-

367 5385 481 5452 των
512 5385 581 5440 με
609 5384 626 5400 ο
661 5371 854 5442 ἐπειδὴ
890 5373 924 5443 ὴ
953 5372 1022 5444 σὴ
1048 5373 1176 5452 δόξα
1201 5373 1330 5446 ἐμὴ,
1371 5375 1446 5439 ώς
1508 5375 1607 5430 καὶ
1654 5376 1890 5448 ἔμπαλιν
1918 5379 1954 5450 ἡ

372 5451 626 5532 αίσχύνη.
659 5461 852 5535 Δεῦρο,
883 5451 1226 5538 ἑξεγέρθητι,
1255 5469 1284 5522 6
1330 5467 1536 5539 Κύριος
1594 5471 1954 5526 κεκέλευκεν⁹

376 5555 462 5609 οὐ
485 5553 574 5624 μὴ
597 5555 875 5625 μνησθῶ,
907 5560 1063 5630 φησὶ,
1098 5559 1216 5614 τῶν
1241 5560 1505 5632 ἀνομιῶν
1519 5578 1658 5620 σου.
1691 5566 1800 5621 Καί
1819 5584 1833 5599 ο
1858 5565 1956 5632 Μὴ

451 5732 497 5766 ¹¹
527 5731 633 5790 ls’a.
672 5736 825 5804 XLlll,
859 5736 953 5794 ‘25.

2049 4546 2121 4600 tis
2150 4544 2478 4606 obstructio,
2533 4552 2588 4599 et
2621 4544 2806 4599 cordis
2835 4558 3076 4608 morsus,
3136 4559 3201 4599 ac
3241 4543 3410 4597 timor
3463 4558 3529 4597 ex
3575 4557 3636 4596 re

2052 4639 2295 4710 qualibet
2330 4657 2344 4692 :
2385 4639 2440 4693 in
2481 4614 2874 4694 coeno'viwsari
2929 4637 3204 4705 assidue,
3236 4639 3384 4694 velut
3431 4639 3637 4692 animal

2054 4733 2345 4802 quodpiam
2381 4733 2434 4786 in
2487 4730 2606 4786 luto
2653 4745 2716 4786 se
2765 4731 3045 4786 volutans,
3083 4727 3228 4796 Quid
3262 4739 3526 4800 Operatus
3552 4739 3640 4784 est

2055 4821 2316 4876 daemon?
2347 4820 2479 4891 quid
2529 4819 2628 4876 tibi
2666 4822 2904 4876 contulit
2953 4822 3291 4876 exsecranda
3323 4817 3642 4892 cupiditas?

2055 4931 2154 4986 per
2181 4930 2344 4984 quam
2379 4914 2475 4985 qui
2505 4914 2574 4970 ab
2610 4928 2728 4969 aevo
2771 4913 2982 4984 decepti
3009 4913 3183 4981 fuere,
3215 4929 3394 4984 neque
3423 4919 3487 4968 e‘a
3516 4913 3640 4983 qda:

2059 5008 2148 5062 hic
2168 5017 2294 5063 sunt
2340 5008 2760 5071 lucrifecerunt,
2788 5016 2842 5062 et
2866 5007 3111 5063 caelestia
3159 5007 3417 5072 amisere,
3467 5010 3638 5061 unuin

2059 5101 2236 5156 solum
2275 5100 2594 5156 haereditate
2623 5101 2965 5171 possidentes
2993 5102 3172 5171 ignem
3203 5107 3494 5157 aeternum.

2132 5193 2334 5250 Verum
2388 5192 2498 5249 huc
2541 5193 2696 5259 ades,
2755 5192 2833 5248 fili
2871 5193 2948 5249 mi
2981 5211 2997 5248 :
3029 5195 3098 5249 ab
3129 5194 3242 5249 imo
3287 5193 3456 5250 co‘rde’
3503 5200 3643 5248 voto

2061 5299 2135 5356 te,
2165 5303 2234 5344 ex
2250 5285 2556 5342 visceribus
2586 5301 2674 5342 me
2703 5288 3178 5344 inllammantibus
3205 5287 3500 5357 :quoniam
3527 5285 3644 5356 glo-

2060 5382 2142 5438 ria
2168 5391 2287 5448 tua,
2319 5376 2490 5450 gloria
2523 5392 2645 5432 mea
2674 5385 2795 5433 est:
2831 5379 2975 5435 sicut
3003 5379 3238 5435 dedecus
3274 5394 3306 5434 e
3337 5379 3642 5433 contrario.-

2061 5477 2196 5546 Agc,
2217 5469 2621 5542 expergiscere,
2647 5469 2918 5528 Dominus
2941 5473 3130 5541 jussit.
3152 5469 3276 5526 Non
3302 5469 3642 5536 recordabar.

2065 5566 2261 5637 inquit,
2290 5561 2633 5632 iniquitatem
2662 5571 2875 5617 tuarum
2916 5562 2980 5618 υ.
3016 5561 3082 5619 Et
3114 5579 3127 5616 :
3161 5561 3416 5632 Nunquid
3435 5562 3524 5634 qui
3551 5570 3642 5616 cdt
