4060 6374
523 345 682 411 ,1359

1733 348 1799 408 S.
1841 345 2233 409 THEODOBI
2273 344 2620 408 STUDITIE

3675 348 3802 415 1360

531 461 637 526 dit,
675 474 782 513 non
822 461 1048 532 resurgit
1085 461 1176 515 “?
1213 460 1280 517 Et
1311 479 1324 517 :
1387 459 1510 516 Vidi
1543 461 1669 533 quia
1725 463 1893 517 tristis
1944 462 2120 517 ambu-

2227 464 2264 517 ό
2298 463 2533 516 πίπτων
2557 463 2669 517 οὐκ
2695 458 3011 518 ἀνίσταται
3028 477 3048 526 ;
3072 460 3184 514 Καί
3207 476 3222 492 ο
3255 457 3436 516 Εἶδον
3459 459 3549 516 ὅτι
3582 465 3802 534 πορεύῃ

531 552 618 607 las
651 552 715 604 “.
752 552 820 606 Et
853 571 868 608 :
901 552 1217 610 Remedium
1245 563 1396 609 tuum
1423 554 1675 610 contritio
1695 565 1793 609 tua
1829 555 1893 606 “.
1928 553 2010 610 En
2030 557 2126 611 ho—

473 682 478 686 -
533 660 665 700 num
683 646 874 712 Deum,
892 657 960 701 en
981 647 1251 704 medicum
1269 647 1696 704 misericordem.
1718 646 1921 719 Utique
1933 663 2031 704 oro
2051 657 2123 712 te,

534 736 607 791 ﬁli
631 753 648 803 ;
672 735 815 792 ﬁlius
837 737 982 792 enim
1003 754 1157 794 meus
1179 755 1260 806 es,
1280 741 1498 796 tametsi
1517 749 1803 797 moortuus
1820 757 1899 808 es;
1921 756 1988 796 ne
2005 756 2126 811 per-

537 845 760 887 maneas
788 832 840 886 in
867 844 1132 902 peccato:
1166 834 1486 904 dirumpens
1515 835 1767 905 dirumpe
1796 835 2122 906 quantocius

537 921 767 978 innexos
811 921 960 976 tibia
991 923 1209 980 diabolo
1249 922 1539 980 funiculos:
1563 934 1895 994 ettanquam
1922 943 1950 978 e
1974 924 2122 979 fossa

537 1028 838 1083 exsurgens
859 1013 1070 1068 transili
1094 1014 1146 1068 in
1167 1013 1494 1070 admirabile
1511 1015 1688 1070 lumen
1723 1015 1967 1084 pristinae
1997 1015 2122 1067 vitae

539 1113 664 1156 tuae.
703 1102 768 1156 Et
799 1117 898 1172 ego
931 1104 1233 1174 te'supinis
1286 1106 1542 1160 manibus
1589 1105 2005 1176 excipiam,non
2030 1121 2127 1158 ex-

536 1196 802 1262 probrans
827 1197 918 1250 sed
945 1197 1346 1253 commiserans
1367 1218 1379 1254 :
1401 1213 1509 1252 non
1541 1213 1846 1269 aggravans
1877 1197 2120 1252 medica-

537 1295 722 1339 menta
757 1287 1118 1355 ρωηίιοηιίῖε,
1149 1288 1245 1343 sed
1295 1288 1508 1347 leniens
1551 1288 1644 1342 illa
1683 1297 1737 1344 et
1765 1287 1966 1344 leviora
1997 1290 2119 1342 red-

535 1378 672 1432 dens
731 1379 910 1447 quoad
965 1379 1085 1433 tleri
1127 1381 1350 1450 poterit.
1399 1379 1585 1450 Itaque
1619 1379 1839 1442 festina,
1897 1380 2116 1446 festina,

533 1469 860 1540 priusquam
898 1480 1121 1540 repente
1150 1471 1334 1526 veniat
1363 1470 1724 1526 inexorabilis
1749 1470 1994 1541 angelus,
2015 1471 2119 1524 nti-

537 1561 833 1616 scrandum
865 1563 919 1617 in
957 1562 1176 1616 modum
1213 1571 1264 1617 te
1290 1563 1572 1618 abducens
1605 1577 1636 1617 e
1658 1577 1908 1632 corpore,
1943 1573 1996 1617 et
2049 1564 2116 1618 ad

534 1668 755 1722 pinnam
788 1655 1125 1710 transferens
1155 1655 1572 1726 sempiternam.

907 1769 1036 1826 Clll.
1062 1800 1134 1811 ——
1161 1769 1416 1842 Gregorio
1441 1772 1756 1840 prwposito.

2232 556 2517 624 στυγνός.
2546 553 2692 607 Καί·
2726 554 2902 623 Ἰαμα
2923 552 2988 607 τὸ
3013 551 3353 623 σύντριμμά
3383 567 3524 608 σου.
3547 552 3654 607 Ἴδε
3681 554 3805 618 Θεὸς

2230 645 2456 714 ἀγαθὸς,
2486 643 2563 698 ἴδε
2594 643 2778 716 ἰατρὸς
2812 645 3082 715 ἐλεήμων.
3103 644 3212 697 Ναὶ
3238 643 3430 715 δέομαί
3445 660 3563 708 σου,
3598 645 3803 697 τέκνον·

2229 735 2420 788 τέκνον
2446 735 2555 806 γάρ
2581 753 2684 807 μου
2724 727 2796 801 εἷ,
2827 734 2931 788 κᾶν
2953 733 3355 806 ἁποτέθνηκας.
3390 734 3484 806 Μὴ
3507 734 3808 806 ἁναμείνῃς

2230 830 2324 882 ἐπὶ
2357 832 2424 901 τῇ
2474 830 2722 902 ἁμαρτίᾳ
2752 844 2766 859 ·
2819 829 3168 901 διαρῤήσσων
3199 829 3488 902 διάρρηξον
3527 830 3689 901 τάχει
3744 831 3808 883 τὰ

2233 923 2622 992 συμπλακέντα
2652 939 2733 975 σοι
2791 921 2896 975 ὑπὸ
2940 920 3034 974 τοὺ
3065 922 3310 976 διαϐόλου
3337 922 3546 992 σχοινία
3571 939 3587 953 ⁸
3613 925 3710 976 καὶ
3735 923 3808 984 ὡς

2229 1015 2337 1068 ἀπὸ
2365 1014 2557 1085 βόθρου
2590 1013 2852 1078 ἀναστὰς,
2892 1013 3279 1083 μεταπήδησον
3300 1015 3378 1077 είς
3411 1014 3473 1068 τὸ
3494 1012 3808 1084 θαυμαστόν

2231 1125 2324 1162 σου
2353 1110 2452 1178 τῆς
2477 1107 2747 1178 προτέρας
2803 1107 3026 1178 ἀγωγῆς
3059 1105 3196 1176 φῶς.
3261 1105 3433 1174 Κάγώ
3469 1123 3528 1158 σε
3586 1107 3811 1171 ὑπτίαις

2227 1204 2417 1275 χερσὶν
2459 1184 2811 1272 ὑποδέξομαι,
2854 1203 2954 1255 οὐκ
2989 1201 3268 1264 ὀνειδίζων
3299 1200 3414 1253 ἀλλ’
3468 1200 3762 1271 οἰκτείρων
3791 1216 3818 1246 ·.

2227 1297 2288 1350 οὑ
2348 1295 2598 1368 βαρύνων
2632 1297 2701 1349 τὰ
2734 1295 3001 1366 φάρμακα
3029 1293 3130 1363 τῆς
3153 1291 3459 1362 μετανοίας,
3495 1292 3810 1362 ἀλλ’ὴπιιῖιν

2225 1387 2366 1443 αὐτὰ
2416 1387 2690 1456 κουφίζων
2719 1386 2841 1440 ὅσον
2865 1380 2977 1439 οἷόν
3022 1403 3103 1438 τε.
3151 1385 3326 1453 Καίγε
3359 1383 3614 1450 σπεῦσον,
3640 1381 3812 1437 σπεῦ-

2227 1494 2318 1532 σον
2343 1477 2474 1549 πρὶν
2497 1477 2530 1548 ἢ
2561 1476 2806 1546 ἀφνίδιον
2821 1475 3174 1530 ἐπελεύσεται
3204 1476 3232 1527 ὁ
3254 1475 3525 1544 ἀπότομος
3553 1472 3808 1544 ἄγγελος,

2225 1569 2474 1632 ἐλεεινῶς
2511 1585 2570 1621 σε
2602 1566 2852 1639 χωρίζων
2875 1567 2966 1622 τοῦ
3001 1567 3273 1636 σώματος,
3329 1566 3426 1620 καὶ
3485 1569 3566 1627 εἰς
3627 1567 3812 1639 κρίσιν

2223 1663 2442 1717 αἰώνιον
2493 1663 2807 1735 ἀποφέρων.

2435 1775 2555 1829 ΡΓό
2577 1803 2650 1815 --
2676 1776 2980 1846 Γρηγορίφ
3007 1776 3340 1846 ήγυυμένφα
3395 1774 3589 1848 [xw-1

1531 1885 1599 1936 Ut
1614 1887 1758 1947 gregi
1783 1898 1891 1944 suo,
1923 1883 2036 1934 boni
2075 1873 2286 1947 pastoris
2305 1889 2560 1949 exemplo,
2583 1885 2832 1952 invigilet.

604 1998 722 2052 Jam
756 1998 852 2052 tibi
879 1997 1036 2067 juxta
1059 1997 1480 2067 promissionem
1505 1997 1832 2068 scripsimus
1854 2006 2118 2068 tanquam
2151 2014 2195 2070 Β

535 2091 648 2144 tilio
674 2098 889 2156 nostro,
931 2098 992 2145 ut
1019 2103 1238 2160 gregem
1268 2090 1364 2159 qui
1396 2089 1524 2144 istic
1553 2097 1638 2144 est
1693 2091 1994 2158 prudenter
2027 2108 2119 2162 pa-

536 2199 658 2238 scas
707 2183 1010 2239 socundnm
1052 2182 1271 2237 Domini
1325 2192 1680 2252 praaceptum,
1721 2182 1858 2236 nihil
1887 2192 2114 2253 praeter-

536 2276 756 2330 mittens
787 2291 976 2330 eorum
1007 2290 1131 2344 qua:
1152 2275 1222 2329 ad
1273 2273 1507 2330 fratrum
1563 2274 1854 2330 utilitatem
1905 2276 2118 2331 condn-

537 2376 685 2420 cant.
715 2366 931 2424 Etenim
956 2367 1001 2422 si
1034 2367 1080 2420 is
1110 2368 1200 2421 cui
1240 2376 1496 2436 expertes
1529 2367 1766 2422 rationis
1813 2383 1944 2424 oves
1989 2377 2120 2424 sunt

539 2461 847 2515 commissa:
872 2473 981 2514 non
1010 2459 1212 2514 dormit
1240 2459 1336 2514 sed
1358 2459 1570 2530 vigilat,
1600 2475 1703 2516 nec
1733 2475 1923 2515 curam
1948 2461 2121 2516 inter-

538 2551 725 2617 mittit,
759 2552 853 2606 sed
883 2564 1043 2606 nocte
1075 2552 1273 2621 dieque
1309 2561 1484 2606 certat
1513 2569 1580 2606 ne
1623 2568 1732 2622 qua
1785 2554 1869 2608 vel
1915 2568 1946 2608 a
1989 2552 2118 2610 feris

539 2645 806 2714 rapiatur,
839 2645 922 2700 vel
960 2645 1195 2712 impasta
1228 2653 1325 2699 aut
1359 2645 1650 2700 macilenta
1677 2654 1928 2713 maneat;
1953 2647 2048 2702 sed
2065 2654 2120 2702 et

539 2737 688 2793 fures
717 2753 784 2792 ac
800 2738 1040 2794 latrones
1067 2738 1344 2802 observat,
1378 2748 1432 2792 et
1467 2737 1612 2794 feras
1652 2738 1840 2810 abigit,
1873 2750 1930 2794 et
1948 2755 2118 2810 pecu-

538 2830 638 2886 des
668 2828 885 2894 aﬂ‘atur,
917 2837 974 2884 et
999 2837 1126 2884 ante
1174 2828 1296 2884 illas
1333 2829 1590 2898 gradiens
1621 2841 1838 2900 postum
1875 2831 1955 2886 illi
1986 2837 2119 2902 pro-

486 2973 490 2976 .
536 2929 715 2986 curat,
737 2922 1038 2992 requietem
1080 2937 1251 2993 prope
1289 2936 1463 2992 aquas
1504 2933 1558 2978 et
1604 2924 1927 2980 umbracula
1968 2925 2117 2982 desi-

537 3029 716 3086 gnans
739 3056 756 3081 ,
785 3025 839 3071 et
857 3015 964 3069 alia
983 3029 1327 3086 quascunque
1349 3015 1536 3071 videre
1595 3029 1680 3071 est
1730 3018 1787 3071 in
1843 3017 1999 3084 virga
2023 3033 2120 3088 pa-

537 3108 755 3164 storitia
792 3125 806 3162 :
839 3106 971 3178 quid
998 3117 1055 3162 et
1083 3116 1350 3177 quantum
1371 3116 1460 3164 est
1481 3108 1531 3164 si
1561 3109 1650 3164 cui
1679 3109 1875 3180 obtigit
1902 3111 2119 3166 anima-

535 3214 660 3254 rum
684 3215 876 3254 curam
908 3213 1097 3268 gerere
1124 3216 1140 3253 :
1163 3215 1402 3270 quarum
1442 3203 1670 3272 sanguis
1703 3203 1751 3258 si
1795 3218 1906 3272 quo
1954 3205 2118 3261 modo

536 3291 870 3356 effundatur,
894 3291 962 3348 de
985 3293 1242 3349 manibus
1261 3293 1386 3363 ejus
1413 3295 1747 3364 requiretur,
1793 3296 1939 3351 sicut
1973 3297 2115 3352 scri-

2299 1999 2439 2071 Ἤδη
2481 1998 2882 2069 ἐπεστείλαμέν
2943 2015 3026 2050 σοι
3066 1999 3206 2052 κατά
3243 1999 3344 2069 τὴν
3378 1998 3674 2070 ὑπόσχεσιν
3733 2000 3810 2064 ὡς

2221 2093 2479 2162 ἡμετέρῳ
2517 2090 2618 2162 υἱῷ
2648 2091 2957 2160 ποιμαίνειν
3008 2091 3070 2142 τὸ
3128 2089 3324 2143 αὐτόθι
3376 2091 3631 2161 ποίμνιον
3687 2091 3809 2162 μετ’

2220 2187 2534 2256 ἐπιστήμης
2567 2188 2688 2239 κατ’
2714 2184 2934 2256 ἐντολὴν
2966 2183 3062 2239 τοῦ
3099 2185 3331 2255 Κυρίου,
3394 2184 3563 2256 μηδὲν
3623 2203 3809 2256 παρα-

2221 2276 2515 2348 θεωροῦντι
2549 2277 2657 2329 τῶν
2693 2276 3075 2330 συντεινόντων
3103 2278 3184 2339 είς
3216 2275 3486 2346 ὠφέλειαν
3514 2276 3625 2332 τῶν
3653 2276 3814 2330 ἀδελ-

2221 2370 2358 2438 φῶν.
2387 2370 2450 2422 Εἰ
2481 2369 2591 2439 γὰρ
2618 2368 2646 2420 ὁ
2671 2369 2740 2422 τὰ
2773 2368 2948 2437 ἄλογα
2998 2369 3249 2439 πρόϐατα
3309 2369 3700 2439 ἐμπιστευθεὶς
3749 2369 3811 2422 οὐ

2221 2464 2474 2518 καθεύδει
2499 2463 2614 2517 ἀλλ’
2641 2465 2938 2534 ἀγρυπνεῖ,
2965 2464 3087 2517 οὑδὲ
3119 2461 3336 2533 ἀμελεῖ,
3369 2463 3510 2517 ἀλλά
3545 2464 3812 2518 πυκτεύει

2221 2555 2439 2625 νύκτωρ
2469 2555 2560 2607 καὶ
2601 2554 2947 2625 μεθημέραν,
2981 2555 3119 2625 μήτε
3155 2553 3498 2625 θηριάλωτόν
3527 2572 3584 2608 τι
3637 2556 3813 2626 ἐργά-

2222 2646 2420 2701 σασθαι
2449 2661 2463 2676 ·
2490 2648 2563 2717 μή
2587 2662 2644 2697 τε
2662 2646 2958 2700 ἁλίπαντον
2989 2661 3006 2677 ο
3037 2645 3175 2699 ἀλλὰ
3205 2646 3301 2698 καὶ
3326 2645 3564 2709 κλέπτας
3590 2648 3688 2701 καὶ
3716 2648 3813 2719 λῃ-

2223 2739 2354 2804 στὰς
2386 2742 2745 2802 κατασκοπεῖ,
2780 2740 2874 2792 καὶ
2924 2739 3100 2810 θῆρας
3123 2737 3406 2802 ἀποσοϐεῖ,
3441 2739 3537 2792 καὶ
3564 2739 3812 2808 προσλα-

2219 2831 2304 2883 λεῖ
2332 2834 2446 2894 τοῖς
2475 2830 2776 2906 θρέμμασι.
2810 2830 2923 2885 Καὶ
2953 2829 3268 2901 ἔμπροσθεν
3329 2829 3514 2884 αὑτῶν
3572 2832 3808 2900 πορευό-

2224 2940 2386 2992 μενος
2403 2922 2504 2985 τὰς
2558 2923 2770 2994 τροφὰς
2819 2922 3006 2985 αὑτοῖς
3076 2924 3467 2994 περιποιεῖται,
3527 2922 3616 2992 ἐφ’
3661 2921 3810 2992 ὕδωρ

2217 3009 2584 3069 ἀναπαύσεως
2611 3012 2707 3065 καὶ
2739 3009 2994 3064 σκιαδίων
3031 3010 3380 3082 περιορίζων,
3415 3012 3509 3065 καὶ
3545 3013 3650 3067 ὅσα
3671 3013 3810 3067 ἄλλα

2223 3101 2376 3156 ἔστιν
2404 3103 2542 3175 ὀρᾷν
2565 3103 2626 3155 ἐν
2653 3105 2988 3172 ποιμαντικῇ
3025 3102 3207 3174 ῥάϐδῳ
3234 3117 3250 3132 ο
3287 3103 3343 3156 τί
3367 3103 3451 3156 δεῖ
3486 3105 3583 3156 καὶ
3614 3105 3805 3171 πόσον,

2220 3189 2362 3249 εἶναι
2392 3195 2502 3248 τῶν
2529 3193 2718 3266 ψυχῶν
2748 3194 2984 3266 λαχόντα
3011 3199 3339 3259 προστατεῖν
3367 3212 3382 3226 ·
3412 3189 3490 3248 ὧν
3548 3196 3613 3248 τὺ
3665 3191 3808 3266 αἷμα

2220 3287 2270 3340 εἰ
2310 3287 2458 3340 κατά
2475 3303 2530 3339 τι
2565 3287 2770 3358 ἀμιγὲς
2799 3287 3024 3355 γίνοιτο,
3048 3287 3114 3340 ἐκ
3143 3285 3254 3340 τῶν
3278 3287 3484 3359 χειρῶν
3512 3287 3681 3342 αὑτοῦ
3714 3289 3807 3341 ἐκ-

537 3393 690 3453 ptum
725 3393 812 3438 est
842 3383 908 3436 “'.
951 3382 1148 3440 Insiste
1178 3359 1311 3456 ergo
1340 3385 1408 3439 de
1445 3359 1665 3451 caetero,
1697 3359 1798 3451 ﬁli,
1839 3386 1896 3440 in
1935 3387 2116 3458 gregis

2222 3375 2610 3450 ζητηθήσεται,
2631 3379 2776 3432 καθὰ
2806 3378 3443 3452 γέγραπται.Ἐπίστηθι
3481 3377 3576 3435 οὑν
3595 3381 3802 3448 λοιπὸν,

535 3472 861 3544 praefectura
883 3474 1172 3546 diligenter
1197 3475 1492 3546 invigilans
1519 3492 1535 3527 :
1572 3490 1707 3533 sana
1731 3477 2002 3548 inﬁrmos,
2020 3493 2116 3535 re-

537 3564 647 3620 duc
669 3574 944 3631 errantes,
968 3567 1216 3632 hortare,
1253 3566 1510 3631 admone,
1555 3583 1749 3624 revoca
1777 3572 1836 3624 in
1876 3578 2116 3626 mentem

537 3656 874 3727 promissum
902 3658 972 3714 iis
1002 3675 1228 3728 regnum
1264 3660 1359 3730 qui
1395 3670 1451 3714 ut
1477 3661 1632 3716 decet
1668 3670 1892 3718 sanctos
1915 3664 2115 3718 ambu-

538 3751 675 3816 lant,
712 3757 877 3820 atque
906 3765 970 3806 ex
1017 3753 1250 3807 adverso
1303 3751 1622 3808 indesinens
1678 3752 2010 3823 supplicium
2048 3754 2117 3810 iis

537 3841 632 3913 qui
657 3842 906 3898 vitiosam
939 3843 1106 3899 vitam
1158 3854 1370 3915 agunt:
1424 3843 1494 3901 Ut
1528 3847 1751 3915 teipsum
1800 3847 1906 3902 hoc
1957 3855 2117 3917 pacto

534 3935 744 3990 soluunt
771 3936 944 4008 facias
973 3976 989 4001 ,
1045 3947 1098 3990 et
1135 3953 1222 3992 eos
1263 3939 1353 4008 qui
1385 3947 1433 3993 te
1475 3939 1703 3992 audiunt
1735 3938 1800 3997 “.
1825 3939 1930 4006 Qui
1969 3947 2120 3994 amat

537 4027 784 4083 studiose
816 4028 1090 4098 castigat:
1125 4028 1220 4099 qui
1267 4037 1452 4084 autem
1514 4031 1640 4084 odio
1680 4031 1865 4098 habet,
1909 4046 2118 4102 susque

535 4121 714 4190 deque
741 4120 927 4175 omnia
958 4120 1164 4176 habere
1213 4121 1470 4177 subditos
1527 4122 1679 4178 sinit.
1723 4122 1828 4177 Sed
1879 4131 1936 4178 et
1993 4139 2115 4187 vos,

539 4211 739 4267 fratres
767 4221 822 4268 et
848 4212 947 4268 filii
987 4218 1044 4268 in
1083 4213 1337 4279 Domino,
1371 4222 1550 4269 estote
1578 4215 1727 4272 sicut
1751 4219 1904 4280 dves,
1923 4231 2117 4270 antan-

537 4315 620 4359 tes
646 4305 766 4374 ejus
784 4315 1053 4375 praecepta
1084 4321 1336 4371 servare,
1358 4315 1414 4360 et
1434 4307 1794 4362 monasticam
1830 4309 1996 4362 vitam
2023 4309 2121 4362 dn-

537 4413 664 4452 cere
695 4413 804 4452 non
839 4399 1183 4454 saecularem.
1215 4397 1334 4453 Una
1365 4399 1706 4456 sitvoluntas
1729 4401 1994 4466 omnium,
2023 4415 2120 4454 cor

538 4484 733 4555 unum,
780 4491 967 4546 anima
1026 4507 1157 4556 una,
1211 4507 1323 4547 non
1375 4507 1558 4547 meum
1609 4503 1664 4547 et
1703 4501 1883 4556 tuutn,
1933 4493 2118 4548 omnia

537 4581 872 4644 cmnmunia,
907 4579 1090 4633 omnia
1127 4579 1332 4637 munda
1366 4595 1464 4650 per
1502 4581 1927 4636 confessionem.
1959 4580 2119 4646 Quod

537 4669 583 4722 si
615 4670 774 4724 aliter
797 4671 892 4726 tiat
917 4681 1009 4725 :et
1036 4671 1184 4740 quod
1210 4673 1399 4727 saeculi
1429 4683 1548 4728 erat
1581 4674 1866 4740 amisistis,
1899 4683 1956 4728 et
1987 4688 2114 4728 cum
2146 4699 2192 4754 Ι)

536 4759 649 4812 veri
680 4759 932 4816 monachi
960 4777 1068 4816 non
1096 4764 1241 4827 sitis,
1271 4763 1441 4831 justas
1471 4763 1727 4819 vindictae
1753 4764 1979 4820 obnoxii
2007 4764 2117 4819 eri-

538 4847 630 4901 tis.
658 4845 943 4904 Charitate
996 4851 1217 4920 impulsi
1262 4853 1814 4909 commonefecimus.
1847 4851 1960 4909 Vos
1986 4866 2119 4908 vero

538 4939 731 5005 valete,
763 4952 818 4996 ct
850 4941 960 4996 Deo
995 4944 1242 5012 ,placcte;
1273 4961 1374 5015 pro
1405 4945 1564 5001 nobis
1611 4947 1776 5000 etiam
1815 4946 2121 5018 peccatori-

538 5031 642 5086 bus
668 5047 914 5096 orantes,
952 5045 1012 5089 ut
1065 5053 1190 5106 qum
1243 5039 1532 5104 docemus,
1567 5039 1758 5094 eadem
1784 5053 1948 5110 opere
1977 5055 2120 5110 pra:-

537 5132 745 5178 stentus
809 5124 861 5177 in
909 5126 1126 5181 Christo
1179 5127 1308 5183 Jesu
1355 5130 1587 5186 Domino
1634 5137 1845 5195 nostro,
1907 5131 1997 5186 cui
2048 5131 2120 5186 sit

501 5289 504 5294 _
537 5206 730 5286 gloria.
761 5216 956 5271 Amen.

724 5420 858 5475 CIV.
894 5420 1061 5476 frenat:
1086 5432 1134 5475 et
1169 5420 1534 5495 Euplorosyna:
1567 5427 1909 5483 monialibus.

2218 3463 2264 3524 ὦ
2289 3469 2503 3534 ιτέκνον,
2531 3471 2826 3541 γρηγορῶν
2852 3473 2932 3542 ,τῇ
2996 3470 3360 3543 ποιμνιαρχίᾳ
3395 3487 3410 3501 ·
3470 3471 3624 3526 ἴασαι
3676 3476 3804 3536 τοὺς

2217 3561 2619 3634 ἠσθενηκότας,
2653 3563 2952 3635 ἐπίστρεφε
2985 3565 3114 3628 τοὺς
3173 3565 3652 3636 πεπλανημένους,
3699 3584 3803 3619 πα-

2223 3657 2472 3730 ρακάλει,
2497 3656 2766 3722 νουθέτει,
2810 3657 3202 3730 ὑπομίμνησκε
3227 3658 3330 3730 τὴν
3383 3659 3802 3732 ἐπηγγελμένην

2220 3748 2500 3820 βασιλείαν
2527 3752 2643 3814 τοῖς
2667 3750 3024 3822 ἁγιοπρεπῶς
3054 3753 3466 3822 πορευομένοις,
3495 3753 3592 3807 καὶ
3612 3753 3679 3807 ἐκ
3707 3751 3802 3805 τοῦ

2219 3838 2466 3893 ἐναντίου
2498 3839 2598 3910 τὴν
2627 3839 2988 3911 ἀτελεύτητον
3014 3841 3198 3911 κρίσιν
3217 3844 3331 3906 τοῖς
3361 3843 3632 3913 ἐμπαθῶς
3686 3845 3804 3897 δια-

2218 3928 2386 3996 ζῶσιν
2416 3947 2432 3965 ⁸
2485 3932 2623 3987 Ἵνα
2647 3933 2837 3999 οὕτως
2859 3932 2959 3986 καὶ
2988 3934 3252 3988 σεαυτὸν
3282 3936 3515 4005 σὼσῃς,
3545 3936 3802 4002 καὶτοὺς

2218 4023 2555 4090 ἀκούοντάς
2587 4039 2728 4078 σου.
2773 4022 2833 4077 '0
2862 4024 3118 4091 ἀγαπῶν,
3146 4025 3425 4095 ἐπιμελῶς
3451 4027 3700 4080 παιδεύει
3728 4045 3743 4060 ·
3772 4029 3802 4081 ὁ

2218 4114 2276 4168 δὲ
2315 4115 2516 4186 μισῶν,
2545 4116 2610 4186 ἐᾷ
2638 4117 2956 4186 ἁδιαφορεῖν
2983 4117 3110 4180 τοὺς
3137 4117 3464 4188 ἑπομένους.
3513 4120 3678 4172 Ἀλλὰ
3707 4121 3800 4174 καὶ

2220 4208 2397 4278 ὑμεῖς,
2431 4207 2650 4276 ἀδελφοὶ
2691 4209 2786 4261 καὶ
2827 4207 2993 4262 τέκνα
3047 4209 3106 4260 ἐν
3154 4210 3366 4280 Κυρίῳ,
3423 4210 3500 4274 ὡς
3554 4213 3800 4283 πρόϐατα

2221 4297 2434 4364 ἔσεσθε,
2463 4299 2747 4366 φιλοῦντες
2783 4298 2885 4363 τὰς
2931 4298 3154 4364 ἐντολὰς
3195 4299 3362 4354 αὑτοῦ
3420 4303 3796 4372 ἐργάζεσθαι,

2222 4391 2318 4442 καὶ
2350 4389 2664 4461 μοναχικῶς
2688 4390 3151 4460 ἀναστρέφεσθαι,
3187 4393 3323 4446 ἀλλὰ
3386 4393 3463 4465 μὴ
3495 4397 3798 4466 κοσμικῶς,

2221 4478 2281 4532 ἓν
2311 4478 2451 4532 ἔστω
2477 4479 2691 4549 θέλημα
2729 4480 2972 4543 πάντων,
3010 4481 3110 4550 μία
3139 4481 3356 4551 καρδία,
3392 4481 3490 4552 μία
3545 4483 3694 4556 ψυχὴ
3725 4488 3796 4554 μὴ

2221 4571 2320 4625 καὶ
2347 4572 2408 4624 τὸ
2432 4571 2566 4641 ἐμὺν
2587 4571 2649 4624 τὸ
2684 4571 2800 4638 σὺν,
2831 4573 3015 4626 πάντα
3042 4574 3219 4638 κοινὰ,
3251 4575 3430 4628 πάντα
3455 4576 3680 4647 καθαρὰ
3714 4575 3800 4629 διὰ

2219 4665 2321 4735 τῆς
2351 4661 2786 4734 ἐξαγορεύσεως.
2815 4665 2880 4718 Εἰ
2908 4665 2966 4718 δὲ
2995 4664 3069 4736 μὴ
3101 4664 3298 4733 οὑτως,
3357 4667 3457 4720 καὶ
3481 4668 3579 4722 τὸν
3607 4685 3798 4738 κοσμι-

2219 4755 2316 4810 κδν
2361 4755 2679 4809 ἀπωλέσατε
2700 4795 2715 4820 ,
2771 4756 2866 4809 καὶ
2916 4757 3143 4826 μοναχοὶ
3191 4757 3266 4828 μὴ
3312 4757 3468 4822 δντες
3518 4759 3794 4829 ἀληθινοὶ,

2219 4847 2470 4901 ὑπόδικοι
2491 4845 2792 4918 γενήσεσθε
2823 4847 3212 4918 κατακρίσεως
3237 4849 3478 4914 δικαίας,
3524 4852 3798 4920 ’Δγαπῶν-

2219 4953 2313 5000 τες
2383 4937 2806 5008 ὑπεμνήσαμεν.
2879 4936 3071 5008 Ὑμεῖς
3135 4937 3193 4990 δὲ
3250 4934 3309 4991 εὖ
3361 4940 3646 5010 πράξοιτε,
3709 4941 3796 4995 καὶ

2220 5028 2299 5101 τῷ
2326 5029 2448 5100 Θεῷ
2477 5030 2929 5102 εὑαρεστήσοιτε,
2987 5030 3275 5104 εὐχόμενοι
3329 5033 3427 5086 καὶ
3471 5034 3606 5106 περὶ
3647 5033 3794 5104 ἡμῶν

2223 5123 2336 5177 τῶν
2362 5123 2733 5193 ἁμαρτωλῶν,
2771 5117 2846 5177 ὧν
2895 5123 3249 5196 διδάσκομεν,
3309 5124 3524 5179 τούτων
3574 5129 3791 5198 ἐργάται

2229 5210 2371 5268 εἶναι
2395 5215 2454 5267 ἐν
2483 5213 2706 5284 Χριστῷ
2748 5214 2925 5284 Ἰησοῦ
2952 5215 3033 5287 τῷ
3057 5216 3248 5288 Κυρίῳ
3280 5215 3461 5289 ἡμῶν,
3499 5210 3546 5285 ᾧ
3573 5218 3607 5287 ἡ
3653 5217 3789 5282 δόξα.

2237 5307 2431 5378 Ἀμήν.

2276 5427 2373 5478 PA’
2395 5425 2496 5496 (1).
2525 5453 2592 5464 --
2621 5421 2848 5492 Εἰρήνῃ
2892 5423 3406 5496 καὶηΕὐφροο-ύνῃ
3453 5421 3734 5494 paratae-

2825 5507 2983 5560 σαις.
3007 5491 3203 5568 [χκήῼ]

1451 5601 1516 5650 Ut
1539 5604 1591 5651 in
1626 5609 1798 5654 sancto
1834 5601 1947 5654 vitae
1967 5611 2248 5658 monasticaa
2289 5607 2518 5659 instituto
2555 5614 2906 5672 perseverent.

609 5681 1000 5739 Proﬁciscente
1061 5683 1232 5738 fratre
1285 5697 1701 5752 parwconomo,
1754 5694 2119 5755 opportunum

2300 5690 2701 5762 Είσερχομὲνου
2724 5689 2822 5744 τοῦ
2857 5689 3088 5760 ἀδελφοῦ
3118 5707 3218 5746 καί
3263 5689 3684 5764 παροικονόμον,
3704 5687 3789 5745 εὑ-

647 5793 690 5824 "
719 5791 920 5849 ieram.
953 5809 1074 5860 vni,
1104 5794 1156 5848 4.
1185 5794 1228 5825 ¹³
1256 5791 1394 5847 Gen.
1432 5807 1505 5859 tv,
1559 5795 1614 5850 6.
1690 5794 1733 5826 ³⁸
1758 5794 1972 5851 Nahum
2003 5813 2087 5854 tn.

2222 5842 2228 5858 .
2309 5803 2353 5835 ¹⁵
2382 5803 2581 5862 Ezech.
2610 5821 2695 5875 ut,
2727 5805 2815 5861 18.
2891 5804 2936 5836 ’⁸
2960 5805 2980 5859 Ι
3002 5804 3146 5862 Tim.
3179 5821 3254 5872 tv,
3287 5804 3376 5860 16.
