4060 6374
306 364 442 434 1361

1509 357 2046 419 EPISTOLARUM
2076 357 2222 418 LIB.
2260 358 2339 419 II.

3431 355 3452 420 1
3465 359 3572 424 362

297 495 491 551 καιρον
537 476 867 551 ἡγησάμεθα
893 476 1131 550 χαράξαι
1157 475 1285 547 ὑμῖν
1315 474 1576 545 βραχεῖαν
1596 471 1869 543 συλλαϐὴν

1981 473 2236 528 duximus
2259 473 2478 528 brevem
2511 472 2579 527 ad
2601 489 2719 537 vos,
2752 473 2806 527 in
2835 474 3068 528 Domino
3098 489 3318 530 sorores
3366 479 3566 548 episto-

293 574 419 634 ταῖς
476 571 622 626 κατά
671 570 877 642 Κύριον
935 570 1214 639 ἀδελφαῖς.
1259 567 1370 621 Kal.
1425 566 1493 638 δὴ
1546 567 1868 638 ἐρωτῶμεν,

296 663 415 728 πῶς
458 663 632 734 ἔχειὴ
683 663 816 733 ἁγία
841 663 975 727 δυὰς
1025 661 1200 732 ὑμῶν,
1278 663 1334 716 αἱ
1387 661 1561 714 πᾶσαι
1619 659 1868 728 ἀδελφαί.

308 754 502 824 Ὁρᾶτε
533 755 670 819 πῶς,
703 753 800 808 καὶ
823 754 926 807 οὐκ
965 751 1153 816 ἄλλαις
1183 751 1436 822 ἀδελφαῖς
1457 794 1472 816 ,
1511 753 1642 824 ὑμῖν
1699 769 1873 824 προσ-

295 843 540 914 κείμενοι
575 844 718 898 κατά
750 843 884 898 Θεὸν
913 843 1206 915 ἐρωτῶμεν
1231 845 1326 898 καὶ
1358 843 1750 914 διαλεγόμεθα·
1781 843 1876 898 καὶ

293 932 544 996 εἰκότως·
583 926 644 987 οὗ
673 933 781 1005 γὰρ
814 933 1019 998 πίστις,
1054 935 1173 987 ἐκεῖ
1197 934 1292 988 καὶ
1317 933 1503 998 πόθος,
1561 934 1736 987 ἕλκων
1779 933 1878 989 καὶ

291 1023 689 1095 ἀνθελκόμενος
719 1025 809 1079 διὰ
850 1023 1168 1096 Πνεύματος
1198 1024 1357 1094 ἁγίου
1385 1041 1402 1058 ο
1449 1016 1510 1078 οῦ
1566 1024 1624 1078 δὲ
1677 1025 1874 1095 ταῦτα,

293 1116 415 1169 ἐκεῖ
454 1117 549 1170 καὶ
579 1118 801 1189 φροντὶς
839 1116 1116 1187 σώματος.
1145 1115 1244 1170 Διά
1269 1117 1429 1170 τοῦτο
1455 1116 1744 1189 γράφομεν
1774 1137 1880 1172 πα-

293 1207 668 1278 ρακαλοῦντες
699 1210 839 1280 ὑπὲρ
863 1208 1104 1281 Χριστοῦ
1125 1209 1175 1261 οἱ
1201 1209 1412 1277 ἀνάξιοι
1441 1249 1456 1276 ,
1481 1209 1704 1281 ἔχεσθαι
1729 1211 1879 1284 ἡμᾶς

291 1300 393 1371 τῆς
414 1302 588 1372 καλῆς
615 1301 931 1374 ὁμολογίας,
952 1295 1022 1375 ἦς
1043 1301 1477 1373 ὡμολογήσαμεν
1520 1303 1760 1368 ἅπαντες
1793 1305 1879 1356 ἐν·

291 1396 463 1451 dimov
473 1395 606 1449 Θεοῦ
630 1393 726 1448 καὶ
736 1394 845 1449 τῶν
859 1393 1131 1448 ἐκλεκτῶν
1143 1393 1414 1464 ἀγγέλων·
1428 1393 1594 1465 ζῆσαι
1619 1396 1676 1449 ἐν
1690 1395 1881 1468 Κυρίῳ

291 1491 354 1543 ἐν
383 1493 450 1562 τῇ
477 1487 738 1544 ἀποθέσει
769 1487 865 1541 τοῦ
905 1487 1170 1559 σαρκικοῦ
1194 1488 1544 1560 φρονήματος
1561 1503 1577 1519 ο
1601 1489 1738 1560 ὅπερ
1762 1489 1882 1542 ἐστὶ

289 1585 355 1636 τὸ
387 1585 623 1654 ῥαγῆναι
647 1579 758 1634 τῶν
782 1577 998 1650 δεσμῶν
1023 1579 1124 1650 τῆς
1169 1578 1551 1651 προσπαθείας
1607 1579 1702 1633 τοῦ
1754 1579 1881 1652 τῇδε

291 1674 513 1739 αἰῶνος,
554 1673 650 1726 καὶ
687 1672 828 1742 μετά
850 1671 986 1724 Θεοῦ
1033 1670 1310 1740 γενέσθαι,
1359 1671 1420 1724 ὃν
1458 1671 1554 1726 καὶ
1591 1671 1882 1741 ἠγαπήσα-

294 1785 421 1839 μεν,
445 1759 490 1833 ᾧ
519 1764 616 1818 καὶ
640 1761 1084 1834 ὲνυμφεύθημεν,
1119 1761 1238 1834 μεθ’
1269 1756 1333 1818 οὗ
1385 1764 1480 1817 καὶ
1543 1763 1880 1834 συνεσόμεθα

291 1854 486 1910 είσαεί.
508 1853 710 1908 Τοῦτον
743 1854 1143 1925 ὲρωτευώμεθα
1171 1854 1263 1910 τὸν
1287 1855 1544 1923 ἀληθινὸν
1556 1855 1758 1928 ἔρωτα,
1786 1856 1880 1910 τὸν

289 1945 588 2019 ἀπρόσιτον
611 1943 798 2011 πόθον,
827 1944 922 1997 τὸν
954 1944 1116 2015 μόνον
1170 1945 1451 2017 Δεσπότην
1495 1945 1730 2016 οὐρανοῦ
1785 1945 1881 2000 καὶ

291 2037 417 2106 γῆς.
467 2029 542 2090 υἷι
573 2037 607 2108 ἡ
638 2035 776 2108 πρὸς
800 2035 1124 2108 ἀνθρώπους
1153 2037 1434 2110 ἀγάπησις
1485 2037 1748 2108 τοσαύτη,
1804 2037 1879 2101 ὡς

289 2129 478 2182 δούλου
521 2127 734 2200 μορφὴν
769 2129 934 2182 αὐτὸν
961 2129 1276 2195 ἀναλαϐεῖν,
1320 2132 1400 2195 είς
1439 2130 1502 2184 τὸ
1529 2130 1879 2186 ἀνακαλέσα-

291 2221 420 2277 σθαι
461 2223 610 2294 ἡμᾶς
651 2221 754 2292 τῆς
802 2219 1032 2292 φθορᾶς,
1086 2223 1182 2277 καὶ
1220 2221 1376 2286 θεοὺς
1431 2223 1875 2296 ἀπεργάσασθαι.

300 2313 394 2374 Ὦς
449 2311 682 2381 μεγίστη
722 2313 755 2380 ἡ
789 2311 1116 2380 ἐπαγγελία.
1170 2311 1258 2378 Ὠς
1297 2313 1534 2378 ἐξαίσιον
1571 2313 1634 2366 τὸ
1683 2315 1743 2366 ἐν
1788 2313 1879 2366 οὐ·

294 2405 481 2474 ρανοίς
508 2402 845 2473 ἀπάντημαῑ
889 2401 1050 2456 Ἐκεῖ
1067 2401 1496 2472 ἐκλάμψουσιν
1543 2406 1597 2458 οι
1662 2402 1880 2458 δίκαιοι

287 2495 374 2560 ὠς
419 2496 448 2548 ὁ
501 2493 704 2564 ἣλιος
751 2496 871 2548 ἐκεῖ
915 2494 976 2548 αἱ
1005 2493 1106 2563 τὴν
1169 2495 1470 2566 παρθενίαν
1529 2495 1878 2567 ἐνδεδυμέναι

286 2585 368 2656 τῷ
420 2585 684 2657 ἀφθάρτῳ
732 2585 952 2656 νυμφίῳ
981 2586 1419 2658 συναφθήσονται
1446 2602 1461 2618 ο
1506 2588 1629 2640 ἐκεῖ
1659 2589 1718 2640 αι
1768 2588 1872 2658 τὴν

286 2673 571 2746 ὑποταγὴν
619 2675 717 2729 καὶ
777 2675 1030 2748 ὑπακοὴν
1077 2673 1451 2748 ἐξασκήσασαι
1489 2678 1566 2742 ὡς
1610 2679 1878 2750 ἄρχουσαι

286 2765 558 2838 Χριστοῦ,
598 2767 955 2838 χορεύσουσιν
983 2765 1182 2824 αἰώνια
1207 2785 1224 2802 ·
1275 2770 1332 2824 ai
1383 2770 1440 2823 δέ
1481 2771 1745 2838 ἐναντίαι,
1808 2771 1878 2823 τὰ

288 2859 534 2921 ἐναντία,
567 2858 809 2931 δηλονότι
860 2861 1169 2914 πείσονται.

367 2950 552 3015 Ὥστε,
581 2950 830 3020 ἀδελφαὶ,
851 2952 1233 3024 σταυροφόροι,
1269 2953 1344 3024 μὴ
1373 2953 1629 3023 λάθωμεν
1655 2954 1878 3017 ἑαυταῖς

287 3039 414 3094 ἀντὶ
439 3040 585 3111 ζωῆς
622 3042 718 3095 καὶ
755 3041 931 3114 χαρᾶς
978 3041 1233 3113 ἀπείρου,
1277 3042 1498 3096 κόλασιν
1528 3045 1624 3097 καὶ
1651 3042 1761 3113 πῦρ
1785 3044 1875 3096 al-

1979 565 2087 620 lam
2111 581 2360 621 exarare.
2386 565 2450 622 Et
2471 565 2690 636 quidem
2717 581 2976 633 rogamus
2996 568 3274 636 quomodo
3293 584 3350 622 se
3372 568 3574 625 habeat

1976 669 2203 718 sanctus
2218 660 2465 714 binarius
2486 668 2685 724 vester,
2710 672 3039 728 sororesque
3053 657 3346 712 universae.
3370 655 3574 715 Videtis

1975 752 2438 824 quemadmodum
2471 751 2628 808 vobis
2665 764 2718 806 et
2749 767 2859 807 non
2891 751 3019 806 aliis
3045 751 3335 806 sororibus
3363 750 3567 804 addicti

1977 847 2280 903 secundum
2316 846 2486 902 Deum
2511 845 2868 902 sciscitamur
2893 855 2948 902 et
2977 845 3145 900 verba
3178 843 3437 900 facimus.
3461 843 3573 900 Nec

1976 935 2272 999 immerito,
2287 935 2380 990 ubi
2402 934 2546 990 enim
2567 934 2720 1000 ﬁdes,
2739 934 2811 990 i-bi
2833 943 2887 990 et
2907 950 3081 1000 amor,
3104 935 3328 990 trahens
3347 943 3575 989 tractus.

1978 1045 2105 1100 que.
2127 1030 2369 1094 vicissim
2401 1045 2499 1099 per
2523 1029 2785 1097 Spiritum
2838 1038 3090 1084 sanctum
3118 1046 3134 1096 ;
3159 1028 3249 1084 ubi
3277 1029 3424 1084 enim
3454 1028 3571 1082 haec

1979 1130 2129 1187 sunt,
2154 1122 2228 1177 ibi
2246 1131 2299 1176 et
2315 1137 2445 1177 cura
2463 1121 2730 1192 corporis.
2752 1121 2960 1178 Idcirco
2981 1121 3298 1188 scribimus,
3330 1135 3428 1176 vos
3452 1121 3572 1176 vice

1979 1215 2180 1271 Christi
2206 1216 2488 1272 hortantes
2507 1215 2742 1286 indigni,
2774 1225 2834 1270 ut
2869 1216 3227 1286 persistamus
3253 1215 3308 1270 in
3341 1214 3568 1284 pulchra

1981 1310 2232 1381 pactione
2279 1325 2445 1381 quam
2483 1310 2627 1381 pacti
2669 1324 2861 1364 sumus
2897 1323 3092 1364 omnes
3123 1323 3312 1362 coram
3353 1306 3465 1362 Deo
3513 1316 3570 1362 et

1979 1403 2168 1459 electis
2207 1402 2660 1472 angelis;vivere
2714 1401 2767 1456 in
2814 1399 3054 1455 Domino
3109 1400 3164 1454 in
3225 1400 3570 1470 depositione

1981 1511 2176 1551 sensus
2211 1497 2472 1562 carnalis,
2503 1494 2653 1565 quod
2684 1504 2769 1551 est
2793 1494 3074 1565 dirupisse
3105 1493 3330 1548 vincula
3358 1491 3569 1563 cupidi-

1981 1597 2154 1642 tatum
2182 1590 2368 1645 saeculi
2401 1589 2589 1660 hujus,
2621 1597 2824 1644 etcum
2862 1586 2976 1643 Deo
3013 1587 3226 1642 versari
3275 1602 3436 1656 quem
3482 1585 3570 1640 di-

1982 1679 2241 1742 leximus,
2290 1691 2343 1736 et
2377 1681 2466 1736 cui
2527 1683 2873 1750 desponsata:
2929 1694 3142 1744 sumus,
3183 1695 3308 1735 cum
3349 1695 3457 1750 quo
3513 1688 3570 1734 et

1985 1791 2200 1846 semper
2247 1775 2474 1830 erimus.
2533 1772 2691 1830 Hunc
2735 1773 3058 1828 adamemus
3091 1771 3185 1841 qui
3219 1786 3382 1827 verus
3412 1786 3570 1826 amor

1983 1878 2086 1934 est,
2137 1868 2468 1922 desiderium
2522 1867 2888 1933 inaccessum,
2942 1865 3094 1921 solus
3124 1865 3252 1921 coeli
3296 1874 3568 1934 terraeque

1983 1960 2269 2016 Dominus.
2308 1958 2478 2030 Cujus
2537 1975 2668 2029 erga
2713 1959 2966 2014 homines
3029 1967 3178 2014 tanta
3226 1957 3470 2022 dilectio,
3506 1963 3568 2011 ut

1980 2054 2123 2110 servi
2150 2053 2382 2110 formam
2415 2052 2800 2123 assumpserit,
2829 2068 2939 2123 quo
3002 2067 3102 2107 nos
3159 2059 3450 2105 revocaret
3497 2051 3566 2104 ab

1981 2147 2228 2212 interitu,
2261 2153 2316 2200 et
2352 2145 2485 2200 deos
2533 2143 2788 2200 efﬁceret.
2818 2142 2864 2199 Ο
2897 2143 3193 2198 maximam
3239 2143 3565 2212 promissio-

1979 2239 2136 2293 nem!
2169 2254 2202 2293 ο
2243 2239 2571 2309 stupendum
2616 2238 2671 2292 in
2701 2237 2861 2293 caelis
2893 2252 3186 2292 occursum
3213 2237 3252 2268 ιτ
3285 2237 3298 2290 !
3339 2233 3422 2288 Ibi
3455 2233 3567 2305 ful-

1979 2331 2168 2401 gebunt
2189 2330 2328 2400 justi
2360 2331 2498 2384 sicut
2525 2329 2604 2384 sol
2629 2345 2648 2384 :
2681 2329 2778 2396 ibi,
2811 2345 2934 2400 quae
2959 2329 3328 2400 virginitatem
3364 2327 3566 2381 indue-

1980 2433 2130 2486 runt,
2177 2421 2498 2490 incorrupto
2545 2435 2750 2490 sponso
2795 2419 3206 2490 conjungentur
3238 2437 3251 2473 :
3284 2418 3394 2481 ibi,
3440 2434 3564 2487 quae

1979 2514 2371 2583 subjectionem
2405 2522 2460 2568 et
2485 2513 2852 2568 obedientiam
2888 2513 3199 2578 coluerunt,
3235 2512 3386 2567 velut
3409 2511 3562 2581 prin-

1978 2608 2131 2677 cipes
2151 2605 2354 2660 Christi
2384 2614 2652 2675 perpetuo
2685 2603 3065 2674 tripudiahunt
3093 2621 3106 2658 :
3135 2603 3431 2659 contrariis
3459 2619 3561 2658 au-

1979 2709 2086 2756 tem
2107 2697 2388 2756 contraria
2416 2698 2534 2754 sine
2556 2697 2726 2753 dubio
2761 2696 3040 2752 evenient.

2048 2947 2250 3014 Quare,
2313 2961 2556 3012 sorores,
2623 2961 2849 3001 crucem
2915 2953 3202 3016 portantes
3263 2961 3561 3001 caveamus

1977 3039 2162 3104 nobis,
2195 3054 2265 3094 ne
2295 3054 2394 3108 pro
2424 3039 2532 3092 vita
2563 3047 2619 3094 et
2651 3039 2851 3109 gaudio
2890 3037 3164 3093 immenso
3218 3039 3558 3110 supplicium

287 3131 455 3185 ὠνιον
480 3131 1018 3204 ἀποθησαυρίζουσαι
1067 3134 1136 3187 δι’
1205 3135 1468 3205 ἀμελείας
1519 3137 1617 3188 καὶ
1666 3120 1875 3208 φθορᾶς

1981 3132 2268 3202 ignemque
2289 3140 2554 3186 aeternum
2582 3131 2940 3201 acquiramus
2967 3147 3063 3201 per
3091 3131 3483 3204 negligentiam
3509 3141 3564 3186 et

291 3224 521 3294 σαρκὸς,
556 3224 841 3296 παρακοῆς
867 3241 926 3278 τε
951 3225 1046 3279 καὶ
1097 3225 1380 3297 ἐμπαθοῦς
1429 3227 1772 3297 ἀναστροφῆς
1800 3244 1814 3257 ·
1843 3229 1876 3298 ή

290 3317 466 3390 ἁρετὴ
495 3318 560 3370 ἐκ
581 3315 716 3369 Θεοῦ
741 3317 838 3370 καὶ
855 3315 1004 3370 θεία·
1023 3318 1057 3387 ἡ
1089 3317 1258 3371 κακία
1295 3318 1360 3370 ἐκ
1385 3318 1618 3381 Σατανᾶ,
1653 3319 1748 3371 καὶ
1769 3319 1876 3371 Σα-

287 3411 483 3472 τανᾶς.
527 3407 591 3462 Οἱ
621 3407 721 3480 τὴν
749 3407 975 3479 πρώτην
1004 3409 1278 3480 ἑλόμενοι,
1311 3410 1436 3463 Θεοὶ
1465 3411 1560 3462 καὶ
1586 3410 1724 3462 Θεοῦ
1751 3425 1766 3441 ο
1827 3411 1877 3464 οἱ

289 3501 397 3570 τὴν
446 3501 706 3572 δευτέραν
757 3501 1013 3572 δαίμονες
1042 3541 1058 3568 ,
1104 3501 1200 3554 καὶ
1249 3499 1343 3554 τοῦ
1393 3501 1633 3556 Σατανᾶ.
1690 3499 1879 3564 Οὕτως

291 3592 442 3662 ὑμᾶς
470 3595 564 3646 καὶ
589 3593 684 3647 νῦν
727 3590 1073 3663 δεξιούμεθα.
1105 3591 1220 3645 Καὶ
1251 3591 1326 3662 μὴ
1362 3591 1535 3662 βαρὺς
1568 3593 1696 3663 ὑμῖν
1728 3591 1880 3661 λογι-

294 3683 484 3754 σθείην
507 3682 583 3748 ὡς
625 3683 861 3756 φορτικά
903 3683 1111 3750 λαλῶν,
1164 3682 1304 3736 ἀλλά
1348 3683 1552 3753 μᾶλλον
1607 3683 1760 3754 ἡδὺς,
1801 3683 1877 3747 ὡς

295 3776 442 3846 ὑπὲρ
497 3774 634 3830 Θεοῦ
666 3776 970 3846 παραινῶν.
1001 3774 1112 3828 Καὶ
1142 3775 1203 3828 οὐ
1269 3774 1407 3843 πρὸς
1442 3775 1543 3839 τὰς
1599 3775 1794 3847 κυρίας
1849 3776 1878 3828 6

293 3866 486 3934 λόγος’
533 3867 697 3919 αὐταὶ
723 3867 834 3936 γὰρ
893 3863 1205 3918 διδάσκαλοι
1269 3864 1364 3918 καὶ
1411 3865 1636 3934 ἐτέρων.
1717 3863 1877 3918 Ἀλλὰ

294 3959 439 4029 πρὸς
464 3957 524 4012 τὸ
549 3959 646 4028 τῆς
673 3957 1029 4028 ἀδελφότητος
1056 3955 1334 4028 πλήρωμα
1353 3973 1366 3986 ’
1391 3956 1528 4028 ὅπερ
1576 3955 1872 4029 φυλαχθείη

297 4050 386 4104 ἔτι
430 4065 490 4102 τε
537 4050 634 4103 καὶ
681 4049 783 4116 ἔτι,
829 4048 1107 4115 εὐεκτοῦν,
1148 4045 1408 4118 εὐθηνοῦν
1463 4051 1543 4110 είς
1589 4048 1872 4119 καύχημα,

201 4193 206 4202 .
297 4141 398 4198 καὶ
447 4142 569 4212 ἐμοὶ
591 4142 666 4204 ὡς
692 4140 1094 4213 παρακλήτορι,
1155 4141 1236 4204 είς
1265 4139 1481 4212 ἡμέραν
1509 4139 1748 4211 Χριστοῦ
1780 4155 1796 4171 ο
1831 4133 1877 4209 ᾧ

297 4238 334 4308 ἡ
361 4233 494 4301 δόξα
537 4235 617 4297 είς
641 4234 770 4296 τοὺς
791 4231 1017 4294 αἰῶνας.
1066 4231 1266 4302 ’Δμὴν.

568 4345 692 4398 ΡΕ¹.
721 4374 792 4385 -
835 4342 1088 4412 Ἀνθίμῳ
1117 4341 1328 4408 τέκνῳ.
1378 4341 1568 4415 [χκθ’.]

1980 3221 2164 3278 carnis
2180 3222 2614 3292 corruptionem,
2647 3237 2745 3291 per
2775 3222 3202 3277 inobedientiam
3227 3223 3566 3278 molliorem-

1980 3331 2086 3384 que
2119 3315 2613 3370 conversationem.
2646 3312 2835 3368 Virtus
2874 3329 2906 3368 a
2951 3311 3083 3376 Deo,
3117 3323 3172 3368 et
3211 3313 3398 3368 divina
3435 3332 3450 3368 :
3484 3315 3567 3368 vi«

1980 3408 2194 3464 tiositas
2226 3423 2256 3460 a
2289 3407 2515 3472 Satana,
2555 3415 2608 3459 et
2641 3405 2894 3460 Satanas.
2921 3404 3026 3470 Qui
3061 3406 3304 3476 priorem
3333 3405 3566 3476 eligunt,

1980 3501 2055 3555 dii
2096 3508 2226 3556 sunt
2278 3509 2333 3554 et
2382 3499 2522 3554 Dei:
2555 3499 2649 3569 qui
2695 3499 3080 3568 posteriorem,
3125 3498 3402 3552 dzemones
3439 3506 3566 3552 sunt

1981 3603 2037 3648 et
2074 3593 2361 3648 daemonis.
2385 3591 2481 3647 Sic
2517 3607 2621 3661 ego
2641 3607 2741 3646 vos
2789 3605 2938 3646 nunc
2989 3592 3153 3645 etiam
3204 3591 3564 3660 complector.

1988 3684 2096 3740 Nec
2127 3700 2258 3739 vero
2299 3686 2484 3754 gravis
2536 3683 2728 3738 videar
2773 3684 2931 3740 vobis
2979 3693 3240 3754 tanquam
3296 3684 3434 3737 dura
3484 3682 3568 3738 lo-

1985 3793 2183 3846 quens.
2216 3776 2310 3831 sed
2346 3784 2537 3846 gratus
2563 3777 2771 3846 potius,
2803 3785 2864 3830 ut
2893 3777 2989 3845 qui
3037 3791 3136 3845 pro
3172 3775 3284 3829 Deo
3317 3791 3413 3828 vos
3449 3791 3567 3828 mo-

1984 3881 2165 3919 neam.
2196 3863 2384 3934 Neque
2421 3866 2489 3920 ad
2519 3865 2772 3920 dominas
2818 3874 3027 3934 spectat
3079 3864 3168 3919 hic
3202 3880 3422 3932 sermo;
3463 3865 3568 3919 illa:

1983 3961 2127 4016 enim
2155 3959 2384 4013 aliarum
2408 3959 2572 4012 etiam
2592 3965 2722 4013 sunt
2760 3958 3072 4028 magistrae;
3101 3958 3194 4012 sed
3229 3959 3296 4012 ad
3318 3973 3566 4012 COIlllllll-

1988 4064 2112 4103 nem
2149 4057 2352 4102 cretum
2373 4062 2621 4102 sororum
2653 4064 2666 4098 :
2697 4048 2790 4117 qui
2814 4048 2990 4118 magis
3013 4047 3298 4116 magisque
3325 4062 3492 4101 sanus
3515 4056 3570 4101 et

1984 4139 2172 4209 vigens
2207 4147 2471 4200 servetur,
2498 4137 2563 4192 ad
2585 4151 2757 4192 meam
2777 4139 2940 4192 etiam
2968 4145 3028 4191 ut
3050 4139 3348 4193 bortatoris
3365 4138 3571 4208 gloria-

1986 4233 2188 4286 tionem
2217 4231 2271 4285 in
2302 4231 2390 4287 die
2420 4228 2622 4285 Christi
2653 4248 2668 4284 :
2699 4231 2788 4285 cui
2825 4231 2996 4302 gloria
3025 4231 3079 4285 in
3112 4232 3334 4288 Saecula.
3369 4233 3563 4284 Amen.

2424 4344 2536 4402 CV.
2560 4376 2632 4390 -κ
2655 4347 2908 4401 Anthimo
2948 4346 3064 4416 ﬁlio
3092 4347 3176 4418 (‘).

1562 4479 1638 4528 Ad
1655 4481 1917 4542 quemdam
1941 4485 2025 4545 qui
2051 4483 2323 4535 defecerat.

384 4559 445 4613 '0
472 4562 634 4633 νόμος
663 4560 759 4614 τοῦ
785 4560 922 4615 θεοῦ
947 4563 976 4615 6
1003 4562 1169 4633 φόϐος
1193 4579 1254 4616 τε
1279 4561 1376 4616 καὶ
1403 4562 1432 4614 6
1458 4562 1661 4634 τρόμος
1693 4564 1881 4629 αὑτοῦ,

2063 4569 2169 4624 Lex
2195 4569 2314 4636 Dei,
2349 4569 2514 4624 timor
2533 4579 2586 4623 et
2629 4577 2837 4623 tremor
2861 4567 3036 4638 ipsius
3074 4569 3164 4638 qui
3199 4569 3278 4622 ait
3312 4586 3326 4622 :
3365 4566 3566 4637 Specu—

301 4654 382 4719 ὣς
420 4669 574 4725 φησιο
611 4653 853 4708 Σκοπόν
901 4667 976 4708 σε
1011 4653 1247 4709 τέθεικα
1277 4652 1358 4720 τῷ
1393 4653 1540 4720 οἴκῳ
1603 4655 1872 4723 Ἰσραήλ.

313 4747 374 4800 '0
399 4745 457 4798 δέ
483 4745 685 4809 σκοπὸς
711 4745 813 4816 τῆς
835 4745 1120 4816 ἀγγελίας,
1171 4745 1452 4817 ἠνάγκασέ
1504 4763 1597 4817 με,
1655 4747 1873 4818 ἀδελφέ,

298 4835 396 4889 διά
447 4836 776 4908 γράμματος
806 4839 970 4892 πάλιν
1006 4839 1328 4908 ἀναγγεῖλαί
1389 4856 1474 4893 σοι
1502 4839 1603 4911 τὴν
1643 4841 1878 4913 ἐρχομέ-

299 4944 404 5000 νην
437 4929 710 5000 ῥομφαίαν
733 4929 830 4984 τοῦ
857 4929 993 4984 Θεοῦ
1023 4932 1118 4986 ἐπὶ
1179 4931 1260 4997 σὲ,
1289 4931 1564 5002 ῥομφαίαν
1613 4932 1876 5004 φοϐερὰν,

1986 4663 2213 4716 latorem
2254 4663 2406 4732 posui
2465 4672 2514 4716 te
2561 4661 2742 4714 domui
2790 4659 2967 4715 Israel
3011 4663 3074 4716 ’⁸.
3127 4661 3341 4731 Scopus
3384 4673 3563 4717 autem

1987 4754 2229 4808 mandati
2262 4753 2441 4824 coegit
2465 4767 2572 4818 me,
2603 4753 2790 4818 frater,
2839 4768 2936 4823 per
2969 4753 3182 4810 litteras
3223 4755 3418 4808 iterum
3467 4770 3568 4826 an-

1983 4847 2240 4901 nuntiare
2266 4845 2364 4901 tibi
2397 4846 2705 4900 venientem
2735 4859 2903 4917 super
2953 4855 3006 4900 te
3046 4846 3414 4917 rhomphaeam
3448 4847 3564 4912 Dei,

1983 4937 2323 5006 romphaeam
2376 4937 2820 5005 formidabilem,
2879 4940 3258 5009 rhomphaaam
3313 4940 3563 5013 igneam,

301 5018 580 5090 ῥομφαίαν
603 5019 849 5090 πύρινον,
883 5019 1156 5090 ῥομφαίαν
1182 5019 1242 5073 οὺ
1293 5020 1475 5092 σῶμα,
1505 5019 1644 5073 ἀλλά
1701 5019 1881 5092 ψυχὴν

1984 5028 2356 5098 rhomphaeam
2392 5045 2514 5098 quae
2545 5045 2656 5086 non
2697 5046 2902 5100 corpus
2933 5034 3028 5087 sed
3069 5034 3309 5088 animam
3341 5033 3569 5104 coniicit

303 5109 706 5180 ἐμϐάλλουσαν,
756 5111 837 5175 είς
864 5111 1093 5179 γέενναν
1124 5111 1296 5182 πυρὸς
1325 5114 1404 5175 εἰς
1430 5112 1774 5182 ἀπεράντους
1799 5114 1888 5167 ai-

301 5201 597 5264 ῶνας.Καὶ
623 5201 845 5272 δακρύω
856 5202 1085 5272 γράφων
1113 5203 1143 5257 ό
1159 5203 1456 5268 τάλας,καὶ
1471 5205 1642 5258 στένω
1667 5207 1889 5277 πικρὸν,

1988 5121 2043 5176 in
2074 5123 2384 5191 gehennam
2412 5125 2555 5194 ignis
2593 5126 2650 5178 in
2680 5126 2880 5180 saecula
2915 5127 3269 5197 sempiterna.
3305 5125 3566 5182 Scribens

1991 5212 2308 5284 illacrymor
2344 5215 2533 5276 miser,
2563 5224 2618 5268 et
2642 5230 2828 5269 amare
2861 5231 3054 5288 angor,
3087 5217 3232 5288 quod
3267 5219 3336 5274 de
3379 5218 3492 5273 ﬁlio
3513 5226 3568 5272 et

305 5294 396 5346 ὅτι
452 5294 544 5346 ἐπὶ
573 5293 666 5348 τὸν
698 5295 834 5364 ἐμὸν
863 5296 979 5349 υίὸν
1001 5297 1096 5350 καὶ
1147 5297 1394 5368 μαθητὴν
1431 5299 1461 5352 ό
1499 5288 1683 5367 λόγος.
1730 5297 1881 5354 Ἀλλὰ

1996 5304 2268 5374 discipulo
2300 5320 2424 5360 meo
2458 5305 2531 5360 sit
2559 5321 2764 5360 sermo.
2808 5307 2914 5362 Sed
2957 5308 3090 5378 quid
3138 5310 3331 5380 agam?
3361 5310 3418 5362 Si
3456 5325 3565 5362 non

299 5383 585 5455 τί,πάθω;
612 5386 708 5440 ἐὰν
739 5387 816 5459 μὴ
843 5387 1172 5457 ἀναγγείλω,
1211 5389 1273 5442 τὸ
1316 5385 1451 5460 αἷμά
1517 5408 1614 5444 σου
1661 5395 1728 5446 ἐκ
1773 5392 1881 5446 τῶν

1990 5397 2417 5463 annuntiavero,
2450 5397 2774 5468 sanguinem
2825 5409 2979 5454 tuum
3027 5399 3094 5455 de
3127 5401 3382 5454 manibus
3426 5399 3565 5454 meis

302 5476 506 5559 χειρῶν
555 5495 658 5548 μου
685 5479 935 5552 ἐκζητεῖν
966 5480 1072 5553 ἔφη
1109 5481 1270 5546 Θεός·
1295 5483 1451 5538 οὐδὲν
1476 5484 1685 5556 ἕτερον,
1738 5486 1772 5558 ἢ
1821 5485 1881 5540 τὺ

1989 5487 2387 5558 requisiturum
2441 5503 2500 5544 se
2559 5489 2693 5544 dicit
2727 5489 2870 5547 Deus
2899 5492 2982 5544 ηε
3015 5508 3192 5562 neque
3245 5491 3432 5557 aliam,
3467 5491 3564 5545 sed

302 5562 440 5621 αὑτό
498 5582 569 5636 με
633 5567 732 5638 τῆς
784 5569 1061 5643 τιμωρίας
1121 5572 1529 5629 συναπολαῦσαι
1575 5577 1766 5648 κρῖμα.
1809 5573 1881 5631 Ὦ

1985 5582 2236 5638 eamdem
2267 5581 2442 5655 ipsam
2467 5597 2554 5639 me
2577 5583 2780 5652 pariter
2812 5583 3066 5639 vindictae
3094 5582 3421 5640 sententiam
3463 5595 3564 5637 ex-

382 5701 426 5735 "
451 5683 645 5760 Matth.
689 5721 812 5772 xm,
843 5706 931 5766 4'5.
973 5711 1016 5746 ¹³
1039 5708 1236 5768 Ezech.
1261 5723 1402 5782 xxx,"
1425 5711 1476 5768 7.
1558 5712 1600 5747 ι’
1632 5711 1826 5770 Ezech.
1853 5731 1933 5785 ιιι,
1958 5715 2048 5775 18.

425 5795 852 5868 (‘)Paraenetica.
