4060 6374
553 377 696 443 1363

1753 381 1814 439 S.
1849 377 2245 438 THEODORI
2281 316 2629 436 STllDszﬂ

3654 380 3764 446 1364

549 500 860 560 rupturum.
897 487 942 545 0
970 487 1161 554 frater,
1217 503 1317 544 cur
1359 487 1548 542 oculos
1588 487 1772 542 cordis
1815 487 1890 541 ita
1931 486 2142 542 clausi-

2253 484 2462 556 ἱιδελφὲ,
2492 485 2544 539 τί
2587 484 2800 557 ἔμυσας
2842 483 2910 537 τὰ
2949 481 3174 555 ὄμματα
3211 483 3353 538 οὓτω
3397 484 3491 556 τῆς
3543 489 3764 561 καρδία;;

548 580 659 636 sti?
689 596 788 636 cur
817 578 990 636 Deum
1018 579 1424 648 contempsisti,
1459 579 1618 648 cujus
1661 589 1796 633 nutu
1849 585 2142 631 moventur

551 673 830 737 universa,
868 687 971 728 nec
992 678 1228 742 possunt
1259 668 1497 723 moventi
1539 668 1832 723 resistere?
1863 669 2035 723 Antea
2061 681 2144 720 re-

552 765 744 822 siliisti
775 782 805 820 e
833 765 1092 836 palaestra
1117 766 1392 820 ascetica:
1423 761 1608 818 abiisti
1639 763 1704 818 ad
1739 759 1856 818 loc'a
1877 778 2001 833 quae
2031 776 2140 816 non

553 858 779 930 respicit
823 857 1092 912 Dominus
1135 873 1151 912 :
1208 854 1423 912 solvisti
1472 853 1816 927 signaculum
1850 855 2140 921 castitatis,

551 951 848 1022 corrupisti
887 950 1123 1005 animam
1155 960 1209 1004 et
1243 963 1468 1018 corpus,
1507 947 1686 1004 iactus
1724 965 1784 1004 es
1809 950 2140 1019 mancipium

551 1042 801 1112 peccati;
827 1041 1026 1096 deinde
1046 1039 1113 1093 ad
1149 1054 1252 1094 nos
1278 1054 1404 1094 sero
1436 1039 1654 1093 tandem
1683 1040 1890 1097 rediisti
1916 1041 1969 1095 in
1991 1041 2144 1112 prin-

555 1133 708 1204 cipio
739 1131 1168 1205 persecutionis,
1221 1131 1511 1194 confitens,
1572 1147 1764 1202 poenas
1795 1133 1970 1196 luens,
2011 1146 2143 1201 pro—

555 1226 777 1280 mittens
824 1239 1131 1291 regressum
1192 1233 1316 1292 post
1370 1224 1532 1277 linem
1586 1224 2009 1294 persecutionis.
2061 1224 2144 1279 Ad

557 1319 672 1372 haec
716 1325 771 1371 et
825 1317 893 1370 ab
946 1313 1268 1370 OEconomo
1321 1315 1607 1368 institutus
1654 1330 1735 1377 es,
1790 1325 1844 1369 et
1899 1330 1929 1370 a
1973 1314 2144 1370 fratre

555 1406 818 1476 Dionysio
848 1414 1164 1474 susceptus,
1199 1413 1253 1458 et
1289 1405 1584 1473 pulchrum
1619 1404 1872 1460 exsilium
1907 1405 2142 1472 elegisti,

554 1515 618 1552 ex
683 1499 844 1552 malis
901 1498 1038 1551 locis
1082 1497 1348 1566 migrans,
1384 1503 1438 1553 et
1479 1496 1534 1551 in
1590 1496 1750 1552 bonis
1805 1496 1941 1552 locis
1985 1497 2144 1550 habi-

557 1603 681 1646 tans
703 1607 871 1660 super
899 1605 1024 1660 quae
1050 1591 1195 1645 oculi
1222 1589 1466 1654 Domini,
1492 1598 1546 1644 et
1573 1589 1850 1644 beatitudo
1885 1605 2146 1660 persecu-

555 1685 722 1740 tionis
770 1699 936 1754 supra
985 1694 1154 1753 caput
1199 1691 1351 1737 tuum
1401 1683 1881 1739 circumvolitans.
1915 1683 1980 1738 Et
2012 1700 2148 1755 euge

2242 579 2296 632 τί
2327 578 2746 656 κατεφρόνησας
2779 577 2942 643 Θεοῦ,
2974 569 3036 630 οὗ
3067 573 3146 648 τῷ
3173 569 3536 647 βλέμματιτά
3555 579 3768 650 σύμπαν-

2241 688 2313 726 τα
2347 662 2553 724 σείεται
2614 669 2708 725 καὶ
2739 669 2802 723 οὐ
2835 669 2992 741 φέρει
3026 669 3253 739 στήκειν
3281 659 3295 733 ξ
3330 668 3665 741 ἀπεπήδησας
3683 675 3768 729 πά-

2242 763 2334 818 λαι
2381 763 2483 833 τῆς
2509 763 2820 834 ἀπητικῆς
2856 746 3198 832 παλαίστρας
3219 776 3235 792 ο
3263 760 3560 833 ὲπορεύθης
3603 767 3672 828 είς
3695 767 3767 820 τό.

2245 873 2381 920 πους
2437 854 2534 918 οὓς
2564 855 2665 909 οὐκ
2693 855 2984 908 ἐπισκοπεῖ
3026 853 3232 924 Κύριος
3269 867 3284 883 ο
3320 852 3508 918 ἔλυσας
3532 854 3620 924 τὴν
3642 873 3772 928 σφρα-

2243 949 2369 1018 γῖδα
2402 950 2502 1020 τῆς
2531 947 2776 1025 ἁγνείας,
2804 946 3066 1025 ἔφθειρας
3105 947 3207 1017 τὴν
3257 945 3434 1018 ψυχὴν
3482 948 3571 1001 καὶ
3612 947 3665 1002 τὺ
3687 950 3772 1002 σῶ-

2247 1060 2346 1114 μα,
2375 1024 2562 1112 ἐγένου
2592 1024 2778 1105 δοῦλος
2797 1041 2898 1111 τῆς
2919 1039 3220 1111 ἁμαρτίας,
3246 1033 3364 1092 εἶτα
3397 1037 3615 1108 όψέποτε
3635 1040 3772 1095 ἐπιν-

2245 1134 2378 1205 ῆκες
2407 1133 2544 1204 πρὸς
2559 1135 2591 1201 ἡ
2601 1133 2708 1202 μᾶς
2735 1133 2794 1184 ὲν
2818 1133 2884 1202 τῇ
2901 1131 3126 1202 ἀπαρχῇ
3163 1129 3258 1183 τοῦ
3283 1127 3538 1200 διωγμοῦ,
3564 1128 3774 1202 ἐξομολο-

2245 1223 2534 1295 γούμενος,
2566 1222 2992 1294 ὲπιτιμὼμενος,
3027 1221 3498 1297 ἐπαγγελλόμενος
3545 1222 3637 1295 τὴν
3671 1226 3776 1278 dva-

2245 1315 2452 1388 δρομὴν
2483 1315 2627 1386 μετά
2656 1314 2756 1387 τὴν
2782 1315 2995 1370 παῦλαν
3041 1314 3136 1369 τοῦ
3163 1314 3427 1387 διωγμοῦ.
3473 1315 3592 1371 Ἐπὶ
3633 1316 3776 1390 τούτῳ

2247 1409 2344 1462 καὶ
2402 1407 2540 1478 πρὸς
2583 1406 2678 1460 τοῦ
2704 1405 3008 1477 Οίκονόμου
3067 1405 3479 1480 ἑστοιχειώθης,
3526 1407 3614 1460 καὶ
3653 1410 3776 1478 παρὰ

2247 1498 2340 1553 τοῦ
2374 1499 2606 1568 ἀδελφοῦ
2661 1498 2942 1553 Διονυσίου
2969 1498 3380 1571 προσελήφθης,
3409 1499 3501 1553 καὶ
3526 1498 3616 1570 τὴν
3639 1499 3776 1571 καλὴν

2249 1589 2544 1658 φυγαδείαν
2571 1589 2737 1652 εἵλου,
2772 1591 2836 1643 ὲκ
2861 1590 3044 1643 τόπων
3084 1589 3340 1662 πονηρῶν
3364 1590 3444 1653 είς
3470 1589 3650 1654 τόπους
3671 1591 3778 1660 ἀγαε

2250 1679 2377 1745 θοὺς
2400 1679 2777 1751 διαιτώμενος,
2804 1679 2889 1760 ἐφ’
2944 1678 3039 1742 οὒς
3105 1678 3381 1751 ὀφθαλμοὶ
3426 1679 3653 1751 Κυρίου·
3703 1681 3778 1736 καὶ

554 1780 627 1834 ob
681 1778 825 1832 hanc
888 1776 1313 1840 revocationem,
1377 1776 1784 1846 purgationem,
1842 1777 2146 1847 angelicam

2253 1775 2278 1827 ό
2357 1772 2710 1844 μακαρισμὸς
2765 1771 2862 1826 τοῦ
2924 1771 3170 1843 διωγμοῦ
3236 1773 3378 1844 ὑπὲρ
3439 1772 3661 1843 κεφαλῆς
3704 1790 3778 1828 σου

554 1871 998 1942 opitulationem.
1039 1871 1180 1936 Quid
1211 1886 1342 1940 ergo
1381 1885 1575 1925 rursus
1621 1870 1829 1926 factum
1856 1872 1977 1927 est?
1999 1870 2142 1938 Quid

2253 1862 2795 1934 περικυκλούμενος·
2861 1863 2972 1915 Καὶ
3031 1857 3160 1931 εὖγε
3213 1864 3316 1934 τῆς
3363 1863 3780 1935 ἀνακλήσεωςτῆς

550 1975 634 2021 est
661 1965 807 2036 quod
848 1981 878 2018 τι
912 1965 1022 2020 Deo
1055 1975 1104 2018 te
1128 1964 1378 2028 abduxit,
1403 1973 1457 2019 et
1485 1964 1708 2019 dialtolo
1743 1964 1968 2020 tradidit
1986 1965 2145 2020 ?-Heu

561 2074 738 2113 meam
792 2057 1172 2114 infelicitatem
1199 2059 1211 2112 !
1249 2057 1524 2113 Reversus
1549 2074 1609 2113 es
1633 2057 1813 2114 denuo
1839 2060 1904 2113 ad
1923 2075 2145 2114 cunmm

559 2149 797 2220 peccati,
841 2165 1211 2219 corrumpens
1258 2159 1313 2204 et
1373 2161 1665 2219 corruptus
1710 2166 1741 2205 a
1785 2151 2036 2218 muliere,
2062 2153 2147 2207 vel

559 2241 742 2310 potius
761 2254 790 2293 a
815 2239 1156 2294 mulieribus.
1175 2239 1422 2306 Domine,
1444 2240 1733 2304 miserere;
1760 2255 1939 2308 parce,
1969 2240 2144 2310 Deus;

558 2332 771 2387 dimisit
795 2341 846 2387 te
873 2341 1061 2388 custos
1087 2341 1212 2386 tuus
1231 2331 1482 2402 angelus,
1514 2333 1756 2402 suscepit
1779 2333 2034 2389 Satanas.
2062 2336 2148 2389 An

562 2423 722 2490 vivis,
747 2423 952 2477 miser?
987 2431 1042 2478 ct
1070 2422 1348 2492 quomodo
1379 2421 1526 2475 vivat
1565 2422 1613 2477 is
1656 2423 1749 2492 qui
1772 2423 1840 2476 alt
1873 2422 2148 2478 homicida

558 2516 896 2570 devoratur?
941 2518 1025 2574 An
1079 2514 1269 2568 lumen
1321 2513 1516 2569 vides?
1557 2525 1612 2569 et
1656 2515 1936 2584 quomodo
1967 2516 2150 2572 videat

558 2609 654 2677 qui
677 2607 889 2679 peccati
919 2607 1162 2662 tenebris
1185 2606 1540 2672 estobsitus?
1565 2606 1649 2660 An
1682 2607 1850 2662 Deum
1886 2608 2058 2663 oras?
2094 2617 2150 2664 et

559 2701 841 2771 quomodo
890 2701 958 2756 ad
1013 2700 1306 2754 Dominum
1359 2700 1606 2767 accedat,
1656 2701 1751 2772 qui
1779 2716 1904 2758 sese
1931 2702 2150 2758 diabolo

517 2794 944 2865 ‘mancipavit?
981 2793 1089 2851 Ubi
1163 2803 1252 2848 est
1312 2793 1637 2863 praeclarum
1685 2803 1839 2848 tuum
1896 2793 2152 2849 initium?

564 2888 786 2942 t‘ervor?
834 2886 1233 2958 compunctio?
1297 2886 1652 2941 obedientia?
1731 2886 2027 2958 lacrymte?
2083 2887 2151 2962 ad

565 2981 734 3038 Deum
769 2976 984 3035 volans'
1018 2979 1236 3036 oratio?
1266 2979 1509 3054 ccelestis
1548 2981 1934 3036 conversatio?
1984 2981 2152 3038 Abie-

565 3084 696 3128 runt
723 3075 930 3153 omnia,
969 3074 1274 3144 perierunt.
1304 3070 1349 3128 0
1384 3057 1616 3129 acerbos
1647 3075 1884 3144 gemitus
1915 3091 2069 3131 meos
2097 3073 2152 3132 in

564 3175 654 3220 tua
687 3165 998 3220 dementia!
1037 3165 1255 3221 Utinam
1284 3165 1724 3236 rationisexpers
1747 3166 1952 3220 animal
1977 3182 2150 3234 esses,
2179 3187 2223 3245 α

562 3260 709 3332 quod
740 3275 850 3314 non
881 3268 965 3313 est
1006 3259 1310 3314 obnoxium
1355 3259 1584 3330 judicio.
1616 3258 1720 3314 Sed
1753 3260 1897 3330 quod
1931 3261 2009 3314 sis
2041 3261 2157 3314 ani-

565 3352 676 3424 mal
710 3367 741 3407 a
774 3351 882 3408 Deo
916 3351 1238 3416 formatum,
1271 3353 1422 3424 quod
1474 3361 1745 3421 resurget,
1795 3361 1851 3406 et
1877 3352 2157 3424 judicabio

565 3457 685 3512 tur;
717 3448 821 3501 huc
848 3459 976 3498 vero
1002 3443 1405 3501 miserandum.
1449 3444 1720 3515 Agedum,
1777 3445 1852 3500 ﬁli
1908 3445 2007 3513 mi,
2059 3447 2153 3516 qtti

566 3539 777 3606 periisti
817 3553 831 3588 :
868 3552 991 3607 age,
1020 3537 1087 3592 ad
1121 3535 1416 3592 Dominum
1449 3522 1776 3602 convertere
1814 3556 1828 3592 :
1867 3521 2006 3609 quia
2027 3555 2153 3595 cum

569 3632 837 3702 benignus
891 3631 986 3695 sit,
1044 3631 1244 3686 iterum
1284 3630 1504 3700 recipit,
1570 3633 1768 3687 iterum
1821 3633 2149 3702 sanctiﬁcat,

567 3705 766 3775 iterum
797 3720 1027 3797 nuptiali
1063 3733 1216 3774 veste
1245 3719 1444 3786 induit,
1497 3719 1692 3774 iterum
1733 3720 1968 3775 vitulum
2000 3703 2151 3790 sagi;

568 3822 758 3868 natum
792 3821 1018 3886 mactat,
1050 3819 1104 3866 et
1121 3811 1366 3883 gaudens
1390 3811 1716 3867 convocahit
1739 3827 2004 3883 supernas
2027 3811 2152 3866 Vir-

567 3887 730 3971 tuti-s,
759 3906 887 3978 quia
925 3906 1182 3960 inventus
1211 3919 1293 3960 es.
1319 3902 1399 3958 Ne
1428 3905 1598 3975 igitur
1625 3904 1816 3960 audire
1857 3904 2150 3970 detrectrs,

566 4001 642 4055 tili
665 4001 760 4064 mi,
789 3993 868 4060 'iili
900 3999 976 4068 mi
1019 4016 1034 4054 :
1079 3998 1171 4054 sed
1209 4014 1402 4053 revoca
1439 4007 1512 4065 te,
1559 3997 1657 4054 sed
1726 4007 2020 4067 revertere,
2053 3999 2152 4053 ad-

571 4075 877 4162 liaérescens
893 4093 1116 4168 egregio
1147 4090 1302 4146 fratri
1338 4101 1430 4146 tuo
1447 4091 1729 4164 Dionysio,
1757 4091 2078 4165 priusquam
2099 4101 2156 4150 te

566 4187 762 4242 mortis
794 4196 1016 4266 aeteriiae
1034 4169 1366 4276 'rltompltaea
1399 4184 1641 4258 invadat.
1942 4171 1946 4180 ί

921 4467 1057 4524 ενι.
1089 4501 1158 4510 -
1186 4469 1463 4525 Ettstratio
1491 4475 1798 4541 prwposito.

2249 1954 2592 2027 καθάρσεως,
2645 1954 2746 2024 τῆς
2805 1953 3104 2024 ἁγγελικῆς
3160 1955 3576 2026 ὲπικουρήσεως.
3636 1955 3692 2008 Ti
3708 1952 3780 2010 οὖν

2249 2047 2412 2102 πάλιν
2456 2047 2520 2100 τὸ
2571 2047 2828 2116 γεγονό;;
2892 2047 2948 2100 τί
3003 2045 3064 2099 τὸ
3115 2047 3394 2118 ὲκστῆσάν
3434 2063 3490 2100 σε
3537 2045 3676 2112 θεοῦ,
3708 2047 3780 2101 καί

2250 2140 2580 2211 παραδῶσαν
2604 2139 2683 2211 τῷ
2709 2138 2980 2210 διαϐόλῳ;
3019 2137 3126 2192 Φεῦ
3159 2139 3256 2210 τῆς
3290 2140 3430 2211 ἐμῆς
3479 2139 3777 2210 ἀθλιότητοςι

2261 2231 2632 2304 Ἐτιέστρεψας
2652 2231 2814 2286 πάλιν
2845 2234 2926 2294 είς
2957 2232 3050 2284 τὸν
3079 2230 3352 2304 βόρϐορον
3401 2231 3498 2303 τῆς
3528 2232 3778 2302 ἁμαρτίας,

2249 2321 2490 2392 φθείρων
2519 2324 2616 2376 καὶ
2661 2321 3044 2393 φθειρόμενος,
3073 2320 3180 2374 ὑπὸ
3209 2320 3496 2390 γυναικὸς,
3534 2321 3710 2392 μᾶλλον
3737 2321 3781 2374 δὲ

2249 2412 2545 2481 γυναικῶν.
2576 2412 2772 2484 Κύριε,
2793 2412 3015 2484 ἐλέησον
3038 2429 3052 2444 ο
3085 2414 3297 2483 φεῖσαι,
3323 2415 3352 2467 ό
3368 2412 3515 2477 Θεός.
3534 2413 3709 2485 ’Δφῆκέ
3735 2429 3780 2466 σε

2249 2505 2278 2556 ό
2305 2503 2482 2574 φύλαξ
2503 2520 2598 2557 σου
2638 2503 2892 2572 ἄγγελος,
2923 2501 3296 2573 προσελάϐετο
3354 2502 3384 2555 ό
3430 2503 3670 2566 Σατανᾶς.
3698 2505 3782 2572 li;

2251 2594 2379 2670 ἆρα,
2413 2597 2565 2652 ἄθλιε
2596 2615 2610 2662 ς
2643 2597 2741 2652 καὶ
2773 2596 2892 2661 πῶς
2915 2597 3032 2650 ἐστι
3063 2597 3164 2669 ζῇν
3197 2597 3290 2650 τὸν
3324 2597 3431 2650 ὑπὸ
3454 2596 3783 2669 ἀνθρωποκτό-

2251 2707 2342 2744 νου
2363 2689 2820 2761 κατεσθιόμενον;
2861 2691 3028 2762 Ὁρᾷς
3052 2685 3163 2760 ἆρα
3184 2688 3246 2743 τδ
3270 2689 3390 2760 φῶς
3412 2706 3427 2756 ;
3451 2691 3542 2744 καὶ
3565 2690 3668 2755 πῶς
3692 2691 3784 2762 ἐστι

2254 2766 2473 2854 βλέπειν
2505 2781 2598 2836 τὸν
2625 2782 3049 2852 ἐσκοστισμένον
3096 2783 3162 2853 τῇ
3197 2780 3487 2854 ἀμαρτίᾳ;
3552 2781 3785 2854 προσεύχῃ

2253 2870 2365 2947 ἄρα
2392 2874 2470 2946 τῷ
2508 2873 2628 2946 Θεῷ
2653 2891 2668 2942 ;
2691 2874 2789 2928 καὶ
2815 2873 2935 2938 πῶς
2969 2873 3087 2927 ἔστι
3144 2877 3433 2946 προσιέναι
3486 2876 3678 2946 Κυρίῳ,
3714 2861 3786 2930 τω

2254 2964 2450 3020 ἑαυτὸν
2488 2964 2835 3018 δουλώσαντα
2859 2963 2942 3034 τῷ
2964 2947 3236 3034 διαϐόλῳς
3270 2965 3385 3018 Ποῦ
3423 2966 3563 3018 ἐστιν
3599 2966 3629 3036 ή
3671 2963 3785 3034 καλή

2257 3073 2351 3110 σου
2382 3057 2526 3130 ἀρχή
2553 3074 2567 3120 ;
2604 3058 2638 3128 ὴ
2675 3056 2855 3128 θέρμη
2886 3074 2901 3123 ;
2931 3058 2965 3130 ή
2997 3055 3297 3122 κατάνυξις
3327 3059 3400 3130 ςὴ
3441 3057 3702 3128 ὑποταγή;
3738 3059 3786 3111 τὸ

2255 3150 2495 3221 δάκρυον
2526 3167 2542 3217 ;
2569 3151 2603 3220 ἡ
2635 3149 3010 3222 θεοπτὲρωτος
3041 3143 3323 3224 προσευχή
3349 3169 3364 3219 ;
3399 3153 3432 3224 ἠ
3464 3152 3688 3223 οὐράνιος
3708 3168 3785 3204 πο·

2257 3242 2708 3316 λιτεία;ᾣχοντο
2734 3243 2936 3310 πάντα,
2967 3243 3341 3318 ἀπολώλασιν.
3398 3236 3462 3300 Ὃ
3517 3246 3786 3316 στεναγμῶν

2262 3355 2351 3408 μοι
2383 3337 2600 3408 πικρῶν
2641 3337 2736 3389 ἐπὶ
2764 3339 2833 3408 τῇ
2867 3339 2934 3408 σῇ
3010 3337 3242 3409 ἀλογίᾳί
3296 3337 3414 3393 εῐθε
3462 3338 3591 3404 ζῶον
3633 3337 3788 3404 ἄλογον

2256 3426 2325 3499 ἧς
2356 3445 2369 3458 ·
2427 3429 2566 3500 ὅπερ
2611 3429 2690 3493 είς
2738 3428 2920 3501 κρίσιν
2951 3429 3053 3500 οὐκ
3095 3430 3344 3506 ἔρχεται.⁴
3409 3430 3544 3488 Ἀλλ’
3589 3432 3660 3485 ὃτι
3698 3429 3788 3482 θεό-

2257 3523 2516 3589 πλαστον,
2547 3522 2908 3593 ἀνιστάμενον
2949 3523 3047 3577 καὶ
3087 3522 3374 3594 κρίνεσθαι
3422 3523 3622 3595 μέλλον,
3663 3521 3791 3597 τοῦτο

2257 3617 2511 3671 ἐλεεινόν.
2553 3615 2726 3688 Δεῦρο
2753 3615 2839 3686 δὴ,
2873 3617 2904 3670 ὁ
2959 3601 3256 3682 ἀπολωλώς
3321 3635 3426 3688 μου
3489 3616 3614 3680 υἱός.
3635 3615 3789 3686 Δεῦρο,

2260 3709 2594 3781 ἐπίστρεψον
2620 3709 2758 3782 πρὸς
2793 3709 3024 3782 Κύριον,
3055 3709 3139 3763 ὅτι
3162 3709 3546 3782 φιλᾴνθρωπος
3570 3709 3637 3762 ὢν
3663 3707 3790 3762 πάλιν

2258 3805 2500 3876 δέχεται,
2532 3802 2698 3858 πάλιν
2753 3801 2972 3871 ἁγιάζει
3005 3801 3164 3875 [Reg.
3191 3802 3315 3876 cod.
3370 3801 3620 3879 ὕγιάζει],
3662 3799 3792 3854 πάλιν

2261 3881 2642 3971 νυμφοστολεϊ,
2674 3895 2838 3951 πάλιν
2870 3896 2988 3950 θύει
3013 3895 3106 3949 τὸν
3131 3875 3331 3968 μόσχον
3350 3875 3442 3949 τδύ
3468 3895 3704 3970 σιτευτὸν,
3719 3892 3793 3946 καὶ

2261 3994 2469 4067 χαίρων
2506 3989 2834 4061 συγκαλέσει
2854 3989 2956 4054 τὰς
2988 3989 3102 4045 ἄνω
3129 3990 3397 4062 δυνάμεις
3437 3992 3528 4044 ἐπὶ
3558 3992 3617 4060 τῇ
3645 3991 3699 4061 σῇ
3720 3987 3790 4040 εὐ-

2265 4087 2434 4167 ρξσει.
2465 4084 2560 4156 Μὴ
2599 4083 2665 4156 δὴ
2696 4081 2790 4138 οὖν
2817 4082 3146 4156 ἀπειθήσῃς,
3170 4084 3252 4136 υίέ
3284 4084 3412 4155 μου·,
3447 4083 3526 4138 υεέ
3555 4067 3672 4151 μάν.
3698 4079 3790 4135 ἀλλο

2262 4179 2622 4250 ἁνακλήθητι,
2652 4176 2770 4231 ἀλλ’
2797 4176 3141 4247 ὑπόστρεψον
3160 4217 3175 4241 ,
3210 4176 3598 4248 συγκολληθεὶς
3625 4173 3691 4246 τῷ
3713 4189 3790 4236 κατ

2263 4269 2340 4341 λῴ
2361 4287 2456 4324 σου
2484 4267 2700 4339 ἀδελφῷ
2739 4267 3024 4336 Διονυσίῳ,
3049 4270 3180 4340 πρίν
3224 4281 3285 4322 σε
3330 4267 3652 4340 καταλάσῃὴ
3687 4268 3791 4338 [lop-

2263 4363 2401 4435 φαία
2447 4361 2543 4416 τοῦ
2594 4359 2815 4416 αἰωνίου
2861 4359 3114 4415 θανάτου.

2375 4475 2497 4542 PC."
2521 4471 2619 4543 (5).
2653 4499 2725 4512 -
2746 4471 3096 4539 Εὑστρατίῳ
3121 4472 3460 4544 ἡγουμένῳ.
3494 4471 3634 4547 ίχλ⁹.]

1295 4566 1524 4628 Lapsum,
1555 4573 1610 4615 et
1629 4567 1796 4619 scelus
1819 4570 2178 4627 defendentem
2214 4571 2460 4634 obiurgat.
2487 4567 2690 4632 (Baron.
2711 4578 2792 4616 an.
2813 4565 2926 4625 822,
2949 4577 2996 4613 n.
3026 4566 3129 4628 47.)

637 4648 876 4716 Gavisus
936 4664 1061 4706 sum
1115 4659 1342 4719 accepta
1395 4653 1698 4714 venerabili
1753 4655 1986 4724 epistola
2036 4667 2152 4724 tua,
2187 4663 2230 4718 Ι)

451 4807 462 4824 θ
564 4743 793 4818 Patrum
809 4743 1158 4809 etiarissime,
1179 4743 1272 4808 ubi
1292 4742 1361 4798 de
1384 4746 1692 4812 sanctitatis
1720 4755 1826 4802 tute
1851 4749 2016 4807 rebus
2040 4751 2158 4808 haec

563 4848 620 4894 et
655 4838 745 4899 illa
773 4838 1026 4909 cognovi.
1061 4836 1356 4903 Caeterum,
1389 4838 1536 4908 quod
1568 4855 1634 4895 ex
1667 4842 1879 4898 nuntiis
1913 4851 2153 4910 tantum,

567 4929 662 4986 scd
689 4940 874 5004 tamen
896 4931 1006 4996 [ide
1026 4931 1210 5002 dignis
1236 4932 1450 5002 accepi,
1482 4934 1770 5003 aegerrime
1803 4935 1902 4990 tuli
1924 4937 2156 4993 audiens

568 5023 750 5084 ﬁctam
777 5022 1266 5093 subscriptiqnetn.
1297 5022 1378 5079 Ac
1412 5025 1632 5082 sustine
1668 5041 1778 5092 tne,
1807 5028 2154 5094 rever-endis-

567 5111 743 5175 sime,
793 5110 1028 5166 liberius
1079 5110 1474 5176 disserentem.
1521 5110 1644 5169 Non
1683 5114 1808 5172 sine
1851 5130 2026 5171 causa
2059 5115 2162 5170 fuit

567 5202 715 5274 quod
740 5216 869 5257 cum
898 5217 927 5268 ιι
961 5201 1112 5274 regio
1156 5203 1413 5265 ministro
1443 5205 1734 5271 tenereris,
1767 5207 2041 5263 indemnis
2063 5206 2156 5262 diu

566 5295 775 5350 missus
827 5291 1004 5348 fuisti.
1029 5291 1146 5368 ῌορ
1171 5291 1323 5366 enim
1365 5304 1451 5364 est,
1481 5297 1629 5366 quod
1665 5313 1917 5353 rumores
1943 5299 2037 5369 qui
2069 5300 2156 5369 ja-

565 5398 791 5443 ctantur
813 5385 1054 5449 induxit.
1080 5383 1305 5443 Nullum
1329 5387 1514 5459 itaque
1546 5403 1740 5445 eorum
1773 5390 1866 5460 qui
1903 5390 2157 5446 libertate

569 5481 656 5535 usi
684 5464 835 5543 sunt,
855 5477 976 5534 sine
996 5491 1240 5546 carcere,
1265 5490 1362 5533 ant
1395 5479 1586 5534 saltem
1615 5480 1737 5537 sine
1761 5481 1960 5538 exsilio
1997 5495 2158 5536 man-

567 5576 731 5638 sisse,
793 5573 849 5628 in
887 5569 1146 5627 confesso
1179 5581 1285 5628 est.
1320 5571 1425 5638 Qui
1455 5587 1592 5638 vero,
1621 5572 1818 5642 Irarum
1849 5588 2032 5634 rerum
2062 5589 2157 5633 cx-

569 5677 752 5738 pertes
792 5666 1039 5726 fuerunt.
1086 5665 1122 5719 ii
1158 5665 1372 5721 seducti
1405 5675 1557 5731 sunt,
1595 5677 1655 5721 ttt
1695 5682 1761 5722 ne
1819 5665 1949 5737 quid
1995 5682 2157 5740 aspe-

571 5761 686 5814 rius
707 5758 894 5812 dicens
924 5767 977 5812 te
1001 5756 1271 5812 ull'eudam
1293 5806 1298 5811 .

639 5921 720 5994 ('5)
764 5920 821 5978 in
860 5918 982 5978 cod.
1015 5915 1148 5989 Reg.
1197 5917 1298 5988 ρθ’.

2342 4651 2582 4724 Ἑχάρην
2609 4648 2908 4720 δεξάμενός
2931 4665 3029 4720 σου
3057 4649 3119 4704 τὺ
3155 4649 3338 4720 τίμιον
3358 4649 3608 4723 γράμμα,
3654 4643 3794 4702 Had:

2261 4765 2371 4818 ρων
2409 4744 2661 4814 φίλτατε,
2686 4743 2783 4796 καὶ
2805 4742 3082 4814 διδαχθεὶς
3121 4742 3191 4795 τὰ
3240 4743 3387 4798 κατά
3440 4743 3536 4816 τὴν
3579 4735 3793 4809 ὁσιότητα

2258 4857 2352 4894 σου
2380 4836 2557 4904 οὕτως
2574 4835 2832 4907 ἔχεινκαὶ
2863 4834 3061 4901 οὕτως,
3105 4836 3252 4904 ἐπεὶ,
3283 4839 3410 4892 ὅσον
3433 4839 3498 4892 ἐκ
3523 4836 3626 4891 τῶν
3647 4836 3791 4900 ἀπαγ-

2255 4929 2575 5000 γειλάντων,
2609 4927 2789 4984 καίτοι
2817 4926 3172 4996 ἀξιοπίστων,
3227 4928 3495 5002 λυπηρῶς
3533 4926 3791 4997 διεκείμην,

2257 5021 2502 5086 ἀκορσας
2524 5019 2626 5092 τὴν
2651 5021 3017 5094 ὑποκριτικὴν
3049 5021 3397 5095 ὑπογραφὴν.
3427 5022 3536 5077 Καί
3564 5038 3628 5093 με
3653 5019 3789 5083 δέξαι,

2256 5114 2578 5187 τιμιώτατε,
2611 5114 3237 5187 παρρησιαστικώτερον
3267 5115 3658 5184 διαλεγόμενον.
3703 5112 3792 5164 οὐκ

2259 5205 2368 5272 ἔξω
2389 5204 2570 5269 αἰτίας
2594 5205 2658 5260 τὸ
2693 5203 3106 5276 κατασχεθέντα
3133 5223 3193 5259 σε
3222 5205 3327 5260 ὑπὸ
3351 5203 3624 5276 βασιλικοῦ
3647 5203 3792 5269 μεῖναι

2260 5298 2470 5370 ἀπαθῆ,
2510 5299 2680 5372 ἢγουν
2715 5297 2939 5364 ἄφετον.
2992 5299 3165 5352 Τοῦτο
3189 5298 3300 5370 γὰρ
3338 5298 3448 5352 τῶν
3478 5290 3792 5370 τεθρυλλημὲ·

2260 5407 2370 5444 νων
2393 5390 2704 5460 ἐπαγωγόν.
2740 5390 2931 5454 οὐδεὶς
2963 5385 3058 5445 οὖν
3103 5389 3216 5444 τῶν
3270 5384 3793 5461 πεπαρρησιασμὲνωυ

2260 5482 2398 5554 ἄτερ
2437 5481 2712 5554 φυλακῆς,
2758 5481 2792 5554 ἢ
2825 5481 3200 5553 τούλάχιστον,
3243 5482 3475 5554 ὲξορίας,
3521 5482 3791 5558 ἧτοιφυγα·

2258 5575 2410 5639 δείας
2445 5574 2795 5647 ὡμολόγηται
2823 5575 3121 5647 διαμεῖναι.
3149 5576 3214 5630 Ol
3238 5575 3297 5630 δὲ
3323 5575 3522 5630 τούτων
3549 5572 3707 5634 ὲκτδςν
3729 5571 3793 5620 ιν⁴

2259 5669 2352 5733 τδς
2393 5667 2494 5740 τῆς
2533 5667 2864 5740 ἀπαγωγῆς,
2899 5667 2990 5726 ἵνα
3040 5668 3115 5749 μὴ
3173 5668 3500 5750 τραχύτερον
3543 5655 3696 5735 aliain!
3725 5659 3794 5712 λυ·

2267 5761 2446 5831 πήσω.
