4060 6374
261 326 404 392 1365
1447 319 1874 382 EPISTOLAR

1958 319 1991 378 ί
2051 317 2200 378 LIB.
2237 316 2323 379 II.
3406 319 3545 388 1366

332 442 405 495 Ἣ
460 440 524 494 ού
579 438 879 510 διεϐλέψω,
929 436 1393 510 διορατικὼτατε,
1450 436 1544 491 τὸν
1595 434 1874 507 χαλεπδνλ

2007 435 2210 490 Annon
2239 433 2570 500 vidisti,.vir
2596 435 2981 492 oculatissime
3001 476 3014 502 ,
3045 449 3268 507 gravem
3305 437 3539 512 Leonis,

256 533 498 606 διωγμὸν
544 532 775 597 Λέοντος
825 531 918 586 τοῦ
965 530 1350 604 θηριωνύμου;
1381 523 1442 583 οὗ
1485 531 1521 602 ἡ
1577 527 1836 600 Ἀχααϐι-

256 627 386 698 τικὴ
414 627 534 698 χεὶρ
561 619 673 682 εἷλε
700 625 794 680 καὶ
823 626 952 690 τοὺς
976 622 1036 690 ἐξ
1064 624 1228 679 ἄλλου
1261 625 1522 696 κράτους,
1549 621 1758 678 ἔκτεινέ
1779 639 1840 677 τε

259 704 358 772 καὶ
391 717 564 771 ὤλεσε
583 733 598 750 ·
623 716 684 772 τό
709 733 773 787 γε
810 715 1320 788 φιλανθρωπότερον
1349 714 1661 788 ἐφρούρησε
1705 713 1842 786 μετὰ

261 811 470 884 πικρὰν
518 809 858 882 μαστίγωσιν
879 825 893 841 ο
925 809 998 881 μὴ
1033 810 1117 863 ὅτι
1151 825 1216 879 γε
1246 811 1372 874 τοὺς
1410 810 1516 864 ὑπὸ
1555 811 1735 882 χεῖρα.
1777 808 1842 862 Εἰ

260 905 311 958 δ’
349 903 512 968 αὐτὸς
547 903 770 958 ούτίπου
803 902 913 956 τῶν
959 901 1222 956 τοιούτων
1252 902 1540 967 πεπονθὼς
1579 903 1719 975 μετά
1741 903 1845 976 τὴν

264 993 529 1064 σύλληψιν
549 1033 564 1056 ,
597 992 871 1063 σύγγνωθι
891 1033 905 1056 ,
957 992 1231 1064 ὲσυλὴθης
1253 1036 1268 1060 ,
1305 992 1450 1062 ἆγιε.
1504 993 1613 1048 Καὶ
1647 994 1723 1066 μή
1755 1010 1846 1065 μοι

261 1085 636 1158 φυλάττεσθαι
691 1085 792 1149 τὰς
859 1083 1066 1150 οἰκείας
1141 1084 1478 1156 Ἐκκλησίας
1529 1085 1696 1156 λέγε,
1753 1087 1848 1142 καὶ

265 1179 413 1244 σὼας
456 1179 556 1241 τὰς
614 1179 856 1252 ἱστορίας
911 1181 1124 1250 μένειν,
1174 1181 1276 1251 τήν
1319 1198 1380 1234 τε
1432 1181 1713 1253 ἀναφορὰν
1755 1179 1846 1234 τοῦ

264 1273 575 1346 ἀγιωτάτου
613 1273 770 1344 ἡμῶν
807 1273 1172 1346 πατριάρχου.
1211 1272 1382 1328 Τοῦτο
1424 1276 1534 1345 γὰρ
1572 1275 1664 1330 καὶ
1697 1271 1849 1328 ἄλλοι

264 1367 606 1437 ἀπαχθέντες
649 1366 1046 1436 φιλολογοῦσιν.
1080 1368 1155 1420 Οὐ
1195 1366 1422 1420 δύναται
1463 1365 1637 1420 ταῦτα
1666 1365 1820 1419 διασε

266 1457 510 1520 σῶσθαι,
577 1456 625 1512 εἰ
694 1457 854 1526 μήτοι
903 1457 1166 1530 προδοσίᾳ
1214 1457 1480 1528 ἀληθινῆς
1545 1456 1850 1521 ὲνστάσεως

263 1549 505 1618 ἐγένετο.
547 1549 613 1602 Τί
660 1549 719 1602 τὸ
752 1548 944 1620 ὄφελος
965 1591 979 1615 ,
1023 1551 1072 1604 εἰ
1113 1552 1279 1620 ἡμεῖς
1306 1551 1357 1604 οἰ
1383 1549 1512 1614 ναὸς
1541 1549 1679 1603 Θεοῦ
1699 1589 1715 1616 ,
1757 1549 1853 1603 καὶ

265 1641 422 1704 δντες
472 1640 568 1693 καὶ
615 1639 935 1712 λεγόμενοι,
981 1640 1400 1712 ὴχρειώθημεν,
1459 1640 1556 1694 καὶ
1610 1640 1853 1712 ἀψύχους

265 1735 454 1797 οἴκους
483 1732 1022 1804 περιεποιησάμεθα;
1049 1735 1082 1804 ἡ
1112 1731 1278 1786 εἰκὼν
1304 1732 1402 1788 τοῦ
1429 1732 1695 1804 Χριστοῦ,
1723 1731 1849 1786 οὔτε

265 1826 372 1895 τῆς
423 1826 720 1891 Θεοτόκου,
780 1825 906 1879 οὔτε
948 1826 1094 1889 τινὸς
1136 1825 1294 1896 ἁγίου
1325 1826 1627 1882 διαπίπτει.
1679 1827 1850 1881 Μένει

269 1918 383 1989 γὰρ
415 1919 471 1971 ὲν
507 1918 688 1981 αὐτοῖς
725 1917 800 1982 ὡς
850 1917 1233 1989 πρωτοτύποις
1253 1933 1269 1949 °
1313 1919 1574 1973 πίπτουσι
1604 1919 1662 1974 δὲ
1690 1921 1739 1973 οἰ
1767 1919 1851 1973 δο-

268 2011 495 2074 κοῦντες
534 2011 819 2081 καθαιρεῖν
870 2011 1076 2075 αὑτάς·
1123 2011 1261 2066 ἀλλὰ
1303 2013 1412 2084 γὰρ
1450 2013 1547 2066 καὶ
1590 2014 1641 2066 οἱ
1681 2013 1852 2082 φειδοῖ

264 2102 476 2156 τούτων
506 2103 798 2174 προέμενοι
828 2103 927 2176 τὴν
958 2105 1302 2177 παρρησίαν,
1335 2107 1431 2161 καὶ
1458 2107 1556 2178 τὴν
1583 2106 1650 2160 δι’
1682 2107 1852 2176 αὐτῆς

265 2197 534 2250 κάκωσιν.
572 2197 719 2252 Ούάἰ
763 2197 915 2252 ἄλλοι
945 2197 1413 2270 ἀποθνήσκοντες,
1457 2199 1633 2271 ἕτεροι
1677 2200 1850 2268 ὑπερ-

266 2287 617 2360 οριζόμενοι,
649 2289 802 2344 ἄλλοι
852 2290 1270 2362 μαστιζόμενοι,
1305 2293 1482 2363 ἕτεροι
1513 2292 1854 2364 φρουρούμε-

268 2397 389 2435 νοιο
423 2382 493 2436 τὰ
539 2381 640 2454 ὅρη
691 2381 885 2453 ἔχοντα
934 2386 1028 2438 καὶ
1053 2386 1109 2438 αί
1149 2385 1396 2457 ὲρημίαι,
1427 2387 1624 2460 πέτραι
1666 2405 1725 2441 τε
1757 2387 1851 2440 καὶ

269 2474 517 2545 σπήλαια
562 2477 688 2540 τοὺς
743 2477 1033 2548 μακαρίως
1072 2478 1506 2549 δεδιωγμένους·
1562 2481 1653 2536 καὶ
1690 2483 1853 2552 ἡμεῖς

266 2570 410 2624 οἴκοι
454 2571 743 2642 μένοντες,
796 2573 892 2625 καὶ
941 2574 1178 2643 οἰόμενοι
1231 2574 1486 2638 ἀϐλαϐῶς
1537 2575 1848 2646 διαμένειν;

267 2663 548 2734 οὐδαμῶς.
606 2664 920 2719 Ἀπολέσθω
958 2667 1110 2720 πᾶσα
1137 2669 1171 2736 ἡ
1201 2667 1295 2721 τοῦ
1337 2667 1545 2739 κόσμου
1600 2668 1701 2740 ὕλη
1741 2667 1852 2722 τῶν

266 2755 573 2814 δοκούντων
599 2772 614 2786 ·
657 2758 691 2825 ἡ
742 2758 1153 2830 ὁμολογουμένη
1189 2759 1363 2830 βλάϐη
1401 2759 1581 2830 ψυχῆς
1626 2778 1854 2832 προκρι-

267 2847 454 2902 νέσθω
494 2848 562 2920 ἡν
588 2848 800 2919 ὑπέστη
848 2851 956 2915 πᾶς
991 2851 1393 2922 προφασιστὴς.
1443 2852 1631 2906 Ταῦτα
1682 2851 1854 2921 φιλῶν

269 2940 373 2994 καὶ
424 2940 863 3012 ὑπομιμνήσκων
911 2943 1140 3014 εἴρηκα,
1181 2943 1274 2998 καὶ
1319 2943 1394 3008 ὼς
1425 2944 1529 2997 ὑπὸ
1573 2945 1854 3015 ἐπιτιμίαν

271 3029 447 3100 ἐσμὲν
478 3031 618 3098 ἄξιοι
661 3030 838 3087 ἐλθεῖν
862 3049 878 3065 ο
923 3034 1016 3086 καὶ
1052 3033 1134 3087 ὅτι
1183 3033 1242 3087 ὲν
1283 3033 1462 3106 καιρῷ
1503 3033 1852 3104 ὀρθοδοξίας,

1941 527 2167 582 nomine
2191 525 2370 582 ferino
2392 526 2543 595 digni
2598 530 3038 598 persecutionem
3062 529 3086 582 ?
3109 529 3271 600 cujus
3299 531 3542 588 Achabi-

1951 619 2055 690 tica
2089 634 2288 675 manus
2315 619 2480 674 etiam
2511 633 2606 676 eos
2630 621 2723 693 qui
2754 622 2860 678 sub
2881 623 2990 678 alio
3018 623 3249 694 imperio
3268 636 3425 681 erant
3447 641 3544 696 ap-

1942 712 2254 782 prehendit,
2289 713 2512 780 occidit,
2542 714 2860 784 interemit,
2898 727 3032 785 aut,
3065 719 3211 788 quod
3249 719 3544 775 humanius

1949 805 2050 860 fuit
2076 845 2092 870 ,
2149 804 2204 860 in
2257 821 2532 862 carcerem
2573 806 2806 864 detrusit
2839 819 2962 880 post
2997 811 3174 866 diram
3224 812 3544 884 llagellatio-

1944 912 2068 952 nem
2100 918 2112 953 :
2162 898 2364 954 nedum
2394 898 2464 954 iis
2497 916 2729 970 parcens
2762 903 2855 972 qui
2891 914 3050 958 erant
3088 905 3191 961 sub
3232 905 3354 974 ejus
3388 915 3542 976 pote-

1946 1000 2108 1050 state.
2157 991 2314 1059 Quod
2369 993 2416 1048 si
2477 1005 2534 1049 tu
2576 993 2718 1048 nihil
2754 995 3069 1065 huiusmodi
3103 1012 3300 1068 passus
3317 1012 3378 1052 es
3414 1007 3542 1068 post

1946 1085 2521 1156 comprehensionem,
2547 1087 2806 1160 ignosce:
2832 1090 3100 1160 spoliatus
3123 1105 3203 1157 es,
3226 1091 3312 1145 vir
3328 1100 3538 1146 sancte.

1946 1176 2134 1250 Neque
2162 1177 2297 1233 mihi
2333 1177 2539 1235 dixeris
2577 1189 2826 1236 servatas
2859 1181 3032 1237 fuisse
3061 1181 3314 1252 proprias
3361 1181 3541 1237 eccle-

1947 1271 2078 1342 sias,
2111 1280 2168 1328 et
2195 1273 2440 1344 picturas
2471 1275 2715 1345 integras
2746 1290 3090 1346 permanere,
3121 1283 3176 1330 et
3197 1289 3542 1329 commemo-

1948 1366 2215 1422 rationem
2241 1367 2581 1423 sanctissimi
2605 1368 2937 1438 patriarchze
2963 1369 3154 1424 nostri.
3179 1367 3294 1423 Hoc
3319 1370 3461 1423 enim
3488 1380 3543 1421 et

1950 1459 2042 1514 alii
2070 1460 2164 1529 qui
2194 1459 2405 1515 seducti
2439 1459 2664 1516 fuerunt
2693 1462 2912 1516 causari
2947 1462 3146 1516 solent.
3189 1457 3308 1516 Non
3343 1467 3540 1530 potue-

1949 1560 2082 1606 runt
2107 1552 2222 1608 haec
2251 1553 2481 1618 servari,
2519 1553 2626 1608 nisi
2655 1569 2800 1609 verae
2821 1552 3156 1608 defensionis
3187 1551 3426 1624 proditio
3457 1552 3544 1606 in-

1953 1643 2273 1699 tercederet.
2304 1642 2444 1710 Quid
2487 1647 2710 1714 prodest
2734 1645 2778 1700 si
2820 1661 2922 1700 nos
2960 1645 3051 1714 qui
3081 1643 3174 1699 Dei
3204 1645 3464 1715 templum
3485 1650 3543 1698 et

1953 1751 2140 1792 sumus
2173 1746 2227 1791 et
2248 1737 2489 1791 dicimur
2513 1781 2527 1801 ,
2560 1737 2788 1792 inutiles
2822 1737 2950 1792 facti
2979 1753 3176 1792 sumus
3201 1781 3216 1806 ,
3259 1737 3540 1792 inanimas

1954 1838 2133 1881 autem
2155 1827 2350 1884 domos
2385 1829 2620 1898 integras
2669 1828 2996 1882 servamus?
3056 1829 3238 1898 Imago
3289 1827 3536 1894 Christi,

1952 1935 2054 1975 nec
2087 1919 2337 1990 Deiparae
2366 1960 2380 1983 ,
2437 1935 2538 1974 nec
2586 1921 2766 1975 sancti
2817 1921 2982 1975 ullius
3027 1920 3322 1975 intercidit.
3357 1921 3544 1975 Manet

1951 2013 2095 2067 enim
2120 2013 2173 2067 in
2199 2014 2283 2068 eis
2314 2021 2580 2083 tanquam
2611 2014 2958 2085 prototypis:
2994 2013 3256 2069 excidunt
3290 2028 3420 2066 vero
3445 2012 3541 2082 qtti

1953 2107 2073 2162 illas
2121 2122 2153 2161 e
2199 2107 2384 2162 medio
2433 2107 2622 2162 tollere
2673 2108 2778 2163 sibi
2828 2109 3107 2174 videntur,
3149 2115 3266 2162 tum
3321 2113 3374 2159 et
3406 2103 3539 2175 qui,

1951 2209 2014 2256 ut.
2043 2201 2129 2255 his
2161 2211 2388 2271 parcant
2419 2240 2432 2264 ,
2466 2201 2774 2255 libertatem
2809 2201 3128 2268 abiecerunt
3153 2239 3168 2264 ,
3211 2208 3286 2265 et,
3318 2215 3438 2269 qua:
3473 2212 3542 2252 ex
3621 2248 3630 2256 κ

1953 2308 2016 2347 ea
2053 2293 2324 2362 sequitur,
2366 2293 2738 2348 vexationem.
2769 2292 2893 2347 Vae!
2938 2293 3029 2347 alii
3073 2289 3406 2356 moriuntur,
3447 2290 3540 2346 alii

1951 2385 2226 2450 exsulant,
2271 2385 2363 2440 alii
2419 2384 2653 2455 ﬂagellis
2713 2385 3035 2451 caeduntur,
3086 2383 3178 2438 alii
3230 2383 3540 2438 carceribus

1953 2477 2285 2532 addicuntur
2317 2495 2331 2532 :
2371 2487 2586 2534 montes
2609 2487 2665 2532 et
2691 2477 3042 2539 solitudines.
3079 2489 3207 2531 saxa
3239 2484 3292 2530 et
3315 2475 3541 2545 spelun-

1953 2585 2030 2625 cae
2060 2571 2250 2625 beatos
2276 2571 2397 2625 illos
2419 2571 2510 2640 qui
2537 2570 2976 2639 persecutionem
2996 2567 3303 2638 patiuntur,
3332 2566 3537 2632 passim

1954 2663 2160 2718 habent
2187 2680 2200 2716 :
2236 2671 2290 2718 et
2313 2679 2416 2718 nos
2441 2663 2591 2718 domi
2629 2663 2920 2726 haerentes,
2952 2661 3158 2732 absque
3189 2658 3541 2715 incommodo

1955 2769 2177 2809 manere
2221 2769 2323 2810 nos
2357 2769 2520 2824 posse
2559 2753 2939 2809 arbitramur?
2975 2751 3327 2808 Nullomodo.
3350 2750 3544 2807 Pereat

1954 2847 2212 2902 universa
2248 2845 2438 2900 mundi
2471 2846 2827 2917 aspectabilis
2867 2846 3095 2901 materia
3125 2865 3138 2902 :
3179 2853 3544 2916 anteponatur

1955 2949 2101 2996 certa
2126 2940 2325 2994 anima:
2358 2941 2657 3009 pernicies,
2689 2955 2853 3009 quam
2895 2939 3065 2994 subiit
3092 2939 3344 3010 quisquis
3373 2953 3511 2994 excu
3533 2971 3546 2982 ς

1956 3033 2226 3087 sationem
2256 3031 2571 3102 praetendit.
2616 3032 2739 3086 llaec
2767 3031 2971 3086 amoris
3005 3047 3136 3101 ergo
3160 3074 3174 3098 ,
3215 3039 3276 3085 ut
3299 3043 3547 3086 commo-

270 3123 430 3178 οὐδὲν
460 3124 818 3196 ἀψηλάφητον
849 3126 1104 3198 ἀφεθείη.
1161 3127 1274 3183 Καὶ
1298 3123 1358 3183 εὗ
1385 3127 1519 3198 ἔχει,
1547 3127 1634 3182 διὰ
1664 3145 1856 3184 ταπει-

1958 3121 2468 3188 nel’aciam,dixi,et
2497 3131 2556 3177 ut
2583 3122 2736 3193 digni
2758 3123 2930 3177 simus
2953 3122 3048 3191 qui
3075 3122 3140 3175 ad
3166 3121 3546 3192 paenitentiam

271 3215 495 3282 νώσεως
526 3217 780 3289 βαδίσαι,
815 3221 911 3274 καὶ
941 3219 1196 3275 ἰάσασθαι
1249 3220 1311 3274 τὸ
1345 3219 1730 3291 ἡσθενηκὸς,ῆ
1767 3219 1856 3274 διὰ

273 3311 638 3382 ἀναιτιασμοῦ
670 3311 1019 3384 προστρίϐειν
1048 3313 1263 3377 ἑαυτοῖς
1291 3311 1512 3383 μείζονα
1536 3312 1856 3383 αἰτιάματα.

1963 3215 2295 3282 veniamus;
2347 3222 2403 3269 et
2445 3212 2574 3284 quia
2598 3253 2613 3278 ,
2662 3230 2788 3269 cum
2825 3223 3042 3283 tempus
3073 3214 3197 3269 [ιιΙεί
3229 3213 3550 3270 orthodoxae

1967 3319 2335 3380 Opportunum
2360 3308 2462 3364 erit
2485 3347 2500 3373 ,
2535 3307 2673 3361 nihil
2703 3307 3052 3376 relinquetur
3076 3324 3183 3364 non
3211 3322 3506 3364 excussum
3531 3323 3547 3361 :

277 3417 610 3478 praestatque
657 3423 753 3478 per
796 3407 1157 3463 humilitatem
1212 3407 1506 3475 incedere,
1561 3417 1617 3464 et
1665 3406 1850 3464 sanari
1887 3407 2034 3478 quod
2081 3406 2359 3461 infirmum
2403 3413 2530 3469 est,
2587 3417 2754 3474 quam
2805 3419 2900 3474 per
2953 3403 3337 3476 impunitatem
3373 3404 3554 3462 accire

277 3505 384 3566 sibi
415 3505 623 3573 majora
651 3504 868 3559 delicta.

459 3599 562 3652 PZ'
589 3597 690 3669 (ὁ).
725 3627 798 3638 -
825 3596 955 3666 Τοῖς
981 3597 1052 3651 ἐν
1076 3595 1250 3652 ἄστει
1280 3596 1591 3668 ἀδελφοῖς.
1667 3595 1858 3670 [χλγ’.]

2185 3591 2344 3649 CVII.
2372 3623 2444 3636 --
2466 3592 2752 3648 Fratribus
2776 3595 2831 3650 in
2857 3591 2984 3648 urbe
3011 3593 3338 3666 degentibus.

1155 3711 1390 3772 Quasdam
1417 3718 1588 3761 contra
1611 3711 1826 3762 cilicium
1859 3722 1916 3760 ac
1943 3713 2130 3771 praeter
2155 3705 2223 3756 fas
2240 3712 2449 3770 agentes
2479 3705 2721 3770 increpat.

374 3816 649 3888 Εῦκαιρον
675 3815 974 3888 ἡγησάμην
1005 3815 1172 3870 τανῦν
1200 3815 1464 3879 εἰσιόντος
1510 3815 1606 3868 τοῦ
1636 3813 1869 3884 ἀδελφοῦ

282 3909 512 3973 Λέοντος
543 3909 849 3966 ἐπιστεῖλαι
873 3908 1076 3972 κοινῶς
1101 3909 1292 3974 πᾶσιν,
1323 3907 1687 3978 εὐλογημένοι
1718 3905 1869 3961 ἀδελ-

284 3983 376 4072 φοὶ
411 4003 506 4056 καὶ
563 4001 840 4071 Πατέρες’
875 4001 1460 4072 προσυπομιμνήσκων
1512 3999 1582 4053 τά
1630 3998 1870 4071 ἐχόμενα

285 4096 582 4167 σωτηρίας.
624 4095 842 4165 Ἐπειδὴ
873 4095 975 4148 κάν
1006 4097 1072 4166 τῇ
1100 4094 1342 4166 ἀπουσίᾳ
1362 4092 1534 4165 ταύτῃ
1563 4093 1656 4147 καὶ
1681 4092 1868 4164 ὲξορίᾳ

283 4187 524 4267 ἔμφοϐός
550 4188 666 4258 εἰμι
690 4187 784 4241 καὶ
809 4185 1074 4278 ἔντρομος
1108 4185 1248 4278 μετά
1281 4185 1374 4240 τοῦ
1411 4185 1614 4278 οἰκείου
1645 4185 1864 4258 φορτίου
1899 4223 1942 4278 D

282 4279 396 4331 τῶν
434 4279 867 4350 ἁμαρτημάτων,
899 4277 997 4336 καὶ
1032 4277 1164 4350 περὶ
1190 4280 1290 4346 τῆς
1319 4276 1630 4349 ἀνηκούσης
1659 4295 1750 4350 μοι
1783 4279 1864 4343 εἰς

285 4371 431 4447 ὑμᾶς
463 4371 743 4442 φροντίδος
792 4370 890 4424 καὶ
924 4369 1281 4440 προστασίας.
1325 4368 1604 4440 Φοϐοῦμαι
1632 4370 1740 4442 γὰρ
1769 4370 1866 4424 καὶ

280 4461 436 4516 δέδια
457 4503 472 4525 ,
503 4463 699 4533 μήπως
729 4462 888 4532 ὑμεῖς
922 4462 971 4514 οἰ
1007 4463 1066 4514 ὲν
1091 4461 1248 4515 ἄστει
1278 4460 1678 4533 διατρίϐοντες,
1714 4461 1868 4533 εὑρι-

282 4553 606 4625 πιστότερον
635 4555 715 4618 εἰς
752 4553 1035 4626 ἐμπτωσίν
1065 4571 1190 4609 τινα
1219 4553 1514 4625 ὲμπέσοιτε
1535 4592 1553 4618 ,
1588 4553 1684 4608 καὶ
1721 4553 1864 4626 ἅπερ

281 4645 376 4699 διά
415 4647 626 4703 πολλῶν
653 4645 840 4700 κόπων
867 4663 930 4701 τε
962 4648 1059 4701 καί⁹
1090 4646 1293 4713 ἄθλων,
1321 4645 1430 4702 τῶν
1459 4647 1568 4719 πρὸ
1594 4646 1864 4717 διωγμοῦ,

283 4739 382 4802 καί
425 4738 484 4792 ὲν
509 4737 588 4808 τῷ
622 4736 847 4809 διωγμῷ
881 4737 1322 4810 συνηθροίσαμεν
1356 4736 1866 4809 ἀγαθουργήματα,

282 4826 778 4897 ἀφυλακτὴσαντες
827 4825 968 4898 πρὸς
1023 4825 1233 4896 βραχὺ,
1268 4823 1439 4896 ἄρδην
1486 4824 1863 4894 ἀπολέσωμεν.

296 4919 510 4973 Ἀκούω
551 4919 852 4985 ἀστασίαν,
885 4917 1222 4991 μεταϐασίαν
1245 4933 1262 4950 ο
1293 4916 1454 4972 ἄλλον
1491 4915 1553 4981 ἐξ
1584 4917 1743 4972 ἄλλου
1769 4917 1868 4972 καὶ

282 5009 520 5080 ἀδελφοῦ
547 5012 643 5065 καὶ
670 5011 837 5064 τόπου
865 5009 1267 5080 μεταϐαίνοντα
1290 5026 1304 5041 ·
1335 5010 1430 5064 καὶ
1452 5009 1514 5064 τό
1547 5027 1612 5080 γε
1638 5008 1869 5064 ἐλεεινό-

279 5119 482 5174 τερον,
537 5103 700 5174 μόνον
753 5102 914 5156 ἄλλον
957 5101 1330 5173 καθεζόμενον
1352 5140 1368 5166 ,
1408 5103 1504 5156 καὶ
1541 5101 1759 5174 ἕτερον,
1805 5101 1870 5156 τὺ

283 5195 502 5250 κελλίον
541 5197 622 5260 εἰς
657 5194 836 5249 οἰκίαν
874 5193 1004 5249 ἔνθα
1025 5177 1308 5264 γυναῖκες,
1332 5194 1560 5266 ἔχοντα’
1585 5196 1680 5250 κοιλ⁹
1709 5195 1868 5252 ἄλλον

285 5283 456 5346 πάλιν
495 5283 577 5348 εἰς
617 5283 984 5355 μοναστὴριον
1010 5285 1325 5352 γυναικεῖον
1367 5281 1725 5353 διαιτώμενον
1755 5283 1870 5334 εἱσ-

283 5376 410 5442 αεί’
445 5377 633 5448 ἕτερον
697 5375 860 5430 πάλιν
903 5368 1007 5428 ὧδέ
1048 5391 1109 5427 τε
1159 5375 1382 5427 κάκεῖσε
1432 5372 1866 5446 οἰκοτριϐοῦντα,

283 5465 418 5523 ἔνθα
464 5468 654 5539 κόραι,
701 5466 831 5522 ἔνθα
883 5465 996 5537 πῦρ
1024 5466 1127 5519 οὐκ
1161 5464 1465 5537 ὲμπυρίζον
1501 5465 1716 5538 χόρτον,
1752 5464 1869 5520 ἀλλ’

283 5553 438 5611 οἷκον
474 5557 656 5629 ψυχῆς
677 5571 692 5588 ·
728 5556 907 5620 ἐνίους
940 5555 1102 5610 πάλιν
1137 5554 1568 5627 ἐπιλαθομένους
1595 5556 1698 5625 τῆς
1723 5555 1870 5611 ὲννὸ-

290 5665 396 5727 μου
436 5648 604 5721 ζωῆς.
637 5648 861 5713 δούλους
885 5647 1280 5721 ὼνησαμένους
1317 5649 1502 5713 αὐτοῖς
1538 5649 1706 5721 συζῇν
1728 5667 1740 5680 ·
1778 5650 1881 5709 καὶ,

363 5762 442 5836 (ι)
479 5763 533 5820 In
560 5764 684 5822 cod.
711 5764 844 5840 Reg.
877 5763 1002 5838 ρια’.

2049 3809 2430 3878 Opportunum
2461 3807 2771 3862 existimavi
2801 3808 3185 3878 protlciscente
3220 3827 3365 3868 nunc
3389 3813 3559 3871 fratre

1968 3895 2173 3961 Leone,
2199 3912 2526 3952 communes
2553 3897 2814 3951 omnibus
2838 3897 3050 3953 litteras
3080 3903 3209 3954 dare
3231 3941 3246 3965 ,
3279 3899 3554 3956 benedicti

1965 3991 2168 4047 fratres
2198 3991 2535 4058 Patresque;
2569 4005 2838 4047 revocans
2867 3991 2921 4044 in
2948 3993 3266 4046 memoriam
3285 4008 3407 4064 qua:
3433 4010 3558 4065 per-

1966 4085 2141 4140 tinent
2181 4084 2248 4139 ad
2277 4083 2683 4154 salutem,quia
2712 4100 2808 4155 per
2836 4085 3138 4140 absentiam
3174 4084 3333 4140 istam
3372 4096 3424 4142 et
3457 4103 3558 4143 ex-

1967 4179 2151 4233 silium
2185 4179 2238 4233 in
2269 4186 2414 4232 metu
2447 4186 2502 4233 et
2530 4178 2728 4233 timore
2751 4191 2968 4244 versor,
2998 4177 3070 4232 ob
3100 4176 3246 4231 illam
3275 4193 3394 4248 qua
3427 4179 3559 4235 mihi

1967 4277 2166 4340 praeter
2197 4267 2482 4338 proprium
2514 4275 2865 4338 peccatorum
2895 4283 3038 4323 onus
3073 4268 3364 4334 incumbit,
3389 4269 3557 4326 vestri

1966 4374 2157 4415 curam
2202 4368 2257 4413 et
2297 4358 2704 4429 praefecturam.
2748 4358 2934 4416 Metuo
2971 4360 3120 4416 enim
3157 4377 3224 4418 ac
3264 4377 3460 4417 vereor
3492 4377 3561 4419 ne

1966 4471 2066 4511 vos
2125 4455 2222 4526 qui
2279 4458 2335 4510 in
2392 4455 2528 4511 urbe
2585 4456 2899 4522 habitatis,
2950 4456 3173 4514 {acilius
3227 4461 3284 4513 in
3344 4459 3558 4530 lapsum

1968 4550 2210 4619 aliquem
2235 4549 2540 4605 incurratis
2565 4589 2581 4613 ,
2610 4559 2666 4604 et
2689 4565 2811 4620 quae
2844 4551 3034 4608 multis
3063 4551 3351 4608 laboribus
3377 4561 3560 4608 certa-
3601 4555 3604 4558 ’

1967 4642 2321 4712 minibusque
2341 4683 2356 4708 ,
2386 4651 2502 4696 tum
2542 4651 2669 4698 ante
2698 4644 3165 4714 persecutionem,
3202 4654 3319 4700 tum
3353 4645 3411 4700 in
3441 4659 3566 4715 per-

1969 4736 2256 4790 secutione
2275 4774 2291 4798 .
2322 4735 2468 4789 bona
2496 4750 2662 4805 opera
2689 4735 3017 4807 collegimus
3038 4776 3053 4801 ,
3086 4737 3269 4792 brevis
3296 4738 3561 4808 temporis

1971 4825 2302 4894 negligentia
2352 4823 2605 4880 funditus
2635 4825 3022 4896 deperdamus.
3058 4826 3240 4882 Audio
3285 4825 3528 4882 instabili

1971 4925 2165 4980 tatem,
2189 4917 2357 4971 audio
2381 4917 2825 4988 emigrationem,
2854 4919 3024 4973 alium
3057 4919 3128 4974 ab
3157 4920 3267 4976 alio
3295 4931 3351 4976 et
3389 4917 3562 4976 fratre

1969 5017 2024 5063 et
2048 5009 2170 5063 loco
2206 5009 2535 5076 abeuntem;
2559 5017 2636 5076 et,
2659 5009 2804 5080 quod
2829 5011 3200 5069 miserabilius
3226 5021 3312 5070 est
3332 5054 3347 5080 ,
3388 5014 3559 5070 alium

1971 5099 2151 5155 solum
2184 5101 2541 5167 residentem,
2576 5103 2747 5157 alium
2783 5103 3048 5160 cellulam,
3077 5105 3134 5161 in
3165 5105 3332 5162 domo
3363 5107 3418 5162 in
3453 5123 3562 5177 qua

1971 5200 2101 5248 sunt
2132 5191 2395 5248 mulieres
2421 5192 2712 5248 habentem
2735 5195 2948 5263 ;-alium
2979 5211 3175 5253 rursus
3203 5198 3258 5253 in
3290 5199 3560 5254 muliebrt

1971 5283 2308 5340 monasterio
2339 5293 2604 5355 perpetuo
2619 5284 3030 5355 diversantem;
3067 5289 3237 5345 alium
3268 5289 3450 5345 denuo
3487 5289 3562 5345 ibi
3603 5281 3612 5321 ε

1972 5379 2314 5451 frequentem
2341 5381 2432 5436 ubi
2467 5393 2598 5436 sunt
2621 5383 2840 5453 puellae,
2883 5385 3148 5457 ubi-ignis
3189 5399 3302 5442 non
3333 5383 3552 5454 fenum,

1973 5471 2068 5529 sed
2112 5471 2336 5528 domum
2385 5473 2583 5530 animae
2623 5478 2992 5538 comburens:
3039 5477 3309 5550 quosdam
3362 5493 3563 5535 rursus

1977 5561 2220 5618 astricta
2251 5561 2466 5632 legibus
2487 5564 2612 5620 vita:
2641 5566 2866 5632 oblitos,
2893 5582 3084 5623 servos
3112 5582 3321 5634 emere,
3351 5577 3414 5624 et
3433 5585 3558 5624 cum

1977 5653 2088 5709 illis
2109 5653 2342 5722 vivere;
2379 5653 2519 5713 alios
2552 5655 2681 5714 item
2717 5659 2950 5716 mercari
2984 5674 3167 5729 agros.
3205 5659 3252 5718 0
3282 5659 3554 5719 infelicent
