4060 6374
551 332 696 402 13δῖ

1772 331 1835 391 So
1861 327 2257 391 THEODORI
2288 317 2638 390 STUDIT/E

3681 329 3799 401 1368

551 447 795 508 animam
829 443 1045 502 meaml
1078 446 1359 516 quomodo
1384 445 1445 500 in
1478 445 1568 502 his
1601 461 1710 500 non
1743 443 2140 515 ingemiscam?

2251 442 2374 510 γοῦν
2405 443 2628 515 ἐτέρους
2667 442 2876 510 ἀγροὺς
2899 439 3215 512 ἀγοράζειν.
3250 441 3314 494 Ὢ
3344 441 3448 514 τῆς
3489 441 3676 509 ἀθλίας
3713 465 3802 517 μου

552 536 832 612 quomodo
873 529 984 592 non
1032 548 1270 594 metuam
1321 537 1367 594 si
1409 539 1622 607 justum
1673 533 1767 591 Dei
1807 545 2142 607 pra-ceptum

552 643 662 700 non
699 626 1068 686 annuntiem?
1098 625 1336 696 thuid,
1398 627 1625 692 fratres,
1663 625 1730 681 de
1759 633 1902 681 statu
1943 626 2142 681 mentis

553 719 808 776 cxiistis?
835 719 1027 791 utquid
1058 717 1276 776 Domini
1327 719 1496 784 servi,
1529 717 1788 774 vitiorum
1841 719 1985 774 servi
2012 718 2144 774 facti

555 814 731 872 estis?
775 829 896 867 cum
930 813 1034 868 sub
1066 813 1183 882 lege
1217 811 1344 869 sitis
1365 851 1381 877 ,
1412 827 1513 867 cur
1539 821 1731 868 contra
1772 813 1944 884 legem
1981 827 2144 884 agere

560 904 892 961 sustinetis?
925 921 1022 960 cur
1046 903 1250 960 Christi
1281 903 1560 969 cultores,
1600 903 1696 960 lilii
1731 908 2140 969 exacerbantes,

557 1016 584 1070 τι
621 1015 789 1070 prava
826 997 1153 1054 scductinne
1191 1012 1300 1054 non
1334 997 1638 1054 receditis?
1671 1014 1780 1053 non
1811 996 2062 1053 residetis
2087 999 2141 1051 in

560 1090 694 1146 locis
754 1090 1030 1146 seandalo.
1063 1089 1421 1148 carentibus?
1472 1105 1580 1145 non
1635 1088 1749 1145 bini
1791 1100 1848 1145 et
1887 1089 2002 1144 bini
2049 1098 2146 1144 aut

556 1184 721 1242 etiam
745 1184 931 1254 plures
959 1183 1126 1240 simul
1147 1184 1289 1242 estis
1317 1198 1473 1240 more
1501 1183 1846 1255 apostolico?

630 1273 722 1329 Vae
755 1274 900 1330 soli:
937 1289 1018 1330 vae
1049 1274 1233 1330 sedem
1271 1290 1378 1330 non
1411 1275 1634 1331 habenti
1667 1291 1681 1330 :
1716 1291 1794 1330 vae
1817 1274 2144 1331 mulieribus

555 1364 742 1420 dedito
789 1379 804 1417 :
865 1380 948 1420 va:
997 1365 1142 1421 servi
1198 1381 1408 1424 servo:
1457 1382 1540 1422 va:
1587 1366 1783 1434 Giezi,
1818 1367 1912 1438 qui
1946 1368 2146 1438 emptis

555 1457 702 1525 agris
731 1467 787 1512 et
816 1457 1052 1528 vinetis,
1097 1458 1262 1529 lepra;
1294 1455 1538 1514 Naaman
1575 1459 1752 1516 haeres
1788 1459 1894 1516 fuit
1930 1460 2014 1516 ὀί
2059 1459 2145 1516 Au

556 1550 758 1612 divina!
784 1565 948 1606 voces
979 1566 1089 1608 non
1125 1559 1259 1607 sunt
1298 1551 1429 1607 hae?
1475 1552 1558 1606 An
1593 1567 1696 1619 ego
1721 1567 1751 1607 a
1775 1551 1986 1623 meipso
2015 1566 2148 1622 pro-

556 1637 711 1693 tero?
742 1638 976 1704 Quando
1014 1637 1260 1696 fervebat
1286 1640 1634 1710 persecutio,
1674 1641 1914 1696 habebat
1945 1655 2052 1712 qua
2085 1656 2147 1697 se

555 1729 875 1784 defenderet
902 1731 1318 1798 necessitatem,
1344 1733 1440 1804 qui
1482 1733 1537 1786 in
1565 1747 1757 1789 eorum
1799 1749 1924 1804 qua:
1952 1748 2145 1790 recen-

2241 534 2454 605 ψυχῆςί
2487 535 2606 598 πῶς
2627 535 2685 588 ἐν
2713 531 2923 596 τούτοις
2948 533 3007 587 οὑ
3037 531 3306 600 στενάξω;
3343 534 3465 599 πῶς
3485 534 3541 590 δὲ
3566 537 3624 589 οὐ
3651 539 3802 610 φοὸη-

2245 626 2482 698 Θὴσομαι
2515 625 2590 697 μὴ
2624 625 2976 695 ἀναγγέλλων
3018 625 3081 678 τὸ
3109 625 3386 696 δικαίωμα
3426 627 3523 680 τοῦ
3556 627 3721 694 Θεοῦς
3748 634 3804 685 Τί

2242 717 2306 789 δὴ
2347 716 2637 788 ἐξέστητε,
2669 717 2891 786 ἀδελφοί
2907 734 2922 784 ;
2951 716 3005 770 τί
3032 716 3092 769 δὲ
3128 719 3177 770 οἱ
3211 714 3386 771 δοῦλοι
3417 719 3625 790 Κυρίου
3651 721 3804 777 δοῦλοι

2244 810 2431 864 παθῶν
2465 809 2764 879 γεγόνατε;
2807 809 2861 862 τί
2889 809 2939 862 οἱ
2990 810 3049 862 ἐν
3081 809 3234 880 νόμῳ
3274 809 3500 880 ἀνομεῐν
3527 811 3800 881 ἀνέχεσθες

2242 901 2296 956 τί
2345 903 2404 956 δὲ
2447 902 2499 955 οἱ
2558 901 2895 974 θεραπευταὶ
2945 901 3222 972 Χριστοῦ,
3278 901 3386 954 υἱοὶ
3449 906 3801 975 παραπικραί-

2243 1011 2453 1060 νοντες,
2491 995 2553 1048 οὐ
2598 995 2934 1067 μετέρχεσθε
2973 994 3072 1065 τῆς
3098 995 3345 1065 πονηρᾶς
3386 995 3718 1066 ἀπαγωγῆςς
3749 999 3800 1052 οὐ

2244 1085 2545 1150 καθέζεσθε
2575 1089 2657 1150 εἰς
2683 1087 2885 1148 τόπους
2919 1084 3384 1149 ἀσκανδαλίστους
3409 1102 3426 1152 ;
3465 1087 3528 1139 οὐ
3551 1086 3640 1141 δύο
3663 1088 3747 1143 δύο
3771 1091 3801 1164 ἢ

2243 1179 2340 1234 καὶ
2372 1178 2544 1251 πρὸς,
2579 1178 2805 1232 σύνεστε
2833 1176 3249 1241 ἀποστολικῶςς

2316 1271 2454 1324 Οὐαὶ
2477 1270 2556 1340 τῷ
2581 1272 2726 1342 μόνῳ
2747 1272 2761 1326 !
2787 1270 2910 1324 οὐαὶ
2933 1269 3012 1341 τῷ
3033 1269 3344 1340 ἀκαθίστῳῐ
3372 1269 3500 1324 οὐαὶ
3523 1270 3598 1342 τῷ
3613 1274 3804 1339 γυναιά-

2244 1361 2391 1426 ζοντι
2413 1360 2426 1412 l
2454 1360 2580 1413 οὐαὶ
2593 1359 2674 1430 τῷ
2693 1357 3055 1428 ὃουλοδούλῳί
3085 1357 3209 1412 οὐαὶ
3236 1357 3316 1430 τῷ
3333 1357 3524 1430 Γιεζῇ,
3546 1360 3600 1423 ὃς
3623 1361 3804 1432 ὠνησά-

2248 1469 2407 1525 μενος
2425 1451 2652 1524 ἁγροὺς,
2675 1451 2771 1506 καὶ
2787 1451 3140 1524 ἀμπελῶνας,
3160 1449 3611 1524 κεκληρονόμηκε
3631 1453 3717 1524 τὴν
3731 1453 3802 1507 λέ-

2245 1562 2390 1616 πραν
2414 1543 2665 1615 Νεεμάνί
2702 1544 2777 1616 μὴ
2803 1545 2925 1616 οὐχὶ
2948 1543 3092 1598 Θεῖαι
3122 1546 3197 1615 μὴ
3234 1543 3416 1614 φωναὶ
3437 1537 3633 1611 abaci;
3673 1548 3736 1615 μή
3755 1564 3800 1599 τι

2245 1635 2357 1706 ἐγὼ
2375 1653 2453 1690 πα
2462 1635 2510 1707 ρ’
2524 1635 2764 1708 ἐμαυτοῦ
2782 1635 2935 1706 είσφέ
2942 1654 3042 1707 ρω;
3055 1638 3145 1690 ὅτε
3158 1635 3390 1707 ἕδραζεν
3401 1639 3432 1690 ό
3443 1635 3693 1709 διωγμὸς,
3706 1635 3801 1712 εἶχέ

2246 1746 2332 1791 τις
2358 1727 2518 1797 λόγον
2555 1728 2616 1795 ἐξ
2645 1726 2924 1799 ἀνάγκης,
2953 1727 3011 1781 ἐν
3033 1744 3178 1781 τισιν
3201 1723 3278 1783 ὧν
3310 1729 3798 1802 ἀπηριθμησάμην,

556 1823 771 1878 suimus
816 1823 998 1893 aliqua
1052 1824 1242 1894 lapsus
1286 1799 1470 1894 esset;
1519 1835 1573 1881 et
1623 1826 1695 1882 ob
1745 1799 1907 1882 [idem
1952 1835 2142 1882 exorta

2251 1819 2549 1890 ἐμπίπτειν
2567 1835 2584 1851 ο
2616 1819 2714 1874 καί⁹
2737 1821 2772 1891 ἡ
2801 1819 2894 1872 διὰ
2923 1818 3022 1890 τὴν
3062 1820 3248 1873 πίστιν
3277 1799 3518 1892 ἀνάγκη,
3537 1799 3705 1888 *ἐσωζέ
3725 1799 3801 1878 τὸν

557 1914 862 1968 necessitas
898 1928 1052 1969 reum
1089 1914 1431 1972 absolrebat.
1466 1915 1626 1973 Nunc
1664 1932 1796 1972 vero
1836 1917 2022 1974 nullus
2059 1926 2146 1974 est

557 1997 918 2072 persecutor,
954 2006 1139 2062 nullus
1171 2007 1268 2078 qui
1299 2009 1592 2079 prohibeat
1628 2009 1929 2080 quominus
1971 2009 2144 2064 hone-

557 2104 644 2176 ste
683 2098 946 2155 habitetis
964 2103 1081 2176 ,τίει
1118 2115 1243 2155 cum
1287 2101 1412 2159 aliis
1445 2103 1528 2158 vel
1576 2103 1864 2160 minimum
1901 2104 2141 2160 duobus.

554 2174 693 2246 Nam
730 2192 874 2247 male
901 2174 1172 2262 viventes,
1205 2195 1586 2252 condemnatis
1615 2211 1684 2252 ex
1712 2197 1868 2252 vobis
1884 2197 2018 2268 ipsis
2047 2213 2144 2254 eos

554 2281 650 2353 qui
699 2285 1004 2342 secundum
1053 2286 1226 2360 legem
1271 2287 1485 2344 vivunt.
1546 2289 1746 2344 Annon
1797 2289 1915 2345 haec
1964 2299 2146 2346 vestra

559 2372 892 2432 instabilitas
921 2376 1130 2434 indicio
1155 2389 1260 2446 est,
1287 2395 1388 2435 vos
1413 2379 1466 2436 in
1495 2396 1630 2454 pace
1663 2382 1892 2438 minime
1911 2397 2150 2439 conven-

558 2467 752 2524 turos?
782 2466 1130 2539 Rcsipiscite,
1171 2473 1420 2537 obsecro,
1450 2473 1649 2544 fratres
1684 2479 1784 2530 mei
1819 2476 2015 2542 sancti,
2048 2492 2151 2531 cae-

558 2557 706 2613 lestis
731 2561 1025 2616 vocationis
1054 2563 1342 2634 participes
1367 2564 1448 2621 ἰι
1486 2566 1593 2620 nisi
1615 2567 2004 2638 corrigamini,
2035 2582 2146 2622 non

557 2649 644 2732 sic
664 2651 993 2724 appellandi,
1010 2653 1104 2709 sed
1131 2654 1448 2711 nominibus
1469 2656 1944 2728 contrariis,quod
1978 2656 2142 2711 absit.

559 2741 688 2800 llaec
713 2759 812 2816 ego
838 2754 1116 2802 contestor
1139 2762 1326 2804 coram
1353 2747 1467 2806 Deo
1495 2750 1796 2822 electisque
1821 2750 2032 2820 angelis
2057 2767 2071 2804 :
2100 2747 2148 2804 si

558 2832 684 2902 quis
714 2846 998 2891 correctus
1018 2851 1128 2891 non
1159 2836 1350 2904 fuerit,
1383 2848 1581 2911 etpost
1608 2842 1974 2898 constitutum
2008 2852 2150 2896 tem-

559 2925 712 2996 poris
741 2929 982 2995 spatium
1012 2931 1356 3000 perstiterit,
1408 2948 1438 2988 a
1479 2934 1796 2990 divinorum
1833 2951 2151 2990 sacramen-

561 3023 743 3072 torum
803 3019 1224 3090 participatioue
1277 3022 1558 3078 arcebitnr
1608 3039 1710 3094 pro
1763 3039 1827 3079 ea
1883 3033 2152 3094 potestate

2254 1913 2666 1985 εὑρισκόμενον.
2696 1911 2807 1967 Νῦν
2832 1912 2890 1965 δέ
2917 1913 3094 1976 οὐδεὶς
3127 1915 3156 1968 ό
3197 1911 3435 1980 διώκων,
3467 1914 3577 1968 οὐδ’
3605 1917 3632 1968 ὁ
3654 1917 3802 1971 κωλύ-

2256 2024 2366 2062 σων
2405 2007 2589 2071 καλῶς
2627 2007 2778 2078 ἡμᾶς
2815 2006 3174 2072 καθέζεσθαι,
3211 2009 3306 2061 καὶ
3348 2008 3452 2061 σὺν
3487 2008 3660 2074 ἄλλοις
3683 2010 3804 2068 δυοῖν

2256 2095 2396 2154 εἶναι
2437 2099 2814 2171 τούλάχιστον.
2861 2099 2954 2165 Ἐξ
3006 2099 3164 2168 ὑμῶν
3196 2099 3308 2170 γὰρ
3353 2099 3539 2154 αὐτῶν
3570 2103 3802 2174 κατακρί-

2257 2193 2414 2249 νεσθε
2462 2192 2571 2248 τῶν
2619 2193 2863 2264 ἐννόμως
2915 2192 3262 2260 διαζώντων,
3314 2192 3367 2245 ot
3427 2193 3703 2258 κακόζωοι.
3747 2194 3804 2247 Ἣ

2255 2286 2377 2357 οὐχὶ
2414 2284 2749 2358 προδήλωμα
2781 2285 2882 2355 τῆς
2914 2285 2974 2339 ἐν
3019 2285 3215 2357 είτήνῃ
3264 2284 3631 2356 ἀσυνδρομίας
3675 2285 3802 2356 ὑμῶν

2256 2379 2292 2450 ὴ
2322 2376 2574 2450 παροῦσα
2615 2377 2838 2444 ἀθεσία;
2879 2377 3252 2447 Ἀνανήψατε,
3295 2375 3634 2448 παρακαλῶ,
3658 2377 3803 2431 ἀδελ-

2255 2470 2360 2539 φοί
2376 2487 2497 2539 μου
2535 2469 2694 2544 ἅγιοι
2713 2508 2730 2534 ,
2761 2467 3039 2538 κλήσεως
3067 2468 3439 2537 ἐπουρανίου
3461 2466 3719 2536 μέτοχοι·
3749 2470 3802 2522 ἂν

2260 2563 2337 2637 μὴ
2367 2562 2762 2635 διορθωσησθε,
2799 2563 2898 2634 οὐχ
2926 2561 3102 2626 οὕτως
3135 2563 3380 2634 κλητέοι,
3414 2561 3530 2615 ἀλλ’
3559 2562 3799 2626 ἐναντίως,

2259 2657 2398 2730 ὅπερ
2424 2656 2611 2730 ἀπείη.
2637 2655 2824 2711 Ταῦτα
2855 2655 3302 2728 διαμαρτύρομαι
3327 2655 3559 2709 ἐνώπιον
3584 2655 3670 2708 τοῦ
3690 2654 3800 2710 Θεοῦ

2260 2750 2488 2805 καὶτῶν
2530 2749 2806 2804 ἐκλεκτῶν
2845 2749 3098 2819 ἀγγέλων
3117 2766 3132 2780 ·
3169 2750 3225 2803 εἴ
3251 2767 3337 2813 τις
3377 2749 3455 2822 μὴ
3481 2747 3800 2820 διορθώσηται

2259 2841 2399 2912 μετὰ
2450 2841 2552 2913 τὴν
2606 2839 2920 2913 ὡρισμένην
2972 2843 3054 2904 εἰς
3108 2841 3304 2912 χρόνου
3336 2841 3486 2904 τινὸς
3531 2840 3798 2910 capellam

2257 2935 2526 3006 ἐπιμονὴν
2547 2976 2564 3002 ,
2613 2915 2722 2989 τῶν
2766 2935 3129 3006 ἁγιασμάτων
3173 2934 3278 2988 ὑπὸ
3303 2933 3462 2988 Θεοῦ
3495 2935 3573 2996 είς
3603 2933 3800 3004 μετάλη-

2257 3027 2350 3096 ψιν
2396 3027 2680 3099 εἴργεται,
2737 3026 2882 3081 κατὰ
2932 3026 3033 3099 τὴν
3083 3026 3332 3092 ἐξουσίαν
3389 3029 3458 3093 ἢν
3488 3026 3644 3080 ἐδωκέ
3679 3025 3798 3095 μοιό

558 3121 684 3177 qua:
732 3109 867 3164 mihi
920 3109 975 3165 in
1015 3124 1112 3166 vos
1149 3125 1180 3164 a
1223 3109 1460 3167 Domino
1489 3113 1615 3168 data
1643 3121 1770 3181 est;
1813 3113 1881 3167 ad
1917 3114 2151 3168 aedilita-

2260 3119 2464 3189 Κύριος
2495 3119 2554 3172 ἐν
2583 3119 2714 3190 ὑμῖν
2735 3133 2750 3148 ·
2783 3119 2865 3182 είς
2898 3117 3189 3188 οἰκοδομὴν
3213 3119 3308 3171 κα)⁸
3335 3119 3442 3172 οὐκ
3476 3119 3554 3178 είς
3579 3116 3795 3185 καθαίρει

563 3201 792 3266 tionem.
825 3217 933 3257 non
988 3202 1057 3258 ad
1111 3202 1542 3259 destructionem
1593 3204 1808 3274 loquor.
1841 3202 1949 3260 Vos
1978 3220 2110 3262 vero
2135 3244 2152 3271 ,

561 3290 762 3351 fratres
795 3294 943 3354 mei.
981 3303 1242 3366 tanquam
1295 3297 1387 3350 lilii
1424 3295 1750 3352 obedientia‘.
1792 3299 1931 3353 bene
1961 3298 2108 3369 agite
2136 3337 2154 3365 ,

560 3377 624 3464 ut
649 3395 704 3442 et
727 3375 838 3441 Deo
863 3386 1140 3453 serviatis,
1170 3396 1224 3444 et
1251 3404 1338 3443 me
1369 3388 1633 3443 miserum
1665 3404 1696 3443 a
1733 3389 1940 3460 peccati
1978 3401 2157 3448 morte

560 3475 896 3544 vindicetis,
941 3479 997 3534 in
1042 3478 1264 3534 Christo
1309 3477 1436 3534 Jcsu
1493 3479 1728 3535 Domino
1784 3491 1978 3538 nostro
2006 3521 2024 3548 ,
2068 3483 2158 3540 cui

561 3568 737 3642 gloria
766 3585 893 3626 cum
925 3569 1088 3625 Patre
1115 3577 1171 3626 et
1198 3581 1394 3627 sancto
1435 3569 1668 3642 Spiritu.
1699 3571 1902 3627 Amen.

945 3681 1130 3740 CVIII.
1159 3710 1226 3723 —
1248 3680 1454 3737 Joanm’
1484 3680 1767 3738 Sardensi.

2261 3227 2346 3264 σιν
2404 3213 2432 3264 ὁ
2460 3210 2642 3280 λόγος.
2718 3209 2908 3280 Ὑμεῖς
2933 3209 3012 3272 δὲ,
3052 3208 3275 3279 ἀδελφοί
3316 3226 3446 3280 μου,
3480 3209 3552 3272 ὡς
3595 3209 3687 3260 υἱοὶ
3723 3209 3799 3259 ὑπ-

2254 3302 2452 3372 ακοῆς,
2483 3302 2546 3356 εὖ
2577 3301 2844 3374 πράξατε,
2879 3301 2970 3355 ἵνα
2995 3302 3090 3355 καὶ
3112 3301 3243 3354 Θεὸν
3271 3299 3656 3372 Θεραπεύσητε,
3683 3299 3797 3367 κάμὲ

2251 3393 2347 3450 τὸν
2371 3394 2603 3448 ἐλεεινὸν
2631 3393 2726 3448 τοῦ
2759 3393 2989 3448 Θανάτου
3020 3394 3120 3462 τῆς
3153 3392 3437 3463 ἁμαρτίας
3475 3392 3722 3462 ἐξέλησθε,
3751 3393 3796 3443 ἐν

2255 3491 2478 3563 Χριστῷ
2527 3489 2705 3562 Ἰησοῦ
2735 3489 2816 3560 τῷ
2853 3488 3045 3560 Κυρίῳ
3074 3487 3234 3558 ἡμῶν
3257 3528 3272 3553 ,
3302 3481 3347 3557 ᾧ
3381 3489 3417 3559 ἡ
3447 3489 3570 3554 δόξα
3603 3487 3686 3541 σὺν
3710 3487 3797 3538 Πα-

2258 3583 2353 3654 api.
2392 3582 2488 3637 καὶ
2521 3583 2665 3652 ἁγίῳ
2695 3580 3000 3653 Πνεύματι.
3047 3581 3244 3652 Ἀμήν.

2585 3693 2691 3749 PH'
2732 3693 2831 3767 (5).
2867 3724 2940 3734 —
2987 3693 3236 3760 Ἰωάννῃ
3276 3691 3534 3761 Σάρδης.
3563 3689 3717 3763 [χλε’.]

1288 3797 1356 3849 Ut
1379 3810 1442 3848 ex
1467 3796 1605 3862 gravi
1631 3795 1806 3847 morbo
1825 3798 2160 3863 convalescat,
2183 3803 2425 3857 Ecclesiae
2458 3805 2704 3870 imprimis
2728 3820 2874 3860 causa
2896 3813 3146 3870 precatur.

638 3900 856 4000 Dudum
879 3901 1192 3961 audivimus
1215 3913 1482 3976 aegrotare
1499 3913 1782 3975 paternam
1807 3905 2152 3963 sanctitatem

2346 3914 2482 3970 ’Λπὺ
2513 3915 2706 3988 χρόνου
2735 3913 3052 3986 ἠκούσαμεν
3077 3905 3470 3984 νοῃλεῦεσοαί
3503 3929 3591 3968 σου
3617 3911 3701 3984 τὴν
3721 3929 3800 3964 πα·

563 3997 751 4061 tuam,
781 4011 928 4052 nunc
957 4011 1090 4053 vero
1117 4013 1256 4069 pene
1279 3998 1444 4054 etiam
1473 3997 1824 4069 desperatam
1853 4013 1999 4055 esse.
2033 3999 2152 4068 Quo

2260 4005 2457 4078 τρικὴν
2493 4004 2830 4078 ᾁγιωσύνην,
2881 4006 3009 4078 ἄρτι
3046 4005 3102 4058 δὲ
3155 4005 3356 4076 μικροῦ
3413 4006 3523 4059 δεῖν
3565 4006 3652 4060 καὶ
3688 4004 3796 4056 ἀπο-

564 4090 760 4150 nuntio
788 4105 892 4146 nos
920 4089 1156 4148 humiles
1185 4091 1258 4147 ita
1284 4107 1480 4148 sumus
1504 4091 1868 4157 consternati,
1895 4100 2152 4163 tantoque

2262 4099 2622 4166 γνωσθεῖσαν.
2665 4098 2777 4152 Καὶ
2816 4097 3073 4152 τοσοῦτον
3104 4096 3455 4170 ἐθροήθημεν
3487 4099 3534 4151 oi
3570 4094 3794 4158 ταπεινοὶ,

565 4185 805 4256 perculsi
828 4183 1038 4251 dolore,
1074 4192 1132 4239 ut
1158 4184 1433 4257 proﬁcisci
1460 4187 1606 4241 istuc
1625 4185 1843 4240 animus
1872 4184 2071 4251 fuerit,
2103 4194 2152 4242 et

2263 4191 2360 4245 καὶ
2410 4189 2847 4262 συνεκινήθημεν
2899 4188 3190 4260 λυπηρῶς,
3224 4191 3299 4252 ὡς
3327 4190 3566 4260 ὁρμῆσαι
3608 4186 3798 4241 καταλα-

565 4276 845 4350 ingratum
867 4293 1146 4334 rumorem
1170 4277 1349 4334 oculis
1375 4291 1666 4348 usurpare.
1695 4275 1754 4332 Id
1777 4292 1910 4334 vero
1936 4287 2152 4348 propter

2267 4283 2382 4336 δεῖν
2411 4285 2445 4355 ἡ
2455 4284 2564 4354 μᾶς
2591 4285 2651 4336 ἐν
2693 4285 2808 4346 τοῖς
2851 4281 3038 4336 αὐτόθι
3057 4323 3073 4347 ,
3128 4282 3226 4336 καὶ
3255 4281 3377 4352 ὕψει
3419 4281 3692 4338 ὑπολαϐεῖν
3721 4277 3797 4348 τὴν

566 4342 832 4428 instantia
866 4369 1085 4442 negotia
1114 4367 1323 4426 factum
1351 4382 1464 4424 non
1495 4342 1601 4424 est.
1633 4367 1815 4434 Quare
1847 4342 2023 4424 coacti
2042 4342 2152 4422 Τιιί-

2259 4342 2558 4445 ἁπευκτὴν
2576 4374 2770 4443 ἀκοήν.
2789 4342 2925 4427 -Οὐκ
2971 4342 3253 4442 ἐξεγένετο
3279 4342 3337 4426 δὲ
3369 4372 3463 4426 διὰ
3483 4373 3549 4426 τὰ
3576 4342 3797 4440 παριστα-

564 4476 692 4517 mus
715 4459 912 4517 litteris
937 4457 1350 4531 quodammodo
1372 4457 1560 4513 volare
1585 4472 1687 4512 ceu
1713 4471 1968 4527 corpore,
1994 4465 2152 4529 atque

2267 4481 2404 4536 μενα
2435 4463 2632 4536 τούτῳ.
2683 4463 2775 4517 Διὸ
2813 4462 3246 4534 ἠναγκάσθημεν
3289 4463 3460 4517 οἱονεὶ
3508 4457 3795 4524 πετασθῆναι

566 4550 770 4607 intueri
799 4562 853 4606 te
877 4550 1158 4622 egregium
1191 4557 1428 4620 patrem,
1461 4548 1742 4604 sincerum
1773 4547 2037 4615 amicum,
2064 4563 2152 4618 ge-

2263 4557 2377 4618 τοῖς
2397 4555 2723 4628 γράμμασιν
2747 4555 2824 4620 ὡς
2847 4556 2906 4609 ἐν
2926 4554 3158 4626 σώματι,
3190 4554 3286 4609 καὶ
3315 4555 3446 4608 ἰδεῖν
3483 4571 3539 4608 σε
3563 4553 3645 4606 τὸν
3667 4547 3794 4602 καλὸν

566 4660 826 4704 lucrosum
859 4653 1054 4702 testem
1083 4640 1356 4699 veritatis.
1389 4639 1496 4696 Pro
1521 4639 1626 4696 hac
1663 4639 1940 4710 siquidem
1980 4648 2038 4694 et
2061 4655 2152 4694 ex-

2267 4647 2504 4720 πατέρα,
2526 4645 2618 4701 τὸν
2645 4649 2871 4717 γνήσιον
2896 4647 3070 4718 φίλον,
3090 4645 3183 4700 τὸν
3200 4648 3453 4715 γενναῖον
3478 4645 3708 4715 μάρτυρα
3719 4640 3795 4704 τῆς

567 4738 751 4794 silium
779 4734 1092 4808 pertulisti,
1122 4743 1178 4806 et
1203 4733 1443 4790 carceris
1470 4733 1690 4787 vincula
1729 4749 1745 4787 :
1788 4732 1923 4802 quin
1954 4741 2010 4786 et
2039 4740 2152 4787 ante

2268 4734 2552 4807 ἀληθείας.
2582 4735 2758 4810 Είπερ
2804 4737 2948 4808 ὑπὲρ
2979 4738 3150 4809 αὐτῆς
3205 4737 3272 4791 σὺ
3314 4737 3412 4790 καὶ
3439 4735 3692 4805 ἐξόριστος
3722 4725 3797 4782 καὶ

567 4826 684 4883 haec
709 4827 1090 4898 spectaculum
1118 4825 1298 4882 factus
1321 4865 1338 4890 ,
1367 4833 1426 4880 ut
1452 4822 1700 4894 Apostoli
1730 4821 1914 4878 verbis
1939 4830 2065 4876 utar
2087 4823 2152 4888 ⁸⁸η

2271 4826 2732 4898 φρουροδέσμιοςο
2769 4827 2866 4882 καί
2902 4844 2968 4896 γε
2999 4827 3108 4899 πρὸ
3138 4825 3345 4880 τούτων
3374 4826 3593 4896 θέατρον
3613 4819 3796 4891 γενόμε-

563 4927 620 4974 et
652 4919 864 4992 angelis
907 4928 964 4974 et
1007 4918 1325 4974 hominibus
1353 4933 1368 4973 :
1418 4931 1531 4987 quo
1567 4915 1656 4971 die
1686 4914 1903 4971 allisum
1937 4923 2022 4971 est
2050 4913 2152 4970 σοι(

2272 4934 2396 4982 νος,
2429 4918 2806 4983 ἁποστολικῶς
2851 4921 3056 4984 εἰπεῖν,
3087 4919 3183 4972 καὶ
3229 4915 3596 4988 ἀγγέλοιςὶαὶ
3624 4907 3795 4979 ἁνθράμ

568 5009 640 5064 ab
669 5009 850 5080 impiis
878 5024 1067 5065 coram
1094 5008 1398 5080 Caiphaico
1433 5007 1672 5064 concilio
1693 5047 1710 5073 ,
1741 5021 1963 5064 sacrum
2001 5021 2152 5077 captu

2275 5025 2422 5074 ποις,
2458 5009 2582 5063 καθ’
2609 5011 2677 5080 ἢν
2705 5009 2921 5081 ἡμέραν
2951 5009 3212 5082 ἔρριπταί
3240 5027 3335 5064 σου
3365 5009 3470 5064 ὑπὸ
3489 5009 3590 5062 τῶν
3605 5001 3792 5062 ἀσεϐῶν,

576 5112 758 5156 tuum.
793 5098 838 5154 0
865 5099 1000 5169 quid
1027 5101 1186 5157 nobis
1215 5100 1459 5156 accidit?
1496 5099 1639 5168 Quid
1677 5099 1832 5156 abire
1859 5097 1989 5155 hinc
2017 5097 2172 5154 festi-

571 5204 667 5250 nat
721 5193 984 5250 columna
1033 5193 1334 5251 Ecclesia?
1387 5195 1546 5252 Mane
1597 5193 1884 5251 nobiscum
1911 5233 1930 5260 ,
1980 5193 2164 5250 adhuc

564 5301 762 5356 mane,
793 5295 982 5358 patere
1017 5300 1121 5358 pro
1149 5286 1443 5360 Evangelio
1463 5303 1566 5344 ceu
1594 5287 1776 5344 bonus
1795 5285 1976 5344 miles.
1996 5283 2162 5344 Vides

565 5389 626 5437 ut
647 5379 854 5438 bellum
877 5379 1078 5438 ardet?
1103 5387 1166 5435 ut
1198 5393 1300 5451 pro
1317 5380 1426 5436 ﬁde
1451 5380 1836 5452 impugnantur
1859 5387 1916 5438 et
1943 5395 2160 5452 pugna-

2279 5100 2423 5156 κατὰ
2449 5101 2746 5172 πρόσωπον
2773 5104 2869 5156 τοῦ
2906 5103 3256 5173 Καῖαφαῖκοῦ
3291 5103 3588 5174 συνεδρίου,
3617 5099 3685 5160 είς
3703 5091 3794 5146 705'

2270 5193 2440 5264 δαφος
2461 5195 2495 5264 ἡ
2524 5194 2647 5267 ἱερά
2677 5196 2915 5267 κορυφή.
2943 5197 3008 5248 Ὦ
3030 5195 3084 5249 τί
3107 5195 3317 5265 γίνεται
3343 5197 3403 5250 ἐν
3426 5196 3576 5267 ἡμῖν;
3600 5190 3646 5243 τί
3667 5181 3790 5241 daal-

2273 5302 2395 5358 ρειν
2440 5285 2551 5341 τῶν
2579 5287 2709 5359 τῇδε
2757 5286 2980 5340 σπεύδει
3018 5287 3048 5339 ό
3102 5288 3292 5352 στύλος
3330 5291 3432 5360 τῆς
3487 5277 3788 5350 Ἐκκλησίαςὶ

2271 5380 2472 5435 Μεῖνον
2508 5379 2629 5452 μεθ’
2661 5379 2843 5453 ἡμῶν,
2875 5379 2958 5436 ἐτι
3000 5383 3187 5452 μεῖνον
3207 5397 3224 5416 ο
3255 5375 3709 5452 συγκακοπάθησον
3731 5363 3790 5437 τῷ

636 5541 686 5574 ’⁸
717 5539 788 5598 ιν
825 5540 962 5614 Reg.
993 5556 1050 5606 v,
1090 5537 1184 5596 26.
1264 5540 1308 5573 ³⁸
1342 5538 1510 5597 Hebr.
1545 5552 1647 5606 ιιι,
1687 5538 1738 5595 l.
1819 5541 1866 5573 ”
1899 5537 1920 5594 1
1948 5537 2078 5599 Cor.
2109 5555 2186 5607 ιν,
2225 5538 2278 5595 9.

2134 5653 2370 5713 ΝΟΪᾸΕ.

634 5777 718 5849 (5)
747 5777 806 5836 lu
839 5779 967 5836 cod.
997 5779 1130 5852 Reg.
1167 5759 1291 5851 [κγ’.
