4060 6374
304 366 441 430 1269
1484 364 2025 427 EPISTULARUM
2088 366 2235 428 LIB.
2276 366 2358 428 II.
3408 375 3544 439 1370

301 478 623 551 Εύαγγελίῳ
665 477 743 544 ὡς
770 477 936 543 καλὸς
966 476 1332 549 στρατιώτης.
1377 476 1543 549 Ὁρᾷς
1591 478 1740 542 ὅπως
1781 478 1870 531 ἐν-

1975 479 2131 535 mus?
2180 480 2311 547 Nae,
2358 494 2580 539 oramus
2631 493 2693 538 ut
2735 498 2977 541 maneas.
3056 487 3207 560 Roga
3265 491 3543 548 Christum

300 591 451 628 εστιν
475 575 504 627 6
519 572 789 643 πόλεμος;
810 571 961 635 ὅπως
983 570 1292 643 βαλλόμεθα
1311 572 1410 624 καὶ
1442 570 1711 642 βάλλομεν
1731 572 1873 644 ὑπὲρ

1975 589 2131 644 quem
2177 562 2459 643 professus
2506 589 2566 629 es
2614 583 2667 629 et
2715 575 2986 644 proﬁteris
3032 579 3262 637 adorare
3308 584 3543 640 humana

297 670 394 724 τοῦ
425 667 622 735 λόγους
655 667 765 721 Ναὶ
794 664 1205 736 ἀντιϐολοῦμεν,
1229 662 1531 733 ἐπίμεινον.
1556 666 1790 737 Αἰτησαι
1813 666 1874 720 ὃν

1975 662 2150 732 specie
2172 663 2477 733 depictum;
2506 675 2558 719 et
2581 665 2833 720 exaudiet
2853 681 3042 735 preces
3066 678 3210 724 tuas.
3246 671 3338 726 Sin
3364 683 3543 730 autem

295 761 658 831 ὡμολόγησας
727 759 998 831 Χριστὸν,
1065 758 1159 812 καὶ
1216 755 1502 828 ὁμολογεῖς
1547 759 1875 829 προσκυνεῖν

1975 755 2196 811 omnino
2226 755 2461 812 discedis
2494 756 2567 811 ita
2592 756 2820 827 jubente
2852 757 3232 829 Providentia;
3274 765 3389 833 ipse
3420 767 3544 836 qui-

298 853 787 925 ἀνθρωποπρεπῶς
818 852 1262 924 ἐγγραφόμενον*
1298 852 1395 907 καλ⁸
1426 851 1741 906 είσακούσει
1774 852 1875 923 τῆς

1975 849 2114 915 dem,
2139 858 2226 906 sat
2258 850 2462 907 scimus
2486 891 2502 916 ,
2530 852 2705 910 abibis
2736 855 3098 911 confessionis
3128 856 3371 912 referens
3400 873 3541 927 pra:-

296 946 537 1018 δεήσεώς
566 963 681 1003 σου.
703 948 766 1002 Ei
788 946 847 1000 δέ
873 945 1094 1009 πάντως
1126 945 1412 1018 ἀπαίρεις,
1438 944 1583 1001 οὕτω
1595 946 1695 1015 τῆς
1724 945 1867 1015 Προ-

1975 944 2141 999 mium
2172 963 2186 1001 :
2217 946 2376 1001 nobis
2405 961 2532 1001 vero
2560 945 2727 1003 Deum
2759 949 3024 1020 optimum
3058 952 3250 1007 reddes
3281 951 3546 1007 interces-

300 1039 449 1103 νοίας
494 1037 848 1108 κελευούσης,
902 1037 1067 1102 αὐτὸς
1106 1037 1209 1106 μὲν
1238 1038 1549 1111 χωρήσεις,
1586 1030 1647 1089 εὖ
1678 1035 1868 1104 ἴσμεν,

1976 1032 2131 1089 sione
2155 1042 2248 1089 tua
2272 1035 2599 1105 propitium;
2638 1038 2805 1094 simul
2827 1040 2990 1096 etiam
3021 1051 3082 1096 ut
3105 1042 3327 1098 festinet
3354 1042 3544 1098 Eccle-

295 1130 588 1201 ὁμολογίας
614 1128 849 1183 ἔπαθλον
877 1129 1325 1200 ἀπενεγκάμενος
1342 1146 1358 1162 ο
1390 1131 1526 1202 ἡμῖν
1553 1127 1612 1181 δέ
1631 1126 1756 1180 ἵλεω
1776 1122 1871 1178 τὸν

1975 1123 2070 1180 size
2097 1140 2211 1181 suae
2237 1128 2569 1198 prospicere.

296 1221 430 1274 Θεὸν
461 1220 555 1274 τὸν
591 1220 796 1291 ἀγαθὸν
839 1222 1203 1294 καταστήσεις
1234 1224 1359 1285 ταῖς
1404 1218 1726 1294 πρεσϐείαις
1746 1231 1762 1250 ⁸
1808 1215 1870 1270 οὐ
1902 1215 2013 1289 μὴν
2036 1217 2174 1275 ἀλλά
2205 1220 2300 1275 καὶ
2360 1222 2444 1286 είς
2496 1222 2560 1277 τδ
2617 1224 2846 1297 ταχύναι
2868 1228 3267 1300 ἐπισκέψασθαι
3294 1230 3392 1305 τὴν
3419 1233 3547 1288 εσυ·-

293 1317 392 1375 τοῦ
438 1314 784 1389 Ἐκκλησίαν.

669 1431 773 1487 ΡΘ⁹
813 1431 912 1505 (6).
951 1461 1025 1474 --
1071 1432 1246 1501 Ἠλίᾳ
1282 1430 1492 1500 τέκνῳ.
1513 1429 1701 1505 [χλζ’.]

1624 1550 1701 1604 Ad
1726 1550 1987 1615 quemdam
2015 1553 2223 1617 lapsum.

2418 1428 2566 1486 vcrx.
2594 1460 2660 1472 —
2694 1430 2829 1488 Elia:
2855 1432 2969 1504 ﬁlio
2997 1434 3085 1507 (ο).

367 1666 464 1731 Τίς
512 1667 540 1721 6
584 1663 904 1733 ἀναγκάσας
955 1681 1023 1735 με
1067 1661 1373 1718 ἐπιστεῖλαί
1410 1680 1532 1729 σοι,
1572 1660 1864 1733 ἀνθρωπε;

2038 1662 2172 1730 Quis
2202 1678 2289 1719 me
2313 1663 2491 1735 coegit
2518 1672 2580 1720 ut
2606 1663 2674 1721 ad
2705 1673 2758 1721 te
2784 1705 2799 1731 ,
2832 1666 2908 1721 mi
2948 1668 3111 1724 homo
3130 1709 3148 1735 ,
3202 1670 3498 1727 scriberem
3518 1673 3549 1729 Υ

292 1759 430 1823 Θεὸς
458 1757 699 1826 δηλονότι
732 1756 760 1809 6
799 1757 1149 1827 καταστήσας
1182 1772 1249 1827 με
1281 1756 1374 1810 ἐπὶ
1412 1757 1476 1811 σέ
1501 1758 1737 1828 ποιμένα
1776 1757 1872 1811 καὶ

1975 1753 2117 1811 Deus
2143 1754 2287 1811 haud
2314 1755 2501 1821 dubie,
2532 1756 2623 1825 qui
2647 1771 2735 1812 me
2763 1756 2859 1811 tibi
2886 1768 3160 1828 pastorem
3186 1770 3242 1817 et
3267 1761 3545 1830 legislato-

295 1850 598 1921 νομοθέτην
619 1864 634 1879 ⁶
662 1841 707 1917 ᾧ
741 1847 917 1913 δώσω,
952 1848 1030 1911 ὡς
1065 1848 1207 1919 ὑπὲρ
1240 1848 1457 1904 πάντων
1485 1849 1592 1902 τῶν
1622 1849 1870 1918 ἀδελφῶν

1975 1863 2087 1902 rem
2130 1848 2456 1915 constituit;
2494 1848 2583 1903 cui
2617 1848 2934 1905 redditurus
2962 1865 3086 1906 sum
3118 1860 3180 1906 ut
3207 1866 3307 1921 pro
3331 1854 3544 1911 caeteris

298 1959 417 2003 σου.
474 1940 569 1994 καὶ
613 1939 744 2012 περὶ
780 1939 876 1994 σοῦ
921 1939 1101 2009 λόγον.
1148 1940 1429 2007 ’Δπετάξω
1458 1940 1522 2012 δὴ
1558 1937 1650 1995 οῦν
1680 1942 1871 1994 αὐθαι-

298 2036 505 2107 ρέτως,
550 2033 832 2103 ύπετάγης
878 2033 1153 2104 εύηκόως·
1186 2029 1306 2087 εἶτα
1336 2034 1577 2088 ἐσινίασέ
1618 2051 1677 2087 σε
1707 2035 1736 2086 6
1769 2032 1873 2087 Σαο

293 2128 466 2190 τανᾶς
504 2125 824 2198 ἀπορρήξας
854 2125 956 2195 τῆς
985 2125 1138 2190 θείας
1181 2126 1495 2196 συναφείας.
1531 2121 1698 2190 Αὖθις
1731 2126 1872 2180 ἐλέει

293 2218 436 2271 Θεοῦ
493 2218 804 2289 συνήφθης*
846 2219 941 2272 καὶ
979 2217 1145 2273 πάλιν
1177 2216 1433 2289 ἐνεργείᾳ
1473 2216 1730 2288 δαίμονος
1760 2219 1869 2272 ἀπ-

298 2310 604 2381 επήδησας.
633 2310 865 2363 Ἔπειτα
890 2309 1055 2364 πάλιν
1072 2308 1265 2372 ἐλθὼν,
1293 2308 1709 2380 ἐξωμολογήσω,
1738 2312 1873 2363 ὑπο-

296 2402 564 2472 σχόμενος
594 2400 695 2472 τὴν
735 2402 874 2473 πρὸς
905 2401 966 2455 τὸ
1011 2400 1138 2467 ἐξῆς
1172 2401 1476 2471 ἀσφάλειαν
1496 2416 1512 2432 ⁶
1555 2402 1650 2455 καὶ
1681 2401 1871 2474 ἐπειδὴ

295 2493 615 2565 ὑποστροφὴ
641 2494 741 2564 τῆς
771 2492 989 2561 ἐξορίας
1015 2494 1111 2547 ἐπὶ
1138 2492 1233 2547 τοῦ
1262 2493 1606 2566 Νικηφόρου,
1631 2495 1693 2548 οὐ
1740 2510 1871 2549 συν-

294 2586 467 2657 ῆλθες
499 2588 617 2649 τοῖς
654 2584 862 2649 λοιποῖς
882 2626 898 2650 ,
932 2585 1048 2640 ἀλλ’
1077 2584 1301 2656 ἔμεινας
1340 2588 1426 2656 ἐφ’
1454 2586 1650 2642 ἑαυτοῦ
1690 2587 1874 2641 δελεα-

294 2676 525 2750 ζόμενος
565 2678 672 2731 ὑπὸ
708 2677 803 2732 τοῦ
848 2677 1059 2747 ὄφεως·
1118 2679 1212 2732 καὶ
1260 2679 1419 2733 τοῦτο
1473 2680 1579 2743 ἕως
1630 2680 1727 2735 τοῦ
1776 2681 1871 2736 νῦν

296 2768 680 2839 βασιλεύοντος
703 2768 969 2838 τετάρτου
1003 2768 1141 2838 μετά
1168 2768 1506 2840 Νικηφόρον.
1529 2769 1677 2832 Ἕως
1714 2769 1865 2834 πότε,

293 2860 519 2924 ἐλεεινὲ,
551 2859 782 2931 ἐγκυλίῃ
818 2861 933 2920 τοῖς
976 2859 1076 2929 τῆς
1108 2860 1383 2931 ἁμαρτίας
1425 2860 1718 2931 τὲλμασιν;
1767 2861 1873 2925 ἕως

292 2952 442 3017 τίνος
493 2952 595 3005 οὐκ
654 2952 880 3022 ἀνήσεις
926 2952 1258 3023 ἀσχημονεῖν
1306 2951 1541 3007 ἐνώπιον
1588 2954 1725 3007 Θεοῦ
1776 2954 1873 3007 καὶ

1975 1936 2237 1994 fratribus
2261 1939 2369 1996 tuis
2394 1977 2411 2004 ,
2442 1939 2524 1995 sic
2546 1955 2645 2010 pro
2671 1949 2723 1995 te
2748 1956 2966 2011 quoque
2996 1943 3285 1997 rationem.
3317 1944 3542 2000 Renun-

1975 2031 2122 2085 tiasti
2167 2032 2336 2100 igitur
2388 2032 2591 2087 mundo
2642 2040 2735 2086 tua
2776 2034 2965 2104 utique
3010 2034 3184 2104 ipsius
3227 2036 3542 2104 voluntate,

1972 2120 2203 2176 libenter
2231 2122 2482 2179 subditus
2513 2122 2661 2178 fuisti
2690 2142 2702 2177 :
2733 2134 2920 2194 postea
2944 2125 3202 2180 cribravit
3227 2136 3278 2180 te
3310 2128 3543 2183 Satanas

1973 2214 2250 2283 abripiens
2279 2231 2310 2270 a
2337 2214 2520 2269 divina
2552 2216 2832 2271 societate.
2867 2216 3066 2271 lterum
3111 2218 3218 2273 Deo
3247 2220 3543 2276 miserante

1972 2307 2132 2362 nobis
2162 2307 2542 2375 consociatus,
2573 2319 2626 2364 et
2654 2307 2851 2364 iterum
2884 2310 3143 2366 daemonis
3175 2327 3336 2383 opera
3368 2316 3546 2370 resili-

1972 2399 2084 2455 isti.
2117 2398 2245 2455 Post
2268 2400 2383 2454 haec
2411 2401 2590 2456 denuo
2612 2417 2862 2458 reversus
2887 2405 3310 2476 exomologcsim
3342 2406 3540 2474 fecisti,

1971 2491 2321 2546 stabilitatem
2356 2491 2411 2546 in
2438 2501 2717 2562 posterum
2753 2495 3114 2563 promittens:
3165 2508 3220 2550 et
3254 2508 3541 2567 postquam

1970 2584 2148 2638 exsilii
2168 2582 2428 2637 relaxatio
2450 2582 2554 2639 fuit
2584 2585 2685 2639 sub
2701 2584 3029 2654 Nicephoro,
3049 2601 3171 2640 cum
3199 2588 3412 2642 cancris
3432 2604 3543 2643 nou

1972 2673 2218 2739 rediisti;
2252 2675 2343 2729 sed
2374 2674 2515 2743 apud
2544 2681 2596 2728 te
2621 2674 2896 2729 inescatus
2917 2689 2949 2728 a
2976 2684 3226 2742 serpente
3256 2676 3543 2730 mansisti:

1972 2766 2135 2837 idque
2183 2767 2248 2821 ad
2291 2781 2415 2820 eum
2477 2780 2651 2836 usque
2701 2765 2797 2836 qui
2856 2780 3004 2821 nunc
3061 2766 3349 2836 imperium
3399 2775 3547 2824 tenet

1972 2866 2200 2929 quartus
2228 2874 2259 2912 a
2283 2856 2610 2925 Nicephoro.
2638 2855 2931 2928 Quousque
2960 2857 3177 2912 tandem
3198 2858 3460 2914 volutaris
3488 2860 3545 2914 in

1974 2965 2132 3006 emno
2161 2948 2402 3019 peccati?
2423 2947 2720 3016 Quousque
2747 2963 2854 3001 non
2878 2947 3080 3003 desinis
3110 2947 3363 3003 indecore
3386 2963 3546 3019 agere

295 3042 635 3113 ἀνθρώπωνς
694 3044 809 3097 οὐκ
849 3042 929 3096 ἔνι
964 3042 1227 3109 θάνατοςς
1275 3044 1377 3098 οὐκ
1423 3044 1503 3098 ἔνι
1548 3045 1868 3116 κριτήριον;

1975 3058 2155 3098 coram
2186 3041 2295 3096 Deo
2326 3050 2381 3095 et
2408 3040 2760 3094 hominibus?
2800 3040 2882 3094 Au
2914 3041 3062 3095 nulla
3101 3057 3248 3096 mors
3282 3043 3396 3098 est?
3424 3044 3548 3097 nui-

294 3136 377 3189 Οὐ
420 3134 611 3196 δώσεις
655 3136 799 3189 τίσιν
828 3134 1046 3189 αἰώνιον
1070 3176 1084 3200 ,
1124 3132 1193 3208 ἧς
1238 3136 1335 3190 καὶ
1377 3137 1539 3207 μόνον
1570 3136 1872 3206 ὲνθύμησις

296 3226 651 3282 καταστέλλει
686 3226 867 3296 ψυχὴν
904 3227 997 3280 καὶ
1026 3228 1348 3298 ἐπιστρέφει
1381 3228 1517 3299 πρὸς
1546 3228 1868 3298 μετάνοιανς

311 3318 632 3387 ’Λνάνηψον,
664 3317 943 3387 ἄνθρωπε,
974 3318 1334 3390 ἁνακλήθητι,
1365 3319 1670 3391 παρακαλῶ
1692 3336 1708 3351 ο
1734 3321 1873 3389 ἄφες

295 3410 601 3478 οἰκοδομεῖν
638 3409 817 3473 οἰκίας
869 3410 1180 3479 κοσμικῶς,
1232 3413 1260 3464 6
1299 3411 1393 3464 τὸν
1443 3406 1593 3465 οἶκόν
1632 3429 1725 3465 σου
1771 3413 1871 3482 τῆς

293 3501 476 3570 ψυχῆς
506 3496 888 3563 καταλελυκώς
908 3513 922 3528 ο
951 3498 1012 3551 ἔα
1040 3500 1312 3552 τεκτονεῖν
1336 3498 1410 3561 ὡς
1440 3498 1626 3561 λαῖκδς
1645 3538 1663 3563 ,
1710 3500 1740 3551 6
1782 3514 1873 3549 τε·

296 3592 654 3659 κταινόμενος
704 3582 810 3643 ὑπὸ
837 3588 931 3643 τοῦ
976 3591 1191 3643 Σατανᾶ
1213 3606 1226 3619 ·
1261 3590 1336 3661 μὴ
1374 3593 1687 3662 προφασῐσῃ
1715 3588 1875 3644 τοῦτο

294 3683 555 3738 κάκεῖνο·
589 3680 761 3743 οὐδείς
797 3698 855 3733 σε
886 3678 1148 3745 ἐξελεῖται
1191 3682 1255 3735 ἐκ
1297 3682 1480 3754 χειρὸς
1521 3682 1750 3752 Κυρίου.
1778 3682 1872 3753 Μὴ

294 3767 461 3839 εἴπῃς
482 3768 841 3841 ἡμαρτηκὼς·
868 3770 983 3823 Οὐκ
1006 3770 1135 3823 οἴσω
1167 3770 1264 3833 τὰς
1285 3771 1649 3840 ἐπιτιμήσεις.
1670 3775 1873 3839 υίσεις,

292 3859 489 3915 τέκνον
530 3877 666 3932 μου”
718 3861 869 3914 καλῶ
907 3862 1016 3933 γάρ
1071 3878 1130 3914 σε
1180 3861 1351 3924 οὕτως
1384 3863 1557 3916 ἐλπίδι
1596 3865 1694 3935 τῆς
1738 3864 1874 3916 ὑπο·-

297 3955 577 4026 στροφῆς,
622 3954 733 4024 ἐγὼ
760 3958 787 4008 ὁ
818 3954 1096 4017 ταπεινός.
1146 3955 1209 4007 Εἰ
1240 3955 1462 4027 Πατὴρ,
1494 3956 1874 4027 πεφεισμένως

298 4046 610 4117 ίατρεύσω,
654 4046 1107 4118 συμπαθητικῶς,
1137 4048 1525 4118 φιλοστόργως.
1570 4048 1746 4103 Μόνον
1783 4049 1874 4101 θέ-

294 4135 487 4206 λησον,
533 4137 692 4207 μόνον
722 4136 1006 4208 κινήθητι.
1050 4137 1342 4210 διάρρηξον
1382 4138 1451 4192 τὰ
1483 4139 1784 4210 κατέχοντά
1812 4156 1873 4192 σε

292 4228 477 4298 δεσμὰ
509 4226 603 4282 τοῦ
659 4228 928 4283 θανάτων
984 4229 1215 4298 ἐγγύθεν
1256 4229 1393 4283 Θεοῦ
1440 4229 1689 4302 βοήθεια,
1725 4233 1820 4286 καὶ
1845 4232 1875 4286 6

296 4317 479 4388 φύλαξ
507 4336 601 4373 σου
627 4320 727 4390 τῆς
760 4318 909 4389 ζωῆς
934 4319 1164 4388 ἄγγελος
1204 4322 1640 4393 προπορεύσεται
1664 4339 1680 4355 ’
1728 4325 1874 4396 χαρά

297 4413 362 4463 ἐν
394 4408 609 4479 οὐρανῷ
661 4412 974 4480 γενήσεται,
1036 4410 1299 4482 θρηνήσει
1336 4413 1365 4464 6
1406 4412 1685 4479 διάϐολος,
1722 4394 1876 4485 σκιρ-
1911 4394 1950 4447 ί)

298 4501 456 4571 τήσω
495 4498 607 4568 ἐγὼ
648 4501 677 4553 6
701 4500 890 4565 τάλας,
929 4499 1178 4571 εὑρηκὼς
1205 4501 1264 4554 τὸ
1292 4502 1568 4566 ἀπολωλός
1602 4520 1704 4574 μου
1742 4505 1876 4575 πρό-

300 4591 493 4657 ϐατον,
518 4592 612 4645 καί
638 4608 701 4662 γε
725 4594 759 4664 ἡ
785 4592 1084 4663 ἀδελφότης
1114 4608 1228 4648 σου.
1258 4594 1394 4649 Είδέ
1419 4595 1515 4667 μὴ,
1540 4596 1637 4668 ἔσῃ
1650 4596 1875 4668 θήραμα

300 4682 383 4753 τῷ
432 4683 696 4755 διαϐόλῳ,
748 4684 844 4737 τοῦ
897 4685 1022 4739 ούαὶ
1070 4685 1443 4757 κληρονόμος,
1500 4680 1563 4741 οῦ
1620 4688 1876 4760 ρυσθείης

301 4775 662 4841 ὑπακούσας,
703 4777 800 4829 καὶ
845 4777 942 4831 σὺν
972 4776 1051 4847 τῷ
1087 4776 1303 4848 ἀδελφῷ
1336 4794 1431 4831 σου
1479 4778 1611 4851 Σίλᾳ
1659 4780 1877 4833 ἐλευσό-

304 4881 489 4938 μενος.

555 4987 640 5041 PI'
679 4986 777 5060 (7).
821 5018 889 5030 —
928 4986 1009 5059 Τῇ
1045 4987 1284 5060 ὀμόζυγι
1323 4990 1642 5062 Δημόχαρι.
1686 4989 1873 5063 [χλη’.]

1973 3134 2084 3189 lum
2128 3133 2433 3205 judicium?
2476 3148 2586 3187 non
2634 3146 2848 3201 poenam
2900 3131 3019 3188 lues
3060 3141 3353 3199 aeternam,
3393 3135 3548 3200 cujus

1974 3227 2087 3283 sola
2141 3225 2402 3296 cogitatio
2461 3234 2676 3280 coercet
2721 3225 2995 3289 animam,
3048 3228 3426 3296 convertitque
3481 3229 3546 3281 ad

1974 3318 2390 3388 pmnitentiam?
2418 3314 2827 3387 Expergiscere,
2864 3315 3048 3383 homo,
3082 3318 3357 3387 resipisce.
3395 3320 3551 3373 ohle-

1974 3413 2316 3469 stor.0mitte
2335 3412 2525 3466 domos
2548 3410 2729 3464 saeculi
2748 3425 2898 3464 more
2914 3421 3213 3475 exstruere,
3236 3414 3326 3481 qui
3357 3412 3551 3466 anima:

1974 3512 2080 3560 tua:
2109 3506 2331 3559 domum
2358 3505 2673 3560 destruxisti
2711 3518 2725 3553 :
2759 3503 2946 3559 desine
2974 3512 3032 3556 ut
3066 3503 3242 3559 laicus
3270 3504 3549 3570 fabricari,

1973 3598 2069 3670 qui
2100 3607 2372 3654 structura
2401 3601 2466 3653 lis
2506 3598 2760 3654 Satanan:
2804 3614 2980 3668 neque
3012 3598 3113 3651 hac
3142 3606 3237 3651 aut
3257 3596 3346 3650 illa
3381 3612 3549 3652 excu-

1974 3692 2186 3746 satione
2232 3690 2423 3745 utaris.
2464 3688 2636 3745 Nemo
2668 3700 2719 3746 te
2756 3690 2967 3744 auferet
3004 3689 3066 3743 de
3104 3704 3268 3744 manu
3309 3688 3550 3743 Domini.

1974 3781 2052 3837 Ne
2076 3785 2225 3837 dicas
2246 3789 2527 3851 postquam
2550 3781 2816 3852 peccasti:
2842 3779 3039 3836 Ptnnas
3057 3797 3161 3834 non
3181 3780 3345 3834 dabo.
3369 3779 3549 3842 Dabis.

1977 3875 2052 3927 fili
2095 3874 2168 3928 mi
2210 3892 2223 3927 :
2269 3874 2349 3929 sic
2377 3875 2521 3929 enim
2568 3890 2669 3944 ego
2713 3873 2939 3927 humilis
2969 3886 3020 3927 te
3048 3873 3271 3926 nomino
3300 3888 3396 3943 spe
3417 3887 3553 3928 con-

1977 3967 2270 4022 versionis.
2300 3967 2357 4023 Si
2390 3976 2546 4038 pater
2576 3982 2721 4032 sum,
2745 3966 3071 4021 medicinam
3104 3965 3332 4020 adhibeo
3364 3981 3547 4035 parce,

1975 4061 2459 4126 commiseranter,
2494 4070 2763 4115 amanter.
2806 4057 2953 4114 Veiis
2984 4060 3396 4114 tantummodo:
3430 4069 3554 4112 tan-

1975 4153 2257 4208 tummodo
2286 4152 2558 4208 movearis
2586 4170 2600 4207 :
2631 4166 2822 4221 rumpe
2851 4167 2974 4220 qua:
3009 4160 3059 4205 te
3088 4151 3332 4205 detinent
3361 4152 3553 4205 mortis

1975 4247 2212 4301 vincula.
2236 4244 2411 4315 Prope
2436 4246 2591 4301 adest
2619 4244 2711 4300 Dei
2746 4245 3010 4299 au\ilium
3032 4284 3046 4309 ,
3076 4254 3132 4299 et
3162 4244 3283 4299 vitae
3317 4253 3421 4298 tuae
3449 4262 3553 4300 cu-

1977 4349 2090 4392 stos
2113 4339 2339 4409 angelns
2361 4336 2640 4407 gradietur
2661 4347 2787 4390 ante
2809 4346 2880 4391 te.
2905 4335 3170 4390 Gaudium
3193 4335 3299 4390 erit
3323 4335 3553 4403 incmlo,

1979 4430 2185 4501 lugebit
2225 4430 2477 4485 diabolus
2499 4468 2514 4495 ,
2548 4445 2648 4501 ego
2694 4431 2862 4483 miser
2894 4428 3111 4482 inventa
3152 4440 3254 4481 ove
3288 4442 3408 4481 mea
3434 4442 3557 4495 quae

1981 4524 2216 4593 perierat
2248 4523 2621 4588 exsultabo,et
2653 4522 2842 4593 utique
2868 4521 3063 4577 fratres
3092 4524 3169 4577 tui
3203 4538 3415 4578 omnes.
3456 4523 3553 4578 Sin

1983 4617 2189 4679 minus,
2220 4615 2398 4685 praeda
2425 4616 2533 4670 eris
2564 4615 2788 4678 diaboli,
2818 4624 2873 4669 et
2904 4615 3075 4671 lueres
3109 4614 3506 4668 maledictiOuis
3538 4630 3552 4667 :

1983 4723 2089 4778 qua
2123 4708 2354 4774 utinam,
2384 4707 2518 4762 mihi
2547 4707 2808 4764 obediens
2833 4747 2849 4774 ,
2884 4721 3085 4764 etcum
3116 4706 3229 4762 Sila
3265 4708 3432 4762 fratre
3466 4717 3558 4762 tuo

1983 4801 2226 4862 veniens,
2263 4799 2529 4854 libereris.
3610 4802 3613 4805 ’

2383 4991 2489 5047 CX.
2508 5021 2577 5031 —-
2589 4988 2773 5046 ‘Uxori
2814 4989 3151 5045 Demochari.

1571 5104 1863 5155 Consolatur
1883 5105 1934 5157 in
1956 5106 2093 5157 obitu
2118 5106 2303 5157 mariti.

409 5208 527 5277 Ἀφ’
547 5203 615 5280 ἧς
644 5209 858 5281 ἡμέρας
887 5211 1163 5283 ἀνηγγέλη
1194 5214 1323 5284 ἡμῖν
1351 5214 1380 5267 6
1402 5212 1629 5278 θάνατος
1652 5214 1745 5268 τοῦ
1774 5233 1881 5286 μαο

308 5304 504 5375 καρίου
538 5305 871 5376 στρατηγοῦ,
914 5306 1076 5377 μέχρι
1101 5305 1197 5360 τοῦ
1224 5306 1417 5378 δεῦρο,
1454 5307 1626 5362 πολλὰ
1661 5308 1883 5379 δοκιμά-

2062 5214 2136 5267 Ex
2163 5228 2273 5283 quo
2299 5213 2458 5268 nobis
2488 5212 2801 5267 renuntiata
2833 5226 2984 5267 mors
3021 5221 3104 5268 est
3130 5212 3271 5270 beati
3307 5215 3553 5286 magistri

1986 5307 2245 5371 militum,
2268 5307 2334 5361 ad
2371 5307 2519 5361 hunc
2546 5321 2723 5376 usque
2751 5306 2917 5369 diem,
2947 5321 3072 5361 cum
3106 5307 3276 5361 multa
3304 5309 3559 5376 explora—

308 5412 506 5459 σαντες
557 5398 657 5451 οὐκ
709 5398 1073 5470 εύωδώθημεν
1133 5399 1439 5455 ἐπιστεῖλαι
1492 5405 1560 5474 τῇ
1609 5400 1875 5474 τιμιότητί

1988 5401 2269 5466 verimus,
2319 5400 2526 5454 nullam
2574 5399 2913 5456 excellentiae
2959 5407 3066 5455 tua:
3109 5400 3381 5454 scribendi
3418 5400 3555 5452 viam

308 5505 408 5543 σου
431 5505 444 5519 ·
504 5491 599 5544 καὶ
644 5490 741 5544 νῦν
771 5490 829 5545 δέ
873 5492 1276 5557 ἐπιστέλλοντες
1312 5493 1467 5548 οὐδέν
1506 5511 1566 5548 σε
1612 5494 1879 5565 ὠφελεῖν,

1983 5496 2235 5549 idoneam
2285 5494 2432 5551 nacti
2468 5509 2711 5550 sumus:
2758 5502 2815 5549 et
2864 5507 3012 5548 nunc
3056 5508 3181 5548 cum
3230 5492 3557 5555 scribimus,

305 5577 434 5632 οὐδὲ
459 5577 842 5650 ἐλαφροποιεῖν
872 5580 967 5635 τοῦ
998 5580 1200 5654 βάρους
1224 5583 1325 5654 τῆς
1356 5580 1625 5640 ἐνωδύνου
1653 5583 1875 5656 καρδίας

1980 5586 2114 5642 nihil
2142 5586 2339 5658 juvare
2359 5595 2435 5654 te,
2460 5601 2561 5643 nec
2585 5600 2805 5659 gravem
2834 5599 3129 5657 possumus
3153 5584 3335 5640 cordis
3354 5599 3561 5641 moero-

1774 5696 2002 5758 ΝΟΤᾹΣ.

383 5811 541 5884 (6)10
579 5810 700 5869 cod.
727 5811 858 5885 Reg.
890 5820 1004 5886 ptt'.

2101 5821 2175 5889 (7)
2199 5820 2255 5878 lu
2287 5820 2409 5878 cod.
2442 5820 2575 5892 Reg.
2617 5822 2749 5892 pig'.
2783 5820 2859 5893 (")
2895 5819 3244 5887 Paraenetica.
