  <div class='ocr_page' id='page_1' title='image "/cluster/home/n/w/nwhite01/storage/ocr_20150623/99/hvd.32044024464356/693.png"; bbox 0 0 4060 6374; ppageno 0'>
   <div class='ocr_carea' id='block_1_1' title="bbox 507 351 640 419">
    <p class='ocr_par' dir='ltr' id='par_1_1' title="bbox 507 351 640 419">
     <span class='ocr_line' id='line_1_1' title="bbox 507 351 640 419; baseline 0.008 -3"><span class='ocrx_word' id='word_1_1' title='bbox 507 351 640 419; x_wconf 79' lang='lat'><strong>1371</strong></span> 
     </span>
    </p>
   </div>
   <div class='ocr_carea' id='block_1_2' title="bbox 1707 332 2615 422">
    <p class='ocr_par' dir='ltr' id='par_1_2' title="bbox 1707 332 2615 422">
     <span class='ocr_line' id='line_1_2' title="bbox 1707 332 2615 422; baseline 0.003 -4"><span class='ocrx_word' id='word_1_2' title='bbox 1707 357 1769 419; x_wconf 92' lang='lat' dir='ltr'><strong>s.</strong></span> <span class='ocrx_word' id='word_1_3' title='bbox 1797 353 2197 418; x_wconf 74' lang='lat' dir='ltr'><strong>rnnonom</strong></span> <span class='ocrx_word' id='word_1_4' title='bbox 2235 332 2615 422; x_wconf 65' lang='lat' dir='ltr'><strong>s&#39;runrrn</strong></span> 
     </span>
    </p>
   </div>
   <div class='ocr_carea' id='block_1_3' title="bbox 3620 340 3754 406">
    <p class='ocr_par' dir='ltr' id='par_1_3' title="bbox 3620 340 3754 406">
     <span class='ocr_line' id='line_1_3' title="bbox 3620 340 3754 406; baseline 0 0"><span class='ocrx_word' id='word_1_5' title='bbox 3620 340 3754 406; x_wconf 65' lang='grc' dir='ltr'><strong>13η</strong></span> 
     </span>
    </p>
   </div>
   <div class='ocr_carea' id='block_1_4' title="bbox 491 459 2073 544">
    <p class='ocr_par' dir='ltr' id='par_1_4' title="bbox 491 469 2066 544">
     <span class='ocr_line' id='line_1_4' title="bbox 491 469 2066 544; baseline 0.003 -21"><span class='ocrx_word' id='word_1_6' title='bbox 491 485 608 526; x_wconf 86' lang='lat' dir='ltr'><strong>rem</strong></span> <span class='ocrx_word' id='word_1_7' title='bbox 635 469 940 528; x_wconf 81' lang='lat' dir='ltr'><strong>sublevare.</strong></span> <span class='ocrx_word' id='word_1_8' title='bbox 977 471 1110 539; x_wconf 70' lang='lat' dir='ltr'><strong>Quae</strong></span> <span class='ocrx_word' id='word_1_9' title='bbox 1147 472 1292 529; x_wconf 91' lang='lat' dir='ltr'><strong>enim</strong></span> <span class='ocrx_word' id='word_1_10' title='bbox 1350 473 1576 544; x_wconf 87' lang='lat' dir='ltr'><strong>reperiri</strong></span> <span class='ocrx_word' id='word_1_11' title='bbox 1629 484 1796 544; x_wconf 89' lang='lat' dir='ltr'><strong>queat</strong></span> <span class='ocrx_word' id='word_1_12' title='bbox 1856 473 2066 538; x_wconf 86' lang='lat' dir='ltr'><strong>oratio,</strong></span> 
     </span>
    </p>
   </div>
   <div class='ocr_carea' id='block_1_5' title="bbox 2173 459 3751 544">
    <p class='ocr_par' dir='ltr' id='par_1_5' title="bbox 2173 459 3751 543">
     <span class='ocr_line' id='line_1_5' title="bbox 2173 459 3751 543; baseline -0.006 -19"><span class='ocrx_word' id='word_1_13' title='bbox 2173 471 2472 542; x_wconf 85' lang='grc' dir='ltr'><strong>δυνάμεθα.</strong></span> <span class='ocrx_word' id='word_1_14' title='bbox 2545 469 2648 537; x_wconf 88' lang='grc' dir='ltr'><strong>Τίς</strong></span> <span class='ocrx_word' id='word_1_15' title='bbox 2698 467 2808 543; x_wconf 80' lang='grc' dir='ltr'><strong>γάρ</strong></span> <span class='ocrx_word' id='word_1_16' title='bbox 2865 468 2962 526; x_wconf 76' lang='grc' dir='ltr'><strong>καὶ</strong></span> <span class='ocrx_word' id='word_1_17' title='bbox 3013 463 3329 537; x_wconf 78' lang='grc' dir='ltr'><strong>ἐξευρεθεὶη</strong></span> <span class='ocrx_word' id='word_1_18' title='bbox 3379 460 3537 530; x_wconf 74' lang='grc' dir='ltr'><strong>λόγος</strong></span> <span class='ocrx_word' id='word_1_19' title='bbox 3589 459 3751 527; x_wconf 74' lang='grc' dir='ltr'><strong>ἄλγος</strong></span> 
     </span>
    </p>
   </div>
   <div class='ocr_carea' id='block_1_6' title="bbox 491 563 2072 635">
    <p class='ocr_par' dir='ltr' id='par_1_6' title="bbox 491 563 2072 635">
     <span class='ocr_line' id='line_1_6' title="bbox 491 563 2072 635; baseline -0.001 -16"><span class='ocrx_word' id='word_1_20' title='bbox 491 580 617 635; x_wconf 73' lang='lat' dir='ltr'><strong>qua:</strong></span> <span class='ocrx_word' id='word_1_21' title='bbox 643 573 800 620; x_wconf 88' lang='lat' dir='ltr'><strong>tanto</strong></span> <span class='ocrx_word' id='word_1_22' title='bbox 831 565 1004 622; x_wconf 91' lang='lat' dir='ltr'><strong>dolori</strong></span> <span class='ocrx_word' id='word_1_23' title='bbox 1036 566 1355 622; x_wconf 85' lang='lat' dir='ltr'><strong>medeatur?</strong></span> <span class='ocrx_word' id='word_1_24' title='bbox 1392 567 1642 622; x_wconf 81' lang='lat' dir='ltr'><strong>Attamen</strong></span> <span class='ocrx_word' id='word_1_25' title='bbox 1681 573 1742 622; x_wconf 93' lang='lat' dir='ltr'><strong>ut</strong></span> <span class='ocrx_word' id='word_1_26' title='bbox 1777 563 1928 620; x_wconf 87' lang='lat' dir='ltr'><strong>illius</strong></span> <span class='ocrx_word' id='word_1_27' title='bbox 1969 578 2072 618; x_wconf 91' lang='lat' dir='ltr'><strong>nos</strong></span> 
     </span>
    </p>
   </div>
   <div class='ocr_carea' id='block_1_7' title="bbox 493 657 2072 730">
    <p class='ocr_par' dir='ltr' id='par_1_7' title="bbox 493 657 2072 730">
     <span class='ocr_line' id='line_1_7' title="bbox 493 657 2072 730; baseline 0 -18"><span class='ocrx_word' id='word_1_28' title='bbox 493 673 714 728; x_wconf 88' lang='lat' dir='ltr'><strong>quoque</strong></span> <span class='ocrx_word' id='word_1_29' title='bbox 768 657 823 714; x_wconf 91' lang='lat' dir='ltr'><strong>in</strong></span> <span class='ocrx_word' id='word_1_30' title='bbox 861 669 1068 730; x_wconf 85' lang='lat' dir='ltr'><strong>partem</strong></span> <span class='ocrx_word' id='word_1_31' title='bbox 1111 659 1302 714; x_wconf 81' lang='lat' dir='ltr'><strong>venire</strong></span> <span class='ocrx_word' id='word_1_32' title='bbox 1342 660 1698 714; x_wconf 84' lang='lat' dir='ltr'><strong>ostendamus</strong></span> <span class='ocrx_word' id='word_1_33' title='bbox 1725 699 1740 724; x_wconf 95' lang='lat'><strong>,</strong></span> <span class='ocrx_word' id='word_1_34' title='bbox 1792 673 1902 713; x_wconf 92' lang='lat' dir='ltr'><strong>non</strong></span> <span class='ocrx_word' id='word_1_35' title='bbox 1949 658 2072 728; x_wconf 86' lang='lat' dir='ltr'><strong>ejus</strong></span> 
     </span>
    </p>
   </div>
   <div class='ocr_carea' id='block_1_8' title="bbox 495 748 2073 822">
    <p class='ocr_par' dir='ltr' id='par_1_8' title="bbox 495 748 2073 822">
     <span class='ocr_line' id='line_1_8' title="bbox 495 748 2073 822; baseline 0.001 -20"><span class='ocrx_word' id='word_1_36' title='bbox 495 758 709 803; x_wconf 87' lang='lat' dir='ltr'><strong>tantum</strong></span> <span class='ocrx_word' id='word_1_37' title='bbox 733 764 898 804; x_wconf 90' lang='lat' dir='ltr'><strong>causa</strong></span> <span class='ocrx_word' id='word_1_38' title='bbox 933 751 1027 822; x_wconf 89' lang='lat' dir='ltr'><strong>qui</strong></span> <span class='ocrx_word' id='word_1_39' title='bbox 1059 751 1123 806; x_wconf 89' lang='lat' dir='ltr'><strong>ad</strong></span> <span class='ocrx_word' id='word_1_40' title='bbox 1158 751 1451 806; x_wconf 90' lang='lat' dir='ltr'><strong>Dominum</strong></span> <span class='ocrx_word' id='word_1_41' title='bbox 1481 750 1652 817; x_wconf 90' lang='lat' dir='ltr'><strong>abiit;</strong></span> <span class='ocrx_word' id='word_1_42' title='bbox 1683 749 1956 820; x_wconf 88' lang='lat' dir='ltr'><strong>siquidem</strong></span> <span class='ocrx_word' id='word_1_43' title='bbox 1987 748 2073 804; x_wconf 84' lang='lat' dir='ltr'><strong>vir</strong></span> 
     </span>
    </p>
   </div>
   <div class='ocr_carea' id='block_1_9' title="bbox 496 835 2068 910">
    <p class='ocr_par' dir='ltr' id='par_1_9' title="bbox 496 835 2068 910">
     <span class='ocr_line' id='line_1_9' title="bbox 496 835 2068 910; baseline 0.003 -21"><span class='ocrx_word' id='word_1_44' title='bbox 496 835 678 891; x_wconf 88' lang='lat' dir='ltr'><strong>bonus</strong></span> <span class='ocrx_word' id='word_1_45' title='bbox 713 847 768 892; x_wconf 90' lang='lat' dir='ltr'><strong>et</strong></span> <span class='ocrx_word' id='word_1_46' title='bbox 794 839 918 908; x_wconf 91' lang='lat' dir='ltr'><strong>pius</strong></span> <span class='ocrx_word' id='word_1_47' title='bbox 940 881 956 906; x_wconf 95' lang='lat'><strong>,</strong></span> <span class='ocrx_word' id='word_1_48' title='bbox 989 839 1251 896; x_wconf 66' lang='lat' dir='ltr'><strong>doctrina:</strong></span> <span class='ocrx_word' id='word_1_49' title='bbox 1293 839 1612 894; x_wconf 67' lang='lat' dir='ltr'><strong>orthodoxae</strong></span> <span class='ocrx_word' id='word_1_50' title='bbox 1658 849 2068 910; x_wconf 81' lang='lat' dir='ltr'><strong>pr0pugnator,</strong></span> 
     </span>
    </p>
   </div>
   <div class='ocr_carea' id='block_1_10' title="bbox 495 929 2074 1002">
    <p class='ocr_par' dir='ltr' id='par_1_10' title="bbox 495 929 2074 1002">
     <span class='ocr_line' id='line_1_10' title="bbox 495 929 2074 1002; baseline 0.002 -19"><span class='ocrx_word' id='word_1_51' title='bbox 495 929 754 1001; x_wconf 86' lang='lat' dir='ltr'><strong>pacisque</strong></span> <span class='ocrx_word' id='word_1_52' title='bbox 786 931 934 1001; x_wconf 77' lang='lat' dir='ltr'><strong>pugil</strong></span> <span class='ocrx_word' id='word_1_53' title='bbox 963 931 1251 1002; x_wconf 85' lang='lat' dir='ltr'><strong>dereliquit</strong></span> <span class='ocrx_word' id='word_1_54' title='bbox 1319 947 1442 996; x_wconf 90' lang='lat' dir='ltr'><strong>nos,</strong></span> <span class='ocrx_word' id='word_1_55' title='bbox 1474 946 1508 987; x_wconf 89' lang='grc' dir='ltr'><strong>ο</strong></span> <span class='ocrx_word' id='word_1_56' title='bbox 1538 931 1858 987; x_wconf 86' lang='lat' dir='ltr'><strong>calamitas!</strong></span> <span class='ocrx_word' id='word_1_57' title='bbox 1893 933 1988 988; x_wconf 86' lang='lat' dir='ltr'><strong>sed</strong></span> <span class='ocrx_word' id='word_1_58' title='bbox 2018 940 2074 986; x_wconf 88' lang='lat' dir='ltr'><strong>et</strong></span> 
     </span>
    </p>
   </div>
   <div class='ocr_carea' id='block_1_11' title="bbox 496 1019 2074 1091">
    <p class='ocr_par' dir='ltr' id='par_1_11' title="bbox 496 1019 2074 1091">
     <span class='ocr_line' id='line_1_11' title="bbox 496 1019 2074 1091; baseline 0 -18"><span class='ocrx_word' id='word_1_59' title='bbox 496 1020 574 1074; x_wconf 89' lang='lat' dir='ltr'><strong>tui</strong></span> <span class='ocrx_word' id='word_1_60' title='bbox 614 1021 787 1090; x_wconf 79' lang='lat' dir='ltr'><strong>gratia</strong></span> <span class='ocrx_word' id='word_1_61' title='bbox 817 1036 937 1090; x_wconf 68' lang='lat' dir='ltr'><strong>quae</strong></span> <span class='ocrx_word' id='word_1_62' title='bbox 958 1021 1214 1075; x_wconf 83' lang='lat' dir='ltr'><strong>derelicta</strong></span> <span class='ocrx_word' id='word_1_63' title='bbox 1249 1036 1330 1086; x_wconf 91' lang='lat' dir='ltr'><strong>es,</strong></span> <span class='ocrx_word' id='word_1_64' title='bbox 1359 1020 1629 1091; x_wconf 74' lang='lat' dir='ltr'><strong>conjugali</strong></span> <span class='ocrx_word' id='word_1_65' title='bbox 1671 1021 1878 1075; x_wconf 82' lang='lat' dir='ltr'><strong>auxilio</strong></span> <span class='ocrx_word' id='word_1_66' title='bbox 1906 1019 2074 1076; x_wconf 79' lang='lat' dir='ltr'><strong>desti-</strong></span> 
     </span>
    </p>
   </div>
   <div class='ocr_carea' id='block_1_12' title="bbox 495 1111 2067 1182">
    <p class='ocr_par' dir='ltr' id='par_1_12' title="bbox 495 1111 2067 1182">
     <span class='ocr_line' id='line_1_12' title="bbox 495 1111 2067 1182; baseline 0.002 -17"><span class='ocrx_word' id='word_1_67' title='bbox 495 1120 607 1166; x_wconf 92' lang='lat' dir='ltr'><strong>tuta</strong></span> <span class='ocrx_word' id='word_1_68' title='bbox 629 1151 644 1175; x_wconf 94' lang='lat'><strong>,</strong></span> <span class='ocrx_word' id='word_1_69' title='bbox 677 1113 974 1182; x_wconf 62' lang='lat' dir='ltr'><strong>praesertim</strong></span> <span class='ocrx_word' id='word_1_70' title='bbox 1012 1128 1138 1168; x_wconf 92' lang='lat' dir='ltr'><strong>cum</strong></span> <span class='ocrx_word' id='word_1_71' title='bbox 1189 1113 1286 1166; x_wconf 83' lang='lat' dir='ltr'><strong>viri</strong></span> <span class='ocrx_word' id='word_1_72' title='bbox 1342 1127 1532 1168; x_wconf 80' lang='lat' dir='ltr'><strong>amans</strong></span> <span class='ocrx_word' id='word_1_73' title='bbox 1568 1125 1719 1168; x_wconf 89' lang='lat' dir='ltr'><strong>esses</strong></span> <span class='ocrx_word' id='word_1_74' title='bbox 1750 1111 2067 1168; x_wconf 85' lang='lat' dir='ltr'><strong>admodum.</strong></span> 
     </span>
    </p>
   </div>
   <div class='ocr_carea' id='block_1_13' title="bbox 495 1204 2071 1275">
    <p class='ocr_par' dir='ltr' id='par_1_13' title="bbox 495 1204 2071 1275">
     <span class='ocr_line' id='line_1_13' title="bbox 495 1204 2071 1275; baseline 0.002 -19"><span class='ocrx_word' id='word_1_75' title='bbox 495 1205 602 1258; x_wconf 82' lang='lat' dir='ltr'><strong>Sed</strong></span> <span class='ocrx_word' id='word_1_76' title='bbox 637 1205 896 1273; x_wconf 89' lang='lat' dir='ltr'><strong>quoniam</strong></span> <span class='ocrx_word' id='word_1_77' title='bbox 929 1205 1098 1260; x_wconf 84' lang='lat' dir='ltr'><strong>divini</strong></span> <span class='ocrx_word' id='word_1_78' title='bbox 1137 1205 1340 1262; x_wconf 85' lang='lat' dir='ltr'><strong>decreti</strong></span> <span class='ocrx_word' id='word_1_79' title='bbox 1386 1206 1572 1275; x_wconf 82' lang='lat' dir='ltr'><strong>ignara</strong></span> <span class='ocrx_word' id='word_1_80' title='bbox 1620 1220 1730 1260; x_wconf 88' lang='lat' dir='ltr'><strong>non</strong></span> <span class='ocrx_word' id='word_1_81' title='bbox 1770 1221 1866 1260; x_wconf 90' lang='lat' dir='ltr'><strong>es:</strong></span> <span class='ocrx_word' id='word_1_82' title='bbox 1903 1204 2071 1260; x_wconf 85' lang='lat' dir='ltr'><strong><em>Terra</em></strong></span> 
     </span>
    </p>
   </div>
   <div class='ocr_carea' id='block_1_14' title="bbox 493 1295 2073 1364">
    <p class='ocr_par' dir='ltr' id='par_1_14' title="bbox 493 1295 2073 1364">
     <span class='ocr_line' id='line_1_14' title="bbox 493 1295 2073 1364; baseline 0.003 -18"><span class='ocrx_word' id='word_1_83' title='bbox 493 1310 547 1347; x_wconf 82' lang='lat' dir='ltr'><strong>es</strong></span> <span class='ocrx_word' id='word_1_84' title='bbox 569 1335 583 1357; x_wconf 94' lang='lat'><strong>,</strong></span> <span class='ocrx_word' id='word_1_85' title='bbox 622 1303 673 1347; x_wconf 88' lang='lat' dir='ltr'><strong>et</strong></span> <span class='ocrx_word' id='word_1_86' title='bbox 713 1295 766 1348; x_wconf 85' lang='lat' dir='ltr'><strong>in</strong></span> <span class='ocrx_word' id='word_1_87' title='bbox 800 1305 998 1350; x_wconf 85' lang='lat' dir='ltr'><strong>terram</strong></span> <span class='ocrx_word' id='word_1_88' title='bbox 1025 1299 1294 1352; x_wconf 78' lang='lat' dir='ltr'><strong>reverteris</strong></span> <span class='ocrx_word' id='word_1_89' title='bbox 1330 1298 1411 1364; x_wconf 87' lang='grc'><strong>¹³;</strong></span> <span class='ocrx_word' id='word_1_90' title='bbox 1456 1309 1511 1352; x_wconf 84' lang='lat' dir='ltr'><strong>et</strong></span> <span class='ocrx_word' id='word_1_91' title='bbox 1545 1313 1764 1352; x_wconf 83' lang='lat' dir='ltr'><strong>rursum</strong></span> <span class='ocrx_word' id='word_1_92' title='bbox 1796 1317 1809 1352; x_wconf 90' lang='lat'>:</span> <span class='ocrx_word' id='word_1_93' title='bbox 1861 1296 1930 1351; x_wconf 88' lang='lat' dir='ltr'><strong>Ut</strong></span> <span class='ocrx_word' id='word_1_94' title='bbox 1968 1313 2073 1351; x_wconf 86' lang='lat' dir='ltr'><strong>non</strong></span> 
     </span>
    </p>
   </div>
   <div class='ocr_carea' id='block_1_15' title="bbox 495 1385 2070 1462">
    <p class='ocr_par' dir='ltr' id='par_1_15' title="bbox 495 1385 2070 1462">
     <span class='ocr_line' id='line_1_15' title="bbox 495 1385 2070 1462; baseline 0.004 -24"><span class='ocrx_word' id='word_1_95' title='bbox 495 1387 884 1441; x_wconf 81' lang='lat' dir='ltr'><strong>contristemini</strong></span> <span class='ocrx_word' id='word_1_96' title='bbox 929 1391 992 1441; x_wconf 90' lang='lat' dir='ltr'><strong>de</strong></span> <span class='ocrx_word' id='word_1_97' title='bbox 1038 1385 1456 1456; x_wconf 79' lang='lat' dir='ltr'><strong>dormientibus,</strong></span> <span class='ocrx_word' id='word_1_98' title='bbox 1510 1391 1646 1443; x_wconf 83' lang='lat' dir='ltr'><strong>sicut</strong></span> <span class='ocrx_word' id='word_1_99' title='bbox 1686 1400 1736 1444; x_wconf 87' lang='lat' dir='ltr'><strong>et</strong></span> <span class='ocrx_word' id='word_1_100' title='bbox 1777 1389 1951 1446; x_wconf 72' lang='lat' dir='ltr'><strong>ueteri</strong></span> <span class='ocrx_word' id='word_1_101' title='bbox 1980 1391 2070 1462; x_wconf 78' lang='lat' dir='ltr'><strong>qui</strong></span> 
     </span>
    </p>
   </div>
   <div class='ocr_carea' id='block_1_16' title="bbox 496 1481 2072 1548">
    <p class='ocr_par' dir='ltr' id='par_1_16' title="bbox 496 1481 2072 1548">
     <span class='ocr_line' id='line_1_16' title="bbox 496 1481 2072 1548; baseline 0.005 -17"><span class='ocrx_word' id='word_1_102' title='bbox 496 1495 640 1547; x_wconf 71' lang='lat' dir='ltr'><strong>spem</strong></span> <span class='ocrx_word' id='word_1_103' title='bbox 671 1497 770 1532; x_wconf 87' lang='lat' dir='ltr'><strong>non</strong></span> <span class='ocrx_word' id='word_1_104' title='bbox 799 1481 988 1535; x_wconf 72' lang='lat' dir='ltr'><strong>habent</strong></span> <span class='ocrx_word' id='word_1_105' title='bbox 1025 1481 1102 1548; x_wconf 64' lang='grc' dir='ltr'><strong>ἐς</strong></span> <span class='ocrx_word' id='word_1_106' title='bbox 1139 1497 1263 1536; x_wconf 86' lang='lat' dir='ltr'><strong>cum</strong></span> <span class='ocrx_word' id='word_1_107' title='bbox 1305 1483 1378 1536; x_wconf 87' lang='lat' dir='ltr'><strong>illi</strong></span> <span class='ocrx_word' id='word_1_108' title='bbox 1411 1498 1440 1537; x_wconf 92' lang='lat' dir='ltr'><strong>a</strong></span> <span class='ocrx_word' id='word_1_109' title='bbox 1473 1481 1582 1538; x_wconf 92' lang='lat' dir='ltr'><strong>Deo</strong></span> <span class='ocrx_word' id='word_1_110' title='bbox 1613 1482 1913 1538; x_wconf 86' lang='lat' dir='ltr'><strong>adducendi</strong></span> <span class='ocrx_word' id='word_1_111' title='bbox 1961 1483 2072 1540; x_wconf 83' lang='lat' dir='ltr'><strong>sint</strong></span> 
     </span>
    </p>
   </div>
   <div class='ocr_carea' id='block_1_17' title="bbox 495 1569 2072 1644">
    <p class='ocr_par' dir='ltr' id='par_1_17' title="bbox 495 1569 2072 1644">
     <span class='ocr_line' id='line_1_17' title="bbox 495 1569 2072 1644; baseline 0.003 -18"><span class='ocrx_word' id='word_1_112' title='bbox 495 1586 618 1626; x_wconf 89' lang='lat' dir='ltr'><strong>cum</strong></span> <span class='ocrx_word' id='word_1_113' title='bbox 651 1569 777 1628; x_wconf 87' lang='lat' dir='ltr'><strong>Jesu</strong></span> <span class='ocrx_word' id='word_1_114' title='bbox 819 1574 875 1628; x_wconf 91' lang='lat' dir='ltr'><strong>in</strong></span> <span class='ocrx_word' id='word_1_115' title='bbox 904 1575 1339 1631; x_wconf 82' lang='lat' dir='ltr'><strong>resurrectione:</strong></span> <span class='ocrx_word' id='word_1_116' title='bbox 1374 1575 1657 1630; x_wconf 78' lang='lat' dir='ltr'><strong>hortamur</strong></span> <span class='ocrx_word' id='word_1_117' title='bbox 1679 1584 1734 1632; x_wconf 92' lang='lat' dir='ltr'><strong>et</strong></span> <span class='ocrx_word' id='word_1_118' title='bbox 1756 1592 1977 1644; x_wconf 82' lang='lat' dir='ltr'><strong>oramus</strong></span> <span class='ocrx_word' id='word_1_119' title='bbox 2013 1583 2072 1631; x_wconf 90' lang='lat' dir='ltr'><strong>ut</strong></span> 
     </span>
    </p>
   </div>
   <div class='ocr_carea' id='block_1_18' title="bbox 495 1662 2055 1740">
    <p class='ocr_par' dir='ltr' id='par_1_18' title="bbox 495 1662 2055 1740">
     <span class='ocr_line' id='line_1_18' title="bbox 495 1662 2055 1740; baseline 0.006 -24"><span class='ocrx_word' id='word_1_120' title='bbox 495 1662 726 1718; x_wconf 86' lang='lat' dir='ltr'><strong>nimium</strong></span> <span class='ocrx_word' id='word_1_121' title='bbox 759 1664 1002 1720; x_wconf 80' lang='lat' dir='ltr'><strong>dolorem</strong></span> <span class='ocrx_word' id='word_1_122' title='bbox 1039 1667 1296 1736; x_wconf 85' lang='lat' dir='ltr'><strong>abjicias,</strong></span> <span class='ocrx_word' id='word_1_123' title='bbox 1327 1667 1758 1722; x_wconf 88' lang='lat' dir='ltr'><strong>consolationem</strong></span> <span class='ocrx_word' id='word_1_124' title='bbox 1814 1669 2055 1740; x_wconf 81' lang='lat' dir='ltr'><strong>aliquam</strong></span> 
     </span>
    </p>
   </div>
   <div class='ocr_carea' id='block_1_19' title="bbox 496 1756 2069 1838">
    <p class='ocr_par' dir='ltr' id='par_1_19' title="bbox 496 1756 2069 1830">
     <span class='ocr_line' id='line_1_19' title="bbox 496 1756 2069 1830; baseline 0.005 -22"><span class='ocrx_word' id='word_1_125' title='bbox 496 1756 753 1824; x_wconf 81' lang='lat' dir='ltr'><strong>accipias,</strong></span> <span class='ocrx_word' id='word_1_126' title='bbox 785 1759 850 1810; x_wconf 88' lang='lat' dir='ltr'><strong>ad</strong></span> <span class='ocrx_word' id='word_1_127' title='bbox 880 1765 930 1810; x_wconf 84' lang='lat' dir='ltr'><strong>te</strong></span> <span class='ocrx_word' id='word_1_128' title='bbox 961 1758 1170 1820; x_wconf 85' lang='lat' dir='ltr'><strong>redeas,</strong></span> <span class='ocrx_word' id='word_1_129' title='bbox 1203 1757 1446 1811; x_wconf 86' lang='lat' dir='ltr'><strong>animum</strong></span> <span class='ocrx_word' id='word_1_130' title='bbox 1478 1758 1789 1815; x_wconf 80' lang='lat' dir='ltr'><strong>exhilares:</strong></span> <span class='ocrx_word' id='word_1_131' title='bbox 1819 1761 2069 1830; x_wconf 85' lang='lat' dir='ltr'><strong>quando-</strong></span> 
     </span>
    </p>
   </div>
   <div class='ocr_carea' id='block_1_20' title="bbox 2174 552 3749 638">
    <p class='ocr_par' dir='ltr' id='par_1_20' title="bbox 2174 552 3749 638">
     <span class='ocr_line' id='line_1_20' title="bbox 2174 552 3749 638; baseline -0.006 -18"><span class='ocrx_word' id='word_1_132' title='bbox 2174 564 2430 619; x_wconf 84' lang='grc' dir='ltr'><strong>τοσοῦτον</strong></span> <span class='ocrx_word' id='word_1_133' title='bbox 2454 562 2816 638; x_wconf 87' lang='grc' dir='ltr'><strong>θεραπεύειν;</strong></span> <span class='ocrx_word' id='word_1_134' title='bbox 2856 560 3000 617; x_wconf 83' lang='grc' dir='ltr'><strong>Ἀλλ’</strong></span> <span class='ocrx_word' id='word_1_135' title='bbox 3029 560 3119 614; x_wconf 80' lang='grc' dir='ltr'><strong>ἵνα</strong></span> <span class='ocrx_word' id='word_1_136' title='bbox 3152 554 3494 627; x_wconf 81' lang='grc' dir='ltr'><strong>καταδήλους</strong></span> <span class='ocrx_word' id='word_1_137' title='bbox 3524 552 3749 610; x_wconf 68' lang='grc' dir='ltr'><strong>ἑαυτοὺς</strong></span> 
     </span>
    </p>
   </div>
   <div class='ocr_carea' id='block_1_21' title="bbox 2173 642 3752 728">
    <p class='ocr_par' dir='ltr' id='par_1_21' title="bbox 2173 642 3752 728">
     <span class='ocr_line' id='line_1_21' title="bbox 2173 642 3752 728; baseline -0.009 -17"><span class='ocrx_word' id='word_1_138' title='bbox 2173 658 2493 728; x_wconf 85' lang='grc' dir='ltr'><strong>ποιήσωμεν</strong></span> <span class='ocrx_word' id='word_1_139' title='bbox 2506 656 2582 721; x_wconf 85' lang='grc' dir='ltr'><strong>ὡς</strong></span> <span class='ocrx_word' id='word_1_140' title='bbox 2613 655 2955 728; x_wconf 77' lang='grc' dir='ltr'><strong>μετέσχομεν</strong></span> <span class='ocrx_word' id='word_1_141' title='bbox 2977 651 3076 706; x_wconf 71' lang='grc' dir='ltr'><strong>καὶ</strong></span> <span class='ocrx_word' id='word_1_142' title='bbox 3103 648 3260 706; x_wconf 71' lang='grc' dir='ltr'><strong>αὐτοὶ</strong></span> <span class='ocrx_word' id='word_1_143' title='bbox 3281 645 3481 715; x_wconf 81' lang='grc' dir='ltr'><strong>λύπης,</strong></span> <span class='ocrx_word' id='word_1_144' title='bbox 3503 645 3565 698; x_wconf 86' lang='grc' dir='ltr'><strong>οὐ</strong></span> <span class='ocrx_word' id='word_1_145' title='bbox 3595 642 3752 715; x_wconf 81' lang='grc' dir='ltr'><strong>μόνον</strong></span> 
     </span>
    </p>
   </div>
   <div class='ocr_carea' id='block_1_22' title="bbox 2172 735 3753 824">
    <p class='ocr_par' dir='ltr' id='par_1_22' title="bbox 2172 735 3753 824">
     <span class='ocr_line' id='line_1_22' title="bbox 2172 735 3753 824; baseline -0.01 -20"><span class='ocrx_word' id='word_1_146' title='bbox 2172 750 2267 805; x_wconf 74' lang='grc' dir='ltr'><strong>ἐπὶ</strong></span> <span class='ocrx_word' id='word_1_147' title='bbox 2302 751 2380 824; x_wconf 84' lang='grc' dir='ltr'><strong>τῷ</strong></span> <span class='ocrx_word' id='word_1_148' title='bbox 2413 751 2782 823; x_wconf 83' lang='grc' dir='ltr'><strong>ὲνδημήσαντι</strong></span> <span class='ocrx_word' id='word_1_149' title='bbox 2820 747 2958 819; x_wconf 81' lang='grc' dir='ltr'><strong>πρὸς</strong></span> <span class='ocrx_word' id='word_1_150' title='bbox 2989 744 3227 817; x_wconf 82' lang='grc' dir='ltr'><strong>Κύριον·</strong></span> <span class='ocrx_word' id='word_1_151' title='bbox 3258 743 3342 796; x_wconf 83' lang='grc' dir='ltr'><strong>ὅτι</strong></span> <span class='ocrx_word' id='word_1_152' title='bbox 3384 740 3526 810; x_wconf 83' lang='grc' dir='ltr'><strong>ἀνὴρ</strong></span> <span class='ocrx_word' id='word_1_153' title='bbox 3549 735 3753 806; x_wconf 79' lang='grc' dir='ltr'><strong>ἀγαθὸς</strong></span> 
     </span>
    </p>
   </div>
   <div class='ocr_carea' id='block_1_23' title="bbox 2172 826 3752 915">
    <p class='ocr_par' dir='ltr' id='par_1_23' title="bbox 2172 826 3752 915">
     <span class='ocr_line' id='line_1_23' title="bbox 2172 826 3752 915; baseline -0.011 -17"><span class='ocrx_word' id='word_1_154' title='bbox 2172 843 2268 898; x_wconf 76' lang='grc' dir='ltr'><strong>καὶ</strong></span> <span class='ocrx_word' id='word_1_155' title='bbox 2297 842 2566 914; x_wconf 78' lang='grc' dir='ltr'><strong>εὐσεϐὴς,</strong></span> <span class='ocrx_word' id='word_1_156' title='bbox 2602 842 2889 915; x_wconf 79' lang='grc' dir='ltr'><strong>πρόμαχος</strong></span> <span class='ocrx_word' id='word_1_157' title='bbox 2930 836 3273 910; x_wconf 82' lang='grc' dir='ltr'><strong>όρθοδοξίας,</strong></span> <span class='ocrx_word' id='word_1_158' title='bbox 3313 832 3408 886; x_wconf 60' lang='grc' dir='ltr'><strong>καλ⁵</strong></span> <span class='ocrx_word' id='word_1_159' title='bbox 3443 826 3752 898; x_wconf 79' lang='grc' dir='ltr'><strong>ἀγωνιστὴς</strong></span> 
     </span>
    </p>
   </div>
   <div class='ocr_carea' id='block_1_24' title="bbox 2172 917 3755 1006">
    <p class='ocr_par' dir='ltr' id='par_1_24' title="bbox 2172 917 3755 1006">
     <span class='ocr_line' id='line_1_24' title="bbox 2172 917 3755 1006; baseline -0.011 -16"><span class='ocrx_word' id='word_1_160' title='bbox 2172 935 2419 1006; x_wconf 79' lang='grc' dir='ltr'><strong>εἰρήνης,</strong></span> <span class='ocrx_word' id='word_1_161' title='bbox 2454 934 2814 989; x_wconf 79' lang='grc' dir='ltr'><strong>ἀπολέλοιπεν</strong></span> <span class='ocrx_word' id='word_1_162' title='bbox 2851 933 3022 1004; x_wconf 80' lang='grc' dir='ltr'><strong>ἡμᾶς.</strong></span> <span class='ocrx_word' id='word_1_163' title='bbox 3051 927 3098 982; x_wconf 85' lang='grc' dir='ltr'><strong>ὣ</strong></span> <span class='ocrx_word' id='word_1_164' title='bbox 3121 928 3224 999; x_wconf 82' lang='grc' dir='ltr'><strong>τῆς</strong></span> <span class='ocrx_word' id='word_1_165' title='bbox 3251 923 3576 996; x_wconf 74' lang='grc' dir='ltr'><strong>συμφορᾶςι</strong></span> <span class='ocrx_word' id='word_1_166' title='bbox 3618 917 3755 974; x_wconf 84' lang='grc' dir='ltr'><strong>ἀλλά</strong></span> 
     </span>
    </p>
   </div>
   <div class='ocr_carea' id='block_1_25' title="bbox 2172 1012 3752 1099">
    <p class='ocr_par' dir='ltr' id='par_1_25' title="bbox 2172 1012 3752 1099">
     <span class='ocr_line' id='line_1_25' title="bbox 2172 1012 3752 1099; baseline -0.004 -17"><span class='ocrx_word' id='word_1_167' title='bbox 2172 1028 2267 1082; x_wconf 74' lang='grc' dir='ltr'><strong>καὶ</strong></span> <span class='ocrx_word' id='word_1_168' title='bbox 2287 1028 2380 1082; x_wconf 72' lang='grc' dir='ltr'><strong>ἐπὶ</strong></span> <span class='ocrx_word' id='word_1_169' title='bbox 2403 1028 2486 1082; x_wconf 75' lang='grc' dir='ltr'><strong>σοὶ</strong></span> <span class='ocrx_word' id='word_1_170' title='bbox 2505 1029 2572 1099; x_wconf 79' lang='grc' dir='ltr'><strong>τῇ</strong></span> <span class='ocrx_word' id='word_1_171' title='bbox 2605 1023 3032 1096; x_wconf 82' lang='grc' dir='ltr'><strong>καταλειφθείσῃ</strong></span> <span class='ocrx_word' id='word_1_172' title='bbox 3062 1022 3256 1093; x_wconf 76' lang='grc' dir='ltr'><strong>ἐρήμῳ</strong></span> <span class='ocrx_word' id='word_1_173' title='bbox 3288 1018 3387 1089; x_wconf 81' lang='grc' dir='ltr'><strong>τῆς</strong></span> <span class='ocrx_word' id='word_1_174' title='bbox 3415 1012 3752 1087; x_wconf 74' lang='grc' dir='ltr'><strong>ὁμοζυγικῆς</strong></span> 
     </span>
    </p>
   </div>
   <div class='ocr_carea' id='block_1_26' title="bbox 2171 1103 3752 1192">
    <p class='ocr_par' dir='ltr' id='par_1_26' title="bbox 2171 1103 3752 1192">
     <span class='ocr_line' id='line_1_26' title="bbox 2171 1103 3752 1192; baseline -0.011 -20"><span class='ocrx_word' id='word_1_175' title='bbox 2171 1118 2515 1192; x_wconf 79' lang='grc' dir='ltr'><strong>ἐπικουρίας,</strong></span> <span class='ocrx_word' id='word_1_176' title='bbox 2552 1118 2732 1184; x_wconf 80' lang='grc' dir='ltr'><strong>ἄλλως</strong></span> <span class='ocrx_word' id='word_1_177' title='bbox 2759 1135 2820 1171; x_wconf 88' lang='grc' dir='ltr'><strong>τε</strong></span> <span class='ocrx_word' id='word_1_178' title='bbox 2855 1117 2951 1171; x_wconf 77' lang='grc' dir='ltr'><strong>καὶ</strong></span> <span class='ocrx_word' id='word_1_179' title='bbox 2990 1111 3360 1185; x_wconf 77' lang='grc' dir='ltr'><strong>φιλανδρούσῃ</strong></span> <span class='ocrx_word' id='word_1_180' title='bbox 3385 1108 3529 1162; x_wconf 83' lang='grc' dir='ltr'><strong>λίαν.</strong></span> <span class='ocrx_word' id='word_1_181' title='bbox 3561 1103 3752 1166; x_wconf 86' lang='grc' dir='ltr'><strong>Οῦτως</strong></span> 
     </span>
    </p>
   </div>
   <div class='ocr_carea' id='block_1_27' title="bbox 2171 1194 3748 1281">
    <p class='ocr_par' dir='ltr' id='par_1_27' title="bbox 2171 1194 3748 1281">
     <span class='ocr_line' id='line_1_27' title="bbox 2171 1194 3748 1281; baseline -0.011 -17"><span class='ocrx_word' id='word_1_182' title='bbox 2171 1205 2264 1264; x_wconf 85' lang='grc' dir='ltr'><strong>οῦν</strong></span> <span class='ocrx_word' id='word_1_183' title='bbox 2319 1208 2748 1281; x_wconf 82' lang='grc' dir='ltr'><strong>ἀπαραμύθητον</strong></span> <span class='ocrx_word' id='word_1_184' title='bbox 2803 1206 2864 1261; x_wconf 80' lang='grc' dir='ltr'><strong>τὸ</strong></span> <span class='ocrx_word' id='word_1_185' title='bbox 2924 1203 3097 1266; x_wconf 80' lang='grc' dir='ltr'><strong>πάθος</strong></span> <span class='ocrx_word' id='word_1_186' title='bbox 3149 1199 3436 1266; x_wconf 81' lang='grc' dir='ltr'><strong>ἀπέδειξεν</strong></span> <span class='ocrx_word' id='word_1_187' title='bbox 3495 1198 3523 1250; x_wconf 87' lang='grc' dir='ltr'>ὁ</span> <span class='ocrx_word' id='word_1_188' title='bbox 3569 1194 3748 1262; x_wconf 84' lang='grc' dir='ltr'><strong>λόγος.</strong></span> 
     </span>
    </p>
   </div>
   <div class='ocr_carea' id='block_1_28' title="bbox 2184 1286 3749 1358">
    <p class='ocr_par' dir='ltr' id='par_1_28' title="bbox 2184 1286 3749 1358">
     <span class='ocr_line' id='line_1_28' title="bbox 2184 1286 3749 1358; baseline -0.01 -5"><span class='ocrx_word' id='word_1_189' title='bbox 2184 1299 2322 1353; x_wconf 85' lang='grc' dir='ltr'><strong>Ἀλλ’</strong></span> <span class='ocrx_word' id='word_1_190' title='bbox 2365 1300 2489 1354; x_wconf 71' lang='grc' dir='ltr'><strong>ἐπεὶ</strong></span> <span class='ocrx_word' id='word_1_191' title='bbox 2515 1299 2616 1352; x_wconf 83' lang='grc' dir='ltr'><strong>οὐκ</strong></span> <span class='ocrx_word' id='word_1_192' title='bbox 2646 1294 2697 1352; x_wconf 77' lang='grc' dir='ltr'><strong>εἴ</strong></span> <span class='ocrx_word' id='word_1_193' title='bbox 2727 1297 3016 1358; x_wconf 80' lang='grc' dir='ltr'><strong>ἀδίδακτος</strong></span> <span class='ocrx_word' id='word_1_194' title='bbox 3043 1291 3137 1348; x_wconf 88' lang='grc' dir='ltr'><strong>τοῦ</strong></span> <span class='ocrx_word' id='word_1_195' title='bbox 3167 1291 3314 1344; x_wconf 88' lang='grc' dir='ltr'><strong>θείου</strong></span> <span class='ocrx_word' id='word_1_196' title='bbox 3353 1286 3749 1357; x_wconf 83' lang='grc' dir='ltr'><strong>διατάγματος.</strong></span> 
     </span>
    </p>
   </div>
   <div class='ocr_carea' id='block_1_29' title="bbox 2171 1378 3750 1462">
    <p class='ocr_par' dir='ltr' id='par_1_29' title="bbox 2171 1378 3750 1462">
     <span class='ocr_line' id='line_1_29' title="bbox 2171 1378 3750 1462; baseline -0.012 -16"><span class='ocrx_word' id='word_1_197' title='bbox 2171 1392 2252 1446; x_wconf 83' lang='grc' dir='ltr'><strong>ὅτι</strong></span> <span class='ocrx_word' id='word_1_198' title='bbox 2274 1391 2365 1462; x_wconf 84' lang='grc' dir='ltr'><strong>Γῆ</strong></span> <span class='ocrx_word' id='word_1_199' title='bbox 2390 1388 2465 1457; x_wconf 74' lang='grc' dir='ltr'><strong>εἷ,</strong></span> <span class='ocrx_word' id='word_1_200' title='bbox 2500 1391 2599 1446; x_wconf 78' lang='grc' dir='ltr'><strong>καί</strong></span> <span class='ocrx_word' id='word_1_201' title='bbox 2625 1393 2713 1455; x_wconf 84' lang='grc' dir='ltr'><strong>εις</strong></span> <span class='ocrx_word' id='word_1_202' title='bbox 2731 1389 2851 1460; x_wconf 78' lang='grc' dir='ltr'><strong>γῆν</strong></span> <span class='ocrx_word' id='word_1_203' title='bbox 2885 1386 3226 1452; x_wconf 80' lang='grc' dir='ltr'><strong>ἀπελεύσῃ.</strong></span> <span class='ocrx_word' id='word_1_204' title='bbox 3263 1381 3374 1435; x_wconf 77' lang='grc' dir='ltr'><strong>Καὶ</strong></span> <span class='ocrx_word' id='word_1_205' title='bbox 3399 1378 3580 1434; x_wconf 88' lang='grc' dir='ltr'><strong>πάλιν·</strong></span> <span class='ocrx_word' id='word_1_206' title='bbox 3614 1379 3750 1430; x_wconf 73' lang='grc' dir='ltr'><strong>Ἵνα</strong></span> 
     </span>
    </p>
   </div>
   <div class='ocr_carea' id='block_1_30' title="bbox 2165 1469 3751 1558">
    <p class='ocr_par' dir='ltr' id='par_1_30' title="bbox 2165 1469 3751 1558">
     <span class='ocr_line' id='line_1_30' title="bbox 2165 1469 3751 1558; baseline -0.013 -16"><span class='ocrx_word' id='word_1_207' title='bbox 2165 1486 2252 1558; x_wconf 81' lang='grc' dir='ltr'><strong>μὴ</strong></span> <span class='ocrx_word' id='word_1_208' title='bbox 2276 1486 2374 1540; x_wconf 78' lang='grc' dir='ltr'><strong>ἐπὶ</strong></span> <span class='ocrx_word' id='word_1_209' title='bbox 2398 1483 2524 1551; x_wconf 85' lang='grc' dir='ltr'><strong>τοῖς</strong></span> <span class='ocrx_word' id='word_1_210' title='bbox 2539 1479 2991 1552; x_wconf 80' lang='grc' dir='ltr'><strong>κεκοιμημένοις</strong></span> <span class='ocrx_word' id='word_1_211' title='bbox 3015 1476 3322 1545; x_wconf 78' lang='grc' dir='ltr'><strong>λυπῆσθε,</strong></span> <span class='ocrx_word' id='word_1_212' title='bbox 3349 1471 3542 1538; x_wconf 81' lang='grc' dir='ltr'><strong>καθὼς</strong></span> <span class='ocrx_word' id='word_1_213' title='bbox 3571 1469 3673 1524; x_wconf 77' lang='grc' dir='ltr'><strong>καί</strong></span> <span class='ocrx_word' id='word_1_214' title='bbox 3696 1470 3751 1522; x_wconf 83' lang='grc' dir='ltr'><strong>οι</strong></span> 
     </span>
    </p>
   </div>
   <div class='ocr_carea' id='block_1_31' title="bbox 2169 1561 3752 1642">
    <p class='ocr_par' dir='ltr' id='par_1_31' title="bbox 2169 1561 3752 1642">
     <span class='ocr_line' id='line_1_31' title="bbox 2169 1561 3752 1642; baseline -0.013 -11"><span class='ocrx_word' id='word_1_215' title='bbox 2169 1575 2374 1631; x_wconf 73' lang='grc' dir='ltr'><strong>λοιποὶ</strong></span> <span class='ocrx_word' id='word_1_216' title='bbox 2409 1575 2465 1628; x_wconf 81' lang='grc' dir='ltr'><strong>οἱ</strong></span> <span class='ocrx_word' id='word_1_217' title='bbox 2507 1573 2589 1642; x_wconf 78' lang='grc' dir='ltr'><strong>μὴ</strong></span> <span class='ocrx_word' id='word_1_218' title='bbox 2634 1571 2880 1642; x_wconf 78' lang='grc' dir='ltr'><strong>ἔχοντες</strong></span> <span class='ocrx_word' id='word_1_219' title='bbox 2930 1567 3184 1622; x_wconf 77' lang='grc' dir='ltr'><strong>ἐλπίδα·</strong></span> <span class='ocrx_word' id='word_1_220' title='bbox 3234 1565 3310 1627; x_wconf 82' lang='grc' dir='ltr'><strong>ὡς</strong></span> <span class='ocrx_word' id='word_1_221' title='bbox 3347 1561 3752 1633; x_wconf 84' lang='grc' dir='ltr'><strong>ἀχθησομένοις</strong></span> 
     </span>
    </p>
   </div>
   <div class='ocr_carea' id='block_1_32' title="bbox 2173 1653 3752 1737">
    <p class='ocr_par' dir='ltr' id='par_1_32' title="bbox 2173 1653 3752 1737">
     <span class='ocr_line' id='line_1_32' title="bbox 2173 1653 3752 1737; baseline -0.014 -15"><span class='ocrx_word' id='word_1_222' title='bbox 2173 1668 2272 1722; x_wconf 83' lang='grc' dir='ltr'><strong>σὺν</strong></span> <span class='ocrx_word' id='word_1_223' title='bbox 2309 1667 2390 1737; x_wconf 82' lang='grc' dir='ltr'><strong>τῷ</strong></span> <span class='ocrx_word' id='word_1_224' title='bbox 2433 1665 2611 1737; x_wconf 82' lang='grc' dir='ltr'><strong>Ἰησοῦ</strong></span> <span class='ocrx_word' id='word_1_225' title='bbox 2665 1664 2770 1718; x_wconf 80' lang='grc' dir='ltr'><strong>ὑπὸ</strong></span> <span class='ocrx_word' id='word_1_226' title='bbox 2817 1659 2954 1715; x_wconf 83' lang='grc' dir='ltr'><strong>Θεοῦ</strong></span> <span class='ocrx_word' id='word_1_227' title='bbox 2995 1661 3054 1712; x_wconf 86' lang='grc' dir='ltr'><strong>ὲν</strong></span> <span class='ocrx_word' id='word_1_228' title='bbox 3086 1660 3154 1730; x_wconf 81' lang='grc' dir='ltr'><strong>τῇ</strong></span> <span class='ocrx_word' id='word_1_229' title='bbox 3197 1653 3528 1710; x_wconf 78' lang='grc' dir='ltr'><strong>ἀναστάσει·</strong></span> <span class='ocrx_word' id='word_1_230' title='bbox 3568 1665 3752 1721; x_wconf 87' lang='grc' dir='ltr'><strong>παρα-</strong></span> 
     </span>
    </p>
   </div>
   <div class='ocr_carea' id='block_1_33' title="bbox 2174 1741 3752 1831">
    <p class='ocr_par' dir='ltr' id='par_1_33' title="bbox 2174 1741 3752 1831">
     <span class='ocr_line' id='line_1_33' title="bbox 2174 1741 3752 1831; baseline -0.014 -16"><span class='ocrx_word' id='word_1_231' title='bbox 2174 1758 2448 1831; x_wconf 80' lang='grc' dir='ltr'><strong>καλοῦμεν</strong></span> <span class='ocrx_word' id='word_1_232' title='bbox 2500 1758 2589 1812; x_wconf 65' lang='grc' dir='ltr'><strong>καῖ</strong></span> <span class='ocrx_word' id='word_1_233' title='bbox 2642 1753 3034 1824; x_wconf 87' lang='grc' dir='ltr'><strong>ἀντιϐολοῦμεν</strong></span> <span class='ocrx_word' id='word_1_234' title='bbox 3086 1748 3324 1804; x_wconf 83' lang='grc' dir='ltr'><strong>κενῶσαί</strong></span> <span class='ocrx_word' id='word_1_235' title='bbox 3383 1762 3444 1800; x_wconf 89' lang='grc' dir='ltr'><strong>σε</strong></span> <span class='ocrx_word' id='word_1_236' title='bbox 3502 1743 3564 1798; x_wconf 82' lang='grc' dir='ltr'><strong>τὸ</strong></span> <span class='ocrx_word' id='word_1_237' title='bbox 3615 1741 3752 1795; x_wconf 78' lang='grc' dir='ltr'><strong>πολὺ</strong></span> 
     </span>
    </p>
   </div>
   <div class='ocr_carea' id='block_1_34' title="bbox 495 1819 2073 1924">
    <p class='ocr_par' dir='ltr' id='par_1_34' title="bbox 495 1819 2072 1916">
     <span class='ocr_line' id='line_1_34' title="bbox 495 1819 2072 1916; baseline 0.007 -16"><span class='ocrx_word' id='word_1_238' title='bbox 495 1819 962 1916; x_wconf 75' lang='lat' dir='ltr'><strong>quidemliberos</strong></span> <span class='ocrx_word' id='word_1_239' title='bbox 1024 1819 1215 1912; x_wconf 82' lang='lat' dir='ltr'><strong>habes,</strong></span> <span class='ocrx_word' id='word_1_240' title='bbox 1264 1857 1318 1904; x_wconf 91' lang='lat' dir='ltr'><strong>et</strong></span> <span class='ocrx_word' id='word_1_241' title='bbox 1374 1847 1578 1904; x_wconf 79' lang='lat' dir='ltr'><strong>familia</strong></span> <span class='ocrx_word' id='word_1_242' title='bbox 1630 1851 1725 1904; x_wconf 89' lang='lat' dir='ltr'><strong>tibi</strong></span> <span class='ocrx_word' id='word_1_243' title='bbox 1757 1819 1854 1907; x_wconf 70' lang='lat' dir='ltr'><strong>est</strong></span> <span class='ocrx_word' id='word_1_244' title='bbox 1891 1853 2072 1912; x_wconf 87' lang='lat' dir='ltr'><strong>indole</strong></span> 
     </span>
    </p>
   </div>
   <div class='ocr_carea' id='block_1_35' title="bbox 2173 1819 3752 1924">
    <p class='ocr_par' dir='ltr' id='par_1_35' title="bbox 2173 1819 3752 1924">
     <span class='ocr_line' id='line_1_35' title="bbox 2173 1819 3752 1924; baseline -0.013 -17"><span class='ocrx_word' id='word_1_245' title='bbox 2173 1853 2268 1924; x_wconf 80' lang='grc' dir='ltr'><strong>τῆς</strong></span> <span class='ocrx_word' id='word_1_246' title='bbox 2290 1819 2501 1922; x_wconf 50' lang='grc' dir='ltr'><strong>λύ’πης,</strong></span> <span class='ocrx_word' id='word_1_247' title='bbox 2553 1849 2740 1903; x_wconf 84' lang='grc' dir='ltr'><strong>λαϐεῖν</strong></span> <span class='ocrx_word' id='word_1_248' title='bbox 2773 1819 3126 1918; x_wconf 78' lang='grc' dir='ltr'><strong>παραμύθιον</strong></span> <span class='ocrx_word' id='word_1_249' title='bbox 3162 1841 3381 1914; x_wconf 84' lang='grc' dir='ltr'><strong>μικρὸν,</strong></span> <span class='ocrx_word' id='word_1_250' title='bbox 3425 1841 3508 1902; x_wconf 89' lang='grc' dir='ltr'><strong>είς</strong></span> <span class='ocrx_word' id='word_1_251' title='bbox 3549 1834 3752 1907; x_wconf 79' lang='grc' dir='ltr'><strong>ἑαυτὴν</strong></span> 
     </span>
    </p>
   </div>
   <div class='ocr_carea' id='block_1_36' title="bbox 496 1942 2072 2016">
    <p class='ocr_par' dir='ltr' id='par_1_36' title="bbox 496 1942 2072 2016">
     <span class='ocr_line' id='line_1_36' title="bbox 496 1942 2072 2016; baseline 0.006 -22"><span class='ocrx_word' id='word_1_252' title='bbox 496 1942 666 1995; x_wconf 83' lang='lat' dir='ltr'><strong>animi</strong></span> <span class='ocrx_word' id='word_1_253' title='bbox 705 1954 999 2012; x_wconf 66' lang='lat' dir='ltr'><strong>prmstans;</strong></span> <span class='ocrx_word' id='word_1_254' title='bbox 1023 1951 1077 1998; x_wconf 91' lang='lat' dir='ltr'><strong>et</strong></span> <span class='ocrx_word' id='word_1_255' title='bbox 1104 1944 1206 1998; x_wconf 88' lang='lat' dir='ltr'><strong>nisi</strong></span> <span class='ocrx_word' id='word_1_256' title='bbox 1239 1959 1390 2000; x_wconf 90' lang='lat' dir='ltr'><strong>mens</strong></span> <span class='ocrx_word' id='word_1_257' title='bbox 1426 1945 1598 2016; x_wconf 80' lang='lat' dir='ltr'><strong>erigat</strong></span> <span class='ocrx_word' id='word_1_258' title='bbox 1626 1961 1684 2002; x_wconf 89' lang='lat' dir='ltr'><strong>se</strong></span> <span class='ocrx_word' id='word_1_259' title='bbox 1705 1949 1774 2001; x_wconf 86' lang='lat' dir='ltr'><strong>ad</strong></span> <span class='ocrx_word' id='word_1_260' title='bbox 1812 1949 2072 2004; x_wconf 86' lang='lat' dir='ltr'><strong>cohiben-</strong></span> 
     </span>
    </p>
   </div>
   <div class='ocr_carea' id='block_1_37' title="bbox 494 2033 2070 2108">
    <p class='ocr_par' dir='ltr' id='par_1_37' title="bbox 494 2033 2070 2108">
     <span class='ocr_line' id='line_1_37' title="bbox 494 2033 2070 2108; baseline 0.007 -22"><span class='ocrx_word' id='word_1_261' title='bbox 494 2033 625 2086; x_wconf 89' lang='lat' dir='ltr'><strong>dum</strong></span> <span class='ocrx_word' id='word_1_262' title='bbox 648 2034 911 2099; x_wconf 89' lang='lat' dir='ltr'><strong>dolorem,</strong></span> <span class='ocrx_word' id='word_1_263' title='bbox 939 2049 1129 2104; x_wconf 78' lang='lat' dir='ltr'><strong>regere</strong></span> <span class='ocrx_word' id='word_1_264' title='bbox 1159 2051 1223 2091; x_wconf 90' lang='lat' dir='ltr'><strong>ac</strong></span> <span class='ocrx_word' id='word_1_265' title='bbox 1255 2037 1358 2090; x_wconf 85' lang='lat' dir='ltr'><strong>rite</strong></span> <span class='ocrx_word' id='word_1_266' title='bbox 1392 2036 1696 2108; x_wconf 76' lang='lat' dir='ltr'><strong>gubernare</strong></span> <span class='ocrx_word' id='word_1_267' title='bbox 1725 2040 1876 2094; x_wconf 90' lang='lat' dir='ltr'><strong>nullo</strong></span> <span class='ocrx_word' id='word_1_268' title='bbox 1909 2043 2070 2098; x_wconf 89' lang='lat' dir='ltr'><strong>modo</strong></span> 
     </span>
    </p>
   </div>
   <div class='ocr_carea' id='block_1_38' title="bbox 495 2123 2070 2199">
    <p class='ocr_par' dir='ltr' id='par_1_38' title="bbox 495 2123 2070 2199">
     <span class='ocr_line' id='line_1_38' title="bbox 495 2123 2070 2199; baseline 0.007 -24"><span class='ocrx_word' id='word_1_269' title='bbox 495 2123 713 2192; x_wconf 86' lang='lat' dir='ltr'><strong>poterit.</strong></span> <span class='ocrx_word' id='word_1_270' title='bbox 749 2123 832 2177; x_wconf 87' lang='lat' dir='ltr'><strong>Ad</strong></span> <span class='ocrx_word' id='word_1_271' title='bbox 861 2133 1168 2179; x_wconf 81' lang='lat' dir='ltr'><strong>extremum</strong></span> <span class='ocrx_word' id='word_1_272' title='bbox 1202 2127 1366 2181; x_wconf 86' lang='lat' dir='ltr'><strong>beato</strong></span> <span class='ocrx_word' id='word_1_273' title='bbox 1395 2127 1554 2182; x_wconf 85' lang='lat' dir='ltr'><strong>etiam</strong></span> <span class='ocrx_word' id='word_1_274' title='bbox 1607 2128 1685 2189; x_wconf 86' lang='lat' dir='ltr'><strong>illi</strong></span> <span class='ocrx_word' id='word_1_275' title='bbox 1717 2129 2070 2199; x_wconf 80' lang='lat' dir='ltr'><strong>profuturum</strong></span> 
     </span>
    </p>
   </div>
   <div class='ocr_carea' id='block_1_39' title="bbox 493 2214 2068 2289">
    <p class='ocr_par' dir='ltr' id='par_1_39' title="bbox 493 2214 2068 2289">
     <span class='ocr_line' id='line_1_39' title="bbox 493 2214 2068 2289; baseline 0.006 -22"><span class='ocrx_word' id='word_1_276' title='bbox 493 2223 580 2270; x_wconf 85' lang='lat' dir='ltr'><strong>est</strong></span> <span class='ocrx_word' id='word_1_277' title='bbox 611 2215 662 2267; x_wconf 80' lang='lat' dir='ltr'><strong>ul</strong></span> <span class='ocrx_word' id='word_1_278' title='bbox 691 2214 834 2283; x_wconf 91' lang='lat' dir='ltr'><strong>quod</strong></span> <span class='ocrx_word' id='word_1_279' title='bbox 861 2215 1153 2271; x_wconf 86' lang='lat' dir='ltr'><strong>suademus</strong></span> <span class='ocrx_word' id='word_1_280' title='bbox 1181 2236 1193 2271; x_wconf 91' lang='lat'>:</span> <span class='ocrx_word' id='word_1_281' title='bbox 1225 2231 1335 2287; x_wconf 89' lang='lat' dir='ltr'><strong>quo</strong></span> <span class='ocrx_word' id='word_1_282' title='bbox 1373 2216 1505 2286; x_wconf 88' lang='lat' dir='ltr'><strong>quid</strong></span> <span class='ocrx_word' id='word_1_283' title='bbox 1544 2234 1665 2272; x_wconf 87' lang='lat' dir='ltr'><strong>esse</strong></span> <span class='ocrx_word' id='word_1_284' title='bbox 1696 2220 1870 2286; x_wconf 88' lang='lat' dir='ltr'><strong>possit</strong></span> <span class='ocrx_word' id='word_1_285' title='bbox 1907 2230 2068 2289; x_wconf 83' lang='lat' dir='ltr'><strong>Opta—</strong></span> 
     </span>
    </p>
   </div>
   <div class='ocr_carea' id='block_1_40' title="bbox 493 2302 2071 2376">
    <p class='ocr_par' dir='ltr' id='par_1_40' title="bbox 493 2302 2071 2376">
     <span class='ocr_line' id='line_1_40' title="bbox 493 2302 2071 2376; baseline 0.004 -18"><span class='ocrx_word' id='word_1_286' title='bbox 493 2302 704 2359; x_wconf 85' lang='lat' dir='ltr'><strong>bilius?</strong></span> <span class='ocrx_word' id='word_1_287' title='bbox 737 2304 873 2370; x_wconf 80' lang='lat' dir='ltr'><strong>Quid</strong></span> <span class='ocrx_word' id='word_1_288' title='bbox 901 2319 1030 2375; x_wconf 79' lang='lat' dir='ltr'><strong>ergo</strong></span> <span class='ocrx_word' id='word_1_289' title='bbox 1067 2314 1256 2372; x_wconf 86' lang='lat' dir='ltr'><strong>restat,</strong></span> <span class='ocrx_word' id='word_1_290' title='bbox 1294 2306 1552 2360; x_wconf 89' lang='lat' dir='ltr'><strong>domina?</strong></span> <span class='ocrx_word' id='word_1_291' title='bbox 1575 2306 1652 2360; x_wconf 89' lang='lat' dir='ltr'><strong>Da</strong></span> <span class='ocrx_word' id='word_1_292' title='bbox 1672 2307 1903 2376; x_wconf 79' lang='lat' dir='ltr'><strong>gloriam</strong></span> <span class='ocrx_word' id='word_1_293' title='bbox 1929 2309 2071 2365; x_wconf 89' lang='lat' dir='ltr'><strong>bono</strong></span> 
     </span>
    </p>
   </div>
   <div class='ocr_carea' id='block_1_41' title="bbox 497 2396 2074 2468">
    <p class='ocr_par' dir='ltr' id='par_1_41' title="bbox 497 2396 2074 2468">
     <span class='ocr_line' id='line_1_41' title="bbox 497 2396 2074 2468; baseline 0.004 -20"><span class='ocrx_word' id='word_1_294' title='bbox 497 2396 606 2452; x_wconf 83' lang='lat' dir='ltr'><strong>Deo</strong></span> <span class='ocrx_word' id='word_1_295' title='bbox 633 2414 648 2464; x_wconf 87' lang='lat'>;</span> <span class='ocrx_word' id='word_1_296' title='bbox 681 2397 862 2465; x_wconf 80' lang='lat' dir='ltr'><strong>profer</strong></span> <span class='ocrx_word' id='word_1_297' title='bbox 893 2397 982 2452; x_wconf 90' lang='lat' dir='ltr'><strong>illa</strong></span> <span class='ocrx_word' id='word_1_298' title='bbox 1016 2399 1183 2452; x_wconf 86' lang='lat' dir='ltr'><strong>verba</strong></span> <span class='ocrx_word' id='word_1_299' title='bbox 1211 2397 1314 2454; x_wconf 84' lang='lat' dir='ltr'><strong>Job</strong></span> <span class='ocrx_word' id='word_1_300' title='bbox 1347 2417 1361 2452; x_wconf 88' lang='lat'><strong>:</strong></span> <span class='ocrx_word' id='word_1_301' title='bbox 1398 2398 1650 2452; x_wconf 77' lang='lat' dir='ltr'><strong>Dominus</strong></span> <span class='ocrx_word' id='word_1_302' title='bbox 1673 2400 1839 2468; x_wconf 77' lang='lat' dir='ltr'><strong>dedit,</strong></span> <span class='ocrx_word' id='word_1_303' title='bbox 1887 2400 2074 2455; x_wconf 86' lang='lat' dir='ltr'><strong>Domi-</strong></span> 
     </span>
    </p>
   </div>
   <div class='ocr_carea' id='block_1_42' title="bbox 495 2489 2070 2561">
    <p class='ocr_par' dir='ltr' id='par_1_42' title="bbox 495 2489 2070 2561">
     <span class='ocr_line' id='line_1_42' title="bbox 495 2489 2070 2561; baseline 0.006 -20"><span class='ocrx_word' id='word_1_304' title='bbox 495 2505 591 2542; x_wconf 83' lang='lat' dir='ltr'><strong>nus</strong></span> <span class='ocrx_word' id='word_1_305' title='bbox 607 2489 862 2554; x_wconf 80' lang='lat' dir='ltr'><strong>abstulit;</strong></span> <span class='ocrx_word' id='word_1_306' title='bbox 883 2492 1018 2544; x_wconf 79' lang='lat' dir='ltr'><strong>sicut</strong></span> <span class='ocrx_word' id='word_1_307' title='bbox 1042 2490 1265 2544; x_wconf 85' lang='lat' dir='ltr'><strong>Domino</strong></span> <span class='ocrx_word' id='word_1_308' title='bbox 1285 2491 1487 2561; x_wconf 81' lang='lat' dir='ltr'><strong>placuit</strong></span> <span class='ocrx_word' id='word_1_309' title='bbox 1506 2494 1580 2544; x_wconf 90' lang='lat' dir='ltr'><strong>ita</strong></span> <span class='ocrx_word' id='word_1_310' title='bbox 1607 2501 1655 2545; x_wconf 86' lang='lat' dir='ltr'><strong>et</strong></span> <span class='ocrx_word' id='word_1_311' title='bbox 1682 2492 1881 2555; x_wconf 78' lang='lat' dir='ltr'><strong>factum</strong></span> <span class='ocrx_word' id='word_1_312' title='bbox 1911 2495 2070 2551; x_wconf 77' lang='lat' dir='ltr'><strong>est”.</strong></span> 
     </span>
    </p>
   </div>
   <div class='ocr_carea' id='block_1_43' title="bbox 495 2579 2073 2657">
    <p class='ocr_par' dir='ltr' id='par_1_43' title="bbox 495 2579 2073 2657">
     <span class='ocr_line' id='line_1_43' title="bbox 495 2579 2073 2657; baseline 0.005 -23"><span class='ocrx_word' id='word_1_313' title='bbox 495 2579 728 2635; x_wconf 60' lang='lat' dir='ltr'><strong>Maxima</strong></span> <span class='ocrx_word' id='word_1_314' title='bbox 761 2581 887 2636; x_wconf 86' lang='lat' dir='ltr'><strong>inde</strong></span> <span class='ocrx_word' id='word_1_315' title='bbox 919 2597 1104 2636; x_wconf 91' lang='lat' dir='ltr'><strong>revera</strong></span> <span class='ocrx_word' id='word_1_316' title='bbox 1166 2582 1258 2637; x_wconf 88' lang='lat' dir='ltr'><strong>tibi</strong></span> <span class='ocrx_word' id='word_1_317' title='bbox 1322 2583 1442 2637; x_wconf 88' lang='lat' dir='ltr'><strong>laus</strong></span> <span class='ocrx_word' id='word_1_318' title='bbox 1501 2582 1701 2650; x_wconf 81' lang='lat' dir='ltr'><strong>fuerit,</strong></span> <span class='ocrx_word' id='word_1_319' title='bbox 1759 2585 2073 2657; x_wconf 85' lang='lat' dir='ltr'><strong>patebitque</strong></span> 
     </span>
    </p>
   </div>
   <div class='ocr_carea' id='block_1_44' title="bbox 496 2673 2070 2750">
    <p class='ocr_par' dir='ltr' id='par_1_44' title="bbox 496 2673 2070 2750">
     <span class='ocr_line' id='line_1_44' title="bbox 496 2673 2070 2750; baseline 0.006 -25"><span class='ocrx_word' id='word_1_320' title='bbox 496 2687 664 2742; x_wconf 82' lang='lat' dir='ltr'><strong>quam</strong></span> <span class='ocrx_word' id='word_1_321' title='bbox 699 2673 900 2728; x_wconf 90' lang='lat' dir='ltr'><strong>eruditi</strong></span> <span class='ocrx_word' id='word_1_322' title='bbox 931 2674 1032 2728; x_wconf 91' lang='lat' dir='ltr'><strong>viri</strong></span> <span class='ocrx_word' id='word_1_323' title='bbox 1059 2690 1197 2729; x_wconf 78' lang='lat' dir='ltr'><strong>uxor</strong></span> <span class='ocrx_word' id='word_1_324' title='bbox 1225 2674 1411 2731; x_wconf 83' lang='lat' dir='ltr'><strong>fueris.</strong></span> <span class='ocrx_word' id='word_1_325' title='bbox 1444 2675 1649 2732; x_wconf 92' lang='lat' dir='ltr'><strong>Doctus</strong></span> <span class='ocrx_word' id='word_1_326' title='bbox 1678 2677 1770 2732; x_wconf 88' lang='lat' dir='ltr'><strong>ille</strong></span> <span class='ocrx_word' id='word_1_327' title='bbox 1797 2678 2070 2750; x_wconf 90' lang='lat' dir='ltr'><strong>siquidem</strong></span> 
     </span>
    </p>
   </div>
   <div class='ocr_carea' id='block_1_45' title="bbox 493 2766 2075 2847">
    <p class='ocr_par' dir='ltr' id='par_1_45' title="bbox 493 2766 2075 2847">
     <span class='ocr_line' id='line_1_45' title="bbox 493 2766 2075 2847; baseline 0.007 -29"><span class='ocrx_word' id='word_1_328' title='bbox 493 2774 550 2818; x_wconf 90' lang='lat' dir='ltr'><strong>et</strong></span> <span class='ocrx_word' id='word_1_329' title='bbox 584 2766 893 2835; x_wconf 86' lang='lat' dir='ltr'><strong>sapicns,et</strong></span> <span class='ocrx_word' id='word_1_330' title='bbox 923 2767 1205 2822; x_wconf 89' lang='lat' dir='ltr'><strong>institutor</strong></span> <span class='ocrx_word' id='word_1_331' title='bbox 1234 2783 1342 2822; x_wconf 91' lang='lat' dir='ltr'><strong>non</strong></span> <span class='ocrx_word' id='word_1_332' title='bbox 1370 2768 1730 2826; x_wconf 89' lang='lat' dir='ltr'><strong>iuitiatorum.</strong></span> <span class='ocrx_word' id='word_1_333' title='bbox 1757 2769 1938 2847; x_wconf 83' lang='lat' dir='ltr'><strong>Quare</strong></span> <span class='ocrx_word' id='word_1_334' title='bbox 1962 2774 2075 2830; x_wconf 89' lang='lat' dir='ltr'><strong>sic-</strong></span> 
     </span>
    </p>
   </div>
   <div class='ocr_carea' id='block_1_46' title="bbox 2171 1928 3751 2017">
    <p class='ocr_par' dir='ltr' id='par_1_46' title="bbox 2171 1928 3751 2017">
     <span class='ocr_line' id='line_1_46' title="bbox 2171 1928 3751 2017; baseline -0.013 -17"><span class='ocrx_word' id='word_1_335' title='bbox 2171 1945 2456 2017; x_wconf 81' lang='grc' dir='ltr'><strong>γενέσθαι,</strong></span> <span class='ocrx_word' id='word_1_336' title='bbox 2512 1941 2766 2015; x_wconf 89' lang='grc' dir='ltr'><strong>ἱλαρῦναι</strong></span> <span class='ocrx_word' id='word_1_337' title='bbox 2810 1940 2912 2010; x_wconf 84' lang='grc' dir='ltr'><strong>τὴν</strong></span> <span class='ocrx_word' id='word_1_338' title='bbox 2960 1937 3170 2008; x_wconf 83' lang='grc' dir='ltr'><strong>ψυχήν·</strong></span> <span class='ocrx_word' id='word_1_339' title='bbox 3216 1933 3407 2004; x_wconf 76' lang='grc' dir='ltr'><strong>ἐπειδὴ</strong></span> <span class='ocrx_word' id='word_1_340' title='bbox 3451 1931 3548 1985; x_wconf 75' lang='grc' dir='ltr'><strong>καὶ</strong></span> <span class='ocrx_word' id='word_1_341' title='bbox 3584 1928 3751 1982; x_wconf 84' lang='grc' dir='ltr'><strong>τέκνα</strong></span> 
     </span>
    </p>
   </div>
   <div class='ocr_carea' id='block_1_47' title="bbox 2171 2021 3751 2111">
    <p class='ocr_par' dir='ltr' id='par_1_47' title="bbox 2171 2021 3751 2111">
     <span class='ocr_line' id='line_1_47' title="bbox 2171 2021 3751 2111; baseline -0.013 -18"><span class='ocrx_word' id='word_1_342' title='bbox 2171 2039 2346 2111; x_wconf 80' lang='grc' dir='ltr'><strong>ἔχεις,</strong></span> <span class='ocrx_word' id='word_1_343' title='bbox 2379 2037 2477 2091; x_wconf 73' lang='grc' dir='ltr'><strong>καὶ</strong></span> <span class='ocrx_word' id='word_1_344' title='bbox 2525 2035 2676 2091; x_wconf 76' lang='grc' dir='ltr'><strong>οἰκία</strong></span> <span class='ocrx_word' id='word_1_345' title='bbox 2722 2052 2804 2088; x_wconf 89' lang='grc' dir='ltr'><strong>σοι</strong></span> <span class='ocrx_word' id='word_1_346' title='bbox 2859 2033 3097 2103; x_wconf 86' lang='grc' dir='ltr'><strong>πάρεστι</strong></span> <span class='ocrx_word' id='word_1_347' title='bbox 3133 2025 3517 2101; x_wconf 81' lang='grc' dir='ltr'><strong>μεγαλοφυής·</strong></span> <span class='ocrx_word' id='word_1_348' title='bbox 3564 2022 3662 2076; x_wconf 73' lang='grc' dir='ltr'><strong>καὶ</strong></span> <span class='ocrx_word' id='word_1_349' title='bbox 3699 2021 3751 2074; x_wconf 83' lang='grc' dir='ltr'><strong>εί</strong></span> 
     </span>
    </p>
   </div>
   <div class='ocr_carea' id='block_1_48' title="bbox 2175 2115 3746 2204">
    <p class='ocr_par' dir='ltr' id='par_1_48' title="bbox 2175 2115 3746 2204">
     <span class='ocr_line' id='line_1_48' title="bbox 2175 2115 3746 2204; baseline -0.012 -18"><span class='ocrx_word' id='word_1_350' title='bbox 2175 2134 2250 2204; x_wconf 81' lang='grc' dir='ltr'><strong>μὴ</strong></span> <span class='ocrx_word' id='word_1_351' title='bbox 2271 2133 2300 2184; x_wconf 86' lang='grc' dir='ltr'>ὁ</span> <span class='ocrx_word' id='word_1_352' title='bbox 2325 2130 2451 2194; x_wconf 85' lang='grc' dir='ltr'><strong>νοῦς</strong></span> <span class='ocrx_word' id='word_1_353' title='bbox 2469 2128 2754 2197; x_wconf 87' lang='grc' dir='ltr'><strong>ἁνενέγκοι</strong></span> <span class='ocrx_word' id='word_1_354' title='bbox 2781 2125 2882 2196; x_wconf 84' lang='grc' dir='ltr'><strong>τῆς</strong></span> <span class='ocrx_word' id='word_1_355' title='bbox 2905 2123 3372 2195; x_wconf 83' lang='grc' dir='ltr'><strong>κατακρατήσεως</strong></span> <span class='ocrx_word' id='word_1_356' title='bbox 3399 2116 3496 2172; x_wconf 91' lang='grc' dir='ltr'><strong>τοῦ</strong></span> <span class='ocrx_word' id='word_1_357' title='bbox 3520 2115 3746 2182; x_wconf 80' lang='grc' dir='ltr'><strong>πάθους,</strong></span> 
     </span>
    </p>
   </div>
   <div class='ocr_carea' id='block_1_49' title="bbox 2171 2207 3748 2288">
    <p class='ocr_par' dir='ltr' id='par_1_49' title="bbox 2171 2207 3748 2288">
     <span class='ocr_line' id='line_1_49' title="bbox 2171 2207 3748 2288; baseline -0.013 -10"><span class='ocrx_word' id='word_1_358' title='bbox 2171 2225 2395 2279; x_wconf 85' lang='grc' dir='ltr'><strong>διοικεῖν</strong></span> <span class='ocrx_word' id='word_1_359' title='bbox 2420 2223 2516 2275; x_wconf 72' lang='grc' dir='ltr'><strong>καὶ</strong></span> <span class='ocrx_word' id='word_1_360' title='bbox 2550 2220 2758 2274; x_wconf 81' lang='grc' dir='ltr'><strong>διέπειν</strong></span> <span class='ocrx_word' id='word_1_361' title='bbox 2807 2216 2984 2288; x_wconf 83' lang='grc' dir='ltr'><strong>ὀρθῶς</strong></span> <span class='ocrx_word' id='word_1_362' title='bbox 3029 2215 3132 2268; x_wconf 82' lang='grc' dir='ltr'><strong>οὐκ</strong></span> <span class='ocrx_word' id='word_1_363' title='bbox 3172 2214 3237 2268; x_wconf 82' lang='grc' dir='ltr'><strong>ἀν</strong></span> <span class='ocrx_word' id='word_1_364' title='bbox 3287 2227 3418 2265; x_wconf 89' lang='grc' dir='ltr'><strong>ποτε</strong></span> <span class='ocrx_word' id='word_1_365' title='bbox 3467 2207 3748 2278; x_wconf 78' lang='grc' dir='ltr'><strong>δυνηθείη.</strong></span> 
     </span>
    </p>
   </div>
   <div class='ocr_carea' id='block_1_50' title="bbox 2185 2297 3750 2382">
    <p class='ocr_par' dir='ltr' id='par_1_50' title="bbox 2185 2297 3750 2382">
     <span class='ocr_line' id='line_1_50' title="bbox 2185 2297 3750 2382; baseline -0.013 -11"><span class='ocrx_word' id='word_1_366' title='bbox 2185 2317 2312 2371; x_wconf 76' lang='grc' dir='ltr'><strong>Ἐπὶ</strong></span> <span class='ocrx_word' id='word_1_367' title='bbox 2359 2316 2495 2368; x_wconf 80' lang='grc' dir='ltr'><strong>πᾶσι</strong></span> <span class='ocrx_word' id='word_1_368' title='bbox 2523 2313 2580 2366; x_wconf 80' lang='grc' dir='ltr'><strong>δὲ</strong></span> <span class='ocrx_word' id='word_1_369' title='bbox 2617 2309 2859 2382; x_wconf 87' lang='grc' dir='ltr'><strong>κάκείνῳ</strong></span> <span class='ocrx_word' id='word_1_370' title='bbox 2904 2307 2982 2378; x_wconf 87' lang='grc' dir='ltr'>τῷ</span> <span class='ocrx_word' id='word_1_371' title='bbox 3017 2305 3276 2377; x_wconf 83' lang='grc' dir='ltr'><strong>μακαρίῳ</strong></span> <span class='ocrx_word' id='word_1_372' title='bbox 3305 2301 3652 2372; x_wconf 80' lang='grc' dir='ltr'><strong>λυσιτελήσει</strong></span> <span class='ocrx_word' id='word_1_373' title='bbox 3689 2297 3750 2350; x_wconf 82' lang='grc' dir='ltr'><strong>τὸ</strong></span> 
     </span>
    </p>
   </div>
   <div class='ocr_carea' id='block_1_51' title="bbox 2171 2391 3746 2477">
    <p class='ocr_par' dir='ltr' id='par_1_51' title="bbox 2171 2391 3746 2477">
     <span class='ocr_line' id='line_1_51' title="bbox 2171 2391 3746 2477; baseline -0.015 -16"><span class='ocrx_word' id='word_1_374' title='bbox 2171 2407 2498 2477; x_wconf 86' lang='grc' dir='ltr'><strong>λεγόμενον·</strong></span> <span class='ocrx_word' id='word_1_375' title='bbox 2535 2397 2598 2455; x_wconf 75' lang='grc' dir='ltr'><strong>οὗ</strong></span> <span class='ocrx_word' id='word_1_376' title='bbox 2641 2401 2694 2455; x_wconf 90' lang='grc' dir='ltr'><strong>τί</strong></span> <span class='ocrx_word' id='word_1_377' title='bbox 2737 2400 2802 2456; x_wconf 84' lang='grc' dir='ltr'><strong>ἂν</strong></span> <span class='ocrx_word' id='word_1_378' title='bbox 2852 2400 3066 2470; x_wconf 83' lang='grc' dir='ltr'><strong>γένοιτο</strong></span> <span class='ocrx_word' id='word_1_379' title='bbox 3118 2391 3746 2468; x_wconf 83' lang='grc' dir='ltr'><strong>περισπουδαστότερον;</strong></span> 
     </span>
    </p>
   </div>
   <div class='ocr_carea' id='block_1_52' title="bbox 2172 2479 3747 2564">
    <p class='ocr_par' dir='ltr' id='par_1_52' title="bbox 2172 2479 3747 2564">
     <span class='ocr_line' id='line_1_52' title="bbox 2172 2479 3747 2564; baseline -0.009 -12"><span class='ocrx_word' id='word_1_380' title='bbox 2172 2498 2238 2552; x_wconf 87' lang='grc' dir='ltr'><strong>Τί</strong></span> <span class='ocrx_word' id='word_1_381' title='bbox 2264 2493 2360 2551; x_wconf 83' lang='grc' dir='ltr'><strong>οῦν</strong></span> <span class='ocrx_word' id='word_1_382' title='bbox 2389 2493 2596 2560; x_wconf 82' lang='grc' dir='ltr'><strong>λοιπὸν,</strong></span> <span class='ocrx_word' id='word_1_383' title='bbox 2639 2488 2684 2548; x_wconf 77' lang='grc' dir='ltr'><strong>ὦ</strong></span> <span class='ocrx_word' id='word_1_384' title='bbox 2718 2492 2918 2564; x_wconf 88' lang='grc' dir='ltr'><strong>κυρία;</strong></span> <span class='ocrx_word' id='word_1_385' title='bbox 2953 2491 3039 2554; x_wconf 81' lang='grc' dir='ltr'><strong>δὸς</strong></span> <span class='ocrx_word' id='word_1_386' title='bbox 3069 2489 3226 2554; x_wconf 78' lang='grc' dir='ltr'><strong>δόξαν</strong></span> <span class='ocrx_word' id='word_1_387' title='bbox 3257 2485 3336 2557; x_wconf 80' lang='grc' dir='ltr'><strong>τῷ</strong></span> <span class='ocrx_word' id='word_1_388' title='bbox 3373 2483 3567 2554; x_wconf 86' lang='grc' dir='ltr'><strong>ἀγαθῷ</strong></span> <span class='ocrx_word' id='word_1_389' title='bbox 3593 2479 3747 2552; x_wconf 84' lang='grc' dir='ltr'><strong>Θεῷ⁶</strong></span> 
     </span>
    </p>
   </div>
   <div class='ocr_carea' id='block_1_53' title="bbox 2172 2575 3751 2660">
    <p class='ocr_par' dir='ltr' id='par_1_53' title="bbox 2172 2575 3751 2660">
     <span class='ocr_line' id='line_1_53' title="bbox 2172 2575 3751 2660; baseline -0.011 -17"><span class='ocrx_word' id='word_1_390' title='bbox 2172 2587 2402 2660; x_wconf 82' lang='grc' dir='ltr'><strong>φθέγξαι</strong></span> <span class='ocrx_word' id='word_1_391' title='bbox 2437 2586 2508 2641; x_wconf 83' lang='grc' dir='ltr'><strong>τὰ</strong></span> <span class='ocrx_word' id='word_1_392' title='bbox 2531 2583 2626 2640; x_wconf 89' lang='grc' dir='ltr'><strong>τοῦ</strong></span> <span class='ocrx_word' id='word_1_393' title='bbox 2666 2584 2820 2649; x_wconf 86' lang='grc' dir='ltr'><strong>Ἰὼϐ,</strong></span> <span class='ocrx_word' id='word_1_394' title='bbox 2861 2583 2916 2636; x_wconf 89' lang='lat'><strong>&#39;0</strong></span> <span class='ocrx_word' id='word_1_395' title='bbox 2944 2583 3162 2652; x_wconf 81' lang='grc' dir='ltr'><strong>Κύριος</strong></span> <span class='ocrx_word' id='word_1_396' title='bbox 3187 2580 3432 2642; x_wconf 72' lang='grc' dir='ltr'><strong>ἔδωκεν,</strong></span> <span class='ocrx_word' id='word_1_397' title='bbox 3459 2579 3494 2630; x_wconf 83' lang='grc' dir='ltr'><em>ὁ</em></span> <span class='ocrx_word' id='word_1_398' title='bbox 3536 2575 3751 2642; x_wconf 82' lang='grc' dir='ltr'><strong>Κύριος</strong></span> 
     </span>
    </p>
   </div>
   <div class='ocr_carea' id='block_1_54' title="bbox 2170 2663 3748 2750">
    <p class='ocr_par' dir='ltr' id='par_1_54' title="bbox 2170 2663 3748 2750">
     <span class='ocr_line' id='line_1_54' title="bbox 2170 2663 3748 2750; baseline -0.012 -14"><span class='ocrx_word' id='word_1_399' title='bbox 2170 2681 2486 2750; x_wconf 69' lang='grc' dir='ltr'><strong>ἀφείλετο·</strong></span> <span class='ocrx_word' id='word_1_400' title='bbox 2533 2678 2614 2744; x_wconf 84' lang='grc' dir='ltr'><strong>ὡς</strong></span> <span class='ocrx_word' id='word_1_401' title='bbox 2639 2673 2720 2742; x_wconf 83' lang='grc' dir='ltr'><strong>τῷ</strong></span> <span class='ocrx_word' id='word_1_402' title='bbox 2751 2675 2946 2743; x_wconf 84' lang='grc' dir='ltr'><strong>Κυρίῳ</strong></span> <span class='ocrx_word' id='word_1_403' title='bbox 2979 2671 3214 2738; x_wconf 77' lang='grc' dir='ltr'><strong>ἔδοξεν,</strong></span> <span class='ocrx_word' id='word_1_404' title='bbox 3245 2669 3436 2734; x_wconf 83' lang='grc' dir='ltr'><strong>οὕτως</strong></span> <span class='ocrx_word' id='word_1_405' title='bbox 3477 2665 3581 2721; x_wconf 74' lang='grc' dir='ltr'><strong>καὶ</strong></span> <span class='ocrx_word' id='word_1_406' title='bbox 3620 2663 3748 2734; x_wconf 76' lang='grc' dir='ltr'><strong>ἐγέ-</strong></span> 
     </span>
    </p>
   </div>
   <div class='ocr_carea' id='block_1_55' title="bbox 2169 2757 3750 2842">
    <p class='ocr_par' dir='ltr' id='par_1_55' title="bbox 2169 2757 3750 2842">
     <span class='ocr_line' id='line_1_55' title="bbox 2169 2757 3750 2842; baseline -0.013 -13"><span class='ocrx_word' id='word_1_407' title='bbox 2169 2790 2329 2829; x_wconf 74' lang='grc' dir='ltr'><strong>νετο.</strong></span> <span class='ocrx_word' id='word_1_408' title='bbox 2371 2769 2471 2842; x_wconf 84' lang='grc' dir='ltr'><strong>Εἴη</strong></span> <span class='ocrx_word' id='word_1_409' title='bbox 2509 2767 2763 2824; x_wconf 75' lang='grc' dir='ltr'><strong>ἐντεῦθεν</strong></span> <span class='ocrx_word' id='word_1_410' title='bbox 2789 2767 2867 2831; x_wconf 85' lang='grc' dir='ltr'><strong>ὡς</strong></span> <span class='ocrx_word' id='word_1_411' title='bbox 2889 2765 3105 2835; x_wconf 85' lang='grc' dir='ltr'><strong>ἀληθῶς</strong></span> <span class='ocrx_word' id='word_1_412' title='bbox 3138 2761 3397 2836; x_wconf 89' lang='grc' dir='ltr'><strong>μέγιστον</strong></span> <span class='ocrx_word' id='word_1_413' title='bbox 3439 2758 3622 2822; x_wconf 87' lang='grc' dir='ltr'><strong>κλέος,</strong></span> <span class='ocrx_word' id='word_1_414' title='bbox 3657 2757 3750 2810; x_wconf 81' lang='grc' dir='ltr'><strong>καὶ</strong></span> 
     </span>
    </p>
   </div>
   <div class='ocr_carea' id='block_1_56' title="bbox 495 2849 2073 2939">
    <p class='ocr_par' dir='ltr' id='par_1_56' title="bbox 495 2861 2072 2939">
     <span class='ocr_line' id='line_1_56' title="bbox 495 2861 2072 2939; baseline 0.005 -23"><span class='ocrx_word' id='word_1_415' title='bbox 495 2870 556 2916; x_wconf 81' lang='lat' dir='ltr'><strong>ut</strong></span> <span class='ocrx_word' id='word_1_416' title='bbox 587 2861 677 2916; x_wconf 90' lang='lat' dir='ltr'><strong>ille</strong></span> <span class='ocrx_word' id='word_1_417' title='bbox 731 2863 865 2919; x_wconf 87' lang='lat' dir='ltr'><strong>viris</strong></span> <span class='ocrx_word' id='word_1_418' title='bbox 893 2863 1216 2933; x_wconf 61' lang='lat' dir='ltr'><strong>praeclarum</strong></span> <span class='ocrx_word' id='word_1_419' title='bbox 1245 2863 1350 2919; x_wconf 82' lang='lat' dir='ltr'><strong>fuit</strong></span> <span class='ocrx_word' id='word_1_420' title='bbox 1371 2865 1706 2936; x_wconf 76' lang='lat' dir='ltr'><strong>exemplum,</strong></span> <span class='ocrx_word' id='word_1_421' title='bbox 1729 2877 1848 2923; x_wconf 88' lang='lat' dir='ltr'><strong>esto</strong></span> <span class='ocrx_word' id='word_1_422' title='bbox 1875 2877 1931 2924; x_wconf 92' lang='lat' dir='ltr'><strong>et</strong></span> <span class='ocrx_word' id='word_1_423' title='bbox 1955 2869 2072 2939; x_wconf 90' lang='lat' dir='ltr'><strong>ipsa</strong></span> 
     </span>
    </p>
   </div>
   <div class='ocr_carea' id='block_1_57' title="bbox 2173 2849 3749 2939">
    <p class='ocr_par' dir='ltr' id='par_1_57' title="bbox 2173 2849 3749 2937">
     <span class='ocr_line' id='line_1_57' title="bbox 2173 2849 3749 2937; baseline -0.011 -16"><span class='ocrx_word' id='word_1_424' title='bbox 2173 2866 2401 2937; x_wconf 85' lang='grc' dir='ltr'><strong>φανείης</strong></span> <span class='ocrx_word' id='word_1_425' title='bbox 2420 2865 2537 2919; x_wconf 83' lang='grc' dir='ltr'><strong>οἵου</strong></span> <span class='ocrx_word' id='word_1_426' title='bbox 2562 2859 2996 2931; x_wconf 85' lang='grc' dir='ltr'><strong>πεπαιδευμένου</strong></span> <span class='ocrx_word' id='word_1_427' title='bbox 3024 2857 3218 2929; x_wconf 82' lang='grc' dir='ltr'><strong>ἀνδρὸς</strong></span> <span class='ocrx_word' id='word_1_428' title='bbox 3241 2855 3510 2926; x_wconf 78' lang='grc' dir='ltr'><strong>ὁμόζυγος</strong></span> <span class='ocrx_word' id='word_1_429' title='bbox 3538 2849 3749 2920; x_wconf 71' lang='grc' dir='ltr'><strong>ἐγένου.</strong></span> 
     </span>
    </p>
   </div>
   <div class='ocr_carea' id='block_1_58' title="bbox 494 2943 2073 3032">
    <p class='ocr_par' dir='ltr' id='par_1_58' title="bbox 494 2952 2072 3026">
     <span class='ocr_line' id='line_1_58' title="bbox 494 2952 2072 3026; baseline 0.005 -18"><span class='ocrx_word' id='word_1_430' title='bbox 494 2952 818 3009; x_wconf 86' lang='lat' dir='ltr'><strong>mulieribus</strong></span> <span class='ocrx_word' id='word_1_431' title='bbox 845 2996 861 3021; x_wconf 91' lang='lat'><strong>,</strong></span> <span class='ocrx_word' id='word_1_432' title='bbox 900 2955 1116 3026; x_wconf 77' lang='lat' dir='ltr'><strong>lugendi</strong></span> <span class='ocrx_word' id='word_1_433' title='bbox 1149 2955 1390 3010; x_wconf 89' lang='lat' dir='ltr'><strong>studium</strong></span> <span class='ocrx_word' id='word_1_434' title='bbox 1428 2956 1730 3024; x_wconf 88' lang='lat' dir='ltr'><strong>declinans,</strong></span> <span class='ocrx_word' id='word_1_435' title='bbox 1781 2966 1835 3013; x_wconf 89' lang='lat' dir='ltr'><strong>et</strong></span> <span class='ocrx_word' id='word_1_436' title='bbox 1883 2971 2072 3016; x_wconf 88' lang='lat' dir='ltr'><strong>osten-</strong></span> 
     </span>
    </p>
   </div>
   <div class='ocr_carea' id='block_1_59' title="bbox 2173 2943 3750 3032">
    <p class='ocr_par' dir='ltr' id='par_1_59' title="bbox 2173 2943 3750 3032">
     <span class='ocr_line' id='line_1_59' title="bbox 2173 2943 3750 3032; baseline -0.013 -16"><span class='ocrx_word' id='word_1_437' title='bbox 2173 2961 2285 3016; x_wconf 72' lang='grc' dir='ltr'><strong>Καὶ</strong></span> <span class='ocrx_word' id='word_1_438' title='bbox 2313 2961 2422 3032; x_wconf 80' lang='grc' dir='ltr'><strong>γὰρ</strong></span> <span class='ocrx_word' id='word_1_439' title='bbox 2447 2960 2651 3021; x_wconf 75' lang='grc' dir='ltr'><strong>ἐκεῖνος</strong></span> <span class='ocrx_word' id='word_1_440' title='bbox 2681 2955 2778 3010; x_wconf 80' lang='grc' dir='ltr'><strong>καὶ</strong></span> <span class='ocrx_word' id='word_1_441' title='bbox 2802 2951 3125 3024; x_wconf 81' lang='grc' dir='ltr'><strong>γνωστικὸς,</strong></span> <span class='ocrx_word' id='word_1_442' title='bbox 3158 2951 3252 3004; x_wconf 73' lang='grc' dir='ltr'><strong>καὶ</strong></span> <span class='ocrx_word' id='word_1_443' title='bbox 3277 2947 3462 3018; x_wconf 70' lang='grc' dir='ltr'><strong>σοφὸς,</strong></span> <span class='ocrx_word' id='word_1_444' title='bbox 3492 2943 3589 2999; x_wconf 80' lang='grc' dir='ltr'><strong>καὶ</strong></span> <span class='ocrx_word' id='word_1_445' title='bbox 3618 2961 3750 2996; x_wconf 66' lang='grc' dir='ltr'><strong>παις</strong></span> 
     </span>
    </p>
   </div>
   <div class='ocr_carea' id='block_1_60' title="bbox 494 3037 2073 3124">
    <p class='ocr_par' dir='ltr' id='par_1_60' title="bbox 494 3047 2071 3121">
     <span class='ocr_line' id='line_1_60' title="bbox 494 3047 2071 3121; baseline 0.006 -21"><span class='ocrx_word' id='word_1_446' title='bbox 494 3047 631 3101; x_wconf 83' lang='lat' dir='ltr'><strong>dens</strong></span> <span class='ocrx_word' id='word_1_447' title='bbox 689 3053 927 3104; x_wconf 91' lang='lat' dir='ltr'><strong>tutorem</strong></span> <span class='ocrx_word' id='word_1_448' title='bbox 988 3048 1086 3105; x_wconf 86' lang='lat' dir='ltr'><strong>tibi</strong></span> <span class='ocrx_word' id='word_1_449' title='bbox 1146 3048 1316 3104; x_wconf 89' lang='lat' dir='ltr'><strong>Deum</strong></span> <span class='ocrx_word' id='word_1_450' title='bbox 1373 3065 1534 3117; x_wconf 86' lang='lat' dir='ltr'><strong>esse,</strong></span> <span class='ocrx_word' id='word_1_451' title='bbox 1589 3051 1725 3121; x_wconf 90' lang='lat' dir='ltr'><strong>qui,</strong></span> <span class='ocrx_word' id='word_1_452' title='bbox 1786 3067 1910 3108; x_wconf 91' lang='lat' dir='ltr'><strong>cum</strong></span> <span class='ocrx_word' id='word_1_453' title='bbox 1958 3069 2071 3110; x_wconf 93' lang='lat' dir='ltr'><strong>non</strong></span> 
     </span>
    </p>
   </div>
   <div class='ocr_carea' id='block_1_61' title="bbox 2173 3037 3753 3124">
    <p class='ocr_par' dir='ltr' id='par_1_61' title="bbox 2173 3037 3753 3124">
     <span class='ocr_line' id='line_1_61' title="bbox 2173 3037 3753 3124; baseline -0.012 -16"><span class='ocrx_word' id='word_1_454' title='bbox 2173 3054 2366 3124; x_wconf 81' lang='grc' dir='ltr'><strong>δευτὴς</strong></span> <span class='ocrx_word' id='word_1_455' title='bbox 2399 3052 2504 3105; x_wconf 84' lang='grc' dir='ltr'><strong>τῶν</strong></span> <span class='ocrx_word' id='word_1_456' title='bbox 2530 3051 2814 3122; x_wconf 83' lang='grc' dir='ltr'><strong>ἀμυήτων.</strong></span> <span class='ocrx_word' id='word_1_457' title='bbox 2859 3046 2949 3110; x_wconf 80' lang='grc' dir='ltr'><strong>Ὠς</strong></span> <span class='ocrx_word' id='word_1_458' title='bbox 2989 3044 3101 3116; x_wconf 85' lang='grc' dir='ltr'><strong>γὰρ</strong></span> <span class='ocrx_word' id='word_1_459' title='bbox 3130 3037 3223 3097; x_wconf 83' lang='grc' dir='ltr'><strong>οῦν</strong></span> <span class='ocrx_word' id='word_1_460' title='bbox 3254 3041 3462 3102; x_wconf 78' lang='grc' dir='ltr'><strong>ἐκεῖνος</strong></span> <span class='ocrx_word' id='word_1_461' title='bbox 3491 3037 3753 3108; x_wconf 83' lang='grc' dir='ltr'><strong>ἀνδράσιν</strong></span> 
     </span>
    </p>
   </div>
   <div class='ocr_carea' id='block_1_62' title="bbox 495 3129 2073 3219">
    <p class='ocr_par' dir='ltr' id='par_1_62' title="bbox 495 3138 2073 3211">
     <span class='ocr_line' id='line_1_62' title="bbox 495 3138 2073 3211; baseline 0.006 -21"><span class='ocrx_word' id='word_1_462' title='bbox 495 3151 688 3203; x_wconf 86' lang='lat' dir='ltr'><strong>esses,</strong></span> <span class='ocrx_word' id='word_1_463' title='bbox 759 3146 818 3193; x_wconf 93' lang='lat' dir='ltr'><strong>ut</strong></span> <span class='ocrx_word' id='word_1_464' title='bbox 889 3152 1037 3194; x_wconf 91' lang='lat' dir='ltr'><strong>esses</strong></span> <span class='ocrx_word' id='word_1_465' title='bbox 1097 3138 1164 3194; x_wconf 89' lang='lat' dir='ltr'><strong>de</strong></span> <span class='ocrx_word' id='word_1_466' title='bbox 1220 3139 1396 3195; x_wconf 88' lang='lat' dir='ltr'><strong>nihilo</strong></span> <span class='ocrx_word' id='word_1_467' title='bbox 1447 3151 1498 3195; x_wconf 89' lang='lat' dir='ltr'><strong>te</strong></span> <span class='ocrx_word' id='word_1_468' title='bbox 1548 3141 1841 3211; x_wconf 82' lang='lat' dir='ltr'><strong>produxit,</strong></span> <span class='ocrx_word' id='word_1_469' title='bbox 1895 3151 1950 3198; x_wconf 90' lang='lat' dir='ltr'><strong>et</strong></span> <span class='ocrx_word' id='word_1_470' title='bbox 2005 3143 2073 3200; x_wconf 88' lang='lat' dir='ltr'><strong>ad</strong></span> 
     </span>
    </p>
   </div>
   <div class='ocr_carea' id='block_1_63' title="bbox 2173 3129 3752 3219">
    <p class='ocr_par' dir='ltr' id='par_1_63' title="bbox 2176 3129 3752 3219">
     <span class='ocr_line' id='line_1_63' title="bbox 2176 3129 3752 3219; baseline -0.013 -19"><span class='ocrx_word' id='word_1_471' title='bbox 2176 3145 2482 3215; x_wconf 84' lang='grc' dir='ltr'><strong>ὑπόδειγμα</strong></span> <span class='ocrx_word' id='word_1_472' title='bbox 2501 3141 2689 3207; x_wconf 79' lang='grc' dir='ltr'><strong>καλὸν,</strong></span> <span class='ocrx_word' id='word_1_473' title='bbox 2715 3140 2808 3194; x_wconf 73' lang='grc' dir='ltr'><strong>ἔσο</strong></span> <span class='ocrx_word' id='word_1_474' title='bbox 2844 3139 2940 3192; x_wconf 78' lang='grc' dir='ltr'><strong>καὶ</strong></span> <span class='ocrx_word' id='word_1_475' title='bbox 2963 3136 3104 3207; x_wconf 81' lang='grc' dir='ltr'><strong>αὑτὴ</strong></span> <span class='ocrx_word' id='word_1_476' title='bbox 3121 3133 3392 3204; x_wconf 73' lang='grc' dir='ltr'><strong>γυναιξὶν,</strong></span> <span class='ocrx_word' id='word_1_477' title='bbox 3421 3129 3752 3219; x_wconf 68' lang='grc' dir='ltr'><strong>ἐκκλίνουσα</strong></span> 
     </span>
    </p>
   </div>
   <div class='ocr_carea' id='block_1_64' title="bbox 495 3226 2072 3300">
    <p class='ocr_par' dir='ltr' id='par_1_64' title="bbox 495 3226 2072 3300">
     <span class='ocr_line' id='line_1_64' title="bbox 495 3226 2072 3300; baseline 0.007 -20"><span class='ocrx_word' id='word_1_478' title='bbox 495 3226 780 3283; x_wconf 84' lang='lat' dir='ltr'><strong>ﬂorentem</strong></span> <span class='ocrx_word' id='word_1_479' title='bbox 830 3238 1042 3285; x_wconf 63' lang='lat' dir='ltr'><strong>aetatem</strong></span> <span class='ocrx_word' id='word_1_480' title='bbox 1097 3231 1390 3300; x_wconf 83' lang='lat' dir='ltr'><strong>perduxit,</strong></span> <span class='ocrx_word' id='word_1_481' title='bbox 1445 3240 1499 3288; x_wconf 89' lang='lat' dir='ltr'><strong>et</strong></span> <span class='ocrx_word' id='word_1_482' title='bbox 1554 3241 1706 3288; x_wconf 86' lang='lat' dir='ltr'><strong>tanto</strong></span> <span class='ocrx_word' id='word_1_483' title='bbox 1767 3235 1888 3289; x_wconf 87' lang='lat' dir='ltr'><strong>viro</strong></span> <span class='ocrx_word' id='word_1_484' title='bbox 1943 3251 2072 3290; x_wconf 89' lang='lat' dir='ltr'><strong>con-</strong></span> 
     </span>
    </p>
   </div>
   <div class='ocr_carea' id='block_1_65' title="bbox 493 3319 2074 3394">
    <p class='ocr_par' dir='ltr' id='par_1_65' title="bbox 493 3319 2074 3394">
     <span class='ocr_line' id='line_1_65' title="bbox 493 3319 2074 3394; baseline 0.009 -26"><span class='ocrx_word' id='word_1_485' title='bbox 493 3319 720 3392; x_wconf 81' lang='lat' dir='ltr'><strong>junxit,</strong></span> <span class='ocrx_word' id='word_1_486' title='bbox 779 3319 1223 3392; x_wconf 84' lang='lat' dir='ltr'><strong>disjunctamque</strong></span> <span class='ocrx_word' id='word_1_487' title='bbox 1278 3322 1475 3378; x_wconf 88' lang='lat' dir='ltr'><strong>iterum</strong></span> <span class='ocrx_word' id='word_1_488' title='bbox 1529 3325 1684 3379; x_wconf 89' lang='lat' dir='ltr'><strong>uniet</strong></span> <span class='ocrx_word' id='word_1_489' title='bbox 1741 3339 1837 3394; x_wconf 88' lang='lat' dir='ltr'><strong>per</strong></span> <span class='ocrx_word' id='word_1_490' title='bbox 1891 3341 2074 3382; x_wconf 91' lang='lat' dir='ltr'><strong>resur-</strong></span> 
     </span>
    </p>
   </div>
   <div class='ocr_carea' id='block_1_66' title="bbox 497 3411 2074 3486">
    <p class='ocr_par' dir='ltr' id='par_1_66' title="bbox 497 3411 2074 3486">
     <span class='ocr_line' id='line_1_66' title="bbox 497 3411 2074 3486; baseline 0.005 -21"><span class='ocrx_word' id='word_1_491' title='bbox 497 3411 819 3467; x_wconf 86' lang='lat' dir='ltr'><strong>rectionem.</strong></span> <span class='ocrx_word' id='word_1_492' title='bbox 879 3411 1061 3479; x_wconf 85' lang='lat' dir='ltr'><strong>Quare</strong></span> <span class='ocrx_word' id='word_1_493' title='bbox 1118 3427 1407 3468; x_wconf 83' lang='lat' dir='ltr'><strong>excessum</strong></span> <span class='ocrx_word' id='word_1_494' title='bbox 1459 3414 1630 3484; x_wconf 83' lang='lat' dir='ltr'><strong>ipsius</strong></span> <span class='ocrx_word' id='word_1_495' title='bbox 1679 3417 2074 3486; x_wconf 83' lang='lat' dir='ltr'><strong>peregrinatio-</strong></span> 
     </span>
    </p>
   </div>
   <div class='ocr_carea' id='block_1_67' title="bbox 500 3504 2072 3576">
    <p class='ocr_par' dir='ltr' id='par_1_67' title="bbox 500 3504 2072 3576">
     <span class='ocr_line' id='line_1_67' title="bbox 500 3504 2072 3576; baseline 0.008 -22"><span class='ocrx_word' id='word_1_496' title='bbox 500 3518 622 3556; x_wconf 91' lang='lat' dir='ltr'><strong>nem</strong></span> <span class='ocrx_word' id='word_1_497' title='bbox 653 3517 774 3558; x_wconf 85' lang='lat' dir='ltr'><strong>esse</strong></span> <span class='ocrx_word' id='word_1_498' title='bbox 812 3504 1018 3574; x_wconf 77' lang='lat' dir='ltr'><strong>cogita.</strong></span> <span class='ocrx_word' id='word_1_499' title='bbox 1072 3505 1270 3559; x_wconf 90' lang='lat' dir='ltr'><strong>Annon</strong></span> <span class='ocrx_word' id='word_1_500' title='bbox 1300 3505 1466 3575; x_wconf 83' lang='lat' dir='ltr'><strong>igitur</strong></span> <span class='ocrx_word' id='word_1_501' title='bbox 1506 3506 1866 3576; x_wconf 81' lang='lat' dir='ltr'><strong>privationem</strong></span> <span class='ocrx_word' id='word_1_502' title='bbox 1899 3508 2072 3567; x_wconf 79' lang='lat' dir='ltr'><strong>ferres</strong></span> 
     </span>
    </p>
   </div>
   <div class='ocr_carea' id='block_1_68' title="bbox 499 3598 2074 3670">
    <p class='ocr_par' dir='ltr' id='par_1_68' title="bbox 499 3598 2074 3670">
     <span class='ocr_line' id='line_1_68' title="bbox 499 3598 2074 3670; baseline 0.006 -20"><span class='ocrx_word' id='word_1_503' title='bbox 499 3598 544 3650; x_wconf 85' lang='lat' dir='ltr'><strong>si</strong></span> <span class='ocrx_word' id='word_1_504' title='bbox 597 3613 689 3652; x_wconf 81' lang='lat' dir='ltr'><strong>rex</strong></span> <span class='ocrx_word' id='word_1_505' title='bbox 747 3606 998 3654; x_wconf 86' lang='lat' dir='ltr'><strong>terrenus</strong></span> <span class='ocrx_word' id='word_1_506' title='bbox 1042 3601 1368 3656; x_wconf 82' lang='lat' dir='ltr'><strong>mandaret?</strong></span> <span class='ocrx_word' id='word_1_507' title='bbox 1404 3601 1525 3668; x_wconf 75' lang='lat' dir='ltr'><strong>Fer,</strong></span> <span class='ocrx_word' id='word_1_508' title='bbox 1562 3603 1794 3658; x_wconf 91' lang='lat' dir='ltr'><strong>domina</strong></span> <span class='ocrx_word' id='word_1_509' title='bbox 1847 3620 1988 3670; x_wconf 87' lang='lat' dir='ltr'><strong>mea,</strong></span> <span class='ocrx_word' id='word_1_510' title='bbox 2018 3613 2074 3660; x_wconf 85' lang='lat' dir='ltr'><strong>et</strong></span> 
     </span>
    </p>
   </div>
   <div class='ocr_carea' id='block_1_69' title="bbox 501 3683 2069 3762">
    <p class='ocr_par' dir='ltr' id='par_1_69' title="bbox 501 3683 2069 3762">
     <span class='ocr_line' id='line_1_69' title="bbox 501 3683 2069 3762; baseline 0.01 -27"><span class='ocrx_word' id='word_1_511' title='bbox 501 3683 660 3737; x_wconf 87' lang='lat' dir='ltr'><strong>istam</strong></span> <span class='ocrx_word' id='word_1_512' title='bbox 702 3701 867 3755; x_wconf 88' lang='lat' dir='ltr'><strong>quam</strong></span> <span class='ocrx_word' id='word_1_513' title='bbox 899 3689 1049 3742; x_wconf 88' lang='lat' dir='ltr'><strong>solus</strong></span> <span class='ocrx_word' id='word_1_514' title='bbox 1081 3703 1244 3744; x_wconf 83' lang='lat' dir='ltr'><strong>verus</strong></span> <span class='ocrx_word' id='word_1_515' title='bbox 1271 3698 1324 3744; x_wconf 89' lang='lat' dir='ltr'><strong>et</strong></span> <span class='ocrx_word' id='word_1_516' title='bbox 1359 3691 1606 3746; x_wconf 88' lang='lat' dir='ltr'><strong>omnium</strong></span> <span class='ocrx_word' id='word_1_517' title='bbox 1636 3707 1730 3747; x_wconf 85' lang='lat' dir='ltr'><strong>rex</strong></span> <span class='ocrx_word' id='word_1_518' title='bbox 1767 3693 2069 3762; x_wconf 83' lang='lat' dir='ltr'><strong>imperavit.</strong></span> 
     </span>
    </p>
   </div>
   <div class='ocr_carea' id='block_1_70' title="bbox 500 3773 2073 3857">
    <p class='ocr_par' dir='ltr' id='par_1_70' title="bbox 500 3773 2073 3857">
     <span class='ocr_line' id='line_1_70' title="bbox 500 3773 2073 3857; baseline 0.01 -30"><span class='ocrx_word' id='word_1_519' title='bbox 500 3773 576 3828; x_wconf 84' lang='lat' dir='ltr'><strong>Ita</strong></span> <span class='ocrx_word' id='word_1_520' title='bbox 607 3791 834 3845; x_wconf 82' lang='lat' dir='ltr'><strong>prorsus</strong></span> <span class='ocrx_word' id='word_1_521' title='bbox 866 3779 1150 3834; x_wconf 88' lang='lat' dir='ltr'><strong>hortamur</strong></span> <span class='ocrx_word' id='word_1_522' title='bbox 1183 3797 1196 3834; x_wconf 90' lang='lat'><strong>:</strong></span> <span class='ocrx_word' id='word_1_523' title='bbox 1227 3789 1282 3836; x_wconf 90' lang='lat' dir='ltr'><strong>et</strong></span> <span class='ocrx_word' id='word_1_524' title='bbox 1309 3796 1440 3837; x_wconf 83' lang='lat' dir='ltr'><strong>vero</strong></span> <span class='ocrx_word' id='word_1_525' title='bbox 1487 3785 1773 3852; x_wconf 78' lang='lat' dir='ltr'><strong>speramus</strong></span> <span class='ocrx_word' id='word_1_526' title='bbox 1825 3794 2073 3857; x_wconf 90' lang='lat' dir='ltr'><strong>receptu-</strong></span> 
     </span>
    </p>
   </div>
   <div class='ocr_carea' id='block_1_71' title="bbox 502 3871 2073 3944">
    <p class='ocr_par' dir='ltr' id='par_1_71' title="bbox 502 3871 2073 3944">
     <span class='ocr_line' id='line_1_71' title="bbox 502 3871 2073 3944; baseline 0.01 -25"><span class='ocrx_word' id='word_1_527' title='bbox 502 3882 621 3920; x_wconf 88' lang='lat' dir='ltr'><strong>ram</strong></span> <span class='ocrx_word' id='word_1_528' title='bbox 663 3879 714 3923; x_wconf 88' lang='lat' dir='ltr'><strong>le</strong></span> <span class='ocrx_word' id='word_1_529' title='bbox 751 3885 874 3923; x_wconf 93' lang='lat' dir='ltr'><strong>eum</strong></span> <span class='ocrx_word' id='word_1_530' title='bbox 919 3872 970 3924; x_wconf 93' lang='lat' dir='ltr'><strong>iu</strong></span> <span class='ocrx_word' id='word_1_531' title='bbox 1014 3871 1102 3927; x_wconf 91' lang='lat' dir='ltr'><strong>die</strong></span> <span class='ocrx_word' id='word_1_532' title='bbox 1131 3872 1242 3936; x_wconf 90' lang='lat' dir='ltr'><strong>illa,</strong></span> <span class='ocrx_word' id='word_1_533' title='bbox 1305 3885 1593 3944; x_wconf 88' lang='lat' dir='ltr'><strong>postquam</strong></span> <span class='ocrx_word' id='word_1_534' title='bbox 1641 3875 1964 3933; x_wconf 79' lang='lat' dir='ltr'><strong>viduitatem</strong></span> <span class='ocrx_word' id='word_1_535' title='bbox 2017 3879 2073 3934; x_wconf 91' lang='lat' dir='ltr'><strong>in</strong></span> 
     </span>
    </p>
   </div>
   <div class='ocr_carea' id='block_1_72' title="bbox 504 3957 2076 4046">
    <p class='ocr_par' dir='ltr' id='par_1_72' title="bbox 504 3957 2076 4046">
     <span class='ocr_line' id='line_1_72' title="bbox 504 3957 2076 4046; baseline 0.011 -37"><span class='ocrx_word' id='word_1_536' title='bbox 504 3957 736 4016; x_wconf 85' lang='lat' dir='ltr'><strong>Domino</strong></span> <span class='ocrx_word' id='word_1_537' title='bbox 774 3965 1106 4030; x_wconf 85' lang='lat' dir='ltr'><strong>servaveris,</strong></span> <span class='ocrx_word' id='word_1_538' title='bbox 1143 3975 1196 4020; x_wconf 89' lang='lat' dir='ltr'><strong>et</strong></span> <span class='ocrx_word' id='word_1_539' title='bbox 1224 3966 1438 4036; x_wconf 77' lang='lat' dir='ltr'><strong>egregia</strong></span> <span class='ocrx_word' id='word_1_540' title='bbox 1467 3968 1707 4046; x_wconf 77' lang='lat' dir='ltr'><strong>germina</strong></span> <span class='ocrx_word' id='word_1_541' title='bbox 1737 3985 1901 4038; x_wconf 90' lang='lat' dir='ltr'><strong>quam</strong></span> <span class='ocrx_word' id='word_1_542' title='bbox 1933 3972 2076 4041; x_wconf 86' lang='lat' dir='ltr'><strong>opti-</strong></span> 
     </span>
    </p>
   </div>
   <div class='ocr_carea' id='block_1_73' title="bbox 500 4053 2075 4126">
    <p class='ocr_par' dir='ltr' id='par_1_73' title="bbox 500 4053 2075 4126">
     <span class='ocr_line' id='line_1_73' title="bbox 500 4053 2075 4126; baseline 0.006 -18"><span class='ocrx_word' id='word_1_543' title='bbox 500 4069 588 4108; x_wconf 89' lang='lat' dir='ltr'><strong>me</strong></span> <span class='ocrx_word' id='word_1_544' title='bbox 609 4053 918 4122; x_wconf 85' lang='lat' dir='ltr'><strong>institueris</strong></span> <span class='ocrx_word' id='word_1_545' title='bbox 947 4073 960 4108; x_wconf 90' lang='lat'>:</span> <span class='ocrx_word' id='word_1_546' title='bbox 993 4072 1114 4126; x_wconf 69' lang='lat' dir='ltr'><strong>quae</strong></span> <span class='ocrx_word' id='word_1_547' title='bbox 1143 4067 1196 4112; x_wconf 88' lang='lat' dir='ltr'><strong>et</strong></span> <span class='ocrx_word' id='word_1_548' title='bbox 1221 4073 1323 4113; x_wconf 87' lang='lat' dir='ltr'><strong>nos</strong></span> <span class='ocrx_word' id='word_1_549' title='bbox 1351 4059 1674 4126; x_wconf 87' lang='lat' dir='ltr'><strong>salutamus,</strong></span> <span class='ocrx_word' id='word_1_550' title='bbox 1706 4068 1761 4115; x_wconf 88' lang='lat' dir='ltr'><strong>et</strong></span> <span class='ocrx_word' id='word_1_551' title='bbox 1791 4061 2075 4118; x_wconf 89' lang='lat' dir='ltr'><strong>hortamur</strong></span> 
     </span>
    </p>
   </div>
   <div class='ocr_carea' id='block_1_74' title="bbox 503 4145 2078 4221">
    <p class='ocr_par' dir='ltr' id='par_1_74' title="bbox 503 4145 2078 4221">
     <span class='ocr_line' id='line_1_74' title="bbox 503 4145 2078 4221; baseline 0.009 -25"><span class='ocrx_word' id='word_1_552' title='bbox 503 4153 562 4196; x_wconf 91' lang='lat' dir='ltr'><strong>ut</strong></span> <span class='ocrx_word' id='word_1_553' title='bbox 591 4145 706 4214; x_wconf 89' lang='lat' dir='ltr'><strong>pari</strong></span> <span class='ocrx_word' id='word_1_554' title='bbox 741 4160 806 4200; x_wconf 87' lang='lat' dir='ltr'><strong>ac</strong></span> <span class='ocrx_word' id='word_1_555' title='bbox 849 4156 905 4201; x_wconf 94' lang='lat' dir='ltr'><strong>tu</strong></span> <span class='ocrx_word' id='word_1_556' title='bbox 936 4148 1106 4202; x_wconf 90' lang='lat' dir='ltr'><strong>animi</strong></span> <span class='ocrx_word' id='word_1_557' title='bbox 1141 4149 1514 4205; x_wconf 89' lang='lat' dir='ltr'><strong>moderatione</strong></span> <span class='ocrx_word' id='word_1_558' title='bbox 1569 4162 1848 4221; x_wconf 86' lang='lat' dir='ltr'><strong>paternam</strong></span> <span class='ocrx_word' id='word_1_559' title='bbox 1881 4154 2078 4210; x_wconf 88' lang='lat' dir='ltr'><strong>absen-</strong></span> 
     </span>
    </p>
   </div>
   <div class='ocr_carea' id='block_1_75' title="bbox 502 4240 2074 4310">
    <p class='ocr_par' dir='ltr' id='par_1_75' title="bbox 502 4240 2074 4310">
     <span class='ocr_line' id='line_1_75' title="bbox 502 4240 2074 4310; baseline 0.009 -16"><span class='ocrx_word' id='word_1_560' title='bbox 502 4243 631 4296; x_wconf 87' lang='lat' dir='ltr'><strong>tiam</strong></span> <span class='ocrx_word' id='word_1_561' title='bbox 665 4240 865 4310; x_wconf 78' lang='lat' dir='ltr'><strong>ferant,</strong></span> <span class='ocrx_word' id='word_1_562' title='bbox 901 4255 957 4300; x_wconf 91' lang='lat' dir='ltr'><strong>et</strong></span> <span class='ocrx_word' id='word_1_563' title='bbox 989 4257 1234 4304; x_wconf 85' lang='lat' dir='ltr'><strong>materna</strong></span> <span class='ocrx_word' id='word_1_564' title='bbox 1265 4247 1571 4304; x_wconf 86' lang='lat' dir='ltr'><strong>directione</strong></span> <span class='ocrx_word' id='word_1_565' title='bbox 1602 4250 1667 4304; x_wconf 88' lang='lat' dir='ltr'><strong>ad</strong></span> <span class='ocrx_word' id='word_1_566' title='bbox 1705 4260 1851 4307; x_wconf 89' lang='lat' dir='ltr'><strong>recta</strong></span> <span class='ocrx_word' id='word_1_567' title='bbox 1891 4252 2074 4308; x_wconf 84' lang='lat' dir='ltr'><strong>omnia</strong></span> 
     </span>
    </p>
   </div>
   <div class='ocr_carea' id='block_1_76' title="bbox 501 4333 880 4393">
    <p class='ocr_par' dir='ltr' id='par_1_76' title="bbox 501 4333 880 4393">
     <span class='ocr_line' id='line_1_76' title="bbox 501 4333 880 4393; baseline 0.003 -1"><span class='ocrx_word' id='word_1_568' title='bbox 501 4335 554 4392; x_wconf 88' lang='lat' dir='ltr'><strong>in</strong></span> <span class='ocrx_word' id='word_1_569' title='bbox 565 4333 880 4393; x_wconf 78' lang='lat' dir='ltr'><strong>formentur.</strong></span> 
     </span>
    </p>
   </div>
   <div class='ocr_carea' id='block_1_77' title="bbox 791 4631 1748 4706">
    <p class='ocr_par' dir='ltr' id='par_1_77' title="bbox 791 4631 1748 4706">
     <span class='ocr_line' id='line_1_77' title="bbox 791 4631 1748 4706; baseline 0.004 -18"><span class='ocrx_word' id='word_1_570' title='bbox 791 4631 927 4688; x_wconf 84' lang='lat' dir='ltr'><strong>CXI.</strong></span> <span class='ocrx_word' id='word_1_571' title='bbox 961 4663 1028 4684; x_wconf 71' lang='grc' dir='ltr'><strong>-τ-</strong></span> <span class='ocrx_word' id='word_1_572' title='bbox 1059 4633 1337 4699; x_wconf 78' lang='lat' dir='ltr'><strong>Monachis</strong></span> <span class='ocrx_word' id='word_1_573' title='bbox 1377 4634 1748 4706; x_wconf 80' lang='lat' dir='ltr'><strong>Myelensibus.</strong></span> 
     </span>
    </p>
   </div>
   <div class='ocr_carea' id='block_1_78' title="bbox 2171 3217 3754 3304">
    <p class='ocr_par' dir='ltr' id='par_1_78' title="bbox 2171 3217 3754 3304">
     <span class='ocr_line' id='line_1_78' title="bbox 2171 3217 3754 3304; baseline -0.013 -13"><span class='ocrx_word' id='word_1_574' title='bbox 2171 3237 2234 3290; x_wconf 83' lang='grc' dir='ltr'><strong>τὸ</strong></span> <span class='ocrx_word' id='word_1_575' title='bbox 2271 3233 2592 3304; x_wconf 81' lang='grc' dir='ltr'><strong>φιλοπενθὲς</strong></span> <span class='ocrx_word' id='word_1_576' title='bbox 2611 3272 2627 3297; x_wconf 86' lang='grc'><strong>,</strong></span> <span class='ocrx_word' id='word_1_577' title='bbox 2657 3232 2753 3286; x_wconf 75' lang='grc' dir='ltr'><strong>καὶ</strong></span> <span class='ocrx_word' id='word_1_578' title='bbox 2787 3228 3111 3285; x_wconf 88' lang='grc' dir='ltr'><strong>δεικνύουσα</strong></span> <span class='ocrx_word' id='word_1_579' title='bbox 3137 3226 3223 3280; x_wconf 83' lang='grc' dir='ltr'><strong>ὅτι</strong></span> <span class='ocrx_word' id='word_1_580' title='bbox 3262 3241 3344 3278; x_wconf 88' lang='grc' dir='ltr'><strong>σοι</strong></span> <span class='ocrx_word' id='word_1_581' title='bbox 3375 3219 3692 3292; x_wconf 79' lang='grc' dir='ltr'><strong>προστάτης</strong></span> <span class='ocrx_word' id='word_1_582' title='bbox 3719 3217 3754 3270; x_wconf 74' lang='grc' dir='ltr'><strong>ὁ</strong></span> 
     </span>
    </p>
   </div>
   <div class='ocr_carea' id='block_1_79' title="bbox 2171 3311 3754 3394">
    <p class='ocr_par' dir='ltr' id='par_1_79' title="bbox 2171 3311 3754 3394">
     <span class='ocr_line' id='line_1_79' title="bbox 2171 3311 3754 3394; baseline -0.012 -11"><span class='ocrx_word' id='word_1_583' title='bbox 2171 3328 2324 3393; x_wconf 81' lang='grc' dir='ltr'><strong>Θεὸς,</strong></span> <span class='ocrx_word' id='word_1_584' title='bbox 2359 3327 2420 3391; x_wconf 83' lang='grc' dir='ltr'><strong>ὃς</strong></span> <span class='ocrx_word' id='word_1_585' title='bbox 2444 3326 2539 3380; x_wconf 72' lang='grc' dir='ltr'><strong>καὶ</strong></span> <span class='ocrx_word' id='word_1_586' title='bbox 2571 3326 2636 3378; x_wconf 79' lang='grc' dir='ltr'><strong>ὲκ</strong></span> <span class='ocrx_word' id='word_1_587' title='bbox 2661 3323 2756 3378; x_wconf 89' lang='grc' dir='ltr'><strong>τοῦ</strong></span> <span class='ocrx_word' id='word_1_588' title='bbox 2799 3321 2874 3394; x_wconf 77' lang='grc' dir='ltr'><strong>μὴ</strong></span> <span class='ocrx_word' id='word_1_589' title='bbox 2905 3321 3059 3384; x_wconf 76' lang='grc' dir='ltr'><strong>ὄντος</strong></span> <span class='ocrx_word' id='word_1_590' title='bbox 3100 3319 3182 3382; x_wconf 86' lang='grc' dir='ltr'><strong>είς</strong></span> <span class='ocrx_word' id='word_1_591' title='bbox 3221 3315 3284 3372; x_wconf 79' lang='grc' dir='ltr'><strong>τὸ</strong></span> <span class='ocrx_word' id='word_1_592' title='bbox 3314 3311 3456 3370; x_wconf 77' lang='grc' dir='ltr'><strong>εἷναί</strong></span> <span class='ocrx_word' id='word_1_593' title='bbox 3507 3329 3568 3368; x_wconf 87' lang='grc' dir='ltr'><strong>σε</strong></span> <span class='ocrx_word' id='word_1_594' title='bbox 3611 3328 3754 3381; x_wconf 81' lang='grc' dir='ltr'><strong>παρ-</strong></span> 
     </span>
    </p>
   </div>
   <div class='ocr_carea' id='block_1_80' title="bbox 2171 3404 3756 3494">
    <p class='ocr_par' dir='ltr' id='par_1_80' title="bbox 2171 3404 3756 3494">
     <span class='ocr_line' id='line_1_80' title="bbox 2171 3404 3756 3494; baseline -0.011 -18"><span class='ocrx_word' id='word_1_595' title='bbox 2171 3422 2369 3494; x_wconf 87' lang='grc' dir='ltr'><strong>ήγαγε,</strong></span> <span class='ocrx_word' id='word_1_596' title='bbox 2405 3420 2498 3474; x_wconf 78' lang='grc' dir='ltr'><strong>καὶ</strong></span> <span class='ocrx_word' id='word_1_597' title='bbox 2529 3421 2611 3482; x_wconf 84' lang='grc' dir='ltr'><strong>είς</strong></span> <span class='ocrx_word' id='word_1_598' title='bbox 2639 3416 2828 3488; x_wconf 83' lang='grc' dir='ltr'><strong>ἀκμὴν</strong></span> <span class='ocrx_word' id='word_1_599' title='bbox 2856 3413 3071 3485; x_wconf 82' lang='grc' dir='ltr'><strong>ἡλικίας</strong></span> <span class='ocrx_word' id='word_1_600' title='bbox 3104 3413 3301 3484; x_wconf 82' lang='grc' dir='ltr'><strong>ήγαγε,</strong></span> <span class='ocrx_word' id='word_1_601' title='bbox 3327 3409 3426 3463; x_wconf 73' lang='grc' dir='ltr'><strong>καὶ</strong></span> <span class='ocrx_word' id='word_1_602' title='bbox 3445 3404 3756 3480; x_wconf 79' lang='grc' dir='ltr'><strong>τηλικούτῳ</strong></span> 
     </span>
    </p>
   </div>
   <div class='ocr_carea' id='block_1_81' title="bbox 2173 3494 3750 3581">
    <p class='ocr_par' dir='ltr' id='par_1_81' title="bbox 2173 3494 3750 3581">
     <span class='ocr_line' id='line_1_81' title="bbox 2173 3494 3750 3581; baseline -0.011 -17"><span class='ocrx_word' id='word_1_603' title='bbox 2173 3495 2326 3581; x_wconf 77' lang='grc' dir='ltr'><strong>ἀνδρὶ</strong></span> <span class='ocrx_word' id='word_1_604' title='bbox 2353 3507 2657 3572; x_wconf 77' lang='grc' dir='ltr'><strong>συνέζευξε,</strong></span> <span class='ocrx_word' id='word_1_605' title='bbox 2687 3507 2781 3560; x_wconf 77' lang='grc' dir='ltr'><strong>καὶ</strong></span> <span class='ocrx_word' id='word_1_606' title='bbox 2801 3499 2958 3566; x_wconf 79' lang='grc' dir='ltr'><strong>αὖθις</strong></span> <span class='ocrx_word' id='word_1_607' title='bbox 2979 3500 3269 3566; x_wconf 76' lang='grc' dir='ltr'><strong>διαζεύξας</strong></span> <span class='ocrx_word' id='word_1_608' title='bbox 3296 3496 3520 3553; x_wconf 81' lang='grc' dir='ltr'><strong>ένώσειε</strong></span> <span class='ocrx_word' id='word_1_609' title='bbox 3539 3495 3629 3550; x_wconf 80' lang='grc' dir='ltr'><strong>διὰ</strong></span> <span class='ocrx_word' id='word_1_610' title='bbox 3654 3494 3750 3564; x_wconf 73' lang='grc' dir='ltr'><strong>τῆς</strong></span> 
     </span>
    </p>
   </div>
   <div class='ocr_carea' id='block_1_82' title="bbox 2172 3583 3752 3667">
    <p class='ocr_par' dir='ltr' id='par_1_82' title="bbox 2172 3583 3752 3667">
     <span class='ocr_line' id='line_1_82' title="bbox 2172 3583 3752 3667; baseline -0.011 -11"><span class='ocrx_word' id='word_1_611' title='bbox 2172 3602 2522 3664; x_wconf 87' lang='grc' dir='ltr'><strong>ἀναστάσεως</strong></span> <span class='ocrx_word' id='word_1_612' title='bbox 2548 3614 2562 3629; x_wconf 93' lang='grc'><strong>·</strong></span> <span class='ocrx_word' id='word_1_613' title='bbox 2628 3597 2769 3651; x_wconf 84' lang='grc' dir='ltr'><strong>ὥστε</strong></span> <span class='ocrx_word' id='word_1_614' title='bbox 2826 3597 3048 3667; x_wconf 81' lang='grc' dir='ltr'><strong>νόμισον</strong></span> <span class='ocrx_word' id='word_1_615' title='bbox 3116 3591 3426 3662; x_wconf 82' lang='grc' dir='ltr'><strong>ἀποδημίαν</strong></span> <span class='ocrx_word' id='word_1_616' title='bbox 3486 3583 3629 3642; x_wconf 78' lang='grc' dir='ltr'><strong>εἶναι</strong></span> <span class='ocrx_word' id='word_1_617' title='bbox 3689 3585 3752 3640; x_wconf 72' lang='grc' dir='ltr'><strong>τὸ</strong></span> 
     </span>
    </p>
   </div>
   <div class='ocr_carea' id='block_1_83' title="bbox 2174 3680 3752 3766">
    <p class='ocr_par' dir='ltr' id='par_1_83' title="bbox 2174 3680 3752 3766">
     <span class='ocr_line' id='line_1_83' title="bbox 2174 3680 3752 3766; baseline -0.01 -20"><span class='ocrx_word' id='word_1_618' title='bbox 2174 3696 2428 3766; x_wconf 86' lang='grc' dir='ltr'><strong>πρᾶγμα.</strong></span> <span class='ocrx_word' id='word_1_619' title='bbox 2466 3693 2580 3746; x_wconf 86' lang='grc' dir='ltr'><strong>Ούκ</strong></span> <span class='ocrx_word' id='word_1_620' title='bbox 2630 3682 2739 3762; x_wconf 79' lang='grc' dir='ltr'><strong>ἆρα</strong></span> <span class='ocrx_word' id='word_1_621' title='bbox 2768 3690 2998 3760; x_wconf 77' lang='grc' dir='ltr'><strong>ἧνεγκες</strong></span> <span class='ocrx_word' id='word_1_622' title='bbox 3042 3686 3142 3759; x_wconf 85' lang='grc' dir='ltr'><strong>τὴν</strong></span> <span class='ocrx_word' id='word_1_623' title='bbox 3181 3684 3464 3754; x_wconf 78' lang='grc' dir='ltr'><strong>στέρησιν,</strong></span> <span class='ocrx_word' id='word_1_624' title='bbox 3499 3682 3550 3734; x_wconf 89' lang='grc' dir='ltr'><strong>εί</strong></span> <span class='ocrx_word' id='word_1_625' title='bbox 3591 3680 3752 3750; x_wconf 88' lang='grc' dir='ltr'><strong>βασι-</strong></span> 
     </span>
    </p>
   </div>
   <div class='ocr_carea' id='block_1_84' title="bbox 2171 3771 3752 3855">
    <p class='ocr_par' dir='ltr' id='par_1_84' title="bbox 2171 3771 3752 3855">
     <span class='ocr_line' id='line_1_84' title="bbox 2171 3771 3752 3855; baseline -0.012 -13"><span class='ocrx_word' id='word_1_626' title='bbox 2171 3788 2295 3851; x_wconf 83' lang='grc' dir='ltr'><strong>λεὺς</strong></span> <span class='ocrx_word' id='word_1_627' title='bbox 2333 3787 2579 3855; x_wconf 78' lang='grc' dir='ltr'><strong>ἐπίγειος</strong></span> <span class='ocrx_word' id='word_1_628' title='bbox 2607 3783 2940 3854; x_wconf 80' lang='grc' dir='ltr'><strong>ὲπέτρεψεν;</strong></span> <span class='ocrx_word' id='word_1_629' title='bbox 2973 3778 3154 3845; x_wconf 81' lang='grc' dir='ltr'><strong>Οῐσον,</strong></span> <span class='ocrx_word' id='word_1_630' title='bbox 3189 3775 3454 3832; x_wconf 86' lang='grc' dir='ltr'><strong>δέσποινά</strong></span> <span class='ocrx_word' id='word_1_631' title='bbox 3500 3789 3627 3844; x_wconf 90' lang='grc' dir='ltr'><strong>μου,</strong></span> <span class='ocrx_word' id='word_1_632' title='bbox 3659 3771 3752 3824; x_wconf 77' lang='grc' dir='ltr'><strong>καὶ</strong></span> 
     </span>
    </p>
   </div>
   <div class='ocr_carea' id='block_1_85' title="bbox 2171 3863 3753 3953">
    <p class='ocr_par' dir='ltr' id='par_1_85' title="bbox 2171 3863 3753 3953">
     <span class='ocr_line' id='line_1_85' title="bbox 2171 3863 3753 3953; baseline -0.013 -19"><span class='ocrx_word' id='word_1_633' title='bbox 2171 3880 2367 3953; x_wconf 82' lang='grc' dir='ltr'><strong>τήνδε,</strong></span> <span class='ocrx_word' id='word_1_634' title='bbox 2407 3879 2474 3950; x_wconf 82' lang='grc' dir='ltr'><strong>ἢν</strong></span> <span class='ocrx_word' id='word_1_635' title='bbox 2507 3879 2536 3931; x_wconf 86' lang='grc' dir='ltr'><strong>ό</strong></span> <span class='ocrx_word' id='word_1_636' title='bbox 2580 3877 2742 3948; x_wconf 88' lang='grc' dir='ltr'><strong>μόνος</strong></span> <span class='ocrx_word' id='word_1_637' title='bbox 2786 3872 3039 3945; x_wconf 83' lang='grc' dir='ltr'><strong>ἀληθινὸς</strong></span> <span class='ocrx_word' id='word_1_638' title='bbox 3087 3870 3182 3923; x_wconf 74' lang='grc' dir='ltr'><strong>καὶ</strong></span> <span class='ocrx_word' id='word_1_639' title='bbox 3212 3869 3437 3922; x_wconf 87' lang='grc' dir='ltr'><strong>πάντων</strong></span> <span class='ocrx_word' id='word_1_640' title='bbox 3494 3863 3753 3935; x_wconf 73' lang='grc' dir='ltr'><strong>βασιλεὺς</strong></span> 
     </span>
    </p>
   </div>
   <div class='ocr_carea' id='block_1_86' title="bbox 2173 3956 3759 4039">
    <p class='ocr_par' dir='ltr' id='par_1_86' title="bbox 2173 3956 3759 4039">
     <span class='ocr_line' id='line_1_86' title="bbox 2173 3956 3759 4039; baseline -0.013 -11"><span class='ocrx_word' id='word_1_641' title='bbox 2173 3973 2448 4028; x_wconf 79' lang='grc' dir='ltr'><strong>ἐκέλευσε.</strong></span> <span class='ocrx_word' id='word_1_642' title='bbox 2510 3970 2640 4038; x_wconf 82' lang='grc' dir='ltr'><strong>Ναὶ,</strong></span> <span class='ocrx_word' id='word_1_643' title='bbox 2676 3965 3137 4039; x_wconf 87' lang='grc' dir='ltr'><strong>παρακαλοῦμεν,</strong></span> <span class='ocrx_word' id='word_1_644' title='bbox 3191 3961 3286 4016; x_wconf 88' lang='grc' dir='ltr'><strong>καί</strong></span> <span class='ocrx_word' id='word_1_645' title='bbox 3317 3977 3382 4029; x_wconf 90' lang='grc' dir='ltr'><strong>γε</strong></span> <span class='ocrx_word' id='word_1_646' title='bbox 3420 3956 3759 4025; x_wconf 77' lang='grc' dir='ltr'><strong>πιστεύομεν</strong></span> 
     </span>
    </p>
   </div>
   <div class='ocr_carea' id='block_1_87' title="bbox 2172 4047 3754 4146">
    <p class='ocr_par' dir='ltr' id='par_1_87' title="bbox 2172 4047 3754 4146">
     <span class='ocr_line' id='line_1_87' title="bbox 2172 4047 3754 4146; baseline -0.013 -25"><span class='ocrx_word' id='word_1_647' title='bbox 2172 4063 2548 4136; x_wconf 79' lang='grc' dir='ltr'><strong>ἀπολήψεσθαι</strong></span> <span class='ocrx_word' id='word_1_648' title='bbox 2576 4079 2636 4115; x_wconf 91' lang='grc' dir='ltr'><strong>σε</strong></span> <span class='ocrx_word' id='word_1_649' title='bbox 2665 4061 2831 4115; x_wconf 71' lang='grc' dir='ltr'><strong>αὐτὸν</strong></span> <span class='ocrx_word' id='word_1_650' title='bbox 2860 4060 2919 4112; x_wconf 81' lang='grc' dir='ltr'><strong>ὲν</strong></span> <span class='ocrx_word' id='word_1_651' title='bbox 2951 4061 3024 4146; x_wconf 12' lang='grc' dir='ltr'><strong>τῇ,</strong></span> <span class='ocrx_word' id='word_1_652' title='bbox 3067 4055 3253 4146; x_wconf 63' lang='grc' dir='ltr'><strong>ἡμέρα</strong></span> <span class='ocrx_word' id='word_1_653' title='bbox 3291 4049 3515 4124; x_wconf 70' lang='grc' dir='ltr'><strong>ἐκείνῃ·</strong></span> <span class='ocrx_word' id='word_1_654' title='bbox 3546 4047 3754 4146; x_wconf 66' lang='grc' dir='ltr'><strong>φυλάτ-</strong></span> 
     </span>
    </p>
   </div>
   <div class='ocr_carea' id='block_1_88' title="bbox 2174 4143 3758 4222">
    <p class='ocr_par' dir='ltr' id='par_1_88' title="bbox 2174 4143 3758 4222">
     <span class='ocr_line' id='line_1_88' title="bbox 2174 4143 3758 4222; baseline -0.015 -11"><span class='ocrx_word' id='word_1_655' title='bbox 2174 4172 2371 4210; x_wconf 89' lang='grc' dir='ltr'><strong>τουσαν</strong></span> <span class='ocrx_word' id='word_1_656' title='bbox 2403 4153 2503 4222; x_wconf 80' lang='grc' dir='ltr'><strong>τὴν</strong></span> <span class='ocrx_word' id='word_1_657' title='bbox 2530 4151 2761 4222; x_wconf 84' lang='grc' dir='ltr'><strong>χηρείαν</strong></span> <span class='ocrx_word' id='word_1_658' title='bbox 2805 4150 2862 4202; x_wconf 81' lang='grc' dir='ltr'><strong>ὲν</strong></span> <span class='ocrx_word' id='word_1_659' title='bbox 2887 4145 3077 4216; x_wconf 82' lang='grc' dir='ltr'><strong>Κυρίῳ</strong></span> <span class='ocrx_word' id='word_1_660' title='bbox 3096 4184 3112 4210; x_wconf 89' lang='grc'><strong>,</strong></span> <span class='ocrx_word' id='word_1_661' title='bbox 3141 4143 3237 4196; x_wconf 75' lang='grc' dir='ltr'><strong>καὶ</strong></span> <span class='ocrx_word' id='word_1_662' title='bbox 3277 4143 3758 4210; x_wconf 72' lang='grc' dir='ltr'><strong>τεκνοτροφοῦσαυ</strong></span> 
     </span>
    </p>
   </div>
   <div class='ocr_carea' id='block_1_89' title="bbox 2174 4234 3753 4322">
    <p class='ocr_par' dir='ltr' id='par_1_89' title="bbox 2174 4234 3753 4322">
     <span class='ocr_line' id='line_1_89' title="bbox 2174 4234 3753 4322; baseline -0.014 -19"><span class='ocrx_word' id='word_1_663' title='bbox 2174 4249 2372 4322; x_wconf 78' lang='grc' dir='ltr'><strong>ἄριστα</strong></span> <span class='ocrx_word' id='word_1_664' title='bbox 2417 4247 2487 4300; x_wconf 70' lang='grc' dir='ltr'><strong>τὰ</strong></span> <span class='ocrx_word' id='word_1_665' title='bbox 2527 4243 2668 4298; x_wconf 87' lang='grc' dir='ltr'><strong>καλά</strong></span> <span class='ocrx_word' id='word_1_666' title='bbox 2713 4241 3108 4314; x_wconf 85' lang='grc' dir='ltr'><strong>βλαστήματα·</strong></span> <span class='ocrx_word' id='word_1_667' title='bbox 3159 4236 3304 4307; x_wconf 78' lang='grc' dir='ltr'><strong>ειπερ</strong></span> <span class='ocrx_word' id='word_1_668' title='bbox 3349 4234 3448 4288; x_wconf 73' lang='grc' dir='ltr'><strong>καὶ</strong></span> <span class='ocrx_word' id='word_1_669' title='bbox 3476 4246 3753 4322; x_wconf 85' lang='grc' dir='ltr'><strong>προσαγο-</strong></span> 
     </span>
    </p>
   </div>
   <div class='ocr_carea' id='block_1_90' title="bbox 2178 4321 3753 4414">
    <p class='ocr_par' dir='ltr' id='par_1_90' title="bbox 2178 4321 3753 4414">
     <span class='ocr_line' id='line_1_90' title="bbox 2178 4321 3753 4414; baseline -0.014 -20"><span class='ocrx_word' id='word_1_670' title='bbox 2178 4340 2408 4414; x_wconf 87' lang='grc' dir='ltr'><strong>ρεύομεν</strong></span> <span class='ocrx_word' id='word_1_671' title='bbox 2431 4351 2446 4366; x_wconf 85' lang='grc'><strong>·</strong></span> <span class='ocrx_word' id='word_1_672' title='bbox 2480 4337 2578 4391; x_wconf 73' lang='grc' dir='ltr'><strong>καὶ</strong></span> <span class='ocrx_word' id='word_1_673' title='bbox 2625 4333 3001 4406; x_wconf 84' lang='grc' dir='ltr'><strong>ὁμοιοτρόπως</strong></span> <span class='ocrx_word' id='word_1_674' title='bbox 3043 4347 3126 4383; x_wconf 89' lang='grc' dir='ltr'><strong>σοι</strong></span> <span class='ocrx_word' id='word_1_675' title='bbox 3157 4323 3534 4398; x_wconf 85' lang='grc' dir='ltr'><strong>παραινοῦμεν</strong></span> <span class='ocrx_word' id='word_1_676' title='bbox 3565 4321 3753 4414; x_wconf 69' lang='grc' dir='ltr'><strong>φέρειν</strong></span> 
     </span>
    </p>
   </div>
   <div class='ocr_carea' id='block_1_91' title="bbox 2177 4412 3753 4502">
    <p class='ocr_par' dir='ltr' id='par_1_91' title="bbox 2177 4412 3753 4502">
     <span class='ocr_line' id='line_1_91' title="bbox 2177 4412 3753 4502; baseline -0.013 -16"><span class='ocrx_word' id='word_1_677' title='bbox 2177 4412 2274 4502; x_wconf 78' lang='grc' dir='ltr'><strong>τὴν</strong></span> <span class='ocrx_word' id='word_1_678' title='bbox 2298 4429 2574 4501; x_wconf 81' lang='grc' dir='ltr'><strong>πατρικὴν</strong></span> <span class='ocrx_word' id='word_1_679' title='bbox 2605 4428 2882 4497; x_wconf 74' lang='grc' dir='ltr'><strong>στέρησιν,</strong></span> <span class='ocrx_word' id='word_1_680' title='bbox 2920 4422 3013 4477; x_wconf 72' lang='grc' dir='ltr'><strong>καὶ</strong></span> <span class='ocrx_word' id='word_1_681' title='bbox 3045 4422 3288 4494; x_wconf 80' lang='grc' dir='ltr'><strong>μητρικῇ</strong></span> <span class='ocrx_word' id='word_1_682' title='bbox 3323 4412 3753 4472; x_wconf 81' lang='grc' dir='ltr'><strong>διαπλάττεσθαι</strong></span> 
     </span>
    </p>
   </div>
   <div class='ocr_carea' id='block_1_92' title="bbox 2099 4507 3147 4597">
    <p class='ocr_par' dir='ltr' id='par_1_92' title="bbox 2099 4507 3147 4597">
     <span class='ocr_line' id='line_1_92' title="bbox 2099 4507 3147 4597; baseline -0.012 -18"><span class='ocrx_word' id='word_1_683' title='bbox 2099 4507 2145 4564; x_wconf 76' lang='lat' dir='ltr'><strong>D</strong></span> <span class='ocrx_word' id='word_1_684' title='bbox 2175 4524 2428 4597; x_wconf 75' lang='grc' dir='ltr'><strong>ρυθμίσει</strong></span> <span class='ocrx_word' id='word_1_685' title='bbox 2465 4521 2604 4596; x_wconf 84' lang='grc' dir='ltr'><strong>πρὸς</strong></span> <span class='ocrx_word' id='word_1_686' title='bbox 2633 4520 2814 4574; x_wconf 80' lang='grc' dir='ltr'><strong>πᾶσαν</strong></span> <span class='ocrx_word' id='word_1_687' title='bbox 2854 4514 3147 4585; x_wconf 80' lang='grc' dir='ltr'><strong>εὐθύτητα.</strong></span> 
     </span>
    </p>
   </div>
   <div class='ocr_carea' id='block_1_93' title="bbox 2314 4614 3747 4710">
    <p class='ocr_par' dir='ltr' id='par_1_93' title="bbox 2314 4614 3747 4710">
     <span class='ocr_line' id='line_1_93' title="bbox 2314 4614 3747 4710; baseline -0.014 -17"><span class='ocrx_word' id='word_1_688' title='bbox 2314 4637 2566 4710; x_wconf 58' lang='grc' dir='ltr'><strong>ΡΙΑἻἸ).</strong></span> <span class='ocrx_word' id='word_1_689' title='bbox 2584 4665 2657 4678; x_wconf 89' lang='grc'><strong><em>-</em></strong></span> <span class='ocrx_word' id='word_1_690' title='bbox 2684 4633 2819 4700; x_wconf 85' lang='grc' dir='ltr'><strong>Τοῖς</strong></span> <span class='ocrx_word' id='word_1_691' title='bbox 2841 4629 3168 4702; x_wconf 77' lang='grc' dir='ltr'><strong>μονάζουσι</strong></span> <span class='ocrx_word' id='word_1_692' title='bbox 3194 4625 3460 4694; x_wconf 66' lang='grc' dir='ltr'><strong>Μυέλης.</strong></span> <span class='ocrx_word' id='word_1_693' title='bbox 3547 4614 3747 4696; x_wconf 39' lang='lat' dir='ltr'><strong>[una]</strong></span> 
     </span>
    </p>
   </div>
   <div class='ocr_carea' id='block_1_94' title="bbox 1170 4747 3074 4822">
    <p class='ocr_par' dir='ltr' id='par_1_94' title="bbox 1170 4747 3074 4822">
     <span class='ocr_line' id='line_1_94' title="bbox 1170 4747 3074 4822; baseline -0.003 -20"><span class='ocrx_word' id='word_1_694' title='bbox 1170 4750 1399 4816; x_wconf 80' lang='lat' dir='ltr'><strong>Elogium</strong></span> <span class='ocrx_word' id='word_1_695' title='bbox 1427 4751 1652 4815; x_wconf 84' lang='lat' dir='ltr'><strong>Dionysii</strong></span> <span class='ocrx_word' id='word_1_696' title='bbox 1684 4755 1906 4805; x_wconf 87' lang='lat' dir='ltr'><strong>monachi</strong></span> <span class='ocrx_word' id='word_1_697' title='bbox 1930 4756 2015 4818; x_wconf 90' lang='lat' dir='ltr'><strong>qui</strong></span> <span class='ocrx_word' id='word_1_698' title='bbox 2042 4757 2172 4822; x_wconf 86' lang='lat' dir='ltr'><strong>apud</strong></span> <span class='ocrx_word' id='word_1_699' title='bbox 2193 4757 2480 4821; x_wconf 79' lang='lat' dir='ltr'><strong>Myclenses</strong></span> <span class='ocrx_word' id='word_1_700' title='bbox 2501 4755 2686 4817; x_wconf 87' lang='lat' dir='ltr'><strong>hospes</strong></span> <span class='ocrx_word' id='word_1_701' title='bbox 2705 4750 2838 4816; x_wconf 53' lang='lat' dir='ltr'><strong>.illos</strong></span> <span class='ocrx_word' id='word_1_702' title='bbox 2862 4747 3074 4802; x_wconf 78' lang='lat' dir='ltr'><strong>obierat.</strong></span> 
     </span>
    </p>
   </div>
   <div class='ocr_carea' id='block_1_95' title="bbox 571 4843 2072 4934">
    <p class='ocr_par' dir='ltr' id='par_1_95' title="bbox 571 4843 2072 4934">
     <span class='ocr_line' id='line_1_95' title="bbox 571 4843 2072 4934; baseline 0.005 -23"><span class='ocrx_word' id='word_1_703' title='bbox 571 4843 836 4913; x_wconf 75' lang='lat' dir='ltr'><strong>Dormitio</strong></span> <span class='ocrx_word' id='word_1_704' title='bbox 875 4858 1094 4928; x_wconf 84' lang='lat' dir='ltr'><strong>quidem</strong></span> <span class='ocrx_word' id='word_1_705' title='bbox 1143 4858 1323 4914; x_wconf 90' lang='lat' dir='ltr'><strong>dilecti</strong></span> <span class='ocrx_word' id='word_1_706' title='bbox 1353 4858 1540 4915; x_wconf 77' lang='lat' dir='ltr'><strong>fratris</strong></span> <span class='ocrx_word' id='word_1_707' title='bbox 1596 4860 1768 4916; x_wconf 90' lang='lat' dir='ltr'><strong>nostri</strong></span> <span class='ocrx_word' id='word_1_708' title='bbox 1807 4859 2072 4934; x_wconf 90' lang='lat' dir='ltr'><strong>Dionysii,</strong></span> 
     </span>
    </p>
   </div>
   <div class='ocr_carea' id='block_1_96' title="bbox 499 4949 2071 5022">
    <p class='ocr_par' dir='ltr' id='par_1_96' title="bbox 499 4949 2071 5022">
     <span class='ocr_line' id='line_1_96' title="bbox 499 4949 2071 5022; baseline 0.004 -18"><span class='ocrx_word' id='word_1_709' title='bbox 499 4949 724 5005; x_wconf 80' lang='lat' dir='ltr'><strong>deﬁnito</strong></span> <span class='ocrx_word' id='word_1_710' title='bbox 773 4950 868 5005; x_wconf 90' lang='lat' dir='ltr'><strong>Dei</strong></span> <span class='ocrx_word' id='word_1_711' title='bbox 900 4950 1145 5007; x_wconf 85' lang='lat' dir='ltr'><strong>consilio</strong></span> <span class='ocrx_word' id='word_1_712' title='bbox 1194 4959 1322 5012; x_wconf 82' lang='lat' dir='ltr'><strong>ante</strong></span> <span class='ocrx_word' id='word_1_713' title='bbox 1363 4949 1806 5014; x_wconf 83' lang='lat' dir='ltr'><strong>constitutionem</strong></span> <span class='ocrx_word' id='word_1_714' title='bbox 1859 4955 2071 5022; x_wconf 92' lang='lat' dir='ltr'><strong>mundi,</strong></span> 
     </span>
    </p>
   </div>
   <div class='ocr_carea' id='block_1_97' title="bbox 494 5041 2072 5115">
    <p class='ocr_par' dir='ltr' id='par_1_97' title="bbox 494 5041 2072 5115">
     <span class='ocr_line' id='line_1_97' title="bbox 494 5041 2072 5115; baseline 0.005 -19"><span class='ocrx_word' id='word_1_715' title='bbox 494 5043 609 5115; x_wconf 83' lang='lat' dir='ltr'><strong>jam</strong></span> <span class='ocrx_word' id='word_1_716' title='bbox 635 5044 854 5098; x_wconf 88' lang='lat' dir='ltr'><strong>accidit.</strong></span> <span class='ocrx_word' id='word_1_717' title='bbox 895 5041 1060 5099; x_wconf 86' lang='lat' dir='ltr'><strong>Vobis</strong></span> <span class='ocrx_word' id='word_1_718' title='bbox 1097 5059 1245 5110; x_wconf 91' lang='lat' dir='ltr'><strong>vero,</strong></span> <span class='ocrx_word' id='word_1_719' title='bbox 1285 5043 1507 5110; x_wconf 81' lang='lat' dir='ltr'><strong>fratres,</strong></span> <span class='ocrx_word' id='word_1_720' title='bbox 1549 5043 1852 5102; x_wconf 80' lang='lat' dir='ltr'><strong>benefaciat</strong></span> <span class='ocrx_word' id='word_1_721' title='bbox 1891 5046 2072 5104; x_wconf 87' lang='lat' dir='ltr'><strong>Domi-</strong></span> 
     </span>
    </p>
   </div>
   <div class='ocr_carea' id='block_1_98' title="bbox 501 5137 2074 5212">
    <p class='ocr_par' dir='ltr' id='par_1_98' title="bbox 501 5137 2074 5212">
     <span class='ocr_line' id='line_1_98' title="bbox 501 5137 2074 5212; baseline 0.001 -20"><span class='ocrx_word' id='word_1_722' title='bbox 501 5153 629 5203; x_wconf 88' lang='lat' dir='ltr'><strong>nus,</strong></span> <span class='ocrx_word' id='word_1_723' title='bbox 686 5138 830 5208; x_wconf 91' lang='lat' dir='ltr'><strong>quod</strong></span> <span class='ocrx_word' id='word_1_724' title='bbox 889 5137 1042 5195; x_wconf 90' lang='lat' dir='ltr'><strong>illum</strong></span> <span class='ocrx_word' id='word_1_725' title='bbox 1105 5138 1298 5192; x_wconf 89' lang='lat' dir='ltr'><strong>morbo</strong></span> <span class='ocrx_word' id='word_1_726' title='bbox 1353 5137 1627 5204; x_wconf 66' lang='lat' dir='ltr'><strong>affectum,</strong></span> <span class='ocrx_word' id='word_1_727' title='bbox 1683 5138 1738 5194; x_wconf 90' lang='lat' dir='ltr'><strong>in</strong></span> <span class='ocrx_word' id='word_1_728' title='bbox 1793 5139 2074 5212; x_wconf 62' lang='lat' dir='ltr'><strong>praestanti</strong></span> 
     </span>
    </p>
   </div>
   <div class='ocr_carea' id='block_1_99' title="bbox 501 5229 2076 5304">
    <p class='ocr_par' dir='ltr' id='par_1_99' title="bbox 501 5229 2076 5304">
     <span class='ocr_line' id='line_1_99' title="bbox 501 5229 2076 5304; baseline 0.003 -20"><span class='ocrx_word' id='word_1_729' title='bbox 501 5231 839 5285; x_wconf 90' lang='lat' dir='ltr'><strong>monasterio</strong></span> <span class='ocrx_word' id='word_1_730' title='bbox 875 5238 1075 5296; x_wconf 87' lang='lat' dir='ltr'><strong>vestro,</strong></span> <span class='ocrx_word' id='word_1_731' title='bbox 1113 5245 1238 5285; x_wconf 90' lang='lat' dir='ltr'><strong>cum</strong></span> <span class='ocrx_word' id='word_1_732' title='bbox 1275 5229 1400 5286; x_wconf 89' lang='lat' dir='ltr'><strong>illac</strong></span> <span class='ocrx_word' id='word_1_733' title='bbox 1435 5231 1539 5286; x_wconf 92' lang='lat' dir='ltr'><strong>iter</strong></span> <span class='ocrx_word' id='word_1_734' title='bbox 1581 5230 1826 5297; x_wconf 89' lang='lat' dir='ltr'><strong>haberet,</strong></span> <span class='ocrx_word' id='word_1_735' title='bbox 1858 5233 2076 5304; x_wconf 83' lang='lat' dir='ltr'><strong>excepi-</strong></span> 
     </span>
    </p>
   </div>
   <div class='ocr_carea' id='block_1_100' title="bbox 499 5322 2076 5398">
    <p class='ocr_par' dir='ltr' id='par_1_100' title="bbox 499 5322 2076 5398">
     <span class='ocr_line' id='line_1_100' title="bbox 499 5322 2076 5398; baseline 0.001 -20"><span class='ocrx_word' id='word_1_736' title='bbox 499 5325 602 5378; x_wconf 88' lang='lat' dir='ltr'><strong>stis</strong></span> <span class='ocrx_word' id='word_1_737' title='bbox 689 5322 853 5395; x_wconf 82' lang='lat' dir='ltr'><strong>idque</strong></span> <span class='ocrx_word' id='word_1_738' title='bbox 894 5323 1250 5398; x_wconf 89' lang='lat' dir='ltr'><strong>quoadusque</strong></span> <span class='ocrx_word' id='word_1_739' title='bbox 1284 5323 1688 5378; x_wconf 87' lang='lat' dir='ltr'><strong>tabernaculum</strong></span> <span class='ocrx_word' id='word_1_740' title='bbox 1716 5323 1771 5378; x_wconf 90' lang='lat' dir='ltr'><strong>in</strong></span> <span class='ocrx_word' id='word_1_741' title='bbox 1800 5333 1946 5380; x_wconf 84' lang='lat' dir='ltr'><strong>terra</strong></span> <span class='ocrx_word' id='word_1_742' title='bbox 1977 5324 2076 5380; x_wconf 91' lang='lat' dir='ltr'><strong>de-</strong></span> 
     </span>
    </p>
   </div>
   <div class='ocr_carea' id='block_1_101' title="bbox 499 5418 2072 5497">
    <p class='ocr_par' dir='ltr' id='par_1_101' title="bbox 499 5418 2072 5497">
     <span class='ocr_line' id='line_1_101' title="bbox 499 5418 2072 5497; baseline 0.003 -27"><span class='ocrx_word' id='word_1_743' title='bbox 499 5422 724 5489; x_wconf 82' lang='lat' dir='ltr'><strong>posuit,.</strong></span> <span class='ocrx_word' id='word_1_744' title='bbox 751 5421 1094 5497; x_wconf 87' lang='lat' dir='ltr'><strong>evolavitque</strong></span> <span class='ocrx_word' id='word_1_745' title='bbox 1137 5419 1193 5473; x_wconf 91' lang='lat' dir='ltr'><strong>in</strong></span> <span class='ocrx_word' id='word_1_746' title='bbox 1235 5419 1454 5474; x_wconf 73' lang='lat' dir='ltr'><strong>cmlum.</strong></span> <span class='ocrx_word' id='word_1_747' title='bbox 1520 5418 1751 5489; x_wconf 79' lang='lat' dir='ltr'><strong>Dignum</strong></span> <span class='ocrx_word' id='word_1_748' title='bbox 1783 5433 1947 5488; x_wconf 88' lang='lat' dir='ltr'><strong>porro</strong></span> <span class='ocrx_word' id='word_1_749' title='bbox 1979 5419 2072 5490; x_wconf 91' lang='lat' dir='ltr'><strong>qui</strong></span> 
     </span>
    </p>
   </div>
   <div class='ocr_carea' id='block_1_102' title="bbox 499 5509 2069 5582">
    <p class='ocr_par' dir='ltr' id='par_1_102' title="bbox 499 5509 2069 5582">
     <span class='ocr_line' id='line_1_102' title="bbox 499 5509 2069 5582; baseline -0.002 -15"><span class='ocrx_word' id='word_1_750' title='bbox 499 5527 567 5567; x_wconf 85' lang='lat' dir='ltr'><strong>eo</strong></span> <span class='ocrx_word' id='word_1_751' title='bbox 600 5512 908 5582; x_wconf 84' lang='lat' dir='ltr'><strong>perveniret</strong></span> <span class='ocrx_word' id='word_1_752' title='bbox 931 5511 1153 5566; x_wconf 76' lang='lat' dir='ltr'><strong>fratrem</strong></span> <span class='ocrx_word' id='word_1_753' title='bbox 1185 5509 1355 5566; x_wconf 82' lang='lat' dir='ltr'><strong>luisse</strong></span> <span class='ocrx_word' id='word_1_754' title='bbox 1393 5510 1565 5566; x_wconf 90' lang='lat' dir='ltr'><strong>multa</strong></span> <span class='ocrx_word' id='word_1_755' title='bbox 1619 5519 1908 5566; x_wconf 87' lang='lat' dir='ltr'><strong>testantur.</strong></span> <span class='ocrx_word' id='word_1_756' title='bbox 1951 5509 2069 5564; x_wconf 92' lang='lat' dir='ltr'><strong>Pri-</strong></span> 
     </span>
    </p>
   </div>
   <div class='ocr_carea' id='block_1_103' title="bbox 469 5619 2150 5693">
    <p class='ocr_par' dir='ltr' id='par_1_103' title="bbox 469 5619 2150 5693">
     <span class='ocr_line' id='line_1_103' title="bbox 469 5619 2150 5693; baseline -0.01 -7"><span class='ocrx_word' id='word_1_757' title='bbox 469 5683 472 5686; x_wconf 83' lang='lat'><strong>.</strong></span> <span class='ocrx_word' id='word_1_758' title='bbox 572 5626 617 5659; x_wconf 82' lang='lat'>”</span> <span class='ocrx_word' id='word_1_759' title='bbox 649 5626 848 5685; x_wconf 80' lang='lat' dir='ltr'><strong>Cenes.</strong></span> <span class='ocrx_word' id='word_1_760' title='bbox 875 5627 1070 5693; x_wconf 69' lang='lat'><strong>&quot;1,19.</strong></span> <span class='ocrx_word' id='word_1_761' title='bbox 1146 5625 1238 5680; x_wconf 73' lang='grc'><strong>³⁵1</strong></span> <span class='ocrx_word' id='word_1_762' title='bbox 1271 5623 1468 5682; x_wconf 88' lang='lat' dir='ltr'><strong>Thess.</strong></span> <span class='ocrx_word' id='word_1_763' title='bbox 1495 5642 1567 5693; x_wconf 88' lang='lat' dir='ltr'><strong>Iv,</strong></span> <span class='ocrx_word' id='word_1_764' title='bbox 1606 5623 1693 5680; x_wconf 75' lang='lat' dir='ltr'><strong>i9...</strong></span> <span class='ocrx_word' id='word_1_765' title='bbox 1772 5624 1818 5657; x_wconf 75' lang='grc'><strong>’⁸</strong></span> <span class='ocrx_word' id='word_1_766' title='bbox 1849 5621 1952 5679; x_wconf 76' lang='lat' dir='ltr'><strong>Job</strong></span> <span class='ocrx_word' id='word_1_767' title='bbox 1983 5638 2024 5678; x_wconf 86' lang='grc' dir='ltr'><strong>ι.</strong></span> <span class='ocrx_word' id='word_1_768' title='bbox 2063 5619 2150 5678; x_wconf 71' lang='grc'><strong>21.</strong></span> 
     </span>
    </p>
   </div>
   <div class='ocr_carea' id='block_1_104' title="bbox 2258 4845 3754 4938">
    <p class='ocr_par' dir='ltr' id='par_1_104' title="bbox 2258 4845 3754 4938">
     <span class='ocr_line' id='line_1_104' title="bbox 2258 4845 3754 4938; baseline -0.015 -18"><span class='ocrx_word' id='word_1_769' title='bbox 2258 4867 2324 4919; x_wconf 86' lang='grc' dir='ltr'><strong>Ἦ</strong></span> <span class='ocrx_word' id='word_1_770' title='bbox 2348 4863 2446 4938; x_wconf 81' lang='grc' dir='ltr'><strong>μὲν</strong></span> <span class='ocrx_word' id='word_1_771' title='bbox 2476 4862 2734 4933; x_wconf 88' lang='grc' dir='ltr'><strong>κοίμησις</strong></span> <span class='ocrx_word' id='word_1_772' title='bbox 2757 4857 2852 4912; x_wconf 90' lang='grc' dir='ltr'><strong>τοῦ</strong></span> <span class='ocrx_word' id='word_1_773' title='bbox 2885 4852 3170 4927; x_wconf 87' lang='grc' dir='ltr'><strong>ἀγαπητοῦ</strong></span> <span class='ocrx_word' id='word_1_774' title='bbox 3194 4851 3354 4921; x_wconf 81' lang='grc' dir='ltr'><strong>ἡμῶν</strong></span> <span class='ocrx_word' id='word_1_775' title='bbox 3377 4845 3612 4938; x_wconf 76' lang='grc' dir='ltr'><strong>ἀδελφοῦ</strong></span> 
     </span>
    </p>
   </div>
   <div class='ocr_carea' id='block_1_105' title="bbox 2177 4935 3749 5028">
    <p class='ocr_par' dir='ltr' id='par_1_105' title="bbox 2177 4935 3749 5028">
     <span class='ocr_line' id='line_1_105' title="bbox 2177 4935 3749 5028; baseline -0.013 -17"><span class='ocrx_word' id='word_1_776' title='bbox 2177 4935 2381 5023; x_wconf 83' lang='grc' dir='ltr'><strong>νυσίου,</strong></span> <span class='ocrx_word' id='word_1_777' title='bbox 2413 4955 2480 5026; x_wconf 81' lang='grc' dir='ltr'><strong>τῇ</strong></span> <span class='ocrx_word' id='word_1_778' title='bbox 2513 4950 2792 5024; x_wconf 78' lang='grc' dir='ltr'><strong>ὡρισμένῃ</strong></span> <span class='ocrx_word' id='word_1_779' title='bbox 2815 4948 2981 5028; x_wconf 19' lang='grc' dir='ltr'><strong>βουλῇ.</strong></span> <span class='ocrx_word' id='word_1_780' title='bbox 3015 4944 3110 4999; x_wconf 90' lang='grc' dir='ltr'><strong>τοῦ</strong></span> <span class='ocrx_word' id='word_1_781' title='bbox 3140 4941 3276 4997; x_wconf 90' lang='grc' dir='ltr'><strong>Θεοῦ</strong></span> <span class='ocrx_word' id='word_1_782' title='bbox 3302 4939 3413 5011; x_wconf 76' lang='grc' dir='ltr'><strong>πρὸ</strong></span> <span class='ocrx_word' id='word_1_783' title='bbox 3437 4935 3749 5028; x_wconf 67' lang='grc' dir='ltr'><strong>καταϐολῆς</strong></span> 
     </span>
    </p>
   </div>
   <div class='ocr_carea' id='block_1_106' title="bbox 2176 5023 3747 5119">
    <p class='ocr_par' dir='ltr' id='par_1_106' title="bbox 2176 5023 3747 5119">
     <span class='ocr_line' id='line_1_106' title="bbox 2176 5023 3747 5119; baseline -0.013 -17"><span class='ocrx_word' id='word_1_784' title='bbox 2176 5048 2404 5119; x_wconf 86' lang='grc' dir='ltr'><strong>κόσμου,</strong></span> <span class='ocrx_word' id='word_1_785' title='bbox 2454 5023 2576 5118; x_wconf 62' lang='grc' dir='ltr'><strong>’ἤδη</strong></span> <span class='ocrx_word' id='word_1_786' title='bbox 2618 5044 2744 5115; x_wconf 87' lang='grc' dir='ltr'><strong>ὅρον</strong></span> <span class='ocrx_word' id='word_1_787' title='bbox 2801 5025 3012 5094; x_wconf 76' lang='grc' dir='ltr'><strong>ἔλαϐεν.</strong></span> <span class='ocrx_word' id='word_1_788' title='bbox 3050 5037 3211 5106; x_wconf 82' lang='grc' dir='ltr'><strong>Ὑμῖν</strong></span> <span class='ocrx_word' id='word_1_789' title='bbox 3276 5033 3357 5098; x_wconf 84' lang='grc' dir='ltr'><strong>δὲ,</strong></span> <span class='ocrx_word' id='word_1_790' title='bbox 3409 5031 3654 5100; x_wconf 80' lang='grc' dir='ltr'><strong>ἀδελφοὶ,</strong></span> <span class='ocrx_word' id='word_1_791' title='bbox 3686 5023 3747 5082; x_wconf 72' lang='grc' dir='ltr'><strong>εὖ</strong></span> 
     </span>
    </p>
   </div>
   <div class='ocr_carea' id='block_1_107' title="bbox 2178 5122 3747 5212">
    <p class='ocr_par' dir='ltr' id='par_1_107' title="bbox 2178 5122 3747 5212">
     <span class='ocr_line' id='line_1_107' title="bbox 2178 5122 3747 5212; baseline -0.015 -16"><span class='ocrx_word' id='word_1_792' title='bbox 2178 5142 2401 5212; x_wconf 90' lang='grc' dir='ltr'><strong>ποιήσαι</strong></span> <span class='ocrx_word' id='word_1_793' title='bbox 2430 5137 2656 5210; x_wconf 85' lang='grc' dir='ltr'><strong>Κύριος,</strong></span> <span class='ocrx_word' id='word_1_794' title='bbox 2689 5137 2771 5190; x_wconf 81' lang='grc' dir='ltr'><strong>ὅτι</strong></span> <span class='ocrx_word' id='word_1_795' title='bbox 2811 5129 3144 5199; x_wconf 73' lang='grc' dir='ltr'><strong>ὑπεδέξασθε</strong></span> <span class='ocrx_word' id='word_1_796' title='bbox 3176 5127 3340 5183; x_wconf 82' lang='grc' dir='ltr'><strong>αὐτὸν</strong></span> <span class='ocrx_word' id='word_1_797' title='bbox 3372 5122 3747 5212; x_wconf 82' lang='grc' dir='ltr'><strong>ἀσθενήσαντα</strong></span> 
     </span>
    </p>
   </div>
   <div class='ocr_carea' id='block_1_108' title="bbox 2179 5210 3746 5302">
    <p class='ocr_par' dir='ltr' id='par_1_108' title="bbox 2179 5210 3746 5302">
     <span class='ocr_line' id='line_1_108' title="bbox 2179 5210 3746 5302; baseline -0.015 -15"><span class='ocrx_word' id='word_1_798' title='bbox 2179 5210 2324 5286; x_wconf 85' lang='grc' dir='ltr'><strong>κατά</strong></span> <span class='ocrx_word' id='word_1_799' title='bbox 2383 5229 2616 5302; x_wconf 87' lang='grc' dir='ltr'><strong>πάροδον</strong></span> <span class='ocrx_word' id='word_1_800' title='bbox 2671 5228 2730 5281; x_wconf 79' lang='grc' dir='ltr'><strong>έν</strong></span> <span class='ocrx_word' id='word_1_801' title='bbox 2756 5229 2823 5296; x_wconf 74' lang='grc' dir='ltr'><strong>τῇ</strong></span> <span class='ocrx_word' id='word_1_802' title='bbox 2875 5219 3209 5293; x_wconf 73' lang='grc' dir='ltr'><strong>διαφερούσῃ</strong></span> <span class='ocrx_word' id='word_1_803' title='bbox 3269 5219 3400 5288; x_wconf 80' lang='grc' dir='ltr'><strong>ὑμῖν</strong></span> <span class='ocrx_word' id='word_1_804' title='bbox 3437 5217 3577 5286; x_wconf 80' lang='grc' dir='ltr'><strong>μονῇ</strong></span> <span class='ocrx_word' id='word_1_805' title='bbox 3603 5230 3620 5245; x_wconf 93' lang='grc'><strong>·</strong></span> <span class='ocrx_word' id='word_1_806' title='bbox 3652 5210 3746 5264; x_wconf 81' lang='grc' dir='ltr'><strong>καὶ</strong></span> 
     </span>
    </p>
   </div>
   <div class='ocr_carea' id='block_1_109' title="bbox 2177 5305 3747 5392">
    <p class='ocr_par' dir='ltr' id='par_1_109' title="bbox 2177 5305 3747 5392">
     <span class='ocr_line' id='line_1_109' title="bbox 2177 5305 3747 5392; baseline -0.013 -14"><span class='ocrx_word' id='word_1_807' title='bbox 2177 5322 2336 5384; x_wconf 83' lang='grc' dir='ltr'><strong>τοῦτο</strong></span> <span class='ocrx_word' id='word_1_808' title='bbox 2367 5321 2563 5392; x_wconf 86' lang='grc' dir='ltr'><strong>μέχρις</strong></span> <span class='ocrx_word' id='word_1_809' title='bbox 2591 5320 2659 5374; x_wconf 81' lang='grc' dir='ltr'><strong>ἂν</strong></span> <span class='ocrx_word' id='word_1_810' title='bbox 2687 5317 2924 5372; x_wconf 84' lang='grc' dir='ltr'><strong>ἀπέθετο</strong></span> <span class='ocrx_word' id='word_1_811' title='bbox 2969 5314 3030 5368; x_wconf 85' lang='grc' dir='ltr'><strong>τδ</strong></span> <span class='ocrx_word' id='word_1_812' title='bbox 3061 5311 3260 5383; x_wconf 85' lang='grc' dir='ltr'><strong>σκῆνος</strong></span> <span class='ocrx_word' id='word_1_813' title='bbox 3304 5311 3366 5363; x_wconf 79' lang='grc' dir='ltr'><strong>έν</strong></span> <span class='ocrx_word' id='word_1_814' title='bbox 3389 5311 3486 5380; x_wconf 76' lang='grc' dir='ltr'><strong>γῇ,</strong></span> <span class='ocrx_word' id='word_1_815' title='bbox 3525 5308 3622 5362; x_wconf 79' lang='grc' dir='ltr'><strong>καὶ</strong></span> <span class='ocrx_word' id='word_1_816' title='bbox 3643 5305 3747 5358; x_wconf 74' lang='grc' dir='ltr'><strong>ἀπ-</strong></span> 
     </span>
    </p>
   </div>
   <div class='ocr_carea' id='block_1_110' title="bbox 2183 5397 3746 5482">
    <p class='ocr_par' dir='ltr' id='par_1_110' title="bbox 2183 5397 3746 5482">
     <span class='ocr_line' id='line_1_110' title="bbox 2183 5397 3746 5482; baseline -0.012 -15"><span class='ocrx_word' id='word_1_817' title='bbox 2183 5413 2324 5482; x_wconf 83' lang='grc' dir='ltr'><strong>έπτη</strong></span> <span class='ocrx_word' id='word_1_818' title='bbox 2356 5413 2434 5475; x_wconf 86' lang='grc' dir='ltr'><strong>είς</strong></span> <span class='ocrx_word' id='word_1_819' title='bbox 2464 5409 2712 5482; x_wconf 81' lang='grc' dir='ltr'><strong>οὐρανόν.</strong></span> <span class='ocrx_word' id='word_1_820' title='bbox 2753 5408 2875 5462; x_wconf 83' lang='grc' dir='ltr'><strong>Ὀτι</strong></span> <span class='ocrx_word' id='word_1_821' title='bbox 2910 5405 2968 5460; x_wconf 78' lang='grc' dir='ltr'><strong>δὲ</strong></span> <span class='ocrx_word' id='word_1_822' title='bbox 3000 5404 3152 5469; x_wconf 84' lang='grc' dir='ltr'><strong>ἄξιος</strong></span> <span class='ocrx_word' id='word_1_823' title='bbox 3175 5403 3276 5475; x_wconf 81' lang='grc' dir='ltr'><strong>τῆς</strong></span> <span class='ocrx_word' id='word_1_824' title='bbox 3303 5402 3484 5454; x_wconf 82' lang='grc' dir='ltr'><strong>ὲκείσε</strong></span> <span class='ocrx_word' id='word_1_825' title='bbox 3516 5397 3746 5470; x_wconf 82' lang='grc' dir='ltr'><strong>πορείας</strong></span> 
     </span>
    </p>
   </div>
   <div class='ocr_carea' id='block_1_111' title="bbox 2175 5489 3738 5578">
    <p class='ocr_par' dir='ltr' id='par_1_111' title="bbox 2175 5489 3738 5578">
     <span class='ocr_line' id='line_1_111' title="bbox 2175 5489 3738 5578; baseline -0.012 -18"><span class='ocrx_word' id='word_1_826' title='bbox 2175 5507 2206 5560; x_wconf 84' lang='grc' dir='ltr'><strong>ό</strong></span> <span class='ocrx_word' id='word_1_827' title='bbox 2227 5504 2474 5576; x_wconf 73' lang='grc' dir='ltr'><strong>ἀδελφὸς,</strong></span> <span class='ocrx_word' id='word_1_828' title='bbox 2507 5501 2781 5578; x_wconf 78' lang='grc' dir='ltr'><strong>μαρτύρια</strong></span> <span class='ocrx_word' id='word_1_829' title='bbox 2808 5497 3003 5555; x_wconf 85' lang='grc' dir='ltr'><strong>πολλά.</strong></span> <span class='ocrx_word' id='word_1_830' title='bbox 3022 5495 3246 5569; x_wconf 73' lang='grc' dir='ltr'><strong>Πρῶτον</strong></span> <span class='ocrx_word' id='word_1_831' title='bbox 3271 5492 3423 5567; x_wconf 76' lang='grc' dir='ltr'><strong>μὲνὴ</strong></span> <span class='ocrx_word' id='word_1_832' title='bbox 3452 5491 3613 5564; x_wconf 73' lang='grc' dir='ltr'><strong>μέχρι</strong></span> <span class='ocrx_word' id='word_1_833' title='bbox 3636 5489 3738 5558; x_wconf 82' lang='grc' dir='ltr'><strong>γή·</strong></span> 
     </span>
    </p>
   </div>
   <div class='ocr_carea' id='block_1_112' title="bbox 1993 5733 2224 5796">
    <p class='ocr_par' dir='ltr' id='par_1_112' title="bbox 1993 5733 2224 5796">
     <span class='ocr_line' id='line_1_112' title="bbox 1993 5733 2224 5796; baseline 0.026 -6"><span class='ocrx_word' id='word_1_834' title='bbox 1993 5733 2224 5796; x_wconf 60' lang='lat' dir='ltr'><strong>NOTAE.</strong></span> 
     </span>
    </p>
   </div>
   <div class='ocr_carea' id='block_1_113' title="bbox 580 5827 1222 5902">
    <p class='ocr_par' dir='ltr' id='par_1_113' title="bbox 580 5827 1222 5902">
     <span class='ocr_line' id='line_1_113' title="bbox 580 5827 1222 5902; baseline 0.006 -22"><span class='ocrx_word' id='word_1_835' title='bbox 580 5827 656 5898; x_wconf 83' lang='lat'><strong>(7)</strong></span> <span class='ocrx_word' id='word_1_836' title='bbox 693 5829 747 5885; x_wconf 89' lang='lat' dir='ltr'><strong>In</strong></span> <span class='ocrx_word' id='word_1_837' title='bbox 777 5830 898 5887; x_wconf 87' lang='lat' dir='ltr'><strong>cod.</strong></span> <span class='ocrx_word' id='word_1_838' title='bbox 925 5829 1058 5900; x_wconf 71' lang='lat' dir='ltr'><strong>Reg.</strong></span> <span class='ocrx_word' id='word_1_839' title='bbox 1099 5829 1222 5902; x_wconf 56' lang='grc' dir='ltr'><strong>μιν.</strong></span> 
     </span>
    </p>
   </div>
  </div>
