4060 6374
272 340 413 421 1373

1469 356 2003 434 EPISTOLABUM
2035 363 2185 432 LIB.
2224 368 2304 434 ΙΙ.

3386 355 3524 423 13⁷14

270 477 401 552 ρους
439 459 550 552 ἀπὸ
573 462 845 534 νεότητος.
873 464 1097 536 δόκιμος
1119 467 1286 524 αὑτοῦ
1319 469 1590 544 ὑποταγή.
1614 474 1847 528 Ἔπειτα

1969 498 2101 538 num
2135 483 2379 552 quidem,
2409 481 2478 538 ab
2512 481 2798 551 iuventute
2831 477 2899 532 ad
2943 477 3155 533 senium
3193 490 3370 543 usque
3397 490 3525 543 spe-

270 551 357 616 δὶς
381 551 745 624 ὲφυλακίσθη.
770 554 920 621 ἀπαξ
939 557 1154 630 ἀπῆρεν
1178 561 1236 613 ὲν
1263 563 1330 632 τῇ
1367 561 1551 628 Δύσει,
1576 564 1718 638 ὑπὲρ
1745 563 1847 638 τῆς

271 643 399 698 καθ’
430 643 578 716 ἡμᾶς
611 644 940 716 Ἐκκλησίας
974 649 1272 716 ἀπόστολος
1301 667 1314 683 ·
1346 654 1518 726 ὅνπερ
1557 655 1848 728 εὑλόγησεν

270 735 630 809 ἀποστολικὸν
658 738 856 824 στόμα,
879 740 1157 813 καζῇνεσε
1188 744 1476 816 Ῥωμαίων
1506 747 1804 820 Ἐκκλησία
1829 765 1845 781 ·

271 827 333 892 ὃς
353 829 448 900 καί
476 830 900 904 μεμαρτύρηται
947 834 1054 889 ὑπὸ
1101 834 1318 902 πολλοῖς
1355 837 1717 913 ἀδελφότητος
1754 842 1851 906 αὐ-

272 921 390 986 τοῦ,
436 921 619 992 Ἀνὴρ
639 921 901 992 δυνατὸς
936 927 1087 996 ἔργῳ
1118 929 1217 984 καὶ
1273 932 1452 1001 λόγῳ,
1485 933 1726 1006 ἐργάτης
1760 936 1850 990 ὲν-

272 1007 447 1063 τολῶν
473 1009 629 1078 θεοῦ,
657 1011 852 1078 στύλος
887 1015 981 1069 καὶ
1002 1017 1282 1090 ἑδραίωμα
1307 1020 1402 1074 τοῦ
1439 1024 1643 1078 οἰκείου
1671 1043 1853 1080 κοινο-

273 1101 395 1155 ϐίου
421 1119 437 1134 ο
472 1103 642 1159 πολλά
672 1105 1052 1180 ἐνδειξάμενος
1079 1110 1284 1181 ἀρετῆς
1321 1113 1608 1184 ἰδιώματα,
1637 1118 1734 1172 καὶ
1757 1119 1852 1173 νῦν

274 1195 411 1250 αὐτὸ
445 1196 604 1251 τοῦτο
630 1199 774 1254 κατὰ
799 1201 891 1256 τὸν
918 1202 1172 1276 ιπαρόντα
1200 1205 1460 1278 διωγμὸν,
1489 1226 1556 1263 πε
1566 1211 1854 1282 ριερχόμε-

274 1306 370 1360 νος
399 1289 584 1356 πόλεις
613 1310 674 1346 τε
702 1294 796 1347 καὶ
827 1292 1033 1366 χώρας,
1067 1297 1486 1371 ὑστερούμενος,
1509 1301 1851 1374 θλιϐόμενος,

275 1382 338 1434 ὲν
369 1381 446 1453 τῷ
477 1382 748 1438 διακονεῖν
777 1385 870 1440 τὸν
902 1387 1002 1458 τῆς
1031 1389 1288 1461 ἀληθείας
1317 1392 1495 1462 λόγον,
1528 1396 1722 1468 μέχρις
1751 1398 1856 1451 ἀπ-

275 1471 434 1528 έπνει
481 1473 797 1556 ἐκδημήσας
823 1479 960 1550 πρὸς
993 1480 1218 1552 Κύριον.
1273 1484 1522 1550 Τοιοῦτον
1561 1483 1674 1552 οὖν,
1713 1488 1789 1552 ὡς
1816 1491 1852 1561 ἡ

274 1565 510 1636 ἀλήθεια
556 1567 691 1637 ἔχει,
732 1569 1098 1644 ὲξεναγήσατε
1139 1575 1330 1630 δοῦλον
1370 1579 1598 1650 Κυρίου,
1630 1581 1725 1635 καὶ
1752 1599 1855 1654 τη-

275 1655 526 1729 λικοῦτον
553 1659 806 1731 λείψανον
839 1663 994 1732 ἆγιον
1037 1669 1168 1740 παρ’
1195 1668 1324 1738 ὑμῖν
1363 1669 1688 1744 ᾠκονομήθη
1717 1674 1856 1728 ἀπο-

276 1751 733 1824 θησαυρισθῆναι.
769 1761 861 1813 Διὸ
915 1762 1010 1815 καὶ
1067 1763 1269 1834 μᾶλλον
1319 1767 1732 1838 προσετέθημεν
1784 1747 1850 1841 τῇ

274 1847 423 1914 κατά
466 1849 599 1902 Θεὸν
649 1853 842 1926 ἀγάπῃ
879 1825 1184 1925 ὑμῶνίκαὶ
1229 1825 1576 1930 ἐπευχόμεθα
1611 1825 1754 1931 ,ὑμῖν
1785 1825 1855 1918 re;
1892 1825 1930 1880 Β

275 1935 459 2004 ἀγαθά
483 1939 585 2009 τῆς
609 1940 722 2000 ἄνω
765 1943 1148 2017 Ἰερουσαλὴμ,
1179 1946 1296 2000 ἀνθ’
1327 1942 1400 2002 ὧν
1433 1949 1574 2020 μετὰ
1593 1951 1857 2024 ἀληθινῆς

277 2029 508 2099 καρδίας
534 2032 866 2098 ὑπεδέξασθε
895 2037 989 2091 τὸν
1021 2039 1166 2097 ὅσιον
1193 2041 1491 2110 Διονύσιον,
1513 2038 1576 2104 οὗ
1625 2045 1686 2110 1'6
1714 2064 1854 2118 μνη-

279 2124 516 2192 μόσυνον
547 2127 688 2204 μετά
717 2129 828 2184 τῶν
859 2132 1148 2202 ὁμοταγῶν
1177 2135 1370 2204 ἁγίων.

350 2427 476 2484 PlB'
495 2429 594 2502 (8).
620 2461 690 2473 --
709 2435 1094 2514 Katnmttxiz
1112 2437 1262 2514 πρὸς
1276 2439 1418 2514 {circ
1435 2441 1654 2499 ἑαυτθῦ
1673 2461 1788 2514 μα-

929 2507 1136 2575 θητάς.
1171 2507 1360 2584 [χμδ1

1949 582 2094 630 ctata
2140 573 2246 630 fuit
2288 573 2412 645 ejus
2448 569 2778 628 obedientia.
2831 567 3035 623 Deinde
3079 567 3134 622 in
3166 567 3403 650 vinculis
3445 565 3530 622 his

1949 665 2095 724 fuit:
2147 666 2316 722 semel
2376 666 2434 721 in
2486 663 2836 720 Occidentem
2890 675 2990 731 pro
3034 658 3276 714 Ecclesia
3338 667 3528 713 nostra

1950 761 2162 830 legatus
2189 758 2468 831 prolectus
2491 767 2576 814 est
2608 774 2623 812 :
2667 756 2796 812 huic
2833 753 3108 810 benedixit
3155 768 3218 808 os
3259 751 3528 822 apostoli—

1949 863 2073 904 cum
2103 868 2118 906 :
2151 849 2296 906 hunc
2345 848 2591 906 laudavit
2637 847 2883 902 Ecclesia
2937 844 3183 899 Romana
3209 859 3224 898 :
3250 843 3341 913 qui
3373 841 3529 897 testia

1952 940 2196 996 monium
2235 941 2400 996 etiam
2434 940 2627 996 habuit
2653 955 2684 994 a
2735 937 3001 992 fratribus
3049 935 3165 995 suis
3191 931 3534 1004 quampluri-

1953 1032 2078 1096 mis,
2146 1029 2242 1086 Vir
2295 1041 2476 1104 potens
2530 1048 2680 1100 opere
2729 1047 2793 1084 ac
2833 1043 3067 1083 sermone
3091 1028 3156 1092 “,
3213 1026 3533 1085 observator

1953 1124 2336 1180 mandatorum
2381 1123 2498 1192 Dei,
2550 1125 2803 1179 columna
2858 1129 2914 1176 et
2969 1121 3372 1174 lirmameutum
3420 1132 3533 1174 etn—

1957 1217 2102 1270 nobii
2148 1216 2233 1272 sui
2272 1216 2405 1287 :qui
2438 1216 2606 1270 multa
2641 1214 2891 1271 exhibuit
2932 1213 3150 1267 virtutis
3192 1227 3333 1268 verae
3358 1211 3532 1267 docu-

1956 1320 2156 1378 menta,
2181 1309 2344 1379 idque
2362 1309 2598 1364 maxime
2628 1308 2680 1362 in
2707 1307 2808 1370 hac
2845 1305 3098 1377 praesenti
3128 1305 3529 1374 persecutione,

1957 1405 2117 1458 urbes
2177 1407 2535 1474 regionesque
2605 1417 2966 1472 percurrens,
3025 1415 3214 1472 egens,
3275 1401 3535 1456 azrurnnis

1957 1510 2197 1563 pressus,
2252 1495 2379 1554 dum
2445 1495 2693 1550 veritatis
2743 1493 2970 1548 verbum
3021 1493 3326 1562 dispensat,
3358 1493 3536 1547 donec

1956 1587 2192 1641 animum
2246 1585 2444 1644 elllavit
2487 1587 2555 1641 ad
2595 1586 2881 1640 Dominum
2929 1586 3302 1655 proﬁciscens.
3345 1584 3534 1638 Talem

1956 1694 2106 1748 ergo,
2156 1685 2213 1730 ιιι
2253 1692 2311 1732 se
2356 1691 2442 1731 res
2496 1677 2680 1744 habet,
2732 1677 2944 1731 Domini
2989 1676 3253 1730 famulum
3300 1675 3537 1746 hospitio

1958 1769 2252 1840 excepistis
2285 1785 2301 1834 ;
2339 1779 2392 1822 et
2420 1777 2526 1823 tam
2568 1778 2768 1824 sanctae
2822 1769 2964 1838 apud
3025 1784 3122 1822 vos
3189 1767 3435 1836 reliquiae
3481 1773 3540 1820 ut

1965 1863 2412 1925 reconderentur,
2467 1862 2646 1917 divina
2692 1861 3030 1931 providentia
3075 1860 3328 1930 contigit.
3383 1857 3542 1916 Unde

1961 1965 2016 2010 et
2044 1953 2251 2009 arctius
2283 1960 2478 2009 vestrae
2516 1953 2812 2008 secundum
2850 1951 3017 2006 Deum
3051 1951 3307 2006 charitati
3337 1949 3543 2006 obstri-

1961 2048 2033 2104 cti
2099 2063 2312 2112 sumus,
2378 2046 2646 2117 vobisque
2711 2061 2982 2116 suprema:
3037 2043 3340 2103 Jerusalem
3398 2043 3541 2098 bona

1961 2148 2215 2212 optamus
2275 2154 2374 2210 pro
2417 2154 2483 2194 eo
2534 2140 2681 2211 quod
2734 2140 2950 2194 sincero
3005 2139 3170 2192 corde
3221 2135 3543 2204 suscepiStis

1961 2245 2211 2291 sanctum
2245 2233 2586 2304 Dionysium,
2612 2231 3050 2303 cujusmernoria
3074 2241 3300 2287 estcqu
3333 2228 3543 2284 sanctis

1959 2329 2080 2399 ejus
2116 2325 2602 2383 commilitonibus.

2140 2441 2304 2500 CXII.
2329 2471 2402 2482 —
2425 2441 2758 2497 Catechetica
2804 2439 2875 2495 ad
2909 2439 3196 2511 discipulos
3220 2453 3365 2494 suos.

655 2621 734 2671 De
758 2620 900 2671 obitu
923 2621 1147 2684 Dionysii
1169 2629 1224 2674 et
1240 2626 1412 2687 Authi,
1434 2629 1787 2680 monachorum
1813 2645 1826 2682 :
1858 2639 2069 2691 quorum
2094 2623 2328 2674 virtutem
2361 2637 2417 2674 ac
2443 2623 2566 2672 facta
2585 2622 2821 2685 praeclara
2847 2620 3175 2670 commendat.

367 2700 615 2771 Ἀδελφοί
655 2703 749 2757 καὶ
771 2705 1036 2777 Πατέρες.
1065 2707 1249 2763 Ἀλλοι
1286 2712 1385 2780 μὲν
1405 2711 1668 2785 λυπηρῶς
1690 2715 1861 2784 ἀναγ-

277 2793 534 2862 γέλλουσι
593 2796 694 2861 τὰς
741 2797 851 2852 τῶν
893 2798 1110 2854 οίκείων
1154 2801 1487 2868 ἀποϐιώσεις
1512 2821 1526 2836 ·
1549 2804 1660 2872 ἐγὼ
1684 2805 1742 2860 δὲ
1766 2807 1862 2862 καὶ

278 2886 408 2951 λίαν,
437 2889 774 2961 περιχαρῶς.
797 2891 896 2945 Διά
917 2893 970 2946 τί
992 2909 1007 2960 ;
1032 2893 1116 2948 ὅτι
1144 2894 1195 2947 οἱ
1224 2894 1667 2961 ἀποϐεϐιωκότες
1709 2899 1860 2958 ἁδελ-

282 2982 379 3048 φοὶ
412 2981 574 3052 ήμῶν
600 2982 769 3051 ἅγιοι,
812 2983 1060 3056 κλήσεως
1090 2987 1421 3059 ἐπουρανίου
1452 2991 1694 3063 μέτοχοι,
1731 2994 1864 3048 Ἀν-

282 3069 381 3134 θος
409 3071 439 3122 6
469 3072 790 3144 φερώνυμος
823 3075 1080 3145 ἡνθηκὼς
1105 3075 1203 3142 τάς
1223 3078 1448 3149 ἀρετὰς,
1477 3081 1571 3134 καὶ
1589 3079 1863 3144 Διονύσιος

282 3165 314 3216 6
343 3163 650 3235 διαπρέψας
679 3169 1049 3232 Διονυσιακῶς
1077 3169 1198 3223 καθ’
1225 3171 1504 3242 ὁσιότητα.
1539 3165 1664 3237 Οἷος
1691 3172 1748 3226 δὲ
1770 3173 1864 3236 καὶ

282 3257 320 3320 ὁ,
355 3255 586 3320 θάνατος
614 3259 966 3330 ἀμφοτέρων,
991 3261 1203 3334 δίκαιον
1235 3265 1434 3319 είπεῖν.
1459 3265 1520 3318 '0
1545 3265 1644 3336 μὲν
1671 3265 1865 3336 ἐληλυ-

283 3346 400 3412 θὼς
433 3349 542 3413 ἀπὸ
573 3350 672 3421 τῆς
693 3351 904 3417 οἰκείας
935 3351 1114 3420 ξενίας
1137 3356 1284 3428 ἄρτι,
1315 3357 1408 3428 καί
1427 3375 1490 3427 γε
1520 3358 1864 3429 συνταξάμε-

285 3459 381 3506 νος
432 3443 565 3513 ήμῖν
616 3444 757 3498 αὑτά
787 3444 852 3516 δὴ
905 3447 974 3500 τὰ
991 3433 1308 3516 ττελευταῖα,
1340 3451 1398 3503 ἐν
1447 3453 1514 3522 τῇ
1546 3451 1860 3524 ὑποστροφῇ

287 3534 418 3588 καθ’
451 3536 570 3589 ὁδὸν
594 3537 940 3609 νοσηλευθεὶς
973 3540 1298 3610 κεκοίμηται
1324 3541 1484 3612 ίερῶς
1509 3544 1566 3596 ἐν
1591 3560 1866 3616 μοναστη-

291 3626 398 3698 ρίῳ
426 3630 527 3698 τῆς
558 3629 799 3700 Μυέλης.
831 3630 890 3684 Ὀ
908 3629 964 3690 δὲ
988 3631 1244 3704 ἀσθενείᾳ
1268 3632 1600 3701 περιπεσὼν,
1633 3635 1866 3708 ὑπέστη,

289 3722 343 3782 εἰ
379 3719 453 3792 μὴ
485 3721 754 3791 προπετὲς
788 3724 985 3790 εἰπεῖν,
1017 3724 1086 3783 τὰ
1107 3722 1199 3777 τοῦ
1239 3724 1484 3796 ἀοιδίμου
1521 3725 1641 3782 Ἰὼϐ
1690 3727 1871 3798 παθήλ.

293 3830 467 3883 ματα.
499 3813 612 3868 Καὶ
640 3815 748 3886 γὰρ
777 3815 874 3879 τὰς
907 3817 1117 3887 σάρκας
1141 3815 1307 3871 αὑτοῦ
1340 3813 1447 3870 εἶδε
1480 3819 1870 3890 ρυῖσκομὲνας,

291 3907 392 3960 καὶ
413 3906 482 3960 τά
495 3907 630 3961 όστᾶ
652 3908 1034 3980 κεκολλημένα
1055 3912 1121 3980 τῇ
1149 3909 1332 3979 σαρκί.
1353 3911 1512 3968 Πόνοι
1531 3911 1872 3976 ἀνύποιστοι,

292 3999 507 4069 πληγαὶ
556 4003 909 4072 τραυμάτων,
967 4001 1123 4072 ῥύσις
1176 4004 1277 4074 τῆς
1331 4004 1568 4076 γαστρὸς
1612 4005 1872 4076 ἄμετρος,

295 4090 439 4162 μόνη
479 4095 512 4163 ἡ
545 4092 681 4164 πνοὴ
733 4094 1129 4166 παραμένουσα
1151 4110 1168 4144 ι
1193 4096 1253 4148 ἐν
1283 4089 1366 4160 οἷς
1409 4095 1748 4172 εὐχαρίστως
1783 4098 1878 4159 καὶ

291 4177 463 4248 αὐτὸς
489 4186 624 4258 πρὸς
653 4188 878 4259 Κύριον.
914 4189 1021 4247 Ἴδε
1048 4190 1099 4244 οἱ
1133 4189 1414 4260 μακάριοι,
1457 4188 1534 4264 ὡς
1581 4191 1674 4247 καὶ
1723 4191 1880 4264 αὑτο).

296 4280 598 4354 μάρτυρες,
649 4281 925 4347 Διονύσιος
953 4283 981 4336 6
1022 4283 1115 4337 τοῦ
1165 4282 1300 4337 Θεοῦ
1349 4283 1587 4354 ἐργάτης
1631 4283 1876 4355 δόκιμος,

2038 2707 2260 2764 Fratres
2291 2709 2609 2776 Patresque.
2637 2704 2742 2758 Alii
2771 2703 2990 2773 quidem
3045 2701 3292 2756 dolenter
3319 2713 3544 2755 suorum

1967 2803 2150 2857 obitus
2202 2799 2570 2865 annuutiant;
2604 2812 2706 2866 ego
2750 2811 2880 2850 vero
2920 2809 3114 2864 magna
3165 2808 3288 2849 cum
3338 2791 3544 2846 laetitia.

1968 2893 2113 2960 Quid
2143 2892 2214 2946 ita
2246 2891 2270 2944 ?
2301 2891 2428 2960 quia
2469 2887 2563 2960 qui
2603 2889 2711 2942 vita
2758 2893 3114 2942 excesserunt
3141 2883 3314 2940 sancti
3351 2882 3548 2937 fratres

1919 3039 1931 3054 ,
1970 2984 2168 3049 nostri,
2221 2981 2431 3038 caelesti
2487 2980 2776 3036 vocatione
2825 2978 3132 3049 potiuntur,
3177 2975 3396 3030 Authus
3450 2973 3548 3044 qui

1966 3079 2122 3149 juxta
2149 3090 2344 3130 nomen
2367 3088 2529 3130 suum
2557 3073 2852 3128 virtutibus
2879 3067 3061 3124 ﬂoruit
3096 3086 3112 3135 ;
3145 3079 3198 3122 et
3230 3066 3547 3134 Dionysius,

1971 3169 2064 3239 qui
2105 3163 2352 3236 Dionysii
2421 3163 2594 3220 instar
2651 3161 2940 3216 sanctitate
3003 3156 3328 3229 praecelluit.
3360 3154 3550 3222 Qualis

1973 3269 2154 3316 autem
2191 3259 2474 3327 utriuSque
2496 3269 2647 3310 mors
2674 3253 2862 3318 fuerit,
2903 3267 3119 3322 aequum
3150 3259 3234 3307 est
3258 3263 3549 3320 exponere.

1973 3352 2070 3411 llle
2113 3350 2383 3421 quiderna
2417 3347 2857 3417 peregrinatione
2904 3361 3004 3400 sua
3051 3343 3162 3412 jam
3192 3343 3386 3408 redux,
3425 3355 3553 3397 cum

1977 3453 2135 3500 antea
2165 3442 2374 3498 scilicet
2401 3439 2656 3493 mandata
2683 3452 2937 3508 suprema
2971 3435 3129 3492 nobis
3166 3432 3550 3496 commisisset,

1981 3536 2035 3591 in
2077 3535 2252 3588 reditu
2287 3530 2480 3586 morbo
2517 3529 2574 3593 in
2623 3529 2708 3589 via
2758 3537 3063 3598 correptus,
3097 3525 3186 3598 pie
3225 3521 3556 3579 obdormivit

1985 3629 2041 3683 in
2073 3625 2412 3688 monasterio
2437 3623 2716 3694 Myeleusi.
2742 3621 2842 3676 llic
2871 3635 3000 3676 vero
3029 3618 3360 3674 valetudinis
3399 3615 3556 3670 inlir-

1981 3721 2163 3775 unitate
2189 3719 2461 3780 detentus,
2497 3716 2853 3771 celeberrimo
2883 3712 3009 3779 Job,
3059 3712 3164 3770 nisi
3205 3708 3554 3765 temerarium

1981 3823 2061 3869 est
2091 3812 2294 3877 dicere,
2328 3810 2477 3880 paria
2508 3822 2803 3879 perpessus
2825 3815 2927 3861 est.
2956 3803 3092 3864 Nam
3121 3812 3176 3859 et
3203 3818 3396 3858 carnes
3426 3814 3558 3856 suas

1980 3905 2278 3966 detinentes
2311 3903 2468 3967 vidit,
2503 3912 2558 3956 et
2595 3917 2718 3956 ossa
2752 3901 2903 3955 carni
2936 3897 3267 3969 agglutinata
3295 3913 3310 3962 ;
3346 3894 3560 3949 labores

1984 3999 2374 4061 intolerabiles,
2406 3999 2580 4066 plaga:
2619 3993 2882 4049 confracti
2917 3991 3183 4060 corporis,
3228 3987 3559 4059 proﬂuvium

1983 4089 2190 4144 ventris
2233 4088 2610 4147 irmnodicum,
2657 4083 2808 4140 solus
2843 4091 3059 4137 restans
3081 4080 3360 4136 anhelitus
3393 4097 3407 4134 :
3436 4093 3561 4147 qua:

1985 4197 2110 4238 cum
2153 4181 2448 4252 gratiarum
2481 4179 2696 4234 actione
2737 4187 2791 4231 et
2822 4175 3078 4246 patientia
3137 4173 3419 4243 perferens
3455 4172 3594 4224 tui--

1988 4275 2162 4346 gravii
2197 4283 2252 4330 et
2277 4275 2394 4345 ipse
2429 4273 2496 4328 ad
2524 4271 2839 4326 Dominum.
2885 4269 3037 4323 Beati
3063 4282 3273 4332 revera,
3299 4277 3562 4336 tanquam

292 4379 394 4430 καὶ
419 4376 613 4441 Ἀνθος
649 4375 711 4431 τὸ
737 4378 922 4449 ἀρνίον
954 4378 1051 4431 τοῦ
1079 4378 1343 4450 Χριστοῦ.
1392 4379 1672 4444 Διονύσιος
1705 4380 1734 4433 6
1780 4379 1866 4450 μέ-

1986 4377 2040 4426 et
2066 4366 2171 4436 ipsi
2201 4377 2490 4437 martyres,
2528 4363 2839 4433 Dionysius,
2873 4361 3076 4432 probus
3107 4359 3202 4415 Dei
3253 4355 3561 4428 operarius,

292 4487 392 4541 χρι
421 4470 625 4542 γήρους
666 4471 730 4524 τὸ
771 4470 870 4540 τῆς
915 4449 1200 4542 ὑποταγῆς
1233 4471 1427 4526 ἄεθλον
1475 4471 1585 4526 ἀπὸ
1609 4449 1866 4544 δνεότητος

1984 4471 2038 4517 οι
2061 4462 2277 4520 Anthus
2308 4457 2556 4528 agnellus
2585 4454 2812 4518 Christi.
2845 4452 3155 4523 Dionysius,
3181 4449 3270 4521 qui
3308 4465 3338 4503 a
3363 4449 3564 4518 juven-

292 4561 597 4624 τετελεκώς
620 4577 635 4592 '
663 4562 760 4616 καὶ
785 4561 981 4627 Ἀνθος
1006 4565 1035 4617 6
1067 4564 1134 4617 ὲκ
1178 4563 1370 4628 παιδὸς
1415 4563 1667 4629 όσιωθεὶς
1715 4566 1886 4636 μέχρι

296 4656 755 4727 μεσηλικιότητος
813 4655 938 4710 καθ’
982 4658 1300 4729 ὑποταγήνο
1345 4657 1650 4729 ἀμφότεροι
1707 4657 1880 4729 σκεύη

294 4747 580 4820 εῠχρηστα
600 4748 678 4820 τῷ
708 4749 956 4823 Δεσπότῃ
983 4749 1124 4820 Θεῷ.
1153 4751 1227 4803 Οὐ
1266 4751 1430 4820 μόνον
1475 4750 1535 4803 ἐν
1578 4744 1663 4813 οἷς
1707 4749 1882 4820 ὑμνήη

297 4843 474 4912 θησαν
503 4841 769 4913 πρότερον
798 4843 895 4896 καὶ
930 4842 1162 4914 ὕστερον
1185 4859 1200 4873 ο
1229 4841 1368 4914 πρὸς
1393 4841 1452 4896 δὲ
1480 4841 1575 4895 καὶ
1617 4839 1882 4910 φυλακῶν

293 4933 610 5005 διαδήματα
638 4935 828 4990 ἕνεκεν
871 4935 1221 5006 δικαιοσύνης
1270 4934 1685 5006 περιεϐάλοντο.
1721 4929 1796 4989 Οὖ
1828 4933 1883 4987 τί

295 5025 368 5093 av
394 5028 605 5095 γένοιτο
635 5027 976 5098 ἐνδοξότερον
1000 5045 1016 5095 ;
1055 5030 1212 5100 Ἔχει
1242 5029 1300 5098 δὲ
1325 5029 1555 5100 θάτερος
1587 5027 1718 5082 ἄλλο
1745 5027 1882 5082 καύ-

298 5141 480 5195 χημα,
510 5123 574 5178 τὸ
610 5125 1022 5196 ὲξυπηρετῆσαι
1047 5125 1213 5180 αὑτὸν
1244 5125 1324 5197 τῷ
1345 5127 1522 5198 κυρίῳ
1547 5124 1766 5196 ἀδελφῷ
1787 5123 1884 5190 καὶ

297 5214 741 5294 ἀρχιεπισκόπῳ,
771 5215 865 5269 καὶ
884 5215 1059 5286 ὲξυπη
1071 5215 1297 5288 ρέτησιν,
1315 5216 1554 5288 μακρὰν,
1582 5217 1678 5271 καὶ
1706 5217 1768 5271 οὑ
1789 5216 1885 5288 μό-

298 5321 395 5359 νον
425 5308 665 5377 μακράν,
699 5306 836 5361 ἀλλά
874 5307 972 5362 καὶ
996 5308 1400 5380 ἐπαινουμένην
1422 5308 1568 5365 λίαν.
1610 5307 1886 5382 ’Δμφοτὲιι

303 5395 482 5483 ρωθεν
511 5393 606 5451 οὖν
635 5396 966 5466 ἀξιάγαστος
991 5399 1021 5451 6
1050 5397 1302 5486 ἀδελφός.
1363 5394 1367 5398 ’

373 5672 420 5704 ⁸⁸
451 5671 580 5728 Luc.
621 5687 771 5739 xxrv,
812 5670 898 5728 l9.

1982 4562 2098 4612 tute
2122 4553 2190 4610 ad
2229 4552 2444 4606 senium
2498 4563 2670 4618 usque
2726 4545 3051 4604 obedientia:
3100 4552 3379 4600 certamen
3443 4555 3566 4609 per-

1981 4646 2138 4702 duxit
2174 4665 2190 4712 ;
2231 4654 2287 4699 et
2317 4643 2554 4707 Authus,
2589 4639 2684 4709 qui
2719 4657 2748 4694 a
2786 4653 2958 4710 puero
2997 4652 3172 4708 usque
3216 4636 3284 4690 ad
3328 4633 3564 4689 mediam

1981 4748 2196 4794 aetatem
2245 4733 2547 4792 obediendo
2600 4730 2946 4790 sanctitatem
2992 4729 3220 4799 adeptus
3262 4724 3568 4782 est.Arnbo

1986 4845 2114 4901 vasa
2144 4827 2294 4883 utilia
2331 4827 2560 4882 Domino
2589 4823 2698 4881 Deo
2727 4837 2874 4884 :nori
2908 4821 2964 4882 in
2993 4821 3064 4876 iis
3113 4818 3279 4878 modo
3325 4831 3567 4889 quorum

1985 4937 2153 4978 causa
2182 4921 2335 4992 prius
2389 4935 2456 4974 ac
2503 4915 2779 4989 posterius
2818 4912 3020 4968 laudati
3076 4922 3249 4978 sunt;
3303 4913 3397 4966 sed
3418 4908 3568 4980 quod

1984 5023 2248 5087 praeterea
2283 5026 2565 5080 carcerum
2606 5008 2828 5079 coronis
2871 5015 3092 5086 propter
3115 5003 3386 5076 justitiam
3413 5000 3566 5057 redi-

1985 5108 2106 5168 miti
2137 5113 2271 5162 sunt
2305 5123 2319 5160 :
2353 5119 2462 5176 quo
2493 5101 2624 5172 quid
2649 5101 2826 5172 possit
2873 5115 2996 5156 esse
3025 5097 3362 5172 gloriosius?
3394 5095 3569 5150 Habet

1986 5213 2168 5258 autem
2210 5202 2348 5255 alter
2400 5199 2544 5254 aliud
2597 5212 2710 5268 quo
2744 5211 2805 5252 se
2846 5195 3036 5266 jactet,
3095 5192 3243 5274 quod
3303 5191 3563 5248 nimirum

1985 5297 2282 5354 famulatus
2327 5291 2399 5348 sit
2435 5279 2658 5368 domino
2700 5288 2856 5345 fratri
2903 5297 2958 5345 et
3013 5287 3448 5358 archiepiscopo,
3512 5292 3568 5339 et

1986 5389 2204 5460 quidem
2256 5385 2417 5455 longo
2460 5381 2750 5447 farriulatu,
2800 5393 2902 5437 nec
2952 5379 3114 5450 longo
3162 5378 3361 5440 solum,
3391 5373 3485 5431 sed
3513 5382 3568 5426 et

1990 5481 2148 5536 valde
2191 5477 2427 5533 laudato.
2470 5474 2717 5547 Utroque
2749 5473 2919 5547 igitur
2961 5471 3183 5531 neruiue
3206 5465 3569 5524 admiratione

1993 5575 2191 5646 dignus
2218 5579 2304 5630 est
2332 5570 2520 5627 frater.

1829 5762 1964 5819 ΝΟΤ
1970 5761 2058 5818 1E.

381 5837 459 5924 (8)
491 5837 546 5892 Ιι;
581 5837 699 5894 cod.
741 5838 872 5908 Reg.
900 5845 1002 5911 ρκ’.
