4060 6374
491 360 629 426 1375

1689 366 1753 428 So
1783 364 2181 428 THEODORI
2220 364 2570 428 STUDszE

3626 357 3764 422 1376

565 477 643 529 Ad
670 475 784 531 hmo
813 491 966 547 ergo,
1001 477 1224 545 fratres,
1247 479 1378 550 quid
1402 479 1648 536 dicemus
1674 481 1698 534 ?
1731 481 1963 552 Migrare
1986 494 2085 534 nos

2259 478 2325 530 Τί
2349 475 2443 532 οὖν
2493 480 2738 550 εἴπωμεν
2775 480 2912 552 πρὸς
2952 479 3148 545 ταῦτα,
3175 471 3407 546 ⁴ἀδελφοί
3433 493 3448 543 ;
3478 476 3563 529 δτι
3592 492 3763 546 μετα-

493 567 622 622 hinc
665 583 897 638 prorsus
944 578 1216 642 quotquot
1261 571 1510 629 homines
1555 588 1770 639 sumus,
1799 573 2080 642 migratio-

490 677 727 730 nemque
775 677 899 717 esse
961 664 1032 719 ab
1098 665 1334 721 incolatu
1383 666 1450 721 ad
1497 681 1677 722 veram
1739 668 2002 738 requiem.
2050 682 2082 722 a

491 753 732 807 tenebris
760 753 830 808 ad
889 754 1086 821 lucem,
1121 771 1149 808 a
1182 756 1420 810 tumultu
1469 756 1536 811 ad
1601 757 2076 826 tranquillitatem,

489 860 520 898 a
552 843 695 898 bello
733 843 802 898 ad
856 859 1067 916 pacem,
1123 847 1212 901 ubi
1246 863 1354 902 non
1386 857 1471 903 est
1516 848 1776 903 mordens
1829 849 2073 913 coluber,

491 937 582 990 ubi
639 951 748 991 non
784 948 869 993 est
901 939 1222 994 mutationis
1275 949 1476 1007 metus,
1519 942 1610 996 tibi
1664 943 1882 1012 recipiet
1909 959 2078 997 unus-

489 1029 711 1100 quisque
758 1041 915 1100 prout
959 1031 1015 1085 in
1059 1049 1274 1102 corpore
1335 1034 1518 1103 gessit,
1562 1035 1668 1089 sive
1715 1035 1930 1102 bonum,
1977 1035 2084 1090 sive

491 1121 694 1176 malum
717 1123 786 1176 ³⁷.
809 1123 989 1190 Quare
1008 1126 1426 1188 contendamus,
1442 1125 1636 1181 fratres
1660 1129 1785 1190 mei,
1807 1137 1864 1182 ut
1896 1138 2084 1184 sancte

490 1215 833 1282 moriamur;
865 1231 977 1286 quo
1005 1225 1261 1272 aeternam
1289 1218 1696 1273 damnationem
1724 1218 2076 1289 eﬂ‘ugiainus,

490 1316 546 1364 et
579 1323 805 1378 regnum
851 1309 1114 1366 caelorum
1162 1325 1582 1381 consequamur.
1631 1310 1968 1368 Horrendum
2007 1324 2084 1368 est

490 1401 724 1454 incidere
756 1401 814 1455 in
867 1417 1061 1457 manus
1093 1401 1196 1458 Dei
1226 1403 1442 1460 viventis
1459 1405 1527 1460 ’⁸.
1563 1405 1707 1460 Deus
1729 1414 1905 1459 noster
1949 1404 2086 1474 ignis

491 1505 804 1545 consumens
832 1503 908 1547 est
934 1493 1000 1547 ".
1020 1493 1508 1562 Pertimescamus,
1543 1496 1636 1550 lllii
1659 1495 1861 1562 dilecti,
1884 1495 2086 1552 exhor-

493 1597 799 1650 rescamus,
833 1583 1101 1641 adversus
1136 1589 1433 1644 draconem
1489 1589 1770 1644 diabolum
1823 1604 2087 1660 exsurga-

492 1689 638 1740 mus,
669 1683 722 1730 et
763 1677 858 1746 qui
909 1687 1056 1733 stare
1088 1678 1368 1744 videntur,
1404 1689 1458 1736 et
1487 1682 1577 1750 qui
1614 1682 1879 1752 prostrati
1902 1690 2034 1738 sunt
2068 1700 2083 1737 :

493 1767 758 1837 quoniam
791 1769 898 1826 illis
923 1771 1146 1842 quidem
1171 1771 1351 1827 brevis
1375 1773 1638 1828 relaxatio
1665 1789 1854 1830 casum
1887 1775 2082 1830 mortis

491 1859 650 1914 affert
679 1877 696 1926 ;
732 1861 817 1916 his
849 1877 979 1918 vero
1014 1879 1182 1934 parva
1229 1865 1427 1919 mentis
1472 1866 1680 1919 erectio
1715 1873 1938 1936 prasstat
1961 1865 2085 1921 vul-

494 1966 686 2006 nerum
719 1953 920 2008 animas
969 1955 1335 2010 curationem.
1373 1954 1632 2028 Nunquid
1677 1959 1770 2029 qui
1803 1958 1946 2012 cadit
1984 1975 2087 2012 non

494 2047 722 2116 resurgit
754 2047 780 2102 .9
818 2054 912 2100 aut
945 2047 1036 2118 qui
1061 2049 1339 2114 avertitur,
1383 2065 1489 2102 non
1521 2052 1802 2104 revertitur
1827 2050 1920 2105 '°?
1950 2049 2084 2118 lmo,

495 2137 696 2194 fratres
747 2139 853 2193 mei
896 2158 911 2195 :
965 2141 1213 2195 nondum
1252 2141 1442 2196 clausa
1484 2152 1567 2196 est
1606 2139 1800 2209 ianua,
1839 2143 2086 2198 nondum

491 2231 714 2287 solutus
732 2241 818 2288 est
852 2243 1180 2288 conventus.
1227 2233 1530 2289 Parcamus
1561 2235 1720 2290 nobis
1751 2235 1885 2306 ipsis
1912 2255 1926 2290 :
1954 2251 2092 2292 con-

496 2325 807 2380 sideremus
852 2326 1322 2396 quemadmodum
1358 2327 1412 2381 in
1463 2327 1598 2382 urbe
1641 2343 1948 2394 versemur,
1992 2329 2089 2384 ubi

497 2418 911 2483 cousideamus,
945 2420 1280 2490 quibuscum
1327 2422 1489 2478 verba
1530 2423 1818 2488 faciamus,
1850 2435 2090 2495 quantus

496 2511 569 2566 sit
601 2512 758 2567 cibus
787 2522 993 2578 noster,
1023 2513 1204 2583 quies,
1231 2529 1479 2581 somnus,
1506 2515 1906 2584 confabulatio,
1933 2519 2092 2590 hym-

497 2616 694 2656 norum
740 2602 1078 2671 decantatio,
1130 2613 1243 2661 tota
1309 2606 1422 2663 Deo
1481 2607 1730 2678 placens,
1786 2617 1902 2664 tota
1941 2611 2091 2668 utilis

498 2693 774 2764 proximo.

573 2785 930 2858 Miseremini,
964 2792 1352 2860 gauxiliamini,
1413 2809 1482 2848 ne
1531 2793 1830 2864 quisquam
1881 2796 2091 2867 aliquid

501 2878 670 2935 faciat
700 2889 892 2938 contra
947 2898 1014 2939 ac
1063 2885 1242 2940 decet.
1279 2883 1423 2952 Quid
1467 2887 1642 2956 prosit
1667 2888 1713 2942 si
1754 2888 1939 2944 lucrer
1963 2888 2091 2944 uni-

500 2986 720 3027 versum
751 2975 1040 3042 mundum,
1073 2984 1126 3031 et
1157 2979 1374 3032 misera:
1421 2978 1620 3034 animus
1645 2995 1781 3035 meae
1813 2981 2089 3050 jacturam

503 3062 702 3118 faciam
729 3063 816 3121 ³ίῖ
845 3064 984 3132 Quis
1013 3066 1146 3120 mihi
1199 3067 1366 3136 hujus
1402 3068 1530 3123 vita:
1578 3069 1918 3138 voluptatum
1973 3071 2090 3126 fru-

2183 569 2437 642 διίνομεν
2492 572 2710 636 πάντως
2751 574 2950 636 πάντες
2993 572 3274 643 ἄνθρωποι
3303 569 3578 632 ἐντεῦθεν,
3603 569 3701 620 καὶ
3727 569 3762 637 ἡ

2186 662 2484 730 μετάϐασις
2521 664 2630 718 ἀπὸ
2666 665 2965 736 παροικίας
2997 665 3078 728 είς
3092 661 3352 734 ἀληθινὴν
3389 661 3761 720 κατάπαυσιν,

2183 757 2248 808 ἐκ
2279 756 2504 820 σκότους
2526 759 2606 821 είς
2639 757 2775 827 φῶς,
2824 759 2935 812 άπὸ
2977 758 3224 830 ταραχῆς
3262 759 3343 820 είς
3377 754 3650 824 γαλήνην.
3701 754 3768 804 ὲκ

2183 851 2422 922 πολέμου
2447 854 2528 915 είς
2548 853 2795 924 εἰρήνην,
2823 854 2959 906 ὅπου
2982 853 3084 906 οὐκ
3103 851 3183 906 ενι
3212 851 3422 905 δάκνων
3446 849 3594 917 δφις,
3628 848 3766 900 ὅπου

2183 944 2283 996 οὐκ
2312 943 2391 996 ἔνι
2419 945 2630 1016 τροπῆς
2655 944 2840 1014 φόϐος,
2871 945 3008 998 ὅπου
3040 943 3355 1014 κομίσεται
3399 941 3664 1004 ἕκαστος
3697 937 3770 990 τὰ

2183 1034 2280 1090 διὰ
2306 1037 2412 1090 τοῦ
2446 1036 2721 1106 σώματος
2761 1039 2912 1106 πρὸς
2954 1035 2994 1090 ἁ
3038 1034 3320 1104 ἔπραξεν,
3351 1034 3471 1088 εἴτε
3513 1030 3769 1101 ἀγαθὸν.

2183 1129 2307 1182 εἴτε
2334 1129 2540 1182 κακόν.
2577 1129 2668 1182 Διὸ
2689 1128 3039 1198 σπεύσωμεν,
3065 1125 3286 1194 ἀδελφοί
3317 1141 3442 1196 μου,
3479 1123 3577 1176 καὶ
3599 1122 3772 1191 ἡμεῖς

2183 1222 2348 1285 ὁσίως
2377 1221 2686 1276 άποὸιῶσαι
2712 1239 2726 1253 ο
2766 1222 2842 1286 ὡς
2863 1221 2931 1276 ἂν
2961 1221 3229 1292 φύγοιμεν
3253 1217 3478 1280 αἰωνίας
3505 1215 3770 1287 κρίσεως,

2184 1317 2280 1370 καὶ
2305 1315 2560 1386 ἀξιωθείη
2571 1333 2670 1386 μεν
2692 1315 2968 1386 βασιλείας
2989 1312 3259 1386 οὐρανῶν.
3284 1309 3549 1378 Φοϐερόν
3567 1306 3636 1361 τό
3664 1305 3771 1376 ἐμ-

2184 1405 2398 1460 πεσεῖν
2428 1407 2516 1471 είς
2553 1405 2755 1474 χεῖρας
2803 1404 2954 1461 Θεοῦ
3004 1403 3239 1468 ζῶντος.
3281 1403 3346 1455 '0
3381 1400 3526 1466 Θεὸς
3576 1397 3770 1468 ἡμῶν,

2184 1499 2305 1568 πῦρ
2358 1500 2831 1554 καταναλίσκον.
2885 1494 3439 1570 Φοϐηθῶμεν,τέκνα
3482 1490 3770 1561 ἀγαπητὰ,

2186 1592 2490 1664 φρίξωμεν,
2538 1591 2920 1662 διαναστῶμεν
2964 1589 3109 1645 κατὰ
3134 1587 3228 1643 τοῦ
3255 1587 3551 1658 δράκοντος
3585 1582 3774 1636 διαϐό-

2184 1685 2300 1749 λου,
2333 1685 2428 1740 καὶ
2451 1686 2500 1739 οί
2530 1684 2814 1748 δοκοῦντες
2847 1682 3092 1746 ἑστάναι,
3123 1681 3218 1735 καὶ
3255 1680 3306 1732 οἱ
3346 1675 3774 1732 ὑποσκελισθένς

2185 1796 2279 1842 τες
2304 1794 2319 1810 ·
2350 1779 2434 1832 ὅτι
2468 1781 2580 1840 τοῖς
2618 1777 2716 1848 μὲν
2759 1777 2989 1848 βραχεῖα
3036 1773 3309 1845 χαύνωσις
3359 1769 3570 1824 πτῶσιν
3598 1771 3773 1839 ἀπερ-

2185 1869 2413 1940 γάζεται
2445 1868 2678 1924 θανάτου
2704 1885 2719 1899 ·
2743 1874 2858 1932 τοῖς
2878 1868 2936 1922 δὲ
2962 1867 3138 1939 μικρά
3153 1867 3444 1927 άνάνευσις
3471 1864 3618 1916 ἴασιν
3649 1863 3774 1915 άνα-

2184 1965 2328 2018 τελεῖ
2354 1963 2603 2035 ψυχικῶν
2632 1962 2984 2036 τραυμάτων.
3017 1960 3115 2028 Μὴ
3149 1962 3182 2014 ὀ
3229 1959 3466 2012 πίπτων
3503 1958 3619 2010 οὐκ
3669 1956 3774 2009 ἁν-

2188 2057 2425 2112 ίσταται
2449 2072 2469 2121 ;
2501 2056 2539 2125 ἡ
2563 2059 2596 2111 ό
2618 2056 3021 2126 ἀποστρέφων
3064 2055 3175 2108 οὐκ
3225 2050 3611 2120 excerpsisset;
3641 2048 3772 2109 Ναὶ,

2188 2147 2405 2218 ἀδελφοί
2443 2165 2545 2218 μου
2574 2162 2589 2177 ⁶
2622 2147 2775 2201 οὔπω
2805 2149 2838 2218 ἠ
2871 2147 3015 2219 θύρα
3058 2145 3396 2208 κέκλεισται,
3428 2143 3585 2196 οὔπω
3613 2143 3646 2213 ἠ
3673 2159 3775 2195 πα-

2187 2243 2421 2313 νήγυρις
2463 2241 2793 2296 διαλέλυται.
2839 2237 3162 2308 Φεισὼμεθα
3194 2234 3440 2289 ὲαυτῶνο
3480 2234 3774 2304 σκοπῶμεν

2188 2336 2306 2398 πῶς
2333 2338 2390 2388 ἐν
2407 2335 2560 2389 ἄστει
2575 2333 2952 2405 διατρίϐομεν,
2973 2331 3076 2384 ποῦ
3096 2327 3466 2399 καθεζόμεθα.
3493 2327 3614 2398 μεθ’
3635 2327 3766 2380 οἴων

2193 2425 2501 2498 προσώπων
2540 2425 2924 2497 διαλεγόμεθα,
2979 2424 3186 2494 πηλίκη
3228 2423 3263 2493 ἡ
3313 2423 3490 2492 τροφὴ
3519 2420 3702 2492 ἡμῶν,
3741 2421 3776 2485 ἡ

2190 2522 2414 2593 ἡσυχία,
2447 2521 2480 2591 ἡ
2517 2519 2778 2584 ὕπνωσις,
2806 2521 2839 2590 ἡ
2872 2519 3082 2590 ὁμιλία,
3107 2519 3141 2584 ἡ
3184 2516 3424 2588 ὕμνησις
3451 2531 3464 2544 ·
3497 2516 3594 2587 ὅλη
3646 2514 3778 2587 άρεο

2191 2614 2291 2684 στὴ
2320 2612 2462 2682 Θεῷ,
2492 2613 2588 2683 ὅλη
2623 2611 2911 2683 ὲπωφελὴς
2940 2611 3018 2683 τῷ
3043 2611 3235 2675 πέλας.

2275 2795 2532 2860 Ἐλεεῖτε,
2568 2793 2814 2865 βοηθεῖτε
2846 2810 2862 2826 ⁸
2912 2796 2985 2866 μή
3018 2795 3102 2858 τίς
3129 2813 3182 2848 τι
3221 2794 3457 2867 πράττοι
3509 2790 3665 2863 παρὰ
3713 2789 3780 2844 τδ

2192 2891 2362 2954 εἰκός.
2393 2890 2460 2944 Τί
2488 2890 2686 2959 ὄφελος
2712 2889 2808 2944 ἐὰν
2835 2889 2956 2943 ὅλον
2990 2889 3086 2944 τὸν
3118 2889 3326 2960 κόσμον
3357 2887 3636 2960 κερδήσω,
3682 2887 3778 2939 καὶ

2193 2984 2462 3056 ζημιωθῶ
2490 2985 2591 3056 τὴν
2621 2984 2864 3055 ὲλεεινήν
2903 3000 3003 3054 μου
3035 2983 3242 3054 ψυχήν;
3267 2981 3322 3035 τί
3355 2999 3446 3053 μοι
3469 2979 3781 3054 προσθήσε-

2193 3095 2284 3131 ται
2311 3079 2370 3131 ὲν
2402 3076 2586 3148 ἡμέρα
2610 3076 2847 3132 θανάτου
2896 3075 3004 3130 τῶν
3032 3075 3162 3146 τῇδε
3191 3072 3542 3145 ἡδυπαθειῶν
3572 3071 3637 3125 τὸ
3685 3071 3777 3124 τέ-

503 3166 628 3212 ctus
664 3157 770 3212 erit
803 3157 857 3212 in
898 3158 988 3213 die
1015 3159 1210 3214 mortis
1233 3159 1256 3212 ?
1282 3175 1394 3230 quo
1419 3171 1603 3216 autem
1636 3161 1830 3218 dolore
1861 3163 2089 3231 alliciar,

2195 3171 2325 3236 λος;
2377 3169 2518 3224 τίδὲ
2566 3170 2833 3240 πείσομαι
2862 3168 2992 3222 ὅταν
3035 3167 3166 3230 τοὺς
3213 3167 3510 3236 όμοταγείς
3551 3180 3655 3235 μου
3689 3163 3782 3216 ῑδω

506 3266 631 3306 cum
656 3251 843 3307 socios
872 3260 928 3307 et
951 3254 1193 3322 aequales
1223 3267 1378 3308 meos
1409 3252 1596 3308 videro
1641 3253 1696 3308 in
1737 3253 1832 3309 Dei
1863 3272 2087 3324 regnum

2199 3262 2792 3334 προσλαμϐανομένους
2831 3263 2910 3326 είς
2942 3259 3221 3331 βασιλείαν
3255 3257 3418 3322 Θεοῦ,
3461 3256 3699 3328 ἐμαυτὸν
3726 3254 3782 3308 δὲ

506 3343 688 3408 evehi,
751 3360 836 3399 me
896 3359 1032 3399 vero
1087 3345 1142 3399 in
1198 3345 1456 3401 tenebras
1512 3346 1820 3404 exteriores
1879 3350 2097 3419 abripi?

509 3433 670 3505 Vere,
703 3435 900 3491 fratres
930 3437 1058 3502 mei,
1094 3438 1227 3492 nihil
1267 3447 1352 3494 est
1380 3439 1680 3496 delectatio
1717 3443 1927 3505 carnis,
1959 3443 2098 3498 nihil

508 3543 736 3598 regnum
761 3538 1066 3595 terrenum,
1093 3531 1229 3585 nihil
1267 3531 1449 3602 gloria
1489 3532 1557 3586 ad
1612 3541 1827 3604 tempus
1868 3535 2096 3599 durans,

510 3624 657 3680 nihil
691 3624 901 3679 divitiae
935 3623 1098 3681 ﬂuxae
1135 3634 1191 3681 et
1220 3627 1462 3694 caducas,
1517 3628 1655 3682 nihil
1708 3630 1918 3684 deliciae
1977 3647 2102 3702 quae

510 3716 780 3782 defluunt,
807 3718 956 3772 nulla
986 3719 1043 3774 in
1094 3720 1208 3774 ullo
1236 3736 1452 3784 eorum,
1485 3737 1606 3791 quae
1657 3722 1727 3776 ab
1767 3723 1933 3792 hujus
1977 3725 2102 3779 vita:

511 3809 734 3878 cupidis
762 3810 991 3880 pulchra
1017 3819 1074 3866 et
1130 3813 1382 3882 speciosa
1427 3812 1819 3868 existimantur
1849 3814 2098 3870 utilitas:

511 3901 610 3956 sed
645 3903 826 3955 omnia
853 3903 1058 3958 vanitas
1094 3913 1144 3958 et
1190 3905 1534 3974 superfluitas
1585 3907 1804 3973 spiritus
1829 3907 1895 3973 ",
1938 3914 1996 3959 ut
2025 3907 2104 3960 lo.

512 3994 702 4062 quitur
735 3993 783 4048 is
817 3995 912 4063 qui
942 4010 1136 4050 omnes
1163 3995 1328 4064 hujus
1365 3997 1552 4052 saeculi
1587 4000 1888 4054 suavitates
1924 3997 2106 4054 fuerat

519 4094 807 4155 expertus.
841 4086 1021 4156 Atque
1078 4088 1288 4142 utinam
1334 4089 1552 4145 vanitas
1621 4089 1922 4145 duntaxat:
1975 4107 2101 4145 cum

517 4178 739 4247 proilla
791 4179 1112 4248 sempiterni
1165 4179 1446 4236 cruciatus
1487 4181 1555 4236 iis
1604 4191 1867 4249 parentur
1924 4182 2104 4252 quiin

512 4286 578 4324 ea
599 4271 941 4326 volutantur.
962 4271 1130 4327 Nobis
1171 4287 1302 4328 vero
1343 4274 1546 4342 quibus
1565 4274 1907 4342 spiritualem
1935 4275 2105 4330 vitam

518 4363 784 4419 Dominus
808 4365 1039 4436 largitus
1070 4375 1174 4432 est,
1207 4366 1370 4436 quale
1409 4375 1810 4437 quantumque,
1845 4368 1952 4423 nisi
1983 4383 2105 4423 eam

2199 3357 2490 3428 αξρόμενον
2510 3358 2588 3419 είς
2611 3355 2672 3409 τὸ
2701 3353 2968 3424 ἐξώτερον
2999 3353 3223 3418 σκότος;
3279 3353 3512 3415 Ὄντως,
3564 3347 3782 3414 ἀδελφοί

2205 3466 2330 3520 μου,
2363 3447 2516 3501 οὐδὲν
2554 3448 2588 3518 ή
2619 3444 2890 3499 εὐπάθεια
2927 3444 3028 3514 τῆς
3057 3443 3282 3514 σαρκὸς,
3336 3441 3490 3494 οὐδὲν
3540 3437 3782 3507 βασιλεία

2201 3541 2468 3609 ἐπίγειος,
2502 3538 2656 3593 οὐδὲν
2685 3531 2811 3602 δόξα
2835 3536 3195 3608 πρόσκαιρος,
3229 3533 3381 3587 οὐδὲν
3403 3531 3641 3592 πλοῦτος
3663 3533 3785 3600 ῥευ-

2207 3632 2591 3704 ματιζόμενος,
2657 3631 2814 3685 οὐδὲν
2868 3629 3050 3700 τρυφὴ
3115 3627 3487 3698 ἀπορρέουσα,
3543 3623 3699 3678 οὐδὲν
3731 3625 3785 3676 ὲν

2203 3726 2378 3780 οὐδενὶ
2420 3724 2530 3778 τῶν
2579 3720 2954 3794 νομιζομένων
2996 3720 3112 3783 τοῖς
3147 3717 3435 3789 φιλοξὼοις
3479 3717 3666 3770 καλῶν
3695 3714 3787 3769 καὶ

2204 3819 2423 3892 ὡραίων
2462 3817 2698 3887 ὄφελος·
2750 3815 2887 3868 ἀλλὰ
2935 3813 3009 3868 τὰ
3065 3812 3264 3866 πάντα
3301 3810 3634 3882 ματαιότης
3692 3807 3786 3861 καί

2205 3914 2523 3981 περίσσεια
2574 3909 2933 3978 πνεύματος,
2968 3905 3044 3967 ὤς
3081 3921 3250 3974 φησιν
3304 3905 3332 3957 ὁ
3374 3902 3486 3954 τῶν
3533 3901 3786 3954 ἁπάντων

2206 4006 2380 4078 ἡδέων
2403 4003 2497 4057 τοῦ
2529 4003 2653 4074 τῇδε
2680 4001 2876 4064 αἰῶνος
2901 3998 3212 4068 ἀπόπειραν
3251 3996 3651 4064 ποιησάμενος.
3681 3990 3787 4046 Καὶ

2207 4099 2320 4153 εἴθε
2355 4097 2654 4169 ματαιότης
2690 4099 2887 4164 μόνον·
2923 4091 3044 4146 ἀλλ’
3092 4092 3176 4144 ὃτι
3204 4089 3319 4143 ἀντ’
3370 4088 3545 4157 αὐτῆς
3580 4101 3788 4139 αιωνιοι

2210 4191 2436 4263 βάσανοι
2491 4186 2849 4258 ταμιεύονται
2916 4186 3030 4248 τοῖς
3086 4180 3572 4251 ὲγκεκυλισμένοις
3628 4179 3784 4246 αὐτῇ.

2223 4285 2387 4354 Ἡμῖν
2441 4281 2498 4335 δὲ
2551 4276 2634 4344 οἷς
2684 4282 2718 4350 ὴ
2755 4274 3104 4348 πνευματικὴ
3139 4273 3254 4344 ζωὴ
3310 4273 3634 4344 κεχάρισται
3689 4267 3788 4322 ὑπὸ

2208 4375 2442 4447 Κυρίου,
2471 4372 2611 4440 πόση
2645 4370 2743 4426 καὶ
2770 4369 2978 4442 πηλίκη
3006 4367 3267 4439 τιμωρία,
3286 4366 3335 4418 εί
3371 4364 3446 4437 μὴ
3480 4363 3789 4434 φευξόμεθα

519 4456 814 4525 fugiamus,
848 4457 1104 4513 imminet
1120 4458 1456 4528 supplicium
1477 4459 1503 4512 ἰ
1547 4457 1872 4529 Propterea.
1899 4458 2091 4518 fratres

2206 4467 2399 4536 αὐτῆς,
2431 4464 2824 4526 ἀποκείσεταις
2856 4461 2957 4516 Διὰ
2989 4460 3171 4522 τοῦτο,
3199 4459 3419 4527 ἀδελφοί
3481 4475 3609 4527 μου,
3657 4457 3788 4508 ὑπο-

517 4548 648 4616 mei,
679 4563 897 4613 moneo,
954 4550 1166 4616 hortor,
1195 4550 1447 4615 obsecro,
1485 4559 1744 4620 tanquam
1787 4549 2005 4604 debitor
2041 4562 2097 4606 et

520 4655 714 4697 servus
739 4652 917 4698 vester
947 4651 1168 4712 propter
1213 4642 1525 4706 Dominum,
1561 4653 1620 4697 ut
1660 4641 1810 4712 juste
1834 4653 1888 4698 et
1909 4653 2100 4698 sancte

519 4725 772 4790 vivamus'
792 4735 957 4790 etiam
988 4735 1041 4790 in
1062 4742 1363 4805 posterum,
1399 4745 1459 4788 ut
1487 4735 1652 4789 vitam
1681 4743 1948 4790 aeternam
1977 4735 2099 4790 adi-

521 4827 802 4897 piscamur
829 4828 886 4882 in
915 4826 1135 4883 Christo
1175 4826 1304 4884 Jesu
1338 4826 1570 4882 Domino
1622 4835 1836 4893 nostro,
1866 4827 1954 4883 cui
1977 4827 2100 4900 glo-

521 4918 604 4980 ria
632 4919 686 4974 in
721 4921 944 4976 saecula.
987 4921 1182 4975 Amen.

807 5034 993 5092 CXIII.
1010 5067 1082 5078 —
1099 5036 1467 5109 Euphrosynae
1495 5039 1818 5110 ρνωροεὶιω.

2208 4560 2526 4632 μιμνήσκω,
2563 4553 2840 4626 παραινῶ,
2879 4552 3207 4626 παρακαλῶ,
3241 4550 3317 4614 ὡς
3351 4549 3662 4620 ὀφειλέτης,
3717 4547 3790 4609 ὠς

2205 4646 2394 4712 δοῦλος
2421 4645 2576 4716 ὑμῶν
2621 4644 2712 4698 διὰ
2739 4642 2974 4716 Κύριονο
3008 4641 3236 4704 δικαίως
3261 4641 3359 4693 καὶ
3411 4638 3578 4702 ὁσίως
3639 4637 3785 4691 πολι·

2204 4735 2533 4808 τευσώμεθα
2556 4735 2654 4788 καὶ
2678 4734 2815 4805 πρὸς
2862 4732 2924 4787 τὸ
2951 4733 3098 4803 ἑξῆς.
3133 4732 3252 4785 Ἵνα
3285 4731 3788 4801 κληρονομήσωμεν

2206 4829 2354 4900 ζωὴν
2380 4825 2620 4890 αἰώνιον,
2657 4827 2716 4878 ὲν
2738 4827 2958 4896 Χριστῷ
3001 4821 3176 4894 Ἰησοῦ
3206 4821 3287 4893 τῷ
3314 4822 3510 4894 Κυρίῳ
3534 4823 3714 4894 ήμῶν,
3745 4813 3786 4888 ᾧ

2209 4923 2245 4992 ἡ
2275 4921 2406 4988 δόξα
2432 4919 2512 4983 εἰς
2543 4919 2671 4982 τοὺς
2700 4918 2922 4982 αἰῶνας.
2971 4917 3168 4988 ’Δμήν.

2427 5039 2572 5091 PII".
2605 5036 2780 5107 (9).—
2806 5036 3175 5106 Εὐφροσύνῃ
3194 5035 3525 5105 ἡγουμένῃ.
3602 5003 3779 5106 [χμε¹.]

1789 5149 2084 5201 Cousolatur
2117 5150 2167 5201 in
2192 5149 2333 5202 obitu
2358 5149 2548 5200 matris.

597 5257 919 5315 Postulabat
966 5260 1073 5317 hoc
1120 5260 1265 5332 quod
1296 5260 1498 5316 accidit
1519 5261 1694 5317 beata:
1719 5260 1958 5316 dominte
1991 5275 2106 5315 ma-

530 5355 707 5427 trique
737 5356 1017 5412 communi
1055 5355 1178 5427 (nec
1203 5356 1349 5412 enim
1387 5356 1654 5426 refugiam
1703 5365 1933 5411 matrem
1965 5371 2106 5425 quo-

529 5463 638 5518 que
675 5458 918 5504 nostram
957 5448 1110 5504 illam
1143 5448 1416 5521 appellare
1443 5457 1666 5522 propter
1719 5447 1997 5514 virtutem)
2044 5457 2108 5503 ut

2291 5261 2516 5334 Ἀπῄτει
2567 5260 2628 5315 ’τὸ
2686 5260 2899 5330 συμϐὰν
2934 5258 3063 5332 περὶ
3111 5259 3210 5330 τὴν
3269 5256 3551 5332 μακαρίαν
3597 5258 3780 5327 κυρίαν

2207 5355 2303 5408 καὶ
2326 5354 2511 5424 κοινὴν
2544 5352 2758 5424 μητέρα
2793 5368 2807 5383 ο
2843 5353 2906 5404 οὐ
2927 5350 3036 5422 γάρ
3071 5350 3450 5422 παραιτοῦμαι
3484 5348 3580 5403 καὶ
3635 5346 3779 5418 ἡμῶν

2210 5446 2427 5519 μητέρα
2456 5447 2629 5518 αὐτὴν
2673 5444 2964 5518 ὀνομάζειν
3022 5445 3111 5499 διά
3145 5443 3242 5517 τὴν
3295 5443 3499 5517 ἀρετήν
3529 5460 3544 5474 ·
3597 5440 3778 5499 αὑτοπ

545 5624 557 5636 __
585 5564 648 5636 A"
678 5563 724 5618 ll
751 5564 878 5622 Cor.
907 5579 965 5634 ν,
1002 5563 1074 5621 10
1168 5566 1216 5600 ⁸⁸
1241 5563 1406 5625 Hebr.
1439 5582 1496 5636 ι,
1527 5565 1617 5622 51.
1695 5564 1741 5599 ⁸⁸
1766 5562 1932 5621 Hebr.
1965 5577 2068 5627 xu,

2194 5603 2196 5611 π
2273 5561 2319 5592 ⁸⁸
2351 5557 2553 5619 Jerem.
2587 5577 2702 5628 \‘llt,
2729 5560 2782 5616 4.
2861 5559 2904 5593 ³³
2925 5557 3117 5615 Matth.
3151 5573 3264 5624 xvi,
3298 5555 3391 5612 26.
3468 5556 3511 5589 ³²
3541 5553 3712 5612 Eccle.
3739 5566 3773 5605 I-

2042 5712 2273 5774 NOTE.

537 5631 626 5696 14.

613 5843 690 5912 l9)
722 5843 781 5899 in
811 5842 934 5899 cod.
966 5844 1098 5914 Reg.
1143 5836 1284 5913 ρκα’.
