4060 6374
288 333 423 400 l377

1469 339 2006 402 EPISTOLARUM
2072 341 2219 404 LIB.
2250 343 2336 404 ll.

3392 341 3528 405 1378

278 451 430 524 ἡμᾶς
457 446 710 520 amem,
735 448 836 504 καὶ
855 449 946 504 τὸν
968 458 1314 522 προσηκσστα
1355 451 1644 522 ἐπιτάφιον
1673 453 1860 526 ἐκείνῃ

1963 467 2064 508 nos
2093 454 2194 524 ipsi
2230 453 2569 522 veniremus,
2605 463 2660 511 et
2705 454 2858 511 illam
2893 455 3112 528 quidem
3140 468 3382 524 congrua
3413 455 3532 507 lau-

285 555 385 616 μεν
410 540 541 616 ᾆσαι
573 557 590 574 ⁶
617 540 702 596 σοὶ
727 541 786 596 δὲ
820 543 886 614 τῇ
917 541 1374 618 ὑπολελειμμένῃ,
1434 546 1532 599 καί⁹
1571 545 1735 600 οἱονεὶ
1758 547 1854 616 ὀρ-

283 638 428 709 φανῇ
456 635 554 707 τῆς
578 638 856 708 μητρυιῆς
877 649 973 688 σου
996 635 1291 704 συναφείας
1318 653 1382 689 τε
1402 637 1498 690 καὶ
1525 637 1852 708 συμπνοίας,

282 728 623 798 φθέγξασθαι
652 727 1003 800 παραμύθιον
1028 743 1042 757 ·
1070 727 1186 797 εἴγε
1216 728 1648 803 καὶὶξευρεθείη
1679 731 1856 786 τοιοῦ-

281 838 376 876 τον
415 822 729 894 φάρμακον,
756 819 1055 891 δυνάμενον
1081 820 1464 893 καταπραῧναι
1519 837 1614 877 σου
1646 823 1709 876 τὸ
1756 821 1857 893 τῆς

282 915 466 984 ψυχῆς
494 913 742 982 ἀλγεινὸν
772 914 866 966 καὶ
889 913 1310 984 συμπεπτωκός.
1365 913 1506 966 Ἀλλ’
1535 915 1659 968 ἐπεὶ
1696 913 1856 968 τοῦτο

283 1006 388 1060 οὐκ
412 1006 707 1076 ἐνδέχεται,
737 1005 824 1058 διὰ
852 1005 1179 1076 γράμματος
1209 1005 1242 1076 ἡ
1287 1006 1586 1076 ὲπισκοπή.
1627 1005 1692 1058 Ὦ
1736 1006 1857 1069 πῶς

282 1098 509 1168 ἁπέπτη
559 1097 653 1166 ἀφ’
683 1097 839 1168 ἡμῶν
885 1099 920 1169 ή
961 1098 1102 1170 καλή
1158 1098 1375 1168 ἁμμὰς,
1411 1101 1445 1170 ἡ
1486 1099 1857 1170 Χριστοφόρος

283 1188 445 1258 γυνὴ,
465 1187 528 1241 τὸ
549 1189 836 1259 κειμήλιον
869 1190 969 1260 τῆς
1009 1189 1381 1260 σωφροσύνης,
1434 1190 1496 1244 τὸ
1549 1207 1857 1261 κεχαριτω-

290 1280 454 1351 μένον
500 1282 813 1351 πρόσωπον,
846 1281 909 1334 τὺ
973 1282 1071 1352 τῆς
1115 1281 1407 1346 εὐλαϐείας
1461 1282 1714 1353 τέμενος,
1793 1282 1856 1336 τὸ

285 1370 495 1442 πλῆρες
541 1374 572 1442 ὴ
583 1371 784 1443 μερῶν,
840 1371 950 1427 τῶν
993 1389 1054 1426 τε
1104 1373 1384 1445 λυομένων
1434 1374 1530 1428 καὶ
1580 1373 1859 1446 μενουσῶν

284 1462 487 1534 θέαμα,
505 1465 533 1518 6
555 1466 888 1535 ήγιασμὲνος
915 1465 1062 1531 ναός,
1093 1468 1121 1521 6
1143 1464 1342 1520 ὲλαιὼν
1367 1468 1466 1538 τῆς
1490 1467 1856 1538 συμπαθείας,

282 1557 312 1608 6
343 1558 626 1631 οἰκτιρμὸς
652 1557 752 1628 τῆς
794 1558 1106 1626 ἐπιδόσεως,
1155 1559 1218 1613 τὸ
1253 1558 1390 1624 ζῶον
1433 1559 1604 1623 ὅντως
1644 1560 1708 1612 τὸ
1737 1558 1860 1612 Θεό-

284 1631 544 1716 πλαστον,
574 1651 851 1718 όᾶφθονος
878 1649 1177 1722 ὀφθαλμὸς,
1208 1653 1242 1723 ή
1279 1650 1592 1712 ἀϐάσκανος
1636 1653 1858 1724 καρδία,

282 1745 319 1812 ὴ
356 1743 459 1814 πρὸ
487 1741 579 1796 τοῦ
614 1742 845 1797 θανάτου
877 1742 1112 1814 ἔκδημος
1149 1744 1260 1796 τῶν
1287 1743 1417 1814 τῇδε
1467 1743 1558 1797 διὰ
1609 1744 1701 1799 τὸν
1755 1761 1858 1797 πο-

1953 545 2174 600 dalione
2205 545 2423 604 funebri
2449 561 2944 618 prosequeremur;
2977 547 3075 602 tibi
3102 562 3233 602 vero
3257 546 3532 602 derelictae

1953 645 2010 692 et
2035 648 2285 694 materna
2317 640 2726 710 quodammodo
2777 639 2952 694 animi
3005 639 3364 710 corporisque
3399 655 3532 696 con-

1951 728 2239 799 iunctione
2263 732 2467 787 orbata
2511 731 2949 787 consolationem
3013 731 3406 786 adhiberemus
3435 748 3448 784 :
3481 730 3529 785 si

1956 828 2140 876 tamen
2169 823 2471 878 remedium
2503 824 2838 878 inveniretur
2853 823 3144 893 ejusmodi,
3171 821 3317 894 quod
3345 829 3533 892 posset

1956 913 2139 970 amicti
2195 917 2568 986 prostratique
2596 917 2764 972 animi
2819 917 3068 971 dolorem
3116 915 3388 986 mitigare.
3425 915 3534 969 Sed

1955 1007 2216 1075 quoniam
2252 1007 2306 1061 id
2337 1006 2455 1063 ﬁeri
2507 1009 2718 1078 nequit,
2750 1023 2846 1078 per
2888 1007 3098 1062 litteras
3146 1007 3239 1061 ﬁet
3271 1005 3531 1061 visitatio.

1957 1097 2003 1154 Ο
2034 1115 2146 1170 quo
2176 1108 2337 1172 pacto
2361 1115 2393 1156 a
2417 1100 2578 1156 nobis
2613 1094 2849 1156 avolavit
2882 1101 3022 1156 bona
3061 1109 3256 1164 mater,
3297 1097 3537 1154 Christi-

1957 1189 2072 1246 l‘era
2104 1192 2321 1260 mulier,
2345 1192 2642 1249 thesaurus
2681 1192 3051 1256 continentiae,
3076 1191 3256 1262 gratia
3279 1199 3534 1244 ornatum

1959 1293 2142 1356 caput,
2177 1286 2461 1358 religionis
2511 1288 2837 1352 sacrarium,
2887 1287 3107 1358 plenum
3149 1285 3361 1340 dierum
3415 1291 3532 1338 tum

1959 1371 2284 1428 obeun-tium
2365 1383 2485 1430 tum
2583 1375 3028 1446 permanentium
3099 1372 3474 1442 spectaculum
3511 1411 3544 1436 ,.

1959 1464 2222 1534 templum
2286 1467 2707 1534 sanctiﬁcatum,
2767 1467 3030 1523 olivetum
3105 1464 3534 1536 compassiouis,

1959 1558 2364 1614 commiseratio
2398 1559 2725 1630 largitionis,
2763 1575 2890 1615 vere
2909 1574 2940 1614 a
2963 1557 3075 1614 Deo
3099 1557 3396 1614 formatum
3418 1558 3537 1611 aui-

1961 1647 2091 1714 mal,
2137 1651 2330 1705 oculus
2366 1651 2590 1707 invidiae
2639 1667 2855 1722 expers,
2890 1668 2988 1708 cor
3039 1655 3159 1710 sine
3197 1655 3537 1712 malevolen-

1962 1741 2063 1804 tia,
2095 1741 2151 1795 in
2178 1743 2284 1799 hoc
2325 1745 2512 1800 seculo
2541 1753 2666 1800 ante
2697 1755 2929 1801 mortem
2972 1749 3256 1819 peregrina
3285 1749 3356 1804 ob
3387 1749 3538 1804 desi-

286 1835 552 1906 Θούμενον
575 1833 805 1906 νυμφίον
835 1835 1094 1906 Χριστὸν,
1123 1835 1218 1888 καὶ
1243 1834 1331 1888 διὰ
1356 1833 1455 1906 τὴν
1496 1835 1676 1890 ἐκεῖσε
1727 1835 1857 1890 ἄλυ-

1963 1834 2176 1889 derium
2234 1834 2434 1905 Sponsi
2466 1835 2696 1904 Christi,
2739 1851 2796 1893 et
2841 1849 3066 1908 propter
3125 1839 3374 1894 futuram
3423 1841 3536 1896 illic

284 1943 378 1980 τον
406 1926 550 1996 ζωὴν
568 1927 663 1980 καὶ
687 1927 961 1998 ἀκήρατον
982 1945 997 1993 ;
1019 1928 1105 1990 Ὢ,
1139 1927 1206 1992 ὣ,
1238 1928 1378 1980 πόσα
1407 1926 1653 1998 λαλήσας
1701 1927 1860 1996 δυνη-

287 2019 444 2090 Θείην
469 2019 705 2072 κενῶσαι
727 2018 788 2071 τὸ
828 2017 1104 2074 συνωθοῦν
1131 2019 1230 2090 τὴν
1269 2020 1499 2091 καρδίαν
1531 2037 1636 2090 μου
1665 2036 1862 2090 σεμνο-

283 2109 540 2184 λόγημαι
601 2111 864 2180 Καίτοιγε
896 2110 1172 2183 ὀψιμαθὴς
1220 2109 1333 2182 ἐγὼ
1381 2111 1482 2182 τῆς
1531 2113 1728 2182 κυρίας
1765 2115 1862 2167 καὶ

283 2204 394 2257 τῶν
420 2203 660 2258 ὲνουσῶν
685 2205 814 2275 ὑμῖν
863 2204 1094 2275 ἀρετῶν,
1142 2205 1238 2259 καὶ
1267 2205 1520 2259 τοσοῦτον
1565 2207 1624 2260 ὲν
1669 2205 1858 2278 πείρᾳ,

283 2297 410 2349 ὅσον
431 2296 592 2366 ἄκρῳ
613 2295 864 2364 δακτύλῳ
889 2295 1240 2367 ὲφαψάμενός
1289 2314 1373 2362 τις
1423 2297 1661 2368 μέλιτος.
1721 2297 1861 2351 Ἀλλ’

283 2388 437 2457 ὅμως
473 2390 506 2459 ή
539 2389 769 2460 βραχεῖα
795 2387 988 2458 γεῦσις
1017 2389 1251 2460 δήλωσιν
1276 2389 1576 2461 παρίστησι
1601 2389 1706 2460 τῆς
1731 2388 1862 2461 ὅλης

283 2479 643 2550 γλυκύτητος,
669 2480 847 2543 ἄλλως
870 2498 930 2535 τε
959 2482 1056 2534 καὶ
1085 2480 1236 2556 παρὰ
1271 2481 1382 2534 τῶν
1419 2480 1618 2553 μᾶλλον
1661 2497 1860 2534 πεπει-

284 2573 543 2641 ραμένων
592 2572 746 2642 ὑμῶν
781 2574 881 2643 τῆς
927 2573 1132 2644 ἀρετῆς
1196 2573 1443 2644 ἀδελφῶν
1501 2573 1858 2644 ἐκδιδαχθείς,

284 2663 565 2732 ἀρκοῦσαν
607 2665 716 2736 ἔχω
746 2664 846 2737 τὴν
895 2667 1027 2737 περὶ⁹
1077 2667 1250 2736 αὐτῆς
1297 2667 1502 2736 γνῶσιν
1551 2669 1610 2722 ὲν
1645 2669 1858 2740 Κυρίῳ.

298 2753 516 2826 Ἐκείνη
537 2755 756 2810 ἀπὸτοῦ
780 2756 1024 2811 τοιούτου
1059 2757 1176 2828 βίου
1223 2759 1365 2832 ήχθη
1390 2763 1470 2825 είς
1520 2761 1641 2814 τόδε
1669 2760 1730 2814 τὸ
1760 2779 1862 2814 πο-

282 2845 538 2918 λίτευμα.
569 2851 661 2902 Δεῖ
687 2848 798 2922 γάρ
831 2867 898 2920 με
933 2850 1143 2904 ἄνωθεν
1171 2851 1482 2921 ὑπολαϐεῖν,
1533 2855 1630 2909 καὶ
1662 2854 1861 2926 μικρόν

279 2955 341 2992 τι
371 2941 708 3012 ἐνδιατρίψαι
736 2942 816 3013 τῷ
834 2943 978 3014 λόγῳ
1013 2945 1363 3016 παρηγορίας
1393 2947 1576 3018 χάριν.

361 3117 523 3188 Ἔχει
548 3118 740 3184 οὕτως.
771 3121 892 3176 Τῶν
923 3122 1017 3192 ἀφ’
1065 3122 1222 3194 ἡλίου
1266 3122 1546 3178 ἀνατολῶν
1577 3125 1639 3178 τὸ
1678 3124 1858 3193 γένος,

281 3209 384 3261 καὶ
412 3210 554 3264 κατὰ
581 3211 764 3277 τόπον,
795 3212 893 3266 καὶ
915 3215 1058 3269 κατὰ
1081 3215 1288 3284 τρόπον
1318 3231 1332 3246 ⁸
1369 3215 1530 3287 εἴπερ
1567 3216 1601 3286 ή
1659 3216 1858 3287 Ἀρμε-

282 3303 396 3366 νία,
428 3301 552 3356 ὅθεν
573 3305 669 3357 καὶ
703 3306 737 3375 ή
758 3307 858 3376 ἀρε
871 3307 952 3378 ιή.
982 3308 1044 3361 El
1066 3308 1124 3361 δὲ
1156 3309 1252 3362 καί
1271 3308 1334 3362 τὸ
1365 3303 1507 3380 αἷμα
1529 3309 1612 3363 δεῖ
1631 3308 1816 3379 ζητεῖν
1841 3326 1857 3342 ο

283 3394 351 3446 ὲκ
372 3391 652 3464 βασιλικοῦ
689 3397 975 3470 κράματος
1011 3401 1342 3472 στρατηγίαι
1371 3402 1466 3455 καὶ
1486 3402 1858 3472 δημαγωγίαι,

238 3523 244 3527 -
286 3486 388 3538 καὶ
409 3488 468 3540 ὲν
505 3488 768 3561 Ἀρμενίᾳ
801 3492 897 3548 καὶ
913 3493 1242 3564 ὲν,Γραικίᾳ,
1257 3495 1353 3548 τοῦ
1377 3496 1648 3566 ὁμοζύγου
1682 3495 1859 3567 λέγω·

287 3580 418 3633 ἐπεὶ
463 3585 558 3636 καὶ
603 3584 700 3655 τὴν
745 3585 970 3656 πρώτην
1021 3587 1353 3657 στρατηγίδα
1407 3583 1552 3642 εἷλεν
1603 3591 1859 3658 ἐνταῦθα,

285 3673 478 3744 ὥσπερ
510 3677 606 3729 καὶ
641 3677 743 3748 τὴν
773 3680 1194 3750 πατρικιότητα,
1223 3681 1252 3732 6
1291 3681 1452 3752 ἀνήρ.
1492 3679 1568 3739 Οῦ
1611 3684 1863 3756 ἀπορρα-

287 3769 454 3834 γεῖσα
477 3769 565 3822 διὰ
595 3769 851 3838 θανάτου,
879 3771 979 3824 οὐκ
1029 3771 1262 3843 ἧνεγκεν
1314 3772 1452 3840 ἄζυξ
1490 3775 1693 3846 μένειν,
1743 3775 1860 3830 ἀλλ’

289 3860 383 3929 ἔχε
393 3877 440 3914 ιν
471 3863 761 3933 μνηστῆρα
779 3881 794 3897 ·
819 3863 939 3917 τίνα
959 3863 1097 3934 ipa;
1130 3866 1190 3918 οὐ
1206 3865 1356 3920 τόνδε
1385 3869 1479 3923 καὶ
1495 3867 1650 3922 τόνδε
1665 3868 1862 3940 ἄρχον-

287 3951 416 4024 ταῆ
449 3951 692 4024 βασιλέα,
729 3957 806 4021 ὡς
831 3959 866 4026 ἡ
921 3959 1030 4012 τῶν
1059 3957 1272 4014 πολλῶν
1323 3959 1531 4031 ἔφεσις,
1575 3965 1739 4036 σαρκὶ
1769 3963 1866 4020 καὶ

287 4045 488 4115 αἵματι
515 4049 932 4120 προσκειμένων
951 4065 964 4078 ·
999 4049 1138 4104 ἀλλὰ
1161 4051 1253 4107 τὸν
1285 4053 1446 4122 μόνον
1473 4053 1676 4125 ὡραῖον
1723 4072 1865 4126 νυμ-

1960 1924 2126 1980 vitam
2183 1925 2618 1982 indissolubilem
2663 1937 2719 1985 et
2768 1929 3173 1985 immortalem?
3226 1933 3368 2000 0,0,
3417 1934 3542 2003 qui-

1960 2013 2194 2070 busnam
2252 2015 2438 2072 verbis
2485 2019 2714 2088 exsequi
2767 2019 2914 2073 illam
2972 2021 3201 2089 possim,
3263 2037 3385 2092 qua
3442 2036 3541 2077 cor

1962 2123 2144 2163 meum
2197 2107 2498 2162 sollicitum
2527 2109 2712 2175 habet,
2749 2110 3157 2166 laudationem!
3221 2111 3288 2168 Et
3315 2113 3538 2183 quidem

1961 2199 2140 2255 serius
2169 2214 2271 2270 ego
2309 2199 2614 2262 dominam.
2645 2210 2701 2256 et
2726 2201 2957 2258 virtutes
3021 2214 3236 2260 vestras
3283 2205 3536 2275 cognovi,

1960 2303 2065 2344 nec
2093 2289 2444 2359 experientiae
2474 2291 2598 2360 plus
2641 2291 2838 2357 habeo,
2871 2309 3034 2364 quam
3081 2297 3174 2365 qui
3203 2310 3423 2350 summo
3454 2296 3540 2349 di-

1961 2381 2075 2452 gito
2106 2382 2213 2436 mel
2241 2381 2440 2453 attigit.
2480 2385 2733 2438 Attamen
2793 2385 2976 2441 tenuis
3025 2387 3336 2457 degustalio
3370 2387 3538 2442 totius

1961 2473 2268 2529 dulcedinis
2305 2475 2582 2544 specimen
2623 2477 2886 2533 exhibet:
2937 2479 3243 2548 prtesertim
3291 2494 3415 2535 cum
3471 2479 3540 2534 ab

1963 2566 2033 2622 iis
2057 2567 2374 2632 sororibus,
2407 2569 2610 2638 quibus
2645 2571 2819 2626 virtus
2851 2572 3237 2643 vestramagis
3257 2585 3540 2644 perspecta

1961 2668 2096 2724 erat,
2131 2661 2381 2726 edoctus,
2420 2661 2781 2718 sufﬁcientem
2813 2665 2880 2720 de
2905 2681 2968 2720 ea
3015 2667 3268 2721 notitiam
3302 2666 3532 2721 habeam

1961 2751 2018 2806 in
2039 2749 2291 2807 Domino.
2319 2753 2724 2822 Vittelconditio
2745 2769 2782 2810 ο
2810 2772 2920 2826 qua
2942 2758 3160 2814 transiit
3190 2759 3282 2814 illa
3305 2761 3371 2813 ad
3394 2759 3540 2813 istud

1962 2843 2298 2909 institutum,
2327 2843 2433 2900 fuit
2466 2845 2808 2917 huiusmodi.
2843 2847 3067 2918 Oportet
3111 2850 3258 2905 enim
3299 2867 3386 2905 me
3423 2867 3538 2906 rem

1961 2935 2128 2993 altius
2178 2945 2445 3006 repetere,
2481 2949 2537 2995 et
2581 2940 2984 2998 consolationis
3029 2943 3207 3011 gratia
3259 2943 3541 3014 paulisper

1962 3027 2198 3084 dicendo
2225 3029 2532 3085 immorari.

2037 3121 2130 3176 Sic
2161 3129 2344 3176 autem
2375 3137 2436 3178 se
2465 3139 2553 3179 res
2595 3121 2778 3180 habet.
2838 3124 3026 3182 Genus
3073 3125 3222 3182 illius
3251 3141 3316 3182 ex
3343 3124 3539 3182 Orien-

1965 3210 2193 3278 talibus,
2223 3220 2278 3267 et
2305 3213 2485 3282 quoad
2510 3213 2714 3282 locum,
2735 3225 2793 3270 et
2813 3217 2994 3285 quoad
3027 3217 3272 3272 indolem
3304 3240 3316 3273 :
3346 3234 3410 3271 ex
3435 3220 3542 3271 Ar-

1962 3303 2142 3359 menia
2172 3303 2404 3372 scilicet,
2433 3305 2578 3359 unde
2605 3314 2660 3359 et
2708 3305 2906 3362 virtus.
2944 3306 3101 3374 Quod
3139 3308 3186 3364 si
3237 3309 3401 3363 etiam
3441 3309 3541 3362 ha-

1961 3393 2138 3450 benda
2166 3395 2310 3451 ratio
2351 3397 2659 3468 sanguinis,
2703 3397 2852 3454 hunc
2889 3415 3015 3455 cum
3051 3401 3274 3472 regibus
3309 3401 3543 3457 commi-

1963 3495 2109 3542 stum
2135 3485 2348 3542 habuit.
2386 3487 2674 3544 Accedunt
2701 3490 2968 3546 militares
2987 3506 3052 3548 ac
3094 3493 3308 3556 civiles,
3343 3501 3458 3546 tum
3487 3491 3542 3545 in

1963 3578 2249 3643 Armenia,
2305 3589 2418 3634 tum
2478 3581 2532 3636 in
2603 3583 2811 3638 Graecia
2868 3583 3228 3651 praefecturae,
3291 3585 3543 3654 conjugis

1962 3666 2128 3734 dico;
2181 3670 2454 3740 siquidem
2492 3671 2814 3742 primariam
2849 3673 2905 3728 in
2931 3675 3177 3729 exercitu
3221 3675 3542 3745 dignitatem

1964 3762 2278 3832 pariterque
2309 3763 2662 3833 patriciatum
2692 3766 2925 3836 adeptus
2955 3774 3042 3821 est
3076 3766 3160 3821 vir
3205 3767 3316 3822 ille.
3347 3769 3393 3821 A
3432 3785 3545 3838 quo

1964 3869 2061 3924 per
2087 3863 2318 3910 mortem
2345 3855 2580 3922 divulsa,
2605 3857 2895 3927 innuptam
2920 3873 3141 3913 manere
3168 3874 3228 3914 se
3258 3875 3368 3914 non
3395 3860 3544 3926 tulit,

1966 3947 2060 4002 sed
2091 3962 2353 4018 sponsum
2401 3948 2614 4016 habuit,
2677 3965 2973 4020 quemnam
3009 3950 3188 4006 vero?
3227 3967 3336 4006 non
3397 3953 3547 4006 hunc

1964 4039 2050 4094 vel
2106 4039 2260 4095 illum
2309 4041 2613 4113 principem
2671 4053 2767 4098 aut
2821 4058 3030 4116 regem,
3090 4044 3238 4114 quod
3291 4045 3547 4101 ambiunt

4047 4 4049 142 ι

289 4138 438 4205 φίον,
470 4137 561 4192 τὸν
582 4140 821 4210 ἄρχοντα
845 4141 945 4211 τῆς
975 4143 1220 4214 εἰρήνης.
1240 4143 1332 4196 Διὸ
1360 4145 1456 4198 καὶ
1491 4147 1861 4218 είρηνώνυμος

1967 4134 2174 4198 multae,
2205 4135 2360 4189 carni
2401 4143 2457 4190 et
2491 4135 2752 4206 sanguini
2810 4137 3043 4193 addictte
3075 4155 3090 4206 ;
3143 4138 3238 4192 sed
3293 4153 3416 4192 eum
3449 4139 3544 4209 qui

284 4230 323 4299 ἡ
347 4228 560 4301 νύμφη,
582 4231 673 4284 τὸν
710 4233 818 4286 τῶν
853 4233 989 4288 ὅλων
1011 4233 1236 4303 βασιλέα
1254 4237 1509 4307 Χριστὸν,
1540 4238 1634 4292 τὸν
1661 4238 1861 4312 Κύριον

1967 4227 2121 4283 solus
2146 4237 2232 4283 est
2265 4242 2504 4298 sponsus
2532 4228 2840 4299 speciosus,
2894 4231 3152 4301 princeps
3179 4233 3352 4301 pacis.
3387 4228 3547 4287 Unde

284 4322 393 4391 τῆς
415 4322 592 4392 δόξης,
622 4324 718 4378 καὶ
745 4323 937 4380 τοῦτον
963 4327 1052 4381 διὰ
1073 4326 1166 4382 τοῦ
1191 4329 1480 4400 μοναδικοῦ
1512 4331 1861 4403 ἐπαγγέλμα-

1967 4328 2024 4375 et
2055 4320 2209 4390 pacis
2231 4335 2429 4375 nomen
2463 4321 2670 4376 habens
2692 4335 2917 4392 sponsa,
2950 4321 3337 4382 universorum
3363 4337 3544 4392 regem

284 4429 386 4476 τος
419 4416 894 4488 μνηστευσαμένη.
943 4418 1060 4489 Ἐφ’
1096 4412 1140 4487 ᾧ
1189 4420 1336 4484 ὅπως
1365 4421 1656 4492 ἠρίστευσε
1698 4424 1861 4496 πράτ-

1970 4413 2252 4470 Christum
2317 4412 2507 4485 gloria:
2559 4413 2877 4480 Dominum,
2911 4413 3014 4469 sibi
3045 4429 3140 4485 per
3177 4413 3545 4470 monasticam

285 4521 462 4558 τουσα
477 4505 547 4559 τὰ
569 4507 662 4560 τοῦ
691 4507 947 4577 ἐραστοῦ,
980 4510 1389 4584 προδεδήλωκεν
1415 4514 1444 4567 6
1480 4513 1639 4583 λόγος
1687 4513 1763 4579 ὡς
1806 4517 1861 4569 ὲν

1970 4504 2368 4577 professionem
2391 4521 2659 4576 sponsum
2687 4506 2902 4562 ascivit.
2937 4504 2995 4560 lu
3015 4520 3125 4576 quo
3139 4505 3356 4577 quidem
3379 4520 3545 4576 quam

290 4595 658 4669 σκιαγραφίᾳ.
724 4598 942 4670 Ταύτης
983 4601 1016 4672 ή
1068 4601 1456 4672 ἀστράπτουσα
1498 4607 1799 4678 προσευχὴ,
1833 4608 1868 4680 ἡ

286 4687 592 4755 ’κατάνυξις
624 4707 638 4721 ·
689 4693 724 4764 ἡ
753 4691 866 4746 τῶν
904 4693 1162 4765 δακρύων
1207 4696 1386 4768 χύσις,
1437 4699 1470 4767 ὴ
1526 4699 1869 4766 ἀκατάλαλος

285 4779 591 4854 γλῶττα,ή
636 4783 1091 4858 ἀπαρρησίαστος
1141 4786 1273 4854 ἕξις,
1332 4791 1366 4862 ἡ
1415 4792 1868 4863 Χριστομίμητος

285 4877 796 4948 ταπεινοφροσύνη,
848 4880 882 4950 ή
933 4879 1244 4949 φιλέντολος
1296 4883 1466 4949 δεξιὰ,
1500 4886 1534 4954 ἡ
1605 4884 1869 4957 θεηγόρος

223 4973 226 4978 ’
285 4969 528 5035 διάνοια,
563 4971 892 5043 ήκαιομὲνη
931 4972 1008 5046 τῷ
1041 4973 1147 5044 τῆς
1201 4974 1422 5046 ἀγάπης
1451 4977 1690 5050 Χριστοῦ
1735 4979 1870 5052 πυρὶ

288 5061 514 5133 καρδία,
551 5063 645 5116 καὶ
679 5063 831 5128 τέλος
857 5067 890 5136 ἡ
919 5065 1200 5136 ὀρθόδοξος
1225 5067 1472 5140 λατρεία,
1500 5071 1596 5124 καὶ
1617 5071 1677 5124 τὸ
1698 5088 1872 5140 πεφυ-

287 5153 570 5222 λαγμένον
597 5155 696 5226 τῆς
722 5156 1004 5228 αἱρετικῆς
1032 5159 1318 5224 κοινωνίας
1341 5160 1484 5230 μετὰ
1507 5162 1868 5218 ἀνυποστόλου

290 5248 631 5318 παρρησίας.
667 5248 776 5302 Καὶ
812 5249 996 5320 Θαῦμα
1024 5250 1140 5316 πῶς
1184 5252 1242 5305 ὲν
1300 5253 1380 5322 τῷ
1421 5255 1869 5324 παριππεύσαντι

288 5338 543 5410 διωγμῷ,
579 5341 639 5393 ού
683 5341 844 5410 μόνον
874 5342 1092 5414 ἑαυτὴν,
1117 5343 1252 5397 ἀλλὰ
1287 5347 1382 5398 καὶ
1403 5345 1486 5412 σὲ,
1530 5341 1720 5418 κυρία,
1772 5349 1870 5402 καὶ

286 5431 428 5502 ὅλην
468 5448 563 5486 σου
603 5433 703 5506 τήν
747 5435 910 5503 ἁγίαν
953 5437 1222 5503 συνοδίαν,
1280 5438 1581 5510 ἁμέθεκτον
1621 5443 1720 5496 σὺν
1751 5441 1870 5512 Θεῷ

287 5524 506 5595 ταύτης
551 5525 910 5597 διεφυλάξατο
953 5545 970 5560 ο
1024 5529 1194 5600 καλὴν
1268 5532 1535 5602 κορωνίδα
1585 5533 1664 5603 τῷ
1725 5534 1868 5588 τέλει

294 5616 824 5688 ἑπισφραγισαμένη
845 5634 861 5648 ·
895 5619 960 5672 ὲκ
1004 5619 1114 5672 τῶν
1151 5619 1448 5691 ὀρθοδόξων
1491 5622 1686 5691 πηγῶν
1713 5640 1872 5694 μετα-

293 5704 508 5776 σχοῦσα
525 5707 633 5762 τῶν
668 5708 1049 5779 ἁγιασμάτων,
1079 5710 1374 5765 κάντεῦθεν
1416 5711 1701 5784 ἀπάρασα,
1751 5731 1870 5783 χαι-

299 5795 554 5869 ρομένως
581 5815 594 5832 ·
617 5799 752 5870 ὅπερ
789 5801 1014 5872 σημεῖον
1067 5801 1319 5874 μέγιστον
1361 5804 1460 5877 τῆς
1488 5796 1565 5859 ὧν
1611 5805 1866 5860 ὲπεπόθει

1970 4598 2231 4669 praeclare
2261 4598 2458 4668 egerit,
2489 4614 2611 4669 quae
2632 4598 2816 4654 dilecti
2852 4607 2982 4654 sunt
3017 4613 3345 4669 exsequens,
3381 4613 3550 4670 supe-

1971 4689 2087 4744 rior
2113 4704 2295 4746 sermo
2320 4689 2644 4746 adumbrata
2666 4691 2904 4760 quadam
2925 4691 3297 4761 descriptione
3326 4691 3550 4746 demon-

1971 4786 2187 4841 stravit.
2217 4783 2393 4855 Hujus
2424 4785 2604 4839 oratio
2627 4783 2862 4855 l'ulguris
2886 4785 3061 4840 instar
3089 4785 3358 4849 emicans,
3397 4799 3549 4841 com-

1969 4878 2222 4950 punctio,
2252 4877 2618 4947 lacrymarum
2668 4876 2883 4943 etl‘usio,
2915 4877 3050 4932 nulli
3097 4877 3414 4932 obtrectans
3443 4876 3549 4930 lin-

1971 4988 2098 5044 gua,
2139 4971 2432 5027 verecundi
2458 4986 2659 5037 mores,
2680 4971 2960 5027 Christum
2993 4972 3216 5028 imitans
3242 4971 3545 5036 humilitas,

1969 5065 2352 5120 mandatorum
2376 5079 2570 5120 amans
2599 5064 2847 5131 dextera,
2874 5081 3028 5120 meus
3058 5065 3243 5121 divina
3275 5073 3544 5130 tractans,

1971 5175 2066 5215 cor
2095 5160 2289 5214 ardens
2319 5159 2443 5229 igne
2479 5156 2764 5213 charitatis
2790 5156 2993 5212 Christi
3016 5197 3030 5218 ,
3072 5155 3310 5226 denique
3357 5154 3548 5209 ortho-

1971 5253 2144 5307 doxus
2172 5251 2372 5315 cultus,
2406 5261 2460 5304 et
2490 5259 2648 5304 cauta
2681 5248 2950 5304 luereticte
2981 5247 3389 5304 communionis
3415 5261 3543 5300 cum

1972 5339 2241 5408 intrepida
2299 5338 2548 5393 libertate
2573 5337 2862 5393 devitatio.
2894 5339 2970 5393 Ac
3012 5339 3214 5393 mirum
3247 5352 3381 5392 sane
3432 5350 3544 5405 quo

1970 5439 2130 5504 pacto
2178 5447 2288 5486 non
2320 5431 2554 5500 seipsam
2614 5431 2796 5497 modo,
2858 5429 2953 5486 sed
2983 5441 3037 5487 et
3091 5440 3162 5495 te,
3203 5429 3445 5494 domina,
3491 5436 3547 5484 et

1971 5533 2216 5580 sanctam
2265 5523 2736 5596 congregationem
2805 5531 2959 5578 tuam
3023 5523 3355 5585 universam,
3409 5521 3541 5576 dum

1971 5627 2316 5687 grassaretur
2351 5617 2678 5687 persecutio,
2735 5617 2883 5672 illius
2935 5626 3215 5687 expertem
3277 5615 3374 5670 Dei
3440 5629 3545 5688 ope

1973 5709 2348 5776 conservarit;
2382 5709 2667 5780 pulchram
2729 5709 2823 5764 lini
2857 5707 3178 5765 coronidem
3228 5706 3539 5778 imponens,

1973 5803 2040 5859 ab
2073 5800 2394 5859 orthodoxis
2435 5800 2685 5860 fontibus
2731 5817 2888 5860 sacra
2946 5801 3306 5874 participans,
3358 5800 3543 5856 animo
