4060 6374
593 321 742 392 1379‘

1775 332 1838 393 s.
1869 329 2266 397 THEODORI
2306 318 2662 414 smmm’,

3707 328 3842 407 1380

589 437 798 496 laetanti
823 437 1094 494 excedens
1115 453 1146 496 e
1172 439 1279 497 vita
1309 449 1324 496 ξ
1361 441 1509 514 quod
1563 441 1829 499 indicium
1861 454 1948 500 est
1987 445 2164 502 maxi-

2273 448 2621 518 ὲπιτεύξεως,
2686 448 2928 522 Χριστοῦ
2976 450 3184 521 τυχεῖν,
3255 451 3355 505 καὶ
3415 447 3559 524 μετὰ
3607 452 3844 526 Χριστοῦ

587 546 768 598 mum,
798 541 1111 603 compotem
1145 531 1344 590 factam
1383 550 1572 592 eorum
1605 549 1728 592 esse
1761 553 1884 608 qua:
1915 539 2170 608 optabat,

587 624 811 685 Christo
839 625 1054 682 scilicet
1099 624 1232 690 frui,
1273 638 1328 682 et
1375 642 1502 684 cum
1549 626 1771 686 Christo
1801 629 1857 684 in
1902 639 2169 688 aeternum

588 731 735 774 esse.
771 714 864 774 Sic
890 717 1059 790 igitur
1088 719 1310 775 vivebat
1349 719 1530 786 beata,
1563 721 1645 778 sic
1674 734 1729 780 et
1765 737 1956 784 sancte
1988 728 2166 786 obiit:

588 818 756 881 atque
786 810 860 865 ita
901 826 1026 867 esse
1081 812 1357 868 credimus
1391 828 1492 869 nos
1528 825 1864 884 peccatores.
1921 819 2080 878 Nunc
2101 822 2170 879 ad

590 912 647 960 te
674 899 1040 960 convertenda
1081 915 1165 960 est
1193 906 1395 961 oratio.
1433 907 1667 966 Domina
1695 927 1840 979 mea,
1885 915 2017 986 quid
2064 917 2169 972 hoc

589 1007 695 1064 est,
725 997 896 1068 quod,
925 997 1030 1054 etsi
1060 998 1258 1054 acerba
1305 1008 1391 1056 est
1420 1003 1718 1071 separatio,
1776 1007 1955 1064 tulisti
1984 1016 2170 1065 tamen

589 1102 717 1144 cum
759 1089 1058 1160 gratiarum
1089 1091 1330 1158 actione,
1359 1101 1418 1149 ut
1455 1095 1808 1167 audivimus;
1870 1101 2170 1158 vehemen-

590 1191 782 1254 terque
812 1193 864 1239 te
903 1183 1273 1250 laudavimus,
1305 1202 1413 1242 non
1449 1187 1686 1258 ejulalus
1723 1207 1752 1247 ο
1783 1193 1992 1250 ratione
2032 1195 2170 1251 alie-

589 1291 692 1332 nos
729 1275 1046 1332 fundentem
1079 1294 1096 1345 ;
1143 1293 1249 1334 non
1301 1281 1415 1350 spei
1449 1297 1653 1340 vacuas
1703 1285 2168 1357 lamentationes;

589 1369 686 1426 sed
710 1378 771 1424 ut
797 1370 1086 1440 pulchrum
1111 1377 1232 1426 erat
1256 1380 1385 1429 etut
1407 1373 1635 1430 decebat
1663 1391 1845 1433 veram
1873 1381 2169 1436 monialem

588 1468 644 1515 et
676 1460 940 1532 optimam
989 1463 1330 1533 magistram,
1361 1466 1616 1537 exemplo
1675 1482 1778 1524 suo
1808 1471 2024 1528 animas
2061 1472 2167 1529 sibi

589 1550 890 1608 aDomino
923 1552 1164 1610 creditas
1217 1553 1631 1622 informantem,
1685 1567 1782 1614 aut
1834 1562 2042 1631 potius,
2109 1570 2171 1618 ut

589 1645 835 1715 apertius
857 1645 1064 1714 dicam,
1095 1647 1419 1702 clarissima:
1459 1649 1609 1703 illius
1640 1659 1694 1706 et
1719 1653 1997 1709 unanima:
2031 1667 2168 1710 con-

590 1739 896 1810 spirantem
949 1740 1116 1796 ﬁliam
1170 1742 1224 1796 in
1285 1742 1538 1811 Domino,
1599 1760 1798 1800 nurum
1857 1746 1912 1802 in
1979 1763 2166 1816 carne,

590 1831 832 1900 aequales
863 1832 917 1885 in
975 1834 1372 1904 gubernatione
1415 1834 1638 1890 virtutis
1671 1837 1684 1890 !
1725 1836 1901 1893 Unam
1929 1839 2075 1894 enim
2112 1841 2168 1895 in

591 1922 811 1978 duobus
833 1925 1160 1994 corporibus
1191 1926 1434 1982 animam
1463 1926 1658 1994 fuisse,
1678 1937 1734 1984 et
1764 1929 2042 1988 laudabile
2061 1941 2168 2001 est,

592 2023 649 2070 et
679 2015 834 2070 vobis
859 2016 1184 2086 gloriowm.

662 2106 782 2163 Non
815 2123 946 2180 ergo
974 2113 1192 2180 penitus
1217 2127 1246 2166 a
1291 2121 1364 2175 te,
1395 2113 1639 2181 domina,
1675 2125 1932 2186 separata
1961 2128 2048 2174 est
2073 2119 2172 2175 do-

595 2199 766 2266 mina,
799 2203 894 2256 sed
928 2202 995 2256 ad
1037 2203 1312 2258 modicum
1344 2213 1578 2276 tempus,
1608 2207 1782 2264 donec
1823 2210 2073 2266 eamdem
2113 2219 2171 2268 et

595 2305 700 2347 nos
733 2292 876 2346 viam
930 2293 1274 2351 insistamus.
1309 2295 1683 2369 Praeterquam
1737 2301 1883 2370 quod
1916 2305 2172 2374 spiritua-

596 2384 722 2440 liter
760 2401 910 2441 nunc
931 2387 1098 2443 etiam
1127 2389 1300 2456 adest,
1321 2400 1376 2445 et
1406 2405 1503 2446 sua
1536 2393 1630 2448 tibi
1663 2395 1842 2450 studia
1875 2395 2167 2469 impendit:

595 2478 852 2572 quodque
909 2479 1090 2572 majus
1150 2490 1252 2547 est,
1306 2481 1420 2538 Deo
1473 2486 1730 2556 proprior
1765 2488 1925 2556 facta,
1966 2506 2069 2562 pro
2114 2503 2172 2551 te

593 2571 818 2642 tuisque
869 2571 1216 2643 deprecatur.
1245 2574 1402 2641 Quod
1456 2593 1586 2649 ergo
1625 2589 1816 2647 restat,
1863 2599 1932 2640 ne
1986 2586 2170 2642 animo

593 2662 882 2727 concidas,
913 2679 1161 2730 oramus,
1193 2666 1352 2736 quasi
1381 2668 1616 2737 praeside
1640 2683 1858 2736 carens,
1886 2682 1980 2727 aut
2009 2674 2170 2744 quasi

594 2755 712 2810 sola
738 2753 1012 2810 derelicta.
1055 2754 1234 2811 Habes
1260 2756 1432 2826 illam,
1459 2769 1514 2815 et
1543 2761 1767 2830 praeilla
1795 2760 1969 2818 Deum
2004 2765 2168 2836 cujus

595 2857 726 2903 sunt
766 2849 990 2916 omnia;
1030 2849 1124 2905 sed
1178 2858 1234 2905 et
1264 2866 1364 2908 nos
1419 2861 1753 2922 peccatores,
1785 2855 1928 2911 sicut
1972 2857 2065 2912 illa
2116 2866 2172 2913 et

593 2947 721 2993 ante
753 2948 1006 3006 mortem,
1041 2949 1098 2997 et
1141 2939 1195 2996 in
1228 2953 1404 3000 morte
1454 2945 1572 3015 ipsa
1608 2947 1928 3015 postulavit,
1977 2948 2167 3018 habes,

2271 543 2496 598 ἔσεσθαι
2519 541 2718 596 sicut.
2773 541 2964 606 Οὕτως
3009 537 3106 596 οὖν
3149 540 3285 597 ἐσίω
3328 543 3364 615 ἡ
3421 545 3693 615 μακαρία,
3751 551 3847 602 καὶ

2269 634 2444 699 οὕτως
2473 633 2646 702 ἁγίως
2673 631 2854 706 ἀπῆρε
2886 647 2900 663 ⁸
2923 632 3021 686 καὶ⁵
3045 631 3224 697 οὕτως
3259 633 3592 706 πιστεύομεν
3619 635 3766 706 ἔχειν
3795 638 3846 690 οί

2272 723 2608 798 ἁμαρτωλοί.
2634 723 2840 780 Λοιπὺν
2863 725 2960 779 ἐπὶ
2992 723 3053 779 σέ
3071 724 3278 796 ὀλόγος
3337 729 3714 799 μετενεκτέος.
3749 731 3848 783 Δέο

2273 818 2473 874 σποινά
2503 836 2628 890 μου,
2659 817 2711 873 τί
2737 816 2928 885 caiisa;
2945 817 3036 874 ἵνα
3059 819 3110 872 εί
3130 817 3227 873 καὶ
3251 819 3451 892 δριμὺς
3487 822 3518 876 ὀ
3543 821 3844 894 χωρισμδς,

2270 912 2386 967 ἀλλ’
2415 913 2566 985 ὅμως
2594 911 2828 985 ἐνέγκῃς
2864 911 3230 983 εὐχαρίστως,
3265 913 3410 968 καθὰ
3439 915 3539 970 καὶ
3598 905 3878 987 ἀκηκόει-Ι

2273 1021 2397 1076 μεν,
2426 1002 2522 1058 καὶ
2569 1002 2922 1078 ἐπῃνέσαμέν
2950 1020 3012 1056 σε
3041 1005 3183 1059 πάνυ
3211 1015 3226 1035 ⁸
3263 1001 3340 1077 μῆ
3373 1006 3718 1079 προϊεμένην
3735 1025 3848 1060 κω-

2271 1095 2468 1159 κυτοίδς
2516 1093 2772 1165 ἀλόγους,
2813 1095 2908 1149 καὶ
2969 1094 3206 1167 θρήνους
3261 1096 3624 1162 ἀνελπίστους
3653 1113 3670 1128 ⁸
3713 1099 3850 1154 ἀλλὰ

2269 1187 2518 1253 δεόντως,
2552 1186 2649 1242 καὶ
2697 1187 2774 1251 ώς
2794 1185 3012 1258 ἀληθῶς
3073 1187 3437 1261 μοναζούσης,
3487 1191 3586 1244 καὶ
3617 1191 3849 1262 ἀρίστης

2269 1277 2615 1344 διδασκάλου,
2647 1276 3038 1352 ὑποτυπούσης
3083 1280 3162 1352 τῷ
3213 1281 3336 1334 καθ’
3397 1282 3604 1354 ἑαυτὴν
3639 1284 3852 1339 ὑποδείέ

2269 1388 2443 1442 γματι
2461 1371 2563 1436 τὰς
2591 1371 2980 1436 πιστευθείσας
3007 1389 3093 1426 σοι
3119 1373 3299 1445 ψυχὰς
3327 1375 3435 1428 ὑπὸ
3454 1377 3689 1450 Κυρίου·
3712 1379 3850 1448 μᾶλ-

2269 1462 2361 1517 λον
2391 1463 2471 1530 δὲ,
2525 1464 2612 1519 ἴνα
2659 1461 3085 1535 γνωριμώτερον
3125 1466 3286 1532 εῐπω,
3341 1466 3420 1530 ὡς
3472 1467 3697 1540 ἐκείνης
3752 1469 3850 1540 τῆς

2269 1555 2514 1626 ἀοιδίμου
2568 1555 2846 1628 ὁμοψύχου
2893 1556 3280 1628 ὁμογνώμονας
3323 1556 3599 1630 θυγατρὸς
3637 1561 3701 1614 ἐν
3737 1563 3849 1615 Ku-

2272 1649 2398 1720 ρίῳ,
2453 1647 2674 1720 νύμφης
2702 1649 2762 1702 ἐν
2791 1648 2978 1720 σαρκὶ,
3037 1647 3290 1720 ίσαρέτου
3327 1650 3388 1705 ἐν
3418 1651 3696 1724 πολιτείᾳ.
3743 1655 3852 1708 Καὶ

2269 1742 2380 1814 γὰρ
2417 1743 2516 1814 μία
2543 1742 2692 1814 ψυχὴ
2739 1743 2796 1796 ἐν
2825 1741 2946 1796 δυσὶ
2993 1740 3212 1814 σώμασι
3265 1741 3328 1796 τὺ
3375 1743 3500 1798 καθ’
3540 1747 3715 1817 ὑμᾶς,
3757 1747 3851 1802 καὶ

2270 1835 2483 1890 αἱνετὸν
2501 1835 2595 1891 καὶ
2620 1835 3041 1908 δεδοξασμένον.

2345 2103 2419 2157 Ού
2446 2102 2624 2156 τοίνυν
2647 2103 2725 2166 είς
2744 2103 2892 2158 ἅπαν
2912 2103 3188 2176 ἐχωρίσθη
3233 2119 3355 2170 σου,
3385 2101 3583 2173 κυρία,
3634 2103 3805 2173 κυρία
3833 2121 3846 2136 ·

2268 2196 2409 2250 ἀλλὰ
2430 2197 2566 2269 πρὸς
2585 2197 2804 2269 μικρὸν,
2825 2197 2930 2262 ἕως
2959 2198 3027 2252 ἂν
3051 2199 3149 2252 καί
3173 2198 3338 2268 ἡμεῖς
3365 2198 3469 2267 τὴν
3497 2196 3676 2267 αὐτὴν
3705 2196 3854 2250 ὁδεύ-

2272 2304 2458 2358 σωμεν
2489 2287 2644 2342 ὁδόν⁸
2693 2287 2833 2360 πλὴν
2882 2289 2966 2342 ὃτι
3011 2291 3109 2344 καὶ
3155 2289 3547 2361 πνευματικῶς
3599 2291 3700 2345 καὶ
3730 2291 3856 2363 ἄρτι

2269 2381 2501 2452 πάρεστι
2526 2381 2622 2434 κα)⁸
2648 2380 2922 2452 συμφέρει
2954 2397 3037 2436 σοι
3073 2382 3146 2436 τὰ
3179 2381 3578 2451 σπουδάσματα
3600 2398 3617 2414 ⁸
3649 2383 3756 2437 καὶ
3795 2383 3858 2436 τδ

2273 2470 2484 2544 μεῖζον,
2517 2471 2714 2526 ὃτικο.)⁵
2745 2472 3027 2543 ἐγγυτέρω
3064 2471 3334 2545 γενομένη
3374 2473 3538 2540 Θεοῦ,
3573 2472 3858 2528 ἀντιϐολεῖ

2267 2565 2338 2620 τὰ
2367 2566 2498 2639 περὶ
2533 2564 2630 2620 σοῦ
2659 2563 2754 2619 καὶ
2787 2564 2899 2619 τῶν
2923 2567 3034 2619 σῶν
3094 2567 3187 2638 Μὴ
3211 2567 3276 2639 δὴ
3303 2562 3403 2622 οὖν
3439 2567 3633 2622 λοιπὸν
3685 2579 3858 2624 καταέ

2269 2657 2479 2723 πέσοις,
2510 2655 2964 2730 παρακαλοῦμεν,
2989 2655 3066 2721 ώς
3084 2658 3552 2730 ἀπροστάτευτος,
3589 2660 3733 2731 μηδὲ

2273 2749 2662 2822 μεμονωμένη.
2703 2748 2892 2822 ΙἘχεις
2914 2749 3088 2822 αὐτὴν
3117 2751 3211 2804 καὶ
3236 2750 3344 2822 πρὸ
3370 2750 3546 2822 αὐτῆς
3581 2752 3680 2806 τὸν
3699 2751 3856 2814 Θεὸν,

2269 2832 2333 2894 οὗ
2357 2838 2428 2894 τὰ
2453 2839 2632 2894 πάντα
2653 2855 2667 2870 ⁸
2695 2841 2747 2894 εί
2771 2841 2828 2894 δὲ
2843 2842 3118 2913 καὶρήμᾶς
3143 2843 3268 2908 τοὺς
3291 2842 3684 2914 ἁμαρτωλοὺς,
3713 2843 3860 2897 κατά

2267 2931 2369 3004 τὴν
2411 2931 2630 3004 ἐκείνης
2669 2933 2767 2987 καὶ
2793 2934 2903 3004 πρὸ
2948 2935 3211 3000 θανάτου,
3245 2935 3344 2990 καὶ
3371 2937 3429 2990 ἐν
3459 2936 3540 3006 τῷ
3583 2937 3857 2990 ἀποπνεῖν

593 3030 640 3086 si
669 3029 798 3101 quid
832 3032 1093 3101 prodesse
1115 3043 1282 3104 queat
1310 3033 1476 3090 homo
1509 3049 1782 3106 peccator.
1828 3035 1954 3093 Haec
1978 3047 2169 3095 nostra

2273 3027 2509 3099 αἴτησιν,
2550 3027 2696 3099 ἔχεις
2717 3044 2734 3061 ⁸
2757 3026 2918 3100 εῐπερ
2940 3046 2993 3082 τι
3040 3030 3134 3085 καὶ
3165 3030 3465 3084 λυσιτελεῖν
3494 3029 3720 3084 δύναιτο
3761 3029 3858 3083 av.-

592 3130 681 3176 est
741 3119 988 3178 funebris
1017 3122 1299 3179 allocutio.
1326 3122 1408 3180 T-u
1463 3133 1614 3192 v’ero,
1651 3141 1685 3182 ο
1741 3127 1899 3182 beata
1935 3129 2164 3197 anima;

2273 3119 2492 3193 θρωπος
2525 3119 2876 3192 ἁμαρτωλός.
2903 3120 3054 3194 Αὕτη
3094 3122 3255 3194 ήμῶν
3357 3122 3650 3192 ἐπιτάφιος
3682 3130 3860 3193 προσέ

593 3211 664 3267 ad
684 3213 824 3267 hanc
845 3211 995 3267 enim
1019 3215 1198 3268 oratio
1221 3215 1620 3282 convertenda;
1643 3231 1712 3270 ne
1737 3231 1768 3271 a
1794 3217 1953 3272 nobis
1970 3233 2164 3286 poscas

2273 3215 2538 3285 φώνησις.
2585 3214 2660 3268 Σὺ
2684 3213 2765 3280 δὲ,
2795 3208 2841 3268 ὦ
2871 3215 3123 3286 μακαρία
3150 3213 3299 3286 ψυχὴ
3335 3213 3496 3284 (πρὸς
3525 3213 3702 3283 αὐτὴν
3725 3211 3862 3286 (γὰρ

594 3313 657 3359 ut
685 3305 830 3361 Deus
864 3305 960 3361 tibi
1007 3321 1104 3377 per
1156 3323 1260 3363 nos
1293 3307 1367 3362 sit
1404 3307 1676 3378 pr0pitius
1724 3327 1740 3363 :
1775 3310 1871 3365 sed
1911 3319 1970 3364 tu
2011 3311 2165 3367 illum

2274 3305 2713 3378 ἐπιστρεπτέον),
2747 3305 2823 3376 μὴ
2867 3305 3007 3377 πρὸς
3049 3305 3212 3376 ἡμῶν
3257 3303 3414 3360 αίτοῦ
3469 3305 3566 3358 τὸν
3601 3302 3740 3357 Θεόν
3778 3303 3860 3355 σοι

594 3399 756 3454 nobis
788 3399 1018 3455 concilia
1043 3399 1529 3470 deprecationibus
1557 3418 1571 3455 :
1608 3402 1710 3457 hoc
1739 3403 1885 3458 enim
1923 3412 1975 3459 te
2004 3419 2167 3474 posse

2278 3399 2408 3453 ἲλεω
2436 3397 2713 3468 γενέσθαι.
2771 3397 2910 3454 Ἀλλ’
2960 3398 3103 3470 αὑτὴ
3133 3397 3296 3452 αὐτὸν
3345 3397 3482 3468 ἡμῖν
3515 3393 3865 3461 κατάλλαξον

593 3491 925 3548 conﬁdimus
958 3508 973 3545 :
1006 3506 1182 3562 neque
1223 3502 1283 3546 ut
1312 3491 1593 3564 adjutores
1627 3509 1728 3551 nos
1764 3495 1960 3552 habeat
1988 3496 2170 3552 domi-

2281 3494 2403 3556 ταῖς
2426 3485 2750 3562 πρεσϐείαις
2769 3508 2784 3524 ⁸
2817 3491 3134 3564 θαρροῦμεν
3159 3490 3270 3562 γὰρ
3292 3491 3456 3545 τοῦτο
3505 3489 3719 3562 ίσχύειν
3758 3505 3821 3542 σε
3841 3503 3859 3519 ⁸

595 3598 688 3649 na,
716 3597 895 3646 soror,
947 3591 1141 3647 mater,
1193 3581 1303 3638 ﬁlia
1335 3591 1468 3651 tua;
1501 3584 1594 3640 sed
1647 3584 1875 3656 teipsam
1917 3586 2173 3658 impende

597 3685 651 3731 et
679 3675 759 3730 illi
793 3687 846 3731 et
881 3677 1040 3732 nobis
1069 3683 1123 3730 et
1159 3675 1403 3732 universi
1448 3677 1596 3749 gregi
1646 3687 1765 3743 tuo,
1822 3678 1881 3733 in
1913 3676 2169 3748 Domino,

595 3771 684 3827 cui
717 3771 891 3844 gloria
925 3772 979 3827 in
1003 3771 1224 3826 saecula.
1262 3771 1462 3826 Amen.

970 3973 1156 4031 CXIV.
1188 4006 1260 4016 —
1294 3974 1517 4030 Iuliano
1545 3977 1802 4032 vestitori.

2282 3585 2419 3657 μηδὲ
2442 3585 2588 3656 ὑμᾶς
2612 3583 2944 3656 ἐπικούρους
2973 3584 3120 3654 ἐχειν
3162 3583 3263 3654 τὴν
3304 3582 3505 3655 κυρίαν
3541 3583 3861 3652 ἀδελφομη-

2275 3677 2566 3743 τρότεκνόν
2593 3693 2710 3730 σου.
2745 3675 2909 3730 Ἀλλὰ
2947 3677 3155 3747 σαυτὴν
3175 3675 3392 3748 πάρεχε
3429 3675 3529 3728 καὶ
3563 3675 3728 3744 αὐτῇ,
3766 3673 3868 3727 καὶ

2275 3769 2432 3841 ἡμῖν,
2451 3769 2547 3822 καὶ
2572 3768 2668 3840 ὅλῃ
2702 3770 2767 3839 τῇ
2791 3767 3000 3842 ποίμνῃ
3035 3773 3130 3820 σου
3156 3768 3216 3821 ἐν
3246 3766 3459 3840 Κυρίῳ·
3492 3759 3540 3837 ᾧ
3561 3768 3598 3837 ἡ
3627 3765 3761 3830 δόξα
3783 3765 3867 3827 είς

2276 3862 2405 3926 τοὺς
2439 3861 2664 3925 αἰῶνας.
2696 3861 2892 3932 Ἀμήν.

2463 3976 2608 4032 ΡΙΔ⁹.
2641 3976 2776 4049 (10).
2795 3997 2864 4016 —'-
2895 3973 3204 4041 Ἰουλιανῷ
3223 3974 3573 4044 βεστήτορι.
3650 3956 3870 4046 [χμςἏῖ

1800 4089 1938 4140 Varia
1963 4103 2153 4141 morum
2175 4090 2469 4141 documenta
2493 4088 2660 4140 tradit.

665 4199 1120 4271 Quandoquidem
1170 4215 1268 4271 per
1301 4198 1523 4255 fratrem
1567 4213 1668 4255 nos
1705 4200 1984 4264 salutasti,
2019 4217 2174 4272 prae-

597 4294 742 4350 clare
770 4293 958 4356 frater,
995 4307 1212 4363 atquum
1267 4291 1398 4347 duxi
1435 4293 1668 4348 salutem
1702 4293 1798 4347 tibi
1830 4309 1927 4364 per
1956 4294 2172 4368 litteras

597 4387 828 4441 reddere
857 4404 872 4440 :
907 4400 970 4440 ea
1011 4381 1068 4440 re
1095 4385 1393 4440 OSIendeus
1419 4385 1644 4440 charam
1667 4385 1803 4441 milii
1833 4402 1956 4442 esse
1987 4388 2173 4442 excel-

599 4479 825 4534 lentiam
863 4483 1054 4544 tuam;
1084 4492 1262 4547 neque
1315 4477 1421 4532 hoc
1461 4477 1663 4541 solum,
1723 4478 1818 4533 sed
1873 4479 2166 4535 sollicitum

599 4586 686 4625 me
709 4585 832 4625 esse
876 4578 936 4624 ut
967 4569 1155 4625 Salvius
1181 4567 1384 4623 evadas
1417 4583 1454 4622 οι
1479 4568 1684 4622 diaboli
1720 4569 2119 4626 tentationibus
2149 4588 2164 4638 ;

2362 4199 2583 4273 Ἐπειδὴ
2627 4200 3082 4272 προσηγόρευσας
3128 4200 3276 4272 ἡμᾶς
3336 4199 3426 4254 διὰ
3466 4197 3560 4253 τοῦ
3598 4194 3864 4266 ἀδελφοῦ,

2277 4295 2475 4364 ἀδελερὲ⁹
2502 4293 2658 4358 καλὲ,
2680 4294 2845 4348 καλὸν
2877 4293 3175 4364 ἡγησάμην
3199 4292 3289 4346 διὰ
3339 4291 3666 4364 γράμματος
3705 4293 3868 4346 ἀντι⁸

2277 4382 2725 4456 προσαγορεῦσαί
2751 4401 2808 4436 σε
2830 4398 2843 4413 ⁸
2875 4382 3138 4436 δεικνύων
3155 4379 3428 4446 ἐντεῦθεν,
3457 4380 3532 4444 ώς
3555 4378 3869 4448 ἀγαπητῶς

2277 4476 2388 4548 έχω
2404 4479 2533 4549 περὶ
2546 4476 2646 4548 τὴν
2675 4476 2973 4548 τιμιότητὰ
3005 4493 3100 4530 σου
3120 4490 3136 4507 ⁸
3171 4475 3232 4528 ού
3267 4474 3433 4545 μόνον
3473 4473 3552 4536 δὲ,
3581 4473 3726 4527 ἀλλὰ
3772 4473 3868 4525 καὶ

2283 4569 2701 4642 μεριμνητικῶς
2739 4571 2820 4633 εἰς
2861 4567 2924 4622 τὸ
2969 4567 3244 4632 σώζεσθαι
3276 4567 3446 4637 αὐτὴν
3472 4565 3580 4620 ἀπὸ
3605 4563 3724 4618 τῶν
3771 4563 3865 4619 τοῦ

600 4663 712 4718 scis
734 4663 903 4728 enim,
945 4661 1140 4724 amice,
1183 4659 1422 4716 circuire
1455 4659 1610 4714 illum
1658 4675 1874 4730 semper
1909 4669 2167 4732 tanquam

2273 4633 2523 4718 διαδύλού
2559 4647 2970 4734 πειρατηρίων⁸
3022 4657 3132 4715 ι’σθι
3161 4661 3299 4732 γὰρ,
3343 4633 3619 4732 ἀγαπητὲ,
3663 4659 3759 4712 ὅτι
3793 4659 3870 4722 ὡς

599 4756 838 4822 leonem,
873 4765 928 4809 et
949 4768 1191 4824 quaerere
1215 4767 1377 4822 quem
1399 4753 1628 4808 devoret
1642 4753 1710 4807 ³³.
1753 4754 1936 4820 Quare
1958 4756 2178 4814 attende

599 4847 910 4918 diligenter,
955 4855 1011 4902 et
1035 4847 1351 4916 pactionum
1380 4845 1694 4902 recordare.
1721 4845 1996 4918 Scriptum
2029 4859 2115 4905 est
2150 4868 2165 4904 :

602 4938 846 4994 Peccasti
868 4940 894 4994 ?
922 4954 1026 4992 non
1072 4937 1304 5007 adjicias
1339 4929 1532 4992 iterum
1562 4954 1576 4990 :
1625 4938 1715 4992 sed
1764 4939 1906 4993 etde
1933 4939 2177 5009 pristinis

599 5033 882 5101 deprecare
902 5031 967 5086 “.
1005 5030 1072 5085 Et
1097 5045 1316 5086 rursum
1353 5031 1618 5087 Dominus
1648 5031 1768 5086 ait:
1807 5032 2027 5088 Omnem
2057 5034 2178 5103 pal-

601 5125 785 5180 mitem
818 5139 921 5176 non
939 5123 1191 5193 ferentem
1213 5124 1468 5192 fructum,
1504 5123 1643 5180 tollit
1666 5140 1785 5179 eum
1817 5123 1980 5180 Pater
2009 5142 2176 5192 meus,

601 5229 651 5274 et
682 5219 927 5289 inignem
958 5218 1146 5284 mittit,
1177 5226 1227 5270 et
1247 5207 1399 5272 ardet
1426 5207 1496 5273 ”.
1533 5217 1982 5275 Reformidemus
2008 5219 2179 5292 igitur

603 5309 942 5381 exemplum,
978 5324 1080 5380 pro
1107 5307 1401 5363 animabus
1432 5309 1638 5364 nostris
1661 5309 2029 5378 decertemus,
2065 5309 2180 5380 pri-

2278 4755 2416 4808 λέων
2447 4755 2536 4808 ἀεὶ
2559 4755 2918 4826 περιέρχεται
2941 4753 3123 4825 ζητῶν
3143 4754 3270 4808 τίνα
3297 4754 3564 4824 καταπίῃ.
3600 4753 3741 4822 Ἔχε
3773 4747 3868 4806 οὖν

2281 4847 2693 4917 προσεκτικῶς·
2721 4845 2970 4919 μέμνησο
2993 4846 3102 4900 τῶν
3139 4845 3453 4916 συνθηκῶν.
3489 4845 3818 4914 Γέγραπται
3849 4857 3865 4872 ⁸

2283 4938 2608 5009 Ἦμαρτες;
2630 4938 2716 5010 μὴ
2747 4939 3021 5009 προσθῇς
3044 4956 3061 4972 ⁸
3093 4936 3194 4993 καὶ
3225 4937 3359 5006 περὶ
3411 4936 3530 4991 τῶν
3557 4937 3869 5005 προτέρων·

2279 5045 2395 5086 σου
2420 5029 2687 5100 δεήθητι.
2720 5031 2830 5085 Καὶ
2854 5030 3016 5086 πάλιν
3037 5031 3068 5084 ὁ
3091 5029 3299 5102 Κύριος
3321 5029 3473 5100 λέγει
3499 5045 3515 5058 ⁸
3542 5027 3674 5083 Πᾶν
3703 5025 3869 5095 κλῆ-

2273 5140 2361 5196 μα
2381 5122 2468 5197 μὴ
2505 5123 2692 5195 φέρον
2717 5125 2973 5193 καρπὸν,
2997 5123 3153 5193 αἴρει
3207 5122 3358 5178 αὐτὸ
3411 5125 3445 5177 ὁ
3476 5119 3699 5189 Πατὴρ,
3762 5117 3867 5172 καὶ

2277 5218 2362 5284 εις
2417 5215 2540 5286 πῦρ
2617 5215 2936 5281 βάλλεται,
2992 5215 3091 5270 καί
3113 5215 3364 5271 καίεται.
3411 5213 3744 5284 ⁴ίιοὸηθῶμεν
3773 5205 3874 5264 οὗν

2278 5307 2340 5362 τὸ
2359 5307 2665 5381 ὑπόδειγμα
2698 5324 2713 5338 ⁸
2751 5306 3154 5378 ἀγωνισώμεθα
3183 5307 3327 5379 ὑπὲρ
3342 5305 3452 5362 τῶν
3475 5305 3661 5377 ψυχῶν
3679 5302 3870 5374 ἡμιῶνί

608 5417 844 5474 usquam
871 5402 1039 5459 instet
1059 5401 1198 5457 hora
1225 5401 1421 5457 mortis
1449 5419 1464 5457 :
1498 5412 1570 5458 ne
1597 5401 1746 5458 velut
1771 5400 2103 5460 infructuosi
2123 5410 2170 5460 el

2279 5400 2412 5471 πρὶν
2443 5400 2481 5473 ἢ
2507 5402 2799 5474 ἐπιστῆναι
2830 5401 2929 5476 τὴν
2957 5401 3108 5474 ὥραν
3133 5400 3231 5457 τοῦ
3295 5400 3530 5457 θανάτου
3551 5415 3564 5428 ⁸
3601 5396 3678 5468 μὴ
3701 5397 3874 5449 ὲκκοι

677 5559 722 5590 ³⁸
747 5555 764 5610 l
793 5555 941 5613 Petr.
973 5572 1028 5625 ν,
1051 5558 1104 5613 8.
1183 5557 1229 5591 ³⁸
1262 5555 1432 5616 Eccli.
1463 5575 1580 5628 χιι,
1606 5559 1657 5614 1.
1737 5560 1782 5595 ³⁸
1812 5555 1976 5620 Joa’n.
2010 5563 2102 5626 iv,
2125 5558 2183 5614 2.

2099 5675 2331 5736 NOTAE.

687 5796 800 5866 (l0)
821 5793 881 5850 ln
904 5794 1020 5852 cod.
1048 5796 1178 5868 Reg.
1208 5800 1354 5868 ρκη’.
