4060 6374
254 340 389 408 1381

1443 342 1980 408 EPISTOLARUM
2015 343 2163 410 LIB.
2235 348 2291 410 Il
2303 399 2317 410 .

3372 346 3510 415 1382

253 457 486 528 φθῶμεν
512 454 590 522 ὡς
610 455 857 531 ἄκαρποι
895 457 994 514 καὶ
1040 457 1464 531 ἀτελεσφόρητοι
1489 459 1593 526 τῆς
1623 459 1832 532 ἀγαθῆς

1950 462 2162 520 inutiles
2190 461 2582 520 abscindamur
2602 475 2632 518 a
2651 461 2795 519 bona
2821 462 2948 528 vite,
2973 475 3096 535 quae
3122 469 3205 518 est
3233 459 3510 520 Christus.

253 546 526 620 ἀμπέλου,
561 548 683 620 ἥτις
733 547 883 604 ἐστὶν
927 550 958 604 ό
989 549 1248 622 Χριστός.
1275 551 1378 606 Διὰ
1408 550 1588 605 τοῦτο
1616 547 1830 623 ἦλθον,

257 641 424 714 φησιν
449 641 478 694 ὁ
509 639 734 713 Κύριος,
757 641 870 711 οὐχ
892 641 994 695 ἵνα
1037 641 1222 712 κρίνω
1262 641 1370 698 τὸν
1405 645 1657 712 κόσμον,
1695 643 1834 699 ἀλλ’

255 725 360 787 ἵνα
379 729 580 786 σώσω.
619 731 730 786 Καὶ
768 731 930 787 πάλιν
977 731 1169 802 λέγει*
1219 731 1291 788 El
1334 734 1420 804 μὴ
1471 731 1682 806 ἦλθον,
1736 734 1837 790 καί

255 823 540 892 ἐλάλησα
571 824 799 892 αὐτοῖς,
861 825 1155 895 ἁμαρτίαν
1189 827 1302 881 οὐκ
1328 823 1497 896 εἶχον
1531 842 1546 858 ο
1583 828 1724 884 ονῦν
1769 827 1839 882 δὲ

259 914 566 984 πρόφασιν
585 915 696 969 οὐκ
731 915 946 985 ἔχουσι
972 916 1107 984 περὶ
1133 915 1246 985 τῆς
1292 917 1582 988 ἁμαρτίας
1614 917 1834 974 αὐτῶν.

259 1007 374 1060 Καὶ
400 1005 582 1061 πάλινο
626 1006 690 1059 '0
718 1009 902 1077 λόγος
933 1009 1006 1063 ὃν
1029 1009 1311 1080 ἐλάλησα
1329 1052 1345 1076 ,
1383 1010 1615 1078 ἐκεῖνος
1651 1010 1846 1080 κρινεῖ

258 1098 532 1153 αὐτὸνέν
557 1097 632 1169 τῇ
653 1097 883 1170 ἐσχάτῃ
907 1100 1120 1171 ἡμέρᾳ.
1147 1103 1311 1174 Ἠδη,
1333 1103 1606 1176 ἀγαπητὲ,
1626 1104 1656 1157 ὁ
1675 1104 1838 1168 καλὸς

259 1191 397 1256 Θεὸς
422 1193 581 1266 ήμῶν
601 1195 781 1250 πάντα
811 1195 882 1249 τὰ
910 1197 992 1261 εἰς
1025 1199 1174 1268 ἡμᾶς
1211 1198 1529 1271 ἐπλήρωσεν
1554 1214 1569 1230 ·
1615 1199 1710 1253 ἐπὶ
1734 1191 1856 1270 γῆςι

261 1283 446 1356 ὤφθη,
483 1284 710 1341 δούλου
745 1286 993 1358 μορφὴν
1019 1288 1340 1356 ἀνέλαϐεν,
1395 1289 1665 1358 ὑπήκοος
1711 1289 1841 1359 ἐγέ-

259 1392 402 1430 νετο
427 1374 606 1446 μέχρι
651 1377 934 1446 θανάτου,
967 1379 1227 1435 θανάτου
1281 1379 1350 1434 δὲ
1405 1381 1694 1450 σταυροῦ.
1730 1380 1842 1434 Καὶ

261 1467 438 1523 ταῦτα
482 1468 689 1539 Κύριος
729 1469 805 1526 ὢν
839 1472 942 1544 τῆς
974 1473 1155 1546 δόξης,
1187 1475 1282 1528 καὶ
1324 1473 1394 1528 τὰ
1442 1474 1627 1528 πάντα
1657 1474 1842 1547 φέρων

261 1559 343 1627 τῷ
379 1560 586 1632 ῥήματι
637 1562 742 1634 τῆς
795 1563 1080 1635 δυνάμεως
1121 1564 1288 1620 αὐτοῦ
1326 1583 1342 1599 ο
1403 1566 1843 1638 ἀνακαλούμενος

261 1651 415 1723 ἡμᾶς
441 1652 550 1707 ἀπὸ
585 1654 689 1726 τῆς
715 1657 1085 1729 ἐγγενομένης
1114 1660 1247 1730 ἡμῖν
1271 1658 1361 1712 διὰ
1396 1658 1491 1713 τοῦ
1519 1659 1844 1730 πρωτοπλὰ-

264 1761 395 1800 στου
427 1745 670 1820 φθορᾶς’
716 1749 814 1803 καὶ
860 1749 922 1803 οὐ
971 1751 1155 1820 μόνον,
1195 1749 1331 1804 ἀλλὰ
1359 1750 1472 1822 γὰρ
1499 1751 1596 1804 καὶ
1632 1749 1842 1814 θεὼσας

261 1838 416 1910 ἡμᾶς
443 1816 547 1894 διὰ*
562 1841 664 1911 τῆς
684 1842 851 1910 ἁγίας
884 1816 1051 1898 αὐτοῦ
1107 1843 1345 1915 σαρκόςο
1373 1816 1455 1898 ὀὗ
1487 1845 1584 1898 καὶ
1620 1843 1841 1913 ἀδελφοὶ
1872 1816 1914 1872 Β

260 1933 553 2006 ἠξιώμεθα
579 1934 882 2002 καλεῖσθαι,
914 1935 1009 1990 καὶ
1026 1935 1327 2006 σύσσωμοι.
1359 1937 1454 1990 καὶ
1489 1935 1843 2008 συμμέτοχοι,

263 2027 364 2080 καὶ
392 2026 846 2100 συγκληρονόμοι.
879 2030 972 2082 Δεῖ
1000 2024 1094 2083 οὖν
1122 2029 1272 2100 ἡμᾶς
1305 2030 1452 2102 πάσῃ
1497 2029 1714 2100 φυλακῇ
1750 2048 1846 2101 φυ-

261 2111 484 2173 λάττειν
511 2119 760 2184 ἑαυτούς.
817 2120 908 2176 Ἐν
949 2121 1100 2194 μέσῳ
1157 2121 1405 2190 παγίδων
1439 2121 1739 2186 διαϐαίνεις
1787 2123 1846 2177 ὲν

261 2210 336 2279 τῇ
384 2209 536 2264 πόλει
567 2211 934 2285 διερχόμενος⁸
966 2213 1069 2284 δρα
1123 2212 1197 2285 μὴ
1245 2215 1521 2286 ὲμπαρῇς.
1573 2214 1662 2267 Ἐν
1693 2214 1844 2286 φόϐῳ

265 2301 480 2374 Κυρίου
509 2305 542 2376 ἡ
565 2305 885 2378 ἀναστροφή
918 2323 1013 2359 σου
1030 2305 1171 2360 ἐστω
1191 2307 1333 2377 μετὰ
1353 2307 1564 2380 ἀνδρῶν
1590 2307 1812 2376 ἀγαθῶν
1832 2324 1846 2338 °

264 2393 441 2464 φεῦγε
474 2396 600 2459 τοὺς
629 2396 962 2466 ἀφυλάκτως
995 2399 1204 2464 ζῶντας
1234 2414 1248 2430 ο
1281 2398 1453 2468 φεῦγε
1497 2399 1726 2469 παίγνια
1749 2399 1848 2453 καὶ

261 2486 646 2560 γελοιάσματα
680 2493 1018 2562 νεωτερικά·
1063 2491 1233 2563 φεῦγε
1266 2491 1585 2566 κραιπάλας
1617 2493 1712 2547 καὶ
1745 2509 1848 2546 πο-

259 2575 530 2645 λυποσίας
567 2581 930 2654 φθοροποιούς
973 2583 1104 2640 Πᾶν
1126 2583 1298 2656 ῥῆμα
1337 2583 1576 2653 σαπρὸν
1629 2585 1698 2638 ἐκ
1739 2583 1848 2640 τοῦ

260 2673 566 2744 στόματός
591 2690 710 2731 σου
737 2677 822 2747 μὴ
845 2677 1262 2748 ἐκπορευέσθω
1283 2694 1300 2710 ο
1331 2676 1470 2734 ἀλλ’
1496 2678 1553 2731 ετ
1582 2695 1639 2731 τι
1658 2677 1848 2732 καλὸν

262 2767 360 2833 εις
430 2768 758 2839 οἰκοδομὴν
818 2769 938 2826 τῶν
999 2771 1368 2826 ἀκουόντων.
1434 2770 1527 2840 Μὴ
1592 2769 1848 2842 φρόντιζε

263 2857 522 2914 πλουτεῖν
553 2877 570 2892 ο
603 2862 687 2916 ὅτι
715 2862 926 2934 γυμνὸς
954 2862 1205 2935 εἰσῆλθες
1235 2865 1315 2928 είς
1341 2862 1432 2916 τὸν
1458 2862 1666 2932 κόσμον
1717 2861 1848 2916 τοῦ·

263 2965 382 3016 τον,
415 2951 623 3024 γυμνὸς
641 2955 738 3008 καὶ
763 2954 1066 3029 ἀπελεύσῃ.
1093 2955 1186 3026 Μὴ
1222 2955 1415 3024 ἀγάπα
1437 2955 1538 3026 τὴν
1572 2954 1730 3021 δόξαν
1751 2953 1850 3008 τοῦ

265 3041 478 3114 κόσμου
537 3043 764 3099 τούτου’
825 3046 909 3101 ὅτι
946 3047 1022 3111 ὡς
1067 3046 1275 3111 καπνὸς
1330 3046 1692 3119 παρέρχεται.
1753 3046 1850 3099 Ἐν

1936 555 2232 628 Propterea
2256 557 2390 622 veni,
2423 556 2501 612 ait
2535 556 2824 623 Dominus,
2851 571 2955 610 non
2976 564 3036 610 ut
3072 556 3313 626 judicent
3350 573 3511 610 mun-
3552 568 3558 574 ·

1935 651 2088 718 dum,
2119 667 2210 705 sea
2254 659 2312 704 ut
2337 650 2624 720 salvi/iectu
2648 649 2715 705 “.
2741 649 2808 705 Et
2849 649 3047 706 iterum
3089 649 3253 705 dicit:
3292 647 3355 704 Si
3408 664 3512 702 non
3621 647 3630 656 ”

1936 744 2212 811 venissem,
2237 753 2286 798 et
2315 743 2522 798 locutus
2555 743 2774 814 fuissem
2799 744 2895 808 eis,
2921 751 3194 813 peccatum
3222 759 3326 797 non
3353 741 3515 795 liabe-

1938 843 2052 890 rent
2083 850 2104 890 .'
2132 852 2270 890 nunc
2293 847 2466 890 autem
2495 837 2890 891 excusationem
2919 852 3026 889 non
3069 835 3263 889 habent
3285 835 3350 888 de
3389 849 3515 903 pec-

1938 937 2058 984 cato
2087 944 2183 983 suo
2211 928 2279 982 ³⁷.
2310 927 2378 983 Ει
2400 929 2600 983 iterum
2626 945 2641 984 :
2670 927 2854 984 Sermo
2898 944 3050 999 quem
3108 928 3316 981 locutus
3367 941 3508 991 sum,

1937 1019 2030 1075 ille
2049 1017 2316 1091 judicabit
2343 1036 2459 1074 eum
2501 1020 2558 1074 in
2610 1020 2903 1074 novissimo
2927 1020 3012 1074 die
3036 1019 3104 1074 ³⁸.
3131 1017 3368 1087 ‘Jamque
3395 1017 3512 1085 ipse

1904 1128 2068 1208 {erga
2089 1129 2192 1169 nos
2215 1113 2420 1179 omnia,
2446 1112 2666 1180 dilecte,
2695 1113 2875 1168 bonus
2932 1111 3074 1168 Dens
3107 1120 3295 1165 noster
3325 1109 3513 1178 exple-

1942 1206 2038 1261 vit.
2076 1203 2135 1260 ln
2166 1212 2313 1260 terra
2335 1205 2484 1261 visus
2509 1213 2614 1270 est,
2647 1203 2874 1273 formam
2899 1202 3035 1257 servi
3084 1202 3306 1271 accepit,
3339 1201 3513 1272 factus

1939 1307 2018 1354 est
2042 1297 2285 1354 obediens
2315 1314 2477 1369 usque
2505 1295 2575 1350 ad
2621 1307 2867 1362 mortem,
2915 1303 3135 1348 mortem
3179 1305 3357 1348 autem
3391 1303 3516 1347 cru-

1942 1393 2019 1445 cis
2043 1390 2113 1446 ³⁹.
2158 1390 2334 1461 Atque
2362 1390 2478 1444 haec
2506 1404 2630 1446 cum
2667 1397 2812 1444 esset
2840 1386 3028 1460 gloria:
3065 1386 3358 1450 Dominus,
3387 1401 3516 1455 por-

1941 1492 2174 1553 tansque
2204 1482 2388 1537 omnia
2421 1482 2589 1538 verbo
2616 1481 2835 1536 virtutis
2870 1495 2986 1536 sua:
3005 1479 3052 1511 ⁸⁰
3077 1497 3091 1534 :
3123 1493 3388 1534 revocans
3414 1492 3516 1533 nos

1943 1576 2012 1630 ab
2063 1573 2227 1629 insita
2286 1574 2445 1629 nobis
2481 1589 2576 1644 per
2647 1571 3047 1642 protoplastum
3120 1570 3514 1639 corruptione;

1943 1681 2121 1737 neque
2152 1665 2205 1721 id
2245 1674 2480 1726 tantum.
2514 1665 2609 1720 sed
2643 1680 2741 1736 per
2764 1673 3010 1720 sanctam
3039 1678 3262 1734 quoque
3289 1674 3515 1717 carnem

1945 1773 2102 1815 suam
2155 1773 2254 1814 nos
2289 1757 2592 1812 deilicans:
2625 1756 2788 1826 cujus
2857 1764 2912 1811 et
2994 1753 3192 1810 fratres
3254 1751 3516 1823 appellari

1945 1851 2268 1918 meruimus,
2315 1860 2370 1906 et
2392 1850 2773 1921 concorporei,
2831 1858 2888 1905 et
2917 1853 3229 1912 consortes,
3263 1856 3317 1902 et
3337 1847 3518 1902 colue-

1945 1943 2125 2000 redes.
2157 1941 2425 1998 Convenit
2447 1956 2578 2011 ergo
2614 1951 2674 1997 ut
2711 1939 2862 1995 omni
2897 1939 3150 1996 custodia
3208 1953 3308 1993 nos
3337 1947 3520 1992 custo-

1947 2035 2186 2091 diamus.
2238 2036 2297 2089 ln
2335 2035 2518 2090 medio
2550 2035 2874 2105 laqueorum
2932 2031 3236 2100 ingrederis
3264 2045 3360 2100 per
3385 2028 3521 2084 civi-

1949 2136 2113 2184 tatem
2149 2127 2464 2196 ambulans,
2516 2127 2643 2183 vide
2679 2143 2747 2183 ne
2783 2127 2860 2183 sis
2883 2127 3173 2182 remissus.
3221 2124 3279 2179 In
3323 2123 3522 2178 timore

1948 2220 2163 2275 Domini
2192 2221 2263 2276 sit
2306 2221 2653 2276 conversatio
2684 2230 2775 2276 tua
2807 2235 2930 2276 cum
2980 2219 3114 2275 viris
3145 2219 3340 2275 bonis:
3384 2218 3514 2288 fuge

1947 2313 2073 2368 illos
2104 2313 2197 2383 qui
2231 2315 2350 2369 sine
2377 2314 2636 2368 cautione
2657 2312 2848 2368 vivunt
2879 2331 2892 2367 :
2929 2310 3051 2382 fuge
3082 2311 3238 2368 ludos
3265 2311 3523 2381 risusque

1943 2408 2216 2480 juveniles
2249 2425 2262 2462 :
2293 2407 2418 2477 fuge
2448 2407 2728 2478 crapulam
2747 2419 2802 2461 et
2829 2407 3148 2461 ebrietatem
3183 2403 3520 2476 pestiferam.

1952 2499 2138 2554 Omnis
2164 2514 2334 2552 sermo
2369 2499 2543 2553 malus
2575 2514 2640 2552 ea:
2670 2509 2759 2552 ore
2800 2508 2894 2553 tuo
2940 2513 3042 2551 non
3089 2496 3385 2568 procedat;
3430 2493 3524 2549 sed

1948 2592 2141 2662 siquis
2171 2591 2334 2645 bonus
2375 2592 2446 2644 ad
2495 2591 2909 2662 wdi/icationem
2946 2589 3276 2645 audientium
3303 2587 3371 2641 ".
3427 2585 3526 2641 Di-

1951 2691 2163 2738 tescere
2199 2696 2270 2736 ne
2289 2681 2533 2749 studeas,
2587 2681 2717 2752 quia
2748 2679 2934 2735 nudus
2968 2679 3021 2733 in
3076 2679 3224 2733 hunc
3260 2675 3523 2730 mundum

1951 2775 2237 2844 ingressus
2265 2788 2347 2841 es,
2389 2783 2444 2829 et
2489 2773 2670 2829 nudus
2715 2773 2942 2828 recedes
2968 2771 3033 2826 δ’.
3089 2769 3170 2825 Ne
3226 2784 3376 2824 ames
3413 2769 3529 2838 glo-

1950 2863 2092 2920 riam
2123 2863 2314 2919 mundi
2347 2863 2536 2934 hujus,
2582 2863 2714 2934 quia
2743 2863 2886 2919 sicut
2934 2862 3120 2917 fumus
3153 2861 3528 2932 praetervolat.

1951 2955 2134 3014 Unum
2154 2957 2329 3014 solum
2362 2972 2486 3012 ama
2511 2956 2740 3021 bonum,
2770 2967 2970 3026 purum
3003 2955 3168 3011 sorde
3196 2953 3406 3024 peccati
3435 2967 3531 3008 cor

1953 3051 2175 3114 habere,
2211 3065 2441 3122 regnum
2476 3050 2742 3105 caelorum
2787 3046 3038 3119 adipisci,
3067 3056 3122 3104 et
3160 3057 3416 3103 aeternam
3444 3045 3536 3100 fu-

266 3133 417 3204 φίλει
451 3135 615 3207 μόνον
643 3139 704 3192 τὸ
729 3138 954 3208 ἀγαθὸν,
991 3138 1052 3192 τὸ
1091 3137 1339 3211 καθαρὰν
1377 3138 1522 3210 ἔχειν
1553 3137 1654 3208 τὴν
1713 3155 1851 3209 καρ-

1957 3158 2085 3216 gere
2103 3141 2539 3197 damnationem.
2566 3141 2736 3196 Serva
2769 3141 3026 3195 mandata
3075 3150 3198 3210 quae
3221 3138 3482 3218 accepisti
3513 3156 3527 3192 :

263 3226 390 3281 δίαν
420 3227 528 3281 ἀπὸ
563 3229 663 3300 τῆς
691 3231 946 3303 ρυπαρᾶς
973 3231 1252 3304 ἁμαρτίας
1270 3246 1286 3263 ο
1310 3230 1373 3284 τὸ
1385 3231 1664 3301 ἐπιτυχεῖν
1695 3229 1849 3301 βασι-

266 3315 420 3382 λείας
450 3321 731 3392 οὐρανῶν·
769 3323 866 3378 καὶ
910 3327 1104 3394 φυγεῖν
1135 3323 1376 3397 κρίσεως
1435 3323 1682 3379 αἰωνίου.
1736 3322 1852 3386 Τὰς

267 3408 516 3478 ἐντολὰς,
552 3413 621 3478 ἃς
654 3414 865 3481 ἔλαϐες,
891 3415 1132 3486 φύλαττε
1153 3432 1167 3446 ⁸
1214 3415 1397 3470 κλῖνον
1434 3415 1641 3488 πτωχῷ
1670 3413 1730 3469 τὺ
1757 3411 1854 3478 οὖς

271 3518 410 3556 σου·
457 3503 622 3575 ἡνίκα
671 3507 786 3578 ἔχει
819 3509 854 3580 ἡ
922 3507 1045 3580 χείρ
1103 3525 1198 3562 σου
1253 3507 1494 3579 βοηθεῖν,
1535 3507 1725 3578 ὄρεξον
1775 3506 1855 3578 τῷ

263 3593 530 3668 δεομένῳ.
563 3597 668 3652 Δύο
725 3599 900 3658 λεπτὰ
930 3601 1105 3672 χήρας
1158 3600 1380 3671 πτωχῆς
1416 3601 1854 3672 ὑπερηκόντισαν

266 3688 497 3744 πάντων
554 3691 664 3745 τῶν
703 3695 762 3747 ὲν
825 3693 905 3766 τῷ
961 3693 1350 3765 γαζοφυλακίῳ
1403 3693 1854 3765 ἐμϐεϐλημένων.

269 3781 481 3853 Ὅρκος
525 3786 584 3838 ὲν
615 3785 698 3858 τῷ
750 3786 984 3858 στόματί
1027 3803 1123 3840 σου
1171 3787 1248 3858 μὴ
1298 3785 1642 3851 αὑλιζέσθω·
1675 3787 1704 3840 ὁ
1745 3785 1857 3858 γὰρ

261 3873 493 3945 ὀμνύων
545 3878 608 3931 οὐ
663 3877 991 3950 σωθήσεται,
1051 3879 1154 3934 κᾶν
1207 3879 1338 3951 δοκῇ
1407 3880 1589 3934 πᾶσαν
1637 3877 1858 3948 ἐντολὴν

259 3969 470 4022 ποιεῖν.
499 3969 862 4026 Ἐπισκέπτου
891 3970 1181 4044 ἄνθρωπον
1212 3972 1268 4023 ὲν
1308 3969 1547 4068 Ῠυλακῇ,
1583 3969 1670 4023 ἵνα
1731 3971 1856 4021 ὲπι-

262 4059 520 4132 σκεφθῇς
542 4063 647 4116 ὑπὸ
673 4064 902 4134 Κυρίου.
927 4063 1242 4135 Προσεύχου
1270 4059 1530 4134 σῦκεχὼς,
1564 4062 1659 4115 καὶ
1687 4059 1856 4130 satis

257 4151 334 4203 ὲν
359 4153 554 4226 καρδίᾳ
579 4171 594 4186 ο
630 4155 720 4209 ἵνα
735 4157 795 4210 τὸ
814 4155 1041 4228 Πνεῦμα
1064 4157 1124 4210 τὸ
1145 4156 1298 4226 ἅγιον
1314 4155 1550 4226 ὑποδέξῃ
1578 4154 1848 4207 σύνοικον.

258 4241 461 4298 Ταῦτα
485 4245 550 4298 ἐκ
591 4245 804 4301 πολλῶν
841 4247 1001 4318 ὀλίγα
1047 4247 1321 4319 δείγματα
1356 4247 1604 4317 ἀγάπης,
1641 4244 1854 4326 ἐντολαὶ

1955 3248 2145 3288 aurem
2175 3242 2326 3287 tuam
2345 3231 2546 3288 inclina
2576 3231 2865 3287 mendico:
2894 3245 3018 3287 cum
3046 3230 3306 3300 opitulari
3336 3243 3534 3283 manus

1957 3333 2051 3379 tua
2082 3332 2288 3396 potest,
2319 3323 2542 3394 porrige
2567 3323 2854 3394 indigenti.
2884 3323 3096 3378 Minuta
3133 3321 3242 3376 duo
3272 3319 3533 3390 pauperis

1957 3417 2136 3472 viduae
2161 3417 2399 3472 antelata
2431 3427 2563 3470 sunt
2595 3415 2851 3471 omnibus
2880 3430 3002 3486 quae
3040 3414 3210 3469 missa
3241 3413 3457 3468 fuerant
3478 3413 3536 3468 in

1959 3507 2411 3580 gazophylacium
2434 3507 2501 3562 ⁸³.
2529 3505 2912 3564 Juramentum
2949 3523 3061 3563 non
3099 3505 3309 3561 habitet
3351 3506 3405 3560 in
3440 3517 3538 3560 ore

1960 3611 2090 3658 tuo:
2124 3617 2251 3657 nam
2282 3603 2377 3674 qui
2415 3603 2566 3672 jurat
2594 3585 2701 3657 non
2753 3602 3077 3668 salvabitur,
3107 3601 3323 3658 tametsi
3355 3601 3539 3656 omnia

1960 3703 2231 3766 praecepta
2255 3711 2477 3751 servare
2508 3695 2777 3750 videatur.
2807 3694 2982 3750 Visita
3009 3695 3286 3749 hominem
3313 3709 3542 3749 carcere

1961 3787 2266 3851 detentum,
2306 3795 2364 3841 ut
2409 3786 2651 3842 visiteris
2704 3802 2736 3840 a
2767 3786 3020 3841 Domino.
3046 3785 3280 3842 Assidue
3323 3800 3442 3849 ora,
3475 3793 3532 3840 et

1961 3878 2139 3948 psalle
2184 3878 2239 3932 in
2263 3879 2450 3944 corde,
2484 3887 2542 3932 ut
2582 3878 2853 3947 Spiritum
2879 3888 3132 3932 sanctum
3171 3877 3544 3932 contuberna-

1963 3967 2072 4021 lem
2116 3967 2384 4038 excipias.
2420 3967 2546 4023 Haec
2575 3984 2748 4038 pauca
2777 3969 2845 4022 de
2879 3968 3066 4023 multis
3113 3969 3369 4038 dogmata
3410 3966 3544 4021 cha-

1965 4057 2170 4124 ritatis,
2202 4060 2346 4115 bona
2389 4071 2674 4132 praecepta,
2712 4077 2834 4130 qua:
2893 4063 3053 4116 ambo
3086 4075 3452 4130 exsequamur
3483 4069 3545 4112 ut

1966 4151 2105 4206 salvi
2163 4153 2361 4219 simus,
2396 4155 2450 4207 in
2485 4153 2706 4210 Christo
2757 4153 2883 4209 Jcsu
2946 4153 3178 4209 Domino
3215 4160 3428 4221 nostro,
3454 4153 3544 4208 cui

1965 4243 2135 4314 gloria
2172 4245 2226 4298 in
2251 4245 2450 4300 saecula
2481 4247 2826 4301 saeculorum.
2865 4246 3060 4300 Amen.

255 4339 502 4408 ἀγαθαὶ,
546 4341 615 4406 ἃς
653 4343 956 4417 ἀμφότεροι
1017 4343 1342 4417 πράξοιμεν,
1378 4344 1480 4398 καὶ
1521 4327 1848 4414 σωθείημεν,
1887 4341 1946 4394 ὲν
1977 4338 2200 4414 Χριστῷ
2237 4340 2414 4414 Ἰησοῦ
2445 4339 2524 4412 τῷ
2553 4341 2746 4413 Κυρίῳ
2769 4343 2948 4412 ἡμῶν,
2975 4332 3019 4410 ᾧ
3060 4342 3093 4412 ἡ
3123 4339 3250 4406 δόξα
3279 4341 3359 4405 είς
3417 4339 3544 4406 τοὺς

257 4436 480 4502 αἰῶνας
510 4438 620 4492 τῶν
651 4439 888 4495 αίώνων.
936 4441 1132 4512 Ἀμήν.

489 4535 618 4593 PIE’
651 4536 785 4608 (ll).
805 4539 1254 4609 —;E09apoo‘iirn
1281 4536 1609 4609 ἡγουμένῃ.
1651 4532 1852 4609 [χμζη]

2244 4525 2409 4585 CXV.
2446 4557 2516 4569 —-
2547 4504 2921 4598 Euphrosynm
2951 4525 3268 4596 prazpositw.

1379 4650 1592 4700 Rursum
1614 4650 1680 4698 de
1703 4643 1863 4711 ipsius
1886 4645 2058 4696 matris
2093 4643 2235 4696 obitu
2257 4641 2449 4693 scribit.

361 4756 453 4820 Ὠς
481 4755 626 4810 καλὰ
657 4756 726 4812 τὰ
754 4757 1060 4830 γράμματα
1113 4758 1213 4829 τῆς
1258 4757 1570 4830 τιμιότητός
1605 4773 1726 4823 σου,
1767 4754 1851 4809 καὶ

2038 4755 2211 4822 Quam
2266 4752 2546 4824 praeclarae
2598 4749 2820 4805 fuerunt
2849 4748 3169 4804 reverentiae
3199 4749 3547 4804 tuaalittermi

258 4853 343 4906 τὸ
379 4849 629 4920 λυπηρὸν
685 4849 1110 4923 ἐπιδεικνύμενα
1154 4853 1256 4923 τῆς
1284 4852 1380 4906 ἐπὶ
1413 4854 1480 4923 τῇ
1516 4850 1641 4923 ὁσία
1687 4851 1860 4922 μητρὶ

261 4941 616 5012 κοιμήσεως,
647 4941 824 4995 καὶτὸ
845 4942 1255 5014 ὑπομνηστικδν
1282 4945 1381 5014 τῆς
1398 4943 1612 5008 ἐλπίδος
1637 4943 1864 5014 ἔχονταί

276 5036 384 5098 Ὠς
408 5034 523 5107 γὰρ
551 5035 614 5088 τὸ
639 5034 820 5107 πάντη
857 5034 1067 5090 ἄλυπον
1099 5037 1198 5091 καὶ
1248 5037 1458 5108 ἄδακρυ
1512 5037 1606 5090 ἐπὶ
1635 5037 1702 5107 τῇ
1758 5033 1869 5088 τῶν

259 5129 709 5200 κεκοιμημένων
741 5128 1036 5194 διαζεύξει,
1055 5133 1452 5201 κατηγορεῖται
1483 5127 1871 5201 (ἀναισθησίας

257 5221 395 5294 γὰρ
419 5223 779 5294 τεκμήριον)⁶
807 5221 952 5276 οὕτω
982 5222 1044 5276 τὸ
1089 5222 1265 5294 πέραν
1286 5222 1382 5276 τοῦ
1437 5221 1644 5294 μέτρου
1705 5219 1870 5274 πάλιν

259 5316 668 5371 κατακλᾶσθαι
697 5319 762 5388 τῇ
787 5315 958 5390 λύπῃ,
990 5314 1102 5370 τῶν
1133 5315 1208 5387 μὴ
1236 5315 1471 5386 ἐχόντων
1502 5315 1648 5368 ἐστὶν
1676 5311 1872 5368 ἐλπίδα

1963 4861 2090 4918 quae
2115 4855 2169 4902 et
2197 4845 2442 4900 dolorem
2459 4859 2528 4897 ex
2553 4850 2761 4898 sanctae
2780 4840 2974 4895 matris
2996 4840 3148 4894 obitu
3167 4847 3380 4894 testatae
3401 4849 3548 4902 sunt,

1969 4948 2025 4996 et
2062 4939 2178 5010 spei
2225 4937 2558 4994 mentionem
2612 4934 2970 4990 continebant
3007 4935 3020 4986 !
3076 4931 3550 4999 Quemadmodum

1966 5033 2112 5088 cnim
2137 5048 2244 5086 non
2271 5031 2455 5086 dolere
2474 5043 2723 5101 prorsus,
2753 5043 2855 5082 nec
2889 5026 3019 5082 [lere
3056 5035 3404 5082 mortuorum
3429 5025 3548 5080 dis—-

1965 5121 2238 5190 cessionc,
2279 5119 2479 5176 merito
2552 5117 2974 5190 reprehenditur
3007 5135 3022 5185 ;
3062 5118 3304 5188 stuporis
3350 5117 3552 5187 quippe

1967 5224 2052 5272 est
2079 5226 2464 5288 argumentum
2499 5233 2513 5272 :
2545 5216 2628 5271 sic
2672 5215 2837 5270 etiam
2875 5213 3018 5269 ultra
3072 5212 3302 5269 modum
3363 5211 3552 5266 dolore

1970 5308 2173 5382 frangi,
2210 5324 2402 5365 eorum
2428 5317 2514 5366 est
2545 5309 2638 5380 qui
2682 5308 3108 5366 resurrectionis
3131 5322 3282 5376 spem
3316 5319 3426 5361 non
3451 5303 3552 5357 ha-

268 5409 669 5472 ἀναστάσεως.
724 5409 900 5482 Δεῦρο
942 5408 1155 5473 λοιπὸν,
1201 5407 1410 5480 ἀδελφὴ
1447 5408 1506 5462 ὲν
1554 5404 1767 5478 Κυρίῳ,
1813 5403 1851 5458 τί

1972 5402 2126 5458 bent.
2162 5405 2276 5474 Age
2305 5418 2452 5458 nunc
2510 5417 2662 5475 ergo,
2689 5415 2853 5458 soror
2901 5401 2956 5456 in
3017 5399 3272 5465 Domino,
3311 5394 3553 5466 legitimo

359 5525 408 5559 ³⁸
435 5525 598 5580 Joan.
633 5528 841 5594 “1,47.
917 5527 960 5561 ³⁷
984 5525 1144 5582 Joan.
1176 5543 1267 5593 xv,
1293 5526 1386 5582 2‘2.
1461 5523 1507 5559 ³⁸
1532 5523 1689 5582 Joan.
1717 5539 1851 5590 Χ11,α

2016 5519 2062 5553 ³⁸
2091 5518 2324 5591 Philipp.
2353 5535 2412 5587 tt,
2455 5518 2507 5586 7,
2541 5519 2596 5577 8.
2673 5518 2719 5551 ⁵⁸
2765 5516 2928 5574 Hebr.
2953 5531 2991 5584 ι,
3025 5513 3078 5570 5.
3153 5513 3197 5546 ⁸¹
3233 5511 3435 5582 Ephcs.
3476 5525 3552 5580 tv,

259 5596 377 5653 29.
452 5599 500 5630 ⁸³
529 5595 653 5652 Job.
688 5615 726 5663 ι,
753 5598 842 5653 ﬂ.
915 5597 966 5660 “_
991 5599 1160 5655 Marc.
1192 5614 1290 5666 ιιι,
1320 5598 1409 5654 45.

1810 5707 2040 5768 NOTAE.

367 5833 482 5904 (tt)
514 5831 574 5887 lu
597 5829 717 5888 cod.
756 5829 885 5901 Reg.
911 5801 1060 5901 ’ρλγκ
