4060 6374
629 305 766 373 1383
1462 277 1464 280 ’
1801 308 1863 371 s.
1897 302 2288 371 THEODORI
2324 303 2672 371 srumm
3683 309 3789 380 nat

595 491 598 494 ἢ
625 423 854 496 planctu
888 421 1182 492 perfuncti,
1206 421 1274 479 ad
1300 437 1400 480 nos
1430 422 1756 480 redeamus:
1787 438 1894 478 non
1918 433 1978 478 ut
1997 434 2198 479 sancta:

2184 428 2272 484 3A
2301 427 2482 482 ίκανὸν
2518 425 2613 480 τοῦ
2673 422 2902 488 πένθους
2956 421 3413 493 ἀφοσιωσάμενοι,
3465 425 3539 489 είς
3602 423 3787 496 ἑαυτοὺς

624 513 773 574 illius
794 515 1150 573 simulacrum
1189 532 1258 574 ex
1288 525 1471 573 mente
1499 517 1824 588 abjiciamns
1849 535 1864 585 ;
1890 518 2055 574 absit.
2084 516 2202 575 Erit

2190 529 2202 575 ι
2300 519 2593 590 γενώμεθα
2615 535 2631 552 ο
2665 516 2763 589 οὺχ
2792 517 2877 572 ὅτι
2914 515 3172 571 ἐκϐαλεῖν
3197 515 3298 587 τῆς
3348 517 3562 588 καρδίας
3583 521 3636 574 τὺ
3660 524 3793 579 Mal.

625 607 774 662 enim
809 608 952 678 apud
1004 623 1106 665 nos
1156 608 1338 666 omnis
1395 609 1790 667 adhortationis
1851 612 2202 680 gubernatio-

2189 643 2202 655 .
2305 630 2380 684 μα
2412 611 2510 683 τῆς
2538 609 2703 680 ἁγίας
2743 609 2961 680 ἐκείνης
2981 624 2995 639 ·
3043 609 3117 680 μή
3161 624 3215 662 τι
3266 607 3470 678 γένοιτο
3491 625 3506 641 ·
3541 610 3618 682 εἴη
3643 615 3729 685 γὰρ
3749 617 3792 672 ἐν

628 699 828 771 nisque
857 713 1282 756 monumentum
1313 719 1326 756 :
1386 701 1480 758 sed
1510 710 1570 757 ut
1613 702 1880 758 alacriore
1909 704 2096 758 animo
2119 703 2202 758 si-

2191 731 2202 744 -
2300 704 2434 774 ἡμῖν
2463 693 2763 772 ὑπόμνημα
2785 699 2968 769 πάσης
2997 699 3397 771 παρακλήσεως
3428 697 3521 754 καὶ
3557 701 3794 778 διακυϐερς

631 809 775 858 mus,
805 809 871 849 ac
898 809 1227 865 peragamus
1265 794 1602 865 propositum
1631 804 1903 851 certamen
1923 796 2200 852 exercita-

2192 825 2200 837 ι
2303 797 2514 867 νήσεως
2537 806 2554 823 ⁸
2577 792 2715 848 ἀλλά
2749 792 2814 847 τὸ
2839 791 3069 860 ἄγεσθαι
3094 791 3474 863 εὐθυμότερον,
3504 795 3591 849 καὶ
3612 795 3795 853 διανύειν

632 885 824 942 tionis.
855 884 974 941 Non
997 886 1165 956 igitur
1181 886 1403 956 reliquit
1429 895 1480 943 te
1498 895 1672 943 mater
1695 887 1988 944 immatura
2011 898 2196 957 aetate,

2194 937 2196 950 ,
2300 885 2394 944 τὸν
2441 887 2802 961 προκείμενον
2831 885 3021 956 ἀγῶνα
3046 883 3147 956 τῆς
3176 885 3482 956 ἀσκήσεως.
3525 885 3628 941 Οὐκ
3661 890 3797 944 εἴασεν

633 993 735 1033 nec
775 978 970 1034 rudem
1035 994 1218 1034 rerum
1282 979 1616 1046 divinarum,
1679 995 1782 1036 nec
1833 980 2199 1037 humanarum

2194 1002 2199 1036 ι
2301 976 2396 1036 οὖν
2430 998 2490 1035 σε
2519 981 2578 1034 ἑν
2611 977 2780 1051 ἀώρῳ
2803 977 3070 1050 ἡλικίᾳ-ὴ
3106 977 3312 1048 μήτηρ,
3361 975 3466 1030 οὐδ’
3515 977 3677 1048 ἀμαθῆ
3717 981 3797 1034 τῶν

630 1069 940 1140 imperitam
971 1087 988 1138 ;
1021 1070 1145 1134 sed,
1179 1071 1383 1127 Christi
1408 1073 1604 1144 gratia,
1637 1073 1893 1128 omnibus
1923 1078 2090 1130 rebus
2121 1074 2205 1128 in-

2197 1101 2205 1114 -
2304 1072 2491 1138 θείων,
2531 1071 2646 1126 οὐδ’
2683 1071 2914 1142 ἀπειρον
2961 1068 3074 1123 τῶν
3126 1069 3188 1123 ὲν
3230 1068 3350 1140 βίῳ,
3383 1067 3627 1122 πάντοθεν
3660 1070 3800 1140 χάριτι

629 1170 919 1228 structam,
945 1170 1000 1216 et
1049 1163 1178 1221 vitae
1203 1179 1308 1218 usu
1357 1165 1610 1234 peritam,
1643 1175 1700 1222 et
1750 1166 2051 1236 prudentiae
2075 1165 2202 1236 sple-

2200 1195 2202 1204 ι
2301 1164 2543 1237 Χριστοῦ
2571 1162 2957 1233 ίκανουμένην,
2995 1161 3090 1216 καὶ
3119 1160 3236 1232 βίου
3289 1159 3562 1233 ἔμπειρον,
3590 1164 3672 1216 καὶ
3703 1179 3803 1234 φρο-

631 1269 782 1321 nam,
805 1263 861 1309 et
901 1253 1136 1310 scientia
1166 1255 1518 1325 locupletem,
1553 1265 1608 1312 et
1651 1257 2038 1328 gubernationi
2075 1271 2200 1326 per-

2199 1289 2200 1295 η
2307 1257 2517 1328 νήσεως
2543 1253 2819 1325 ἔμπλεων,
2869 1253 2966 1308 καὶ
3004 1248 3263 1322 γνώσεως
3307 1243 3558 1322 εὔπορον,
3585 1252 3670 1306 καὶ
3701 1252 3802 1307 διοι-

629 1343 904 1400 idoneam.
938 1345 1183 1415 Cumque
1224 1347 1476 1403 humana:
1506 1350 1634 1405 vitae
1675 1349 1886 1406 deﬁniti
1925 1353 2036 1406 sint
2063 1350 2201 1416 dies,

2197 1390 2201 1413 ,
2302 1347 2519 1418 κήσεως
2547 1337 2790 1398 εὔθετον.
2827 1342 2942 1397 Καὶ
2967 1341 3193 1414 ἡμερῶν
3219 1341 3626 1413 ἀπηρτισμένων
3639 1338 3696 1412 τῇ
3719 1339 3800 1413 ζωῇ

628 1434 883 1504 prospice
915 1434 1186 1504 imprimis
1237 1437 1472 1507 propriae
1525 1437 1833 1502 securitati,
1878 1438 2202 1508 adiutricem

2198 1463 2202 1493 ι
2305 1439 2416 1493 τῶν
2451 1438 2779 1510 ἀνθρώπων,
2828 1434 2953 1507 ἔχου
3001 1435 3068 1508 δὴ
3129 1433 3232 1505 τῆς
3287 1433 3491 1496 οἰκείας
3540 1434 3801 1500 ἀσφαλείας,

631 1539 922 1580 assumens
951 1525 1065 1581 sive
1093 1541 1125 1581 e
1153 1526 1338 1591 domo,
1390 1525 1436 1582 si
1477 1537 1752 1598 suppetat,
1790 1529 1907 1585 sive
1934 1531 2206 1586 extrinse-

2200 1558 2206 1570 ι
2303 1531 2660 1603 λαμϐάνουσα
2685 1528 2902 1601 βοηθὸν,
2935 1526 3048 1582 είτε
3079 1526 3314 1595 οἴκοθεν,
3342 1526 3516 1597 ἄνπερ
3553 1527 3636 1580 καὶ
3675 1525 3803 1594 ἐστιν,

629 1630 744 1671 cus.
787 1616 998 1688 Quippe
1024 1616 1140 1672 ﬁeri
1187 1619 1413 1673 omnino
1446 1628 1646 1688 potest,
1704 1629 1764 1675 ut
1803 1618 2062 1676 feminam
2116 1621 2204 1676 in-

2200 1650 2204 1662 ι
2303 1623 2416 1678 εἴτε
2449 1622 2669 1688 ἔξωθεν.
2700 1621 2814 1675 οὐκ
2871 1620 3095 1698 ἄπορον,
3131 1619 3242 1690 γὰρ
3287 1614 3468 1690 εὑρεῖν
3499 1619 3705 1686 γυναῖκα
3740 1616 3803 1672 ἐπ’

629 1709 820 1764 venias
868 1709 956 1763 cui
987 1710 1205 1780 negotia
1253 1725 1376 1782 quae
1414 1710 1686 1767 interdum
1738 1722 2035 1769 occurrunt
2067 1712 2202 1768 diﬁl-

2201 1746 2202 1753 ι
2232 1782 2259 1784 ᾗ
2303 1715 2556 1770 ἀναθέσει
2586 1713 2694 1768 τῶν
2711 1711 3134 1784 συμπιπτόντων
3161 1701 3312 1764 ἐστὶν
3337 1710 3428 1764 ὅτε
3447 1709 3804 1780 δυστεκμάρτων

632 1800 835 1855 cillima
865 1803 1199 1870 committas,
1230 1819 1351 1875 qua:
1387 1803 1644 1874 expedire
1696 1820 1794 1877 per
1818 1820 1878 1862 se
1905 1820 2064 1862 mens
2095 1821 2203 1864 una
2231 1811 2235 1838 λ

2202 1855 2203 1860 η
2231 1782 2276 1839 Β
2309 1806 2672 1878 πραγμάτων,
2696 1782 2899 1876 ὧνττὴν
2921 1803 3078 1857 λύσιν
3125 1799 3208 1867 εἷς
3231 1801 3358 1866 νοῦς
3390 1801 3488 1872 οὐχ
3514 1795 3618 1865 οἷός
3645 1800 3695 1853 τέ
3720 1800 3805 1853 ἔστι

631 1903 896 1962 nequeat.

2301 1899 2505 1954 δοῦναι.

704 1984 941 2040 Attende
971 1984 1225 2042 similiter
1269 1987 1616 2046 subditarum
1651 2003 1899 2046 sororum
1931 1989 2206 2060 guberna-

2204 2021 2206 2030 ν
2377 1993 2543 2064 Ἔχου
2566 1990 2631 2062 δὴ
2667 1989 2870 2061 ὁμοίως
2901 1989 2995 2044 καὶ
3042 1987 3143 2058 τῆς
3187 1985 3566 2058 κυϐερνήσεως
3593 1983 3687 2036 τῶν
3731 1981 3807 2036 ὑπὸ

635 2075 771 2130 tioni
807 2092 823 2130 :
855 2093 1052 2149 regens
1083 2078 1210 2136 illas
1241 2080 1295 2135 in
1331 2079 1590 2148 Domino,
1622 2095 1745 2137 cum
1773 2081 1925 2136 omni
1953 2081 2204 2153 longani-

2302 2087 2464 2158 χεῖρα
2490 2080 2760 2152 ἀδελφῶν,
2793 2079 3178 2151 καθηγουμένη
3208 2079 3266 2132 ὲν
3305 2076 3497 2148 Κυρίῳ
3528 2073 3653 2146 μετὰ
3675 2074 3809 2141 πάσης

636 2168 827 2224 mitate
856 2179 913 2224 et
943 2169 1422 2228 commiseratione
1443 2173 1668 2244 exigens
1691 2189 1812 2244 quae
1833 2183 1962 2228 sunt
1992 2174 2201 2230 ofﬁcii:

2299 2175 2710 2250 μακροθυμίας,
2729 2171 2864 2246 μετά
2879 2169 3243 2242 συμπαθείας,
3263 2169 3401 2240 μετὰ
3413 2164 3811 2238 ὲκζητήσεωςτῶν

633 2273 813 2329 neque
851 2276 1056 2332 urgens
1081 2262 1485 2328 vehementius,
1520 2264 1614 2320 sed
1647 2264 1794 2320 sicut
1821 2264 2006 2320 nutrix
2060 2265 2205 2324 ﬁlios

2302 2267 2667 2340 ὀφειλομένων
2680 2283 2694 2297 ·
2723 2266 2856 2337 μήτε
2871 2259 3282 2326 καταπιέζουσα
3296 2258 3561 2330 σφοδρῶς,
3581 2256 3680 2312 ἀλλ’
3695 2256 3754 2320 ὡς
3767 2255 3815 2308 ἃν

635 2365 768 2406 suos
819 2351 1032 2420 fovens,
1073 2361 1353 2424 totamque
1383 2363 1434 2410 te
1487 2355 1597 2410 illis
1629 2355 1948 2427 impendens
1981 2375 1995 2411 :
2036 2357 2112 2413 ita
2146 2365 2208 2414 ut

2301 2359 2503 2432 τροφὸς
2561 2357 2742 2431 θάλπῃ
2785 2356 2855 2411 τά
2906 2354 3108 2426 ἑαυτῆς
3151 2353 3317 2408 τέκνα
3341 2391 3359 2419 ,
3415 2351 3484 2405 τὰ
3536 2349 3644 2404 κατ’
3687 2347 3814 2410 αὐτὰς

634 2443 872 2498 animam
913 2444 1088 2514 ipsam
1122 2461 1225 2516 pro
1257 2447 1367 2502 illis
1399 2462 1664 2518 exponas,
1720 2464 1898 2520 neque
1936 2448 2078 2506 freni
2105 2450 2208 2506 ha-

2305 2451 2645 2524 ἀμεισομένη
2678 2465 2694 2484 ο
2736 2451 2814 2514 ὡς
2854 2448 2948 2504 καὶ
3007 2447 3176 2518 αὐτὴν
3235 2445 3338 2516 τὴν
3387 2442 3562 2515 ψυχὴν
3612 2439 3815 2514 προέσθαι

639 2533 810 2590 benas
849 2550 879 2589 e
912 2537 1196 2591 contrario
1245 2538 1464 2608 penitus
1512 2541 1816 2608 remittens,
1870 2556 1993 2611 quae
2039 2557 2204 2599 causa

2304 2544 2448 2616 ὑπὲρ
2482 2544 2666 2598 αὐτῶν
2691 2559 2708 2577 ·
2759 2540 2883 2614 μηδ’
2913 2536 2980 2595 αὖ
3006 2541 3195 2594 ἀνεῖσα
3235 2537 3435 2600 ὑλικῶς
3451 2535 3548 2598 τὰς
3595 2533 3726 2604 ἡνίας
3747 2527 3813 2583 τοῦ

637 2640 762 2682 esse
785 2626 928 2682 solet
967 2627 1372 2696 dissolutionis,
1397 2631 1757 2698 confusionis,
1789 2643 1843 2688 et
1881 2634 2086 2690 nullius
2117 2651 2207 2692 er-

2303 2634 2525 2710 χαλινοῦ
2545 2651 2564 2668 ⁸
2614 2635 2788 2690 αἴτιον
2831 2632 2942 2704 γὰρ
2968 2632 3126 2688 τοῦτο
3179 2629 3504 2693 διαλύσεως,
3541 2623 3742 2690 ἀταξίας
3776 2635 3818 2674 τε

637 2732 702 2785 gn
734 2715 876 2771 ﬁlios
904 2719 1131 2774 amoris.
1163 2718 1283 2774 Scis
1309 2721 1586 2790 quomodo
1614 2729 1690 2784 te,
1719 2731 1985 2792 praesente
2009 2734 2203 2791 matre,

2305 2731 2403 2784 καὶ
2433 2726 2836 2798 ἀφιλοτεκνίας.
2869 2719 3032 2790 Οῐδας
3059 2725 3209 2788 ὅπως
3241 2719 3516 2790 συνούσης
3539 2718 3630 2788 τῆς
3664 2712 3820 2786 μητρὸς

637 2829 858 2882 gereres
899 2829 914 2866 :
951 2814 1061 2869 scis
1096 2815 1149 2868 in
1209 2823 1262 2870 te
1315 2817 1556 2872 omnium
1592 2817 1807 2873 illarum
1861 2819 2054 2876 oculos
2083 2828 2208 2876 tan-

2309 2822 2518 2886 ὲποίεις
2538 2838 2552 2853 ·
2576 2819 2725 2885 οἶδας
2766 2820 2850 2874 ὅτι
2877 2819 2928 2872 oi
2969 2816 3242 2887 ὀφθαλμοὶ
3287 2814 3486 2869 πασῶν
3515 2808 3677 2865 αὐτῶν
3700 2809 3762 2869 είς
3781 2803 3822 2856 σὲ

639 2922 801 2976 quam
831 2907 884 2960 in
910 2905 1081 2962 Deum
1111 2921 1232 2962 esse
1255 2923 1567 2976 conversos,
1599 2925 1892 2980 personam
1937 2920 2084 2967 tuam
2120 2912 2208 2967 in-

2307 2915 2596 2986 βλέπουσιν
2631 2912 2710 2976 ¹ὡς
2739 2913 2820 2974 είς
2878 2909 3034 2972 Θεὸν,
3075 2907 3284 2980 ὁρῶσαι
3314 2905 3382 2960 τδ
3436 2899 3705 2974 πρόσωπόν
3735 2912 3819 2959 σου,

639 2997 908 3070 tuentium
939 2997 1088 3052 velut
1112 2997 1540 3056 conciliatricem
1572 2999 1717 3070 apud
1748 2997 1941 3055 Deum.
1965 3000 2123 3068 Quod
2157 3001 2205 3058 si

2310 3005 2592 3078 μεσιτεῦον
2622 3005 2816 3068 αὐταῖς
2843 3003 2911 3058 τὰ
2935 3000 3070 3074 πρὸς
3100 3000 3285 3054 αὐτόν.
3346 2997 3413 3052 Εἰ
3440 2994 3496 3050 δὲ
3525 2993 3654 3063 αὕτη
3674 2989 3821 3052 οὕτως,

640 3089 755 3160 ipsa
807 3091 888 3144 sic
933 3103 1100 3159 agas;
1132 3089 1484 3159 perspicuum
1522 3100 1607 3146 est
1635 3091 1780 3146 aliud
1824 3091 1948 3148 illas
1997 3084 2207 3162 spirare
2239 3147 2243 3179 ι

2239 3135 2283 3191 C
2313 3096 2472 3168 δῆλον
2496 3098 2580 3152 ὅτι
2622 3096 2906 3160 κάκείναις
2953 3092 3331 3191 ‹“›ι;ί›ειλὸμενόν⁸
3363 3092 3529 3191 ἐστιν.
3698 3080 3823 3191 μητεὲῖ

642 3180 783 3235 nihil
807 3180 1036 3245 debere,
1061 3196 1226 3251 quam
1255 3183 1401 3252 quod
1437 3191 1492 3237 tu
1543 3183 1802 3253 magistra
1830 3198 1885 3240 et
1931 3186 2110 3254 cupis.
2157 3170 2245 3243 et‘

2240 3170 2283 3191 υ
2317 3187 2600 3252 ἀναπνεῖν,
2653 3183 2688 3257 ἢ
2731 3185 2870 3256 ὅπερ
2905 3184 2970 3238 σὺ
3003 3185 3039 3254 ἡ
3081 3181 3408 3244 διδάσκαλος
3447 3178 3542 3233 καὶ
3584 3175 3715 3247 ἐρᾷς,
3759 3170 3826 3224 καὶ

605 3341 608 3344 ς
641 3274 832 3344 iubes,
863 3285 917 3328 et
967 3273 1222 3330 enuntias
1249 3289 1263 3327 :
1295 3289 1520 3342 prorsus
1556 3276 1882 3346 utgenuinaa
1912 3276 2035 3332 ﬁliae
2087 3293 2208 3348 erga

2317 3277 2562 3349 ἑντέλλῃ,
2579 3275 2674 3331 καὶ
2696 3274 3036 3346 διαγορεύεις
3053 3290 3070 3306 ·
3097 3273 3196 3328 καὶ
3223 3271 3422 3334 ἁπλῶς
3443 3269 3518 3333 ὡς
3558 3267 3703 3321 τέκνα
3725 3263 3827 3330 γνή-

645 3374 918 3431 matrem,
982 3375 1044 3422 ut
1097 3365 1337 3421 membra
1393 3366 1461 3422 de
1512 3368 1756 3424 membro
1785 3384 1914 3440 erga
1946 3381 2126 3439 caput,
2157 3381 2218 3426 ut

2319 3385 2410 3424 σια
2437 3368 2574 3442 πρὸς
2605 3367 2840 3439 μητέρα,
2861 3365 2938 3430 ὼς
2967 3365 3102 3437 μέλη
3127 3366 3191 3418 ὲκ
3221 3363 3432 3435 μέρους
3461 3359 3590 3431 πρὸς
3619 3351 3824 3424 κεφαλὴνι

652 3456 817 3513 ﬁores
843 3473 971 3528 erga
1005 3459 1295 3515 rosarium.
1325 3459 1406 3515 Ad
1433 3460 1536 3517 hoc
1561 3461 1706 3517 enim
1735 3473 1788 3518 et
1818 3463 1872 3520 in
1891 3480 2057 3520 unum
2088 3482 2219 3522 con-

2317 3462 2394 3526 ὡς
2421 3460 2562 3532 ἄνθη
2597 3459 2736 3530 πρὸς
2765 3457 3048 3532 ροδωνιάν.
3090 3457 3216 3510 Ἐπὶ
3261 3454 3446 3525 τούτῳ
3470 3453 3578 3523 γὰρ
3625 3447 3706 3502 καὶ
3732 3445 3826 3509 ξλη·

676 3559 966 3614 venerunt,
986 3551 1189 3606 mundo
1218 3551 1426 3619 relicto,
1449 3560 1504 3608 et
1533 3552 1600 3609 iis
1628 3570 1749 3624 quae
1765 3555 1817 3610 in
1841 3557 2044 3612 mundo
2065 3567 2215 3626 sunt,

2315 3551 2574 3608 λύθεισαν
2611 3551 2704 3606 ἐπὶ
2740 3549 2802 3604 τὸ
2824 3548 2977 3615 αὐτὸ,
3011 3545 3421 3602 καταλιποῦσαι
3449 3544 3645 3613 κόσμον
3674 3537 3752 3593 καὶ
3777 3532 3827 3587 τὰ

661 3641 995 3712 parentibus
1020 3657 1085 3697 ac
1108 3639 1406 3710 fratribus,
1441 3645 1764 3702 necessariis
1801 3657 1856 3702 et
1887 3648 2102 3713 amicis,
2137 3649 2218 3704 fa-

2317 3647 2380 3700 ὲν
2413 3645 2627 3715 κόσμῳ,
2657 3645 2836 3712 γονεῖς
2866 3660 2927 3696 τε
2945 3642 3043 3697 καὶ
3079 3639 3374 3709 ἀδελφοὺς,
3399 3637 3628 3698 οίκείους
3660 3632 3738 3686 καὶ
3766 3627 3829 3696 (pl-

666 3733 965 3789 cultatibns
986 3743 1040 3788 et
1063 3734 1241 3789 carnis
1269 3733 1571 3804 affectibus,
1597 3737 1904 3793 caelibatum
1931 3741 2214 3810 amplexae,

2317 3735 2467 3804 λους,
2497 3733 2761 3807 ὑπάρξεις
2790 3750 2851 3787 τε
2874 3733 2968 3788 καὶ
2992 3731 3208 3804 σχέσεις
3231 3729 3468 3802 σαρκὸς,
3496 3726 3705 3794 ἀζυγίαν
3723 3723 3826 3786 ἀτα-

646 3826 991 3895 Christoque
1021 3825 1306 3894 desponsae
1342 3841 1359 3880 :
1384 3836 1444 3882 ut
1469 3836 1657 3883 sancte
1680 3838 1734 3883 et
1760 3831 2215 3898 quemadmodum

2320 3829 2589 3899 πήσασαι,
2624 3826 2722 3880 καὶ
2763 3825 2998 3896 Χριστὸν
3045 3823 3532 3895 νυμφευσάμεναι.
3579 3819 3683 3872 Ἵνα
3706 3813 3830 3872 ὁσίως

645 3915 891 3986 virgines
926 3915 1086 3970 decet
1131 3915 1396 3983 viventes,
1435 3932 1662 3988 regnum
1707 3920 1974 3976 caelorum
2020 3937 2218 3978 conse-

2315 3923 2410 3978 καὶ
2437 3919 2904 3992 παρ-θενοπρεπῶς
2941 3917 3201 3990 ζήσασαι,
3230 3914 3682 3988 κληρονομήσουσι
3709 3907 3825 3978 βασι⁴

647 4017 905 4077 quanlur,
933 4007 1245 4076 intrentque
1274 4023 1396 4063 cum
1421 4007 1642 4066 Christo
1670 4011 1725 4065 in
1751 4011 2028 4070 cmlestem
2060 4014 2214 4070 illum

2313 4011 2464 4066 λείαν
2485 4009 2763 4083 οὐρανῶν
2812 4009 2910 4064 καὶ
2947 4008 3009 4062 τὸ
3040 4009 3180 4079 μετά
3225 4005 3473 4077 Χριστοῦ
3515 4001 3750 4058 εἰσελθεῖν
3773 3996 3830 4056 εἰς

651 4109 705 4152 et
733 4097 1067 4154 ineﬁ‘abilem
1094 4098 1396 4153 thalamum
1427 4100 1748 4170 nuptialem.
1782 4097 1913 4159 Tale
1944 4113 1998 4159 et
2029 4105 2134 4162 illis
2161 4114 2217 4162 et

2314 4109 2406 4160 τὸν
2456 4105 2710 4177 οὐράνιον
2763 4103 2976 4158 ἐκεῖνον
3021 4099 3119 4156 καὶ
3175 4097 3548 4169 ἀνεκλάλητον
3598 4089 3829 4164 νυμφῶναο

648 4189 764 4254 tibi,
825 4190 1066 4252 domina,
1120 4199 1396 4245 certamen
1488 4200 1572 4246 est
1625 4200 1680 4246 et
1735 4192 2056 4262 professio:
2092 4210 2216 4266 pro-

2313 4196 2568 4252 Τοιοῦτον
2595 4194 2691 4251 καὶ
2713 4195 2904 4257 αὐταῖς
2933 4193 3027 4248 κοιλ⁴
3042 4193 3152 4258 σοὶ,
3171 4191 3372 4263 κυρία,
3392 4191 3457 4245 τὸ
3482 4188 3745 4258 ἀγώνισμα
3762 4179 3831 4235 καὶ

649 4281 775 4336 inde
800 4281 928 4336 huic
963 4281 1310 4336 attendamus
1350 4301 1363 4336 :
1407 4281 1463 4336 in
1486 4281 1589 4338 hac
1617 4299 1959 4352 moveamur,
1981 4292 2037 4340 et
2062 4286 2213 4340 viva-

2315 4287 2672 4358 ἐπάγγελμαο
2713 4284 2892 4356 τούτῳ
2924 4285 3019 4338 καὶ
3060 4283 3430 4357 προσέχωμεν
3457 4298 3470 4312 ·
3507 4283 3565 4334 δν
3593 4269 3830 4346 τούτῳκαὶ

651 4387 776 4426 mus
807 4390 820 4425 :
865 4386 974 4425 non
1003 4371 1109 4425 huc
1143 4379 1198 4424 et
1233 4371 1362 4426 illnc
1387 4371 1766 4442 respicientes,
1794 4376 1938 4444 quod
1967 4376 2049 4431 sic
2078 4375 2214 4431 illud

2313 4376 2593 4449 κινώμεθα
2637 4375 2733 4429 καὶ
2769 4372 3042 4446 διαξῶμεν
3065 4391 3080 4405 ⁸
3120 4373 3196 4446 μὴ
3226 4373 3636 4428 ἀποϐλέπουσαι
3685 4360 3769 4422 ὧδέ
3790 4378 3831 4415 τι

650 4463 1066 4526 monasterium,
1101 4463 1183 4517 vel
1214 4464 1294 4519 sic
1329 4464 1478 4519 aliud
1521 4466 1939 4522 monasterium.
1976 4463 2210 4522 Noxium
2243 4476 2253 4531 1

2243 4476 2289 4531 D
2316 4468 2496 4533 κάκεῖ,
2529 4467 2610 4520 ὅτι
2638 4464 2812 4530 οὕτως
2845 4465 3022 4518 ἐκεῖνο
3048 4463 3110 4516 τὸ
3159 4464 3551 4533 μοναστήριον,
3582 4459 3667 4513 καὶ
3698 4453 3831 4512 οὕτως

651 4556 754 4609 hoc
795 4564 876 4610 est
906 4572 920 4608 :
956 4569 1078 4609 cum
1105 4569 1171 4608 ex
1227 4563 1619 4625 praeceptorum
1673 4570 1862 4609 norma
1899 4555 2077 4610 metiri
2110 4572 2213 4613 nos

2312 4557 2374 4611 τὸ
2401 4557 2530 4613 ἄλλο
2580 4556 2964 4627 μοναστήριον.
3024 4553 3296 4624 Βλαϐερδν
3354 4552 3552 4607 τοῦτο’
3584 4553 3646 4621 τῇ
3689 4543 3830 4610 ἐντολῇ

648 4648 967 4713 debeamus,
997 4664 1104 4702 non
1132 4657 1312 4702 autem
1343 4663 1410 4702 ex
1462 4647 1678 4703 vicinis.
1712 4645 1850 4702 Hinc
1874 4647 2020 4702 enim
2054 4664 2214 4704 nemo

2313 4650 2395 4704 δεῖ
2422 4652 2798 4721 παραμετρεῖν
2828 4648 3075 4710 ἑαυτοὺς,
3122 4645 3260 4699 ἀλλά
3299 4645 3378 4717 μὴ
3397 4648 3514 4708 τοῖς
3543 4642 3716 4703 πέλας.
3744 4637 3831 4688 Ἕνα

653 4741 965 4808 assequitur
990 4749 1046 4795 ut
1078 4750 1224 4797 recte
1247 4741 1482 4806 incedat,
1517 4739 1734 4810 Deoque
1750 4740 1912 4810 digne
1953 4742 2210 4800 ambulet.

2312 4743 2502 4796 τεῦθεν
2528 4742 2636 4812 γὰρ
2660 4741 2758 4794 οὐκ
2783 4739 3005 4810 ἔρχεταί
3044 4755 3130 4802 τις
3164 4740 3246 4802 είς
3279 4739 3340 4792 τὸ
3387 4735 3712 4810 ὀρθοποὸεῖν,
3743 4724 3831 4781 οὐδὲ

653 4825 791 4891 Quia
815 4842 1054 4896 praesens
1087 4839 1220 4885 aetas
1243 4829 1523 4900 negligens
1548 4837 1654 4890 est,
1690 4839 1744 4883 et
1770 4829 1838 4883 ab
1876 4838 2068 4885 exacta
2097 4831 2214 4888 dis-

2313 4831 2632 4904 θεοπρεπῶς
2682 4829 3029 4902 πορεύεσθαι.
3087 4828 3314 4902 Ἐπειδὴ
3347 4829 3385 4899 ή
3439 4826 3683 4896 παροῦσα
3707 4815 3826 4889 γενεαὶ

653 4918 853 4985 ciplina
903 4920 1150 4988 descivit,
1179 4932 1235 4976 et
1280 4923 1347 4976 ab
1375 4937 1439 4976 ea
1486 4922 1698 4977 vivendi
1731 4923 1976 4992 regulam
2028 4930 2216 4993 petere

2313 4923 2410 4979 καὶ
2435 4923 2701 4994 ὀλίγωρός
2753 4924 2921 4988 ἐστιν,
2965 4921 3311 4975 ἐκλελοιπυῖα
3351 4923 3454 4974 τοῦ
3501 4911 3831 4990 ὴκρισωμένου

650 5026 852 5066 vanum
880 5022 1045 5067 estet
1083 5014 1309 5081 inutile;
1375 5017 1500 5071 illuc
1545 5025 1856 5086 spectemus
1902 5017 1995 5072 ubi
2021 5024 2209 5073 sancta

2316 5015 2454 5086 βίου,
2487 5015 2582 5070 καὶ
2610 5016 2670 5068 τὸ
2695 5014 2791 5068 ἀπ’
2816 5013 2986 5083 αὐτῆς
3015 5011 3399 5077 κανονίζεσθαι
3436 5010 3604 5064 ἕωλον
3632 5007 3716 5060 καὶ
3732 5002 3831 5055 ἀλυ-

653 5102 766 5158 vita
795 5114 860 5158 et-
879 5103 1110 5159 Domino
1134 5107 1352 5176 placens
1373 5107 1724 5177 resplenduit.
1758 5105 1945 5174 Vides,
1978 5123 2132 5163 soror
2159 5118 2212 5162 et

2317 5105 2524 5170 σιτελές
2547 5121 2560 5135 ·
2591 5105 2709 5159 ἐκεῖ
2745 5104 3040 5174 σκοπῶμεν
3065 5099 3126 5158 οἶ)
3155 5107 3183 5158 ὁ
3213 5103 3364 5175 ἱερὸς
3401 5102 3543 5174 βίος,
3574 5099 3692 5154 ἔνθα
3714 5095 3835 5162 ελαμ·

657 5209 746 5250 ma
761 5203 841 5249 ter
861 5196 1184 5266 spiritualis,
1217 5198 1671 5265 quemadmodum
1707 5197 1887 5268 adegit
1923 5213 2010 5253 me
2033 5198 2214 5253 chari-

2311 5197 2410 5268 ψεν
2435 5199 2468 5268 ἡ
2495 5197 2853 5268 εὐαρέστησις
2883 5195 3094 5267 Κυρίῳ.
3126 5194 3311 5267 ὐρᾷς,
3347 5194 3556 5263 ἀδελφὴ
3580 5191 3666 5244 καὶ
3693 5189 3833 5258 μήτηρ

657 5299 746 5344 tas
776 5287 868 5344 Dei
909 5288 1132 5344 liberius
1159 5289 1299 5359 apud
1331 5303 1428 5344 vos
1455 5290 1636 5360 loqui?
1673 5288 1817 5344 Nihil
1840 5291 2072 5360 amplius
2097 5290 2214 5346 fac-

2311 5288 2681 5361 πνευματικὴ,
2705 5289 2856 5352 ὅπως
2885 5305 2952 5360 με
2974 5289 3286 5357 ἠνάγκασεν
3301 5288 3337 5358 ἡ
3369 5287 3518 5340 κατά
3539 5284 3664 5339 Θεὸν
3689 5278 3834 5348 ἀγάπη

658 5389 824 5440 tnr’us
851 5399 1022 5446 erum,
1048 5383 1092 5436 si
1120 5383 1186 5438 ad
1211 5383 1383 5452 ipsam
1411 5393 1686 5452 parentem
1711 5398 1888 5437 meam
1921 5394 1976 5438 et
2002 5398 2214 5453 germa-

2311 5380 2796 5454 παρῤησιασθῆναι
2845 5383 2906 5434 ὲν
2953 5379 3115 5451 ὑμῖν;
3149 5379 3299 5434 οὐδὲν
3344 5377 3516 5432 πλέον
3557 5373 3756 5446 ἔμελλον
3787 5367 3834 5418 ἂν

663 5492 764 5530 nas
793 5488 1010 5530 sorores
1031 5474 1197 5528 verba
1228 5472 1498 5530 fecissem.
1535 5473 1900 5544 Praeterquam
1930 5475 2072 5543 quod
2095 5490 2213 5528 om-

2311 5475 2506 5536 ποιεῖν,
2530 5474 2578 5526 εί
2606 5472 2742 5544 πρὸς
2771 5471 2986 5544 μητέρα
3019 5471 3121 5544 τὴν
3149 5471 3302 5543 ἐμὴν,
3328 5472 3429 5525 καὶ
3467 5469 3602 5542 πρὸς
3646 5457 3836 5530 ἀδελφὰς

654 5583 756 5623 nes
783 5582 982 5636 corpus
1013 5565 1215 5622 Christi
1255 5581 1470 5632 sumus,
1509 5574 1562 5620 et
1609 5580 1776 5620 unum
1804 5565 2020 5621 Patrem
2055 5566 2210 5621 invo-

2311 5563 2454 5620 κατά
2488 5563 2668 5636 σάρκα
2697 5559 2764 5633 ἢν
2796 5581 2889 5634 μοι
2932 5562 3294 5632 διαλέγεσθαι.
3347 5563 3505 5633 Πλὴν
3539 5561 3619 5614 ὅτι
3671 5556 3835 5610 πάντες

654 5673 846 5715 camus
875 5659 1076 5714 bonum
1123 5656 1295 5713 Deum
1343 5666 1616 5714 nostrum.
1650 5655 1828 5723 Quare
1855 5653 2051 5710 fratres
2080 5670 2212 5726 quo-

2312 5654 2474 5726 σῶμά
2496 5656 2666 5726 ἐσμεν
2691 5654 2956 5727 Χριστοῦ,
2990 5656 3084 5710 καὶ
3104 5654 3201 5710 ἕνα
3227 5653 3447 5725 πατέρα
3473 5641 3834 5716 ἐπικαλώμεθα

659 5765 768 5819 que
794 5764 985 5807 omnes
1015 5750 1264 5818 invicem,
1294 5756 1364 5828 et_
1381 5764 1580 5830 corpus
1611 5762 1801 5813 unum,
1825 5755 1879 5803 et
1899 5753 2205 5814 consortes,

2307 5746 2402 5803 τὸν
2421 5745 2630 5819 ἀγαθὸν
2659 5746 2792 5805 Θεὸν
2827 5747 3008 5820 ἡμῶν.
3038 5747 3205 5803 ’Ὥστε
3233 5745 3458 5816 ἀδελφοὶ
3497 5744 3686 5805 πάντες
3706 5734 3834 5804 (934‘

3966 2863 3967 2880 l

3965 2915 3967 3008 l

3965 3599 3967 3632 l

3965 3939 3967 3970 l

3966 4031 3967 4052 ι

3966 4127 3967 4144 l

3966 4467 3967 4496 l

3965 3939 3967 3970 ι

3965 4061 3967 4112 l

3966 4467 3967 4512 ι

3965 4619 3967 4680 l

3965 4881 3967 4908 l

3966 5047 3967 5064 l
