4060 6374
246 415 382 481 1385
537 433 540 436 ’
1450 424 1829 487 EPISTULA]

1934 429 1988 488 Μ
2016 427 2160 488 LIB.
2203 428 2287 487 II.
3379 427 3513 492 1386

236 527 371 590 λων,
399 529 492 584 καὶ
527 529 826 601 σῦσσωμοι,
861 531 957 584 καὶ
985 533 1345 603 συμμέτοχοι,
1377 537 1472 588 καὶ
1510 537 1819 608 συγκληρο-

1930 549 1978 594 et
2027 539 2362 594 cohaeredes.
2423 539 2602 610 Atque
2641 537 2768 594 inde
2800 546 2887 593 est
2928 539 3078 610 quod
3114 554 3218 594 nos
3277 539 3512 596 salutem

239 621 417 694 νόμοι.
448 621 756 677 Κάντεῦθεν
777 619 838 674 τὸ
858 623 1032 688 φιλεῖν
1053 625 1202 694 ἡμᾶς
1229 626 1325 680 καὶ
1353 627 1623 692 σώζεσθαι
1646 629 1816 699 ὑμᾶς,

238 715 343 768 καθ
359 733 493 785 ιπερ
519 714 708 783 ἀγαπᾷ
742 711 966 784 Κύριος,
992 716 1086 769 καὶ
1111 715 1450 773 ἐντέταλται.
1488 721 1698 792 Εἰρήνη
1725 737 1810 774 σοι

235 809 302 876 τῇ
345 807 506 878 κυρία
537 805 738 876 μητρί.
769 805 975 878 Εἰρήνη
1010 812 1132 874 ταῖς
1178 811 1437 881 ἀδελφαῖς
1493 815 1550 866 ἐν
1596 812 1821 884 Χριστῷ

251 898 423 969 Ἰησοῦ
453 896 531 959 τῷ
555 898 746 969 Κυρίῳ
765 900 798 970 ἡ
808 899 946 970 μῶν.
988 901 1186 974 Ἀμήν.

443 1091 449 1095 _
516 1009 660 1079 qu”
688 1009 825 1083 (12).
863 1041 936 1053 --
978 1013 1226 1085 Ἰωάννῃ
1265 1015 1535 1086 ἐρημίτῃ.
1615 1013 1816 1088 [χμη⁹.]

1927 642 2167 689 vestram
2229 647 2484 687 amamus
2533 631 2676 687 sicut
2719 641 2869 688 amat
2925 631 3216 699 Dominus,
3265 645 3330 688 ac
3371 632 3517 688 sicut

1927 732 2256 794 praeceptum
2332 731 2438 778 est.
2498 719 2616 776 Pax
2681 721 2778 777 tibi
2830 721 3071 778 dominae
3141 720 3323 776 matri.
3399 719 3514 776 Pax

1928 815 2228 873 sororibus
2261 816 2318 872 in
2353 814 2578 872 Christo
2605 813 2741 872 Jesu
2787 814 3024 872 Domino
3063 825 3282 872 nostro.
3314 815 3513 872 Amen.

2331 1010 2518 1066 CXVI.
2545 1043 2616 1053 —
2635 1013 2833 1069 Joannt
2864 1015 3119 1070 eremitat.

998 1127 1076 1178 De
1105 1131 1314 1192 quodam
1349 1129 1562 1180 eremita
1583 1128 1823 1180 heretico
1841 1127 1900 1177 ad
1932 1125 2081 1176 tidem
2113 1125 2406 1177 catholicam
2434 1127 2742 1178 adducenda.

321 1215 462 1282 Ἡδὺ¹
480 1228 659 1302 θέαμα
683 1230 888 1286 ὁπόταν
916 1250 1003 1296 τις
1045 1233 1318 1302 θεάσοιτο,
1343 1235 1502 1290 τοῦτο
1532 1237 1628 1291 καὶ
1681 1234 1823 1305 μετά

239 1320 340 1392 τὴν
380 1323 734 1395 ἀναχώρησιν
783 1327 866 1390 εἰς
903 1327 1030 1382 νοῦν
1062 1327 1152 1382 ἀεὶ
1201 1330 1539 1401 ἀναθεωρεῖν
1605 1328 1820 1383 εἴωθεν.

241 1417 430 1480 Οὕτως
464 1413 557 1472 οὖν
585 1418 682 1472 καὶ
725 1421 888 1491 ἡμεῖς
916 1425 966 1476 οί
1009 1421 1282 1487 ταπεινοὶ,
1315 1424 1628 1494 θεοτίμητε,
1675 1419 1825 1486 ἆπαξ

243 1525 306 1561 σε
341 1509 656 1579 βλέψαντες,
687 1513 784 1566 καὶ
827 1512 1193 1585 ὡμιληκότες,
1231 1516 1334 1570 οὐκ
1375 1513 1824 1584 ὲπιλελήσμεθα’

241 1601 379 1654 ἀλλὰ
401 1603 810 1674 φανταζόμενον
833 1605 1030 1678 ἔχομεν
1053 1607 1112 1661 ὲν
1138 1609 1204 1679 τῇ
1235 1607 1444 1679 διανοίᾳ
1468 1623 1482 1636 °
1507 1605 1645 1660 αὐτὸ
1667 1604 1827 1659 τοῦτο

243 1693 572 1765 γαννύμενοι
619 1697 754 1768 ὁρᾷν
802 1697 1093 1770 ἄνθρωπον
1135 1698 1296 1764 Θεοῦ,
1339 1697 1619 1771 προσώπῳ
1646 1714 1708 1750 τε
1729 1695 1826 1749 καὶ

241 1785 434 1858 ὁμιλίᾳ
468 1787 632 1860 χάριν
676 1787 830 1844 θείαν
863 1790 1173 1861 λάμποντα,
1240 1792 1336 1845 καὶ
1384 1791 1466 1855 εἰς
1515 1787 1828 1858 δοξολογίαν

244 1880 382 1935 Θεοῦ
424 1884 893 1956 προτρεπόμενον.
933 1885 1134 1956 Ἕσχες
1161 1884 1220 1939 δὲ
1245 1883 1406 1938 τοῦτο
1461 1885 1530 1956 τῇ
1583 1883 1826 1955 ὲρημικῇ

248 1971 506 2044 μονώσει,
559 1977 655 2030 καὶ
706 1979 773 2049 τῇ
831 1979 1208 2050 προσευκτικῇ
1253 1975 1651 2049 προσελεύσειο
1688 1975 1830 2045 λαμ-

246 2065 514 2135 πρυνθεὶς
559 2066 876 2133 Μωσαῖκῶς
941 2069 1044 2140 τὴν
1097 2067 1222 2138 ὄψιν
1276 2068 1383 2140 πρὸ
1437 2066 1534 2122 τοῦ
1579 2067 1826 2140 ἀρρήτου

244 2159 439 2227 φάους.
468 2159 562 2213 Διὸ
603 2159 697 2214 καὶ
737 2156 903 2226 αὖθις
947 2161 1250 2233 γλιχόμεθά
1307 2178 1368 2215 σε
1429 2159 1818 2226 κατοπτεῦσαι,

242 2253 344 2305 καὶ
378 2255 783 2324 συμμετασχεῖν
811 2253 922 2307 τῶν
945 2255 1006 2308 ὲν
1041 2253 1124 2307 σοί
1159 2253 1424 2325 χαρίτων,
1459 2252 1606 2307 κατά
1636 2251 1822 2306 δευτέ-

243 2360 417 2412 ρωσιν
448 2343 770 2412 ἁγιαστικοῦ
813 2346 1244 2418 μετουσιαομοῦ,
1284 2347 1348 2400 σὺ
1383 2347 1519 2420 πρὸς
1545 2347 1700 2414 Θεὸν,
1731 2346 1830 2400 καὶ

237 2439 409 2506 ἡμεῖς
436 2437 588 2509 παρὰ
619 2437 738 2492 σοῦ.
783 2437 950 2512 Ὁρᾷς
977 2440 1100 2494 ὅσον
1127 2458 1186 2494 σε
1237 2441 1370 2505 Θεὸς
1393 2441 1670 2507 ἐδόξασεν,
1704 2441 1829 2494 ἐπεὶ

238 2529 503 2594 ἐδόξασας
522 2530 689 2584 αὐτόν
715 2548 729 2599 ;
765 2531 904 2586 ἀλλά
937 2533 1033 2586 καὶ
1070 2531 1151 2586 ἔτι
1178 2531 1454 2599 δοξάσειεν
1481 2535 1541 2586 ὲν
1567 2534 1712 2588 τέλει
1732 2532 1828 2587 τοῦ

239 2622 389 2694 βίου,
413 2622 853 2694 ἀποπεραίνοντα
871 2624 1036 2691 ἀξίως
1059 2625 1152 2678 τὸν
1182 2625 1403 2697 δρόμον.
1437 2626 1600 2696 Ἡμῖν
1632 2625 1689 2679 δὲ
1716 2628 1829 2690 τοῖς

238 2716 590 2789 ἁμαρτωλοῖς
618 2715 802 2782 εὔξαιο
835 2717 939 2772 κᾶν
963 2718 1234 2789 ἄρξασθαι
1266 2719 1358 2772 τοῦ
1387 2720 1658 2792 σωτηρίου
1704 2720 1830 2792 δρό-

239 2824 386 2880 μου·
444 2810 673 2881 ὲπείπερ
707 2809 926 2880 μακρὰν
984 2811 1092 2864 ἀπὸ
1132 2811 1267 2865 Θεοῦ
1315 2812 1368 2865 οἱ
1419 2812 1714 2884 ἐλάχιστοι.
1764 2813 1830 2867 Ἡ

235 2899 437 2972 πρώτη
464 2901 691 2974 ἐπιϐολὴ
719 2899 814 2956 τοῦ
837 2903 996 2973 λόγου
1023 2906 1078 2956 ἐν
1101 2903 1334 2969 τούτοις.

315 3082 414 3146 Τίς
446 3084 479 3153 ἡ
511 3083 772 3155 δευτέρα;
818 3085 955 3157 Περὶ
987 3085 1314 3140 Θεοκτίστου
1368 3085 1464 3140 τοῦ
1520 3087 1784 3160 ὲρημίτου
1812 3104 1828 3121 ο

236 3174 300 3237 ὃς
337 3175 487 3239 ὅπως
537 3175 802 3248 διερῤάγη
847 3177 906 3244 ἐξ
945 3177 1244 3249 αἰρετικῶν
1297 3196 1462 3232 τινων
1519 3179 1831 3234 ὑποθέσεων

237 3265 341 3320 τοῦ
390 3255 641 3336 σώματος
669 3267 772 3338 τῆς
813 3269 1168 3340 Ἐκκλησίας,
1219 3270 1384 3333 αὐτὸς
1423 3271 1582 3342 ἡμῶν
1630 3270 1832 3341 μᾶλλον

237 3357 563 3422 ἐπίστασαι,
594 3357 917 3427 τιμιώτατε.
969 3359 1118 3430 Πλὴν
1168 3361 1250 3414 ὅτι
1295 3360 1392 3415 καὶ
1427 3363 1589 3433 ἡμεῖς
1623 3360 1832 3433 προπέ-

1999 1230 2056 1284 Si
2086 1231 2396 1301 jucundum
2424 1233 2807 1303 spectaculum
2825 1233 3028 1290 viderit
3057 1233 3359 1306 quispiam,
3385 1236 3514 1300 hor,

1923 1330 1980 1378 et
1999 1334 2293 1394 postquam
2327 1327 2641 1392 recesserit,
2668 1327 2858 1381 animo
2883 1341 3102 1398 semper
3124 1327 3326 1384 intueri
3352 1331 3514 1386 solet.

1932 1411 2028 1468 Sic
2062 1415 2231 1484 igitur
2257 1423 2312 1470 et
2340 1431 2445 1472 nos
2499 1417 2762 1483 humiles,
2793 1418 2880 1472 vir
2907 1433 2938 1474 a
2979 1417 3092 1475 Deo
3137 1419 3424 1488 honorate,
3449 1438 3517 1477 ex

1926 1520 2038 1575 quo
2063 1515 2117 1560 te
2149 1508 2318 1562 semel
2351 1508 2595 1563 vidimus
2625 1519 2680 1564 et
2731 1509 2902 1566 locuti
2933 1521 3117 1568 tecum
3159 1529 3378 1580 sumus,
3411 1515 3521 1568 mi-

1927 1595 2079 1651 nime
2109 1597 2265 1652 obliti
2298 1615 2516 1664 sumus;
2560 1599 2657 1654 sed
2683 1601 3017 1672 impressum
3047 1605 3217 1658 menti
3249 1607 3516 1675 gerimus.

1931 1687 2086 1744 illum
2113 1689 2292 1761 ipsum
2318 1693 2504 1748 videre
2523 1694 2817 1762 gestientes
2845 1695 3123 1752 hominem
3145 1697 3260 1765 Dei,
3286 1709 3340 1754 et
3366 1700 3516 1754 vultu

1927 1787 1984 1834 et.
2020 1783 2208 1837 verbis
2272 1783 2514 1838 divinam
2572 1787 2808 1852 gratiam
2847 1789 3176 1856 Spirantem,
3211 1799 3266 1844 et.
3325 1791 3390 1845 ad
3423 1789 3518 1845 Dei

1929 1872 2120 1930 laudes
2155 1875 2500 1932 incitantem.
2538 1879 2657 1934 Hoc
2681 1895 2815 1934 vero
2846 1881 3077 1951 adeptus
3127 1898 3187 1938 es
3235 1883 3518 1938 eremitica

1929 1967 2250 2037 solitudine,
2285 1981 2339 2026 et
2379 1971 2648 2027 orationis
2683 1974 3146 2043 frequentatione,
3182 1975 3380 2032 faciem
3427 1993 3520 2047 ge-

1933 2075 2063 2118 rens
2108 2061 2310 2135 Moysis
2353 2063 2530 2119 instar
2575 2063 2842 2120 ineffabili
2883 2066 3006 2122 luce
3054 2068 3518 2138 resplendentem.

1935 2153 2204 2222 Quocirca
2237 2165 2300 2212 et’
2331 2156 2526 2218 iterum
2554 2157 2756 2212 intueri
2811 2168 2862 2213 te
2883 2159 3161 2229 cupimus,
3222 2169 3278 2215 et
3333 2159 3521 2232 gratiae

1930 2248 2201 2304 donorum
2234 2265 2355 2318 quia:
2377 2251 2431 2304 in
2459 2259 2510 2304 te
2535 2259 2667 2304 sunt
2707 2249 3005 2320 participes
3037 2251 3176 2316 tleri,
3213 2265 3279 2307 ac
3310 2253 3519 2308 sancti-

1932 2341 2062 2396 tatis
2101 2358 2267 2413 quam
2318 2351 2374 2397 tu
2423 2357 2454 2397 a
2500 2343 2636 2406 Deo,
2691 2357 2794 2398 nos
2846 2342 2946 2398 abs
2987 2350 3061 2408 te,
3104 2345 3292 2398 minus
3334 2353 3516 2399 tamen

1931 2449 2098 2506 quam
2129 2444 2335 2505 quanta
2367 2434 2422 2489 in
2458 2443 2510 2490 te
2563 2443 2668 2498 est,
2722 2435 3070 2491 hauriemus.
3113 2434 3282 2491 Vides
3311 2446 3515 2506 quanta

1933 2536 1987 2582 te
2021 2526 2166 2583 Deus
2191 2529 2367 2598 gloria
2423 2526 2689 2594 alIecerit,
2719 2528 2998 2598 quoniam
3037 2538 3097 2583 tu
3153 2528 3307 2583 illum
3345 2531 3516 2601 gloria

1933 2622 2203 2678 aﬂ‘ecisti?
2257 2622 2437 2692 Atque
2475 2623 2688 2677 utinam
2725 2636 2928 2677 ornare
2971 2631 3022 2677 te
3074 2633 3268 2693 pergat
3316 2623 3371 2678 in
3414 2622 3521 2677 line

1933 2715 2078 2779 vitm,
2099 2715 2435 2770 curriculum
2455 2722 2515 2768 ut
2538 2730 2636 2780 par
2659 2723 2742 2769 est
2757 2713 3154 2769 absolventem.
3173 2712 3253 2768 Tu
3277 2731 3406 2770 vero
3424 2731 3522 2785 pra

1932 2806 2093 2861 nobis
2125 2819 2223 2859 ora
2256 2805 2660 2876 peccatoribus,
2711 2812 2772 2858 ut
2822 2804 2907 2858 vel
2935 2803 3267 2858 inchoemus
3314 2807 3522 2858 saluta-

1932 2915 2050 2953 rem
2079 2914 2344 2964 cursum;
2377 2897 2579 2968 quippe
2604 2897 2696 2968 qui
2728 2913 2759 2952 a
2783 2896 2894 2952 Deo
2927 2897 3096 2967 longe,
3123 2897 3391 2952 absumus
3426 2899 3525 2951 ho-

1933 2991 2202 3048 munculi.
2233 2992 2415 3061 Atque
2443 2991 2546 3046 hoc
2575 2991 2812 3059 primum
2842 2989 3115 3045 orationis
3152 2993 3520 3060 prOpositum.

2004 3085 2291 3153 Quodnam
2323 3085 2558 3140 alterum
2580 3083 2604 3137 ?
2625 3085 2700 3138 De
2729 3082 3060 3139 Theoctisto
3114 3084 3341 3138 eremita
3377 3099 3393 3138 ι
3427 3083 3524 3153 qui

1933 3194 2175 3250 quonam
2212 3179 2378 3234 modo
2415 3194 2512 3249 per
2542 3177 2838 3233 hmreticas
2885 3178 3155 3248 quasdam
3191 3177 3528 3248 quaestiones

1934 3270 2003 3325 ab
2037 3270 2301 3326 Ecclesia:
2331 3285 2567 3340 corpore
2596 3269 2848 3325 divulsus
2889 3272 2981 3336 sit,
3015 3270 3134 3340 ipse
3169 3273 3311 3326 nosti
3333 3271 3530 3326 melius

1936 3377 2103 3434 quam
2149 3377 2271 3428 nos,
2309 3361 2795 3417 reverendissime.
2829 3361 3092 3416 Attamen
3116 3371 3172 3417 et
3200 3361 3305 3432 ipsi
3356 3378 3531 3432 nuper

242 3463 374 3518 ρυσι
405 3447 806 3520 πλησιάσαντες
836 3453 951 3514 τοῖς
984 3450 1108 3504 καθ’
1144 3452 1295 3522 ἡμᾶς
1329 3451 1394 3525 μ’.
1423 3452 1592 3525 ὑμᾶς]
1625 3453 1829 3507 ἐνδιαι-

1935 3455 2002 3508 ad
2054 3453 2284 3508 cellulas
2315 3461 2528 3509 vestras
2579 3469 2713 3509 cum
2744 3453 3118 3524 venissemus,
3167 3453 3236 3507 de
3287 3453 3532 3508 hominis

235 3542 508 3611 τήμασιν,
543 3542 886 3614 ἐξεμάθομεν
914 3544 1068 3615 παρὰ
1103 3543 1214 3598 τῶν
1250 3546 1470 3599 εἰδότων
1510 3546 1580 3601 τὰ
1604 3545 1700 3600 τοῦ
1733 3548 1831 3600 ἀν-

1936 3545 2102 3600 rebns
2144 3561 2211 3600 ex
2248 3546 2317 3600 iis
2363 3545 2456 3615 qui
2513 3554 2782 3600 noverant
2813 3545 3128 3598 didicimus.
3181 3543 3328 3610 Quin
3362 3544 3528 3598 etiam

234 3635 393 3706 δρός.
428 3636 502 3688 Οὐ
532 3635 638 3706 μὴν
668 3635 802 3690 ἀλλά
833 3637 926 3690 καὶ
954 3637 1043 3689 διὰ
1063 3638 1413 3708 γραμμάτων
1435 3639 1829 3711 ὑπεμνήσαμεν

1936 3653 2035 3709 per
2068 3638 2281 3692 litteras
2316 3637 2846 3693 commonefecimus
2887 3637 3202 3706 hortatique
3227 3653 3442 3704 sumus,
3475 3647 3536 3690 ut

235 3729 343 3782 καὶ
376 3727 829 3800 παρεκαλέσαμεν
849 3729 1188 3800 ἀποσχέσθαι
1213 3731 1377 3785 αὐτὸν
1405 3731 1514 3784 τῶν
1541 3731 1829 3784 σκοτεινῶν

1935 3730 2006 3784 ab
2054 3729 2416 3784 tenebric05ts
2475 3728 2586 3783 illis
2651 3738 2706 3784 et
2751 3729 3115 3784 daatnoniacis
3175 3731 3534 3783 sermonibus

234 3820 474 3874 ἐκείνων
501 3819 595 3874 καὶ
625 3820 1023 3892 δαιμονοποιῶν
1051 3820 1406 3893 φθεγμάτων,
1443 3822 1746 3905 ὀρθοδρξεῖν
1778 3823 1829 3877 δὲ

1937 3823 2264 3888 abstineret,
2327 3833 2382 3877 et
2429 3821 2738 3877 orthodoxe
2778 3823 2967 3894 potius
3010 3823 3241 3877 sentiret
3293 3833 3407 3877 tum
3465 3825 3534 3876 de

236 3913 454 3986 μᾶλλον
471 3913 564 3967 ὲπί
589 3931 651 3968 τε
671 3915 771 3985 τῆς
800 3913 1077 3984 παναγίας
1090 3915 1379 3981 Θεοτόκου,
1408 3917 1504 3970 καὶ
1526 3917 1636 3971 τῶν
1657 3917 1829 3972 ἄλλων

1939 3915 2289 3972 Sanctissima
2325 3913 2583 3984 Deipara,
2617 3925 2732 3970 tum
2788 3917 2853 3970 de
2887 3915 3012 3969 aliis
3044 3915 3342 3983 capitibus.
3377 3914 3534 3969 Nune

230 4005 487 4078 τρόπων.
521 4004 638 4060 Νῦν
662 4003 758 4060 οὖν
788 4007 1052 4079 Νικάνωρ
1075 4009 1104 4061 ὁ
1142 4008 1413 4080 ἡμέτερος
1443 4009 1674 4078 ἀδελφὸς
1717 4026 1829 4078 φοι·

1938 4021 2070 4076 ergo
2133 4004 2376 4061 Nicanor
2423 4004 2593 4060 frater
2645 4021 2749 4060 nos
2771 4017 2854 4062 ter
2888 4006 2965 4061 ad
2991 4022 3094 4062 nos
3132 4007 3362 4062 veniens
3393 4007 3536 4064 tesi--

225 4099 421 4170 ⁸ιςήσας
459 4098 600 4170 πρὸς
628 4099 798 4170 ἡμᾶς,
836 4100 1176 4172 ἀπήγγειλεν
1222 4101 1400 4155 ἐλθεῖν
1432 4103 1514 4165 εἰς
1550 4101 1829 4172 μετάγνω-

1938 4102 2127 4171 puisse
2186 4099 2468 4154 hominem
2529 4100 2892 4166 renuntiavit,
2956 4099 3205 4170 vclleque
3271 4100 3536 4156 Ecclesiae

228 4206 333 4245 σιν
355 4190 450 4244 τὸν
479 4191 670 4262 ἄνδρα,
690 4195 785 4245 καὶ
807 4191 1014 4247 ἐθέλειν
1033 4195 1360 4266 ὁμοφρονεῖν
1391 4196 1459 4266 τῇ
1497 4193 1801 4266 Ἐκκλησία
1817 4210 1829 4228 ·

1939 4191 2279 4257 consentire,
2315 4207 2517 4261 negare
2547 4201 2732 4246 autem
2767 4206 2828 4247 se
2860 4191 3072 4247 litteras
3106 4207 3259 4249 meas
3284 4196 3536 4264 accepis-

224 4286 434 4354 λέγειν
469 4284 528 4338 δὲ
565 4285 702 4356 μηδὲ
751 4286 992 4358 γράμμα
1041 4287 1175 4358 ἐμὸν
1230 4287 1536 4358 εἰληφέναι,
1580 4289 1829 4342 ἀλλὰκαὶ

1939 4297 2041 4348 se;
2075 4279 2172 4337 sed
2205 4290 2261 4335 et
2297 4281 2426 4335 illas
2459 4291 2673 4352 Optare.
2727 4281 2997 4348 Quoniam
3055 4281 3222 4350 igitur
3266 4283 3534 4352 scriptum

223 4379 381 4448 ὲρᾷν
403 4377 681 4444 δέξασθαι.
734 4378 892 4438 Ἐπεὶ
910 4375 1028 4446 οῦν,
1066 4380 1252 4452 Πάτερ
1305 4379 1453 4449 ἅγιε,
1486 4381 1829 4453 γέγραπται·

1939 4385 2046 4441 est,
2097 4372 2262 4429 Pater
2317 4385 2507 4430 sancte
2541 4390 2556 4428 :
2597 4372 2703 4439 Qui
2744 4373 2921 4428 educit
2947 4375 3165 4446 dignum
3197 4391 3262 4430 ea:
3293 4377 3535 4448 indigno,

233 4471 320 4524 Ὀ
341 4469 580 4540 ἐξάγων
602 4470 781 4536 ἀξιον
803 4471 874 4536 ἐξ
894 4471 1150 4537 ἀναξίου
1174 4472 1256 4538 ὡς
1275 4474 1472 4543 στόμα
1493 4490 1616 4542 μου
1639 4474 1829 4528 ἐσται.

1938 4470 2080 4525 sicut
2101 4485 2160 4522 os
2189 4484 2359 4522 meum
2382 4469 2484 4522 erit
2516 4467 2582 4535 “,
2631 4475 2686 4523 et
2714 4485 2728 4520 :
2767 4466 2873 4533 Qui
2891 4469 3124 4522 converti
3147 4468 3331 4538 fecerit
3365 4470 3538 4525 Itami-

217 4567 382 4634 Καὶ,
431 4565 494 4620 '0
536 4566 936 4638 ἀποστρέφων
959 4569 1278 4639 ἄνθρωπον
1315 4571 1385 4626 ἐκ
1415 4571 1660 4640 πλάνης
1690 4573 1829 4629 ὁδοῦ

1940 4578 2058 4617 nem
2087 4561 2152 4616 ab
2181 4577 2362 4615 errore
2379 4561 2478 4614 uia:
2510 4576 2641 4624 sure,
2680 4561 2875 4630 aperiet
2898 4559 3295 4614 multitudinem
3345 4578 3536 4627 peccac

211 4659 459 4725 αὐτοῦ,
491 4651 756 4730 καλύψει
783 4659 1018 4731 πλῆθος
1046 4663 1352 4732 ἁμαρτιῶν
1376 4681 1391 4696 ο
1423 4663 1507 4718 δεῖ
1538 4665 1636 4736 τὴν
1669 4667 1829 4734 ἀγιω‹

1941 4663 2118 4708 torum
2149 4656 2228 4718 ‘3;
2289 4652 2642 4707 sanctitatem
2678 4666 2825 4706 tuam
2859 4667 3157 4721 exsurgere
3189 4663 3426 4723 oportet,
3480 4665 3536 4709 et

213 4753 419 4824 σύνην
453 4770 546 4807 σου
577 4753 952 4826 διαναστῆναι,
979 4757 1074 4810 καὶ
1101 4755 1284 4810 δοῦναι
1301 4760 1460 4828 χεῖρα
1487 4758 1740 4828 βοηθείας
1761 4758 1829 4830 τῷ

1943 4743 2132 4797 auxilii
2171 4757 2393 4796 manum
2428 4742 2710 4811 porrigere
2734 4741 2962 4796 erranti.
3014 4741 3070 4795 lu
3107 4743 3212 4798 hoc
3240 4744 3385 4797 enim
3438 4742 3533 4797 Dei

209 4805 614 4916 πλανωμένῳ.
677 4849 768 4904 Ἐν
797 4805 976 4919 sntit-:9
1037 4849 1146 4922 γὰρ
1200 4805 1336 4904 Θεοῦ
1391 4805 1658 4923 συνεργὸς
1709 4805 1829 4928 ἐσῃῖ

1943 4836 2159 4904 adjutor
2189 4833 2321 4890 eris.
2357 4805 2465 4901 Qui
2517 4805 2648 4888 vero
2674 4833 2727 4887 id
2762 4833 2892 4888 llet?
2925 4832 2994 4888 Ut
3046 4832 3429 4890 Theoctistum
3465 4837 3535 4889 ad

213 4909 533 4994 Ἐσται-δὲ
557 4909 719 4995 τοῦτο
752 4941 870 5001 πῶς
894 4959 912 5010 ;
945 4909 1350 5014 ’ἴνα-δηλώματι
1395 4909 1544 5010 ἄξοις
1573 4909 1674 4999 ¹’πὸ-ν
1703 4909 1829 5002 85.6:-

1944 4937 1998 4984 te
2027 4928 2286 4991 advoces,
2317 4926 2481 4996 eique
2515 4926 2671 4980 dicas
2703 4934 2758 4980 et
2784 4923 3063 4980 edisseras
3093 4942 3222 4996 quae
3269 4945 3368 4996 par
3402 4930 3529 4983 erit.

205 5047 470 5086 κτιστον
487 5031 627 5103 πρὸς
661 5033 744 5097 σὲ,
777 5033 956 5096 εἴποις
988 5051 1048 5087 τε
1092 5035 1188 5088 καὶ
1207 5034 1498 5107 διαλεχθῇς
1527 5037 1596 5090 τὰ
1623 5039 1829 5094 εἰκότα.

1944 5019 2078 5074 Etsi
2103 5018 2329 5088 quidem
2365 5017 2561 5072 cedere
2594 5017 2751 5070 illum
2779 5016 2990 5072 videris
3021 5017 3211 5072 divino
3239 5019 3520 5086 sermoni;

211 5123 362 5179 Καὶ
385 5123 436 5176 εἰ
463 5124 563 5193 μὲν
588 5123 770 5198 εὕροις
790 5125 953 5180 αὑτὸν
975 5127 1195 5180 εἴκοντα
1217 5126 1295 5198 τῷ
1314 5126 1442 5199 θείῳ
1461 5128 1626 5200 λόγῳ,
1658 5129 1829 5194 εἴποις

1941 5115 2010 5168 de
2034 5128 2124 5167 me
2149 5113 2312 5166 etiam
2339 5111 2537 5165 humili
2571 5109 2872 5180 signiﬁces,
2903 5113 3153 5166 eamdem
3178 5127 3356 5168 meam
3382 5129 3531 5168 men.

203 5216 347 5275 καὶ
374 5216 509 5286 περὶ
538 5216 675 5288 ἐμοῦ
706 5216 802 5270 τοῦ
841 5219 1124 5282 ταπεινοῦ,
1157 5221 1240 5273 ὅτι
1281 5220 1361 5284 εἰς
1391 5221 1525 5274 αὐτὸ
1557 5221 1714 5275 τοῦτο
1743 5240 1829 5276 κε-

1944 5214 2051 5258 tem
2109 5218 2251 5266 esse,
2285 5201 2408 5270 ejus
2443 5201 2639 5256 salutis
2695 5199 2971 5256 desiderio
3003 5225 3017 5258 ;
3049 5209 3124 5268 et,
3152 5201 3201 5256 si
3243 5203 3528 5272 probabis.

201 5311 484 5377 κινημαι
506 5307 678 5377 φιλῶν
704 5310 805 5380 τὴν
827 5311 1104 5381 σωτηρίαν
1133 5310 1303 5364 αὐτοῦ
1328 5325 1343 5340 ·
1366 5310 1470 5364 κᾶν
1492 5311 1829 5382 δοκιμάζοις,

1941 5296 2126 5360 Pater,
2169 5295 2335 5365 idque
2362 5293 2454 5347 ille
2472 5302 2711 5362 expetet,
2745 5293 2990 5350 scribam
3025 5294 3093 5348 ad
3152 5295 3308 5348 illum
3356 5309 3530 5363 appo-

197 5405 242 5458 ὁ
299 5399 534 5469 Πατὴρ,
555 5399 809 5462 κάκεῖνος
859 5402 980 5472 ὲρᾷ,
1029 5401 1322 5454 ἐπιστείλω
1379 5402 1528 5472 αὑτῷ
1573 5401 1829 5468 εὐθέτως,

1940 5395 2062 5456 site.
2095 5403 2155 5448 nt
2189 5401 2421 5463 utraque
2451 5399 2604 5462 parte
2637 5389 2912 5451 trahatur,
2947 5397 3002 5444 et
3031 5388 3380 5457 lucriﬁatqui
3404 5404 3532 5458 per-

199 5494 399 5548 ὥστε
425 5490 823 5564 ἀμφοτέρωθεν
856 5492 1214 5562 ἑλκυσθῆναι,
1255 5494 1352 5547 καὶ
1382 5494 1714 5566 κερδηθῆναι
1737 5495 1829 5548 τὸν

1939 5490 1999 5544 it.
2033 5485 2147 5541 lloc
2205 5485 2351 5540 enim
2381 5484 2499 5539 vult
2538 5481 2704 5548 Deus,
2741 5491 2796 5536 et
2825 5481 2994 5551 hujus
3027 5480 3204 5552 gratia
3235 5480 3292 5534 in
3327 5489 3528 5535 terram

193 5582 654 5654 ἀπολλύμενον.
686 5584 858 5638 Τοῦτο
886 5585 999 5657 γὰρ
1043 5585 1294 5657 βούλεται
1328 5585 1483 5651 Θεὸς,
1525 5588 1630 5642 κᾶν
1671 5586 1829 5642 τοῦτο

1939 5582 2106 5645 venit,
2140 5581 2281 5650 quod
2301 5579 2555 5648 iperierat
2590 5589 2844 5646 quaerens
2878 5573 3138 5628 reducere
3167 5571 3235 5626 “:
3284 5580 3338 5626 et
3375 5587 3527 5630 amo-

299 5701 373 5733 “
393 5697 596 5756 Jerem.
622 5717 713 5768 xv,
746 5701 835 5758 l9.
912 5702 958 5735 ⁸⁸
980 5701 1095 5758 Jac.
1126 5719 1176 5768 ν,
1217 5703 1304 5757 20.
1385 5704 1432 5734 ⁸⁸
1450 5703 1636 5758 Matth.
1669 5722 1817 5772 xvm,
1840 5707 1927 5764 15.

1809 5823 2038 5896 nom;

298 5932 440 6006 (12)
475 5933 532 5988 lu
569 5935 692 5989 cod.
718 5935 852 6006 Reg.
888 5936 1020 6007 ρκδ.

493 6049 766 6111 ΡΑτιιοι..
797 6053 916 6110 Gn.
959 6049 1171 6116 XCIX.
1525 6043 1544 6070 ⁸
3053 6035 3134 6098 Ιώ
