4060 6374
572 337 710 404 138Ἱ

1777 329 1840 390 S.
1882 326 2276 404 THEODORI
2311 325 2661 389 S'I‘UDIT/I

3729 317 3866 383 i388

571 468 695 509 rem
726 449 963 522 proximi
995 463 1118 507 esse
1147 447 1306 523 jubet
1359 447 1518 504 nobis
1557 445 1766 503 amoris
1794 461 1923 517 erga
1982 460 2043 502 se
2078 459 2169 499 ar-

2285 437 2440 513 ἢλθεν
2511 441 2607 494 ἐπὶ
2666 438 2766 509 τῆς
2828 437 2932 510 γῆς
2986 437 3049 490 τὸ
3109 436 3389 501 ἀπολωλὸς
3445 433 3699 508 ικζητῶν
3746 436 3870 487 ἔπερ

573 555 922 618 gumentum.
954 540 1230 613 Omnique
1256 549 1459 598 conatu
1490 539 1719 596 excitari
1751 552 1855 593 nos
1885 537 2166 602 convenit,

575 635 741 692 Pater
764 643 956 692 sancte
981 654 994 690 :
1037 635 1094 690 in
1132 635 1278 688 hunc
1306 633 1453 688 enim
1489 631 1654 687 finem
1683 639 1742 686 ut
1767 631 1836 686 ad
1877 641 1931 687 te
1961 630 2168 685 scribe-

573 745 693 785 rem
714 738 1000 801 permotus
1031 743 1175 784 sum.
1213 724 1372 792 Quod
1434 724 1481 780 si
1532 736 1655 795 post
1701 723 1864 778 talem
1905 732 2166 778 conatum

522 845 528 850 -
576 821 892 880 detrectans
949 833 1061 873 non
1103 818 1459 887 obsequetur,
1515 814 1706 870 videbit
1734 815 1948 886 iniquus
1977 813 2044 868 ⁸⁷.
2077 814 2170 870 Ait

577 914 848 969 Dominus
887 910 1100 968 :Sinite
1153 910 1300 976 illos,
1355 910 1483 964 caeci
1530 922 1653 965 sunt
1687 909 1755 966 ⁸⁸.
1787 907 1958 977 Quem
2002 908 2169 978 igitur

579 1023 902 1066 successum
931 1005 1199 1060 Dominus
1227 1005 1462 1069 dederit,
1507 1005 1754 1059 indicare
1776 1004 1937 1069 mihi,
1979 1003 2165 1069 Pater,

577 1099 916 1156 venerandis
947 1097 1052 1153 tuis
1075 1097 1275 1153 litteris
1303 1097 1525 1154 bonitas
1557 1105 1652 1152 tua
1691 1111 1761 1152 ne
1787 1104 2061 1169 gravetur.

919 1295 1134 1354 CXVII.
1171 1327 1246 1340 --
1271 1296 1526 1353 Mariano
1559 1299 1854 1368 spathario.

2278 537 2510 607 στρέψαι
2535 553 2550 567 ο
2605 533 2813 604 καὶτῆς
2829 534 2909 595 εἰς
2939 529 3103 586 αὐτὸν
3123 529 3344 601 ἀγάπης
3364 527 3645 592 ἀπόδειξιν
3657 526 3757 592 τὴν
3771 524 3870 578 τοῦ

2276 627 2449 690 πέλας
2480 625 2668 696 φιλίαν
2719 626 2957 678 ποιεῖται
2987 624 3144 694 ἡμῖν.
3197 621 3310 675 Καὶ
3334 619 3415 673 δεῖ
3461 617 3631 674 παντὶ
3688 617 3874 670 σθένει

2275 720 2572 791 κινηθῆναι
2603 720 2775 792 ἡμᾶς,
2812 717 3000 789 Πάτερ
3029 717 3145 770 ὃσιε
3171 731 3188 748 ο
3235 717 3318 778 εἰς
3353 713 3515 767 τοῦτο
3547 714 3660 784 γάρ
3707 707 3875 778 κάγὼ

2277 813 2525 886 κινηθεὶς
2551 810 2772 884 ἔγραψά
2801 827 2906 864 σοι.
2943 809 3007 863 Εἰ
3036 808 3092 862 δὲ
3120 806 3262 878 μετά
3302 808 3403 877 τὴν
3437 805 3694 874 τοιαύτην
3742 805 3876 856 επι-

2281 907 2538 980 χείρησιν
2567 903 2814 959 ἀπειθῶν
2843 899 3088 966 ἀπειθεῖ,
3109 900 3320 969 ὄψεται
3347 901 3381 952 ὁ
3403 894 3650 964 ἀνομῶν
3670 913 3682 926 ·
3711 895 3878 962 λέγει

2270 999 2514 1072 Κύριοςο
2551 995 2774 1068 ’Ἅφετε
2827 996 3074 1063 αὐτοὺς,
3130 993 3354 1063 τυφλοί
3405 992 3609 1045 εἰσιν·
3646 987 3724 1053 ὡς
3777 983 3879 1042 οὖν

2275 1093 2454 1148 εὐοδοϊ
2483 1091 2716 1165 Κύριος,
2758 1090 3127 1163 ἀγαθύνθητι,
3160 1090 3364 1162 Πάτερ,
3389 1084 3756 1159 δηλοποιῆσαί
3785 1100 3882 1155 μοι

2277 1187 2578 1261 γράμματι
2614 1203 2712 1242 σου
2751 1185 2944 1259 τιμίῳ.

2512 1301 2640 1356 PlZ'
2675 1301 2810 1372 (15).
2845 1331 2918 1343 --
2939 1294 3224 1369 Μαριανῷ
3251 1293 3589 1364 σπαθαρίῳ.
3605 1287 3810 1365 [χνηη

1921 1412 2001 1464 De
2038 1413 2211 1464 mundi
2243 1421 2554 1481 contemptu.

650 1521 940 1594 Compellit
973 1536 1062 1578 me
1089 1521 1156 1576 ad
1188 1520 1536 1578 scribendum
1550 1520 1726 1592 pietas
1758 1531 1871 1586 tua,
1909 1527 2169 1589 tanquam

581 1616 710 1672 inde
755 1615 1022 1681 fructum,
1059 1613 1259 1684 inquit,
1287 1614 1548 1685 capiens;
1580 1627 1681 1684 ego
1711 1628 1843 1668 vero
1872 1627 1979 1667 non
2013 1622 2168 1683 puto,

580 1709 711 1780 quia
741 1721 924 1762 sermo
949 1715 1160 1770 uoster,
1192 1703 1662 1776 quemadmodum
1704 1712 1760 1758 et
1791 1703 1925 1769 vita,
1960 1703 2173 1758 inutilis

579 1811 686 1865 est;
710 1800 805 1856 sed
835 1807 894 1852 ut
920 1796 1191 1853 cltaritate
1223 1797 1408 1868 potius
1444 1798 1692 1852 incitata.
1726 1794 1978 1851 Charitas
1998 1795 2170 1863 enim,

582 1895 661 1950 ait
689 1893 1010 1964 Apostolus,
1044 1907 1148 1944 non
1175 1890 1377 1962 cogitat
1406 1889 1609 1944 malum
1637 1890 1704 1946 δ’.
1737 1889 2007 1944 Caterum
2035 1903 2176 1958 quo-

583 1987 862 2059 quomodo
896 1999 982 2042 res
1002 1998 1062 2040 se
1084 1984 1304 2052 habeat,
1333 1986 1469 2041 cedo
1493 1994 1548 2040 et
1564 1985 1839 2055 obsequor
1861 1983 2042 2038 amico
2069 1998 2172 2037 no-

551 2095 557 2108 ’
583 2091 724 2146 stro,
753 2079 874 2134 viro
906 2079 1076 2142 bono,
1108 2077 1494 2132 laudatissima
1533 2077 1776 2148 prasidi,
1809 2075 2036 2130 alumno
2061 2074 2176 2145 pie-

582 2175 736 2232 tatis.
786 2173 1056 2228 doctrina
1082 2171 1410 2226 orthodoxa
1451 2169 1748 2240 discipulo,
1794 2167 2003 2224 homini
2055 2165 2174 2234 Dei,

581 2265 984 2322 monaclmrum
1043 2265 1300 2320 amatori.
1363 2263 1531 2318 Multa
1563 2272 1694 2318 sunt
1743 2261 1995 2318 encomia
2058 2270 2174 2324 tua,

2369 1523 2564 1577 Ἕλκει
2600 1515 2751 1596 ἡμᾶς
2780 1521 2816 1593 ἠ
2843 1515 3101 1573 εὐσέϐειά
3123 1532 3219 1570 σου
3249 1512 3387 1585 πρὸς
3411 1511 3476 1566 τὸ
3497 1511 3763 1584 γράφειν,
3803 1509 3884 1572 ὥς

2280 1615 2494 1686 ὄφελος,
2517 1617 2703 1687 φησὶν,
2737 1611 3106 1684 εὐρῐσκουσαδ
3152 1605 3250 1662 καὶ
3307 1605 3372 1660 οὐ
3420 1603 3599 1659 δοκῶ·
3638 1601 3886 1673 ἐπείπερ

2279 1705 2445 1778 ἡμῶν
2470 1707 2570 1760 σὺν
2597 1705 2677 1778 τῷ
2708 1705 2832 1777 βίῳ,
2879 1703 2975 1757 καὶ
3001 1699 3031 1756 ὀ
3065 1700 3230 1770 λόγος
3275 1691 3556 1770 ἄχρηστος
3577 1709 3592 1724 ⁸
3648 1693 3774 1749 ἀλλ’
3805 1695 3886 1759 ὡς

2281 1801 2476 1872 ἀγάπῃ
2505 1799 2808 1872 φερομένη.
2854 1794 2922 1856 Ἠ
2937 1793 3143 1866 ἀγάπη
3176 1793 3311 1866 γὰρ,
3352 1791 3516 1864 φησὶν
3539 1792 3568 1843 ὁ
3607 1788 3888 1842 11:66:0-

2279 1891 2395 1959 λος,
2447 1891 2518 1946 τὸ
2559 1890 2752 1945 κακὸν
2804 1890 2878 1945 οὺ
2925 1885 3245 1958 λογίζεται.
3296 1884 3445 1957 Πλὴν
3489 1881 3780 1953 ὁποτέρως
3817 1880 3886 1934 ἂν

2283 1987 2419 2058 ἔχοι,
2451 1985 2586 2039 είκω
2639 1983 2737 2039 καὶ
2786 1981 3052 2054 πείθομαι
3094 1980 3174 2052 τῷ
3206 1979 3465 2052 ἡμετέρῳ
3502 1977 3740 2050 ἐραστῇ.
3805 1972 3884 2044 τῷ

2281 2077 2477 2150 ἀγαθῷ
2499 2072 2680 2150 ἀνδρὶ,
2706 2077 2786 2148 τῷ
2827 2075 3178 2147 πανευφήμῳ
3212 2071 3458 2144 ἄρχοντι,
3503 2071 3584 2142 τῷ
3615 2068 3887 2141 τροφψφ

2283 2173 2384 2245 τῆς
2414 2168 2723 2238 εὐσεϐείας,
2752 2170 2832 2242 τῷ
2857 2170 3140 2242 θρέμματι
3172 2168 3274 2237 τῆς
3297 2156 3640 2237 ὁρθοδοξίας,
3675 2161 3758 2233 τῷ
3793 2165 3890 2218 ἁν-

2285 2271 2496 2344 θρὼπῳ
2530 2269 2629 2326 τοῦ
2659 2269 2821 2338 Θεοῦ,
2849 2267 2927 2340 τῷ
2955 2267 3159 2340 φιλητῇ
3193 2263 3304 2318 τῶν
3335 2261 3650 2334 μοναστῶν.
3699 2259 3891 2315 Πολλά

581 2361 800 2431 egregia
857 2358 1124 2413 facinora.
1186 2356 1296 2412 Sed
1328 2357 1475 2421 vide,
1509 2355 1734 2412 domine
1760 2356 1859 2420 mi,
1893 2348 2176 2425 quom’odo

2286 2381 2385 2418 σου
2429 2364 2501 2418 τὰ
2539 2361 2818 2433 ἐγκώμια,
2851 2359 3118 2415 κάλλιστα
3169 2357 3239 2412 τά
3259 2352 3676 2427 ἀριστεύματα.
3724 2350 3892 2406 Ἀλλά

583 2451 870 2513 ambules;
933 2450 1040 2504 hoc
1082 2449 1229 2505 enim
1267 2449 1470 2504 clamat
1503 2448 1801 2518 Apostolus
1823 2444 1872 2478 '°
1904 2461 1918 2498 :
1979 2460 2089 2499 non
2116 2450 2180 2499 ut

2287 2455 2531 2527 βλέποις,
2553 2457 2582 2509 ὁ
2611 2454 2880 2525 δεσπότης
2910 2470 3039 2525 μου,
3057 2451 3177 2516 πῶς
3201 2467 3268 2505 πε
3277 2450 3557 2523 puta-rei;-
3585 2444 3753 2500 τοῦτο
3779 2444 3890 2515 γάρ

585 2548 873 2616 insipiens,
932 2545 1027 2600 sed
1056 2553 1115 2598 ut
1136 2543 1391 2614 sapiens;
1419 2559 1527 2596 non
1555 2551 1614 2596 ut
1635 2541 1790 2596 carni
1819 2537 2057 2603 deditus,
2081 2538 2177 2594 sed

2289 2549 2390 2621 βοᾷ
2420 2551 2449 2602 ὁ
2486 2547 2832 2612 Ἀπόστολος,
2877 2544 2952 2617 μὴ
2991 2544 3069 2608 ὡς
3123 2544 3351 2613 άσοφος,
3405 2539 3524 2595 ἀλλ’
3555 2539 3634 2604 ὡς
3673 2542 3887 2608 σοφός·

585 2645 647 2690 ut
694 2647 886 2689 amans
939 2633 1142 2701 Deum;
1208 2649 1318 2688 non
1371 2641 1633 2702 tanquam
1688 2629 2034 2693 inmortalis,
2082 2626 2179 2682 sed

2289 2642 2366 2713 μὴ
2390 2641 2466 2706 ὡς
2497 2641 2851 2713 φιλόσαρκος,
2879 2638 2994 2693 ἀλλ’
3029 2637 3106 2700 ὡς
3131 2635 3383 2707 φιλόθεος
3408 2649 3424 2665 ο
3460 2634 3538 2705 μὴ
3570 2633 3650 2696 ὡς
3675 2631 3893 2688 ἀθὰνα-

584 2739 848 2800 tanquam
895 2728 962 2784 de
1001 2729 1154 2783 exitu
1207 2725 1498 2782 sollicitus.
1541 2724 1852 2780 Commune
1901 2732 1984 2777 est
2019 2718 2179 2776 debi-

2285 2749 2398 2800 τος,
2433 2731 2549 2786 ἀλλ’
2582 2731 2659 2795 ὡς
2708 2729 3056 2802 ἐμμέριμνος
3099 2727 3322 2793 ἐξόδου·
3352 2727 3417 2778 τὸ
3462 2723 3649 2778 κοινὸν
3693 2721 3890 2793 χρέος,

587 2835 725 2888 tum,
752 2824 1010 2894 prafixus
1034 2820 1308 2876 terminus
1343 2820 1438 2890 qui
1478 2818 1794 2875 transcendi
1826 2834 1934 2873 non
1977 2822 2177 2886 potest.

2285 2828 2348 2882 τὸ
2376 2826 2760 2898 ἀνυπέρϐατον
2807 2825 3105 2897 ὁροθέσιον.
3145 2824 3272 2877 οὐκ
3322 2820 3458 2877 ἐστι
3496 2819 3632 2891 γάρ,
3691 2818 3892 2888 φησὶν,

586 2916 713 2972 Non
731 2928 806 2972 est
829 2918 1001 2982 enim,
1042 2915 1138 2982 ait,
1166 2916 1257 2986 qui
1295 2915 1429 2969 vivet
1446 2921 1495 2968 et
1519 2929 1624 2968 non
1646 2911 1839 2969 uidebit
1861 2922 2084 2964 mortem
2109 2902 2177 2961 ³η.

2288 2921 2358 2988 ὃς
2405 2918 2672 2989 ζήσεται,
2709 2921 2807 2974 καὶ
2863 2921 2977 2974 οὐκ
3022 2917 3236 2986 ὄψεται
3289 2914 3576 2972 θάνατον.
3611 2911 3759 2963 Τίνα
3801 2905 3896 2964 οὖν

588 3014 848 3079 Quanam
891 3019 1048 3082 ergo,
1096 3009 1268 3077 dices,
1323 3019 1689 3079 utrorumque
1753 3006 1990 3078 propria
2048 3011 2182 3059 sunt

2288 3013 2619 3084 ἀμφοτέρων
2637 3012 2707 3066 τὰ
2728 3011 3016 3083 ἰδιώματα,
3036 3011 3212 3072 εἴποις
3227 3007 3292 3064 ἄν
3312 3026 3328 3076 ;
3345 3005 3490 3077 Ἐγώ
3512 3022 3602 3059 σοι
3615 3003 3896 3074 διεξίημι,

587 3105 770 3161 nota?
803 3103 940 3176 Ego,
977 3103 1176 3170 amice,
1209 3103 1310 3158 tibi
1340 3117 1637 3174 exponam.
1671 3100 1928 3156 Priorum
1957 3095 2179 3167 quidem

2290 3104 2412 3175 φίλε
2440 3122 2454 3138 ’
2496 3103 2592 3159 τοῦ
2635 3105 2735 3174 μὲν
2800 3101 3021 3175 πρώτου
3079 3099 3424 3172 χορεύματα,
3469 3095 3896 3166 γελοιάσματα,

590 3201 824 3259 chorea.
843 3200 1012 3264 risus,
1039 3197 1172 3262 ludi,
1200 3197 1558 3268 turpiloquia,
1578 3194 1896 3260 ebrietates,
1915 3192 2175 3262 crapula,

2295 3198 2546 3268 παίγνια,
2587 3195 3092 3268 αἰσχρολογήματα,
3123 3192 3488 3263 οἰνοφλυγίαι,
3537 3204 3900 3262 γαστριμαρ-

591 3291 717 3346 elati
747 3291 994 3359 spiritus,
1019 3289 1210 3345 inanes
1231 3281 1533 3356 jactantia,
1562 3281 1819 3356 exquisiti
1852 3286 1919 3340 ad
1951 3285 2182 3356 gloriam

593 3390 823 3437 ornatus
862 3381 954 3435 alii
986 3381 1109 3436 aliis
1132 3381 1512 3443 succedentes,
1535 3379 1849 3433 divitiarum
1883 3377 2182 3442 desideria,

595 3488 826 3542 quaque
868 3471 956 3526 his
986 3468 1139 3540 plura
1167 3479 1223 3526 et
1257 3471 1512 3542 graviora
1544 3471 1613 3525 ob
1636 3466 1921 3540 dignitatis
1955 3480 2060 3522 tua
2098 3481 2186 3520 re-

593 3565 898 3620 verentiam
941 3565 1318 3634 pratermitto.
1353 3562 1419 3617 Et
1447 3563 1696 3634 quidem,
1722 3563 1814 3632 qui
1839 3555 1972 3615 talia
1995 3570 2183 3630 agunt,

596 3675 816 3730 regnum
871 3657 968 3711 Dei
1017 3674 1122 3711 non
1177 3665 1560 3728 consequentur
1580 3656 1650 3722 ⁸³,
1702 3665 1762 3710 ut
1807 3653 2189 3726 pronuntiat-it

595 3753 918 3824 Apostolus.
941 3755 1055 3820 Age
1078 3767 1208 3807 vero
1221 3751 1453 3809 alterius
1472 3764 1697 3821 quoque
1723 3749 1900 3820 partis
1921 3765 2044 3819 qua
2073 3749 2188 3802 sint

535 3833 539 3839 “
595 3848 818 3919 prepria
881 3846 1194 3901 ostendant.
1250 3843 1559 3914 Paupertas
1613 3843 1868 3914 spiritus,
1916 3857 2188 3913 compun-

597 3941 798 3996 ctionis
844 3939 1122 4010 lacryma,
1153 3937 1543 4002 mansuetudo,
1579 3953 1707 4010 pax,
1779 3929 2184 4002 misericordia,

597 4031 802 4089 mentis
827 4032 881 4086 in
906 4032 1072 4084 Deum
1090 4030 1507 4102 contemplatio,
1543 4038 1894 4099 contemptus
1915 4027 2184 4098 pecunia,

599 4123 787 4178 odium
825 4122 1040 4186 mundi,
1072 4119 1386 4191 frugalitas,
1417 4121 1762 4176 continentia
1786 4134 1886 4189 pro
1914 4119 2189 4189 cujusque

596 4216 799 4270 virium
824 4213 1085 4269 facultate
1117 4229 1132 4266 :
1174 4227 1341 4283 supra
1369 4211 1683 4281 conjugein,
1713 4226 1879 4280 supra
1907 4210 2070 4277 filios,
2097 4225 2191 4265 su-

597 4323 695 4378 pra
721 4315 998 4376 parentes,
1024 4317 1190 4375 supra
1238 4302 1461 4369 fratres,
1505 4319 1673 4374 supra
1713 4318 1907 4360 omnes
1956 4303 2187 4359 omnino

599 4415 788 4455 amare
809 4398 1106 4452 Dominum
1133 4397 1227 4468 qui
1249 4397 1378 4452 fecit
1409 4412 1532 4465 nos,
1563 4397 1658 4467 qui
1678 4397 1925 4470 seipsum
1947 4397 2015 4452 ad
2041 4412 2190 4452 mor-

601 4505 711 4549 tem
755 4493 980 4548 tradidit
1005 4507 1103 4562 pro
1129 4506 1464 4562 unoquoque
1493 4500 1766 4547 nostrum.

2285 3291 2428 3362 γίαι,
2461 3291 2854 3362 μετεωρισμοὶ,
2912 3289 3140 3343 διάκενα
3192 3287 3535 3357 φυσήματα,
3599 3285 3901 3340 καλλωπί-

2289 3399 2472 3454 σματα
2503 3382 2907 3452 άλλεπάλληλα,
2947 3379 3355 3450 φιλοπλουτίαι,
3397 3379 3635 3451 ἔρωτες,
3687 3380 3792 3431 καὶ
3827 3378 3902 3432 τὰ

2286 3474 2461 3528 πλείω
2489 3475 2589 3529 καὶ
2614 3473 2899 3548 βαρύτερα
2923 3475 3066 3528 αἰδοῖ
3088 3474 3190 3543 τῆς
3237 3472 3493 3538 ἐξουσίας
3525 3489 3624 3525 σου
3657 3471 3899 3542 ἀφίημι.

2287 3568 2401 3623 Καί
2425 3585 2491 3639 τε
2505 3571 2559 3622 οι
2588 3569 2662 3622 τὰ
2687 3567 2936 3623 τοιαῦτα
2953 3565 3342 3636 πράσσοντες
3363 3566 3715 3630 ,ϐασιλείαν
3739 3563 3898 3618 Θεοῦ

2287 3663 2360 3715 οὺ
2422 3661 3001 3732 κληρονομήσουσιν
3024 3702 3040 3728 ,
3101 3661 3383 3732 ἀπέφηνεν
3440 3663 3471 3716 ὁ
3530 3661 3898 3726 latim.

2288 3752 2461 3826 Δεῦρὸ
2495 3771 2581 3810 σοι
2625 3755 2857 3810 καὶτοῦ
2909 3757 3099 3830 ἑτέρου
3148 3757 3500 3832 ὑποδείξαιμι
3554 3758 3625 3812 τά
3677 3760 3895 3829 κράτη.

2289 3847 2542 3919 Πτωχεία
2582 3848 2922 3921 πνεύματος,
2947 3849 3301 3917 κατανύξεως
3332 3850 3577 3922 δάκρυα,
3610 3853 3896 3923 πραότης.

2288 3941 2508 4014 εἰρήνη,
2540 3942 2907 4016 ἐλεημοσύνη,
2935 3943 3030 3997 νοῦ
3055 3944 3194 4015 πρὸς
3224 3943 3359 3996 Θεὸν
3386 3943 3619 4014 θεωρία,
3647 3945 3904 4016 ἀφιλαρι

2288 4036 2478 4108 γυρὶα,
2539 4037 2896 4109 μισοκοσμὶα,
2957 4035 3284 4108 αὐτάρκεια,
3338 4037 3690 4107 ἐγκράτειαο
3749 4039 3902 4092 κατά

2287 4127 2524 4200 δύναμιν
2557 4130 2658 4202 τῆς
2688 4129 2774 4200 ἐφ’
2809 4130 3030 4203 ἑκάστῳ
3058 4129 3372 4201 δυνάμεως,
3405 4133 3552 4203 ὑπὲρ
3587 4132 3899 4202 ὀμόζυγον,

2290 4222 2441 4294 ὑπὲρ
2465 4222 2654 4288 τέκνα,
2679 4223 2820 4292 ὑπὲρ
2840 4225 3044 4292 γονεῖς,
3071 4224 3215 4296 ὑπὲρ
3238 4223 3526 4293 ἀδελφοὺς,
3546 4224 3694 4296 ὑπὲρ
3719 4225 3904 4279 ᾶπαν-

2287 4334 2388 4381 τας
2408 4316 2620 4383 ἁπλῶς,
2651 4316 2876 4388 ἀγαπᾷν
2895 4317 2987 4370 τὸν
3011 4315 3217 4388 Κύριον
3243 4315 3336 4370 τὸν
3366 4317 3680 4387 ποιήσαντα
3716 4319 3900 4390 ἡμᾶς,

2289 4410 2384 4465 τὸν
2425 4409 2571 4482 ὑπὲρ
2608 4410 2731 4476 ἐνὸς
2759 4411 2998 4466 ἑκάστου
3035 4408 3382 4465 ἐκδεδωκότα
3422 4410 3619 4465 ἑαυτὸν
3673 4411 3765 4476 εἰς
3797 4412 3900 4466 θά-

2291 4520 2474 4558 νατον.

672 4588 801 4644 l'lac
829 4597 994 4658 atque
1027 4586 1114 4642 his
1137 4585 1367 4653 similia,
1401 4586 1515 4640 veri
1553 4597 1683 4642 sunt
1706 4585 2033 4646 Christiani.
2059 4583 2183 4642 Noli

2360 4589 2548 4647 Ταῦτα
2571 4593 2666 4647 καὶ
2693 4591 2764 4646 τά
2783 4591 3000 4658 τούτοις
3018 4593 3205 4665 ὃμοια,
3226 4593 3440 4648 καὶτοῦ
3460 4592 3734 4664 ἀληθινοῦ
3757 4598 3899 4667 Χρει-

599 4683 750 4739 enim
791 4683 858 4737 de
887 4681 1160 4737 monacho
1194 4681 1568 4750 interpretari,
1600 4679 1843 4746 domine,
1878 4695 2002 4750 qua
2043 4683 2187 4737 dicta

603 4785 826 4842 suut,et
855 4791 962 4831 non
991 4776 1058 4830 de
1086 4775 1230 4830 laico
1260 4773 1546 4845 aqualitcr
1584 4773 1769 4830 omnia
1799 4775 1818 4845 (
1848 4775 2065 4830 tametsi
2119 4775 2189 4832 de

603 4867 878 4921 monacho
918 4863 1257 4936 impensius)
1291 4875 1491 4935 prater
1519 4865 1915 4921 continentiam
1968 4874 2025 4922 et
2054 4881 2191 4937 pan-

604 4954 894 5031 pertaiem,
920 4961 987 5015 de
1017 4959 1219 5030 quibus
1248 4959 1533 5035 saecularis
1569 4973 1680 5016 non
1708 4961 2186 5018 condemnabitur.

605 5053 675 5108 Et
712 5061 895 5106 tamen
925 5052 1051 5107 istic
1081 5067 1302 5122 quoque
1320 5060 1452 5107 sunt
1468 5060 1715 5122 tempora
1738 5051 2113 5119 continentia,
2137 5063 2194 5110 et
2254 5047 2258 5052 ’

608 5145 944 5218 frugalitatis
995 5145 1165 5216 leges.
1195 5144 1467 5200 Habentes
1495 5146 1644 5200 enim
1683 5145 1964 5213 alimenta,
1997 5145 2194 5218 inquit,

607 5250 659 5297 et
686 5239 884 5310 quibus
909 5247 1169 5307 tegantur,
1201 5239 1282 5293 Itis
1315 5239 1544 5293 contenti
1583 5239 1750 5294 simus
1768 5239 1836 5295 ⁸³.
1879 5239 1985 5306 Qui
2019 5250 2196 5295 autem

607 5336 799 5397 diuites
829 5333 947 5404 ﬁeri
971 5333 1174 5397 volunt,
1205 5332 1446 5386 incidunt
1476 5331 1531 5386 in
1550 5331 1876 5388 barathrum
1923 5332 2196 5388 inelucta-

608 5427 719 5485 bile
740 5427 807 5482 ".
834 5423 902 5483 Et
922 5439 1173 5492 rursum,
1203 5421 1270 5480 Ut
1299 5433 1349 5478 et
1371 5423 1462 5496 qui
1483 5422 1677 5480 habent
1704 5439 1917 5490 uxores,
1941 5435 2199 5497 tanquam

2292 4681 2537 4738 στιανοῢ.
2589 4683 2682 4755 Μὴ
2728 4684 2837 4755 γάρ
2871 4701 2957 4737 τοι
2994 4685 3247 4758 νομίσῃς,
3278 4685 3554 4751 δέσποτα,
3588 4687 3692 4740 ἐπὶ
3725 4687 3900 4758 pmi-

2291 4772 2477 4840 ζοντος
2527 4774 2599 4828 τὰ
2634 4775 2917 4847 λεχθέντα,
2971 4775 3090 4830 ἀλλ’
3141 4778 3262 4848 οὐχὶ
3311 4779 3409 4832 καὶ
3459 4778 3553 4833 ἐπὶ
3585 4779 3798 4834 λαῖκοῦ
3833 4783 3902 4835 τὰ

2289 4866 2470 4922 πάντα
2506 4867 2706 4940 ἐπίσης
2727 4869 2854 4941 (κᾶν
2885 4869 2944 4923 ὲν
2974 4864 3054 4940 τῷ
3081 4870 3369 4940 μονάζοντι
3395 4873 3856 4945 ἐπιτεταμένως)

2292 4959 2433 5032 πλὴν
2459 4959 2708 5031 άγαμίας
2752 4962 2848 5016 καὶ
2886 4961 3302 5034 ἀκτημοσύνης,
3338 4967 3400 5019 ἐν
3427 4962 3508 5029 οἷς
3540 4967 3570 5018 ὀ
3611 4966 3906 5036 κσσμικδς

2292 5052 2356 5107 οὐ
2377 5053 2779 5125 κατακέκριται
2801 5069 2815 5085 ·
2835 5054 2988 5126 ὅμως
3011 5055 3296 5113 κάνταῦθα
3324 5059 3650 5130 ἐγκρατείας
3677 5062 3904 5131 καιροὶ,

2293 5149 2394 5201 καὶ
2422 5146 2767 5216 αὐταρκείας
2823 5147 3044 5219 θεσμοί.
3082 5151 3374 5220 Ἔχοντες
3400 5154 3528 5224 γάρ,
3557 5156 3726 5221 φησὶ,
3771 5155 3908 5209 δια-

2293 5238 2521 5308 τροφὰς
2539 5237 2640 5291 καὶ
2654 5237 3080 5308 σκεπάσματα,
3107 5244 3342 5310 τούτοις
3361 5245 3904 5314 ἀρκεσθησόμεθα.

2292 5334 2358 5386 Oi
2381 5330 2452 5385 δὲ
2472 5331 2845 5401 ,ϐουλόμενοι
2884 5333 3200 5401 πλουτεῖν,
3254 5336 3659 5406 ἐμπίπτουσιν
3709 5342 3800 5404 εἰς
3844 5339 3909 5393 τὸ

2299 5425 2542 5496 ἄφυκτον
2575 5423 2872 5499 βάραθρον.
2916 5427 3030 5481 Καὶ
3045 5427 3237 5498 πάλιν,
3263 5429 3402 5486 ἰνα
3429 5430 3526 5484 καὶ
3555 5433 3611 5484 οι
3635 5432 3908 5501 ἔχοντες

681 5544 728 5618 ⁴Ϊ
756 5543 1042 5618 Ρεμειεοξι,
1069 5541 1158 5595 to.
1233 5540 1282 5618 δξ
1303 5537 1705 5618 Metilium,”
1780 5537 1864 5618 ζει
1880 5537 2008 5597 Cor.
2035 5556 2158 5606 xut,
2182 5540 2237 5594 5.
2314 5538 2360 5571 “
2381 5536 2586 5610 Ephes.
2613 5553 2667 5603 ν,
2691 5537 2771 5597 l5.
2847 5539 2890 5572 "
2920 5539 3067 5598 Psal.
3122 5557 3390 5612 Lxxxvm,
3424 5542 3512 5601 49.
3590 5546 3639 5579 ⁸⁸
3674 5544 3907 5618 Ephes.

612 5632 665 5684 ν,
692 5615 745 5671 4.
819 5615 868 5647 ⁵³
903 5615 919 5668 l
951 5611 1095 5666 Titii.
1126 5628 1203 5678 τι,
1245 5613 1300 5668 8.
1378 5611 1424 5644 ⁸⁸
1449 5611 1466 5666 l
1495 5609 1623 5667 Cor.
1650 5626 1746 5675 vn,
1782 5609 1874 5666 29.

2128 5721 2359 5782 ΝΟΤΕ.

667 5818 891 5892 .(15)Ῐτι
917 5821 1040 5878 cod.
1077 5822 1212 5894 Reg.
1255 5828 1392 5894 ρκα’.
