4060 6374
253 415 399 484 1389

1463 403 2004 466 EPISTOLARUM
2066 401 2215 463 LIB.
2249 402 2332 463 Π.

3397 404 3534 469 I390

247 531 564 604 γυναῖκας,
623 527 707 595 ὡς
745 525 834 598 μὴ
871 527 1118 596 ἔχοντες
1156 517 1328 578 ὦσιν.
1390 521 1548 583 Ἰδοὺ,
1604 513 1842 574 δέσποτά

1947 533 2049 572 non
2075 517 2325 573 habentes
2359 516 2467 571 sint
2496 517 2563 571 ⁸⁸.
2600 515 2766 579 Ecce,
2798 514 2873 572 mi
2897 513 3143 581 domine,
3179 515 3412 588 adegisti
3445 535 3535 574 me

253 644 382 699 μου,
409 621 732 696 ἠνάγκασας
765 636 836 692 με
869 618 932 672 τὸ
972 614 1252 686 δικαίωμα
1286 612 1383 667 τοῦ
1415 612 1553 666 Θεοῦ
1581 611 1838 680 ἀναγγεῖ-

251 718 337 773 λαι
397 735 500 772 σοι.
552 713 888 782 Σπεύσωμεν
925 709 1229 780 ἀμφότεροι
1263 705 1528 778 σωθῆναι.
1578 701 1838 774 Ἀρκετὸς

247 810 381 884 ἠμῖν
404 812 432 864 ὁ
460 803 855 880 παρεληλυθὼς
887 804 1080 875 χρόνος
1107 801 1204 856 τοῦ
1238 801 1378 873 βίου,
1407 801 1471 854 τὸ
1501 799 1713 871 θέλημα
1736 797 1837 869 τῆς

245 904 452 976 σαρκὸς
499 896 977 970 κατεργάσασθαι.
1029 894 1182 957 Νῦν,
1215 894 1432 964 φησὶνὸ
1486 891 1831 958 Ἀπόστολος,

243 998 445 1064 καιρὸς
469 991 914 1061 εὐπρόσδεκτος
939 1027 955 1054 ,
983 986 1104 1042 νῦν
1129 986 1321 1057 ἡμέρα
1343 985 1663 1054 σωτηρίας.
1703 983 1836 1038 Ἰδοὺ

243 1090 272 1140 ὁ
302 1086 508 1157 ἀγαθὸς
543 1084 676 1149 Θεὸς
707 1082 996 1152 ἐκδέχεται
1029 1080 1136 1145 ἓως
1175 1079 1416 1150 ἐσχάτης
1435 1076 1715 1148 ἀναπνοῆς
1741 1075 1836 1132 τὸν

245 1180 464 1252 καρπὸν
501 1177 695 1250 ἡμῶνο
753 1174 829 1247 μὴ
861 1175 1046 1228 εἴποι·
1103 1173 1418 1238 Ἔκκοψον
1467 1170 1682 1231 αὐτὸν,
1733 1168 1836 1222 ἵνα

244 1276 305 1328 τι
328 1275 427 1328 καὶ
458 1273 572 1339 τὴν
604 1267 723 1340 γῆν
770 1265 1090 1338 καταργεῖ;
1143 1265 1221 1336 μὴ
1257 1263 1452 1337 κλείσῃ
1484 1260 1610 1316 καθ’
1645 1260 1829 1333 ἡμῶν,

244 1364 344 1418 καὶ
372 1362 474 1416 οὐκ
503 1361 652 1414 ἐστιν
681 1358 913 1426 ἄνοιξις·
952 1357 1028 1427 μὴ
1060 1354 1218 1408 λάϐοι
1251 1354 1399 1424 ἡμᾶς
1421 1355 1450 1407 ό
1481 1351 1726 1415 διάϐολος
1751 1351 1832 1415 εἷς

250 1457 418 1528 μέρος
453 1450 644 1518 αὐτοῦ,
701 1448 1214 1520 συγκολαξομὲνους
1254 1443 1486 1501 αἰώνιαο
1547 1443 1624 1516 μὴ
1669 1443 1837 1512 ἀνάρ-

245 1565 448 1603 παστοι
473 1546 628 1615 ἄφνω
660 1541 978 1614 γενοίμεθα.
1004 1540 1247 1603 Ποσάκις
1268 1539 1474 1607 ἐγγύας
1492 1535 1833 1606 δεδώκαμεν,

245 1640 326 1703 ὡς
349 1639 397 1692 εί
417 1639 517 1708 τῆς
551 1633 859 1701 ἀσθενείας,
893 1632 928 1705 ἢ
957 1632 1114 1687 τοῦδε
1149 1628 1246 1686 τοῦ
1286 1629 1566 1695 κινδύνου,
1597 1629 1632 1700 ἦ
1666 1628 1834 1699 τῆσδε

243 1737 348 1800 τῆς
378 1731 611 1802 θλίψεως
643 1729 954 1801 ῥυσθῶμεν,
991 1726 1112 1799 Θεῷ
1157 1726 1399 1797 γνησίως
1431 1724 1796 1794 δουλεύσομεν
1816 1737 1832 1754 ο

247 1826 346 1882 καὶ
387 1825 549 1879 πάλιν
607 1820 990 1891 ἐπελαϐόμεθα
1037 1819 1150 1873 τῶν
1192 1816 1512 1890 συνθηκῶν;
1564 1815 1671 1880 ἓως
1701 1815 1834 1870 πότε

1938 619 2000 665 ut
2033 609 2239 682 justam
2267 607 2366 664 Dei
2415 609 2595 679 legem
2645 609 3034 663 annuntiarem
3066 607 3185 663 tihi.
3229 609 3538 665 Contenda-

1939 718 2064 759 mus
2093 703 2256 758 ambo
2281 711 2342 758 ut
2361 701 2499 758 salvi
2521 701 2717 758 simus.
2747 701 2895 758 Satis
2918 701 3079 756 nobis
3113 701 3284 757 fuerit
3303 711 3535 772 pra-ter-

1939 797 2076 851 itum
2109 796 2238 851 vitae
2293 806 2530 866 tempus,
2566 805 2629 850 ut
2656 795 2928 850 desideria
2953 794 3142 850 carnis
3167 795 3534 864 expleremus.

1941 887 2123 954 Nunc,
2149 890 2228 944 ait
2278 887 2600 959 Apostolus,
2634 897 2838 958 tempus
2871 887 3214 957 acceptabile,
3254 904 3394 942 nunc
3422 891 3536 943 dies

1937 981 2130 1036 salutis
2159 981 2230 1034 ⁸⁸.
2273 979 2416 1036 Ecce
2454 979 2635 1036 bonus
2699 979 2844 1035 Deus
2895 995 3072 1050 usque
3122 981 3189 1034 ad
3226 990 3534 1035 extremum

1937 1075 2194 1144 spiritum
2217 1081 2504 1144 exspectat
2527 1072 2766 1129 fructum
2789 1087 2820 1128 a
2846 1072 3044 1140 nobis;
3077 1087 3145 1127 ne
3177 1071 3364 1128 dicat:
3401 1072 3540 1128 Suc-

1937 1167 2054 1222 cide
2079 1167 2257 1230 illum,
2287 1176 2344 1220 ut
2364 1165 2494 1237 quid
2517 1165 2680 1220 etiam
2710 1175 2907 1220 terram
2934 1175 3158 1233 occupat
3181 1166 3266 1218 ‘7?
3294 1181 3360 1220 ne
3383 1168 3540 1221 clauo

1939 1259 2038 1315 dat
2073 1259 2258 1323 nobis,
2292 1268 2348 1314 et
2373 1273 2487 1313 non
2520 1257 2593 1314 sit
2618 1257 2713 1328 qui
2748 1258 2960 1328 aperiat
2994 1276 3007 1311 :
3049 1274 3119 1313 ne
3151 1267 3403 1314 assumat
3434 1275 3538 1314 nos

1937 1353 2195 1408 diabolus
2225 1352 2282 1408 in
2308 1360 2514 1407 sortem
2539 1363 2695 1406 suam
2721 1365 2847 1405 cum
2882 1350 3002 1421 ipso
3037 1350 3092 1404 in
3129 1359 3398 1406 aeternum
3432 1366 3536 1421 pu-

1937 1446 2175 1501 niendos
2209 1462 2224 1498 :
2261 1459 2331 1499 ne
2353 1451 2583 1514 repente
2617 1443 2794 1513 abripi
2829 1458 2931 1498 nos
2965 1443 3274 1512 contingat.
3305 1443 3538 1510 Quoties

1937 1535 2359 1608 spopondimus,
2383 1549 2507 1598 nos,
2541 1533 2590 1588 si
2622 1534 2693 1589 ab
2722 1534 3064 1600 inﬁrmitate,
3089 1535 3135 1590 si
3163 1537 3232 1589 ab
3257 1535 3360 1590 hoc
3390 1537 3538 1605 peri-

1937 1627 2086 1690 culo,
2134 1625 2184 1681 si
2218 1625 2288 1680 ab
2318 1624 2426 1680 hac
2483 1639 2730 1681 aerumna
2763 1623 3151 1692 liberaremur,
3188 1625 3296 1682 Deo
3321 1627 3540 1683 sincere

1937 1720 2272 1777 servituros:
2302 1725 2359 1772 et
2381 1727 2572 1788 postea
2597 1717 2915 1788 pactionum
2933 1718 3089 1772 obliti
3118 1733 3314 1774 sumus
3339 1719 3539 1788 ?Quo-

1943 1827 2120 1884 usque
2153 1810 2376 1866 tandem
2426 1809 2771 1866 sustinebit?
2807 1825 3099 1881 quousque
3125 1812 3408 1867 cessabit?
3435 1812 3541 1867 Ne-

563 1915 670 1980 ἒως
701 1877 1061 1978 τίνος-ἐάσειξ
1106 1877 1363 1982 ’Λνάγκη
1383 1909 1603 1973 πάντως
1637 1877 1833 1980 μικρὸν

1947 1877 2092 1964 nesse
2125 1915 2212 1961 est
2233 1917 2466 1975 prorsus
2495 1902 2658 1972 paulo
2687 1877 2970 1972 posthinc
2999 1877 3176 1960 abire.
3206 1904 3326 1960 Non
3367 1905 3540 1976 igitur

243 2007 481 2084 ὕστερον
500 2008 739 2074 ἐξελθεῖν
772 2005 880 2060 τῶν
915 2003 1154 2060 ἐνθένδε.
1184 2003 1276 2075 Μὴ
1305 2002 1490 2057 τοίνυν
1511 1999 1835 2073 εύρεθῶμεν

1947 1997 2422 2070 deprehendantur
2445 2010 2479 2050 a
2506 1994 2668 2051 bonis
2687 1995 2945 2066 operibus
2969 1996 3248 2066 imparati,
3284 2014 3353 2056 ne
3379 1999 3540 2056 nobis

243 2101 739 2174 ἀπαρασκεύαστοι
794 2098 904 2153 τῶν
948 2097 1177 2167 ἀγαθῶν
1221 2095 1427 2169 ἔργων,
1473 2095 1568 2150 ἵνα
1633 2093 1712 2166 μὴ
1773 2091 1838 2146 τὸ

1947 2101 2203 2146 eternum
2247 2097 2304 2144 et
2332 2089 2440 2143 line
2483 2102 2682 2144 carens
2705 2101 2788 2142 vat
2832 2087 3141 2155 obveniat;
3192 2089 3291 2144 sed
3323 2105 3538 2160 praepa-
3635 2149 3646 2160 ,

235 2199 374 2252 ούαὶ
397 2199 533 2269 ἡμῖν
561 2196 645 2266 εἴη
673 2191 898 2246 αἰώνιον
924 2190 1022 2244 καί⁵
1046 2189 1360 2260 ἀπέραντον
1388 2203 1404 2220 ·
1435 2187 1553 2242 ἀλλ’
1594 2187 1654 2241 ὲν
1685 2187 1830 2241 ἑτοι-

1947 2190 2128 2237 rantes
2175 2194 2279 2236 nos
2324 2179 2392 2234 ad
2423 2177 2782 2236 obtinendam
2813 2178 2909 2236 Dei
2938 2195 3148 2250 pacem,
3187 2191 3247 2237 ut
3268 2198 3394 2238 cum
3426 2183 3540 2237 Do-

246 2291 423 2362 μασίᾳ
477 2285 918 2359 εὐαρεστήσεως,
961 2282 1112 2346 ὅπως
1165 2279 1592 2352 συμϐασιλεύειν
1644 2278 1840 2353 Κυρίῳ

1947 2275 2090 2329 mino
2119 2287 2354 2344 regnare
2383 2287 2700 2328 mereamur
2722 2269 2780 2326 in
2820 2273 3022 2329 saecula
3050 2288 3162 2329 non
3198 2275 3534 2332 desinentia.

243 2379 681 2450 καταξιωθῶμεν
718 2377 800 2441 είς
828 2374 1228 2445 ἀτελευτήτους
1251 2372 1486 2438 αἰῶνας.
1520 2371 1763 2426 Γένοιτο.

415 2461 418 2464 ί
460 2487 598 2541 PIII'
629 2485 767 2557 (II).
805 2511 875 2525 -—
897 2483 1271 2555 Εὐφροσύνην
1299 2481 1629 2553 ἡγουμένῃ.
1657 2480 1843 2554 [χνγ’.]

1939 2365 2084 2422 Fiat.

2199 2477 2439 2535 CXVIII.
2466 2510 2536 2520 —
2570 2478 2940 2552 Euphrosynaa
2971 2482 3296 2551 prazpositaz.

485 2600 556 2651 Ut
574 2598 766 2660 matris,
789 2597 937 2660 cujus
961 2596 1156 2648 obitum
1187 2595 1483 2657 deﬂeverat,
1518 2598 1732 2646 virtutes
1757 2593 1937 2646 imitari
1972 2594 2190 2656 studeat,
2215 2594 2497 2658 praesertim
2524 2593 2575 2644 in
2601 2595 2894 2647 monasterii
2918 2591 3301 2661 gubernatione.

324 2711 486 2782 Ἄρτι
540 2708 745 2781 μᾶλλον
799 2707 1139 2779 ἀποδέχομαι
1195 2707 1298 2780 τὴν
1349 2706 1646 2778 τιμιότητά
1699 2724 1794 2760 σου
1821 2721 1837 2738 ο

240 2800 754 2872 ἀποκλαυσαμένην
774 2799 875 2872 τὴν
908 2800 1193 2871 μακαρίαν
1230 2799 1450 2870 μητέρα
1474 2814 1488 2829 ⁶
1531 2800 1621 2852 ὅτε
1649 2797 1842 2870 ἐξελη-

237 2892 430 2957 λυθὼς
455 2895 484 2947 ὁ
510 2891 816 2963 οἰκονόμος,
847 2891 1157 2964 ἀπήγγειλε
1183 2889 1643 2962 παρακεκλῆσθαι
1670 2889 1843 2961 αὐτὴν

236 2990 310 3042 ὲν
359 2987 569 3057 Κυρίῳ.
615 2985 730 3055 Ἐφ’
786 2977 832 3053 ᾧ
889 2985 1056 3056 καὶὴ
1109 2983 1447 3048 ταπείνωσις
1512 3000 1613 3054 μου
1648 2981 1840 3054 ἀνείθη

2008 2705 2169 2761 Nunc
2211 2703 2324 2777 jam
2367 2706 2546 2778 magis
2573 2706 2738 2764 laudo
2763 2706 3132 2764 reverentiam
3168 2716 3340 2765 tuam.
3387 2704 3537 2778 quod

1940 2797 2164 2854 beatam
2199 2809 2428 2855 matrem
2466 2799 2701 2856 deﬂendi
2734 2800 2898 2856 ﬁnem
2927 2799 3078 2869 fecit,
3115 2799 3338 2870 quando
3355 2815 3543 2869 egres-

1938 2904 2035 2944 sus
2056 2888 2410 2945 OEconomus
2440 2897 2495 2946 te
2520 2891 2960 2946 consolationem
2994 2892 3050 2947 in
3095 2892 3330 2947 Domino
3373 2893 3544 2947 admi-

1939 2980 2076 3037 sisse
2104 2981 2461 3038 renuntiavit.
2508 2982 2587 3038 Ex
2621 3000 2732 3055 quo
2759 2993 2814 3040 et
2844 2984 3094 3040 dolorem
3131 2999 3355 3056 quoque
3383 2985 3518 3040 remi

240 3077 634 3150 φροντίζοντος
675 3076 746 3130 τά
779 3075 920 3130 κατά
963 3075 1022 3130 σὲ
1073 3075 1148 3140 ὡς
1195 3073 1437 3146 ἀδελφῆς
1483 3075 1542 3127 ὲν
1590 3073 1832 3146 Χριστῷ.

1947 3075 2013 3130 sit
2074 3076 2364 3132 humilitas
2409 3092 2552 3144 mea,
2599 3077 2668 3134 de
2722 3088 2776 3134 te
2825 3086 3090 3149 tanquam
3136 3078 3204 3134 de
3263 3094 3452 3135 sorore
3485 3079 3540 3135 in

241 3174 348 3225 Δεῖ
372 3171 504 3240 γὰρ,
532 3164 576 3224 ὧ
602 3168 795 3241 κυρία,
825 3171 884 3223 ὲν
902 3171 1015 3232 τοῖς
1048 3168 1352 3239 φιλτάτοις,
1377 3167 1476 3222 καὶ
1500 3166 1679 3238 τὸτῆς
1698 3167 1838 3236 ἀγά·

241 3281 366 3336 πης
390 3260 868 3332 ἐνδεικνυμένους,
901 3257 1178 3330 πενθῆσαι
1205 3252 1481 3329 φυσικῶς,
1502 3259 1599 3312 καὶ
1631 3257 1710 3329 τῷ
1741 3257 1842 3328 τῆς

241 3353 468 3417 ἐλπίδος
493 3348 946 3424 ὲπερειδομὲνους
977 3350 1236 3419 δόγματι,
1269 3349 1694 3421 παρακληθῆναι
1719 3347 1840 3402 θεο-

241 3445 507 3516 πρεπῶς,
536 3442 657 3515 μηδ’
683 3442 964 3512 ὁποτέρως
993 3441 1348 3514 λυμήνασθαι
1385 3441 1448 3496 τὸ
1480 3440 1665 3495 καλόν.
1697 3441 1842 3494 Ἴσον

238 3541 364 3609 γάρ
417 3540 564 3592 ἐστιν
616 3536 955 3608 ἀναλγησίας
1002 3537 1038 3608 ή
1098 3535 1447 3608 ὑπέρμετρος
1482 3529 1839 3607 περιωδυνία.

237 3633 499 3705 Μέτροις
533 3631 784 3702 ἀγόμεθα
808 3631 904 3684 καὶ
927 3629 1117 3683 κανόσι
1143 3629 1334 3696 θείοις,
1373 3629 1468 3683 καὶ
1521 3629 1757 3700 μάλιστα
1792 3627 1843 3680 οἱ

237 3727 312 3781 τὸ
389 3726 487 3795 τῆς
557 3725 900 3793 τελειότητος
962 3721 1321 3793 ·ὲπάγγελμα
1401 3720 1838 3792 ἐπανῃρημένοι.

242 3817 534 3872 ’Έκλαυσε
559 3817 655 3870 καὶ
688 3814 894 3870 Μωσέα
923 3813 1016 3867 τὸν
1051 3811 1333 3883 θεόπτηνό
1365 3811 1517 3876 λαὸς,
1550 3811 1689 3865 ἀλλά
1717 3827 1842 3864 τεσ-

238 3913 570 3984 σαράκοντα
613 3908 865 3982 ὴμέραςο
934 3905 1030 3962 καὶ
1102 3903 1307 3978 Ῥαχὴλ
1370 3907 1472 3977 τὴν
1527 3904 1843 3977 θαυμασίαν

250 4004 466 4062 Ἰακὼϐ
495 4005 524 4058 ό
549 4007 901 4075 πατριάρχης
945 4003 1044 4056 σὺν
1074 4000 1290 4064 τέκνοις
1313 4015 1329 4032 ·
1375 3999 1514 4054 ἀλλά
1557 3998 1844 4070 βραχείαις

234 4100 535 4170 ἡμέραις⁶
586 4097 683 4152 καὶ
712 4096 877 4150 αὑτὸν
916 4080 1116 4166 Ἰωσὴφ
1145 4095 1175 4148 ό
1237 4091 1700 4164 πολυθρύλλητος,
1746 4089 1847 4146 καὶ

232 4192 457 4253 ἄλλους
485 4190 640 4244 ἄλλοι
678 4188 736 4242 ἐν
766 4205 827 4242 τε
873 4187 1088 4258 Παλαιᾷ
1116 4186 1212 4240 καὶ
1254 4185 1374 4258 Νέᾳ
1398 4185 1648 4258 Διαθήκῃ
1672 4203 1688 4219 ο
1723 4183 1842 4239 ἀλλ’

227 4282 605 4356 ὡρισμένως,
634 4282 730 4335 καὶ
750 4280 854 4335 οὐκ
873 4281 988 4334 ἀεί’
1011 4279 1156 4334 οὕτω
1185 4279 1251 4348 δὴ
1285 4279 1380 4334 καὶ
1403 4278 1542 4350 αὑτὴ
1567 4279 1847 4350 ποιήσασα

230 4381 351 4432 καὶ
387 4375 638 4437 ποιοῦσα,
671 4372 956 4445 ἐπαινετὴ,
983 4371 1138 4444 παρά
1163 4387 1226 4424 τε
1248 4369 1368 4442 Θεῴ
1385 4371 1483 4424 καὶ
1507 4369 1839 4444 ἀνθρώποις.

1942 3167 2166 3223 Christo
2198 3168 2455 3240 sollicita.
2495 3168 2662 3226 Decet
2691 3185 2954 3240 namque,
2990 3171 3239 3237 domina,
3273 3180 3337 3226 ut
3363 3170 3527 3226 amici

1945 3259 2093 3316 inter
2119 3276 2179 3316 se
2219 3269 2272 3316 et
2296 3262 2586 3318 charitatis
2637 3262 2916 3333 specimen
2949 3263 3143 3318 dantes
3178 3263 3401 3335 lugeant
3438 3277 3536 3318 na-

1943 3361 2082 3408 turae
2106 3353 2298 3419 ductu,
2339 3361 2394 3409 et
2423 3355 2491 3410 iis
2523 3371 2646 3426 quae
2686 3370 2814 3426 spes
2838 3355 2998 3411 docet
3028 3355 3206 3410 innixi
3237 3355 3542 3412 secundum

1949 3447 2118 3502 Deum
2183 3447 2564 3514 consolentur,
2611 3456 2980 3517 neutramque
3016 3446 3071 3501 in
3122 3457 3335 3518 partem
3371 3447 3545 3502 hone-

1945 3548 2091 3594 stum
2115 3539 2372 3596 violetur.
2417 3538 2518 3594 Par
2570 3540 2717 3595 enim
2762 3548 2843 3594 est
2888 3541 3125 3608 stupori,
3174 3539 3268 3608 qui
3315 3540 3541 3596 modum

1947 3633 2164 3688 excedit
2197 3633 2408 3688 nimius
2436 3632 2618 3687 dolor.
2670 3630 2945 3687 Mensuris
2983 3647 3215 3702 agamur
3242 3641 3298 3686 et
3343 3633 3544 3704 regulis

1948 3726 2176 3792 divinis,
2206 3742 2310 3782 nos
2339 3725 2582 3780 tnaxime
2616 3724 2710 3796 qui
2749 3722 3106 3795 perfectionis
3137 3724 3542 3793 professionem

1947 3819 2239 3890 elegimus.
2275 3819 2498 3874 Planxit
2529 3826 2583 3873 et
2613 3817 2852 3890 Moysem
2881 3815 2977 3872 Dei
3000 3829 3417 3888 conspeclorem
3441 3834 3546 3888 po-

1946 3911 2129 3982 pnlus,
2182 3911 2277 3966 sed
2349 3911 2541 3966 diebus
2601 3910 2972 3982 quadraginta
3011 3928 3025 3965 :
3063 3920 3118 3965 et
3159 3909 3544 3966 admirandam

1947 4005 2244 4061 Rachelem
2287 4021 2412 4058 cum
2459 4005 2590 4060 ﬁliis
2616 4003 2932 4074 patriarcha
2985 4001 3181 4070 Jacob,
3233 4005 3326 4059 scd
3356 4006 3548 4076 paucis
3601 4001 3608 4006 ’

1945 4100 2140 4156 diebus
2179 4113 2196 4154 :
2236 4106 2290 4152 et
2320 4099 2466 4152 hunc
2489 4097 2673 4168 ipsum
2708 4096 3105 4153 celeberrimus
3132 4095 3358 4166 Ioseph,
3384 4098 3552 4154 alios-

1947 4206 2056 4262 que
2112 4190 2203 4245 alii
2229 4199 2346 4244 tum
2400 4189 2456 4244 in
2487 4188 2702 4254 Vetere,
2739 4198 2853 4244 tum
2888 4189 2942 4244 in
2983 4189 3137 4244 Novo
3166 4188 3546 4256 Testamento,

1948 4284 2044 4341 sed
2072 4294 2225 4341 certo
2249 4294 2518 4354 tempore,
2549 4299 2658 4338 non
2691 4297 2930 4352 semper.
2957 4281 3117 4349 Quod
3140 4293 3195 4336 et
3217 4294 3270 4338 tu
3295 4283 3506 4338 similits.
3525 4301 3552 4338 r

1948 4392 2074 4432 cum
2121 4376 2302 4447 egeris
2333 4390 2601 4446 agasque,
2658 4374 2958 4432 laudabilis
2985 4393 3046 4432 es
3091 4377 3237 4446 apud
3289 4375 3462 4430 Deum
3497 4391 3552 4430 et

228 4467 492 4528 Βλέποις
515 4465 605 4519 ἀεὶ
641 4465 783 4519 κατά
824 4463 952 4518 νοῦν
988 4463 1090 4536 τὴν
1124 4462 1497 4535 ποθουμένην,
1553 4462 1648 4514 καὶ
1693 4461 1839 4532 μάλα

1947 4465 2088 4537 apud
2137 4457 2414 4522 homines.
2449 4468 2675 4520 Intuere
2707 4480 2924 4536 semper
2974 4466 3167 4523 animo
3196 4481 3365 4537 quam
3397 4467 3550 4522 desi-

229 4558 652 4630 συμϐουλεύωο
691 4557 750 4623 ἐξ
775 4551 837 4613 οὗ
871 4557 1278 4620 εύκατάνυκτος
1314 4555 1436 4630 ἔσῃ,
1479 4556 1837 4627 μισόκοσμος,

227 4651 530 4722 φιλόθεος,
580 4650 1010 4723 ὲμπαράσκευος
1064 4649 1206 4721 πρὸς
1255 4647 1357 4720 τὴν
1404 4647 1577 4721 αὐτὴν
1625 4647 1838 4714 ἔξοδον·

223 4739 306 4801 οὗ
346 4743 404 4798 τί
431 4744 498 4798 ἂν
521 4743 736 4814 γένοιτο
781 4741 1331 4814 σωτηριωδέστερονς

321 4918 410 4974 Τὸ
439 4917 728 4973 πιστευθὲν
755 4933 840 4971 σοι
889 4917 1139 4988 ποίμνιον
1180 4913 1275 4970 τοῦ
1331 4915 1468 4970 Θεοῦ
1527 4915 1845 4987 ποιμαίνοις

217 5015 426 5076 ὁσίως
451 5013 527 5076 ὡς
557 5013 744 5083 μήτηρ
769 5012 1142 5083 πνευματικὴ,
1174 5009 1292 5064 ἀλλ’
1315 5010 1418 5065 οὐκ
1450 5009 1698 5083 ἄρχουσα
1746 5013 1846 5067 ἀν-

224 5106 579 5182 θρωπίνως,
602 5106 679 5171 ὡς
706 5104 954 5160 τυποῦσα
986 5105 1053 5159 δι’
1083 5105 1282 5174 ἑαυτῆς
1320 5106 1379 5158 ἐν
1407 5107 1523 5169 τοῖς
1565 5103 1689 5159 κατ’
1759 5106 1848 5160 ὲν-

217 5203 448 5272 τολὴν,
476 5201 590 5256 ἀλλ’
624 5201 726 5255 οὐκ
757 5199 1064 5255 ἀπαιτοῦσα
1109 5199 1180 5255 τὰ
1250 5199 1392 5271 ὑπὲρ
1447 5199 1680 5272 δύναμιν
1703 5213 1717 5229 ⁸
1773 5200 1850 5265 ὡς

217 5296 462 5368 ἐπίσης
491 5295 551 5349 ὲν
576 5295 779 5359 πάσαις
811 5297 879 5366 τῇ
909 5295 1100 5367 ἀγάπῃ
1153 5291 1661 5364 καταμεριζομένη,
1729 5293 1846 5347 ἀλλ’

213 5389 323 5446 at!
385 5384 790 5456 προστιθεμένη
827 5383 962 5456 ἄλλῃ
991 5383 1168 5460 ἀλλως
1219 5383 1288 5438 δι’
1336 5385 1571 5456 αἵματος
1619 5384 1844 5458 τρόπον.

231 5478 442 5552 Ὁρᾷς
463 5478 612 5541 ὅπως
630 5474 1103 5548 νενομοθετήμεθα
1126 5474 1262 5548 πρὸς
1277 5476 1374 5548 τῆς
1394 5476 1656 5549 ἀληθείας
1676 5494 1691 5544 ;
1725 5477 1846 5531 Ἀλ-

1946 4560 2109 4614 deras
2146 4577 2160 4614 :
2186 4574 2521 4630 magnopere
2544 4557 2595 4612 id
2627 4558 2865 4626 suadeo;
2893 4574 2960 4612 ex
2987 4573 3098 4629 quo
3123 4567 3178 4614 et
3203 4559 3368 4615 facile
3391 4573 3547 4613 com-

1949 4653 2234 4722 pungeris,
2263 4663 2318 4708 et
2367 4653 2556 4708 odium
2591 4651 2840 4722 concipis
2872 4651 3090 4719 mundi,
3125 4667 3371 4708 amorem
3427 4651 3546 4718 Dei,

1952 4757 2114 4818 teque
2141 4745 2210 4801 ad
2245 4757 2478 4801 mortem
2507 4747 2682 4817 ipsam
2717 4746 3070 4814 comparabis
3096 4761 3112 4800 :
3143 4760 3256 4817 quo
3277 4745 3408 4817 quid
3424 4760 3550 4802 esse

1951 4847 2133 4911 potest
2161 4838 2227 4892 ad
2259 4838 2492 4893 salutem
2515 4837 3020 4894 accommodatius?

2015 4931 2383 4986 Commissum
2417 4931 2509 4986 tibi
2547 4930 2642 4984 Dei
2677 4945 2896 5002 gregem
2956 4938 3148 4988 sancte
3191 4931 3456 5003 guberna,
3486 4940 3550 4989 ut

1945 5023 2248 5096 spiritualis
2281 5033 2474 5087 mater,
2508 5036 2616 5077 non
2644 5031 2705 5078 ut
2735 5023 2978 5079 humano
3010 5039 3166 5081 more
3195 5026 3497 5096 prasidens
3522 5044 3540 5081 :

1947 5124 2011 5172 ut
2039 5131 2136 5187 per
2157 5115 2386 5182 teipsam
2427 5115 2566 5171 dans
2599 5117 2908 5186 exemplum
2941 5117 2995 5172 in
3039 5117 3108 5174 iis
3139 5135 3262 5190 quae
3309 5134 3549 5190 praecep-

1947 5217 2002 5263 ta
2036 5215 2184 5275 sunt,
2220 5221 2329 5262 non
2356 5222 2481 5278 qua!
2503 5222 2670 5278 supra
2694 5208 2839 5263 vires
2868 5209 3092 5280 exigens
3118 5226 3133 5278 ;
3167 5223 3424 5282 tanquam
3475 5226 3542 5266 ex

1954 5314 2114 5369 aequo
2159 5299 2485 5354 charitatem
2551 5299 2809 5355 omnibus
2839 5301 3178 5372 impertiens,
3211 5319 3318 5358 non
3381 5302 3544 5356 aliam

1957 5389 2050 5444 alii
2114 5403 2212 5460 per
2294 5388 2549 5446 allectum
2617 5390 2901 5461 sanguinis
2965 5400 3324 5462 anteponens.
3380 5389 3548 5447 Vides

1959 5496 2082 5553 quae
2110 5481 2254 5555 leges
2278 5481 2549 5553 imposita:
2582 5482 2742 5540 nobis
2770 5483 2880 5538 sint
2923 5498 2953 5538 a
2976 5484 3202 5540 veritate
3229 5481 3254 5538 τ
3286 5482 3389 5541 Sed
3411 5480 3546 5554 quid

365 5613 418 5646 ⁸⁸
445 5611 616 5669 ICor.
651 5613 863 5680 vn,29.
940 5612 989 5646 ⁸⁸
1012 5611 1058 5669 II
1085 5611 1216 5671 Cor.
1247 5627 1326 5685 vn,
1357 5613 1413 5682 2.
1489 5615 1536 5649 "
1577 5614 1710 5672 Luc.
1746 5630 1868 5683 xm,
1906 5615 1958 5672 7.

1800 5771 2027 5832 NOTiE.

312 5887 453 5964 (41)
479 5888 540 5946 In
573 5891 700 5947 cod.
731 5889 864 5960 Reg.
912 5891 1056 5963 ρκη’.
