4060 6374
563 401 694 464 1391
763 421 770 428 ·

1759 405 1819 462 s.
1857 371 2257 462 THEODORI
2297 401 2646 462 srumm

3723 403 3853 468 1392

559 523 638 574 ait
681 534 915 589 magnus
955 517 1206 575 Petrus?
1257 517 1325 574 Et
1367 536 1484 573 cum
1547 523 1854 590 apparuerit
1919 522 2162 590 princeps

2267 519 2333 574 λὰ
2358 519 2412 572 τί
2439 537 2608 590 φησιν
2635 519 2666 572 6
2697 518 2876 587 μέγας
2927 517 3174 587 Πέτρος;
3229 519 3339 572 Kal
3404 523 3854 591 φανερωθέντος

558 624 837 684 pastorum
869 653 884 676 ,
927 615 1223 683 percipietis
1266 614 1762 668 inmarcescibilem
1825 615 2012 685 gloriw
2069 629 2159 668 co-

561 724 749 763 ronam
795 707 863 760 ⁸⁸.
951 705 1171 772 Quanta
1195 706 1291 761 tibi
1337 706 1460 762 laus
1490 707 1594 763 erit
1649 722 1836 762 coram
1882 706 2157 774 Domino,

521 799 529 842 ἶ
569 802 870 858 txclamare
899 817 912 854 :
938 799 1071 854 Ecce
1105 815 1198 871 ego
1236 808 1287 852 et
1311 799 1504 870 puellm
1533 815 1664 872 quas
1715 799 1908 853 dedisti
1941 799 2070 852 mihi
2087 799 2156 853 ".

558 891 770 946 Addam
825 898 882 945 et.
934 889 1070 944 illud
1125 887 1302 945 :Non
1373 905 1491 944 sum
1568 890 1892 960 defatigatus
1957 899 2003 942 te
2079 905 2162 942 se-

560 1000 724 1054 quens
761 1000 781 1038 :
807 991 857 1037 et
891 982 1034 1036 diem
1060 981 1291 1036 hominis
1331 999 1436 1038 non
1474 982 1771 1038 desideravi
1799 1023 1814 1048 ,
1845 983 2062 1036 Domine
2091 983 2158 1036 ⁸ο.

561 1077 776 1134 Etenim
823 1075 906 1132 sic
970 1089 1032 1130 se
1096 1089 1186 1131 res
1241 1075 1429 1140 habet,
1489 1075 1683 1130 Omnia
1745 1073 1858 1130 Deo
1918 1074 2162 1138 dedisti,

562 1169 750 1225 omnia
784 1167 1119 1223 existimasti
1170 1175 1232 1221 ut
1258 1175 1527 1233 stercora,
1572 1176 1632 1222 ut
1669 1166 1950 1222 Christum
1994 1165 2164 1220 lucri-

561 1260 739 1315 facias
770 1259 815 1290 “
871 1296 888 1315 .
925 1258 1130 1325 Quare,
1183 1258 1232 1313 si
1263 1273 1388 1328 quae
1443 1268 1574 1314 sunt
1623 1259 1792 1314 etiam
1856 1258 2164 1315 tribulatio-

561 1367 681 1417 ues,
722 1349 926 1422 quibus
959 1348 1352 1406 conﬂictantur
1376 1351 1468 1420 qui
1495 1351 1801 1406 secundum
1853 1350 2025 1406 Deum
2079 1351 2164 1405 vi-

563 1455 674 1501 tam
731 1453 946 1517 agunt;
997 1442 1100 1511 fer,
1161 1445 1408 1500 domina.
1471 1443 1662 1500 Multae
1686 1445 1826 1500 enim
1861 1445 2166 1500 tribulatio.

563 1554 654 1594 nes
667 1537 940 1608 iustorum
978 1536 1048 1604 θ’,
1103 1545 1160 1592 ut
1189 1546 1420 1594 testatur
1451 1547 1677 1613 sanctus
1705 1537 1901 1603 David,
1932 1556 2056 1612 quae
2113 1549 2168 1595 et

565 1634 624 1688 in
657 1640 840 1688 mente
871 1640 928 1687 et
960 1631 1014 1686 in
1077 1629 1344 1687 sensibus
1399 1629 1470 1686 ab
1527 1631 1752 1687 inimico
1812 1633 2162 1700 excitantur;

559 1726 724 1796 cujus
783 1733 841 1782 tu
911 1723 1148 1795 cogitata
1247 1725 1504 1794 ignorare
1588 1725 1740 1789 noli,
1799 1726 1960 1797 cujus
2041 1743 2167 1784 ver-

563 1821 739 1875 sutias
795 1818 906 1874 tuis
943 1818 1203 1889 precibus
1267 1824 1473 1884 averte,
1535 1816 1661 1872 Non
1687 1828 1766 1873 est
1803 1819 1956 1873 nobis
1995 1820 2166 1874 collu-

2261 609 2369 664 τοῦ
2405 607 2857 678 ἀρχιποίμενος,
2907 608 3265 678 κομίσοισθε
3306 607 3417 663 τὸν
3447 611 3857 680 ἀμαράντιην

2261 700 2372 771 τῆς
2405 700 2594 768 δόξης
2623 701 2954 769 στέφανον.
2995 698 3217 753 Ἠλίκον
3251 717 3334 753 σοι
3365 700 3562 774 βοῆσαι
3621 704 3855 764 ἐνώπιον

2263 794 2476 866 Κυρίου
2498 810 2512 825 ο
2551 793 2708 850 Ἰδοὺ
2735 793 2852 863 ἐγὼ
2889 790 2991 846 καὶ
3023 793 3096 846 τὰ
3124 791 3335 846 παιδία
3365 793 3405 849 ἅ
3429 812 3536 864 μοι
3570 796 3854 865 δέδωκας.

2265 878 2572 960 Προσθεέην
2606 887 2650 940 δ’
2674 886 2742 940 ἂν
2771 885 2996 941 κάκεῖνο
3021 901 3036 914 ·
3080 883 3225 956 Ἐγὼ
3259 888 3374 942 οὐκ
3415 887 3728 945 ἐκοπίασα
3751 909 3856 946 κα-

2262 978 2653 1035 τακολουθῶν
2675 995 2798 1044 σοι,
2835 978 2936 1031 καὶ
2965 975 3196 1046 ἡμέραν
3237 977 3558 1047 ἀνθρώπου
3585 983 3704 1036 οὐκ
3758 983 3856 1036 ἐπε

2265 1075 2563 1145 εθύμησα,
2594 1072 2789 1140 Κύριε.
2821 1073 2931 1124 Καὶ
2955 1071 3067 1141 γὰρ
3104 1071 3280 1136 οὕτως
3333 1071 3468 1144 ἔχει.
3500 1074 3697 1128 Πάντα
3743 1075 3858 1146 Θεῴ

2263 1168 2529 1231 δέδωκας,
2563 1165 2743 1220 πάντα
2767 1166 2960 1236 ἡγήσω
2987 1163 3257 1228 σκύϐαλα,
3311 1164 3399 1219 ἵνα
3427 1166 3672 1238 Χριστὸν
3730 1185 3857 1241 κερ-

2264 1260 2456 1331 δήσῃς.
2492 1259 2658 1313 Ὥστε
2687 1260 2736 1312 εἰ
2761 1258 2858 1312 καὶ
2881 1257 3116 1329 Θλίψεις,
3160 1254 3250 1323 αἷς
3283 1257 3521 1325 συζῶσιν
3584 1263 3638 1315 οῖ
3702 1264 3859 1328 θείως

2264 1351 2640 1418 διαϐιοῦντες,
2670 1352 2862 1424 φέροις
2884 1392 2899 1416 ,
2932 1352 3376 1424 κυρία.Πολ.λαὶ
3400 1354 3510 1424 γὰρ
3531 1357 3595 1408 αι
3620 1356 3858 1424 θλίψεις

2265 1440 2388 1495 τῶν
2416 1440 2668 1496 δικαίων
2689 1480 2706 1506 ,
2747 1441 2824 1504 ὡς
2854 1441 2953 1513 βοᾷ
2978 1443 3008 1495 6
3041 1443 3198 1511 ἅγιος
3229 1442 3416 1510 Δαυῒδ,
3447 1445 3659 1514 νοητῶς
3683 1462 3746 1499 τε
3770 1447 3860 1500 καὶ

2267 1535 2549 1606 αἰσθητῶς
2583 1537 2960 1605 ἀναπτόμεναι
2987 1535 3139 1606 παρὰ
3165 1535 3262 1589 τοῦ
3295 1536 3510 1608 ἐχθροῦ.
3543 1533 3622 1592 Οὗ
3643 1541 3718 1592 τὰ
3747 1541 3861 1609 νοή-

2271 1649 2420 1702 ματα
2457 1631 2534 1702 μὴ
2559 1630 2747 1699 ἀγνόει
2777 1647 2792 1663 ⁸
2834 1625 2896 1686 οὗ
2919 1631 3017 1694 τὰς
3051 1631 3334 1702 μεθοδείας
3363 1635 3488 1698 ταῖς
3522 1638 3858 1706 προσευχαῖς

2267 1722 2497 1793 τροποῦ.
2529 1725 2652 1778 Οὐκ
2681 1723 2856 1778 ἐστιν
2890 1723 3040 1792 ἡμῖν
3063 1724 3102 1789 ἡ
3135 1725 3302 1793 πάλη
3357 1726 3508 1794 πρὸς
3555 1723 3704 1797 αἷμα
3760 1728 3858 1782 καί

2269 1814 2493 1884 σάρκα,
2527 1815 2605 1875 ὥς
2630 1831 2799 1886 φησιν
2825 1816 2856 1868 6
2919 1816 3271 1884 Ἀπόστολος,
3332 1821 3498 1873 ἀλλὰ
3547 1819 3704 1886 πρὸς
3751 1821 3853 1887 τὰς

562 1911 753 1976 oratio,
787 1919 847 1966 ut
897 1911 974 1965 ait
1003 1909 1328 1980 Apostolus,
1381 1910 1633 1967 adversus
1691 1927 1902 1966 carnem
1949 1920 2000 1968 et
2034 1929 2161 1967 san-

2267 1881 2456 1976 ἀρᾷίὰς
2485 1906 2587 1961 καὶ
2610 1881 2903 1975 ἐξουσίας
2929 1907 3039 1962 τοῦ
3068 1907 3214 1977 τῇδε
3253 1881 3490 1979 κόσμου
3512 1925 3529 1940 ο
3563 1881 3642 1964 ὧν
3663 1881 3855 1980 διαφυξ

561 2003 795 2073 guinem,
835 2001 927 2056 sed
949 2001 1204 2058 adversus
1231 2002 1567 2072 principatus
1600 2013 1650 2058 et
1685 2013 1970 2072 potestates
2001 2020 2158 2058 mun-

561 2094 618 2148 di
645 2093 804 2163 hujus
828 2094 919 2148 ⁶³ς
973 2109 1210 2165 quarum
1271 2095 1502 2165 laqueos
1550 2095 1807 2163 evadere,
1858 2097 2040 2167 magni
2075 2107 2161 2152 est

563 2199 756 2240 revera
781 2185 1118 2242 certaminis.
1150 2185 1407 2242 Animam
1438 2185 1641 2243 habeas
1672 2187 1728 2242 in
1759 2202 1866 2258 qua
1896 2197 2160 2244 retractes

562 2294 686 2348 qua:
719 2279 1064 2348 contingunt.
1131 2277 1272 2335 Hinc
1308 2280 1458 2335 enim
1488 2278 1717 2357 frenum
1739 2289 1826 2334 est
1895 2278 2107 2350 peccati
2139 2318 2156 2344 ,

562 2382 618 2425 et
668 2371 936 2426 auxilium
971 2371 1240 2426 divinum.
1283 2370 1565 2442 Tanquam
1611 2388 1886 2442 germanae
1940 2388 2161 2430 sorores

565 2461 667 2515 tibi
697 2463 810 2516 sint
870 2461 1073 2532 quibus
1103 2476 1324 2531 praess:
1378 2470 1592 2532 oportet
1636 2462 1786 2516 enim
1829 2471 1886 2516 ut
1932 2461 2161 2532 singula:

564 2569 696 2608 suos
719 2553 816 2608 tibi
850 2555 1080 2610 allectus
1111 2564 1492 2625 exponant,et
1539 2571 1706 2626 quam
1742 2555 1809 2610 ad
1853 2570 1968 2610 rem
2018 2571 2159 2610 uua-

564 2662 797 2719 quaeque
825 2648 896 2702 sit
923 2648 1254 2717 proclivior:
1297 2659 1356 2704 tu
1388 2662 1519 2703 vero
1571 2647 1694 2702 illas
1749 2647 1982 2717 benigne
2015 2649 2162 2703 exci-

564 2745 705 2812 pias,
733 2751 787 2795 et
819 2740 961 2796 hanc
1014 2741 1237 2812 quidem
1263 2741 1588 2807 consoleris,
1626 2740 1758 2796 huic
1817 2741 2035 2796 animos
2063 2741 2161 2796 ad-

565 2837 712 2899 das,
751 2835 902 2890 illam
959 2837 1276 2904 conﬁrmes,
1343 2843 1400 2890 et
1433 2839 1576 2906 quod
1645 2835 1875 2906 singulis
1937 2833 2156 2889 demum

567 2927 701 2981 utile
726 2934 810 2984 est
834 2925 1109 2982 conferas.
1149 2924 1262 2982 Nec
1302 2940 1436 2982 vero
1484 2925 1704 2980 taedium
1745 2925 1849 2980 hac
1888 2925 1945 2980 in
1999 2940 2058 2982 re
2108 2936 2160 2982 te

567 3018 768 3086 capiat.
800 3016 948 3074 Deus
1005 3018 1226 3088 adjutor
1259 3017 1529 3074 Dominus
1567 3017 1932 3072 corroborans
1961 3035 1976 3084 ;
2017 3018 2160 3074 inci-

568 3113 785 3180 piamus
817 3127 918 3167 nos
943 3121 1197 3178 tantum;
1256 3122 1310 3167 et
1351 3112 1469 3182 ipse
1524 3111 1674 3165 docet
1735 3111 2016 3164 scientiam
2045 3110 2091 3142 “
2141 3150 2156 3166 .

569 3203 824 3258 {Emulor
857 3220 970 3268 vos,
1029 3204 1209 3274 inquit
1270 3204 1585 3274 Apostolus,
1626 3204 1965 3260 aemulatione
2015 3205 2161 3260 Dei:

570 3297 823 3363 despondi
871 3312 960 3350 vos
1017 3297 1111 3348 uni
1158 3295 1293 3361 viro,
1347 3296 1603 3367 uirginem
1668 3311 1875 3350 castam
1923 3297 2164 3352 exhibere

571 3389 783 3442 Christo
807 3388 852 3420 “‘
883 3427 898 3442 .
923 3387 1016 3442 Sic
1055 3402 1144 3442 res
1175 3395 1396 3443 nostras
1423 3402 1482 3442 se
1504 3387 1706 3442 habere
1745 3388 1945 3457 cogita,
1979 3404 2162 3458 quan-

573 3490 686 3533 tum
729 3478 898 3548 hujus
925 3477 1343 3534 assimilationis
1374 3493 1669 3548 possumus
1738 3479 1956 3548 assequi
1988 3496 2002 3546 ;
2038 3479 2166 3534 licet

572 3571 776 3641 alioqui
805 3581 1120 3640 peccatores
1154 3570 1349 3625 simus.
1392 3571 1457 3625 Et
1489 3569 1634 3625 Deus
1683 3572 1854 3640 pacis,
1918 3571 2010 3641 qui
2070 3586 2166 3627 co-

571 3665 886 3736 gnominem
948 3662 1100 3733 pacis
1159 3661 1375 3718 lrenem
1428 3673 1659 3717 matrem
1710 3672 1856 3717 tuam
1883 3664 1950 3718 ad
1991 3678 2052 3718 se
2108 3664 2164 3718 in

571 3771 705 3828 pace
727 3769 781 3814 et
803 3757 1098 3813 sanctitate
1129 3754 1456 3826 assumpsit,
1489 3771 1586 3827 per
1621 3756 1768 3811 illius
1811 3757 2045 3828 vestigia
2078 3758 2162 3812 vi-

573 3863 682 3904 tam
699 3858 753 3905 et
782 3851 1257 3906 conversationem
1291 3858 1440 3904 tuam
1493 3848 1731 3919 dirigere
1763 3849 2039 3920 dignetur,
2065 3865 2164 3920 pa-

571 3958 734 4000 scens
754 3952 1092 4015 pascentem,
1137 3941 1442 4013 ducemque
1497 3941 1799 4009 deducens,
1841 3943 1897 3998 in
1935 3944 2159 4000 Christo

966 4055 1230 4112 CXIX.—
1252 4055 1454 4111 Jacobo
1494 4057 1771 4112 monacho.

2268 2001 2387 2070 γεῖν
2413 1999 2514 2064 τὰς
2541 1999 2798 2068 παγίδας,
2817 2001 3183 2071 ἀγωνιστικὸν
3211 2001 3291 2073 τῷ
3315 2002 3449 2058 ὄντι.
3471 2003 3662 2074 Ἐχοις
3683 2003 3855 2077 ψυχὴν

2267 2092 2327 2144 ἑν
2355 2087 2390 2168 ᾖ
2418 2091 2673 2164 ἀναϐήσῃ
2705 2093 2776 2147 τὰ
2804 2092 3198 2164 συμϐαίνοντα.
3239 2093 3522 2149 Ἐντεῦθεν
3557 2096 3673 2168 γὰρ
3713 2099 3854 2167 χαλιο

2267 2181 2358 2246 νὸς
2390 2183 2672 2254 ἁμαρτίας
2703 2185 2799 2238 καὶ
2853 2183 3080 2256 βοήθεια
3133 2183 3276 2240 θεία.
3338 2179 3467 2240 Οἶον
3518 2187 3578 2240 αἱ
3625 2187 3854 2256 ἀδελφαὶ

2265 2274 2367 2348 τήν
2396 2275 2497 2346 σὴν
2528 2275 2750 2348 ἔχουσαι
2785 2278 3128 2349 προστασίαν
3150 2292 3164 2307 ’
3194 2277 3280 2332 δεῖ
3306 2277 3418 2350 γὰρ
3457 2279 3630 2344 αὑτὰς
3675 2283 3855 2335 ἀνατί-

2269 2367 2460 2422 θεσθαί
2501 2386 2584 2423 σοι
2617 2369 2717 2433 τὰς
2747 2369 2962 2428 ἑαυτῶν
2995 2369 3197 2442 ὁρμὰς,
3232 2371 3332 2424 καὶ
3375 2371 3513 2442 πρὸς
3545 2372 3601 2424 τί
3653 2373 3851 2444 ἑκάστη

2267 2461 2738 2533 ὲπιρῤεπέστερον
2776 2461 2914 2533 ἔχει,
2947 2464 3043 2516 καὶ
3093 2462 3268 2534 αὐτὴν
3301 2463 3670 2535 ὑποδέχεσθαι
3691 2481 3708 2495 ·
3766 2469 3852 2520 καὶ

2265 2556 2366 2628 τὴν
2403 2556 2506 2626 μὲν
2537 2558 2898 2630 παρακαλεῖν,
2929 2559 3030 2629 τὴν
3058 2559 3115 2612 δὲ
3177 2560 3606 2632 προθυμεῖσθαι,
3657 2563 3761 2634 τὴν
3800 2565 3850 2618 δὲ

2271 2649 2696 2718 ὰσεραλίζεσθαι,
2765 2653 2860 2704 καὶ
2917 2651 3105 2715 ἁπλῶς
3141 2652 3204 2706 τδ
3249 2653 3562 2726 πρόσφορον
3615 2654 3854 2718 ἀπάσαις

2268 2741 2631 2812 προσφέρειν.
2668 2741 2780 2794 Καὶ
2831 2743 2999 2813 μήτοι
3043 2743 3348 2815 ἀκηδιάσῃς
3405 2747 3463 2798 ὲν
3511 2745 3679 2816 τῷδε.
3729 2747 3851 2811 Θεὸς

2270 2835 2666 2905 συνασπιστὴς,
2694 2833 2902 2906 Κύριος
2933 2836 3241 2907 ὑπερείδων
3275 2855 3288 2867 ·
3315 2839 3478 2909 ἡμεῖς
3537 2839 3708 2910 μόνον
3757 2843 3852 2912 ἁρ-

2270 2924 2493 2994 ξώμεθα
2521 2943 2536 2958 ο
2560 2928 2655 2982 καὶ
2697 2929 2860 2992 αὐτὸς
2891 2928 3164 2983 διδάσκει
3197 2930 3446 3000 γνῶσιν.
3474 2933 3656 3000 Ζηλῶ
3677 2932 3848 3004 ὑμᾶς,

2269 3021 2436 3090 φησὶν
2466 3021 2496 3073 6
2533 3021 2885 3089 ’Δπόστολος,
2900 3019 3056 3092 ζήλῳ
3079 3022 3228 3077 Θεοῦ
3265 3040 3279 3054 ’
3302 3025 3679 3096 ἡρμοσάμην
3698 3025 3848 3097 ὑμᾶς

2269 3111 2362 3166 ἐνὶ
2395 3111 2590 3179 ἀνδρὶ,
2619 3113 2925 3181 παρθένον
2955 3114 3153 3184 ἁγνὴν
3195 3116 3590 3185 παραστῆσαι
3618 3118 3704 3185 τῷ
3727 3123 3851 3190 Xpt-

2269 3200 2414 3267 στῷ.
2449 3201 2637 3267 Οὕτως
2667 3203 3120 3275 ὑπολάμϐανετὰ
3151 3205 3274 3259 καθ’
3307 3207 3478 3276 ἡμᾶς.
3532 3209 3661 3262 ὅσον
3719 3213 3851 3264 κατὰ

2267 3293 2498 3364 ἔσχατον
2525 3296 2714 3366 ἁπήχη
2723 3313 2798 3365 μα
2824 3296 3221 3367 ἀφομοιώσεως
3240 3315 3255 3329 ’
3284 3297 3388 3354 κᾶν
3428 3299 3611 3363 ἄλλως
3674 3302 3850 3372 ἁμαρ-

2264 3386 2431 3441 τωλοὶ
2461 3389 2642 3458 ἡμεῖς.
2668 3389 2778 3441 Καὶ
2802 3390 2830 3441 6
2853 3387 2988 3452 Θεὸς
3015 3390 3116 3460 τῆς
3137 3392 3382 3462 εἰρήνης,
3413 3391 3442 3444 6
3481 3394 3581 3446 καὶ
3609 3395 3711 3466 τὴν
3735 3413 3853 3449 συν-

2265 3475 2484 3547 ώνυμον
2521 3479 2748 3550 εἰρήνην
2783 3478 3082 3551 κληθεῖσάν
3118 3497 3214 3534 σου
3283 3482 3499 3553 μητέρα
3552 3487 3612 3537 ἐν
3662 3489 3848 3559 εἰρήνῃ

2267 3571 2364 3623 καὶ
2392 3569 2634 3638 ὁσιότητι
2660 3570 2798 3643 πρὸς
2823 3571 3014 3626 ἑαυτὸν
3032 3573 3496 3645 προσλαϐόμενος,
3527 3580 3626 3631 καὶ
3655 3579 3718 3632 σὲ
3737 3582 3849 3634 κατ’

2269 3661 2414 3732 ῖχνος
2439 3663 2654 3736 ἐκείνης
2683 3663 3064 3719 πολιτεύεσθαι
3093 3666 3372 3734 ἀξιώσειε,
3405 3671 3722 3740 ποιμαίνων
3750 3691 3853 3726 ποι-

2271 3753 2598 3823 μαίνουσαν,
2623 3755 2720 3808 καὶ
2751 3755 2965 3827 ὁδηγῶν
2992 3757 3317 3830 ὁδηγοῦσαν,
3342 3759 3402 3814 ὲν
3438 3761 3597 3833 αὐτῷ
3635 3763 3851 3838 Χριστῷ

2265 3846 2344 3916 τῷ
2403 3847 2522 3919 Θεῷ
2584 3847 2766 3921 ήμῶν,
2827 3840 2872 3904 ὦ
2893 3851 2928 3921 ἠ
2955 3849 3082 3918 δόξα
3109 3853 3192 3915 εἰς
3219 3853 3348 3917 τοὺς
3381 3854 3615 3918 αἰῶνας.
3660 3855 3850 3927 ’Δμήν.

2265 3936 2378 3994 Deo
2401 3950 2609 4005 nostro,
2655 3943 2747 3996 cui
2776 3943 2946 4013 gloria
2988 3942 3042 3998 in
3083 3946 3306 4000 saecula.
3339 3945 3534 4001 Amen.

2449 4053 2576 4108 Ριθ’
2607 4055 2740 4127 (15).
2785 4057 3039 4124 Ἰακώϐῳ
3064 4058 3400 4130 μονάζοντι.
3425 4059 3612 4136 [χνδη

756 4175 881 4228 Cum
901 4185 964 4224 eo
979 4174 1104 4236 .qui,
1125 4177 1240 4236 post
1257 4170 1469 4233 lapsum,
1495 4169 1716 4220 retineat
1751 4169 2113 4233 episcopatum,
2144 4169 2606 4220 communicandum
2627 4184 2727 4220 non
2757 4183 2889 4231 esse,
2910 4169 3106 4222 etiamsi
3131 4184 3358 4222 errorem
3377 4173 3706 4225 damnaverit.

643 4283 884 4339 Tardius
913 4280 1074 4336 etiam
1107 4279 1174 4333 ad
1234 4279 1645 4333 rescribendum
1685 4279 1781 4332 tibi
1809 4295 1910 4334 nos
1927 4277 2170 4333 accinxi-

575 4396 722 4444 ntus,
759 4377 928 4432 frater
964 4372 1302 4436 honorande,
1333 4382 1559 4441 propter
1618 4373 1880 4443 temporis
1927 4371 2170 4428 diliicul-

577 4483 744 4528 tatem
793 4488 807 4525 ε
863 4478 1105 4524 attamen
1152 4466 1266 4537 pari
1325 4466 1612 4522 charitatis
1681 4481 1943 4520 mensura
1995 4465 2172 4521 vicem

575 4564 675 4620 tibi
698 4562 1002 4627 reddimus,
1027 4560 1256 4614 moleste
1283 4558 1505 4629 quidem
1527 4558 2027 4614 l’erentesencomia
2050 4561 2173 4629 qua:

577 4664 630 4714 in
673 4674 776 4715 nos
817 4656 1161 4726 excogitasti,
1191 4656 1285 4726 qui
1321 4654 1483 4709 laude
1517 4653 1742 4723 dignum
1809 4653 1949 4707 nihil
1996 4653 2167 4709 habe-

577 4765 741 4815 mus;
774 4746 1006 4802 recreati
1039 4753 1222 4800 autem
1267 4743 1479 4799 ardenti
1544 4743 1662 4797 zelo
1709 4754 1983 4798 accurata:
2027 4759 2166 4799 con-

577 4841 902 4898 versationis
941 4849 1069 4905 tuae,
1120 4854 1229 4910 qua
1255 4853 1431 4892 caves
1462 4851 1528 4890 ne
1562 4851 1674 4906 quo
1719 4835 1886 4891 modo
1939 4836 2168 4908 tepidio-

579 4945 700 4984 rnm
770 4925 1114 4999 negligentiae
1147 4925 1486 4997 adjungaris,
1516 4923 1584 4979 de
1612 4940 1720 4995 qua
1755 4925 1851 4980 tibi
1873 4926 2057 4981 omnis
2083 4933 2170 4981 est

580 5036 784 5078 sermo.
823 5023 938 5094 Ego
967 5035 1099 5075 vero
1134 5061 1150 5086 ,
1203 5019 1551 5082 cbarissime.
1611 5033 1721 5072 non
1769 5028 1905 5089 puto
1958 5019 2109 5074 illum
2151 5059 2168 5086 ,

2341 4278 2568 4350 Βραδεῖς
2597 4279 2692 4332 καὶ
2723 4281 2890 4350 ἡμεῖς
2915 4279 3055 4352 πρὸς
3090 4281 3192 4351 τὴν
3216 4281 3327 4335 τῶν
3363 4281 3719 4352 γραμμάτων
3763 4284 3848 4337 ἁν-

2269 4364 2470 4420 τίδοσιν
2500 4368 2928 4439 ἀπηντήκαμεν,
2961 4369 3161 4440 ἀδελφὲ
3203 4372 3527 4442 τιμιώτατε,
3587 4372 3734 4426 οὕτω
3763 4373 3849 4427 τοῦ

2269 4460 2466 4532 χρόνου
2497 4460 2968 4532 δυσκολήσαντος·
2999 4461 3118 4516 ἀλλ’
3176 4462 3328 4533 ὅμως
3384 4463 3740 4534 ἀμειϐόμεθά
3797 4483 3848 4518 σε

2269 4555 2384 4616 τοῖς
2417 4555 2557 4616 τσοις
2583 4555 2682 4624 τῆς
2704 4555 2932 4625 ἀγάπης
2969 4554 3193 4628 μέτροις
3212 4575 3227 4588 -
3254 4555 3707 4626 δυσχεραίνοντες
3763 4559 3848 4627 μὲν

2270 4647 2358 4717 ἐφ’
2388 4641 2471 4711 οἷς
2503 4646 2729 4718 ἐξεῦρες
2753 4646 2876 4701 καθ’
2911 4647 3068 4718 ἡμῶν
3096 4647 3420 4718 ἐγκωμίοις,
3455 4647 3533 4710 ὡς
3558 4649 3663 4702 οὐκ
3707 4650 3849 4718 ὲχὸν-

2274 4756 2386 4792 των
2413 4740 2641 4792 ὲπαίνου
2695 4739 2855 4807 λόγον
2876 4752 2891 4768 ⁸
2915 4739 3343 4809 εὐφραινόμενοι
3373 4738 3430 4791 δὲ
3458 4739 3556 4792 ἐπὶ
3580 4743 3650 4811 τῇ
3677 4739 3852 4794 διαπύ-

2275 4848 2354 4902 ρῳ
2386 4830 2693 4903 ζηλοτυπίᾳ
2729 4832 2828 4902 τῆς
2855 4831 3246 4902 ήκριϐωμένης
3271 4847 3368 4884 σου
3402 4831 3684 4895 πολιτείας
3708 4849 3724 4862 °
3759 4850 3852 4900 φυ-

2271 4920 2578 4993 λαττούσης
2631 4923 2832 4994 ἑαυτὴν
2894 4923 3278 4976 ἀκατάτακτον
3343 4922 3453 4976 τῶν
3493 4924 3853 4996 χυδαιομένων

2273 5019 2342 5087 τῇ
2373 5015 2691 5088 ἀδιαφορία,
2725 5017 2859 5089 περ)⁸
2886 5013 2956 5091 ἧς
2987 5034 3070 5070 σοι
3102 5019 3198 5071 καὶ
3230 5019 3259 5070 6
3305 5019 3417 5082 πᾶς
3453 5018 3636 5088 λόγος.
3724 5018 3856 5086 Ἐγὼ

579 5129 744 5185 quiem
779 5113 1057 5179 indicasti,
1091 5112 1173 5168 sic
1201 5110 1352 5180 loqui
1397 5119 1494 5166 aut
1521 5126 1705 5180 agere.
1747 5111 1870 5178 Quo
1903 5113 2048 5166 enim
2070 5127 2163 5182 pa-

2267 5109 2324 5162 δὲ
2357 5110 2458 5163 οὐκ
2486 5111 2689 5181 οἴομαι,
2751 5112 3000 5181 φίλτατε,
3036 5113 3178 5181 ὅπερ
3223 5113 3508 5184 ὲσήμανας
3568 5114 3858 5186 πρόσωπον

581 5218 670 5262 cto
700 5206 794 5278 qui
827 5206 893 5260 ad
923 5204 1244 5262 hicrarchia:
1274 5203 1505 5274 gradum
1530 5213 1832 5274 provectus
1863 5215 1968 5272 est,
2001 5204 2066 5259 ad
2085 5205 2172 5259 in-

583 5304 710 5354 tima
742 5299 1082 5369 deprimatur
1109 5297 1132 5350 ?
1177 5295 1456 5366 quomodo
1481 5297 1572 5366 qui
1603 5295 1972 5352 confessionis
1991 5304 2172 5351 certa-

584 5407 708 5446 men
755 5391 1042 5453 sustinuit,
1097 5403 1223 5443 cum
1275 5387 1554 5441 illaudatis
1594 5386 1959 5458 profanisque
2025 5389 2173 5443 abri-

584 5486 765 5555 piatur
797 5484 821 5536 ?
852 5483 948 5538 Ais
1000 5483 1148 5536 enim
1172 5478 1445 5534 aliirmare
1476 5479 1656 5542 illum,
1683 5478 1831 5548 quod
1890 5479 1943 5533 in
1977 5480 2170 5535 cathe-

658 5599 703 5631 ⁵³
735 5600 753 5653 l
791 5600 938 5656 Petr.
973 5616 1004 5652 ν
1038 5641 1052 5662 ,
1093 5598 1160 5652 4.

584 5671 631 5704 "
688 5670 884 5742 Epltcs.
919 5688 990 5737 vr,
1031 5671 1114 5724 1‘2.

1268 5597 1470 5672 ”_lsa.
1530 5612 1648 5658 vm,
1688 5595 1908 5672 l8.__‘°
1958 5595 2162 5672 derant.

2273 5615 2334 5665 ιι,
2375 5598 2460 5653 16.
2556 5599 2595 5630 ⁸³
2632 5598 2871 5672 Philipp.
2923 5615 3011 5668 tu,
3043 5600 3098 5657 8.

1225 5669 1271 5701 ⁸³
1331 5669 1474 5723 l’sal.
1551 5682 1702 5732 xcm,
1785 5666 1869 5720 l0.
1961 5668 2006 5699 ⁸⁵
2061 5667 2103 5723 ll
2143 5669 2271 5724 Cor.
2311 5687 2385 5735 ιιι,
2426 5673 2480 5724 ‘2.

2266 5200 2415 5255 οὕτω
2447 5204 2544 5257 καὶ
2567 5203 2746 5272 λέγειν
2778 5203 2874 5257 καὶ
2899 5203 3185 5276 πράττειν.
3213 5205 3455 5268 Καὶπῶς
3484 5204 3597 5276 γὰρ
3623 5209 3652 5260 6
3685 5209 3744 5259 ἐν
3767 5206 3856 5276 βαι

2269 5294 2392 5366 0μῷ
2412 5295 2695 5366 ἱεραρχίας
2711 5297 3022 5367 ἀνηγμένος
3041 5295 3400 5368 χαμαιζήλως
3422 5298 3612 5366 ἄγοιτο
3631 5316 3646 5363 ;
3663 5299 3786 5362 πῶς
3806 5298 3860 5350 δὲ

2270 5385 2364 5438 καὶ
2399 5385 2427 5437 6
2467 5385 2726 5456 ἠθληκὼς
2782 5386 2852 5440 δι’
2909 5387 3203 5458 ὁμολογίας
3261 5391 3709 5460 συνυποφέρεται
3754 5390 3861 5452 τοῖς

2273 5477 2577 5549 ἀζηλώτοις
2605 5481 2701 5533 καὶ
2722 5479 2965 5550 ἀνιέροις
2994 5498 3010 5549 ;
3040 5480 3148 5554 φὴς
3179 5481 3291 5554 γὰρ
3319 5480 3502 5551 λέγειν
3559 5483 3752 5546 αὑτὸν,
3784 5483 3862 5534 ὅτι

3208 5600 3254 5635 ⁸³
3303 5599 3449 5658 Psal.
3508 5617 3706 5668 xxxttt,
3771 5601 3861 5658 20.

2107 5783 2339 5842 NOTAS.

661 5883 775 5954 (ιδ)
806 5881 866 5938 lu
896 5883 1020 5938 cod.
1065 5883 1199 5952 Reg.
1237 5887 1382 5952 pac'.
