4060 6374
281 396 420 460 1393

1475 396 2020 460 EPISTOLARUM
2079 397 2229 459 LIB.
2275 399 2359 459 II.

3419 391 3552 470 139i

275 517 340 570 τὸ
363 512 692 578 καθέζεσθαι
726 515 812 580 είς
861 516 1235 581 ἑπισκοπεῖον,
1269 515 1328 570 ἐν
1378 508 1532 588 ᾧπερ
1587 515 1856 587 ἠσέϐησεν

1963 511 2062 567 dra
2093 513 2390 583 episcopali
2415 513 2607 570 sedere
2672 513 2810 568 nihil
2862 513 3150 584 prohibeat
3193 531 3339 584 eum,
3372 525 3462 590 qui
3498 529 3550 577 in

275 610 304 663 ὀ
335 607 609 676 κατέχων,
639 607 702 661 τὸ
732 606 942 662 κωλύον
969 608 1124 662 οὐδέν
1149 624 1162 638 ·
1199 608 1296 662 καὶ
1328 607 1390 661 τὸ
1445 609 1596 680 παρὰ
1655 624 1862 677 συγκα-

272 699 529 756 ταόατῶν
561 700 951 754 ἀνεπισκόπων
978 699 1306 764 σιτίζεσθαι,
1338 701 1493 754 οὐδὲν
1513 701 1750 772 μάχεται
1777 700 1858 770 τῷ

273 794 466 848 κανόνι
497 795 598 864 τῆς
623 791 928 856 εύσεὸείας.
959 792 1075 847 Καὶ
1098 793 1218 857 πῶς
1245 793 1406 846 τοῦτο
1435 793 1498 846 οὐ
1528 793 1764 864 μάχεται
1791 796 1860 864 τῇ

272 885 538 957 ἀληθείας
571 883 664 937 τοῦ
693 883 851 953 ἁγίου
869 883 1033 938 Δαυῖδ
1043 883 1339 954 ψάλλοντος
1365 900 1379 914 ·
1403 885 1652 939 "8.1mm-
1677 884 1862 954 ἀμαρ-

271 975 472 1032 τωλοῦ
488 975 576 1046 μὴ
603 975 913 1030 λιπανὰτω
939 976 1057 1045 τὴν
1111 977 1393 1047 κεφαλήν
1451 994 1595 1046 μου.
1661 976 1770 1032 Τοῦ
1799 994 1860 1032 τε

271 1069 430 1139 ἁγίου
470 1068 792 1124 Ἀθανασίου
832 1071 1295 1141 προστάσσοντος,
1347 1071 1621 1142 μηδεμίαν
1662 1088 1858 1126 κοινω-

269 1164 394 1218 νίαν
422 1162 571 1233 ἔχειν
598 1163 748 1234 ἡμᾶς
786 1161 924 1234 πρὸς
946 1163 1072 1228 τοὺς
1083 1164 1420 1236 αίρετικοὺς,
1451 1164 1588 1218 ἀλλὰ
1619 1163 1724 1236 μὴν
1750 1181 1857 1236 μη-

268 1252 331 1306 δὲ
364 1251 507 1322 πρὸς
528 1252 656 1314 τοὺς
699 1252 1099 1317 κοινωνοῦντας
1127 1254 1269 1324 μετὰ
1293 1253 1408 1308 τῶν
1436 1254 1672 1308 ἀσεϐῶν.
1733 1253 1860 1318 Πῶς

267 1344 329 1398 δὲ
353 1344 414 1398 ού
445 1343 728 1407 κοινωνία,
757 1342 922 1417 εἴπερ
942 1343 1028 1399 δεῖ
1050 1344 1386 1410 καθέζεσθαι
1439 1347 1500 1400 ὲν
1547 1346 1699 1417 τόπῳ
1747 1361 1858 1400 τοιο

267 1436 438 1508 ούτῳ,
461 1440 572 1492 κάκ
611 1437 720 1490 τῶν
741 1437 1008 1492 τοιούτων
1032 1439 1335 1504 σιτίζεσθαι
1362 1456 1380 1507 ;
1413 1440 1517 1494 οὒκ
1547 1440 1660 1512 ἔχει
1693 1441 1859 1510 φύσιν

269 1530 380 1586 κᾶν
418 1531 493 1602 μὴ
524 1531 709 1584 ἐκεῖσε
742 1531 983 1602 κάθηταί
1024 1549 1130 1598 τις,
1182 1533 1397 1587 ἐκεῖθεν
1459 1533 1516 1587 δὲ
1574 1535 1854 1605 τρέφοιτο,

268 1620 412 1692 αὑτὴ
462 1621 496 1691 ή
519 1616 668 1684 δόσις
690 1622 787 1676 καὶ
808 1620 974 1692 λῆψις
1001 1623 1294 1676 κοινωνίαν
1357 1625 1668 1696 ἐργάζοιτο·
1721 1627 1858 1698 φησὶ

269 1713 384 1786 γὰρ
415 1715 444 1767 ὁ
489 1714 814 1779 ’Δπόστολος
836 1731 852 1746 ’
883 1714 1098 1770 Οἴδατε
1129 1716 1230 1770 καὶ
1260 1716 1432 1786 ὑμεῖς
1459 1717 1856 1784 Φιλιππήσιοι

269 1805 366 1874 ὅτι
401 1806 501 1861 ὅτε
531 1805 799 1876 ἐξῆλθον
845 1808 964 1863 ἀπὸ
1004 1809 1404 1878 Μακεδονίας,
1451 1809 1700 1880 οὐδεμιά
1754 1827 1857 1880 μοι

287 1873 637 1968 Ἐκκλησίαί
651 1899 1020 1969 ἐκοινώνησε
1049 1900 1228 1971 χάριν
1250 1873 1482 1968 δόσῐέώς
1502 1918 1566 1956 τε
1589 1873 1697 1954 ’καὶ
1744 1873 1855 1972 ἂψ
1890 1873 1931 1927 Β

266 2001 454 2062 ψεως,
482 1995 534 2047 εί
565 1992 656 2062 μὴ
682 1991 856 2062 ὑμεῖς
879 1993 1080 2062 μόνον
1097 2005 1112 2021 ·
1143 1991 1234 2046 ὅτι
1258 1992 1359 2046 καὶ
1383 1992 1454 2047 ἐν
1480 1995 1855 2048 Θεσσαλονί-

266 2101 351 2155 κῃ
378 2082 540 2148 ἅπαξ
566 2082 668 2137 καὶ
701 2082 798 2150 δὶς
817 2085 910 2150 εις
957 2082 1074 2153 τὴν
1116 2083 1329 2152 χρείαν
1377 2100 1484 2154 μοι
1525 2084 1855 2154 ἐπέμψατε.

266 2174 337 2228 Εἰ
383 2171 478 2227 οὖν
519 2173 584 2225 τὸ
613 2173 781 2240 ἅπαξ,
817 2175 912 2228 καὶ
937 2173 1019 2238 δὶς
1041 2173 1249 2240 λαϐεῖν,
1284 2174 1574 2230 κοινωνίαν
1605 2175 1856 2247 ἀπέφηνε

263 2269 333 2322 τὸ
383 2267 498 2337 φῶς
523 2267 620 2321 τοῦ
649 2268 896 2339 κόσμου·
925 2267 984 2322 τὸ
1039 2270 1130 2324 ἀεὶ
1181 2269 1488 2340 λαμόάνειν
1547 2270 1632 2334 τίς
1674 2269 1740 2326 ἂν
1794 2267 1856 2325 εὖ

265 2359 486 2431 φρονῶν
513 2361 575 2413 οὐ
609 2359 864 2429 φεύξοιτο
906 2360 984 2425 ὡς
1005 2361 1286 2416 ἀντίθετον
1316 2363 1536 2433 φωτός;

341 2455 433 2505 Δεῖ
459 2451 518 2506 δὲ
557 2452 655 2522 τὴν
705 2453 1018 2524 ἁγιωσύνην
1045 2471 1141 2508 σου
1165 2457 1429 2520 επιεικῶς
1457 2457 1555 2510 καὶ
1601 2474 1857 2512 ταπεινο-

263 2546 484 2617 φρόνως
536 2545 618 2617 τῷ
649 2547 826 2618 Πατρὶ
880 2547 982 2613 τὰς
1031 2549 1372 2621 ὑπομνήσεις
1422 2551 1655 2604 είσοῖσαι
1684 2568 1700 2584 ο
1751 2553 1857 2606 κᾶν

268 2638 375 2709 μὲν
397 2637 618 2709 πεισθῇ,
655 2639 1037 2710 ὲκερδήσαμεν
1065 2640 1160 2695 τὸν
1210 2643 1432 2714 Πατέρα
1462 2658 1477 2672 °
1541 2646 1592 2697 εί
1643 2645 1700 2698 δὲ
1753 2646 1854 2718 μὴ,

261 2731 332 2784 τὸ
363 2729 572 2784 ἑαυτῶν
605 2731 850 2800 ἀσφαλὲς
895 2731 971 2804 μὴ
1033 2733 1357 2806 προώμεθα.
1413 2736 1551 2807 Περὶ
1601 2738 1708 2808 γὰρ
1759 2738 1855 2792 τοῦ

263 2819 460 2877 παιδία
487 2823 869 2894 βαπτίζεσθαι,
917 2823 1024 2878 ὑπὸ
1044 2825 1234 2890 τῶνδε,
1265 2828 1364 2897 τὴν
1390 2829 1680 2902 ἐπιστολὴν
1727 2830 1857 2902 ὃλην

261 2918 339 2988 ῆν
375 2917 512 2990 πρὸς
577 2917 668 2972 τὸν
718 2917 885 2971 αὐτὸν
939 2918 1314 2986 ὲγκαλέσαντα
1373 2922 1502 2994 περὶ
1545 2921 1640 2975 τοῦ
1687 2921 1855 2977 αὑτοῦ

261 3007 595 3079 πράγματος
625 3006 892 3078 ὲχάραξα,
924 3010 1018 3062 καὶ
1044 3013 1110 3080 τῇ
1145 3013 1210 3082 σῇ
1233 3011 1507 3083 τιμιότητι
1534 3013 1852 3079 ἀπέστειλα,

261 3104 526 3176 περιττὸν
570 3105 921 3176 ἡγησάμενος
950 3104 1030 3168 δὶς
1068 3107 1163 3160 ἐπὶ
1207 3106 1268 3160 τὸ
1303 3107 1439 3161 αὐτὸ
1470 3108 1852 3178 είκαιολογεῖν.

261 3197 454 3261 Οὕτως
501 3191 594 3250 οὖν
636 3195 748 3268 ὲγὼ
771 3197 1078 3263 ὁταπεινδς
1107 3199 1313 3270 φρονῶ,
1369 3201 1466 3254 καὶ
1516 3202 1852 3272 φρονοῦντας
1880 3222 1923 3280 ο

258 3289 395 3352 τοὺς
449 3289 639 3357 ἁγίους
702 3290 836 3359 ὁρῶ,
887 3289 964 3347 ὡς
1006 3289 1065 3342 δὲ
1109 3291 1328 3362 ἑκάστῳ
1378 3291 1529 3346 δοκεῖ
1571 3293 1716 3364 ἔχειν
1761 3293 1852 3346 εὖ·

263 3397 436 3452 ροιεν.
481 3382 646 3445 Ἴσως
689 3380 746 3434 δὲ
773 3380 960 3452 φαίηό
1001 3383 1384 3455 ἀρτιζόμενος,
1440 3385 1504 3439 ὲκ
1551 3384 1648 3439 τοῦ
1690 3384 1850 3456 ὀρθο-

259 3471 642 3542 φρονήσαντος
703 3473 800 3526 καὶ
838 3472 1258 3544 ὲπιτιμηθέντος
1309 3469 1452 3527 εἶναι
1492 3473 1591 3546 τὴν
1637 3476 1802 3548 λῆψιν
1833 3492 1848 3507 ⁶

259 3564 384 3620 ἀλλ’
414 3563 568 3619 οὔπω
591 3565 784 3621 ταῦτα.
811 3566 956 3630 Ἕως
983 3565 1108 3622 δ’ἃν
1139 3567 1362 3637 κατέχοι
1386 3567 1488 3639 τὴν
1519 3569 1847 3640 ἐπισκοπὴν,

260 3655 315 3740 εί
365 3656 462 3708 καὶ
503 3656 580 3727 μὴ
605 3657 902 3730 ἱερουργεῖ,
947 3657 1084 3728 μηδὲ
1115 3658 1335 3728 μετέχοι
1359 3659 1469 3712 τῶν
1493 3660 1852 3728 ἁγιασμὰτων

272 3746 347 3800 Ἦ
391 3746 449 3799 δὲ
477 3747 685 3820 ἀληθὴς
728 3750 1009 3820 μετάνοια,
1038 3749 1116 3821 τῷ
1141 3749 1356 3820 ἀφῆσαι
1386 3753 1486 3822 τὴν
1521 3752 1848 3822 ἐπισκοπὴν,

260 3841 365 3892 καὶ
408 3840 599 3912 πὸρῤω
648 3841 925 3906 γενέσθαι,
969 3840 1162 3912 ὥσπερ
1191 3841 1338 3906 τινὲς
1387 3841 1655 3913 ἐποίησαν
1682 3859 1698 3876 ο
1756 3843 1850 3912 ἀφ’

258 3927 346 3987 ὧν
377 3932 615 3996 ἀϐλαϐὲς
637 3933 700 3986 τὸ
729 3933 1062 4004 λαμϐάνεινο
1113 3935 1234 4006 μεθ’
1253 3927 1328 3989 ὧν
1363 3933 1696 3988 καταδεκτὺν
1757 3937 1854 3990 καὶ

258 4023 329 4078 τδ
379 4023 700 4081 συνεσθίειν.
755 4025 921 4080 Ἀλλο
946 4043 999 4080 τι
1022 4025 1201 4095 λέγειν
1239 4027 1341 4080 ούκ
1371 4026 1482 4097 ἔχω
1505 4041 1520 4057 ο
1569 4026 1604 4099 ἦ
1650 4027 1712 4080 τὸ
1749 4044 1854 4081 πα-

260 4113 613 4188 ρακληθῆναι
668 4131 726 4168 σε
745 4113 1144 4186 προσεύχεσθαι
1173 4115 1307 4186 περὶ
1339 4115 1440 4186 τῆς
1467 4115 1853 4180 ταπεινώσεως

264 4223 376 4278 μου
405 4223 420 4236 ·
459 4208 520 4260 ού
571 4207 732 4278 μόνον
784 4206 1154 4278 ὁρθολεκτεῖν,
1185 4207 1324 4262 ἀλλὰ
1379 4207 1476 4262 καὶ
1530 4207 1851 4278 ὀρθοποδεῖν

260 4299 400 4368 περὶ
424 4299 523 4370 τὴν
554 4298 778 4370 πρᾶξιν.
811 4339 822 4344 ρ

400 4425 514 4480 ΡΚ’
548 4426 684 4498 (16).
712 4454 784 4468 --
809 4425 1042 4496 Νικήτᾳ
1059 4425 1462 4498 τοποτηρητῇ.
1511 4425 1706 4502 [χνςἎ]

1965 605 2052 659 illa
2086 606 2282 661 sedens
2312 605 2480 676 impie
2511 621 2571 662 se
2592 607 2800 679 gessit;
2842 616 2896 662 et
2948 609 3092 678 quod
3122 624 3152 662 a
3214 611 3554 668 condescen-

1963 696 2224 753 dentibus
2277 698 2765 769 pseudoepiscopis
2804 699 2959 770 pasci
2993 701 3192 769 ipsum,
3221 702 3438 770 pietatis
3465 721 3554 759 re-

1961 789 2100 860 gula:
2135 805 2242 845 non
2281 801 2568 862 repugnet.
2603 790 2668 845 Et
2714 807 2825 861 quo
2857 802 3016 862 pacto
3058 792 3274 847 veritati
3305 794 3407 850 hoc
3442 810 3552 851 non

1961 892 2224 954 repugnet
2254 883 2279 937 ?
2310 899 2434 938 cum
2461 894 2687 940 sanctus
2721 884 2890 939 David
2939 895 3105 940 canat
3135 885 3200 939 σοι
3230 885 3417 942 Oleum
3430 906 3550 957 pec-

1960 972 2158 1025 catoris
2188 988 2294 1026 non
2323 974 2617 1044 impinguet
2645 984 2800 1044 caput
2833 989 3027 1040 meum,
3055 983 3111 1029 et
3133 985 3360 1030 sanctus
3384 977 3554 1032 Atha-

1962 1061 2154 1115 nasius
2187 1062 2488 1132 przecipiat.
2545 1078 2614 1118 ne
2671 1064 2838 1118 ullam
2900 1077 3025 1118 cum
3084 1063 3351 1120 haereticis
3397 1080 3547 1120 eom-

1963 1149 2278 1206 munionem
2303 1151 2629 1216 habeamus,
2675 1168 2741 1207 ac
2791 1167 2861 1208 ne
2895 1167 3036 1220 cum.
3071 1153 3138 1208 iis
3193 1155 3414 1224 quidem
3455 1158 3552 1226 qui

1959 1258 2083 1298 cum
2119 1244 2300 1314 impiis
2341 1245 2780 1303 communicant.
2838 1245 2943 1314 Qui
2989 1255 3173 1302 autem
3232 1253 3551 1304 communio

1959 1350 2069 1390 non
2104 1336 2194 1402 sit,
2212 1336 2260 1390 si
2286 1336 2381 1390 tali
2414 1337 2614 1392 inloco
2649 1338 2876 1401 sedere,
2926 1346 3097 1407 atque
3161 1354 3193 1392 a
3229 1339 3435 1396 talibus
3475 1342 3552 1396 ci-

1959 1427 2089 1482 bum
2145 1428 2397 1498 accipere
2455 1429 2765 1500 oporteat?
2826 1428 2947 1484 Non
3003 1439 3089 1486 est
3140 1429 3235 1486 ita.
3307 1431 3552 1490 Tametsi

1959 1517 2253 1587 quisquam
2283 1517 2360 1572 ibi
2389 1533 2500 1572 non
2524 1520 2732 1585 sedeat,
2761 1520 2806 1576 si
2835 1530 3017 1576 tamen
3045 1523 3170 1578 inde
3191 1525 3391 1590 alatur,
3414 1541 3554 1596 prae-

1959 1609 2096 1664 bitiu
2121 1610 2239 1679 ipsa
2271 1618 2327 1664 et
2353 1611 2600 1681 acceptio
2657 1613 3107 1668 communionem
3136 1615 3355 1670 eiiiciet.
3409 1615 3552 1672 Dicit

1957 1703 2103 1759 enim
2149 1679 2444 1774 Apostoius
2528 1705 2690 1760 Scitis
2733 1715 2785 1760 et
2821 1723 2937 1775 vos,
2990 1707 3376 1779 Philippenses,
3412 1712 3551 1781 quod

1958 1798 2169 1868 quando
2201 1799 2471 1868 profectus
2503 1815 2620 1852 sum
2668 1817 2701 1852 a
2732 1798 3073 1866 Macedonia,
3107 1803 3256 1856 nulla
3285 1805 3414 1857 mihi
3445 1804 3552 1857 Ec-

1961 1891 2122 1945 clesia
2155 1893 2562 1946 communicavit
2593 1893 2648 1945 in
2683 1895 2889 1947 ratione
2945 1894 3062 1948 dati
3089 1905 3139 1949 et
3187 1898 3406 1965 accepti,
3447 1898 3554 1951 nisi

1961 1999 2050 2037 vos
2077 1984 2198 2048 soli,
2231 1984 2356 2050 quia
2385 1993 2433 2037 et
2467 1982 2899 2038 Thessalonicam
2931 1985 3090 2040 semel
3120 1996 3170 2040 et
3212 1986 3291 2041 bis
3317 1989 3372 2041 in
3397 2005 3552 2043 usum

1960 2078 2092 2132 mihi
2135 2080 2359 2133 misistis
2396 2080 2464 2133 ⁸⁷.
2512 2079 2570 2134 Si
2631 2096 2764 2152 ergo
2820 2081 2989 2137 semel
3025 2091 3080 2137 et
3134 2083 3222 2138 bis
3280 2084 3550 2154 accipere,

1960 2173 2402 2226 communionem
2445 2173 2740 2243 appellavit
2798 2175 2889 2229 lux
2935 2175 3170 2242 mundi;
3211 2191 3428 2245 semper
3459 2191 3553 2230 ac-

1961 2261 2141 2330 cipere
2171 2262 2298 2332 quis
2329 2271 2476 2316 recte
2545 2263 2791 2320 sentiens
2829 2279 2940 2319 non
3001 2265 3238 2336 refugiat
3289 2275 3552 2335 tanquam

1961 2356 2154 2411 lumini
2173 2357 2564 2412 contrarium?

2030 2447 2256 2520 Oportet
2285 2460 2469 2504 autem
2501 2450 2849 2505 sanctitatem
2893 2458 3046 2504 tuam
3071 2452 3318 2506 modeste
3339 2462 3394 2506 et
3447 2452 3552 2506 hu-

1959 2542 2164 2598 militer
2188 2541 2334 2596 Patri
2385 2543 2788 2597 admonitiones
2821 2556 3114 2612 suggerere
3155 2558 3170 2606 ;
3201 2557 3286 2605 ac,
3321 2543 3368 2597 si
3426 2545 3552 2612 qui-

1959 2637 2082 2690 dem
2123 2651 2446 2704 persuasum
2475 2637 2522 2690 ei
2546 2635 2731 2698 fuerit,
2775 2635 2970 2689 lucrati
3029 2633 3253 2690 Putrem
3301 2651 3495 2691 sumus
3533 2653 3548 2690 :

1958 2728 2046 2782 sin
2075 2727 2444 2798 minus,-quod
2475 2737 2655 2782 tutum
2682 2727 2840 2782 nobis
2874 2737 2958 2783 est
2992 2743 3102 2781 non
3165 2727 3496 2796 ahjiciamus
3532 2769 3548 2785 .

1961 2819 2035 2878 De
2068 2819 2367 2875 infantibus
2396 2831 2578 2876 autem
2610 2820 2702 2891 qui
2751 2819 2820 2874 ab
2859 2820 2943 2875 his
2969 2821 3053 2874 vel
3085 2820 3154 2875 ab
3206 2821 3316 2877 illis
3373 2821 3550 2892 bapti-

1957 2917 2175 2972 zantur,
2211 2909 2481 2979 integram
2521 2907 2852 2978 pepistolam,
2887 2922 3052 2977 quam
3099 2907 3166 2963 ad
3219 2923 3346 2962 eum
3371 2907 3552 2978 ipsum

1957 3003 2050 3072 qui
2093 3002 2420 3057 criminatus
2450 3011 2536 3056 est
2576 3003 2642 3058 de
2677 3004 2869 3057 eadem
2903 3017 2962 3056 re
3011 3003 3254 3068 exaravi,
3295 3002 3362 3058 ad
3396 3017 3552 3058 reve-

1959 3097 2189 3150 rentiam
2239 3110 2462 3166 quoque
2481 3103 2630 3149 tuam
2657 3095 2779 3150 misi
2807 3137 2824 3162 ,
2863 3109 3336 3165 supervacaneum
3394 3105 3554 3150 ratus

1959 3187 2042 3244 bis
2078 3188 2147 3241 de
2167 3186 2357 3241 eadem
2390 3201 2449 3240 re
2479 3185 2683 3240 frustra
2729 3186 2903 3254 loqui.
2970 3185 3065 3240 Sic
3115 3187 3287 3257 igitur
3325 3187 3553 3243 humilis

1955 3295 2055 3350 ego
2080 3279 2258 3334 sentio
2285 3295 2300 3333 :
2327 3277 2408 3332 sic
2429 3278 2627 3343 sentio,
2687 3286 2742 3333 et
2765 3287 2988 3334 sanctos
3014 3279 3086 3333 ita
3113 3280 3318 3334 sentire
3346 3279 3501 3334 video
3533 3297 3547 3334 :

1956 3381 2016 3426 ut
2057 3373 2294 3441 quisque
2319 3379 2500 3425 autem
2542 3370 2762 3434 sentiet,
2793 3370 2873 3426 sic
2963 3371 3228 3426 inveniat.
3297 3369 3553 3427 Fortasse

1954 3470 2139 3518 autem
2191 3461 2393 3516 dixerit
2435 3461 2528 3530 qui
2574 3461 2842 3530 pascitur,
2875 3476 2935 3516 se
2968 3477 2998 3515 a
3036 3473 3182 3516 recte
3227 3462 3492 3517 sentiente
3529 3502 3548 3527 ,

1954 3553 2160 3624 quique
2198 3553 2576 3623 penitentiam
2609 3553 2894 3622 suscepit,
2949 3552 3240 3622 accipere:
3291 3553 3387 3608 sed
3438 3570 3550 3609 non

1955 3647 2030 3699 ita
2064 3654 2166 3700 est.
2217 3643 2473 3710 Quandiu
2553 3658 2684 3698 vero
2748 3643 2948 3698 retinet
2993 3643 3371 3714 episcopatum
3397 3682 3412 3704 ,
3444 3644 3550 3698 etsi

1955 3753 2062 3792 non
2083 3737 2380 3802 sacrificat,
2417 3749 2520 3792 nec
2580 3735 2754 3790 sacris
2807 3735 3118 3805 participet.
3174 3733 3309 3789 Vera
3363 3747 3549 3790 autent

1957 3828 2305 3900 ptenitentia,
2341 3829 2725 3898 episcopatum
2761 3827 3036 3890 abdicare,
3071 3836 3125 3879 et
3157 3827 3346 3896 procul
3371 3827 3547 3890 abire,

1955 3921 2102 3993 quod
2139 3921 2363 3991 quidam
2415 3919 2708 3984 fecerunt;
2742 3934 2774 3973 a
2827 3919 3033 3988 quibus
3087 3919 3336 3988 accipere
3389 3919 3549 3974 inno-

1956 4014 2105 4068 xium
2152 4024 2275 4078 est;
2319 4027 2444 4067 cum
2468 4011 2672 4081 quibus
2711 4018 2768 4065 et
2798 4011 2941 4064 vesci
2998 4008 3080 4064 fas
3110 4020 3218 4064 est.
3272 4009 3432 4063 Aliud
3463 4009 3552 4063 di-

1957 4120 2080 4160 cere
2110 4120 2220 4160 non
2245 4104 2420 4157 habeo
2453 4141 2469 4167 ,
2493 4101 2597 4155 nisi
2639 4100 2848 4154 hortari
2877 4109 2928 4155 te
2969 4110 3026 4154 ut
3061 4115 3186 4153 ores
3219 4113 3318 4168 pro
3363 4099 3547 4152 humi-

1957 4198 2116 4253 litate
2147 4211 2268 4250 mea
2297 4211 2313 4261 ;
2347 4209 2457 4248 non
2489 4192 2668 4248 solum
2696 4203 2756 4247 ut
2791 4205 2940 4247 recte
2970 4193 3198 4261 loquar,
3229 4206 3418 4246 verum
3467 4199 3548 4246 et-

1955 4291 2062 4346 iam
2095 4298 2157 4344 ut
2189 4297 2333 4347 recte
2385 4287 2546 4341 meiu
2595 4283 2908 4355 factisipsis
2948 4300 3160 4354 geram.

2261 4417 2428 4476 LXX.
2463 4445 2536 4458 —-
2570 4415 2776 4472 Nicetis
2800 4421 2988 4483 _tocum
3016 4422 3231 4472 tenenti.

919 4585 1017 4636 Pro
1039 4585 1334 4637 muneribus
1361 4586 1420 4638 ab
1451 4585 1539 4636 illo
1562 4585 1728 4636 missis
1747 4589 1934 4650 gratias
1967 4585 2087 4650 agit,
2107 4595 2164 4634 ac
2182 4579 2370 4632 monita
2388 4578 2623 4630 salutaria
2643 4578 2900 4644 rependit.

347 4715 569 4786 Ἐπειδὴ
595 4713 1009 4788 ἐδωροφὸρησεν
1038 4715 1174 4786 ἡμῖν
1197 4717 1230 4785 ἡ
1263 4713 1570 4784 φιλέντολός
1615 4730 1710 4768 σου
1763 4715 1850 4768 δε-

2026 4707 2483 4780 Quandoquidem
2515 4707 2602 4762 bis
2630 4707 2738 4762 illis
2789 4706 3115 4762 muneribus
3146 4722 3269 4771 nos,
3302 4707 3544 4773 domine,

259 4809 376 4877 ξιὰ,
421 4807 583 4862 τοῦτο
608 4809 848 4874 κάκεῖνο,
893 4806 1151 4872 δέσποτα,
1183 4806 1394 4872 δέξοιτο
1440 4807 1536 4860 καὶ
1577 4806 1646 4859 τὰ
1703 4806 1845 4878 πρὸς

255 4901 424 4975 ὴμῶν
465 4900 577 4954 τῶν
605 4898 858 4954 εὐτελῶν.
910 4901 977 4953 Ai
1002 4899 1296 4972 ἡμέτεραι,
1325 4897 1644 4962 ἀποστολαὶ,
1677 4913 1847 4968 προσο

255 4994 447 5066 ευχαὶ,
496 4992 883 5066 εὐχαριστίαι,
916 4994 966 5046 εί
1003 4993 1060 5046 δέ
1097 5009 1151 5046 τι
1194 4991 1288 5046 καὶ
1334 4990 1525 5061 ἓτερον
1550 4989 1632 5042 δεῖ
1675 5005 1848 5060 προσ-

257 5090 462 5154 θεῖναι,
499 5087 804 5141 νουθεσίαι.
843 5085 959 5140 Καὶ
983 5084 1128 5148 τίνες
1158 5077 1358 5152 abeat;
1387 5082 1674 5152 φοϐεῖσθαι
1702 5081 1848 5151 ὑμᾶς

254 5183 356 5238 τὸν
403 5182 558 5247 Θεὸν,
597 5179 783 5234 πίστιν
811 5179 956 5251 ἔχειν
983 5177 1174 5250 ὀρθὴν,
1210 5175 1512 5248 ἀπέχεσθαι
1571 5173 1852 5243 σαρκικῶν

255 5271 590 5344 ἐπιθυμιῶν,
623 5271 909 5343 πορνείας,
945 5269 1214 5341 μοιχείας,
1243 5266 1608 5338 ἀκαθαρσίας,
1669 5267 1852 5336 πάσης

254 5368 430 5438 ἄλλης
455 5365 746 5435 ἀσελγείας
773 5381 791 5397 °
831 5363 1107 5437 αἱρεῖσθαι
1161 5361 1220 5415 δὲ
1265 5359 1337 5415 τὰ
1389 5359 1512 5414 θεῖα
1561 5360 1848 5431 πράττειν,

256 5459 434 5513 ἐλεεῖν
460 5458 698 5529 πτωχὸν,
751 5455 1034 5526 φείδεσθαι
1077 5454 1302 5518 δούλων,
1340 5453 1557 5524 ὀρέγειν
1586 5454 1749 5522 χεῖρα
1769 5449 1847 5522 τῷ

255 5550 513 5622 πλησίον,
545 5551 1014 5620 ταπεινοφρονεῖν,
1047 5544 1484 5616 συνεσταλμένον
1530 5540 1694 5608 εἶναι,
1750 5545 1848 5598 καὶ

329 5663 378 5697 ⁸⁸
445 5662 592 5720 Psal.
640 5677 765 5727 ch,
837 5661 892 5716 5.
1012 5661 1056 5691 ⁸⁷
1113 5657 1362 5730 Philipp.
1397 5673 1471 5724 tv,
1516 5656 1616 5723 15,
1677 5656 1762 5712 16.

1954 4807 2338 4862 mandatorum
2387 4817 2583 4857 amans
2622 4803 2845 4856 dextera
2890 4810 2983 4856 tua
3024 4801 3352 4870 cumulavit,
3396 4802 3543 4856 acci-

1955 4902 2069 4970 piat
2117 4897 2362 4953 vicissim
2417 4911 2541 4966 quae
2573 4910 2604 4949 a
2635 4895 2796 4950 nobis
2844 4894 3046 4950 vilibus
3093 4894 3544 4965 proficiscuntur.

1955 4991 2183 5047 Munera
2211 5000 2398 5046 nostra
2423 4997 2553 5046 sunt
2575 5004 2791 5059 preces,
2828 4989 3132 5061 gratiarum
3165 4989 3436 5052 actiones,
3467 4998 3544 5052 et,

1955 5088 2002 5144 si
2039 5086 2168 5158 quid
2206 5093 2465 5155 praeterea
2525 5092 2610 5139 est
2635 5083 2972 5150 addendum,
3016 5081 3444 5137 admonitiones.
3481 5081 3547 5136 Et

1954 5194 2208 5252 quaenam
2252 5177 2373 5232 has?
2410 5176 2630 5232 Timere
2658 5193 2756 5231 vos
2784 5176 2982 5242 Deum,
3021 5175 3180 5230 fidem
3225 5187 3431 5229 rectam
3463 5181 3544 5227 te-

1954 5287 2107 5337 nere,
2139 5269 2413 5325 abstinere
2451 5284 2481 5322 a
2531 5267 2825 5323 desideriis
2854 5265 3195 5327 carnalibus,
3226 5262 3544 5318 fornicatio-

1952 5357 2062 5426 nis,
2095 5359 2370 5428 adulterii,
2412 5359 2766 5430 impuritatis,
2815 5357 3000 5415 omnis
3045 5358 3276 5412 alterius
3303 5353 3542 5424 impudi-

1949 5454 2132 5518 citiae;
2185 5455 2349 5509 malle
2382 5466 2565 5509 autem
2582 5452 2766 5509 divina
2797 5450 3050 5523 exsequi,
3089 5451 3390 5520 pauperum
3438 5444 3544 5500 mi~

1949 5548 2144 5616 sereri,
2194 5547 2367 5604 servis
2403 5561 2650 5617 parcere,
2695 5560 2920 5601 manum
2969 5543 3213 5614 prmbere
3269 5537 3539 5610 proximo,

1794 5769 2022 5827 ΝΟΤΛΞ.

337 5876 448 5948 (16)
478 5873 538 5934 In
567 5875 689 5931 cod.
737 5873 869 5944 Reg.
905 5871 1039 5942 ρλα’.
