4060 6374
412 335 556 410 1395

1609 319 1670 378 S.
1703 314 2097 380 THEODORI
2139 314 2494 376 STUDsz‘E

3549 314 3704 382 1396

408 451 640 511 humilia
692 447 921 513 sentire,
971 445 1234 516 colligere
1268 457 1350 504 se,
1385 455 1486 498 nec
1514 437 1752 494 eﬁ‘usum
1776 450 1903 491 esse
1929 435 1996 489 li-
2029 464 2040 496 λ

2141 433 2181 505 ,ὴ
2226 431 2623 504 διακεχυμένον
2663 433 2784 496 ταῖς
2837 431 3151 504 αἰσθήσεσι,
3199 431 3271 489 δι’
3316 425 3397 490 ὧν
3455 434 3708 502 θάνατος

409 544 596 606 centia
637 555 925 605 sensuum,
964 553 1061 609 per
1113 551 1256 606 quos
1286 532 1498 604 peccati
1533 545 1684 585 mors
1713 527 1998 591 ascendit;

413 637 606 706 paucis
649 621 972 688 contentum
1017 643 1164 691 esse,
1197 642 1301 680 non
1335 621 1589 678 inebriari
1613 621 1754 686 vino,
1790 619 1848 672 in
1877 635 2000 689 quo,

413 738 476 784 ut
506 726 749 798 loquitur
792 721 1111 791 Apostolus,
1160 729 1238 773 est
1269 716 1492 771 luxuria
1507 715 1552 747 ⁸⁸
1582 731 1597 780 ;
1628 727 1741 768 non
1780 711 2004 769 studere

415 818 744 884 avaritiae“,
803 816 863 870 in
907 830 1014 886 qua
1067 814 1225 869 radix
1268 820 1355 866 est
1397 809 1667 864 malorum
1714 807 2002 869 omnium;

417 913 701 973 assiduum
759 923 882 966 esse
934 908 990 962 in
1049 905 1416 970 orationibus,
1458 903 1514 958 in
1558 901 1909 964 lectionibus,
1947 900 2003 954 in

419 1003 762 1076 psalmodiis,
792 1002 848 1056 in
882 1000 1078 1055 mortis
1117 998 1494 1062 meditatione,
1529 997 1583 1049 in
1624 1011 1732 1066 qua
1764 1002 1850 1050 est
1883 993 2006 1047 aui-

423 1113 524 1152 mat
557 1093 912 1164 compunctio
947 1107 1074 1148 cum
1108 1090 1392 1161 lacrymis.
1428 1087 1820 1160 Lacrymarum
1863 1085 2007 1141 enim

420 1198 507 1245 est
562 1201 802 1259 praesens
843 1186 981 1250 vita,
1023 1199 1057 1238 ο
1104 1181 1429 1244 Christiani,
1491 1179 1587 1235 sed
1624 1195 1730 1233 non
1771 1179 2007 1233 risuum.

420 1277 584 1334 Nullo
617 1275 782 1332 modo
805 1276 1016 1347 jurare,
1048 1289 1153 1330 nec
1176 1271 1548 1327 venerandum
1587 1271 1676 1326 Dei
1712 1286 1908 1327 nomen
1955 1269 2009 1323 in

421 1370 748 1442 jurameutis
792 1384 1057 1439 usurpare
1091 1385 1108 1423 :
1161 1365 1363 1422 salvari
1405 1364 1553 1420 enim
1589 1365 1683 1434 qui
1717 1364 1870 1434 jurat
1899 1376 2010 1416 non

426 1472 626 1533 potest.
662 1463 968 1518 Immunem
997 1475 1119 1516 esse
1149 1459 1218 1514 ab
1241 1457 1368 1514 odio
1393 1457 1686 1520 Cainitico,
1718 1457 1788 1511 ab
1817 1456 2016 1512 exitio-

429 1568 490 1608 sa
513 1551 871 1616 detractione,
896 1550 968 1605 ab
986 1549 1112 1604 odio
1139 1548 1229 1604 Dei
1262 1547 1505 1614 inimico,
1539 1563 1568 1602 a
1594 1547 1846 1603 convicio
1869 1547 2017 1617 quod

429 1641 673 1697 excludit
701 1656 734 1695 a
761 1653 928 1709 regno
961 1638 1231 1694 cmlorum
1259 1654 1274 1691 :
1309 1651 1493 1706 regem
1519 1635 1796 1689 honorare
1832 1649 1896 1688 ac
1925 1649 2019 1702 pa-

432 1741 655 1787 rentes:
715 1729 1003 1799 conjugem
1063 1727 1390 1794 utseipsum
1442 1723 1846 1794 diligere;nec
1871 1721 2016 1775 aliud

2101 526 2380 598 ἁμαρτίας
2402 526 2631 590 ἄνεισιν,
2689 525 3028 597 αὐταρκείας
3068 527 3311 600 ἔχεσθαι,
3371 529 3462 601 μὴ
3509 533 3708 602 μεθύ-

2045 680 2050 686 .
2101 623 2358 696 σκεσθαι
2389 617 2556 684 οινῳ,
2581 617 2653 672 ἐν
2705 611 2755 686 ᾧ
2818 619 3012 684 ἐστιν,
3058 621 3436 688 ἀποστολικῶς
3492 625 3706 688 εἰπεῖν,

2103 711 2333 768 ἀσωτία
2355 727 2371 743 ⁸
2407 711 2482 782 μὴ
2524 710 2910 782 φιλαργυρεῖν,
2949 713 3008 766 ἐν
3046 705 3091 782 ᾧ
3116 715 3149 785 ἠ
3175 713 3298 785 ῥίζα
3323 716 3549 770 πάντων
3589 717 3710 770 τῶν

2105 801 2292 858 κακῶν
2325 805 2441 858 ἐστι
2467 819 2481 834 ⁸
2511 801 2794 874 σχολάζειν
2820 804 2881 858 ὲν
2908 803 3182 877 δεήσεσιν,
3209 807 3267 860 ἐν
3298 807 3712 878 ἀναγνώσεσιν,

2105 898 2162 950 ὲν
2193 895 2558 966 ψαλμῳδίαις,
2589 897 2649 950 ὲν
2679 896 2920 970 μερίμνη
2968 897 3228 962 Θανάτου,
3264 894 3410 975 ὲφ’ᾖ
3459 903 3717 956 κατανυ-

2108 987 2188 1052 Et;
2232 989 2409 1060 ψυχῆς
2439 989 2536 1042 καὶ
2561 987 2797 1062 δάκρυα.
2831 988 3098 1062 Δακρύων
3143 991 3256 1063 γὰρ
3285 991 3315 1044 ό
3347 994 3543 1064 παρὼν
3565 993 3714 1064 βίος,

2108 1074 2154 1134 ὦ
2196 1081 2534 1150 Χριστιανοὶ,
2589 1079 2706 1134 ἀλλ’
2729 1081 2790 1134 οὐ
2813 1079 3092 1150 γελώτων.
3115 1081 3402 1154 Μηδαμῶς
3431 1084 3670 1154 ὀμνύειν
3695 1103 3714 1118 ο

2115 1173 2250 1245 μηδὲ
2286 1174 2472 1240 ὅρκιον
2494 1174 2557 1227 τδ
2591 1173 2888 1244 πολύτιμον
2914 1175 3006 1229 dvo
3019 1193 3097 1245 μα
3123 1175 3220 1230 τοῦ
3248 1176 3385 1231 Θεοῦ
3429 1178 3524 1232 διὰ
3581 1179 3720 1232 στὸ-

2117 1279 2286 1334 ματος
2316 1264 2506 1334 φέρειν
2531 1279 2546 1295 ⁸
2581 1265 2643 1318 οὐ
2681 1265 2790 1335 γὰρ
2821 1264 2942 1318 ἔστι
2967 1265 3062 1318 τὸν
3101 1264 3374 1336 ὀμνύοντα
3435 1269 3716 1341 σωθῆναι.

2115 1351 2458 1424 Καθαρεύειν
2470 1351 2668 1422 φθόνου
2684 1353 2782 1408 τοῦ
2811 1355 3040 1418 Καῖνου,
3071 1356 3406 1421 καταλαλιᾶς
3431 1360 3561 1431 τῆς⁸
3585 1359 3722 1413 ὀλε-

2117 1441 2292 1513 θρίου,
2303 1443 2495 1512 μίσους
2509 1444 2604 1499 τοῦ
2620 1445 3207 1518 ἐχθροθέου,λοιδορίας
3222 1451 3323 1520 τῆς
3341 1449 3448 1516 ἔξω
3464 1451 3723 1524 τιθείσης

2121 1536 2402 1608 βασιλείας
2421 1538 2690 1607 οὐρανῶνο
2721 1540 2888 1610 τιμᾷν
2905 1539 2998 1593 τὸν
3027 1541 3274 1612 βασιλέα,
3298 1545 3426 1608 τοὺς
3455 1549 3723 1618 γεννήτο-

2122 1646 2225 1700 ρας
2249 1643 2266 1659 ⁸
2296 1630 2519 1702 ἀγαπᾷν
2553 1629 2631 1694 ὡς
2655 1630 2849 1685 ὲαυτδν
2878 1631 2979 1702 τὴν
3006 1633 3304 1704 όμόζυγον,
3332 1636 3430 1690 καὶ
3464 1636 3542 1710 μὴ
3571 1656 3724 1708 γνω-

2127 1714 2295 1786 ρίζειν
2324 1715 2494 1788 ἄλλην
2523 1717 2769 1790 πλευρὰν
2797 1720 3091 1792 πορνικὴν,
3131 1725 3218 1793 ἐφ’
3351 1727 3492 1798 ὀργὴ
3549 1729 3718 1785 Θεοῦ.

435 1820 796 1878 fornicarium
844 1818 992 1873 latus
1044 1829 1400 1888 cognoscere,
1443 1813 1498 1868 in
1527 1828 1638 1882 quo
1662 1813 1741 1866 ira
1772 1819 1858 1867 est
1885 1809 1980 1864 Dei
2009 1827 2023 1864 :

2141 1812 2403 1879 Πόρνους
2423 1811 2534 1881 γὰρ
2561 1812 2660 1867 καὶ
2672 1812 2928 1884 μοιχοὺς
2952 1817 3149 1886 κρινεῖ
3181 1821 3216 1873 ὀ
3244 1821 3409 1887 Θεός.
3431 1822 3721 1878 Παιδεύειν

437 1913 814 1970 Foruicatores
834 1912 976 1967 enim
993 1919 1044 1966 et
1079 1909 1348 1963 adulteros
1364 1906 1631 1977 judicabit
1669 1905 1806 1959 Deus
1823 1906 1890 1958 ⁷ο.
1927 1903 2021 1958 Fi-

437 2007 540 2062 lios
593 2004 901 2062 secundum
960 2002 1132 2058 Deum
1180 2002 1491 2066 instituere,
1540 2006 1596 2054 et
1622 1997 1933 2066 exemplum
1965 2011 2026 2051 se

437 2094 550 2152 illis
578 2095 644 2152 ad
675 2092 1020 2165 prudentiam
1054 2091 1331 2163 praebere;
1360 2098 1416 2145 et
1453 2089 1560 2144 alia
1587 2102 1928 2158 quaecunque
1958 2086 2024 2142 ad

440 2189 640 2245 animae
673 2188 907 2243 salutem
941 2194 1209 2257 praecepta
1239 2191 1390 2239 sunt.
1428 2180 1556 2236 Haec
1593 2189 1744 2244 sunt,
1779 2181 2024 2245 domine,

441 2298 564 2354 qua:
591 2280 823 2353 egregiis
851 2279 1177 2335 muneribus
1205 2277 1315 2334 tuis
1342 2275 1699 2347 rependimus
1738 2291 1752 2328 :
1795 2289 1918 2344 qua:
1959 2288 2030 2329 ne

442 2374 740 2444 spreveris,
770 2373 992 2428 tametsi
1020 2371 1089 2426 ab
1117 2371 1388 2428 inhonoro
1411 2369 1594 2438 capite
1633 2365 1873 2438 profecta
1897 2366 2029 2421 sint.

445 2466 543 2522 Dei
573 2465 719 2528 enim
751 2465 1006 2525 mandata
1029 2462 1204 2533 pluris
1237 2459 1485 2518 facienda
1513 2468 1644 2515 sunt
1669 2473 1832 2530 quam
1868 2471 2036 2514 omne

446 2573 642 2614 aurum
668 2566 725 2614 et
751 2557 892 2628 lapis
917 2557 1214 2627 pretiosus.

517 2670 707 2730 CXXI.
745 2703 818 2715 --
849 2670 1064 2727 Tltoma:
1097 2670 1422 2743 patriarcha:
1462 2667 1974 2740 Hierosolymitano.

2127 1901 2332 1967 ὲνθέως
2359 1903 2429 1957 τα
2455 1904 2644 1971 τέκνα,
2677 1905 2772 1958 καὶ
2799 1906 2993 1962 ἑαυτὸν
3041 1909 3350 1982 ὑπόδειγμα
3374 1912 3588 1968 τιθέναι
3617 1915 3726 1985 τῆς

2128 1993 2311 2046 αὐτῶν
2360 1994 2633 2058 συνέσεως
2655 2012 2670 2028 ·
2709 1999 2806 2051 καὶ
2853 1998 2953 2052 ὅσα
3019 1999 3158 2055 ἄλλα
3188 2003 3218 2055 ὁ
3243 2003 3346 2074 τῆς
3374 2005 3600 2076 ἐντολῆς
3630 2007 3727 2061 λό-

2129 2101 2228 2154 γος
2245 2087 2471 2140 ἀπαιτεῖ
2491 2089 2572 2151 είς
2604 2093 2882 2159 σωτηρίαν
2915 2091 3116 2163 ψυχῆς.
3154 2093 3359 2161 Ταῦτα,
3381 2090 3428 2150 ὧ
3459 2097 3724 2164 δέσποτα,

2132 2177 2480 2251 άμειπτήρια
2510 2180 2621 2234 τῶν
2651 2181 2838 2235 καλῶν
2879 2199 2978 2236 σου
3038 2187 3295 2258 παροχῶν
3325 2203 3341 2218 ·
3405 2187 3444 2244 ἃ
3469 2190 3546 2262 μὴ
3600 2193 3730 2246 άτιο

2133 2267 2354 2338 μάσοις,
2383 2269 2486 2324 κᾶν
2518 2270 2578 2336 ἐξ
2605 2271 2805 2342 ἀτίμου
2837 2274 3110 2345 στόματος
3143 2278 3420 2350 προήχθη.
3450 2280 3590 2334 Θεοῦ
3614 2283 3731 2355 γὰρ

2131 2362 2350 2507 ὲέτολαὶ
2368 2365 2570 2430 παντὸς
2604 2367 2830 2438 χρυσίου
2865 2369 2960 2423 καὶ
2986 2369 3152 2424 λίθων
3185 2371 3503 2445 πολυτίμων
3529 2378 3733 2447 τιμαλ..

2135 2472 2173 2507 ω
2211 2471 2428 2507 στεοαι.

2135 2471 2428 2527 φεστεραι.

2156 2663 2318 2719 ΡΚΑ⁹
2375 2664 2425 2737 (1
2435 2664 2511 2736 7).
2537 2698 2606 2710 --
2637 2668 2813 2740 Θωμᾷ
2849 2671 3208 2816 [ῗξξῆιάρχῃ
3275 2673 3729 2747 Ἰεροσολύμων.

453 2867 646 2924 Gratias
667 2867 770 2934 agit
795 2881 886 2933 pro
907 2866 1127 2933 acceptis
1149 2867 1209 2919 ab
1232 2865 1343 2932 ipso
1366 2866 1554 2920 litteris
1586 2883 1599 2918 :
1629 2873 1734 2918 tum
1754 2868 1923 2918 laudat
1931 2869 2314 2996 ἓηυοὲἓῗιιὲρὲὕ
2315 2885 2509 2998 c)ausam
2529 2875 2772 2927 adversus
2803 2876 3158 2929 Iconomachos
3179 2879 3488 2931 defenderit.
3520 2881 3734 2943 (Baron.

524 3040 748 3106 Quanto
785 3051 890 3094 nos
936 3034 1174 3092 humiles
1203 3033 1385 3092 atl'ecti
1436 3034 1707 3092 fuerimus
1735 3033 1939 3104 gaudio
1975 3049 2043 3090 ex
2071 3041 2114 3100 (τ

457 3131 881 3208 εαρίεηιίεείαιοε
909 3144 1020 3202 qua
1067 3144 1170 3186 nos
1208 3144 1306 3202 per
1345 3129 1633 3198 epistolam
1679 3127 1886 3200 dignati
1917 3126 2051 3184 estis

459 3226 824 3288 allocutione,
875 3221 1188 3293 perspicere
1227 3227 1411 3291 potest
1453 3234 1711 3289 suprema
1771 3219 2053 3274 beatitudo

460 3329 643 3374 vestra
680 3333 695 3370 :
726 3313 926 3385 quippe
953 3312 1048 3382 qui
1079 3311 1382 3383 apostolico
1417 3311 1588 3382 gradu
1635 3310 2053 3380 superemineno

461 3421 569 3472 tes,
607 3417 663 3465 et
700 3406 889 3462 fratris
925 3403 1141 3460 Domini
1177 3419 1276 3474 per
1299 3403 1604 3474 legitimam
1645 3403 2051 3457 successionem

464 3516 755 3574 personam
795 3506 1068 3571 gerentes,
1115 3496 1202 3551 vel
1249 3497 1368 3552 solo
1413 3495 1580 3551 aifatu
1628 3497 1902 3550 honorare
1951 3509 2052 3549 nos

467 3593 733 3666 inglorios
789 3591 989 3647 merito
1041 3589 1346 3661 poteratis:
1383 3589 1585 3644 nedum
1627 3597 1902 3643 tantarum
1932 3587 2056 3642 lau-

466 3685 598 3740 dum
633 3681 896 3754 fastigiis,
938 3697 969 3736 a
997 3679 1198 3752 quibus
1242 3695 1346 3736 nos
1393 3688 1506 3734 tam
1564 3679 1722 3748 longe
1763 3679 2053 3741 absumus,

467 3783 544 3830 ut.
577 3789 716 3844 pene
745 3771 1005 3828 arbitrari
1039 3785 1152 3826 non
1199 3770 1450 3825 ausimus
1480 3769 1552 3835 de,
1580 3768 1740 3824 nobis
1763 3767 1906 3824 dicta
1943 3767 2057 3822 baac

470 3883 502 3921 τι
541 3865 696 3922 vobis
720 3864 892 3922 fuisse
920 3880 934 3918 :
969 3878 1035 3920 ac
1068 3878 1138 3919 ne
1163 3862 1330 3919 ullius
1367 3862 1590 3933 quidem
1627 3877 1695 3916 ex
1722 3861 1790 3916 iis
1817 3861 1913 3931 qui
1943 3859 2058 3916 for-

473 3962 599 4016 titer
637 3973 697 4015 se
717 3965 1007 4031 gesserunt
1033 3971 1156 4013 esse
1190 3956 1306 4010 haec
1347 3953 1619 4018 encomia,
1655 3953 1748 4009 sed
1780 3953 2060 4008 divinissi—

473 4052 550 4106 mi
611 4049 872 4108 antistitis
921 4049 1118 4113 nostri,
1180 4047 1235 4102 iu
1281 4061 1445 4117 quem
1507 4045 1704 4101 merito
1767 4045 2061 4101 conveniat

474 4143 731 4215 qualibet
767 4142 1151 4212 cujuscunque
1197 4138 1530 4195 laudationis
1562 4140 1764 4193 oratio.
1813 4139 1918 4193 Sed
1965 4137 2060 4208 qui

475 4237 634 4293 aliter
685 4232 956 4306 patefacta
1017 4231 1214 4287 fuisset
1275 4231 1590 4302 benignitas
1645 4239 1827 4285 vestra
1861 4229 2063 4283 divinae

377 4331 382 4336 ’
477 4327 694 4392 aemula,
735 4325 842 4382 nisi
873 4325 1116 4404 paternis
1139 4324 1424 4382 all'ectibus
1450 4322 1737 4394 splendide
1761 4335 1907 4382 esset
1935 4335 2064 4391 pro-

2229 3038 2447 3094 Ἦλίκον
2469 3040 2724 3112 ἥσθημεν
2748 3043 2798 3096 οἱ
2824 3042 3076 3096 ταπεινοὶ
3101 3043 3202 3114 τῆς
3229 3043 3320 3098 διὰ
3344 3044 3440 3098 τοῦ
3471 3046 3741 3118 γράμμα-

2149 3145 2242 3192 τος
2269 3129 2547 3200 πανσόφου
2579 3131 2734 3202 ὑμῶν
2761 3134 3204 3204 προσφωνήσεως
3251 3135 3576 3206 ἠξιωμένοι,
3610 3155 3743 3192 συν-

2151 3223 2284 3294 ορᾷν
2345 3225 2585 3294 πάρεστι
2617 3227 2684 3297 τῇ
2718 3226 2994 3298 κορυφαίᾳ
3025 3225 3183 3298 ὑμῶν
3213 3231 3621 3301 μακαριότητι⁸
3660 3234 3743 3286 οῖ-

2151 3333 2216 3385 γε
2243 3315 2322 3387 τῷ
2353 3316 2702 3388 ἀποστολικῷ
2737 3317 2934 3388 βαθμῷ
2981 3318 3480 3388 ὑπερανεστῶτες,
3523 3323 3620 3375 καὶ
3682 3325 3745 3378 τὸ

2153 3406 2248 3460 τοῦ
2278 3405 2602 3476 ἀδελφοθέου
2629 3407 2699 3462 δι’
2726 3407 2952 3478 ἐννόμου
2983 3407 3240 3480 διαδοχῆς
3253 3410 3550 3481 ἐπέχοντες
3570 3413 3744 3485 πρόσ-

2153 3515 2324 3566 ωπον,
2383 3499 2478 3553 καὶ
2525 3499 2654 3572 ψιλῇ
2690 3501 3002 3573 προσρήσει
3033 3503 3203 3573 τιμᾷν
3233 3502 3408 3574 ἔχοιτε
3437 3505 3568 3570 τοὺς
3616 3507 3742 3560 καθ’

2157 3593 2304 3664 ἡμᾶς
2328 3592 2688 3665 ἀγεράστους,
2748 3594 2976 3648 κατὰτὸ
3001 3595 3151 3658 εἰκός
3177 3610 3193 3626 ⁸
3249 3594 3323 3667 μὴ
3381 3597 3532 3666 ὄτιγε
3588 3599 3747 3670 τηλι-

2156 3685 2367 3741 κούτων
2393 3685 2634 3740 ἐπαίνων
2662 3685 2957 3757 ὕψὼμασιν
2985 3702 3002 3717 ⁸
3034 3680 3112 3742 ὧν
3140 3689 3305 3760 ἡμεῖς
3323 3689 3582 3744 τοσοῦτον
3603 3692 3744 3746 ἀπο-

2157 3779 2370 3852 δέομεν,
2397 3780 2475 3844 ὡς
2524 3779 2726 3852 μικροῦ
2751 3780 2862 3834 δεῖν
2911 3781 3049 3852 μηδὲ
3091 3782 3299 3855 τολμᾷν
3351 3783 3564 3838 οἴεσθαι
3613 3787 3746 3857 περὶ

2157 3873 2316 3944 ἡμῶν
2345 3871 2436 3943 ὑφ’
2464 3871 2620 3944 ὑμῶν
2642 3870 2817 3926 ταῦτα
2841 3871 3098 3942 λελέχθαι
3115 3889 3129 3902 ⁸
3165 3872 3282 3927 ἀλλ’
3307 3873 3427 3927 οὐδὲ
3456 3891 3607 3939 τινος
3636 3877 3746 3930 τῶν

2160 3964 2432 4038 ἀνδρικῶν
2459 3960 2599 4018 εἶναι
2621 3963 2689 4017 τὰ
2719 3962 3008 4034 ἐγκώμια·
3039 3963 3210 4035 ἤγουν
3239 3962 3333 4018 τοῦ
3363 3964 3744 4020 θεσπεσιωτὰο

2160 4074 2256 4112 του
2285 4057 2444 4129 ἡμῶν
2471 4057 2867 4130 ἀρχιποίμενος
2887 4072 2901 4086 ⁸
2927 4055 3014 4126 ἐφ’
3042 4049 3087 4124 ᾧ
3110 4058 3220 4121 πᾶς
3245 4057 3340 4111 καὶ
3357 4058 3560 4123 παντὸς
3591 4061 3620 4112 ὁ
3648 4060 3746 4129 τῆς

2161 4147 2439 4218 εὐφημίας
2473 4148 2699 4212 είκότως
2725 4146 3022 4200 ἁνάπτοιτο
3044 4145 3224 4217 λόγος.
3287 4147 3450 4203 Ἀλλὰ
3504 4149 3626 4214 πῶς
3677 4149 3744 4204 ἂν

2161 4239 2336 4303 ἄλλως
2356 4237 2420 4291 τὸ
2442 4237 2776 4311 θεομίμητον
2806 4239 2964 4310 ὑμῶν
3013 4239 3108 4296 καὶ
3159 4240 3594 4314 εὐσυμπάθητον
3643 4243 3746 4297 ὑπ-

2164 4329 2382 4400 εδείχθη
2405 4343 2421 4358 ⁸
2459 4331 2534 4401 μὴ
2577 4329 2702 4400 οὐχὶ
2725 4332 2847 4394 ταῖς
2887 4331 3193 4400 Πατρικαῖς
3232 4331 3516 4386 διαθέσεσι
3543 4333 3747 4404 θριαμ-

478 4420 636 4475 dita:
678 4418 824 4474 sicut
959 4416 1090 4472 solis
1121 4416 1215 4470 lux
1261 4390 1557 4485 erumpe—us
1607 4413 1772 4468 radiis
1798 4390 2040 4465 dill‘uudi-

2166 4390 2496 4493 δευόμενον-⁸
2520 4390 2609 4486 ’ὡς
2633 4390 2729 4475 καὶ
2757 4390 2910 4494 ἡλίου
2937 4390 3148 4495 ἔξαλμα
3172 4390 3188 4394 ⁷
3205 4425 3394 4478 ἀκτῖσι
3445 4390 3748 4479 κατάσπει-

480 4513 602 4568 tur?
651 4512 754 4578 Qui
793 4511 956 4566 aliter
1000 4508 1277 4570 unanimis
1309 4518 1365 4562 et
1397 4507 1726 4578 conspirans
1774 4505 2061 4564 nobiscum

480 4620 678 4670 sensus
709 4611 1098 4674 agnosceretur
1121 4618 1142 4672 ;,
1165 4601 1269 4656 nisi
1312 4601 1380 4655 ab
1424 4600 1489 4655 iis
1528 4607 1930 4662 secerneretur,
1969 4597 2066 4668 qui

483 4700 559 4756 ad
583 4699 950 4762 adversarios,
996 4689 1415 4770 qualescunque
1446 4695 1522 4750 illi
1563 4695 1694 4758 sint,
1737 4705 1936 4763 sponte
1970 4695 2066 4748 de-

482 4791 772 4848 fecerunt?
821 4791 899 4846 De
943 4790 1165 4861 quibus,
1235 4791 1337 4845 etsi
1378 4788 1639 4846 audacius
1679 4789 1752 4842 sit
1807 4804 1836 4847 a
1885 4786 2066 4852 nobis,

484 4891 703 4954 aequum
754 4892 932 4938 tamen
976 4891 1062 4939 est
1097 4881 1228 4947 dici,
1264 4881 1394 4952 quid
1443 4881 1705 4935 tandem?
1736 4880 1880 4950 quod
1909 4879 2066 4934 cbqu

486 4979 653 5032 lieutc
683 4975 904 5030 haeresis
930 4974 1315 5044 persecutione
1351 4973 1716 5030 conveniebat
1751 4971 2066 5028 sublimium

487 5071 700 5126 sedlum
761 5067 1060 5134 antistites,
1099 5079 1360 5137 tanquam
1399 5067 1640 5137 Spiritus
1672 5067 1978 5136 adjutores,
2018 5075 2072 5122 et

487 5162 804 5236 apostolicis
851 5161 1292 5216 institutionibus
1341 5161 1550 5230 plenos,
1591 5160 1836 5216 fraterno
1883 5161 2072 5223 animo

489 5255 846 5322 commoveri,
900 5271 1120 5310 manum
1162 5271 1260 5322 pro
1287 5256 1509 5310 veritate
1551 5255 1892 5320 certantibus
1921 5272 2072 5318 com-

490 5351 748 5424 patiendo
770 5349 1065 5421 porrigere.
1106 5347 1164 5401 Si
1195 5347 1322 5418 quid
1347 5349 1508 5411 enim,
1537 5348 1634 5414 ait,
1665 5350 1871 5418 patitur
1906 5365 2070 5402 unum

559 5466 607 5501 ⁸⁸
631 5451 830 5538 prcs.
861 5482 912 5531 ν,
948 5464 1034 5520 i8.

1136 5463 1221 5519 σοι
1249 5461 1392 5520 Tim.
1429 5480 1501 5532 vt,
1537 5461 1623 5520 ιθ.
1693 5465 1744 5548 ’⁷ο
1776 5463 1938 5519 iiobr.
1973 5480 2094 5524 xm,
2141 5464 2192 5517 4.

2171 4516 2432 4587 ρόμενον;
2484 4515 2611 4580 Πῶς
2639 4515 2684 4568 δ’
2709 4514 2778 4570 ἃν
2805 4516 3013 4588 ἑτέρως
3034 4517 3096 4569 τὸ
3127 4515 3416 4588 σύμψυχον
3464 4519 3600 4589 ἡμῖν
3654 4519 3750 4572 καὶ

2167 4607 2488 4679 ὁμόγνωμον
2553 4607 2864 4680 ἐγνωρίσθη
2895 4623 2911 4638 ⁸
2971 4607 3049 4679 μὴ
3097 4608 3219 4679 οὐχὶ
3269 4609 3411 4680 πρὸς
3459 4609 3593 4673 τοὺς
3640 4614 3751 4674 τοῖς

2169 4697 2440 4761 ἐναντίοις
2472 4695 2646 4760 ὁποῖοί
2671 4713 2805 4754 ποτε
2850 4691 2992 4774 ἦσαν
3033 4698 3519 4770 αὐτομολήσαντας
3547 4701 3754 4773 διακρι-

2170 4793 2396 4863 νόμενον
2420 4810 2436 4856 ;
2459 4793 2544 4861 ἐφ’
2571 4787 2652 4855 οἷς
2687 4790 2740 4845 εί
2807 4791 2904 4846 καὶ⁸
2933 4791 3228 4862 τολμηρὸν,
3259 4791 3400 4865 πρὸς
3421 4793 3580 4864 ημῶν
3607 4795 3753 4865 ὅμως

2170 4885 2377 4940 ἔνδικόν
2407 4887 2520 4938 ἐστι
2553 4884 2722 4954 φάναι
2740 4899 2757 4923 ⁸
2783 4883 2850 4946 Τί
2868 4882 3066 4950 τοῦτος
3101 4885 3184 4938 ὅτι
3209 4884 3310 4954 τῆς
3339 4885 3607 4956 αἱρέσεως
3631 4887 3755 4941 διωο

2171 4978 2378 5043 κτικῶς
2402 4977 2902 5048 ἁναπαφλαοάσης,
2951 4976 3123 5048 ἐχρῆν
3174 4977 3304 5042 τοὺς
3357 4977 3470 5031 τῶν
3535 4979 3756 5052 ὑψηλῶν

2173 5071 2380 5143 θρόνων
2409 5071 2649 5142 ἐξόχους,
2678 5071 2755 5134 ὡς
2788 5069 2886 5124 τοῦ
2911 5071 3233 5142 Πνεύματος
3263 5071 3615 5144 συμμάχους,
3665 5073 3759 5130 καὶ

2173 5161 2283 5219 τῶν
2317 5163 2694 5216 ἀποστολικῶν
2722 5162 3018 5235 ὑποθηκῶν
3031 5163 3332 5234 ὲμπλὲους,
3361 5166 3758 5236 συγκινηθῆναι

2179 5255 2542 5327 φιλαδέλφως,
2575 5260 2736 5330 χεῖρα
2763 5257 2950 5328 ὀρέξαι
2994 5259 3107 5322 τοῖς
3165 5257 3308 5330 ὑπὲρ
3355 5257 3618 5330 ἀληθείας
3661 5260 3760 5313 κά-

2183 5366 2376 5418 μνουσι
2416 5349 2904 5424 συμπαθοπρεπῶς
2928 5391 2941 5406 .
2958 5349 3094 5407 Εἴτε
3109 5350 3240 5423 γὰρ,
3258 5351 3415 5423 φησὶ,
3443 5350 3670 5423 πάσχει
3696 5349 3754 5410 ἐν

2015 5614 2243 5674 ΝΟΊἈΕ.

551 5781 680 5858 ,(Π)
723 5780 778 5836 ln
813 5779 936 5837 cod.
973 5779 1107 5852 Reg.
1135 5778 1267 5853 ρλβ’.
