  <div class='ocr_page' id='page_1' title='image "/cluster/home/n/w/nwhite01/storage/ocr_20150623/99/hvd.32044024464356/706.png"; bbox 0 0 4060 6374; ppageno 0'>
   <div class='ocr_carea' id='block_1_1' title="bbox 342 315 480 385">
    <p class='ocr_par' dir='ltr' id='par_1_1' title="bbox 342 315 480 385">
     <span class='ocr_line' id='line_1_1' title="bbox 342 315 480 385; baseline -0.036 0"><span class='ocrx_word' id='word_1_1' title='bbox 342 315 480 385; x_wconf 80' lang='lat'><strong>1897</strong></span> 
     </span>
    </p>
   </div>
   <div class='ocr_carea' id='block_1_2' title="bbox 1532 294 2414 367">
    <p class='ocr_par' dir='ltr' id='par_1_2' title="bbox 1532 294 2414 367">
     <span class='ocr_line' id='line_1_2' title="bbox 1532 294 2414 367; baseline -0.012 -4"><span class='ocrx_word' id='word_1_2' title='bbox 1532 297 2074 367; x_wconf 75' lang='lat' dir='ltr'><strong>EPISTULARUM</strong></span> <span class='ocrx_word' id='word_1_3' title='bbox 2132 296 2282 358; x_wconf 79' lang='lat' dir='ltr'><strong>LIB.</strong></span> <span class='ocrx_word' id='word_1_4' title='bbox 2330 294 2414 354; x_wconf 88' lang='grc' dir='ltr'><strong>Ιῐ.</strong></span> 
     </span>
    </p>
   </div>
   <div class='ocr_carea' id='block_1_3' title="bbox 3474 293 3614 360">
    <p class='ocr_par' dir='ltr' id='par_1_3' title="bbox 3474 293 3614 360">
     <span class='ocr_line' id='line_1_3' title="bbox 3474 293 3614 360; baseline 0.029 -4"><span class='ocrx_word' id='word_1_5' title='bbox 3474 293 3614 360; x_wconf 75' lang='lat'><strong>1398</strong></span> 
     </span>
    </p>
   </div>
   <div class='ocr_carea' id='block_1_4' title="bbox 330 411 1919 511">
    <p class='ocr_par' dir='ltr' id='par_1_4' title="bbox 330 420 1919 511">
     <span class='ocr_line' id='line_1_4' title="bbox 330 420 1919 511; baseline -0.013 -16"><span class='ocrx_word' id='word_1_6' title='bbox 330 437 542 511; x_wconf 73' lang='grc' dir='ltr'>μέλος,</span> <span class='ocrx_word' id='word_1_7' title='bbox 595 426 1176 511; x_wconf 20' lang='grc' dir='ltr'>συμπάσχειλπὰντα</span> <span class='ocrx_word' id='word_1_8' title='bbox 1205 424 1280 481; x_wconf 76' lang='grc' dir='ltr'>τὰ</span> <span class='ocrx_word' id='word_1_9' title='bbox 1324 424 1512 495; x_wconf 56' lang='lat' dir='ltr'><strong>patr</strong></span> <span class='ocrx_word' id='word_1_10' title='bbox 1561 424 1683 478; x_wconf 72' lang='grc' dir='ltr'>εἴτε</span> <span class='ocrx_word' id='word_1_11' title='bbox 1743 420 1919 488; x_wconf 75' lang='grc' dir='ltr'><strong>δοξά-</strong></span> 
     </span>
    </p>
   </div>
   <div class='ocr_carea' id='block_1_5' title="bbox 2022 411 3616 511">
    <p class='ocr_par' dir='ltr' id='par_1_5' title="bbox 2028 411 3616 487">
     <span class='ocr_line' id='line_1_5' title="bbox 2028 411 3616 487; baseline -0.003 -15"><span class='ocrx_word' id='word_1_12' title='bbox 2028 418 2346 481; x_wconf 78' lang='grc' dir='ltr'>ιηεηιίιγιιπι,</span> <span class='ocrx_word' id='word_1_13' title='bbox 2380 413 2777 487; x_wconf 72' lang='lat' dir='ltr'><strong>compatiuntur</strong></span> <span class='ocrx_word' id='word_1_14' title='bbox 2801 414 2981 467; x_wconf 83' lang='lat' dir='ltr'><strong>omnia</strong></span> <span class='ocrx_word' id='word_1_15' title='bbox 3035 411 3270 466; x_wconf 72' lang='lat' dir='ltr'><strong>membra</strong></span> <span class='ocrx_word' id='word_1_16' title='bbox 3308 426 3328 467; x_wconf 90' lang='lat'><strong><em>:</em></strong></span> <span class='ocrx_word' id='word_1_17' title='bbox 3372 413 3478 468; x_wconf 71' lang='lat' dir='ltr'><strong>sive</strong></span> <span class='ocrx_word' id='word_1_18' title='bbox 3502 412 3616 485; x_wconf 81' lang='lat' dir='ltr'><strong>glo-</strong></span> 
     </span>
    </p>
   </div>
   <div class='ocr_carea' id='block_1_6' title="bbox 335 508 1911 596">
    <p class='ocr_par' dir='ltr' id='par_1_6' title="bbox 335 508 1911 596">
     <span class='ocr_line' id='line_1_6' title="bbox 335 508 1911 596; baseline -0.01 -14"><span class='ocrx_word' id='word_1_19' title='bbox 335 508 490 590; x_wconf 57' lang='grc' dir='ltr'>ᾆται</span> <span class='ocrx_word' id='word_1_20' title='bbox 535 524 605 580; x_wconf 73' lang='grc' dir='ltr'><strong><em>ἐν</em></strong></span> <span class='ocrx_word' id='word_1_21' title='bbox 627 523 833 596; x_wconf 81' lang='grc' dir='ltr'><strong>μέλος,</strong></span> <span class='ocrx_word' id='word_1_22' title='bbox 864 508 1176 591; x_wconf 50' lang='lat' dir='ltr'><strong>cuna/pst</strong></span> <span class='ocrx_word' id='word_1_23' title='bbox 1197 515 1394 570; x_wconf 79' lang='grc' dir='ltr'>πάντα</span> <span class='ocrx_word' id='word_1_24' title='bbox 1418 515 1497 570; x_wconf 80' lang='grc' dir='ltr'>τὰ</span> <span class='ocrx_word' id='word_1_25' title='bbox 1514 513 1675 586; x_wconf 72' lang='grc' dir='ltr'>μέλη</span> <span class='ocrx_word' id='word_1_26' title='bbox 1694 530 1712 546; x_wconf 88' lang='grc'><strong>·</strong></span> <span class='ocrx_word' id='word_1_27' title='bbox 1745 530 1911 582; x_wconf 73' lang='grc' dir='ltr'>κεφα-</span> 
     </span>
    </p>
   </div>
   <div class='ocr_carea' id='block_1_7' title="bbox 334 606 1918 692">
    <p class='ocr_par' dir='ltr' id='par_1_7' title="bbox 334 606 1918 692">
     <span class='ocr_line' id='line_1_7' title="bbox 334 606 1918 692; baseline -0.008 -19"><span class='ocrx_word' id='word_1_28' title='bbox 334 621 434 692; x_wconf 79' lang='grc' dir='ltr'>λῆς</span> <span class='ocrx_word' id='word_1_29' title='bbox 454 616 656 691; x_wconf 85' lang='grc' dir='ltr'>δηλαδὴ</span> <span class='ocrx_word' id='word_1_30' title='bbox 680 614 848 686; x_wconf 75' lang='grc' dir='ltr'>οὔσης</span> <span class='ocrx_word' id='word_1_31' title='bbox 876 611 972 667; x_wconf 89' lang='grc' dir='ltr'><strong>τοῦ</strong></span> <span class='ocrx_word' id='word_1_32' title='bbox 1028 607 1486 681; x_wconf 80' lang='grc' dir='ltr'>ὲκκλησιαστικοῦ</span> <span class='ocrx_word' id='word_1_33' title='bbox 1545 607 1669 662; x_wconf 83' lang='grc' dir='ltr'>ὅλου</span> <span class='ocrx_word' id='word_1_34' title='bbox 1725 606 1918 675; x_wconf 84' lang='grc' dir='ltr'>σώμα-</span> 
     </span>
    </p>
   </div>
   <div class='ocr_carea' id='block_1_8' title="bbox 332 699 1919 783">
    <p class='ocr_par' dir='ltr' id='par_1_8' title="bbox 332 699 1919 783">
     <span class='ocr_line' id='line_1_8' title="bbox 332 699 1919 783; baseline -0.009 -16"><span class='ocrx_word' id='word_1_35' title='bbox 332 730 429 776; x_wconf 84' lang='grc' dir='ltr'><strong>τος</strong></span> <span class='ocrx_word' id='word_1_36' title='bbox 513 707 754 783; x_wconf 79' lang='grc' dir='ltr'><strong>Χριστοῦ</strong></span> <span class='ocrx_word' id='word_1_37' title='bbox 819 705 913 760; x_wconf 88' lang='grc' dir='ltr'><strong>τοῦ</strong></span> <span class='ocrx_word' id='word_1_38' title='bbox 992 701 1251 778; x_wconf 82' lang='grc' dir='ltr'><strong>ἀληθινοῦ</strong></span> <span class='ocrx_word' id='word_1_39' title='bbox 1336 703 1546 774; x_wconf 83' lang='grc' dir='ltr'>Κυρίου</span> <span class='ocrx_word' id='word_1_40' title='bbox 1614 700 1710 755; x_wconf 78' lang='grc' dir='ltr'><strong>καί</strong></span> <span class='ocrx_word' id='word_1_41' title='bbox 1780 699 1919 754; x_wconf 81' lang='grc' dir='ltr'>Θεοῦ</span> 
     </span>
    </p>
   </div>
   <div class='ocr_carea' id='block_1_9' title="bbox 334 803 521 877">
    <p class='ocr_par' dir='ltr' id='par_1_9' title="bbox 334 803 521 877">
     <span class='ocr_line' id='line_1_9' title="bbox 334 803 521 877; baseline -0.005 -19"><span class='ocrx_word' id='word_1_42' title='bbox 334 803 521 877; x_wconf 83' lang='grc' dir='ltr'>ήμῶν.</span> 
     </span>
    </p>
   </div>
   <div class='ocr_carea' id='block_1_10' title="bbox 407 904 1917 986">
    <p class='ocr_par' dir='ltr' id='par_1_10' title="bbox 407 904 1917 986">
     <span class='ocr_line' id='line_1_10' title="bbox 407 904 1917 986; baseline -0.009 -16"><span class='ocrx_word' id='word_1_43' title='bbox 407 918 586 986; x_wconf 85' lang='grc' dir='ltr'>Ὅπερ</span> <span class='ocrx_word' id='word_1_44' title='bbox 618 913 760 984; x_wconf 80' lang='grc' dir='ltr'>ὁτῆς</span> <span class='ocrx_word' id='word_1_45' title='bbox 785 912 1001 975; x_wconf 85' lang='grc' dir='ltr'>Δύσεως</span> <span class='ocrx_word' id='word_1_46' title='bbox 1045 908 1404 971; x_wconf 79' lang='grc' dir='ltr'>ἀποστολικδς</span> <span class='ocrx_word' id='word_1_47' title='bbox 1454 904 1755 978; x_wconf 83' lang='grc' dir='ltr'>πεπραχὼς</span> <span class='ocrx_word' id='word_1_48' title='bbox 1789 904 1917 958; x_wconf 85' lang='grc' dir='ltr'>ὅσον</span> 
     </span>
    </p>
   </div>
   <div class='ocr_carea' id='block_1_11' title="bbox 330 996 1921 1081">
    <p class='ocr_par' dir='ltr' id='par_1_11' title="bbox 330 996 1921 1081">
     <span class='ocr_line' id='line_1_11' title="bbox 330 996 1921 1081; baseline -0.008 -18"><span class='ocrx_word' id='word_1_49' title='bbox 330 1006 696 1081; x_wconf 78' lang='grc' dir='ltr'>ὢνησε,τίδεῖ</span> <span class='ocrx_word' id='word_1_50' title='bbox 723 1003 1017 1072; x_wconf 66' lang='grc' dir='ltr'>καὶξλέγειν</span> <span class='ocrx_word' id='word_1_51' title='bbox 1041 1019 1057 1069; x_wconf 88' lang='lat'><strong>;</strong></span> <span class='ocrx_word' id='word_1_52' title='bbox 1088 1000 1412 1074; x_wconf 68' lang='grc' dir='ltr'>ἐπιρρώσας</span> <span class='ocrx_word' id='word_1_53' title='bbox 1440 997 1543 1067; x_wconf 78' lang='grc' dir='ltr'>μὲν</span> <span class='ocrx_word' id='word_1_54' title='bbox 1571 997 1641 1051; x_wconf 72' lang='grc' dir='ltr'><strong>τὰ</strong></span> <span class='ocrx_word' id='word_1_55' title='bbox 1687 996 1795 1051; x_wconf 90' lang='grc' dir='ltr'><strong>τῶν</strong></span> <span class='ocrx_word' id='word_1_56' title='bbox 1829 997 1921 1050; x_wconf 81' lang='grc' dir='ltr'><strong>ὲν-</strong></span> 
     </span>
    </p>
   </div>
   <div class='ocr_carea' id='block_1_12' title="bbox 326 1086 1923 1169">
    <p class='ocr_par' dir='ltr' id='par_1_12' title="bbox 326 1086 1923 1169">
     <span class='ocr_line' id='line_1_12' title="bbox 326 1086 1923 1169; baseline -0.009 -16"><span class='ocrx_word' id='word_1_57' title='bbox 326 1094 642 1169; x_wconf 79' lang='grc' dir='ltr'>ἰσταμένων</span> <span class='ocrx_word' id='word_1_58' title='bbox 657 1097 739 1151; x_wconf 82' lang='grc' dir='ltr'>ὅτι</span> <span class='ocrx_word' id='word_1_59' title='bbox 766 1094 1000 1165; x_wconf 82' lang='grc' dir='ltr'>μάλιστα</span> <span class='ocrx_word' id='word_1_60' title='bbox 1024 1092 1195 1165; x_wconf 78' lang='grc' dir='ltr'>φρονή</span> <span class='ocrx_word' id='word_1_61' title='bbox 1206 1108 1369 1161; x_wconf 88' lang='grc' dir='ltr'>ματα.</span> <span class='ocrx_word' id='word_1_62' title='bbox 1396 1090 1571 1160; x_wconf 79' lang='grc' dir='ltr'>Εἴπερ</span> <span class='ocrx_word' id='word_1_63' title='bbox 1597 1087 1694 1141; x_wconf 65' lang='grc' dir='ltr'><strong>καλ⁵</strong></span> <span class='ocrx_word' id='word_1_64' title='bbox 1711 1086 1923 1157; x_wconf 86' lang='grc' dir='ltr'>σμικρά</span> 
     </span>
    </p>
   </div>
   <div class='ocr_carea' id='block_1_13' title="bbox 336 1180 1920 1264">
    <p class='ocr_par' dir='ltr' id='par_1_13' title="bbox 336 1180 1920 1264">
     <span class='ocr_line' id='line_1_13' title="bbox 336 1180 1920 1264; baseline -0.009 -20"><span class='ocrx_word' id='word_1_65' title='bbox 336 1192 482 1264; x_wconf 77' lang='grc' dir='ltr'>ῥοπὴ</span> <span class='ocrx_word' id='word_1_66' title='bbox 504 1188 691 1252; x_wconf 81' lang='grc' dir='ltr'><strong>σθένος</strong></span> <span class='ocrx_word' id='word_1_67' title='bbox 718 1186 970 1257; x_wconf 72' lang='grc' dir='ltr'>ἐμποιεῖν</span> <span class='ocrx_word' id='word_1_68' title='bbox 998 1183 1158 1237; x_wconf 73' lang='grc' dir='ltr'>εἴωθε</span> <span class='ocrx_word' id='word_1_69' title='bbox 1186 1181 1266 1254; x_wconf 83' lang='grc' dir='ltr'>τῷ</span> <span class='ocrx_word' id='word_1_70' title='bbox 1295 1181 1582 1251; x_wconf 81' lang='grc' dir='ltr'>κάμνοντι,</span> <span class='ocrx_word' id='word_1_71' title='bbox 1615 1180 1920 1251; x_wconf 72' lang='grc' dir='ltr'>ἐπιρραπί-</span> 
     </span>
    </p>
   </div>
   <div class='ocr_carea' id='block_1_14' title="bbox 336 1266 1923 1350">
    <p class='ocr_par' dir='ltr' id='par_1_14' title="bbox 336 1266 1923 1350">
     <span class='ocr_line' id='line_1_14' title="bbox 336 1266 1923 1350; baseline -0.011 -14"><span class='ocrx_word' id='word_1_72' title='bbox 336 1299 435 1346; x_wconf 88' lang='grc' dir='ltr'><strong>σας</strong></span> <span class='ocrx_word' id='word_1_73' title='bbox 450 1281 507 1335; x_wconf 82' lang='grc' dir='ltr'><strong>δὲ</strong></span> <span class='ocrx_word' id='word_1_74' title='bbox 524 1278 602 1350; x_wconf 80' lang='grc' dir='ltr'>τῷ</span> <span class='ocrx_word' id='word_1_75' title='bbox 614 1296 744 1332; x_wconf 89' lang='grc' dir='ltr'>πνευ</span> <span class='ocrx_word' id='word_1_76' title='bbox 753 1275 1097 1349; x_wconf 81' lang='grc' dir='ltr'>ματοκινήτῳ</span> <span class='ocrx_word' id='word_1_77' title='bbox 1125 1274 1251 1342; x_wconf 83' lang='grc' dir='ltr'>ὲλεγ</span> <span class='ocrx_word' id='word_1_78' title='bbox 1259 1270 1342 1343; x_wconf 84' lang='grc' dir='ltr'>μῷ</span> <span class='ocrx_word' id='word_1_79' title='bbox 1354 1271 1461 1325; x_wconf 91' lang='grc' dir='ltr'><strong>τῶν</strong></span> <span class='ocrx_word' id='word_1_80' title='bbox 1486 1269 1827 1324; x_wconf 74' lang='grc' dir='ltr'>ἀσεϐούντων</span> <span class='ocrx_word' id='word_1_81' title='bbox 1853 1266 1923 1321; x_wconf 80' lang='grc' dir='ltr'>τὰ</span> 
     </span>
    </p>
   </div>
   <div class='ocr_carea' id='block_1_15' title="bbox 334 1360 1917 1445">
    <p class='ocr_par' dir='ltr' id='par_1_15' title="bbox 334 1360 1917 1445">
     <span class='ocr_line' id='line_1_15' title="bbox 334 1360 1917 1445; baseline -0.011 -17"><span class='ocrx_word' id='word_1_82' title='bbox 334 1375 673 1445; x_wconf 76' lang='grc' dir='ltr'><strong>φρυάγματα</strong></span> <span class='ocrx_word' id='word_1_83' title='bbox 704 1385 720 1400; x_wconf 76' lang='grc'><strong>⁸</strong></span> <span class='ocrx_word' id='word_1_84' title='bbox 786 1363 846 1424; x_wconf 77' lang='grc' dir='ltr'><strong>οῦ</strong></span> <span class='ocrx_word' id='word_1_85' title='bbox 876 1367 928 1423; x_wconf 89' lang='grc' dir='ltr'><strong>τί</strong></span> <span class='ocrx_word' id='word_1_86' title='bbox 978 1368 1044 1421; x_wconf 83' lang='grc' dir='ltr'><strong>ἂν</strong></span> <span class='ocrx_word' id='word_1_87' title='bbox 1097 1365 1312 1435; x_wconf 81' lang='grc' dir='ltr'>γένοιτο</span> <span class='ocrx_word' id='word_1_88' title='bbox 1358 1360 1917 1432; x_wconf 85' lang='grc' dir='ltr'>σωτηριωδέστερον;</span> 
     </span>
    </p>
   </div>
   <div class='ocr_carea' id='block_1_16' title="bbox 333 1451 1922 1529">
    <p class='ocr_par' dir='ltr' id='par_1_16' title="bbox 333 1451 1922 1529">
     <span class='ocr_line' id='line_1_16' title="bbox 333 1451 1922 1529; baseline -0.011 -8"><span class='ocrx_word' id='word_1_89' title='bbox 333 1462 506 1529; x_wconf 75' lang='grc' dir='ltr'>οϊςδὲ</span> <span class='ocrx_word' id='word_1_90' title='bbox 541 1463 701 1518; x_wconf 84' lang='grc' dir='ltr'>τοῦτο</span> <span class='ocrx_word' id='word_1_91' title='bbox 756 1463 933 1515; x_wconf 82' lang='grc' dir='ltr'>ποιεῖν</span> <span class='ocrx_word' id='word_1_92' title='bbox 962 1460 1101 1525; x_wconf 77' lang='grc' dir='ltr'>ἐξὸν,</span> <span class='ocrx_word' id='word_1_93' title='bbox 1153 1458 1381 1512; x_wconf 85' lang='grc' dir='ltr'>οὐτίπου</span> <span class='ocrx_word' id='word_1_94' title='bbox 1433 1455 1716 1526; x_wconf 84' lang='grc' dir='ltr'>ποιήσασι,</span> <span class='ocrx_word' id='word_1_95' title='bbox 1764 1451 1922 1508; x_wconf 79' lang='grc' dir='ltr'>τούν-</span> 
     </span>
    </p>
   </div>
   <div class='ocr_carea' id='block_1_17' title="bbox 335 1542 1923 1623">
    <p class='ocr_par' dir='ltr' id='par_1_17' title="bbox 335 1542 1923 1623">
     <span class='ocr_line' id='line_1_17' title="bbox 335 1542 1923 1623; baseline -0.009 -11"><span class='ocrx_word' id='word_1_96' title='bbox 335 1558 520 1613; x_wconf 85' lang='grc' dir='ltr'>αντίον</span> <span class='ocrx_word' id='word_1_97' title='bbox 545 1556 624 1621; x_wconf 75' lang='grc' dir='ltr'>δὲ,</span> <span class='ocrx_word' id='word_1_98' title='bbox 678 1556 779 1609; x_wconf 82' lang='grc' dir='ltr'><strong>οὐκ</strong></span> <span class='ocrx_word' id='word_1_99' title='bbox 800 1552 907 1623; x_wconf 79' lang='grc' dir='ltr'><strong>ἔχω</strong></span> <span class='ocrx_word' id='word_1_100' title='bbox 960 1551 1141 1619; x_wconf 86' lang='grc' dir='ltr'>λέγειν</span> <span class='ocrx_word' id='word_1_101' title='bbox 1187 1549 1217 1603; x_wconf 83' lang='grc' dir='ltr'><strong>ὁ</strong></span> <span class='ocrx_word' id='word_1_102' title='bbox 1252 1547 1444 1611; x_wconf 81' lang='grc' dir='ltr'><strong>τάλας,</strong></span> <span class='ocrx_word' id='word_1_103' title='bbox 1475 1546 1617 1601; x_wconf 90' lang='grc' dir='ltr'>αἰδοῖ</span> <span class='ocrx_word' id='word_1_104' title='bbox 1666 1542 1764 1599; x_wconf 86' lang='grc' dir='ltr'><strong>τοῦ</strong></span> <span class='ocrx_word' id='word_1_105' title='bbox 1821 1544 1923 1615; x_wconf 85' lang='grc' dir='ltr'>τῆς</span> 
     </span>
    </p>
   </div>
   <div class='ocr_carea' id='block_1_18' title="bbox 340 1638 1923 1721">
    <p class='ocr_par' dir='ltr' id='par_1_18' title="bbox 340 1638 1923 1721">
     <span class='ocr_line' id='line_1_18' title="bbox 340 1638 1923 1721; baseline -0.009 -18"><span class='ocrx_word' id='word_1_106' title='bbox 340 1649 745 1721; x_wconf 81' lang='grc' dir='ltr'>μακαριότητος</span> <span class='ocrx_word' id='word_1_107' title='bbox 774 1644 931 1717; x_wconf 81' lang='grc' dir='ltr'>ἡμῶν</span> <span class='ocrx_word' id='word_1_108' title='bbox 961 1642 1221 1711; x_wconf 79' lang='grc' dir='ltr'><strong>ἀγγέλου,</strong></span> <span class='ocrx_word' id='word_1_109' title='bbox 1259 1641 1385 1694; x_wconf 86' lang='grc' dir='ltr'>ὅσον</span> <span class='ocrx_word' id='word_1_110' title='bbox 1418 1638 1485 1693; x_wconf 82' lang='grc' dir='ltr'>ἂν</span> <span class='ocrx_word' id='word_1_111' title='bbox 1546 1638 1633 1707; x_wconf 79' lang='grc' dir='ltr'><strong>εἴη</strong></span> <span class='ocrx_word' id='word_1_112' title='bbox 1681 1638 1744 1690; x_wconf 84' lang='grc' dir='ltr'><strong>τὸ</strong></span> <span class='ocrx_word' id='word_1_113' title='bbox 1790 1654 1923 1691; x_wconf 89' lang='grc' dir='ltr'>κατ-</span> 
     </span>
    </p>
   </div>
   <div class='ocr_carea' id='block_1_19' title="bbox 2021 504 3613 575">
    <p class='ocr_par' dir='ltr' id='par_1_19' title="bbox 2021 504 3613 575">
     <span class='ocr_line' id='line_1_19' title="bbox 2021 504 3613 575; baseline -0.004 -12"><span class='ocrx_word' id='word_1_114' title='bbox 2021 510 2197 563; x_wconf 83' lang='lat' dir='ltr'><strong>riatur</strong></span> <span class='ocrx_word' id='word_1_115' title='bbox 2254 523 2420 561; x_wconf 85' lang='lat' dir='ltr'><strong>unum</strong></span> <span class='ocrx_word' id='word_1_116' title='bbox 2476 506 2788 573; x_wconf 82' lang='lat' dir='ltr'><strong>membrum,</strong></span> <span class='ocrx_word' id='word_1_117' title='bbox 2846 504 3177 575; x_wconf 76' lang='lat' dir='ltr'><strong>congaudent</strong></span> <span class='ocrx_word' id='word_1_118' title='bbox 3238 506 3418 559; x_wconf 81' lang='lat' dir='ltr'><strong>omm’a</strong></span> <span class='ocrx_word' id='word_1_119' title='bbox 3446 521 3613 559; x_wconf 69' lang='lat' dir='ltr'><strong>mem-</strong></span> 
     </span>
    </p>
   </div>
   <div class='ocr_carea' id='block_1_20' title="bbox 2022 598 3613 672">
    <p class='ocr_par' dir='ltr' id='par_1_20' title="bbox 2022 598 3613 672">
     <span class='ocr_line' id='line_1_20' title="bbox 2022 598 3613 672; baseline -0.003 -16"><span class='ocrx_word' id='word_1_120' title='bbox 2022 603 2119 657; x_wconf 86' lang='lat' dir='ltr'><strong>bra</strong></span> <span class='ocrx_word' id='word_1_121' title='bbox 2144 602 2185 633; x_wconf 71' lang='grc' dir='ltr'><strong>τ¹</strong></span> <span class='ocrx_word' id='word_1_122' title='bbox 2212 620 2229 669; x_wconf 86' lang='lat'><strong>;</strong></span> <span class='ocrx_word' id='word_1_123' title='bbox 2275 600 2402 672; x_wconf 86' lang='lat' dir='ltr'><strong>quia</strong></span> <span class='ocrx_word' id='word_1_124' title='bbox 2435 599 2696 654; x_wconf 84' lang='lat' dir='ltr'><strong>nimirum</strong></span> <span class='ocrx_word' id='word_1_125' title='bbox 2732 607 2900 669; x_wconf 88' lang='lat' dir='ltr'><strong>caput</strong></span> <span class='ocrx_word' id='word_1_126' title='bbox 2934 608 3017 654; x_wconf 91' lang='lat' dir='ltr'><strong>est</strong></span> <span class='ocrx_word' id='word_1_127' title='bbox 3049 598 3217 653; x_wconf 88' lang='lat' dir='ltr'><strong>totius</strong></span> <span class='ocrx_word' id='word_1_128' title='bbox 3249 599 3613 653; x_wconf 77' lang='lat' dir='ltr'><strong>ecclesiastici</strong></span> 
     </span>
    </p>
   </div>
   <div class='ocr_carea' id='block_1_21' title="bbox 2022 689 3616 764">
    <p class='ocr_par' dir='ltr' id='par_1_21' title="bbox 2022 689 3616 764">
     <span class='ocr_line' id='line_1_21' title="bbox 2022 689 3616 764; baseline -0.002 -16"><span class='ocrx_word' id='word_1_129' title='bbox 2022 692 2271 764; x_wconf 89' lang='lat' dir='ltr'><strong>corporis</strong></span> <span class='ocrx_word' id='word_1_130' title='bbox 2321 691 2595 757; x_wconf 86' lang='lat' dir='ltr'><strong>Christus,</strong></span> <span class='ocrx_word' id='word_1_131' title='bbox 2657 706 2823 747; x_wconf 88' lang='lat' dir='ltr'><strong>verus</strong></span> <span class='ocrx_word' id='word_1_132' title='bbox 2875 691 3144 746; x_wconf 86' lang='lat' dir='ltr'><strong>Dominus</strong></span> <span class='ocrx_word' id='word_1_133' title='bbox 3203 706 3267 745; x_wconf 86' lang='lat' dir='ltr'><strong>ac</strong></span> <span class='ocrx_word' id='word_1_134' title='bbox 3318 689 3459 744; x_wconf 87' lang='lat' dir='ltr'><strong>Deus</strong></span> <span class='ocrx_word' id='word_1_135' title='bbox 3517 706 3616 745; x_wconf 86' lang='lat' dir='ltr'><strong>no-</strong></span> 
     </span>
    </p>
   </div>
   <div class='ocr_carea' id='block_1_22' title="bbox 2022 794 2155 840">
    <p class='ocr_par' dir='ltr' id='par_1_22' title="bbox 2022 794 2155 840">
     <span class='ocr_line' id='line_1_22' title="bbox 2022 794 2155 840; baseline -0.015 0"><span class='ocrx_word' id='word_1_136' title='bbox 2022 794 2155 840; x_wconf 87' lang='lat' dir='ltr'><strong>ster.</strong></span> 
     </span>
    </p>
   </div>
   <div class='ocr_carea' id='block_1_23' title="bbox 2093 897 3610 969">
    <p class='ocr_par' dir='ltr' id='par_1_23' title="bbox 2093 897 3610 969">
     <span class='ocr_line' id='line_1_23' title="bbox 2093 897 3610 969; baseline -0.002 -14"><span class='ocrx_word' id='word_1_137' title='bbox 2093 901 2250 968; x_wconf 86' lang='lat' dir='ltr'><strong>Quod</strong></span> <span class='ocrx_word' id='word_1_138' title='bbox 2311 897 2622 956; x_wconf 79' lang='lat' dir='ltr'><strong>Occidentis</strong></span> <span class='ocrx_word' id='word_1_139' title='bbox 2676 898 3015 968; x_wconf 85' lang='lat' dir='ltr'><strong>apostolicus</strong></span> <span class='ocrx_word' id='word_1_140' title='bbox 3063 914 3187 954; x_wconf 90' lang='lat' dir='ltr'><strong>cum</strong></span> <span class='ocrx_word' id='word_1_141' title='bbox 3237 898 3610 969; x_wconf 64' lang='lat' dir='ltr'><strong>praestitisset,</strong></span> 
     </span>
    </p>
   </div>
   <div class='ocr_carea' id='block_1_24' title="bbox 2023 991 3617 1064">
    <p class='ocr_par' dir='ltr' id='par_1_24' title="bbox 2023 991 3617 1064">
     <span class='ocr_line' id='line_1_24' title="bbox 2023 991 3617 1064; baseline -0.002 -16"><span class='ocrx_word' id='word_1_142' title='bbox 2023 1003 2287 1064; x_wconf 90' lang='lat' dir='ltr'><strong>quantum</strong></span> <span class='ocrx_word' id='word_1_143' title='bbox 2321 991 2766 1063; x_wconf 57' lang='lat' dir='ltr'><strong>profueritfquid</strong></span> <span class='ocrx_word' id='word_1_144' title='bbox 2797 991 3237 1047; x_wconf 88' lang='lat' dir='ltr'><strong>attinetdicere?</strong></span> <span class='ocrx_word' id='word_1_145' title='bbox 3265 991 3461 1061; x_wconf 87' lang='lat' dir='ltr'><strong>partim</strong></span> <span class='ocrx_word' id='word_1_146' title='bbox 3492 991 3617 1060; x_wconf 89' lang='lat' dir='ltr'><strong>qui-</strong></span> 
     </span>
    </p>
   </div>
   <div class='ocr_carea' id='block_1_25' title="bbox 2023 1085 3610 1156">
    <p class='ocr_par' dir='ltr' id='par_1_25' title="bbox 2023 1085 3610 1156">
     <span class='ocr_line' id='line_1_25' title="bbox 2023 1085 3610 1156; baseline -0.002 -14"><span class='ocrx_word' id='word_1_147' title='bbox 2023 1088 2146 1142; x_wconf 87' lang='lat' dir='ltr'><strong>dem</strong></span> <span class='ocrx_word' id='word_1_148' title='bbox 2171 1086 2501 1143; x_wconf 84' lang='lat' dir='ltr'><strong>certantium</strong></span> <span class='ocrx_word' id='word_1_149' title='bbox 2556 1096 2768 1141; x_wconf 89' lang='lat' dir='ltr'><strong>mentes</strong></span> <span class='ocrx_word' id='word_1_150' title='bbox 2821 1099 3173 1156; x_wconf 75' lang='lat' dir='ltr'><strong>summopere</strong></span> <span class='ocrx_word' id='word_1_151' title='bbox 3229 1085 3610 1142; x_wconf 87' lang='lat' dir='ltr'><strong>conﬁrmans:</strong></span> 
     </span>
    </p>
   </div>
   <div class='ocr_carea' id='block_1_26' title="bbox 2023 1179 3614 1252">
    <p class='ocr_par' dir='ltr' id='par_1_26' title="bbox 2023 1179 3614 1252">
     <span class='ocr_line' id='line_1_26' title="bbox 2023 1179 3614 1252; baseline -0.001 -16"><span class='ocrx_word' id='word_1_152' title='bbox 2023 1181 2292 1251; x_wconf 85' lang='lat' dir='ltr'><strong>siquidem</strong></span> <span class='ocrx_word' id='word_1_153' title='bbox 2336 1181 2594 1252; x_wconf 79' lang='lat' dir='ltr'><strong>exiguum</strong></span> <span class='ocrx_word' id='word_1_154' title='bbox 2643 1188 2981 1234; x_wconf 89' lang='lat' dir='ltr'><strong>momentum</strong></span> <span class='ocrx_word' id='word_1_155' title='bbox 3017 1180 3127 1234; x_wconf 88' lang='lat' dir='ltr'><strong>vim</strong></span> <span class='ocrx_word' id='word_1_156' title='bbox 3162 1190 3217 1235; x_wconf 90' lang='lat' dir='ltr'><strong>et</strong></span> <span class='ocrx_word' id='word_1_157' title='bbox 3243 1180 3414 1235; x_wconf 90' lang='lat' dir='ltr'><strong>robur</strong></span> <span class='ocrx_word' id='word_1_158' title='bbox 3452 1179 3614 1235; x_wconf 81' lang='lat' dir='ltr'><strong>fessis</strong></span> 
     </span>
    </p>
   </div>
   <div class='ocr_carea' id='block_1_27' title="bbox 2023 1272 3613 1342">
    <p class='ocr_par' dir='ltr' id='par_1_27' title="bbox 2023 1272 3613 1342">
     <span class='ocr_line' id='line_1_27' title="bbox 2023 1272 3613 1342; baseline -0.001 -13"><span class='ocrx_word' id='word_1_159' title='bbox 2023 1283 2079 1329; x_wconf 86' lang='lat' dir='ltr'><strong>et</strong></span> <span class='ocrx_word' id='word_1_160' title='bbox 2133 1273 2510 1329; x_wconf 86' lang='lat' dir='ltr'><strong>laborantibus</strong></span> <span class='ocrx_word' id='word_1_161' title='bbox 2559 1272 2759 1328; x_wconf 84' lang='lat' dir='ltr'><strong>addere</strong></span> <span class='ocrx_word' id='word_1_162' title='bbox 2817 1272 3006 1329; x_wconf 81' lang='lat' dir='ltr'><strong>solet:</strong></span> <span class='ocrx_word' id='word_1_163' title='bbox 3060 1272 3259 1342; x_wconf 88' lang='lat' dir='ltr'><strong>partim</strong></span> <span class='ocrx_word' id='word_1_164' title='bbox 3314 1272 3613 1341; x_wconf 84' lang='lat' dir='ltr'><strong>impiorum</strong></span> 
     </span>
    </p>
   </div>
   <div class='ocr_carea' id='block_1_28' title="bbox 2028 1363 3615 1436">
    <p class='ocr_par' dir='ltr' id='par_1_28' title="bbox 2028 1363 3615 1436">
     <span class='ocr_line' id='line_1_28' title="bbox 2028 1363 3615 1436; baseline -0.001 -15"><span class='ocrx_word' id='word_1_165' title='bbox 2028 1366 2280 1422; x_wconf 81' lang='lat' dir='ltr'><strong>fremitus</strong></span> <span class='ocrx_word' id='word_1_166' title='bbox 2322 1381 2355 1421; x_wconf 88' lang='lat' dir='ltr'><strong>a</strong></span> <span class='ocrx_word' id='word_1_167' title='bbox 2405 1365 2612 1435; x_wconf 86' lang='lat' dir='ltr'><strong>Spiritu</strong></span> <span class='ocrx_word' id='word_1_168' title='bbox 2657 1363 2902 1436; x_wconf 86' lang='lat' dir='ltr'><strong>profecta</strong></span> <span class='ocrx_word' id='word_1_169' title='bbox 2936 1365 3365 1435; x_wconf 87' lang='lat' dir='ltr'><strong>reprehensione</strong></span> <span class='ocrx_word' id='word_1_170' title='bbox 3392 1379 3615 1434; x_wconf 79' lang='lat' dir='ltr'><strong>compe-</strong></span> 
     </span>
    </p>
   </div>
   <div class='ocr_carea' id='block_1_29' title="bbox 2025 1455 3611 1529">
    <p class='ocr_par' dir='ltr' id='par_1_29' title="bbox 2025 1455 3611 1529">
     <span class='ocr_line' id='line_1_29' title="bbox 2025 1455 3611 1529; baseline -0.004 -13"><span class='ocrx_word' id='word_1_171' title='bbox 2025 1474 2234 1516; x_wconf 80' lang='lat' dir='ltr'><strong>secus:</strong></span> <span class='ocrx_word' id='word_1_172' title='bbox 2287 1475 2399 1529; x_wconf 91' lang='lat' dir='ltr'><strong>quo</strong></span> <span class='ocrx_word' id='word_1_173' title='bbox 2452 1458 2585 1529; x_wconf 89' lang='lat' dir='ltr'><strong>quid</strong></span> <span class='ocrx_word' id='word_1_174' title='bbox 2657 1458 2775 1513; x_wconf 86' lang='lat' dir='ltr'><strong>ﬁeri</strong></span> <span class='ocrx_word' id='word_1_175' title='bbox 2835 1459 3011 1529; x_wconf 90' lang='lat' dir='ltr'><strong>potuit</strong></span> <span class='ocrx_word' id='word_1_176' title='bbox 3039 1456 3375 1513; x_wconf 83' lang='lat' dir='ltr'><strong>salutarius?</strong></span> <span class='ocrx_word' id='word_1_177' title='bbox 3411 1455 3611 1511; x_wconf 85' lang='lat' dir='ltr'><strong>Contra</strong></span> 
     </span>
    </p>
   </div>
   <div class='ocr_carea' id='block_1_30' title="bbox 2024 1549 3614 1623">
    <p class='ocr_par' dir='ltr' id='par_1_30' title="bbox 2024 1549 3614 1623">
     <span class='ocr_line' id='line_1_30' title="bbox 2024 1549 3614 1623; baseline -0.002 -17"><span class='ocrx_word' id='word_1_178' title='bbox 2024 1567 2155 1607; x_wconf 88' lang='lat' dir='ltr'><strong>vero</strong></span> <span class='ocrx_word' id='word_1_179' title='bbox 2192 1553 2289 1623; x_wconf 88' lang='lat' dir='ltr'><strong>qui</strong></span> <span class='ocrx_word' id='word_1_180' title='bbox 2314 1553 2457 1607; x_wconf 89' lang='lat' dir='ltr'><strong>idem</strong></span> <span class='ocrx_word' id='word_1_181' title='bbox 2499 1552 2678 1607; x_wconf 80' lang='lat' dir='ltr'><strong>facere</strong></span> <span class='ocrx_word' id='word_1_182' title='bbox 2707 1567 2833 1607; x_wconf 90' lang='lat' dir='ltr'><strong>cum</strong></span> <span class='ocrx_word' id='word_1_183' title='bbox 2863 1560 3109 1622; x_wconf 86' lang='lat' dir='ltr'><strong>possent,</strong></span> <span class='ocrx_word' id='word_1_184' title='bbox 3144 1550 3369 1606; x_wconf 90' lang='lat' dir='ltr'><strong>minime</strong></span> <span class='ocrx_word' id='word_1_185' title='bbox 3396 1549 3614 1619; x_wconf 69' lang='lat' dir='ltr'><strong>praesti-</strong></span> 
     </span>
    </p>
   </div>
   <div class='ocr_carea' id='block_1_31' title="bbox 2026 1643 3611 1715">
    <p class='ocr_par' dir='ltr' id='par_1_31' title="bbox 2026 1643 3611 1715">
     <span class='ocr_line' id='line_1_31' title="bbox 2026 1643 3611 1715; baseline -0.001 -15"><span class='ocrx_word' id='word_1_186' title='bbox 2026 1653 2234 1707; x_wconf 88' lang='lat' dir='ltr'><strong>terunt,</strong></span> <span class='ocrx_word' id='word_1_187' title='bbox 2256 1645 2436 1700; x_wconf 86' lang='lat' dir='ltr'><strong>dicere</strong></span> <span class='ocrx_word' id='word_1_188' title='bbox 2452 1648 2620 1701; x_wconf 90' lang='lat' dir='ltr'><strong>miser</strong></span> <span class='ocrx_word' id='word_1_189' title='bbox 2643 1660 2838 1701; x_wconf 87' lang='lat' dir='ltr'><strong>vereor</strong></span> <span class='ocrx_word' id='word_1_190' title='bbox 2858 1653 3081 1715; x_wconf 90' lang='lat' dir='ltr'><strong>propter</strong></span> <span class='ocrx_word' id='word_1_191' title='bbox 3106 1645 3284 1715; x_wconf 80' lang='lat' dir='ltr'><strong>angeli</strong></span> <span class='ocrx_word' id='word_1_192' title='bbox 3310 1643 3611 1699; x_wconf 87' lang='lat' dir='ltr'><strong>beatitudi-</strong></span> 
     </span>
    </p>
   </div>
   <div class='ocr_carea' id='block_1_32' title="bbox 308 1724 1919 1833">
    <p class='ocr_par' dir='ltr' id='par_1_32' title="bbox 308 1724 1919 1814">
     <span class='ocr_line' id='line_1_32' title="bbox 308 1724 1919 1814; baseline -0.015 -17"><span class='ocrx_word' id='word_1_193' title='bbox 308 1742 621 1814; x_wconf 53' lang='grc' dir='ltr'>νηγόρημα.</span> <span class='ocrx_word' id='word_1_194' title='bbox 667 1737 804 1793; x_wconf 83' lang='grc' dir='ltr'>Ἀλλ’</span> <span class='ocrx_word' id='word_1_195' title='bbox 839 1738 1023 1790; x_wconf 86' lang='grc' dir='ltr'>ὲκεῖνα</span> <span class='ocrx_word' id='word_1_196' title='bbox 1055 1734 1155 1806; x_wconf 80' lang='grc' dir='ltr'><strong>μὲν</strong></span> <span class='ocrx_word' id='word_1_197' title='bbox 1183 1732 1360 1805; x_wconf 80' lang='grc' dir='ltr'>πέρας</span> <span class='ocrx_word' id='word_1_198' title='bbox 1393 1732 1636 1803; x_wconf 81' lang='grc' dir='ltr'><strong>εἴληφεν,</strong></span> <span class='ocrx_word' id='word_1_199' title='bbox 1665 1724 1778 1785; x_wconf 78' lang='grc' dir='ltr'>οἷον</span> <span class='ocrx_word' id='word_1_200' title='bbox 1829 1729 1919 1784; x_wconf 66' lang='grc' dir='ltr'><strong>καὶ</strong></span> 
     </span>
    </p>
   </div>
   <div class='ocr_carea' id='block_1_33' title="bbox 2022 1724 3615 1833">
    <p class='ocr_par' dir='ltr' id='par_1_33' title="bbox 2027 1736 3615 1807">
     <span class='ocr_line' id='line_1_33' title="bbox 2027 1736 3615 1807; baseline 0.001 -17"><span class='ocrx_word' id='word_1_201' title='bbox 2027 1736 2114 1792; x_wconf 89' lang='lat' dir='ltr'><strong>nis</strong></span> <span class='ocrx_word' id='word_1_202' title='bbox 2147 1747 2341 1793; x_wconf 58' lang='lat' dir='ltr'><strong>vestra</strong></span> <span class='ocrx_word' id='word_1_203' title='bbox 2365 1738 2751 1801; x_wconf 86' lang='lat' dir='ltr'><strong>reverentiam,</strong></span> <span class='ocrx_word' id='word_1_204' title='bbox 2776 1747 2982 1807; x_wconf 85' lang='lat' dir='ltr'><strong>quanta</strong></span> <span class='ocrx_word' id='word_1_205' title='bbox 3005 1738 3113 1792; x_wconf 88' lang='lat' dir='ltr'><strong>illis</strong></span> <span class='ocrx_word' id='word_1_206' title='bbox 3135 1737 3397 1792; x_wconf 85' lang='lat' dir='ltr'><strong>debeatur</strong></span> <span class='ocrx_word' id='word_1_207' title='bbox 3432 1752 3615 1806; x_wconf 87' lang='lat' dir='ltr'><strong>repre-</strong></span> 
     </span>
    </p>
   </div>
   <div class='ocr_carea' id='block_1_34' title="bbox 339 1824 1921 1905">
    <p class='ocr_par' dir='ltr' id='par_1_34' title="bbox 339 1824 1921 1905">
     <span class='ocr_line' id='line_1_34' title="bbox 339 1824 1921 1905; baseline -0.009 -15"><span class='ocrx_word' id='word_1_208' title='bbox 339 1835 665 1905; x_wconf 76' lang='grc' dir='ltr'>ὲξήκουσται</span> <span class='ocrx_word' id='word_1_209' title='bbox 692 1832 861 1887; x_wconf 73' lang='grc' dir='ltr'>ἅπασι</span> <span class='ocrx_word' id='word_1_210' title='bbox 897 1846 912 1861; x_wconf 81' lang='grc' dir='ltr'><strong>ο</strong></span> <span class='ocrx_word' id='word_1_211' title='bbox 938 1829 1035 1882; x_wconf 86' lang='grc' dir='ltr'><strong>τοῦ</strong></span> <span class='ocrx_word' id='word_1_212' title='bbox 1064 1826 1272 1897; x_wconf 80' lang='grc' dir='ltr'>ἀγαθοῦ</span> <span class='ocrx_word' id='word_1_213' title='bbox 1297 1824 1433 1879; x_wconf 82' lang='grc' dir='ltr'>Θεοῦ</span> <span class='ocrx_word' id='word_1_214' title='bbox 1457 1825 1522 1878; x_wconf 78' lang='grc' dir='ltr'>ὲκ</span> <span class='ocrx_word' id='word_1_215' title='bbox 1560 1824 1738 1879; x_wconf 84' lang='grc' dir='ltr'>ποδῶν</span> <span class='ocrx_word' id='word_1_216' title='bbox 1766 1824 1921 1895; x_wconf 81' lang='grc' dir='ltr'>ποιή·</span> 
     </span>
    </p>
   </div>
   <div class='ocr_carea' id='block_1_35' title="bbox 338 1912 1919 1991">
    <p class='ocr_par' dir='ltr' id='par_1_35' title="bbox 338 1912 1919 1991">
     <span class='ocr_line' id='line_1_35' title="bbox 338 1912 1919 1991; baseline -0.009 -12"><span class='ocrx_word' id='word_1_217' title='bbox 338 1941 530 1987; x_wconf 88' lang='grc' dir='ltr'>σαντος</span> <span class='ocrx_word' id='word_1_218' title='bbox 560 1922 653 1976; x_wconf 83' lang='grc' dir='ltr'>τὸν</span> <span class='ocrx_word' id='word_1_219' title='bbox 681 1921 956 1991; x_wconf 85' lang='grc' dir='ltr'>ἀλιτήριον</span> <span class='ocrx_word' id='word_1_220' title='bbox 982 1918 1276 1989; x_wconf 83' lang='grc' dir='ltr'>δράκοντα,</span> <span class='ocrx_word' id='word_1_221' title='bbox 1301 1915 1395 1969; x_wconf 89' lang='grc' dir='ltr'><strong>καί</strong></span> <span class='ocrx_word' id='word_1_222' title='bbox 1444 1931 1508 1984; x_wconf 88' lang='grc' dir='ltr'><strong>γε</strong></span> <span class='ocrx_word' id='word_1_223' title='bbox 1530 1912 1751 1985; x_wconf 84' lang='grc' dir='ltr'>θανάτῳ</span> <span class='ocrx_word' id='word_1_224' title='bbox 1771 1913 1919 1977; x_wconf 76' lang='grc' dir='ltr'>ἐξαι-</span> 
     </span>
    </p>
   </div>
   <div class='ocr_carea' id='block_1_36' title="bbox 339 2002 1921 2085">
    <p class='ocr_par' dir='ltr' id='par_1_36' title="bbox 339 2002 1921 2085">
     <span class='ocr_line' id='line_1_36' title="bbox 339 2002 1921 2085; baseline -0.008 -18"><span class='ocrx_word' id='word_1_225' title='bbox 339 2015 440 2085; x_wconf 82' lang='grc' dir='ltr'>σίῳ</span> <span class='ocrx_word' id='word_1_226' title='bbox 472 2014 565 2065; x_wconf 77' lang='grc' dir='ltr'><strong>καὶ</strong></span> <span class='ocrx_word' id='word_1_227' title='bbox 588 2009 688 2080; x_wconf 83' lang='grc' dir='ltr'>τῆς</span> <span class='ocrx_word' id='word_1_228' title='bbox 712 2008 1051 2070; x_wconf 85' lang='grc' dir='ltr'>ἀποστασίας</span> <span class='ocrx_word' id='word_1_229' title='bbox 1079 2005 1293 2075; x_wconf 79' lang='grc' dir='ltr'>ὲνδίκῳ.</span> <span class='ocrx_word' id='word_1_230' title='bbox 1328 2003 1404 2058; x_wconf 82' lang='grc' dir='ltr'><strong>Οὐ</strong></span> <span class='ocrx_word' id='word_1_231' title='bbox 1437 2003 1546 2075; x_wconf 85' lang='grc' dir='ltr'>μὴν</span> <span class='ocrx_word' id='word_1_232' title='bbox 1573 2003 1645 2057; x_wconf 82' lang='grc' dir='ltr'><strong>τὰ</strong></span> <span class='ocrx_word' id='word_1_233' title='bbox 1671 2002 1921 2075; x_wconf 84' lang='grc' dir='ltr'>παρόντα</span> 
     </span>
    </p>
   </div>
   <div class='ocr_carea' id='block_1_37' title="bbox 335 2094 1919 2169">
    <p class='ocr_par' dir='ltr' id='par_1_37' title="bbox 335 2094 1919 2169">
     <span class='ocr_line' id='line_1_37' title="bbox 335 2094 1919 2169; baseline -0.008 -9"><span class='ocrx_word' id='word_1_234' title='bbox 335 2106 522 2169; x_wconf 88' lang='grc' dir='ltr'>καθὼς</span> <span class='ocrx_word' id='word_1_235' title='bbox 551 2100 863 2157; x_wconf 82' lang='grc' dir='ltr'>ὑπετόπασέ</span> <span class='ocrx_word' id='word_1_236' title='bbox 894 2117 1030 2162; x_wconf 88' lang='grc' dir='ltr'>πως.</span> <span class='ocrx_word' id='word_1_237' title='bbox 1064 2099 1189 2153; x_wconf 70' lang='grc' dir='ltr'>Ὀτι</span> <span class='ocrx_word' id='word_1_238' title='bbox 1216 2098 1245 2151; x_wconf 83' lang='grc' dir='ltr'>ὁ</span> <span class='ocrx_word' id='word_1_239' title='bbox 1270 2095 1369 2168; x_wconf 79' lang='grc' dir='ltr'><strong>μὲν</strong></span> <span class='ocrx_word' id='word_1_240' title='bbox 1394 2095 1605 2169; x_wconf 84' lang='grc' dir='ltr'>χειμὼν</span> <span class='ocrx_word' id='word_1_241' title='bbox 1639 2094 1919 2167; x_wconf 73' lang='grc' dir='ltr'>παρῆλθεν</span> 
     </span>
    </p>
   </div>
   <div class='ocr_carea' id='block_1_38' title="bbox 335 2186 1919 2262">
    <p class='ocr_par' dir='ltr' id='par_1_38' title="bbox 335 2186 1919 2262">
     <span class='ocr_line' id='line_1_38' title="bbox 335 2186 1919 2262; baseline -0.006 -11"><span class='ocrx_word' id='word_1_242' title='bbox 335 2196 560 2252; x_wconf 61' lang='lat' dir='ltr'><strong>om:th</strong></span> <span class='ocrx_word' id='word_1_243' title='bbox 590 2195 646 2248; x_wconf 84' lang='grc' dir='ltr'>δὲ</span> <span class='ocrx_word' id='word_1_244' title='bbox 678 2193 740 2246; x_wconf 84' lang='grc' dir='ltr'><strong>τὸ</strong></span> <span class='ocrx_word' id='word_1_245' title='bbox 762 2190 1099 2262; x_wconf 84' lang='grc' dir='ltr'>ποθούμενον</span> <span class='ocrx_word' id='word_1_246' title='bbox 1126 2190 1228 2262; x_wconf 78' lang='grc' dir='ltr'>ἔαρ</span> <span class='ocrx_word' id='word_1_247' title='bbox 1255 2208 1269 2223; x_wconf 76' lang='grc'><em>’</em></span> <span class='ocrx_word' id='word_1_248' title='bbox 1301 2190 1333 2261; x_wconf 83' lang='grc' dir='ltr'>ἢ</span> <span class='ocrx_word' id='word_1_249' title='bbox 1383 2190 1507 2244; x_wconf 83' lang='grc' dir='ltr'>ὅσον</span> <span class='ocrx_word' id='word_1_250' title='bbox 1531 2187 1749 2258; x_wconf 79' lang='grc' dir='ltr'>αἰθρίαν</span> <span class='ocrx_word' id='word_1_251' title='bbox 1793 2186 1919 2241; x_wconf 83' lang='grc' dir='ltr'>τινὰ</span> 
     </span>
    </p>
   </div>
   <div class='ocr_carea' id='block_1_39' title="bbox 338 2280 1920 2357">
    <p class='ocr_par' dir='ltr' id='par_1_39' title="bbox 338 2280 1920 2357">
     <span class='ocr_line' id='line_1_39' title="bbox 338 2280 1920 2357; baseline -0.008 -12"><span class='ocrx_word' id='word_1_252' title='bbox 338 2290 677 2357; x_wconf 83' lang='grc' dir='ltr'>ὑπαυγάσαι,</span> <span class='ocrx_word' id='word_1_253' title='bbox 714 2286 809 2339; x_wconf 65' lang='grc' dir='ltr'><strong>καλ⁸</strong></span> <span class='ocrx_word' id='word_1_254' title='bbox 836 2284 996 2355; x_wconf 86' lang='grc' dir='ltr'>τήνδε</span> <span class='ocrx_word' id='word_1_255' title='bbox 1025 2283 1114 2338; x_wconf 65' lang='lat' dir='ltr'><strong>se</strong></span> <span class='ocrx_word' id='word_1_256' title='bbox 1143 2284 1202 2337; x_wconf 84' lang='grc' dir='ltr'><strong>τὸ</strong></span> <span class='ocrx_word' id='word_1_257' title='bbox 1231 2284 1329 2337; x_wconf 85' lang='grc' dir='ltr'>ἀπ’</span> <span class='ocrx_word' id='word_1_258' title='bbox 1354 2281 1485 2352; x_wconf 76' lang='grc' dir='ltr'>ἠοῦς</span> <span class='ocrx_word' id='word_1_259' title='bbox 1543 2280 1726 2351; x_wconf 83' lang='grc' dir='ltr'>νέφος.</span> <span class='ocrx_word' id='word_1_260' title='bbox 1793 2281 1920 2352; x_wconf 77' lang='grc' dir='ltr'><strong>Ἀρ-</strong></span> 
     </span>
    </p>
   </div>
   <div class='ocr_carea' id='block_1_40' title="bbox 338 2371 1916 2451">
    <p class='ocr_par' dir='ltr' id='par_1_40' title="bbox 338 2371 1916 2451">
     <span class='ocr_line' id='line_1_40' title="bbox 338 2371 1916 2451; baseline -0.007 -14"><span class='ocrx_word' id='word_1_261' title='bbox 338 2385 458 2439; x_wconf 85' lang='grc' dir='ltr'>κεῖν</span> <span class='ocrx_word' id='word_1_262' title='bbox 482 2383 592 2451; x_wconf 79' lang='grc' dir='ltr'><strong>γὰρ</strong></span> <span class='ocrx_word' id='word_1_263' title='bbox 622 2376 869 2447; x_wconf 83' lang='grc' dir='ltr'>ἡγοῦμαι</span> <span class='ocrx_word' id='word_1_264' title='bbox 903 2377 999 2430; x_wconf 66' lang='grc' dir='ltr'><strong>ἐπὶ</strong></span> <span class='ocrx_word' id='word_1_265' title='bbox 1026 2376 1125 2447; x_wconf 82' lang='grc' dir='ltr'>τῆς</span> <span class='ocrx_word' id='word_1_266' title='bbox 1149 2376 1360 2439; x_wconf 87' lang='grc' dir='ltr'>εἰκόνος</span> <span class='ocrx_word' id='word_1_267' title='bbox 1384 2377 1546 2430; x_wconf 76' lang='grc' dir='ltr'>ἐᾶσαι</span> <span class='ocrx_word' id='word_1_268' title='bbox 1588 2372 1681 2427; x_wconf 73' lang='grc' dir='ltr'>τὸν</span> <span class='ocrx_word' id='word_1_269' title='bbox 1734 2371 1916 2441; x_wconf 87' lang='grc' dir='ltr'>λόγον,</span> 
     </span>
    </p>
   </div>
   <div class='ocr_carea' id='block_1_41' title="bbox 340 2464 1916 2547">
    <p class='ocr_par' dir='ltr' id='par_1_41' title="bbox 340 2464 1916 2547">
     <span class='ocr_line' id='line_1_41' title="bbox 340 2464 1916 2547; baseline -0.009 -20"><span class='ocrx_word' id='word_1_270' title='bbox 340 2475 483 2547; x_wconf 78' lang='grc' dir='ltr'>μήτε</span> <span class='ocrx_word' id='word_1_271' title='bbox 510 2476 609 2542; x_wconf 84' lang='grc' dir='ltr'><strong>τῆς</strong></span> <span class='ocrx_word' id='word_1_272' title='bbox 640 2469 795 2540; x_wconf 83' lang='grc' dir='ltr'>ὑμῶν</span> <span class='ocrx_word' id='word_1_273' title='bbox 826 2467 1183 2538; x_wconf 78' lang='grc' dir='ltr'>μεγαλονοίας</span> <span class='ocrx_word' id='word_1_274' title='bbox 1213 2466 1539 2538; x_wconf 83' lang='grc' dir='ltr'>ὲνδεομένης</span> <span class='ocrx_word' id='word_1_275' title='bbox 1585 2464 1879 2536; x_wconf 86' lang='grc' dir='ltr'>μαθήσεως</span> <span class='ocrx_word' id='word_1_276' title='bbox 1900 2480 1916 2512; x_wconf 59' lang='lat'>9</span> 
     </span>
    </p>
   </div>
   <div class='ocr_carea' id='block_1_42' title="bbox 343 2556 1911 2639">
    <p class='ocr_par' dir='ltr' id='par_1_42' title="bbox 343 2556 1911 2639">
     <span class='ocr_line' id='line_1_42' title="bbox 343 2556 1911 2639; baseline -0.007 -19"><span class='ocrx_word' id='word_1_277' title='bbox 343 2569 468 2639; x_wconf 79' lang='grc' dir='ltr'>μήτ’</span> <span class='ocrx_word' id='word_1_278' title='bbox 497 2564 565 2619; x_wconf 75' lang='grc' dir='ltr'><strong>αὖ</strong></span> <span class='ocrx_word' id='word_1_279' title='bbox 595 2562 687 2618; x_wconf 90' lang='grc' dir='ltr'><strong>τοῦ</strong></span> <span class='ocrx_word' id='word_1_280' title='bbox 730 2559 923 2632; x_wconf 89' lang='grc' dir='ltr'>καιροῦ</span> <span class='ocrx_word' id='word_1_281' title='bbox 946 2557 1336 2629; x_wconf 75' lang='grc' dir='ltr'>ἐπιτρέποντος</span> <span class='ocrx_word' id='word_1_282' title='bbox 1363 2558 1531 2627; x_wconf 78' lang='grc' dir='ltr'>φαίην</span> <span class='ocrx_word' id='word_1_283' title='bbox 1558 2556 1911 2626; x_wconf 81' lang='grc' dir='ltr'>ἐκδηλότερα.</span> 
     </span>
    </p>
   </div>
   <div class='ocr_carea' id='block_1_43' title="bbox 340 2646 1919 2729">
    <p class='ocr_par' dir='ltr' id='par_1_43' title="bbox 340 2646 1919 2729">
     <span class='ocr_line' id='line_1_43' title="bbox 340 2646 1919 2729; baseline -0.009 -16"><span class='ocrx_word' id='word_1_284' title='bbox 340 2654 419 2713; x_wconf 67' lang='grc' dir='ltr'>υἷι</span> <span class='ocrx_word' id='word_1_285' title='bbox 447 2658 606 2729; x_wconf 83' lang='grc' dir='ltr'>χάριν</span> <span class='ocrx_word' id='word_1_286' title='bbox 631 2655 726 2709; x_wconf 79' lang='grc' dir='ltr'><strong>καὶ</strong></span> <span class='ocrx_word' id='word_1_287' title='bbox 754 2655 812 2708; x_wconf 84' lang='grc' dir='ltr'><strong>αἰ</strong></span> <span class='ocrx_word' id='word_1_288' title='bbox 842 2653 984 2723; x_wconf 86' lang='grc' dir='ltr'><strong>ἰεραί</strong></span> <span class='ocrx_word' id='word_1_289' title='bbox 1003 2650 1159 2722; x_wconf 83' lang='grc' dir='ltr'>ὑμῶν</span> <span class='ocrx_word' id='word_1_290' title='bbox 1188 2653 1409 2723; x_wconf 85' lang='grc' dir='ltr'>κεραῖαι</span> <span class='ocrx_word' id='word_1_291' title='bbox 1435 2648 1767 2703; x_wconf 86' lang='grc' dir='ltr'>ἁνεπίδοτοι.</span> <span class='ocrx_word' id='word_1_292' title='bbox 1794 2646 1919 2711; x_wconf 85' lang='grc' dir='ltr'>Πῶς</span> 
     </span>
    </p>
   </div>
   <div class='ocr_carea' id='block_1_44' title="bbox 340 2733 1918 2822">
    <p class='ocr_par' dir='ltr' id='par_1_44' title="bbox 340 2733 1918 2822">
     <span class='ocr_line' id='line_1_44' title="bbox 340 2733 1918 2822; baseline -0.009 -17"><span class='ocrx_word' id='word_1_293' title='bbox 340 2752 450 2822; x_wconf 83' lang='grc' dir='ltr'>γὰρ</span> <span class='ocrx_word' id='word_1_294' title='bbox 475 2751 540 2803; x_wconf 84' lang='grc' dir='ltr'><strong>ἂν</strong></span> <span class='ocrx_word' id='word_1_295' title='bbox 567 2748 661 2802; x_wconf 75' lang='grc' dir='ltr'>καὶ</span> <span class='ocrx_word' id='word_1_296' title='bbox 690 2746 1045 2816; x_wconf 79' lang='grc' dir='ltr'>ὲπεδόθησαν,</span> <span class='ocrx_word' id='word_1_297' title='bbox 1074 2744 1230 2815; x_wconf 84' lang='grc' dir='ltr'>ήμῶν</span> <span class='ocrx_word' id='word_1_298' title='bbox 1256 2743 1365 2796; x_wconf 90' lang='grc' dir='ltr'><strong>τῶν</strong></span> <span class='ocrx_word' id='word_1_299' title='bbox 1394 2740 1629 2794; x_wconf 83' lang='grc' dir='ltr'>εὐτελῶν</span> <span class='ocrx_word' id='word_1_300' title='bbox 1656 2733 1758 2793; x_wconf 78' lang='grc' dir='ltr'>ὧδέ</span> <span class='ocrx_word' id='word_1_301' title='bbox 1809 2756 1918 2791; x_wconf 90' lang='grc' dir='ltr'><strong>που</strong></span> 
     </span>
    </p>
   </div>
   <div class='ocr_carea' id='block_1_45' title="bbox 341 2828 1921 2913">
    <p class='ocr_par' dir='ltr' id='par_1_45' title="bbox 341 2828 1921 2913">
     <span class='ocr_line' id='line_1_45' title="bbox 341 2828 1921 2913; baseline -0.008 -19"><span class='ocrx_word' id='word_1_302' title='bbox 341 2838 679 2913; x_wconf 66' lang='grc' dir='ltr'>πορρωτέρω</span> <span class='ocrx_word' id='word_1_303' title='bbox 708 2836 802 2889; x_wconf 88' lang='grc' dir='ltr'><strong>τοῦ</strong></span> <span class='ocrx_word' id='word_1_304' title='bbox 828 2834 1021 2897; x_wconf 72' lang='grc' dir='ltr'>ἄστεος</span> <span class='ocrx_word' id='word_1_305' title='bbox 1051 2830 1545 2906; x_wconf 79' lang='grc' dir='ltr'>παρερριμμένων·</span> <span class='ocrx_word' id='word_1_306' title='bbox 1580 2829 1770 2900; x_wconf 82' lang='grc' dir='ltr'>ὥσπερ</span> <span class='ocrx_word' id='word_1_307' title='bbox 1825 2828 1921 2881; x_wconf 80' lang='grc' dir='ltr'><strong>καὶ</strong></span> 
     </span>
    </p>
   </div>
   <div class='ocr_carea' id='block_1_46' title="bbox 340 2920 1920 3001">
    <p class='ocr_par' dir='ltr' id='par_1_46' title="bbox 340 2920 1920 3001">
     <span class='ocr_line' id='line_1_46' title="bbox 340 2920 1920 3001; baseline -0.009 -13"><span class='ocrx_word' id='word_1_308' title='bbox 340 2936 519 2990; x_wconf 55' lang='grc' dir='ltr'>ἄλλων</span> <span class='ocrx_word' id='word_1_309' title='bbox 562 2929 770 3001; x_wconf 82' lang='grc' dir='ltr'>ἀλλαχῆ</span> <span class='ocrx_word' id='word_1_310' title='bbox 814 2927 923 2982; x_wconf 90' lang='grc' dir='ltr'><strong>τῶν</strong></span> <span class='ocrx_word' id='word_1_311' title='bbox 973 2925 1349 2995; x_wconf 85' lang='grc' dir='ltr'>δεδιωγμένων</span> <span class='ocrx_word' id='word_1_312' title='bbox 1370 2942 1385 2991; x_wconf 90' lang='grc'><strong>;</strong></span> <span class='ocrx_word' id='word_1_313' title='bbox 1409 2924 1522 2978; x_wconf 75' lang='grc' dir='ltr'>Καὶ</span> <span class='ocrx_word' id='word_1_314' title='bbox 1548 2922 1679 2992; x_wconf 90' lang='grc' dir='ltr'>γοῦν</span> <span class='ocrx_word' id='word_1_315' title='bbox 1704 2922 1798 2975; x_wconf 80' lang='grc' dir='ltr'>καὶ</span> <span class='ocrx_word' id='word_1_316' title='bbox 1827 2920 1920 2973; x_wconf 89' lang='grc' dir='ltr'>λο-</span> 
     </span>
    </p>
   </div>
   <div class='ocr_carea' id='block_1_47' title="bbox 339 3014 1921 3095">
    <p class='ocr_par' dir='ltr' id='par_1_47' title="bbox 339 3014 1921 3095">
     <span class='ocr_line' id='line_1_47' title="bbox 339 3014 1921 3095; baseline -0.008 -17"><span class='ocrx_word' id='word_1_317' title='bbox 339 3023 483 3095; x_wconf 79' lang='grc' dir='ltr'>γίαι,</span> <span class='ocrx_word' id='word_1_318' title='bbox 519 3023 710 3093; x_wconf 86' lang='grc' dir='ltr'>ῶσπερ</span> <span class='ocrx_word' id='word_1_319' title='bbox 733 3019 1061 3089; x_wconf 82' lang='grc' dir='ltr'>ὲποθοῦμεν,</span> <span class='ocrx_word' id='word_1_320' title='bbox 1096 3016 1249 3071; x_wconf 82' lang='grc' dir='ltr'>οῦπω</span> <span class='ocrx_word' id='word_1_321' title='bbox 1280 3017 1530 3086; x_wconf 80' lang='grc' dir='ltr'>ἐγένοντο</span> <span class='ocrx_word' id='word_1_322' title='bbox 1555 3032 1569 3047; x_wconf 76' lang='grc'><strong>⁸</strong></span> <span class='ocrx_word' id='word_1_323' title='bbox 1602 3014 1741 3086; x_wconf 80' lang='grc' dir='ltr'>πλὴν</span> <span class='ocrx_word' id='word_1_324' title='bbox 1762 3015 1795 3082; x_wconf 79' lang='grc' dir='ltr'>ἡ</span> <span class='ocrx_word' id='word_1_325' title='bbox 1827 3030 1921 3081; x_wconf 82' lang='grc' dir='ltr'>γε·</span> 
     </span>
    </p>
   </div>
   <div class='ocr_carea' id='block_1_48' title="bbox 2022 1828 3614 1896">
    <p class='ocr_par' dir='ltr' id='par_1_48' title="bbox 2022 1828 3614 1896">
     <span class='ocr_line' id='line_1_48' title="bbox 2022 1828 3614 1896; baseline -0.001 -13"><span class='ocrx_word' id='word_1_326' title='bbox 2022 1828 2236 1885; x_wconf 85' lang='lat' dir='ltr'><strong>hensio.</strong></span> <span class='ocrx_word' id='word_1_327' title='bbox 2275 1828 2477 1885; x_wconf 82' lang='lat' dir='ltr'><strong>Verum</strong></span> <span class='ocrx_word' id='word_1_328' title='bbox 2509 1830 2625 1887; x_wconf 70' lang='lat' dir='ltr'><strong>haac</strong></span> <span class='ocrx_word' id='word_1_329' title='bbox 2654 1831 2752 1896; x_wconf 92' lang='lat' dir='ltr'><strong>ita,</strong></span> <span class='ocrx_word' id='word_1_330' title='bbox 2775 1838 2833 1883; x_wconf 90' lang='lat' dir='ltr'><strong>ut</strong></span> <span class='ocrx_word' id='word_1_331' title='bbox 2862 1844 3053 1883; x_wconf 76' lang='lat' dir='ltr'><strong>oinues</strong></span> <span class='ocrx_word' id='word_1_332' title='bbox 3084 1828 3402 1893; x_wconf 87' lang='lat' dir='ltr'><strong>audierunt,</strong></span> <span class='ocrx_word' id='word_1_333' title='bbox 3448 1828 3614 1882; x_wconf 90' lang='lat' dir='ltr'><strong>ﬁnem</strong></span> 
     </span>
    </p>
   </div>
   <div class='ocr_carea' id='block_1_49' title="bbox 2020 1920 3607 1992">
    <p class='ocr_par' dir='ltr' id='par_1_49' title="bbox 2020 1920 3607 1992">
     <span class='ocr_line' id='line_1_49' title="bbox 2020 1920 3607 1992; baseline -0.003 -15"><span class='ocrx_word' id='word_1_334' title='bbox 2020 1935 2235 1992; x_wconf 77' lang='lat' dir='ltr'><strong>cepere,</strong></span> <span class='ocrx_word' id='word_1_335' title='bbox 2260 1920 2372 1978; x_wconf 92' lang='lat' dir='ltr'><strong>Deo</strong></span> <span class='ocrx_word' id='word_1_336' title='bbox 2391 1922 2535 1977; x_wconf 88' lang='lat' dir='ltr'><strong>bono</strong></span> <span class='ocrx_word' id='word_1_337' title='bbox 2557 1920 2836 1977; x_wconf 81' lang='lat' dir='ltr'><strong>funestum</strong></span> <span class='ocrx_word' id='word_1_338' title='bbox 2861 1922 3159 1975; x_wconf 87' lang='lat' dir='ltr'><strong>draconem</strong></span> <span class='ocrx_word' id='word_1_339' title='bbox 3182 1920 3607 1986; x_wconf 80' lang='lat' dir='ltr'><strong>exterminante,</strong></span> 
     </span>
    </p>
   </div>
   <div class='ocr_carea' id='block_1_50' title="bbox 2019 2013 3611 2085">
    <p class='ocr_par' dir='ltr' id='par_1_50' title="bbox 2019 2013 3611 2085">
     <span class='ocr_line' id='line_1_50' title="bbox 2019 2013 3611 2085; baseline -0.001 -15"><span class='ocrx_word' id='word_1_340' title='bbox 2019 2023 2075 2070; x_wconf 88' lang='lat' dir='ltr'><strong>et</strong></span> <span class='ocrx_word' id='word_1_341' title='bbox 2125 2014 2349 2085; x_wconf 91' lang='lat' dir='ltr'><strong>quidem</strong></span> <span class='ocrx_word' id='word_1_342' title='bbox 2407 2014 2578 2069; x_wconf 89' lang='lat' dir='ltr'><strong>atroci</strong></span> <span class='ocrx_word' id='word_1_343' title='bbox 2626 2023 2803 2070; x_wconf 90' lang='lat' dir='ltr'><strong>morte</strong></span> <span class='ocrx_word' id='word_1_344' title='bbox 2846 2022 2902 2068; x_wconf 90' lang='lat' dir='ltr'><strong>et</strong></span> <span class='ocrx_word' id='word_1_345' title='bbox 2930 2013 3222 2083; x_wconf 70' lang='lat' dir='ltr'><strong>apostasia:</strong></span> <span class='ocrx_word' id='word_1_346' title='bbox 3252 2022 3611 2082; x_wconf 76' lang='lat' dir='ltr'><strong>congruente.</strong></span> 
     </span>
    </p>
   </div>
   <div class='ocr_carea' id='block_1_51' title="bbox 2020 2105 3616 2177">
    <p class='ocr_par' dir='ltr' id='par_1_51' title="bbox 2020 2105 3616 2177">
     <span class='ocr_line' id='line_1_51' title="bbox 2020 2105 3616 2177; baseline 0 -17"><span class='ocrx_word' id='word_1_347' title='bbox 2020 2105 2132 2163; x_wconf 84' lang='lat' dir='ltr'><strong>Nec</strong></span> <span class='ocrx_word' id='word_1_348' title='bbox 2185 2115 2371 2162; x_wconf 88' lang='lat' dir='ltr'><strong>tamen</strong></span> <span class='ocrx_word' id='word_1_349' title='bbox 2420 2121 2488 2162; x_wconf 91' lang='lat' dir='ltr'><strong>eo</strong></span> <span class='ocrx_word' id='word_1_350' title='bbox 2531 2107 2652 2163; x_wconf 92' lang='lat' dir='ltr'><strong>loco</strong></span> <span class='ocrx_word' id='word_1_351' title='bbox 2704 2114 2834 2162; x_wconf 91' lang='lat' dir='ltr'><strong>sunt</strong></span> <span class='ocrx_word' id='word_1_352' title='bbox 2875 2122 3273 2177; x_wconf 89' lang='lat' dir='ltr'><strong>usquequaque</strong></span> <span class='ocrx_word' id='word_1_353' title='bbox 3321 2107 3616 2176; x_wconf 66' lang='lat' dir='ltr'><strong>praesentia</strong></span> 
     </span>
    </p>
   </div>
   <div class='ocr_carea' id='block_1_52' title="bbox 2021 2196 3614 2268">
    <p class='ocr_par' dir='ltr' id='par_1_52' title="bbox 2021 2196 3614 2268">
     <span class='ocr_line' id='line_1_52' title="bbox 2021 2196 3614 2268; baseline -0.003 -14"><span class='ocrx_word' id='word_1_354' title='bbox 2021 2213 2130 2268; x_wconf 89' lang='lat' dir='ltr'><strong>quo</strong></span> <span class='ocrx_word' id='word_1_355' title='bbox 2166 2199 2483 2267; x_wconf 76' lang='lat' dir='ltr'><strong>suspicatus</strong></span> <span class='ocrx_word' id='word_1_356' title='bbox 2505 2213 2584 2254; x_wconf 88' lang='lat' dir='ltr'><strong>es.</strong></span> <span class='ocrx_word' id='word_1_357' title='bbox 2615 2198 2887 2264; x_wconf 89' lang='lat' dir='ltr'><strong>Quoniam</strong></span> <span class='ocrx_word' id='word_1_358' title='bbox 2919 2197 3096 2253; x_wconf 80' lang='lat' dir='ltr'><strong>hiems</strong></span> <span class='ocrx_word' id='word_1_359' title='bbox 3117 2198 3339 2267; x_wconf 87' lang='lat' dir='ltr'><strong>quidem</strong></span> <span class='ocrx_word' id='word_1_360' title='bbox 3372 2196 3614 2261; x_wconf 88' lang='lat' dir='ltr'><strong>transiit,</strong></span> 
     </span>
    </p>
   </div>
   <div class='ocr_carea' id='block_1_53' title="bbox 2019 2287 3615 2356">
    <p class='ocr_par' dir='ltr' id='par_1_53' title="bbox 2019 2287 3615 2356">
     <span class='ocr_line' id='line_1_53' title="bbox 2019 2287 3615 2356; baseline -0.003 -12"><span class='ocrx_word' id='word_1_361' title='bbox 2019 2289 2266 2344; x_wconf 83' lang='lat' dir='ltr'><strong>nondum</strong></span> <span class='ocrx_word' id='word_1_362' title='bbox 2304 2299 2483 2343; x_wconf 86' lang='lat' dir='ltr'><strong>tamen</strong></span> <span class='ocrx_word' id='word_1_363' title='bbox 2523 2288 2680 2344; x_wconf 87' lang='lat' dir='ltr'><strong>adest</strong></span> <span class='ocrx_word' id='word_1_364' title='bbox 2707 2304 2802 2342; x_wconf 91' lang='lat' dir='ltr'><strong>ver</strong></span> <span class='ocrx_word' id='word_1_365' title='bbox 2834 2296 3175 2356; x_wconf 82' lang='lat' dir='ltr'><strong>exoptatum,</strong></span> <span class='ocrx_word' id='word_1_366' title='bbox 3202 2287 3308 2342; x_wconf 88' lang='lat' dir='ltr'><strong>nisi</strong></span> <span class='ocrx_word' id='word_1_367' title='bbox 3336 2296 3615 2356; x_wconf 86' lang='lat' dir='ltr'><strong>quatenus</strong></span> 
     </span>
    </p>
   </div>
   <div class='ocr_carea' id='block_1_54' title="bbox 2021 2378 3609 2450">
    <p class='ocr_par' dir='ltr' id='par_1_54' title="bbox 2021 2378 3609 2450">
     <span class='ocr_line' id='line_1_54' title="bbox 2021 2378 3609 2450; baseline -0.003 -14"><span class='ocrx_word' id='word_1_368' title='bbox 2021 2381 2290 2437; x_wconf 86' lang='lat' dir='ltr'><strong>serenitas</strong></span> <span class='ocrx_word' id='word_1_369' title='bbox 2323 2380 2572 2449; x_wconf 77' lang='lat' dir='ltr'><strong>quzedam</strong></span> <span class='ocrx_word' id='word_1_370' title='bbox 2604 2380 2847 2450; x_wconf 74' lang='lat' dir='ltr'><strong>aﬂ’ulget,</strong></span> <span class='ocrx_word' id='word_1_371' title='bbox 2883 2390 2939 2436; x_wconf 90' lang='lat' dir='ltr'><strong>et</strong></span> <span class='ocrx_word' id='word_1_372' title='bbox 2971 2380 3086 2436; x_wconf 72' lang='lat' dir='ltr'><strong>lucc</strong></span> <span class='ocrx_word' id='word_1_373' title='bbox 3115 2395 3212 2450; x_wconf 93' lang='lat' dir='ltr'><strong>per</strong></span> <span class='ocrx_word' id='word_1_374' title='bbox 3250 2378 3511 2439; x_wconf 87' lang='lat' dir='ltr'><strong>nebulum</strong></span> <span class='ocrx_word' id='word_1_375' title='bbox 3540 2378 3609 2439; x_wconf 85' lang='lat' dir='ltr'><strong>ab</strong></span> 
     </span>
    </p>
   </div>
   <div class='ocr_carea' id='block_1_55' title="bbox 2020 2470 3613 2542">
    <p class='ocr_par' dir='ltr' id='par_1_55' title="bbox 2020 2470 3613 2542">
     <span class='ocr_line' id='line_1_55' title="bbox 2020 2470 3613 2542; baseline -0.003 -14"><span class='ocrx_word' id='word_1_376' title='bbox 2020 2488 2242 2529; x_wconf 87' lang='lat' dir='ltr'><strong>aurora.</strong></span> <span class='ocrx_word' id='word_1_377' title='bbox 2277 2472 2487 2529; x_wconf 79' lang='lat' dir='ltr'><strong>Sullicit</strong></span> <span class='ocrx_word' id='word_1_378' title='bbox 2525 2473 2694 2539; x_wconf 89' lang='lat' dir='ltr'><strong>enim,</strong></span> <span class='ocrx_word' id='word_1_379' title='bbox 2743 2474 2962 2542; x_wconf 84' lang='lat' dir='ltr'><strong>Opinor,</strong></span> <span class='ocrx_word' id='word_1_380' title='bbox 3012 2472 3253 2540; x_wconf 77' lang='lat' dir='ltr'><strong>imagine</strong></span> <span class='ocrx_word' id='word_1_381' title='bbox 3290 2470 3613 2533; x_wconf 84' lang='lat' dir='ltr'><strong>adumbrari</strong></span> 
     </span>
    </p>
   </div>
   <div class='ocr_carea' id='block_1_56' title="bbox 2019 2562 3613 2635">
    <p class='ocr_par' dir='ltr' id='par_1_56' title="bbox 2019 2562 3613 2635">
     <span class='ocr_line' id='line_1_56' title="bbox 2019 2562 3613 2635; baseline -0.004 -14"><span class='ocrx_word' id='word_1_382' title='bbox 2019 2567 2368 2621; x_wconf 87' lang='lat' dir='ltr'><strong>orationem:</strong></span> <span class='ocrx_word' id='word_1_383' title='bbox 2429 2566 2557 2635; x_wconf 88' lang='lat' dir='ltr'><strong>quia</strong></span> <span class='ocrx_word' id='word_1_384' title='bbox 2590 2581 2691 2620; x_wconf 91' lang='lat' dir='ltr'><strong>nec</strong></span> <span class='ocrx_word' id='word_1_385' title='bbox 2734 2564 2918 2620; x_wconf 87' lang='lat' dir='ltr'><strong>doceri</strong></span> <span class='ocrx_word' id='word_1_386' title='bbox 2958 2577 3098 2633; x_wconf 89' lang='lat' dir='ltr'><strong>opus</strong></span> <span class='ocrx_word' id='word_1_387' title='bbox 3126 2571 3213 2620; x_wconf 88' lang='lat' dir='ltr'><strong>est</strong></span> <span class='ocrx_word' id='word_1_388' title='bbox 3259 2562 3613 2633; x_wconf 86' lang='lat' dir='ltr'><strong>prudentiam</strong></span> 
     </span>
    </p>
   </div>
   <div class='ocr_carea' id='block_1_57' title="bbox 2020 2653 3622 2728">
    <p class='ocr_par' dir='ltr' id='par_1_57' title="bbox 2020 2653 3622 2728">
     <span class='ocr_line' id='line_1_57' title="bbox 2020 2653 3622 2728; baseline -0.004 -15"><span class='ocrx_word' id='word_1_389' title='bbox 2020 2666 2283 2723; x_wconf 82' lang='lat' dir='ltr'><strong>vestram,</strong></span> <span class='ocrx_word' id='word_1_390' title='bbox 2325 2673 2502 2726; x_wconf 91' lang='lat' dir='ltr'><strong>neque</strong></span> <span class='ocrx_word' id='word_1_391' title='bbox 2525 2673 2645 2728; x_wconf 87' lang='lat' dir='ltr'><strong>ego,</strong></span> <span class='ocrx_word' id='word_1_392' title='bbox 2678 2657 2760 2711; x_wconf 89' lang='lat' dir='ltr'><strong>vel</strong></span> <span class='ocrx_word' id='word_1_393' title='bbox 2797 2656 2843 2713; x_wconf 89' lang='lat' dir='ltr'><strong>si</strong></span> <span class='ocrx_word' id='word_1_394' title='bbox 2884 2666 3097 2726; x_wconf 89' lang='lat' dir='ltr'><strong>tempus</strong></span> <span class='ocrx_word' id='word_1_395' title='bbox 3129 2656 3487 2725; x_wconf 82' lang='lat' dir='ltr'><strong>permitteret,</strong></span> <span class='ocrx_word' id='word_1_396' title='bbox 3509 2653 3622 2709; x_wconf 80' lang='lat' dir='ltr'><strong>cla-</strong></span> 
     </span>
    </p>
   </div>
   <div class='ocr_carea' id='block_1_58' title="bbox 2021 2748 3617 2817">
    <p class='ocr_par' dir='ltr' id='par_1_58' title="bbox 2021 2748 3617 2817">
     <span class='ocr_line' id='line_1_58' title="bbox 2021 2748 3617 2817; baseline -0.003 -14"><span class='ocrx_word' id='word_1_397' title='bbox 2021 2749 2167 2803; x_wconf 89' lang='lat' dir='ltr'><strong>riora</strong></span> <span class='ocrx_word' id='word_1_398' title='bbox 2192 2748 2455 2804; x_wconf 88' lang='lat' dir='ltr'><strong>dicerem.</strong></span> <span class='ocrx_word' id='word_1_399' title='bbox 2484 2750 2617 2817; x_wconf 73' lang='lat' dir='ltr'><strong>Qute</strong></span> <span class='ocrx_word' id='word_1_400' title='bbox 2635 2751 2801 2807; x_wconf 88' lang='lat' dir='ltr'><strong>etiam</strong></span> <span class='ocrx_word' id='word_1_401' title='bbox 2829 2764 2994 2809; x_wconf 81' lang='lat' dir='ltr'><strong>causa</strong></span> <span class='ocrx_word' id='word_1_402' title='bbox 3039 2749 3142 2804; x_wconf 81' lang='lat' dir='ltr'><strong>fuit</strong></span> <span class='ocrx_word' id='word_1_403' title='bbox 3187 2764 3289 2811; x_wconf 87' lang='lat' dir='ltr'><strong>cur</strong></span> <span class='ocrx_word' id='word_1_404' title='bbox 3321 2749 3464 2805; x_wconf 87' lang='lat' dir='ltr'><strong>sacri</strong></span> <span class='ocrx_word' id='word_1_405' title='bbox 3494 2749 3617 2817; x_wconf 87' lang='lat' dir='ltr'><strong>api-</strong></span> 
     </span>
    </p>
   </div>
   <div class='ocr_carea' id='block_1_59' title="bbox 2021 2840 3617 2913">
    <p class='ocr_par' dir='ltr' id='par_1_59' title="bbox 2021 2840 3617 2913">
     <span class='ocr_line' id='line_1_59' title="bbox 2021 2840 3617 2913; baseline -0.002 -16"><span class='ocrx_word' id='word_1_406' title='bbox 2021 2856 2111 2897; x_wconf 87' lang='lat' dir='ltr'><strong>ces</strong></span> <span class='ocrx_word' id='word_1_407' title='bbox 2154 2841 2319 2895; x_wconf 88' lang='lat' dir='ltr'><strong>vestri</strong></span> <span class='ocrx_word' id='word_1_408' title='bbox 2376 2843 2698 2912; x_wconf 84' lang='lat' dir='ltr'><strong>erogatione</strong></span> <span class='ocrx_word' id='word_1_409' title='bbox 2748 2842 3112 2913; x_wconf 77' lang='lat' dir='ltr'><strong>pecuniarum</strong></span> <span class='ocrx_word' id='word_1_410' title='bbox 3156 2841 3456 2901; x_wconf 86' lang='lat' dir='ltr'><strong>caruerint.</strong></span> <span class='ocrx_word' id='word_1_411' title='bbox 3514 2840 3617 2908; x_wconf 86' lang='lat' dir='ltr'><strong>Qui</strong></span> 
     </span>
    </p>
   </div>
   <div class='ocr_carea' id='block_1_60' title="bbox 2022 2931 3623 3003">
    <p class='ocr_par' dir='ltr' id='par_1_60' title="bbox 2022 2931 3623 3003">
     <span class='ocr_line' id='line_1_60' title="bbox 2022 2931 3623 3003; baseline 0 -17"><span class='ocrx_word' id='word_1_412' title='bbox 2022 2931 2169 2986; x_wconf 88' lang='lat' dir='ltr'><strong>enim</strong></span> <span class='ocrx_word' id='word_1_413' title='bbox 2200 2932 2347 2986; x_wconf 89' lang='lat' dir='ltr'><strong>illam</strong></span> <span class='ocrx_word' id='word_1_414' title='bbox 2377 2932 2730 3003; x_wconf 80' lang='lat' dir='ltr'><strong>accepissent</strong></span> <span class='ocrx_word' id='word_1_415' title='bbox 2764 2949 2795 2994; x_wconf 92' lang='lat' dir='ltr'><strong>a</strong></span> <span class='ocrx_word' id='word_1_416' title='bbox 2834 2933 2994 2988; x_wconf 88' lang='lat' dir='ltr'><strong>nobis</strong></span> <span class='ocrx_word' id='word_1_417' title='bbox 3022 2933 3225 2991; x_wconf 85' lang='lat' dir='ltr'><strong>nullius</strong></span> <span class='ocrx_word' id='word_1_418' title='bbox 3241 2933 3404 3003; x_wconf 88' lang='lat' dir='ltr'><strong>pretii</strong></span> <span class='ocrx_word' id='word_1_419' title='bbox 3444 2932 3623 2994; x_wconf 89' lang='lat' dir='ltr'><strong>homi-</strong></span> 
     </span>
    </p>
   </div>
   <div class='ocr_carea' id='block_1_61' title="bbox 2023 3022 3624 3094">
    <p class='ocr_par' dir='ltr' id='par_1_61' title="bbox 2023 3022 3624 3094">
     <span class='ocr_line' id='line_1_61' title="bbox 2023 3022 3624 3094; baseline 0.001 -19"><span class='ocrx_word' id='word_1_420' title='bbox 2023 3022 2184 3077; x_wconf 88' lang='lat' dir='ltr'><strong>nibus</strong></span> <span class='ocrx_word' id='word_1_421' title='bbox 2214 3025 2306 3093; x_wconf 88' lang='lat' dir='ltr'><strong>qui</strong></span> <span class='ocrx_word' id='word_1_422' title='bbox 2336 3023 2389 3077; x_wconf 91' lang='lat' dir='ltr'><strong>in</strong></span> <span class='ocrx_word' id='word_1_423' title='bbox 2428 3024 2573 3085; x_wconf 86' lang='lat' dir='ltr'><strong>hunc</strong></span> <span class='ocrx_word' id='word_1_424' title='bbox 2616 3024 2795 3078; x_wconf 92' lang='lat' dir='ltr'><strong>locum</strong></span> <span class='ocrx_word' id='word_1_425' title='bbox 2845 3023 3034 3094; x_wconf 90' lang='lat' dir='ltr'><strong>procul</strong></span> <span class='ocrx_word' id='word_1_426' title='bbox 3061 3024 3129 3085; x_wconf 86' lang='lat' dir='ltr'><strong>ab</strong></span> <span class='ocrx_word' id='word_1_427' title='bbox 3166 3024 3299 3078; x_wconf 87' lang='lat' dir='ltr'><strong>urbe</strong></span> <span class='ocrx_word' id='word_1_428' title='bbox 3326 3023 3487 3093; x_wconf 87' lang='lat' dir='ltr'><strong>ejecti</strong></span> <span class='ocrx_word' id='word_1_429' title='bbox 3527 3038 3624 3076; x_wconf 89' lang='lat' dir='ltr'><strong>su-</strong></span> 
     </span>
    </p>
   </div>
   <div class='ocr_carea' id='block_1_62' title="bbox 268 3108 1919 3189">
    <p class='ocr_par' dir='ltr' id='par_1_62' title="bbox 268 3108 1915 3189">
     <span class='ocr_line' id='line_1_62' title="bbox 268 3108 1915 3189; baseline -0.009 -14"><span class='ocrx_word' id='word_1_430' title='bbox 268 3174 271 3175; x_wconf 65' lang='lat'>,</span> <span class='ocrx_word' id='word_1_431' title='bbox 340 3117 546 3189; x_wconf 80' lang='grc' dir='ltr'>νομένη</span> <span class='ocrx_word' id='word_1_432' title='bbox 574 3117 648 3179; x_wconf 85' lang='grc' dir='ltr'>ὡς</span> <span class='ocrx_word' id='word_1_433' title='bbox 679 3116 737 3168; x_wconf 89' lang='grc' dir='ltr'>ὲν</span> <span class='ocrx_word' id='word_1_434' title='bbox 759 3112 839 3185; x_wconf 82' lang='grc' dir='ltr'>τῷ</span> <span class='ocrx_word' id='word_1_435' title='bbox 887 3110 1231 3183; x_wconf 78' lang='grc' dir='ltr'>ἐμϐολιμαίῳ</span> <span class='ocrx_word' id='word_1_436' title='bbox 1265 3110 1539 3181; x_wconf 85' lang='grc' dir='ltr'>πιττακίῳ</span> <span class='ocrx_word' id='word_1_437' title='bbox 1586 3108 1915 3179; x_wconf 76' lang='grc' dir='ltr'>δεδήλωται-</span> 
     </span>
    </p>
   </div>
   <div class='ocr_carea' id='block_1_63' title="bbox 2022 3108 3620 3189">
    <p class='ocr_par' dir='ltr' id='par_1_63' title="bbox 2025 3113 3620 3184">
     <span class='ocr_line' id='line_1_63' title="bbox 2025 3113 3620 3184; baseline 0.001 -20"><span class='ocrx_word' id='word_1_438' title='bbox 2025 3129 2167 3179; x_wconf 89' lang='lat' dir='ltr'><strong>mus,</strong></span> <span class='ocrx_word' id='word_1_439' title='bbox 2223 3114 2369 3171; x_wconf 87' lang='lat' dir='ltr'><strong>sicut</strong></span> <span class='ocrx_word' id='word_1_440' title='bbox 2404 3122 2459 3168; x_wconf 91' lang='lat' dir='ltr'><strong>et</strong></span> <span class='ocrx_word' id='word_1_441' title='bbox 2518 3114 2627 3168; x_wconf 90' lang='lat' dir='ltr'><strong>alio</strong></span> <span class='ocrx_word' id='word_1_442' title='bbox 2679 3115 2773 3169; x_wconf 89' lang='lat' dir='ltr'><strong>alii</strong></span> <span class='ocrx_word' id='word_1_443' title='bbox 2804 3131 2871 3169; x_wconf 84' lang='lat' dir='ltr'><strong>ex</strong></span> <span class='ocrx_word' id='word_1_444' title='bbox 2910 3113 2979 3169; x_wconf 90' lang='lat' dir='ltr'><strong>iis</strong></span> <span class='ocrx_word' id='word_1_445' title='bbox 3036 3114 3130 3183; x_wconf 91' lang='lat' dir='ltr'><strong>qui</strong></span> <span class='ocrx_word' id='word_1_446' title='bbox 3183 3114 3620 3184; x_wconf 79' lang='lat' dir='ltr'><strong>persecutionem</strong></span> 
     </span>
    </p>
   </div>
   <div class='ocr_carea' id='block_1_64' title="bbox 339 3200 1923 3274">
    <p class='ocr_par' dir='ltr' id='par_1_64' title="bbox 339 3200 1923 3274">
     <span class='ocr_line' id='line_1_64' title="bbox 339 3200 1923 3274; baseline -0.007 -11"><span class='ocrx_word' id='word_1_447' title='bbox 339 3208 452 3263; x_wconf 84' lang='grc' dir='ltr'><strong>τῶν</strong></span> <span class='ocrx_word' id='word_1_448' title='bbox 480 3206 881 3272; x_wconf 78' lang='grc' dir='ltr'>ὲπιδωσάντων,</span> <span class='ocrx_word' id='word_1_449' title='bbox 916 3203 1198 3274; x_wconf 77' lang='grc' dir='ltr'>εἰληφέναι</span> <span class='ocrx_word' id='word_1_450' title='bbox 1235 3203 1437 3273; x_wconf 82' lang='grc' dir='ltr'>μᾶλλον</span> <span class='ocrx_word' id='word_1_451' title='bbox 1467 3202 1500 3273; x_wconf 84' lang='grc' dir='ltr'><strong>ἢ</strong></span> <span class='ocrx_word' id='word_1_452' title='bbox 1528 3201 1796 3273; x_wconf 84' lang='grc' dir='ltr'>προέσθαι</span> <span class='ocrx_word' id='word_1_453' title='bbox 1826 3200 1923 3270; x_wconf 82' lang='grc' dir='ltr'>χά-</span> 
     </span>
    </p>
   </div>
   <div class='ocr_carea' id='block_1_65' title="bbox 343 3290 1922 3373">
    <p class='ocr_par' dir='ltr' id='par_1_65' title="bbox 343 3290 1922 3373">
     <span class='ocr_line' id='line_1_65' title="bbox 343 3290 1922 3373; baseline -0.008 -18"><span class='ocrx_word' id='word_1_454' title='bbox 343 3318 430 3373; x_wconf 91' lang='grc' dir='ltr'><strong>ριν</strong></span> <span class='ocrx_word' id='word_1_455' title='bbox 483 3297 891 3369; x_wconf 77' lang='grc' dir='ltr'>ὁμολογούντων</span> <span class='ocrx_word' id='word_1_456' title='bbox 918 3311 933 3328; x_wconf 79' lang='grc' dir='ltr'><strong>ο</strong></span> <span class='ocrx_word' id='word_1_457' title='bbox 983 3295 1065 3348; x_wconf 80' lang='grc' dir='ltr'>ὅτι</span> <span class='ocrx_word' id='word_1_458' title='bbox 1129 3292 1390 3364; x_wconf 78' lang='grc' dir='ltr'>ἠξίωνται</span> <span class='ocrx_word' id='word_1_459' title='bbox 1457 3291 1743 3346; x_wconf 89' lang='grc' dir='ltr'>κοινωνίαν</span> <span class='ocrx_word' id='word_1_460' title='bbox 1798 3290 1922 3344; x_wconf 72' lang='grc' dir='ltr'>τινὰ</span> 
     </span>
    </p>
   </div>
   <div class='ocr_carea' id='block_1_66' title="bbox 340 3380 1924 3469">
    <p class='ocr_par' dir='ltr' id='par_1_66' title="bbox 340 3380 1924 3469">
     <span class='ocr_line' id='line_1_66' title="bbox 340 3380 1924 3469; baseline -0.012 -16"><span class='ocrx_word' id='word_1_461' title='bbox 340 3401 492 3469; x_wconf 78' lang='grc' dir='ltr'>σχεῖν</span> <span class='ocrx_word' id='word_1_462' title='bbox 511 3400 571 3451; x_wconf 85' lang='grc' dir='ltr'>ὲν</span> <span class='ocrx_word' id='word_1_463' title='bbox 592 3400 705 3460; x_wconf 89' lang='grc' dir='ltr'>τοῖς</span> <span class='ocrx_word' id='word_1_464' title='bbox 731 3394 1058 3465; x_wconf 82' lang='grc' dir='ltr'>ἁγιωτάτοις</span> <span class='ocrx_word' id='word_1_465' title='bbox 1088 3390 1299 3454; x_wconf 86' lang='grc' dir='ltr'>τόποις,</span> <span class='ocrx_word' id='word_1_466' title='bbox 1338 3386 1423 3457; x_wconf 82' lang='grc' dir='ltr'><strong>ἐφ’</strong></span> <span class='ocrx_word' id='word_1_467' title='bbox 1448 3380 1531 3449; x_wconf 72' lang='grc' dir='ltr'>οἷς</span> <span class='ocrx_word' id='word_1_468' title='bbox 1569 3384 1629 3437; x_wconf 88' lang='grc' dir='ltr'><strong>τδ</strong></span> <span class='ocrx_word' id='word_1_469' title='bbox 1656 3383 1799 3455; x_wconf 81' lang='grc' dir='ltr'>μέγα</span> <span class='ocrx_word' id='word_1_470' title='bbox 1824 3382 1924 3459; x_wconf 77' lang='grc' dir='ltr'>τῆς</span> 
     </span>
    </p>
   </div>
   <div class='ocr_carea' id='block_1_67' title="bbox 339 3473 1923 3557">
    <p class='ocr_par' dir='ltr' id='par_1_67' title="bbox 339 3473 1923 3557">
     <span class='ocr_line' id='line_1_67' title="bbox 339 3473 1923 3557; baseline -0.011 -14"><span class='ocrx_word' id='word_1_471' title='bbox 339 3490 622 3552; x_wconf 75' lang='grc' dir='ltr'>εὐσεϐείας</span> <span class='ocrx_word' id='word_1_472' title='bbox 650 3485 989 3555; x_wconf 78' lang='grc' dir='ltr'>ἀπετελέσθη</span> <span class='ocrx_word' id='word_1_473' title='bbox 1045 3484 1369 3557; x_wconf 89' lang='grc' dir='ltr'>μυστήριον,</span> <span class='ocrx_word' id='word_1_474' title='bbox 1395 3477 1529 3541; x_wconf 78' lang='grc' dir='ltr'>Θεὸς</span> <span class='ocrx_word' id='word_1_475' title='bbox 1574 3477 1633 3530; x_wconf 83' lang='grc' dir='ltr'><strong>ὲν</strong></span> <span class='ocrx_word' id='word_1_476' title='bbox 1661 3474 1740 3546; x_wconf 84' lang='grc' dir='ltr'>τῷ</span> <span class='ocrx_word' id='word_1_477' title='bbox 1798 3473 1923 3529; x_wconf 81' lang='grc' dir='ltr'>καθ’</span> 
     </span>
    </p>
   </div>
   <div class='ocr_carea' id='block_1_68' title="bbox 341 3582 897 3653">
    <p class='ocr_par' dir='ltr' id='par_1_68' title="bbox 341 3582 897 3653">
     <span class='ocr_line' id='line_1_68' title="bbox 341 3582 897 3653; baseline 0 -18"><span class='ocrx_word' id='word_1_478' title='bbox 341 3584 492 3653; x_wconf 76' lang='grc' dir='ltr'>ἡμᾶς</span> <span class='ocrx_word' id='word_1_479' title='bbox 525 3582 711 3652; x_wconf 75' lang='grc' dir='ltr'>ὀφθεὶς</span> <span class='ocrx_word' id='word_1_480' title='bbox 745 3582 897 3635; x_wconf 78' lang='grc' dir='ltr'>εῖδει.</span> 
     </span>
    </p>
   </div>
   <div class='ocr_carea' id='block_1_69' title="bbox 2024 3205 3621 3278">
    <p class='ocr_par' dir='ltr' id='par_1_69' title="bbox 2024 3205 3621 3278">
     <span class='ocr_line' id='line_1_69' title="bbox 2024 3205 3621 3278; baseline 0.003 -20"><span class='ocrx_word' id='word_1_481' title='bbox 2024 3213 2155 3258; x_wconf 89' lang='lat' dir='ltr'><strong>sunt</strong></span> <span class='ocrx_word' id='word_1_482' title='bbox 2188 3205 2379 3274; x_wconf 86' lang='lat' dir='ltr'><strong>passi?</strong></span> <span class='ocrx_word' id='word_1_483' title='bbox 2410 3207 2489 3260; x_wconf 87' lang='lat' dir='ltr'><strong>Ita</strong></span> <span class='ocrx_word' id='word_1_484' title='bbox 2515 3223 2583 3262; x_wconf 89' lang='lat' dir='ltr'><strong>ne</strong></span> <span class='ocrx_word' id='word_1_485' title='bbox 2626 3206 2871 3262; x_wconf 83' lang='lat' dir='ltr'><strong>collectae</strong></span> <span class='ocrx_word' id='word_1_486' title='bbox 2905 3206 3124 3278; x_wconf 88' lang='lat' dir='ltr'><strong>quidem</strong></span> <span class='ocrx_word' id='word_1_487' title='bbox 3162 3206 3621 3277; x_wconf 85' lang='lat' dir='ltr'><strong>quemadmodum</strong></span> 
     </span>
    </p>
   </div>
   <div class='ocr_carea' id='block_1_70' title="bbox 2025 3296 3624 3371">
    <p class='ocr_par' dir='ltr' id='par_1_70' title="bbox 2025 3296 3624 3371">
     <span class='ocr_line' id='line_1_70' title="bbox 2025 3296 3624 3371; baseline 0.003 -21"><span class='ocrx_word' id='word_1_488' title='bbox 2025 3296 2381 3365; x_wconf 86' lang='lat' dir='ltr'><strong>onpiebamus</strong></span> <span class='ocrx_word' id='word_1_489' title='bbox 2416 3297 2573 3353; x_wconf 73' lang='lat' dir='ltr'><strong>facta:</strong></span> <span class='ocrx_word' id='word_1_490' title='bbox 2595 3309 2746 3365; x_wconf 86' lang='lat' dir='ltr'><strong>sunt,</strong></span> <span class='ocrx_word' id='word_1_491' title='bbox 2776 3309 2974 3369; x_wconf 84' lang='lat' dir='ltr'><strong>praeter</strong></span> <span class='ocrx_word' id='word_1_492' title='bbox 2996 3317 3117 3354; x_wconf 84' lang='lat' dir='ltr'><strong>eam</strong></span> <span class='ocrx_word' id='word_1_493' title='bbox 3146 3301 3211 3355; x_wconf 90' lang='lat' dir='ltr'><strong>de</strong></span> <span class='ocrx_word' id='word_1_494' title='bbox 3239 3316 3347 3371; x_wconf 88' lang='lat' dir='ltr'><strong>qua</strong></span> <span class='ocrx_word' id='word_1_495' title='bbox 3376 3300 3430 3355; x_wconf 89' lang='lat' dir='ltr'><strong>in</strong></span> <span class='ocrx_word' id='word_1_496' title='bbox 3463 3300 3624 3355; x_wconf 83' lang='lat' dir='ltr'><strong>sche-</strong></span> 
     </span>
    </p>
   </div>
   <div class='ocr_carea' id='block_1_71' title="bbox 2025 3388 3626 3464">
    <p class='ocr_par' dir='ltr' id='par_1_71' title="bbox 2025 3388 3626 3464">
     <span class='ocr_line' id='line_1_71' title="bbox 2025 3388 3626 3464; baseline 0.001 -21"><span class='ocrx_word' id='word_1_497' title='bbox 2025 3388 2091 3443; x_wconf 89' lang='lat' dir='ltr'><strong>da</strong></span> <span class='ocrx_word' id='word_1_498' title='bbox 2141 3390 2335 3449; x_wconf 86' lang='lat' dir='ltr'><strong>litteris</strong></span> <span class='ocrx_word' id='word_1_499' title='bbox 2376 3392 2579 3447; x_wconf 78' lang='lat' dir='ltr'><strong>inserta</strong></span> <span class='ocrx_word' id='word_1_500' title='bbox 2640 3393 2938 3448; x_wconf 88' lang='lat' dir='ltr'><strong>indicatum</strong></span> <span class='ocrx_word' id='word_1_501' title='bbox 2967 3403 3053 3449; x_wconf 86' lang='lat' dir='ltr'><strong>est</strong></span> <span class='ocrx_word' id='word_1_502' title='bbox 3087 3412 3100 3449; x_wconf 90' lang='lat'><strong>:</strong></span> <span class='ocrx_word' id='word_1_503' title='bbox 3136 3394 3205 3449; x_wconf 91' lang='lat' dir='ltr'><strong>iis</strong></span> <span class='ocrx_word' id='word_1_504' title='bbox 3245 3393 3339 3464; x_wconf 88' lang='lat' dir='ltr'><strong>qui</strong></span> <span class='ocrx_word' id='word_1_505' title='bbox 3368 3392 3626 3448; x_wconf 88' lang='lat' dir='ltr'><strong>contule-</strong></span> 
     </span>
    </p>
   </div>
   <div class='ocr_carea' id='block_1_72' title="bbox 2028 3483 3625 3555">
    <p class='ocr_par' dir='ltr' id='par_1_72' title="bbox 2028 3483 3625 3555">
     <span class='ocr_line' id='line_1_72' title="bbox 2028 3483 3625 3555; baseline 0.001 -22"><span class='ocrx_word' id='word_1_506' title='bbox 2028 3489 2178 3545; x_wconf 89' lang='lat' dir='ltr'><strong>runt,</strong></span> <span class='ocrx_word' id='word_1_507' title='bbox 2210 3483 2489 3552; x_wconf 89' lang='lat' dir='ltr'><strong>accepisse</strong></span> <span class='ocrx_word' id='word_1_508' title='bbox 2521 3485 2705 3552; x_wconf 89' lang='lat' dir='ltr'><strong>potius</strong></span> <span class='ocrx_word' id='word_1_509' title='bbox 2739 3485 2969 3553; x_wconf 83' lang='lat' dir='ltr'><strong>gratiam</strong></span> <span class='ocrx_word' id='word_1_510' title='bbox 2998 3500 3163 3555; x_wconf 89' lang='lat' dir='ltr'><strong>quam</strong></span> <span class='ocrx_word' id='word_1_511' title='bbox 3206 3484 3425 3540; x_wconf 86' lang='lat' dir='ltr'><strong>dedisse</strong></span> <span class='ocrx_word' id='word_1_512' title='bbox 3455 3483 3625 3552; x_wconf 86' lang='lat' dir='ltr'><strong>proﬁ-</strong></span> 
     </span>
    </p>
   </div>
   <div class='ocr_carea' id='block_1_73' title="bbox 2032 3573 3625 3648">
    <p class='ocr_par' dir='ltr' id='par_1_73' title="bbox 2032 3573 3625 3648">
     <span class='ocr_line' id='line_1_73' title="bbox 2032 3573 3625 3648; baseline 0 -21"><span class='ocrx_word' id='word_1_513' title='bbox 2032 3574 2313 3642; x_wconf 85' lang='lat' dir='ltr'><strong>tentibus;</strong></span> <span class='ocrx_word' id='word_1_514' title='bbox 2348 3575 2495 3646; x_wconf 85' lang='lat' dir='ltr'><strong>quod</strong></span> <span class='ocrx_word' id='word_1_515' title='bbox 2529 3576 2677 3647; x_wconf 80' lang='lat' dir='ltr'><strong>digni</strong></span> <span class='ocrx_word' id='word_1_516' title='bbox 2731 3576 2938 3632; x_wconf 84' lang='lat' dir='ltr'><strong>fuerint</strong></span> <span class='ocrx_word' id='word_1_517' title='bbox 2964 3577 3058 3648; x_wconf 92' lang='lat' dir='ltr'><strong>qui</strong></span> <span class='ocrx_word' id='word_1_518' title='bbox 3090 3577 3460 3633; x_wconf 85' lang='lat' dir='ltr'><strong>sanctissimis</strong></span> <span class='ocrx_word' id='word_1_519' title='bbox 3489 3573 3625 3637; x_wconf 68' lang='lat' dir='ltr'><strong>locis</strong></span> 
     </span>
    </p>
   </div>
   <div class='ocr_carea' id='block_1_74' title="bbox 344 3659 3628 3746">
    <p class='ocr_par' dir='ltr' id='par_1_74' title="bbox 344 3659 3628 3746">
     <span class='ocr_line' id='line_1_74' title="bbox 344 3659 3628 3746; baseline 0.001 -18"><span class='ocrx_word' id='word_1_520' title='bbox 344 3674 840 3737; x_wconf 86' lang='lat' dir='ltr'><strong>communicarent,</strong></span> <span class='ocrx_word' id='word_1_521' title='bbox 875 3668 930 3723; x_wconf 90' lang='lat' dir='ltr'><strong>in</strong></span> <span class='ocrx_word' id='word_1_522' title='bbox 988 3664 1191 3736; x_wconf 91' lang='lat' dir='ltr'><strong>quibus</strong></span> <span class='ocrx_word' id='word_1_523' title='bbox 1258 3675 1518 3733; x_wconf 83' lang='lat' dir='ltr'><strong>magnum</strong></span> <span class='ocrx_word' id='word_1_524' title='bbox 1572 3659 1793 3730; x_wconf 86' lang='lat' dir='ltr'><strong>pietatis</strong></span> <span class='ocrx_word' id='word_1_525' title='bbox 1857 3663 2181 3735; x_wconf 87' lang='lat' dir='ltr'><strong>mysterium</strong></span> <span class='ocrx_word' id='word_1_526' title='bbox 2214 3674 2501 3736; x_wconf 89' lang='lat' dir='ltr'><strong>peractum</strong></span> <span class='ocrx_word' id='word_1_527' title='bbox 2532 3675 2640 3734; x_wconf 89' lang='lat' dir='ltr'><strong>est,</strong></span> <span class='ocrx_word' id='word_1_528' title='bbox 2694 3668 2841 3725; x_wconf 89' lang='lat' dir='ltr'><strong>Deus</strong></span> <span class='ocrx_word' id='word_1_529' title='bbox 2872 3668 2929 3723; x_wconf 90' lang='lat' dir='ltr'><strong>in</strong></span> <span class='ocrx_word' id='word_1_530' title='bbox 2986 3670 3167 3740; x_wconf 89' lang='lat' dir='ltr'><strong>specie</strong></span> <span class='ocrx_word' id='word_1_531' title='bbox 3203 3679 3391 3729; x_wconf 87' lang='lat' dir='ltr'><strong>nostra</strong></span> <span class='ocrx_word' id='word_1_532' title='bbox 3445 3691 3628 3746; x_wconf 87' lang='lat' dir='ltr'><strong>appa-</strong></span> 
     </span>
    </p>
   </div>
   <div class='ocr_carea' id='block_1_75' title="bbox 345 3778 496 3821">
    <p class='ocr_par' dir='ltr' id='par_1_75' title="bbox 345 3778 496 3821">
     <span class='ocr_line' id='line_1_75' title="bbox 345 3778 496 3821; baseline -0.02 0"><span class='ocrx_word' id='word_1_533' title='bbox 345 3778 496 3821; x_wconf 65' lang='grc'><strong>18123.</strong></span> 
     </span>
    </p>
   </div>
   <div class='ocr_carea' id='block_1_76' title="bbox 418 3892 1919 3976">
    <p class='ocr_par' dir='ltr' id='par_1_76' title="bbox 418 3897 1919 3976">
     <span class='ocr_line' id='line_1_76' title="bbox 418 3897 1919 3976; baseline -0.007 -18"><span class='ocrx_word' id='word_1_534' title='bbox 418 3906 485 3958; x_wconf 81' lang='grc' dir='ltr'><strong>Ὦ</strong></span> <span class='ocrx_word' id='word_1_535' title='bbox 507 3904 602 3958; x_wconf 89' lang='grc' dir='ltr'><strong>τοῦ</strong></span> <span class='ocrx_word' id='word_1_536' title='bbox 626 3902 973 3976; x_wconf 80' lang='grc' dir='ltr'>παναρῤήτου</span> <span class='ocrx_word' id='word_1_537' title='bbox 1004 3898 1315 3970; x_wconf 80' lang='grc' dir='ltr'>θοῦματὸςί</span> <span class='ocrx_word' id='word_1_538' title='bbox 1370 3897 1585 3967; x_wconf 79' lang='grc' dir='ltr'>’Ὁνπερ</span> <span class='ocrx_word' id='word_1_539' title='bbox 1614 3897 1919 3967; x_wconf 78' lang='grc' dir='ltr'>ἐγγεγραμ‹</span> 
     </span>
    </p>
   </div>
   <div class='ocr_carea' id='block_1_77' title="bbox 2022 3892 3625 3976">
    <p class='ocr_par' dir='ltr' id='par_1_77' title="bbox 2101 3892 3625 3971">
     <span class='ocr_line' id='line_1_77' title="bbox 2101 3892 3625 3971; baseline 0.004 -20"><span class='ocrx_word' id='word_1_540' title='bbox 2101 3892 2146 3951; x_wconf 93' lang='grc' dir='ltr'><strong>Ο</strong></span> <span class='ocrx_word' id='word_1_541' title='bbox 2184 3894 2463 3950; x_wconf 83' lang='lat' dir='ltr'><strong>ineffabile</strong></span> <span class='ocrx_word' id='word_1_542' title='bbox 2489 3910 2727 3966; x_wconf 88' lang='lat' dir='ltr'><strong>prorsus</strong></span> <span class='ocrx_word' id='word_1_543' title='bbox 2776 3897 3108 3953; x_wconf 88' lang='lat' dir='ltr'><strong>miraculum</strong></span> <span class='ocrx_word' id='word_1_544' title='bbox 3136 3899 3149 3953; x_wconf 91' lang='lat' dir='ltr'><strong>l</strong></span> <span class='ocrx_word' id='word_1_545' title='bbox 3182 3899 3356 3966; x_wconf 85' lang='lat' dir='ltr'><strong>Quem</strong></span> <span class='ocrx_word' id='word_1_546' title='bbox 3400 3902 3625 3971; x_wconf 88' lang='lat' dir='ltr'><strong>quidem</strong></span> 
     </span>
    </p>
   </div>
   <div class='ocr_carea' id='block_1_78' title="bbox 350 3986 1919 4069">
    <p class='ocr_par' dir='ltr' id='par_1_78' title="bbox 350 3986 1919 4069">
     <span class='ocr_line' id='line_1_78' title="bbox 350 3986 1919 4069; baseline -0.008 -19"><span class='ocrx_word' id='word_1_547' title='bbox 350 3997 512 4069; x_wconf 70' lang='grc' dir='ltr'>μένον</span> <span class='ocrx_word' id='word_1_548' title='bbox 535 3997 637 4049; x_wconf 84' lang='grc' dir='ltr'><strong>κάν</strong></span> <span class='ocrx_word' id='word_1_549' title='bbox 662 3997 728 4066; x_wconf 85' lang='grc' dir='ltr'>τῇ</span> <span class='ocrx_word' id='word_1_550' title='bbox 768 3995 984 4065; x_wconf 78' lang='grc' dir='ltr'>Γραφῇ,</span> <span class='ocrx_word' id='word_1_551' title='bbox 1016 3989 1536 4063; x_wconf 81' lang='grc' dir='ltr'>πατροπαραδότως,</span> <span class='ocrx_word' id='word_1_552' title='bbox 1569 3988 1691 4060; x_wconf 81' lang='grc' dir='ltr'>ήτοι</span> <span class='ocrx_word' id='word_1_553' title='bbox 1728 3986 1919 4056; x_wconf 89' lang='grc' dir='ltr'>θεοκη-</span> 
     </span>
    </p>
   </div>
   <div class='ocr_carea' id='block_1_79' title="bbox 2022 3986 3625 4069">
    <p class='ocr_par' dir='ltr' id='par_1_79' title="bbox 2027 3987 3625 4060">
     <span class='ocr_line' id='line_1_79' title="bbox 2027 3987 3625 4060; baseline 0.004 -18"><span class='ocrx_word' id='word_1_554' title='bbox 2027 3988 2193 4043; x_wconf 89' lang='lat' dir='ltr'><strong>etiam</strong></span> <span class='ocrx_word' id='word_1_555' title='bbox 2241 3987 2454 4057; x_wconf 83' lang='lat' dir='ltr'><strong>pictura</strong></span> <span class='ocrx_word' id='word_1_556' title='bbox 2506 4003 2855 4057; x_wconf 80' lang='lat' dir='ltr'><strong>expressum,</strong></span> <span class='ocrx_word' id='word_1_557' title='bbox 2905 4000 3140 4060; x_wconf 88' lang='lat' dir='ltr'><strong>paterna</strong></span> <span class='ocrx_word' id='word_1_558' title='bbox 3184 3993 3495 4060; x_wconf 84' lang='lat' dir='ltr'><strong>traditione,</strong></span> <span class='ocrx_word' id='word_1_559' title='bbox 3526 4010 3625 4049; x_wconf 89' lang='lat' dir='ltr'><strong>seu</strong></span> 
     </span>
    </p>
   </div>
   <div class='ocr_carea' id='block_1_80' title="bbox 349 4076 1919 4163">
    <p class='ocr_par' dir='ltr' id='par_1_80' title="bbox 349 4076 1919 4163">
     <span class='ocr_line' id='line_1_80' title="bbox 349 4076 1919 4163; baseline -0.009 -19"><span class='ocrx_word' id='word_1_560' title='bbox 349 4090 586 4163; x_wconf 79' lang='grc' dir='ltr'>ρύκτως,</span> <span class='ocrx_word' id='word_1_561' title='bbox 621 4089 804 4160; x_wconf 78' lang='grc' dir='ltr'>ἡμεῖς,</span> <span class='ocrx_word' id='word_1_562' title='bbox 833 4085 1031 4156; x_wconf 83' lang='grc' dir='ltr'>μᾶλλον</span> <span class='ocrx_word' id='word_1_563' title='bbox 1067 4084 1125 4137; x_wconf 79' lang='grc' dir='ltr'>δὲ</span> <span class='ocrx_word' id='word_1_564' title='bbox 1161 4084 1194 4153; x_wconf 84' lang='grc' dir='ltr'><strong>ἡ</strong></span> <span class='ocrx_word' id='word_1_565' title='bbox 1225 4083 1316 4135; x_wconf 80' lang='grc' dir='ltr'>ὑπ’</span> <span class='ocrx_word' id='word_1_566' title='bbox 1343 4080 1595 4152; x_wconf 77' lang='grc' dir='ltr'>οὐρανὸν,</span> <span class='ocrx_word' id='word_1_567' title='bbox 1630 4076 1919 4149; x_wconf 84' lang='grc' dir='ltr'>ὁμολογοῦ-</span> 
     </span>
    </p>
   </div>
   <div class='ocr_carea' id='block_1_81' title="bbox 2022 4076 3622 4163">
    <p class='ocr_par' dir='ltr' id='par_1_81' title="bbox 2028 4081 3622 4154">
     <span class='ocr_line' id='line_1_81' title="bbox 2028 4081 3622 4154; baseline 0.006 -20"><span class='ocrx_word' id='word_1_568' title='bbox 2028 4081 2213 4151; x_wconf 89' lang='lat' dir='ltr'><strong>potius</strong></span> <span class='ocrx_word' id='word_1_569' title='bbox 2251 4081 2439 4136; x_wconf 87' lang='lat' dir='ltr'><strong>divina</strong></span> <span class='ocrx_word' id='word_1_570' title='bbox 2472 4096 2603 4137; x_wconf 87' lang='lat' dir='ltr'><strong>voce</strong></span> <span class='ocrx_word' id='word_1_571' title='bbox 2627 4096 2750 4146; x_wconf 89' lang='lat' dir='ltr'><strong>nos,</strong></span> <span class='ocrx_word' id='word_1_572' title='bbox 2784 4083 2869 4139; x_wconf 84' lang='lat' dir='ltr'><strong>vel</strong></span> <span class='ocrx_word' id='word_1_573' title='bbox 2905 4084 3089 4154; x_wconf 89' lang='lat' dir='ltr'><strong>potius</strong></span> <span class='ocrx_word' id='word_1_574' title='bbox 3122 4084 3275 4140; x_wconf 88' lang='lat' dir='ltr'><strong>orbis</strong></span> <span class='ocrx_word' id='word_1_575' title='bbox 3307 4087 3622 4152; x_wconf 88' lang='lat' dir='ltr'><strong>universus,</strong></span> 
     </span>
    </p>
   </div>
   <div class='ocr_carea' id='block_1_82' title="bbox 352 4170 1919 4254">
    <p class='ocr_par' dir='ltr' id='par_1_82' title="bbox 352 4170 1919 4254">
     <span class='ocr_line' id='line_1_82' title="bbox 352 4170 1919 4254; baseline -0.008 -19"><span class='ocrx_word' id='word_1_576' title='bbox 352 4182 452 4254; x_wconf 88' lang='grc' dir='ltr'><strong>μέν</strong></span> <span class='ocrx_word' id='word_1_577' title='bbox 502 4198 563 4235; x_wconf 86' lang='grc' dir='ltr'><strong>τε</strong></span> <span class='ocrx_word' id='word_1_578' title='bbox 606 4179 701 4233; x_wconf 76' lang='grc' dir='ltr'><strong>καὶ</strong></span> <span class='ocrx_word' id='word_1_579' title='bbox 744 4174 1179 4248; x_wconf 88' lang='grc' dir='ltr'>προσκυνοῦμεν,</span> <span class='ocrx_word' id='word_1_580' title='bbox 1217 4173 1277 4239; x_wconf 77' lang='grc' dir='ltr'><strong>ἐξ</strong></span> <span class='ocrx_word' id='word_1_581' title='bbox 1307 4174 1477 4242; x_wconf 80' lang='grc' dir='ltr'>αὐτῆς</span> <span class='ocrx_word' id='word_1_582' title='bbox 1525 4171 1776 4243; x_wconf 80' lang='grc' dir='ltr'>βαλϐίδος</span> <span class='ocrx_word' id='word_1_583' title='bbox 1828 4170 1919 4224; x_wconf 90' lang='grc' dir='ltr'><strong>τοῦ</strong></span> 
     </span>
    </p>
   </div>
   <div class='ocr_carea' id='block_1_83' title="bbox 2022 4170 3624 4254">
    <p class='ocr_par' dir='ltr' id='par_1_83' title="bbox 2025 4173 3624 4246">
     <span class='ocr_line' id='line_1_83' title="bbox 2025 4173 3624 4246; baseline 0.004 -19"><span class='ocrx_word' id='word_1_584' title='bbox 2025 4173 2357 4227; x_wconf 88' lang='lat' dir='ltr'><strong>conﬁtemur</strong></span> <span class='ocrx_word' id='word_1_585' title='bbox 2430 4181 2486 4227; x_wconf 89' lang='lat' dir='ltr'><strong>et</strong></span> <span class='ocrx_word' id='word_1_586' title='bbox 2548 4173 2849 4230; x_wconf 84' lang='lat' dir='ltr'><strong>adoramus</strong></span> <span class='ocrx_word' id='word_1_587' title='bbox 2903 4176 2972 4231; x_wconf 86' lang='lat' dir='ltr'><strong>ab</strong></span> <span class='ocrx_word' id='word_1_588' title='bbox 3026 4177 3144 4245; x_wconf 90' lang='lat' dir='ltr'><strong>ipso</strong></span> <span class='ocrx_word' id='word_1_589' title='bbox 3218 4178 3624 4246; x_wconf 83' lang='lat' dir='ltr'><strong>praedicationis</strong></span> 
     </span>
    </p>
   </div>
   <div class='ocr_carea' id='block_1_84' title="bbox 348 4263 1919 4344">
    <p class='ocr_par' dir='ltr' id='par_1_84' title="bbox 348 4263 1919 4344">
     <span class='ocr_line' id='line_1_84' title="bbox 348 4263 1919 4344; baseline -0.008 -16"><span class='ocrx_word' id='word_1_590' title='bbox 348 4271 725 4344; x_wconf 84' lang='grc' dir='ltr'>κηρύγματος.</span> <span class='ocrx_word' id='word_1_591' title='bbox 750 4270 825 4324; x_wconf 80' lang='grc' dir='ltr'><strong>οὐ</strong></span> <span class='ocrx_word' id='word_1_592' title='bbox 846 4268 956 4338; x_wconf 82' lang='grc' dir='ltr'>γὰρ</span> <span class='ocrx_word' id='word_1_593' title='bbox 975 4267 1041 4322; x_wconf 79' lang='grc' dir='ltr'><strong>ἂν</strong></span> <span class='ocrx_word' id='word_1_594' title='bbox 1060 4267 1233 4326; x_wconf 74' lang='grc' dir='ltr'>ἄλλως</span> <span class='ocrx_word' id='word_1_595' title='bbox 1256 4264 1646 4336; x_wconf 85' lang='grc' dir='ltr'>ὁμολογηθεῖεν</span> <span class='ocrx_word' id='word_1_596' title='bbox 1665 4263 1919 4335; x_wconf 80' lang='grc' dir='ltr'>Χριστὸς,</span> 
     </span>
    </p>
   </div>
   <div class='ocr_carea' id='block_1_85' title="bbox 2022 4263 3620 4344">
    <p class='ocr_par' dir='ltr' id='par_1_85' title="bbox 2029 4263 3620 4326">
     <span class='ocr_line' id='line_1_85' title="bbox 2029 4263 3620 4326; baseline 0.005 -7"><span class='ocrx_word' id='word_1_597' title='bbox 2029 4265 2282 4320; x_wconf 81' lang='lat' dir='ltr'><strong>exordio.</strong></span> <span class='ocrx_word' id='word_1_598' title='bbox 2318 4263 2491 4319; x_wconf 85' lang='lat' dir='ltr'><strong>Aliter</strong></span> <span class='ocrx_word' id='word_1_599' title='bbox 2516 4266 2662 4320; x_wconf 89' lang='lat' dir='ltr'><strong>enim</strong></span> <span class='ocrx_word' id='word_1_600' title='bbox 2707 4282 2815 4321; x_wconf 88' lang='lat' dir='ltr'><strong>non</strong></span> <span class='ocrx_word' id='word_1_601' title='bbox 2861 4269 3257 4324; x_wconf 82' lang='lat' dir='ltr'><strong>conﬁteremur</strong></span> <span class='ocrx_word' id='word_1_602' title='bbox 3291 4271 3574 4326; x_wconf 70' lang='lat' dir='ltr'><strong>Christum</strong></span> <span class='ocrx_word' id='word_1_603' title='bbox 3606 4289 3620 4326; x_wconf 87' lang='lat'><strong>:</strong></span> 
     </span>
    </p>
   </div>
   <div class='ocr_carea' id='block_1_86' title="bbox 346 4357 1919 4434">
    <p class='ocr_par' dir='ltr' id='par_1_86' title="bbox 346 4357 1919 4434">
     <span class='ocr_line' id='line_1_86' title="bbox 346 4357 1919 4434; baseline -0.005 -16"><span class='ocrx_word' id='word_1_604' title='bbox 346 4366 424 4428; x_wconf 87' lang='grc' dir='ltr'>ὼς</span> <span class='ocrx_word' id='word_1_605' title='bbox 452 4367 500 4418; x_wconf 88' lang='grc' dir='ltr'>οἰ</span> <span class='ocrx_word' id='word_1_606' title='bbox 534 4361 940 4434; x_wconf 81' lang='grc' dir='ltr'>μακαριώτατοι</span> <span class='ocrx_word' id='word_1_607' title='bbox 969 4360 1249 4415; x_wconf 80' lang='grc' dir='ltr'>διδάσκετε</span> <span class='ocrx_word' id='word_1_608' title='bbox 1270 4399 1285 4424; x_wconf 91' lang='grc'><strong>,</strong></span> <span class='ocrx_word' id='word_1_609' title='bbox 1308 4359 1575 4429; x_wconf 76' lang='grc' dir='ltr'>ἦρνηνται</span> <span class='ocrx_word' id='word_1_610' title='bbox 1597 4357 1657 4410; x_wconf 81' lang='grc' dir='ltr'>δὲ</span> <span class='ocrx_word' id='word_1_611' title='bbox 1697 4357 1919 4411; x_wconf 84' lang='grc' dir='ltr'>Ἰουδαῖ-</span> 
     </span>
    </p>
   </div>
   <div class='ocr_carea' id='block_1_87' title="bbox 2022 4357 3624 4434">
    <p class='ocr_par' dir='ltr' id='par_1_87' title="bbox 2029 4360 3624 4431">
     <span class='ocr_line' id='line_1_87' title="bbox 2029 4360 3624 4431; baseline 0.001 -14"><span class='ocrx_word' id='word_1_612' title='bbox 2029 4361 2172 4417; x_wconf 90' lang='lat' dir='ltr'><strong>sicut</strong></span> <span class='ocrx_word' id='word_1_613' title='bbox 2198 4376 2298 4416; x_wconf 85' lang='lat' dir='ltr'><strong>vos</strong></span> <span class='ocrx_word' id='word_1_614' title='bbox 2333 4360 2638 4415; x_wconf 85' lang='lat' dir='ltr'><strong>beatissimi</strong></span> <span class='ocrx_word' id='word_1_615' title='bbox 2669 4362 2901 4427; x_wconf 89' lang='lat' dir='ltr'><strong>docetis,</strong></span> <span class='ocrx_word' id='word_1_616' title='bbox 2925 4372 3126 4431; x_wconf 88' lang='lat' dir='ltr'><strong>negant</strong></span> <span class='ocrx_word' id='word_1_617' title='bbox 3152 4377 3279 4416; x_wconf 89' lang='lat' dir='ltr'><strong>vero</strong></span> <span class='ocrx_word' id='word_1_618' title='bbox 3308 4361 3624 4418; x_wconf 69' lang='lat' dir='ltr'><strong>Iudaeorum</strong></span> 
     </span>
    </p>
   </div>
   <div class='ocr_carea' id='block_1_88' title="bbox 347 4449 1919 4526">
    <p class='ocr_par' dir='ltr' id='par_1_88' title="bbox 347 4449 1919 4526">
     <span class='ocr_line' id='line_1_88' title="bbox 347 4449 1919 4526; baseline -0.006 -15"><span class='ocrx_word' id='word_1_619' title='bbox 347 4456 463 4515; x_wconf 81' lang='grc' dir='ltr'><strong>κῶς</strong></span> <span class='ocrx_word' id='word_1_620' title='bbox 489 4459 539 4510; x_wconf 88' lang='grc' dir='ltr'>οἰ</span> <span class='ocrx_word' id='word_1_621' title='bbox 568 4456 878 4526; x_wconf 87' lang='grc' dir='ltr'>δυσώνυμοι</span> <span class='ocrx_word' id='word_1_622' title='bbox 924 4453 1304 4523; x_wconf 83' lang='grc' dir='ltr'>Εἰκονομάχοι,</span> <span class='ocrx_word' id='word_1_623' title='bbox 1329 4450 1406 4516; x_wconf 79' lang='grc' dir='ltr'>ὡς</span> <span class='ocrx_word' id='word_1_624' title='bbox 1452 4450 1556 4505; x_wconf 81' lang='grc' dir='ltr'><strong>ὑπὸ</strong></span> <span class='ocrx_word' id='word_1_625' title='bbox 1609 4449 1919 4520; x_wconf 85' lang='grc' dir='ltr'>πνεύματος</span> 
     </span>
    </p>
   </div>
   <div class='ocr_carea' id='block_1_89' title="bbox 2022 4449 3623 4526">
    <p class='ocr_par' dir='ltr' id='par_1_89' title="bbox 2031 4450 3623 4521">
     <span class='ocr_line' id='line_1_89' title="bbox 2031 4450 3623 4521; baseline -0.001 -14"><span class='ocrx_word' id='word_1_626' title='bbox 2031 4466 2186 4507; x_wconf 85' lang='lat' dir='ltr'><strong>more</strong></span> <span class='ocrx_word' id='word_1_627' title='bbox 2241 4451 2588 4507; x_wconf 82' lang='lat' dir='ltr'><strong>detestabiles</strong></span> <span class='ocrx_word' id='word_1_628' title='bbox 2655 4450 3029 4517; x_wconf 89' lang='lat' dir='ltr'><strong>lconomachi,</strong></span> <span class='ocrx_word' id='word_1_629' title='bbox 3098 4464 3358 4521; x_wconf 83' lang='lat' dir='ltr'><strong>tanquam</strong></span> <span class='ocrx_word' id='word_1_630' title='bbox 3405 4467 3436 4506; x_wconf 89' lang='lat' dir='ltr'><strong>a</strong></span> <span class='ocrx_word' id='word_1_631' title='bbox 3475 4451 3623 4506; x_wconf 90' lang='lat' dir='ltr'><strong>malo</strong></span> 
     </span>
    </p>
   </div>
   <div class='ocr_carea' id='block_1_90' title="bbox 348 4541 1919 4621">
    <p class='ocr_par' dir='ltr' id='par_1_90' title="bbox 348 4541 1919 4621">
     <span class='ocr_line' id='line_1_90' title="bbox 348 4541 1919 4621; baseline -0.005 -20"><span class='ocrx_word' id='word_1_632' title='bbox 348 4548 589 4621; x_wconf 81' lang='grc' dir='ltr'>πονηροῦ</span> <span class='ocrx_word' id='word_1_633' title='bbox 614 4546 1018 4618; x_wconf 82' lang='grc' dir='ltr'>ὲνεργούμενοι.</span> <span class='ocrx_word' id='word_1_634' title='bbox 1048 4546 1160 4601; x_wconf 73' lang='grc' dir='ltr'>Καὶ</span> <span class='ocrx_word' id='word_1_635' title='bbox 1192 4543 1251 4597; x_wconf 81' lang='grc' dir='ltr'>ὃν</span> <span class='ocrx_word' id='word_1_636' title='bbox 1280 4546 1402 4607; x_wconf 88' lang='grc' dir='ltr'>ταῖς</span> <span class='ocrx_word' id='word_1_637' title='bbox 1430 4541 1730 4597; x_wconf 84' lang='grc' dir='ltr'>θεοκλινέσι</span> <span class='ocrx_word' id='word_1_638' title='bbox 1758 4557 1919 4611; x_wconf 87' lang='grc' dir='ltr'>προσ-</span> 
     </span>
    </p>
   </div>
   <div class='ocr_carea' id='block_1_91' title="bbox 2022 4541 3621 4621">
    <p class='ocr_par' dir='ltr' id='par_1_91' title="bbox 2033 4543 3621 4615">
     <span class='ocr_line' id='line_1_91' title="bbox 2033 4543 3621 4615; baseline -0.003 -16"><span class='ocrx_word' id='word_1_639' title='bbox 2033 4544 2232 4614; x_wconf 85' lang='lat' dir='ltr'><strong>spiritu</strong></span> <span class='ocrx_word' id='word_1_640' title='bbox 2279 4543 2494 4615; x_wconf 78' lang='lat' dir='ltr'><strong>agitati.</strong></span> <span class='ocrx_word' id='word_1_641' title='bbox 2545 4543 2720 4610; x_wconf 90' lang='lat' dir='ltr'><strong>Quem</strong></span> <span class='ocrx_word' id='word_1_642' title='bbox 2755 4543 2936 4613; x_wconf 88' lang='lat' dir='ltr'><strong>ipsum</strong></span> <span class='ocrx_word' id='word_1_643' title='bbox 2971 4552 3027 4598; x_wconf 94' lang='lat' dir='ltr'><strong>tu</strong></span> <span class='ocrx_word' id='word_1_644' title='bbox 3074 4543 3479 4613; x_wconf 82' lang='lat' dir='ltr'><strong>acceptissimis</strong></span> <span class='ocrx_word' id='word_1_645' title='bbox 3508 4543 3621 4599; x_wconf 88' lang='lat' dir='ltr'><strong>Deo</strong></span> 
     </span>
    </p>
   </div>
   <div class='ocr_carea' id='block_1_92' title="bbox 350 4632 1919 4713">
    <p class='ocr_par' dir='ltr' id='par_1_92' title="bbox 350 4632 1919 4713">
     <span class='ocr_line' id='line_1_92' title="bbox 350 4632 1919 4713; baseline -0.008 -17"><span class='ocrx_word' id='word_1_646' title='bbox 350 4644 537 4713; x_wconf 76' lang='grc' dir='ltr'>ευχαῖς</span> <span class='ocrx_word' id='word_1_647' title='bbox 594 4641 722 4694; x_wconf 76' lang='grc' dir='ltr'>ἵλεω</span> <span class='ocrx_word' id='word_1_648' title='bbox 774 4640 1082 4707; x_wconf 85' lang='grc' dir='ltr'>ποιήσειας,</span> <span class='ocrx_word' id='word_1_649' title='bbox 1117 4632 1163 4691; x_wconf 81' lang='grc' dir='ltr'><strong>ὦ</strong></span> <span class='ocrx_word' id='word_1_650' title='bbox 1197 4636 1318 4689; x_wconf 88' lang='grc' dir='ltr'>θεία</span> <span class='ocrx_word' id='word_1_651' title='bbox 1364 4635 1460 4689; x_wconf 78' lang='grc' dir='ltr'><strong>καὶ</strong></span> <span class='ocrx_word' id='word_1_652' title='bbox 1520 4636 1642 4706; x_wconf 82' lang='grc' dir='ltr'><strong>ἰερὰ</strong></span> <span class='ocrx_word' id='word_1_653' title='bbox 1692 4633 1919 4704; x_wconf 76' lang='grc' dir='ltr'><strong>κεφαλὴ1</strong></span> 
     </span>
    </p>
   </div>
   <div class='ocr_carea' id='block_1_93' title="bbox 2022 4632 3619 4713">
    <p class='ocr_par' dir='ltr' id='par_1_93' title="bbox 2033 4634 3619 4707">
     <span class='ocr_line' id='line_1_93' title="bbox 2033 4634 3619 4707; baseline -0.001 -16"><span class='ocrx_word' id='word_1_654' title='bbox 2033 4636 2289 4707; x_wconf 86' lang='lat' dir='ltr'><strong>precibus</strong></span> <span class='ocrx_word' id='word_1_655' title='bbox 2332 4634 2628 4705; x_wconf 89' lang='lat' dir='ltr'><strong>propitium</strong></span> <span class='ocrx_word' id='word_1_656' title='bbox 2672 4634 2890 4701; x_wconf 87' lang='lat' dir='ltr'><strong>reddas,</strong></span> <span class='ocrx_word' id='word_1_657' title='bbox 2943 4651 2977 4691; x_wconf 90' lang='grc' dir='ltr'>ο</span> <span class='ocrx_word' id='word_1_658' title='bbox 3017 4636 3268 4691; x_wconf 90' lang='lat' dir='ltr'><strong>divinum</strong></span> <span class='ocrx_word' id='word_1_659' title='bbox 3306 4644 3363 4690; x_wconf 90' lang='lat' dir='ltr'><strong>et</strong></span> <span class='ocrx_word' id='word_1_660' title='bbox 3395 4651 3619 4690; x_wconf 88' lang='lat' dir='ltr'><strong>sacrum</strong></span> 
     </span>
    </p>
   </div>
   <div class='ocr_carea' id='block_1_94' title="bbox 350 4722 1919 4807">
    <p class='ocr_par' dir='ltr' id='par_1_94' title="bbox 350 4722 1919 4807">
     <span class='ocr_line' id='line_1_94' title="bbox 350 4722 1919 4807; baseline -0.004 -26"><span class='ocrx_word' id='word_1_661' title='bbox 350 4728 617 4799; x_wconf 67' lang='grc' dir='ltr'>ἐκτρέψαι</span> <span class='ocrx_word' id='word_1_662' title='bbox 642 4726 740 4798; x_wconf 83' lang='grc' dir='ltr'>τὴν</span> <span class='ocrx_word' id='word_1_663' title='bbox 760 4726 1064 4781; x_wconf 87' lang='grc' dir='ltr'>λαοπλάνον</span> <span class='ocrx_word' id='word_1_664' title='bbox 1098 4725 1333 4793; x_wconf 80' lang='grc' dir='ltr'>αἵρεσιν,</span> <span class='ocrx_word' id='word_1_665' title='bbox 1370 4722 1575 4793; x_wconf 79' lang='grc' dir='ltr'>ἀνάψαι</span> <span class='ocrx_word' id='word_1_666' title='bbox 1617 4722 1919 4807; x_wconf 80' lang='grc' dir='ltr'>ὀρθοδοξίας</span> 
     </span>
    </p>
   </div>
   <div class='ocr_carea' id='block_1_95' title="bbox 2022 4722 3619 4807">
    <p class='ocr_par' dir='ltr' id='par_1_95' title="bbox 2033 4727 3619 4798">
     <span class='ocr_line' id='line_1_95' title="bbox 2033 4727 3619 4798; baseline -0.002 -14"><span class='ocrx_word' id='word_1_667' title='bbox 2033 4737 2242 4797; x_wconf 83' lang='lat' dir='ltr'><strong>caput:</strong></span> <span class='ocrx_word' id='word_1_668' title='bbox 2288 4737 2352 4783; x_wconf 91' lang='lat' dir='ltr'><strong>ut</strong></span> <span class='ocrx_word' id='word_1_669' title='bbox 2398 4728 2584 4798; x_wconf 89' lang='lat' dir='ltr'><strong>populi</strong></span> <span class='ocrx_word' id='word_1_670' title='bbox 2633 4727 2997 4784; x_wconf 86' lang='lat' dir='ltr'><strong>seductricem</strong></span> <span class='ocrx_word' id='word_1_671' title='bbox 3046 4727 3299 4783; x_wconf 81' lang='lat' dir='ltr'><strong>haeresim</strong></span> <span class='ocrx_word' id='word_1_672' title='bbox 3348 4727 3619 4798; x_wconf 80' lang='lat' dir='ltr'><strong>proﬂiget,</strong></span> 
     </span>
    </p>
   </div>
   <div class='ocr_carea' id='block_1_96' title="bbox 348 4814 1919 4891">
    <p class='ocr_par' dir='ltr' id='par_1_96' title="bbox 348 4814 1919 4890">
     <span class='ocr_line' id='line_1_96' title="bbox 348 4814 1919 4890; baseline -0.002 -19"><span class='ocrx_word' id='word_1_673' title='bbox 348 4819 523 4890; x_wconf 75' lang='grc' dir='ltr'>ἧλιονο</span> <span class='ocrx_word' id='word_1_674' title='bbox 565 4815 684 4873; x_wconf 69' lang='grc' dir='ltr'>εἶτα</span> <span class='ocrx_word' id='word_1_675' title='bbox 715 4820 811 4873; x_wconf 73' lang='grc' dir='ltr'>καὶ</span> <span class='ocrx_word' id='word_1_676' title='bbox 846 4820 993 4889; x_wconf 80' lang='grc' dir='ltr'>ἡμᾶς</span> <span class='ocrx_word' id='word_1_677' title='bbox 1024 4818 1152 4881; x_wconf 83' lang='grc' dir='ltr'>τοὺς</span> <span class='ocrx_word' id='word_1_678' title='bbox 1188 4820 1246 4871; x_wconf 76' lang='grc' dir='ltr'><strong>ἐν</strong></span> <span class='ocrx_word' id='word_1_679' title='bbox 1271 4817 1482 4878; x_wconf 82' lang='grc' dir='ltr'>τέκνοις</span> <span class='ocrx_word' id='word_1_680' title='bbox 1520 4832 1615 4868; x_wconf 89' lang='grc' dir='ltr'>σου</span> <span class='ocrx_word' id='word_1_681' title='bbox 1639 4814 1919 4879; x_wconf 86' lang='grc' dir='ltr'>τελοῦντας</span> 
     </span>
    </p>
   </div>
   <div class='ocr_carea' id='block_1_97' title="bbox 2022 4814 3623 4891">
    <p class='ocr_par' dir='ltr' id='par_1_97' title="bbox 2034 4820 3623 4891">
     <span class='ocr_line' id='line_1_97' title="bbox 2034 4820 3623 4891; baseline 0 -16"><span class='ocrx_word' id='word_1_682' title='bbox 2034 4821 2269 4891; x_wconf 89' lang='lat' dir='ltr'><strong>ﬁdeique</strong></span> <span class='ocrx_word' id='word_1_683' title='bbox 2294 4820 2611 4875; x_wconf 61' lang='lat' dir='ltr'><strong>orthodoxae</strong></span> <span class='ocrx_word' id='word_1_684' title='bbox 2654 4820 2824 4875; x_wconf 90' lang='lat' dir='ltr'><strong>solem</strong></span> <span class='ocrx_word' id='word_1_685' title='bbox 2866 4820 3131 4876; x_wconf 86' lang='lat' dir='ltr'><strong>accendat</strong></span> <span class='ocrx_word' id='word_1_686' title='bbox 3162 4839 3179 4875; x_wconf 92' lang='lat'><strong><em>:</em></strong></span> <span class='ocrx_word' id='word_1_687' title='bbox 3215 4820 3415 4875; x_wconf 91' lang='lat' dir='ltr'><strong>deinde</strong></span> <span class='ocrx_word' id='word_1_688' title='bbox 3447 4829 3502 4875; x_wconf 91' lang='lat' dir='ltr'><strong>et</strong></span> <span class='ocrx_word' id='word_1_689' title='bbox 3523 4836 3623 4875; x_wconf 83' lang='lat' dir='ltr'><strong>nos</strong></span> 
     </span>
    </p>
   </div>
   <div class='ocr_carea' id='block_1_98' title="bbox 349 4905 1919 4983">
    <p class='ocr_par' dir='ltr' id='par_1_98' title="bbox 349 4905 1919 4982">
     <span class='ocr_line' id='line_1_98' title="bbox 349 4905 1919 4982; baseline -0.003 -18"><span class='ocrx_word' id='word_1_690' title='bbox 349 4910 668 4981; x_wconf 70' lang='grc' dir='ltr'>ἐλαχίστους</span> <span class='ocrx_word' id='word_1_691' title='bbox 716 4908 1198 4982; x_wconf 69' lang='grc' dir='ltr'>περιποιήσασθαι,</span> <span class='ocrx_word' id='word_1_692' title='bbox 1258 4906 1557 4978; x_wconf 77' lang='grc' dir='ltr'>ἑπομένους</span> <span class='ocrx_word' id='word_1_693' title='bbox 1613 4905 1692 4976; x_wconf 82' lang='grc' dir='ltr'>τῷ</span> <span class='ocrx_word' id='word_1_694' title='bbox 1746 4922 1919 4977; x_wconf 85' lang='grc' dir='ltr'>μακα-</span> 
     </span>
    </p>
   </div>
   <div class='ocr_carea' id='block_1_99' title="bbox 2022 4905 3623 4983">
    <p class='ocr_par' dir='ltr' id='par_1_99' title="bbox 2035 4911 3623 4983">
     <span class='ocr_line' id='line_1_99' title="bbox 2035 4911 3623 4983; baseline -0.001 -16"><span class='ocrx_word' id='word_1_695' title='bbox 2035 4915 2128 4983; x_wconf 92' lang='lat' dir='ltr'><strong>qui</strong></span> <span class='ocrx_word' id='word_1_696' title='bbox 2167 4912 2381 4967; x_wconf 89' lang='lat' dir='ltr'><strong>minimi</strong></span> <span class='ocrx_word' id='word_1_697' title='bbox 2417 4912 2470 4966; x_wconf 89' lang='lat' dir='ltr'><strong>in</strong></span> <span class='ocrx_word' id='word_1_698' title='bbox 2520 4911 2647 4968; x_wconf 85' lang='lat' dir='ltr'><strong>ﬁliis</strong></span> <span class='ocrx_word' id='word_1_699' title='bbox 2681 4914 2790 4968; x_wconf 90' lang='lat' dir='ltr'><strong>tuis</strong></span> <span class='ocrx_word' id='word_1_700' title='bbox 2823 4927 3037 4976; x_wconf 89' lang='lat' dir='ltr'><strong>sumus,</strong></span> <span class='ocrx_word' id='word_1_701' title='bbox 3075 4911 3276 4977; x_wconf 76' lang='lat' dir='ltr'><strong>foveat,</strong></span> <span class='ocrx_word' id='word_1_702' title='bbox 3316 4911 3623 4966; x_wconf 87' lang='lat' dir='ltr'><strong>beatissimi</strong></span> 
     </span>
    </p>
   </div>
   <div class='ocr_carea' id='block_1_100' title="bbox 353 4994 1919 5075">
    <p class='ocr_par' dir='ltr' id='par_1_100' title="bbox 353 4994 1919 5073">
     <span class='ocr_line' id='line_1_100' title="bbox 353 4994 1919 5073; baseline -0.004 -18"><span class='ocrx_word' id='word_1_703' title='bbox 353 5001 606 5073; x_wconf 83' lang='grc' dir='ltr'>ριωτάτῳ</span> <span class='ocrx_word' id='word_1_704' title='bbox 662 5002 838 5070; x_wconf 78' lang='grc' dir='ltr'>Πατρὶ</span> <span class='ocrx_word' id='word_1_705' title='bbox 871 5001 968 5055; x_wconf 77' lang='grc' dir='ltr'>καὶ</span> <span class='ocrx_word' id='word_1_706' title='bbox 1023 5001 1271 5073; x_wconf 82' lang='grc' dir='ltr'>ἀρχιερεῖ</span> <span class='ocrx_word' id='word_1_707' title='bbox 1328 4996 1510 5070; x_wconf 82' lang='grc' dir='ltr'>ἡμῶν.</span> <span class='ocrx_word' id='word_1_708' title='bbox 1578 4994 1724 5053; x_wconf 77' lang='grc' dir='ltr'>Εἶεν.</span> <span class='ocrx_word' id='word_1_709' title='bbox 1786 4995 1919 5061; x_wconf 85' lang='grc' dir='ltr'>Τοὺς</span> 
     </span>
    </p>
   </div>
   <div class='ocr_carea' id='block_1_101' title="bbox 2022 4994 3620 5075">
    <p class='ocr_par' dir='ltr' id='par_1_101' title="bbox 2035 5002 3620 5075">
     <span class='ocr_line' id='line_1_101' title="bbox 2035 5002 3620 5075; baseline 0 -17"><span class='ocrx_word' id='word_1_710' title='bbox 2035 5005 2215 5060; x_wconf 76' lang='lat' dir='ltr'><strong>Patris</strong></span> <span class='ocrx_word' id='word_1_711' title='bbox 2264 5016 2317 5062; x_wconf 88' lang='lat' dir='ltr'><strong>et</strong></span> <span class='ocrx_word' id='word_1_712' title='bbox 2356 5006 2608 5075; x_wconf 65' lang='lat' dir='ltr'><strong>praesulis</strong></span> <span class='ocrx_word' id='word_1_713' title='bbox 2652 5005 2828 5059; x_wconf 86' lang='lat' dir='ltr'><strong>nostri</strong></span> <span class='ocrx_word' id='word_1_714' title='bbox 2867 5004 3114 5071; x_wconf 77' lang='lat' dir='ltr'><strong>vestigiis</strong></span> <span class='ocrx_word' id='word_1_715' title='bbox 3146 5003 3496 5061; x_wconf 71' lang='lat' dir='ltr'><strong>inhaerentes.</strong></span> <span class='ocrx_word' id='word_1_716' title='bbox 3543 5002 3620 5058; x_wconf 83' lang='lat' dir='ltr'><strong>lla</strong></span> 
     </span>
    </p>
   </div>
   <div class='ocr_carea' id='block_1_102' title="bbox 352 5088 1919 5166">
    <p class='ocr_par' dir='ltr' id='par_1_102' title="bbox 352 5088 1919 5164">
     <span class='ocr_line' id='line_1_102' title="bbox 352 5088 1919 5164; baseline -0.005 -15"><span class='ocrx_word' id='word_1_717' title='bbox 352 5094 893 5164; x_wconf 67' lang='grc' dir='ltr'>ιξυπηρετουμένους</span> <span class='ocrx_word' id='word_1_718' title='bbox 917 5093 1046 5164; x_wconf 81' lang='grc' dir='ltr'>ὑμῖν</span> <span class='ocrx_word' id='word_1_719' title='bbox 1076 5093 1325 5163; x_wconf 80' lang='grc' dir='ltr'>Πατέρας</span> <span class='ocrx_word' id='word_1_720' title='bbox 1358 5093 1454 5145; x_wconf 72' lang='grc' dir='ltr'>καὶ</span> <span class='ocrx_word' id='word_1_721' title='bbox 1492 5091 1739 5155; x_wconf 79' lang='grc' dir='ltr'>κλεινοὺς</span> <span class='ocrx_word' id='word_1_722' title='bbox 1768 5088 1919 5146; x_wconf 84' lang='grc' dir='ltr'>ἁδελ-</span> 
     </span>
    </p>
   </div>
   <div class='ocr_carea' id='block_1_103' title="bbox 2022 5088 3622 5166">
    <p class='ocr_par' dir='ltr' id='par_1_103' title="bbox 2036 5096 3622 5166">
     <span class='ocr_line' id='line_1_103' title="bbox 2036 5096 3622 5166; baseline -0.001 -15"><span class='ocrx_word' id='word_1_723' title='bbox 2036 5096 2128 5151; x_wconf 89' lang='lat' dir='ltr'><strong>sit.</strong></span> <span class='ocrx_word' id='word_1_724' title='bbox 2158 5097 2267 5151; x_wconf 86' lang='lat' dir='ltr'><strong>Eos</strong></span> <span class='ocrx_word' id='word_1_725' title='bbox 2296 5097 2391 5165; x_wconf 92' lang='lat' dir='ltr'><strong>qui</strong></span> <span class='ocrx_word' id='word_1_726' title='bbox 2455 5097 2770 5151; x_wconf 89' lang='lat' dir='ltr'><strong>ministrant</strong></span> <span class='ocrx_word' id='word_1_727' title='bbox 2807 5097 2963 5152; x_wconf 89' lang='lat' dir='ltr'><strong>vobis</strong></span> <span class='ocrx_word' id='word_1_728' title='bbox 3008 5106 3191 5166; x_wconf 81' lang='lat' dir='ltr'><strong>patres</strong></span> <span class='ocrx_word' id='word_1_729' title='bbox 3216 5097 3622 5166; x_wconf 66' lang='lat' dir='ltr'><strong>praeclarosquc</strong></span> 
     </span>
    </p>
   </div>
   <div class='ocr_carea' id='block_1_104' title="bbox 351 5182 1919 5259">
    <p class='ocr_par' dir='ltr' id='par_1_104' title="bbox 351 5182 1919 5258">
     <span class='ocr_line' id='line_1_104' title="bbox 351 5182 1919 5258; baseline -0.004 -17"><span class='ocrx_word' id='word_1_730' title='bbox 351 5188 488 5257; x_wconf 78' lang='grc' dir='ltr'>φοὺς</span> <span class='ocrx_word' id='word_1_731' title='bbox 531 5187 711 5258; x_wconf 80' lang='grc' dir='ltr'>ήμῶν,</span> <span class='ocrx_word' id='word_1_732' title='bbox 744 5185 857 5255; x_wconf 84' lang='grc' dir='ltr'><strong>ὲγὼ</strong></span> <span class='ocrx_word' id='word_1_733' title='bbox 908 5202 968 5238; x_wconf 87' lang='grc' dir='ltr'><strong>τε</strong></span> <span class='ocrx_word' id='word_1_734' title='bbox 995 5185 1092 5239; x_wconf 71' lang='grc' dir='ltr'><strong>καὶ</strong></span> <span class='ocrx_word' id='word_1_735' title='bbox 1129 5186 1159 5238; x_wconf 87' lang='grc' dir='ltr'><strong>ὁ</strong></span> <span class='ocrx_word' id='word_1_736' title='bbox 1215 5185 1347 5255; x_wconf 76' lang='grc' dir='ltr'>ἐμὸς</span> <span class='ocrx_word' id='word_1_737' title='bbox 1400 5183 1652 5253; x_wconf 81' lang='grc' dir='ltr'>ἀδελφὸς,</span> <span class='ocrx_word' id='word_1_738' title='bbox 1717 5182 1919 5237; x_wconf 85' lang='grc' dir='ltr'>Θεσσα-</span> 
     </span>
    </p>
   </div>
   <div class='ocr_carea' id='block_1_105' title="bbox 2022 5182 3621 5259">
    <p class='ocr_par' dir='ltr' id='par_1_105' title="bbox 2030 5185 3621 5259">
     <span class='ocr_line' id='line_1_105' title="bbox 2030 5185 3621 5259; baseline -0.001 -17"><span class='ocrx_word' id='word_1_739' title='bbox 2030 5185 2232 5243; x_wconf 79' lang='lat' dir='ltr'><strong>fratres</strong></span> <span class='ocrx_word' id='word_1_740' title='bbox 2290 5196 2527 5250; x_wconf 88' lang='lat' dir='ltr'><strong>nostros,</strong></span> <span class='ocrx_word' id='word_1_741' title='bbox 2571 5204 2673 5259; x_wconf 84' lang='lat' dir='ltr'><strong>ego</strong></span> <span class='ocrx_word' id='word_1_742' title='bbox 2714 5198 2769 5244; x_wconf 89' lang='lat' dir='ltr'><strong>et</strong></span> <span class='ocrx_word' id='word_1_743' title='bbox 2806 5189 2974 5243; x_wconf 76' lang='lat' dir='ltr'><strong>frater</strong></span> <span class='ocrx_word' id='word_1_744' title='bbox 3005 5204 3162 5245; x_wconf 90' lang='lat' dir='ltr'><strong>meus</strong></span> <span class='ocrx_word' id='word_1_745' title='bbox 3211 5188 3621 5243; x_wconf 74' lang='lat' dir='ltr'><strong>Thessalonica:</strong></span> 
     </span>
    </p>
   </div>
   <div class='ocr_carea' id='block_1_106' title="bbox 349 5275 1919 5352">
    <p class='ocr_par' dir='ltr' id='par_1_106' title="bbox 349 5275 1919 5349">
     <span class='ocr_line' id='line_1_106' title="bbox 349 5275 1919 5349; baseline -0.003 -16"><span class='ocrx_word' id='word_1_746' title='bbox 349 5280 576 5349; x_wconf 87' lang='grc' dir='ltr'>λονίκης</span> <span class='ocrx_word' id='word_1_747' title='bbox 633 5279 663 5333; x_wconf 86' lang='grc' dir='ltr'><strong>ὁ</strong></span> <span class='ocrx_word' id='word_1_748' title='bbox 719 5277 1131 5349; x_wconf 79' lang='grc' dir='ltr'>θεοφιλέστατος</span> <span class='ocrx_word' id='word_1_749' title='bbox 1191 5276 1642 5348; x_wconf 87' lang='grc' dir='ltr'>ἀρχιεπίσκοπος,</span> <span class='ocrx_word' id='word_1_750' title='bbox 1702 5275 1919 5329; x_wconf 74' lang='grc' dir='ltr'>πλεῖστα</span> 
     </span>
    </p>
   </div>
   <div class='ocr_carea' id='block_1_107' title="bbox 2022 5275 3621 5352">
    <p class='ocr_par' dir='ltr' id='par_1_107' title="bbox 2031 5279 3621 5352">
     <span class='ocr_line' id='line_1_107' title="bbox 2031 5279 3621 5352; baseline -0.003 -17"><span class='ocrx_word' id='word_1_751' title='bbox 2031 5279 2476 5351; x_wconf 86' lang='lat' dir='ltr'><strong>archiepiscopus</strong></span> <span class='ocrx_word' id='word_1_752' title='bbox 2510 5282 2619 5336; x_wconf 90' lang='lat' dir='ltr'><strong>Deo</strong></span> <span class='ocrx_word' id='word_1_753' title='bbox 2673 5282 3037 5337; x_wconf 88' lang='lat' dir='ltr'><strong>charissimus</strong></span> <span class='ocrx_word' id='word_1_754' title='bbox 3089 5280 3387 5352; x_wconf 89' lang='lat' dir='ltr'><strong>plurimum</strong></span> <span class='ocrx_word' id='word_1_755' title='bbox 3414 5280 3621 5335; x_wconf 82' lang='lat' dir='ltr'><strong>saluta-</strong></span> 
     </span>
    </p>
   </div>
   <div class='ocr_carea' id='block_1_108' title="bbox 351 5368 1919 5445">
    <p class='ocr_par' dir='ltr' id='par_1_108' title="bbox 351 5368 1919 5445">
     <span class='ocr_line' id='line_1_108' title="bbox 351 5368 1919 5445; baseline 0 -21"><span class='ocrx_word' id='word_1_756' title='bbox 351 5371 856 5441; x_wconf 85' lang='grc' dir='ltr'>προσαγορεύομεν.</span> <span class='ocrx_word' id='word_1_757' title='bbox 896 5371 1024 5426; x_wconf 81' lang='grc' dir='ltr'><strong>Ἐπί</strong></span> <span class='ocrx_word' id='word_1_758' title='bbox 1067 5371 1176 5445; x_wconf 86' lang='grc' dir='ltr'><strong>γὰρ</strong></span> <span class='ocrx_word' id='word_1_759' title='bbox 1208 5371 1287 5442; x_wconf 85' lang='grc' dir='ltr'>τῷ</span> <span class='ocrx_word' id='word_1_760' title='bbox 1339 5372 1478 5443; x_wconf 85' lang='grc' dir='ltr'>ἁγίῳ</span> <span class='ocrx_word' id='word_1_761' title='bbox 1506 5388 1601 5426; x_wconf 91' lang='grc' dir='ltr'><strong>σου</strong></span> <span class='ocrx_word' id='word_1_762' title='bbox 1628 5368 1919 5443; x_wconf 79' lang='grc' dir='ltr'>προσώπῳ,</span> 
     </span>
    </p>
   </div>
   <div class='ocr_carea' id='block_1_109' title="bbox 2022 5368 3619 5445">
    <p class='ocr_par' dir='ltr' id='par_1_109' title="bbox 2035 5368 3619 5439">
     <span class='ocr_line' id='line_1_109' title="bbox 2035 5368 3619 5439; baseline -0.002 -14"><span class='ocrx_word' id='word_1_763' title='bbox 2035 5386 2177 5426; x_wconf 91' lang='lat' dir='ltr'><strong>mus.</strong></span> <span class='ocrx_word' id='word_1_764' title='bbox 2240 5371 2438 5426; x_wconf 85' lang='lat' dir='ltr'><strong>Coram</strong></span> <span class='ocrx_word' id='word_1_765' title='bbox 2495 5379 2685 5428; x_wconf 85' lang='lat' dir='ltr'><strong>sancta</strong></span> <span class='ocrx_word' id='word_1_766' title='bbox 2730 5372 2875 5427; x_wconf 89' lang='lat' dir='ltr'><strong>enim</strong></span> <span class='ocrx_word' id='word_1_767' title='bbox 2928 5370 3071 5426; x_wconf 79' lang='lat' dir='ltr'><strong>facie</strong></span> <span class='ocrx_word' id='word_1_768' title='bbox 3116 5381 3230 5437; x_wconf 84' lang='lat' dir='ltr'><strong>tua,</strong></span> <span class='ocrx_word' id='word_1_769' title='bbox 3300 5381 3427 5425; x_wconf 88' lang='lat' dir='ltr'><strong>ante</strong></span> <span class='ocrx_word' id='word_1_770' title='bbox 3453 5368 3619 5439; x_wconf 84' lang='lat' dir='ltr'><strong>pedes</strong></span> 
     </span>
    </p>
   </div>
   <div class='ocr_carea' id='block_1_110' title="bbox 353 5462 1919 5536">
    <p class='ocr_par' dir='ltr' id='par_1_110' title="bbox 353 5462 1919 5536">
     <span class='ocr_line' id='line_1_110' title="bbox 353 5462 1919 5536; baseline -0.001 -19"><span class='ocrx_word' id='word_1_771' title='bbox 353 5463 461 5535; x_wconf 80' lang='grc' dir='ltr'><strong>πρὸ</strong></span> <span class='ocrx_word' id='word_1_772' title='bbox 481 5464 593 5516; x_wconf 90' lang='grc' dir='ltr'><strong>τῶν</strong></span> <span class='ocrx_word' id='word_1_773' title='bbox 616 5465 791 5519; x_wconf 85' lang='grc' dir='ltr'>ποδῶν</span> <span class='ocrx_word' id='word_1_774' title='bbox 821 5481 939 5530; x_wconf 92' lang='grc' dir='ltr'>σου,</span> <span class='ocrx_word' id='word_1_775' title='bbox 978 5464 1178 5535; x_wconf 81' lang='grc' dir='ltr'>μᾶλλον</span> <span class='ocrx_word' id='word_1_776' title='bbox 1211 5463 1572 5536; x_wconf 80' lang='grc' dir='ltr'>εὐλογηθῆναι</span> <span class='ocrx_word' id='word_1_777' title='bbox 1614 5462 1802 5536; x_wconf 76' lang='grc' dir='ltr'>ἄμφω,</span> <span class='ocrx_word' id='word_1_778' title='bbox 1834 5463 1919 5519; x_wconf 70' lang='grc' dir='ltr'><strong>καί</strong></span> 
     </span>
    </p>
   </div>
   <div class='ocr_carea' id='block_1_111' title="bbox 2022 5462 3620 5536">
    <p class='ocr_par' dir='ltr' id='par_1_111' title="bbox 2034 5462 3620 5534">
     <span class='ocr_line' id='line_1_111' title="bbox 2034 5462 3620 5534; baseline -0.001 -15"><span class='ocrx_word' id='word_1_779' title='bbox 2034 5475 2182 5531; x_wconf 83' lang='grc' dir='ltr'>ῑυοε,</span> <span class='ocrx_word' id='word_1_780' title='bbox 2229 5463 2666 5521; x_wconf 88' lang='lat' dir='ltr'><strong>benedictionem</strong></span> <span class='ocrx_word' id='word_1_781' title='bbox 2716 5466 2965 5534; x_wconf 84' lang='lat' dir='ltr'><strong>accipere</strong></span> <span class='ocrx_word' id='word_1_782' title='bbox 2999 5479 3100 5519; x_wconf 90' lang='lat' dir='ltr'><strong>nos</strong></span> <span class='ocrx_word' id='word_1_783' title='bbox 3135 5462 3328 5518; x_wconf 83' lang='lat' dir='ltr'><strong>ambos</strong></span> <span class='ocrx_word' id='word_1_784' title='bbox 3375 5471 3429 5518; x_wconf 89' lang='lat' dir='ltr'><strong>et</strong></span> <span class='ocrx_word' id='word_1_785' title='bbox 3455 5470 3620 5531; x_wconf 85' lang='lat' dir='ltr'><strong>quot-</strong></span> 
     </span>
    </p>
   </div>
   <div class='ocr_carea' id='block_1_112' title="bbox 352 5554 1919 5630">
    <p class='ocr_par' dir='ltr' id='par_1_112' title="bbox 352 5554 1621 5630">
     <span class='ocr_line' id='line_1_112' title="bbox 352 5554 1621 5630; baseline 0.003 -22"><span class='ocrx_word' id='word_1_786' title='bbox 352 5554 469 5609; x_wconf 70' lang='grc' dir='ltr'>ὅσοι</span> <span class='ocrx_word' id='word_1_787' title='bbox 500 5555 609 5609; x_wconf 89' lang='grc' dir='ltr'><strong>τῶν</strong></span> <span class='ocrx_word' id='word_1_788' title='bbox 638 5557 736 5610; x_wconf 76' lang='grc' dir='ltr'><strong>σὺν</strong></span> <span class='ocrx_word' id='word_1_789' title='bbox 764 5558 916 5627; x_wconf 76' lang='grc' dir='ltr'>ἡμῖν,</span> <span class='ocrx_word' id='word_1_790' title='bbox 947 5556 1122 5612; x_wconf 78' lang='grc' dir='ltr'>εἰπεῖν</span> <span class='ocrx_word' id='word_1_791' title='bbox 1152 5556 1621 5630; x_wconf 79' lang='grc' dir='ltr'>πρεπωδέστερον.</span> 
     </span>
    </p>
   </div>
   <div class='ocr_carea' id='block_1_113' title="bbox 2022 5554 3615 5630">
    <p class='ocr_par' dir='ltr' id='par_1_113' title="bbox 2029 5554 3615 5628">
     <span class='ocr_line' id='line_1_113' title="bbox 2029 5554 3615 5628; baseline -0.003 -15"><span class='ocrx_word' id='word_1_792' title='bbox 2029 5565 2164 5628; x_wconf 85' lang='lat' dir='ltr'><strong>quot</strong></span> <span class='ocrx_word' id='word_1_793' title='bbox 2205 5556 2489 5614; x_wconf 80' lang='lat' dir='ltr'><strong>nobiscum</strong></span> <span class='ocrx_word' id='word_1_794' title='bbox 2536 5558 2903 5624; x_wconf 78' lang='grc' dir='ltr'>ιιιιιι,-ιιιιιιιο</span> <span class='ocrx_word' id='word_1_795' title='bbox 2932 5555 3348 5613; x_wconf 79' lang='lat' dir='ltr'><strong>convenientius</strong></span> <span class='ocrx_word' id='word_1_796' title='bbox 3380 5554 3615 5612; x_wconf 86' lang='lat' dir='ltr'><strong>dicatur.</strong></span> 
     </span>
    </p>
   </div>
   <div class='ocr_carea' id='block_1_114' title="bbox 463 5754 964 5823">
    <p class='ocr_par' dir='ltr' id='par_1_114' title="bbox 463 5754 964 5823">
     <span class='ocr_line' id='line_1_114' title="bbox 463 5754 964 5823; baseline 0.002 -13"><span class='ocrx_word' id='word_1_797' title='bbox 463 5758 507 5789; x_wconf 75' lang='grc'><strong>⁷⁸</strong></span> <span class='ocrx_word' id='word_1_798' title='bbox 538 5755 553 5810; x_wconf 97' lang='grc'><strong>1</strong></span> <span class='ocrx_word' id='word_1_799' title='bbox 589 5756 718 5813; x_wconf 88' lang='lat' dir='ltr'><strong>Cor.</strong></span> <span class='ocrx_word' id='word_1_800' title='bbox 754 5754 964 5823; x_wconf 75' lang='lat' dir='ltr'><strong>xu,26.</strong></span> 
     </span>
    </p>
   </div>
  </div>
