4060 6374
56 4891 78 5464 ἀ

381 202 522 269 1399
1578 204 1639 268 S.
1683 203 1785 264 ΤΗ
1797 202 1969 263 ΗΘΒ(

2074 203 2078 261 ζ
2109 201 2462 266 STUDITJE
3530 201 3680 264 1400

659 312 871 370 CXXII.
902 344 972 356 --
1006 312 1278 368 Theodoro
1305 313 1681 383 stpitalario.

2334 313 2492 367 PKB’
2515 312 2650 386 (18).
2671 296 2747 357 '—
2772 314 3048 384 Θεοδώρῳ
3081 315 3598 391 ξενοδι5χφ.ιχνη”.]

1371 428 1590 492 Rogatus
1613 425 1820 491 exponit
1839 438 1951 488 qua:
1970 424 2072 476 sint
2091 425 2308 478 hominis
2327 426 2590 480 Christiani
2613 429 2794 480 ofﬁcia.

445 519 525 574 En
567 517 687 580 tibi,
735 515 983 583 domine,
1041 514 1260 570 litteras
1285 530 1425 585 quas
1474 516 1634 584 petis,
1676 523 1730 569 et
1759 511 1981 568 absolve
2007 518 2055 572 Α

375 630 476 671 nos
537 613 606 667 ab
665 611 1047 666 accusatione.
1099 608 1214 664 Cur
1243 624 1395 674 vero,
1428 608 1600 674 dices,
1629 624 1738 662 non
1773 607 1972 662 citius?

373 709 513 776 Quia
568 703 747 778 pudor
774 703 934 758 nobis
967 710 1108 767 erat,
1150 702 1239 757 vel
1279 701 1574 766 hortando,
1611 702 1694 755 vel
1719 700 1970 756 docendo

373 797 736 856 reverentiam
794 804 946 850 tuam
1001 793 1229 865 alloqui.
1257 795 1328 848 At
1383 793 1511 863 quia
1540 792 1842 858 desideras,
1875 807 1968 847 ac-

371 896 512 964 cipe,
547 889 950 947 amantissime.
977 885 1126 942 Nihil
1153 902 1286 958 ergo
1315 886 1466 941 aliud
1492 896 1578 941 est
1609 903 1774 942 verus
1807 886 1968 942 Chri-

370 985 605 1050 stianus,
635 998 799 1055 quam
824 982 1229 1036 imitamentum
1256 989 1313 1035 et
1348 980 1691 1048 signaculum
1721 981 1924 1035 Christi
1949 999 1963 1035 ε

372 1096 496 1136 cum
551 1078 630 1134 illi
671 1075 955 1134 conciliari
987 1075 1070 1130 sic
1117 1073 1337 1140 debeat,
1387 1083 1449 1130 ut
1477 1075 1723 1130 membra
1752 1075 1966 1145 singula

372 1171 565 1241 capiti,
592 1178 648 1224 et
679 1168 889 1237 palmes
915 1166 1034 1221 viti.
1090 1165 1587 1238 Dominurquippe
1623 1168 1739 1238 ipse
1777 1167 1912 1222 dixit
1948 1185 1964 1220 :

375 1265 484 1336 ligo
515 1281 633 1320 sum
656 1264 802 1328 vitis,
833 1280 921 1318 vos
949 1263 1195 1333 palmites
1222 1262 1367 1316 ποτ’.
1394 1261 1462 1316 Et
1483 1278 1703 1317 rursum
1727 1262 1962 1332 Aposto-

371 1359 457 1413 lus
485 1375 500 1412 :
541 1355 640 1410 Vos
669 1357 797 1410 estis
826 1372 1018 1425 corpus
1075 1354 1298 1422 Christi,
1329 1364 1381 1409 et
1424 1355 1661 1408 membra
1704 1353 1769 1408 de
1801 1369 1966 1408 mem-

371 1451 547 1505 bro".
574 1447 836 1505 Fructum
880 1465 1010 1519 ergo
1048 1448 1314 1516 feramus,
1347 1447 1592 1512 domine,
1624 1464 1760 1503 nvas
1788 1449 1967 1503 virtu-

373 1551 509 1605 tum,
537 1552 590 1597 et
625 1558 696 1598 ne
735 1540 1066 1596 infructuosi
1112 1542 1308 1597 simus.
1342 1543 1433 1597 Ait
1478 1542 1623 1598 enim
1651 1541 1916 1597 Dominus
1950 1561 1963 1597 :

374 1635 561 1692 Omnis
583 1635 786 1705 palmes
825 1637 918 1708 qui
945 1652 1052 1691 non
1082 1635 1214 1704 facit
1243 1635 1484 1706 fructum
1513 1636 1728 1704 bonum,
1761 1637 1968 1692 excidi-

372 1739 481 1792 tur,
543 1736 592 1783 et
651 1730 708 1782 in
764 1729 936 1799 ignem
989 1729 1225 1782 mittitur
1248 1729 1316 1795 ⁷⁷,
1378 1732 1643 1800 gehennae
1693 1729 1966 1785 videlicet.

2164 517 2322 579 Ἰδοὺ,
2367 516 2625 582 δέσποτα,
2654 519 2717 571 τὸ
2749 519 2986 590 γράμμα
3011 517 3358 585 ἀπαιτοῦντι,
3391 519 3491 573 καὶ
3532 521 3676 574 ἀπό·-

2076 608 2238 662 λυσον
2269 611 2418 682 ἡμᾶς
2448 611 2548 681 τῆς
2597 611 2932 681 ὲγκλήσεως.
2963 614 3063 665 Ani
3114 613 3172 667 τί
3214 615 3292 678 δὲ,
3342 615 3533 683 φαίης,
3594 616 3677 684 μὴ

2075 700 2305 771 τάχιον;
2359 703 2484 756 Ὅτι
2527 703 2864 774 αἰδουμένους
2927 705 3149 774 εἴχομεν
3211 704 3546 770 νουθετικῶς
3601 709 3674 776 τῇ

2075 792 2349 862 τιμιόττιτί
2378 810 2474 846 σου
2501 794 2840 866 προσφέρειν
2865 795 2962 848 τὸν
2989 795 3174 864 λόγον.
3214 797 3370 851 Ἐπεὶ
3415 797 3675 867 ποθοίης,

2075 885 2277 952 δέξαιο,
2316 887 2776 958 προσφιλέστατε.
2811 888 2979 944 Οὐδὲν
3007 887 3100 944 οῦν
3133 889 3262 945 ἄλλο
3291 891 3442 946 ἐστὶν
3470 895 3499 946 6
3531 893 3675 964 ἀλη-

2075 984 2176 1056 θὴς
2202 984 2548 1055 Χριστιανὸς,
2575 985 2610 1055 ἢ
2645 984 2886 1054 Χριστοῦ
2921 984 3151 1055 μίμημα
3180 986 3273 1040 καὶ
3316 986 3675 1060 ἀποσφράγι-

2077 1091 2190 1147 σμα
2237 1091 2252 1106 ⁸
2285 1074 2540 1129 τοσοῦτον
2589 1076 2822 1144 ὀφείλων
2849 1075 3190 1130 οἰκειοῦσθαι
3241 1078 3413 1148 αὐτῷ,
3449 1078 3525 1142 ὡς
3553 1078 3674 1148 ἔχει

2078 1167 2237 1238 μέλος
2265 1166 2497 1220 ἕκαστον
2528 1167 2667 1238 πρὸς
2694 1168 2958 1238 κεφαλὴν,
2990 1167 3087 1220 καὶ
3119 1168 3310 1239 κλῆμα
3363 1170 3505 1239 πρὸς
3561 1170 3677 1240 ἆμ-

2073 1259 2260 1314 πελον.
2308 1260 2483 1323 Αὐτὸς
2531 1259 2642 1332 γὰρ
2674 1260 2704 1312 6
2733 1260 2940 1331 Κύριος
2991 1261 3237 1333 εἴρηκενο
3283 1262 3430 1331 ἜΤώ
3477 1265 3598 1331 είμι
3629 1263 3670 1331 ἡ

2072 1351 2362 1422 ἄμπελος.
2419 1351 2591 1421 ὑμεῖς
2623 1351 2698 1406 τὰ
2735 1351 3032 1420 κλήματα.
3070 1353 3183 1404 Καὶ
3231 1351 3396 1406 πάλιν
3435 1353 3466 1406 6
3508 1353 3674 1406 Ἀπό-

2076 1444 2297 1509 στολτιςο
2346 1444 2532 1513 Ὑμεῖς
2573 1444 2718 1498 ἐστε
2762 1443 2939 1513 σῶμα
2969 1443 3252 1512 Χριστοῦ,
3285 1444 3384 1498 καὶ
3402 1444 3564 1514 μέλη
3601 1445 3672 1499 ἑκ

2068 1536 2309 1609 μέρους.
2341 1539 2876 1609 Καρποφορήσωμεν
2907 1531 3022 1605 οὖν,
3051 1533 3096 1591 ὦ
3119 1537 3376 1601 δέσποτα,
3401 1540 3532 1603 τοὺς
3558 1538 3674 1592 τῶν

2074 1631 2286 1703 ἀρετῶν
2320 1631 2575 1702 βότρυας,
2607 1632 2703 1686 καὶ
2735 1630 2811 1703 μὴ
2839 1631 3085 1704 ἄκαρποι
3111 1623 3284 1702 ὦμεν.
3320 1631 3464 1702 Φησὶ
3502 1632 3614 1703 γὰρ
3640 1631 3671 1683 6

2076 1721 2281 1794 Κύριος
2305 1737 2320 1753 °
2369 1720 2504 1776 Πᾶν
2556 1720 2763 1791 κλῆμα
2789 1718 2875 1790 μὴ
2929 1721 3148 1777 ποιοῦν
3182 1723 3418 1791 καρπὸν
3447 1724 3667 1790 καλὸν,

372 1819 766 1876 Formidabiles
810 1821 990 1876 minas
1042 1822 1550 1891 pertimescamus:
1596 1823 1967 1894 glorilieemus

2075 1815 2450 1879 ἐκκόπτεται,
2475 1814 2575 1868 καὶ
2605 1817 2688 1878 είς
2719 1813 2842 1882 πῦρ
2870 1813 3192 1880 βάλλεται,
3219 1816 3281 1869 τὸ
3303 1815 3404 1887 τῆς
3437 1816 3668 1886 γεέννης

369 2029 382 2054 ο
404 2006 506 2078 ipit
537 2007 737 2062 iterum
767 2007 1108 2076 Apostolus;
1143 2008 1266 2078 ejus
1295 2009 1443 2063 enim
1474 2010 1639 2064 etiam
1677 2019 1807 2065 Sunt
1839 2012 1965 2065 ista:

373 2099 583 2154 'l'ollens
612 2115 736 2171 ergo
767 2102 1002 2155 membra
1030 2100 1252 2168 Christi,
1305 2103 1507 2172 faciam
1536 2106 1770 2160 membra
1801 2122 1968 2160 mere-

371 2191 564 2246 tricis?
610 2190 764 2246 Absit
786 2192 876 2247 ’πει
917 2191 1009 2248 Sic
1059 2193 1442 2249 observemus.
1473 2198 1734 2251 Amemus
1769 2212 1970 2253 uxores

373 2293 592 2338 nostras
617 2284 762 2339 sicut
811 2299 1046 2355 corpora
1075 2294 1263 2341 nostra
1289 2303 1302 2351 ;
1343 2297 1402 2342 et
1428 2287 1702 2357 impudica
1732 2303 1966 2358 corpora

371 2386 479 2426 non
509 2371 839 2428 amabimus.
879 2370 1046 2439 Uxor,
1079 2373 1279 2444 inquit,
1304 2374 1479 2428 virum
1509 2375 1692 2431 timeat
1711 2377 1778 2430 ⁷⁸.
1801 2376 1971 2432 Amo-

371 2464 415 2518 ri
440 2465 591 2519 enim
630 2474 840 2520 metum
872 2465 1136 2534 miscens,
1155 2476 1363 2524 rectam
1393 2469 1566 2524 vitam
1593 2471 1778 2526 ducet.
1807 2469 1966 2536 Filii,

370 2546 572 2612 obedile
594 2558 926 2627 parentibus,
966 2567 1029 2613 ut
1061 2575 1283 2618 rursum
1312 2561 1444 2617 dicit
1464 2560 1535 2617 ⁸ο.
1566 2561 1790 2618 Justum
1821 2565 1969 2618 enim

367 2656 451 2701 νει
481 2657 734 2716 parentes
761 2647 1023 2704 honorari
1056 2659 1110 2704 et
1136 2648 1190 2704 in
1220 2650 1377 2706 senio
1411 2655 1713 2707 sustentari
1747 2668 1778 2706 a
1812 2653 1964 2708 (iliis.

370 2737 474 2806 Ipsi
509 2739 654 2794 enim
693 2740 802 2796 illis
828 2743 1132 2798 secundum
1167 2741 1336 2798 Deum
1368 2753 1626 2800 auctores
1664 2757 1794 2800 sunt
1821 2746 1968 2802 vitae.

373 2831 437 2885 lit
477 2849 492 2886 :
535 2831 844 2888 Benedictio
869 2835 1042 2903 patris
1089 2835 1271 2904 ﬁrmat
1302 2837 1486 2892 domos
1517 2838 1755 2907 filiorum
1783 2856 1804 2906 ;
1853 2857 1974 2894 ma-

372 2925 585 2979 ledictio
616 2936 796 2981 autem
836 2929 1033 2982 matris
1101 2929 1344 2982 eradicat
1389 2929 1824 2998 fundamenta”.
1857 2931 1968 2988 Et:

372 3015 584 3079 Patres,
618 3033 816 3073 rursus
868 3019 965 3084 ait,
1001 3018 1164 3073 nolite
1200 3020 1270 3074 ad
1313 3021 1655 3075 iracundiam
1687 3039 1973 3091 provocare

371 3111 516 3178 tilias
553 3123 788 3167 vestros:
820 3114 911 3167 sed
936 3113 1157 3168 educato
1183 3113 1306 3168 illos
1359 3115 1414 3170 in
1456 3116 1744 3186 disciplina
1773 3126 1822 3172 et
1853 3135 1974 3172 cor-

375 3205 605 3273 reptione
629 3204 844 3259 Domini
861 3205 928 3257 ⁸³.
961 3203 1153 3276 Itaque
1174 3217 1462 3276 parentum
1493 3223 1634 3278 Opus
1663 3219 1748 3264 est
1775 3226 1973 3279 pacare

375 3297 534 3364 tilios,
569 3296 843 3352 instruere
870 3304 926 3354 et
953 3296 1196 3353 formare
1227 3299 1350 3354 illos
1380 3301 1702 3356 charactere
1725 3303 1968 3372 pietatis.

372 3388 512 3456 Quid
542 3391 855 3460 reliquum?
892 3406 1085 3447 servos
1127 3391 1326 3461 subjici
1349 3392 1591 3450 dominis
1615 3410 1740 3449 cum
1775 3397 1975 3450 timore

372 3491 428 3536 et
469 3492 729 3547 tremore,
785 3481 908 3538 sine
937 3483 1086 3546 dolo,
1121 3492 1176 3538 et
1217 3484 1352 3538 forti
1377 3484 1600 3539 animo:
1665 3486 1760 3542 sed
1791 3495 1846 3541 et
1873 3488 1974 3542 do—

377 3571 556 3625 minos
581 3571 917 3628 remittentes
947 3573 1149 3640 minas,
1174 3573 1370 3644 aequali
1399 3588 1532 3628 cura
1560 3590 1754 3630 omnes
1792 3577 1974 3632 intue-

373 3664 442 3725 ri,
474 3664 710 3720 scientes
740 3680 907 3719 unum
943 3680 1068 3722 esse
1104 3667 1350 3722 omnium
1385 3667 1676 3724 Dominum
1709 3670 1960 3726 Deum”.

269 1909 276 1916 ’
369 1915 538 1968 Deum
565 1913 620 1967 in
648 1927 879 1984 corpore
905 1922 1097 1968 nostro
1156 1921 1210 1968 et
1241 1914 1294 1968 in
1325 1915 1519 1984 spiritu
1567 1891 1780 1970 nostro.
1818 1915 1968 1970 Prae-

2074 1908 2296 1981 δηλαδή.
2333 1907 2674 1979 Φοϐηθῶμεν
2703 1908 2804 1978 τὴν
2839 1908 3080 1980 φοϐερὰν
3115 1909 3350 1980 ἀπειλήν
3375 1925 3390 1938 ’
3425 1909 3668 1975 δοξάσω-

2077 2020 2176 2074 μεν
2205 2002 2298 2056 τὸν
2325 2002 2459 2056 Θεὸν
2480 2003 2539 2056 ἐν
2568 1999 2648 2072 τῷ
2698 2003 2916 2072 σώματι
2971 2001 3131 2073 ἡμῶν
3173 2001 3272 2056 καὶ
3302 2005 3360 2056 ὲν
3387 2001 3466 2073 τῷ
3501 2001 3670 2056 πνεύ-

2076 2114 2206 2169 ματι
2237 2096 2416 2168 ἡμῶν.
2439 2094 2669 2149 Κελεύει
2707 2095 2872 2150 πάλιν
2899 2096 2928 2148 6
2978 2094 3324 2158 Ἀπόστολος⁸
3367 2095 3533 2160 αὐτὸς
3559 2095 3669 2167 γὰρ

2072 2191 2170 2244 καὶ
2196 2189 2404 2244 ταῦτα’
2439 2191 2625 2259 Ἀρας
2653 2184 2770 2245 οὖν
2797 2187 2873 2242 τὰ
2905 2187 3062 2258 μέλη
3092 2187 3375 2257 Χριστοῦ,
3427 2188 3670 2252 ποιήσω

2070 2285 2304 2351 πόρνης
2352 2281 2547 2353 μέλης
2593 2280 2692 2351 Μὴ
2742 2279 3014 2352 γένοιτο]
3043 2281 3204 2335 Οῦτω
3237 2279 3666 2352 φυλαττώμεθα.

2085 2363 2416 2447 Ἀγαπῶμεν
2466 2374 2566 2438 τὰς
2616 2373 2826 2428 ἑαυτῶν
2885 2375 3176 2441 γυναῖκας,
3207 2372 3285 2436 ὡς
3332 2372 3402 2425 τὰ
3452 2371 3669 2425 ἑαυτῶν

2072 2465 2305 2538 σώματα
2325 2483 2338 2498 ο
2372 2467 2465 2521 καὶ
2497 2467 2598 2520 οὐκ
2631 2464 3054 2538 ὲρασθησόμεθα
3081 2462 3351 2532 ἀσελγοῦς
3386 2463 3665 2532 σώματος.

2084 2558 2148 2614 Ἠ
2179 2556 2358 2630 γυνὴ,
2405 2557 2596 2629 φησιν,
2636 2557 2738 2612 ἵνα
2765 2555 3024 2627 φοϐῆται
3049 2555 3160 2610 τόν
3181 2555 3390 2624 ἄνδρα.
3421 2553 3513 2625 Τῷ
3545 2557 3668 2622 φίλε-

2073 2668 2189 2723 τρῳ
2219 2650 2329 2724 γάρ
2362 2653 2458 2704 τὸν
2493 2651 2658 2721 φόϐον
2689 2651 2957 2722 κιρνῶσα,
2993 2650 3217 2720 ἄριστον
3253 2647 3474 2718 βιώσειε
3528 2647 3664 2718 βίον.

2077 2747 2156 2802 Τὰ
2204 2745 2411 2812 τέκνα,
2465 2746 2806 2801 ὑπακούετε
2858 2743 2986 2810 τοῖς
3038 2743 3348 2814 γονεῦσιν,
3401 2742 3479 2806 ὣς
3531 2759 3668 2813 φησι

2072 2839 2259 2895 πάλιν.
2301 2839 2523 2892 Δίκαιον
2546 2838 2656 2907 γὰρ
2681 2838 2808 2900 τοὺς
2841 2837 3034 2904 γονέας
3061 2834 3326 2906 τιμᾶσθαι
3372 2835 3473 2888 καὶ
3500 2850 3670 2905 γηρο-

2072 2930 2497 3004 κομεῖσθαιύπὸ
2537 2929 2647 2984 τῶν
2679 2929 2905 2985 παίδων.
2935 2928 3103 2982 Αὐτοὶ
3144 2929 3256 2999 γὰρ
3302 2928 3470 2982 αἴτιοι
3528 2926 3669 2998 μετά

2073 3025 2206 3080 Θεὸν
2243 3023 2340 3078 τοῦ
2375 3019 2517 3078 εἶναι
2563 3023 2763 3086 αὐτοὺς
2795 3024 2877 3086 είς
2903 3021 3041 3091 φῶς.
3078 3021 3189 3076 Καί
3209 3037 3223 3052 ο
3261 3021 3528 3091 Εὑλογία
3557 3035 3669 3073 πα·

2072 3118 2214 3187 τρὸς
2236 3115 2497 3185 στηρίξει
2520 3117 2728 3182 οἴκους
2766 3114 3021 3169 τέκνων·
3069 3113 3301 3182 κατάρα
3345 3112 3414 3166 δὲ
3437 3113 3668 3182 μητρὸς

2077 3208 2299 3278 ἐκριζοῖ
2321 3207 2583 3278 θεμέλια.
2609 3206 2718 3260 Καί
2736 3222 2752 3236 ο
2793 3209 2856 3260 Οἱ
2886 3204 3163 3273 πατέρες,
3193 3203 3359 3257 πάλιν
3400 3205 3557 3275 φησὶ,
3579 3203 3667 3273 μὴ

2077 3298 2455 3370 παροργίζετε
2488 3299 2561 3352 τὰ
2585 3296 2768 3351 τέκνα
2793 3295 2982 3366 ὑμῶν’
3013 3296 3153 3350 ἀλλ’
3172 3295 3492 3365 ἐκτρέφετε
3514 3296 3666 3350 αὐτὰ

2075 3394 2146 3447 ἐν
2182 3391 2420 3459 παιδείᾳ
2470 3389 2568 3444 καὶ
2612 3390 2902 3458 νουθεσίᾳ
2950 3389 3196 3457 Κυρίου.
3231 3389 3398 3441 Ὥστε
3431 3388 3530 3442 καὶ
3571 3405 3668 3458 γο-

2076 3485 2259 3539 νεῦσιν
2309 3485 2495 3558 ἔργον,
2535 3483 2845 3555 εἰρηνεύειν
2877 3483 2949 3537 τὰ
2993 3483 3184 3546 τέκνα,
3220 3481 3525 3552 στοιχειοῦν
3572 3481 3666 3536 καὶ

2075 3580 2336 3634 πλάττειν
2369 3577 2654 3641 εὐσεϐείας
2688 3577 3020 3648 χαρακτῆρι.
3053 3575 3120 3628 Τί
3169 3575 3393 3641 λοιπόν;
3444 3575 3665 3639 δούλους

2073 3669 2362 3732 δεσπόταις
2409 3669 2810 3724 ὑποτάττεσθαι
2848 3666 2988 3738 μετά
3041 3666 3210 3736 φόϐου
3266 3667 3362 3720 καὶ
3419 3667 3666 3738 τρόμου.

378 3755 443 3809 lit
495 3754 586 3810 hic
639 3754 860 3826 quidem
894 3765 980 3813 est
1010 3757 1272 3822 servitus,
1325 3759 1472 3816 sicut
1517 3771 1572 3815 et
1624 3763 1830 3832 nuptias
1862 3781 1876 3818 :
1907 3765 1964 3818 in

2074 3761 2267 3824 ἀδόλως
2295 3761 2393 3816 καὶ
2423 3760 2700 3831 εὐψύχωςο
2731 3758 2870 3814 ἀλλά
2893 3759 2988 3813 καὶ
3011 3760 3142 3823 τοὺς
3169 3759 3443 3822 δεσπότας
3475 3761 3663 3814 ἀνιέν-

377 3844 558 3902 futuro
589 3854 775 3901 autem
806 3845 1007 3902 saeculo
1033 3856 1264 3918 utraque
1297 3849 1595 3904 cessabunt
1621 3868 1636 3906 :
1666 3865 1968 3923 omnesque

2074 3871 2167 3917 ta;
2215 3853 2315 3916 τὰς
2343 3853 2598 3918 ἀπειλὰς,
2633 3853 2913 3924 ἰσομοιρίᾳ
2967 3853 3251 3924 φροντίδος
3294 3853 3424 3918 τοὺς
3455 3853 3667 3916 πάντας

377 3953 549 3994 unum
585 3948 768 4004 erunt,
806 3939 952 3995 sicut
985 3941 1186 4008 angeli.

2069 3945 2204 4016 όρᾷν
2226 3960 2242 3975 ⁶
2279 3944 2490 4007 εἰδότας
2519 3944 2605 3998 ὅτι
2647 3940 2970 4014 εἷς.Κύριος
2994 3944 3236 4010 πάντων,
3284 3946 3314 3998 ό
3344 3943 3499 4008 Θεός.
3554 3945 3665 3999 Καὶ

378 4028 411 4086 ιΙ
423 4031 477 4084 δε
501 4032 600 4102 μὲν
631 4033 904 4104 ήδουλεία
937 4033 1012 4097 ὡς
1048 4035 1142 4088 καὶ
1163 4034 1192 4086 6
1217 4032 1417 4105 γάμος·
1447 4035 1508 4089 ἐν
1525 4034 1582 4090 δὲ
1615 4035 1693 4108 τῷ
1723 4036 1975 4109 μέλλοντι
2010 4038 2193 4106 αἰῶνι,
2227 4036 2338 4091 τῶν
2374 4037 2706 4110 ἀμφοτέρων
2765 4034 3050 4108 ἀναίρεσις
3076 4051 3091 4065 ο
3165 4037 3218 4090 οἰ
3267 4036 3475 4101 πάντες
3497 4037 3557 4091 δὲ
3591 4038 3651 4090 ἓν

375 4123 564 4197 ὥσπερ
585 4126 634 4180 οἱ
667 4124 909 4195 ἄγγελοι.

445 4217 819 4286 Quamobrem
864 4218 1183 4290 quicunque
1208 4220 1327 4275 vult
1355 4221 1543 4277 salvus
1571 4222 1709 4290 fieri,
1740 4223 1966 4297 vigilare

373 4312 537 4374 debet
568 4320 630 4366 ut
655 4311 815 4380 juxta
867 4321 1198 4380 praeceptum
1229 4312 1379 4367 vivat
1413 4331 1426 4368 :
1470 4330 1579 4369 non
1625 4313 1799 4384 juret,
1854 4331 1965 4371 non

373 4405 686 4468 extollatur,
736 4418 844 4458 non
905 4403 1100 4469 rideat,
1153 4419 1263 4458 non
1308 4404 1618 4469 delicietur,
1649 4420 1756 4460 non
1793 4405 1966 4473 ludat,

376 4513 486 4552 non
533 4495 921 4562 excandescat,
961 4511 1069 4550 non
1125 4495 1448 4564 fornicetur,
1481 4514 1590 4552 non
1644 4499 1970 4565 inebrietur,

2143 4217 2244 4274 Διὰ
2269 4216 2431 4274 τοῦτο
2461 4214 2835 4289 γρηγορητέον
2864 4215 3030 4270 παντὶ
3055 4214 3135 4286 τῷ
3163 4215 3374 4270 θέλοντι
3398 4217 3642 4290 σωθῆναι

2073 4314 2197 4369 κατ’
2223 4312 2446 4383 ἐντολὴν
2494 4309 2596 4382 ζῇν
2619 4324 2634 4338 ⁸
2687 4308 2763 4382 μὴ
2814 4306 3061 4379 ὀμνύειν,
3094 4308 3173 4378 μὴ
3209 4311 3658 4382 μετεωρίζεσθαι,

2081 4407 2157 4478 μὴ
2183 4405 2368 4477 γελᾷνε
2419 4403 2496 4476 μὴ
2548 4402 2783 4474 τρυφᾷνο
2820 4400 2897 4472 μὴ
2935 4399 3178 4465 παίζειν,
3213 4401 3288 4472 μὴ
3329 4401 3660 4472 θυμοῦσθαι.

2083 4497 2158 4569 μὴ
2187 4495 2492 4568 πορνεύειν,
2521 4493 2598 4565 μὴ
2649 4492 2891 4564 μεθύειν,
2918 4491 2994 4563 μὴ
3028 4491 3381 4564 θησαυρίζειν
3419 4495 3619 4565 χρυσόν
3643 4510 3660 4526 ⁸

378 4607 485 4648 non
507 4600 800 4663 congreget
827 4607 1026 4647 aurum
1052 4607 1068 4646 :
1099 4589 1195 4646 sed
1223 4591 1391 4661 quid?
1423 4601 1564 4656 oret,
1590 4591 1969 4662 lugeat,'hym-

2076 4559 2214 4644 ἀλλά
2263 4559 2359 4656 τίς
2409 4559 2834 4659 προσεύχεσθαι,
2884 4559 3262 4656 προσκλαίειν,
3314 4559 3658 4657 ὑμνολογεῖν,

379 4700 481 4751 nos
507 4693 713 4750 cantet,
750 4684 1008 4740 mandata
1041 4699 1142 4754 pro
1169 4683 1378 4740 viribus
1419 4694 1624 4748 servet,
1667 4684 1860 4753 paucis
1892 4683 1966 4738 sit

377 4784 690 4842 contentus,
718 4775 950 4831 humilia
1001 4775 1201 4846 sapiat,
1246 4775 1558 4846 proximum
1604 4774 1814 4845 diligat,
1853 4789 1964 4828 non

379 4868 640 4938 loquatur
676 4869 943 4924 adversus
969 4867 1222 4935 fratrem,
1258 4885 1368 4924 non
1409 4869 1670 4936 invideat,
1708 4885 1818 4924 non
1839 4883 1965 4924 suc-

377 4967 618 5025 censeat,
645 4968 872 5029 paratus
901 4961 974 5016 sit
1003 4975 1222 5030 semper
1249 4961 1314 5016 ad
1355 4961 1644 5016 subeunda
1688 4975 1788 5031 pro
1819 4971 1967 5015 recto

376 5050 746 5107 discrimina:
778 5062 982 5121 praeter
1019 5051 1228 5106 bonum
1272 5050 1469 5120 Deum,
1514 5051 1684 5107 alium
1731 5052 1786 5105 in
1818 5059 1966 5106 terra

379 5160 490 5200 non
551 5143 810 5200 formidet
846 5161 861 5199 :
898 5145 1011 5214 regi
1069 5145 1353 5214 subjectus
1383 5147 1458 5200 sit
1493 5146 1545 5200 in
1576 5146 1644 5200 iis
1678 5145 1732 5200 in
1764 5143 1968 5215 quibus

376 5237 474 5293 Dei
518 5237 839 5294 mandatum
866 5253 977 5293 non
1009 5237 1244 5292 violatur
1282 5255 1296 5292 :
1340 5239 1572 5296 honoret
1613 5239 1970 5312 magistratus

379 5337 638 5400 tanquam
665 5330 968 5402 disciplina:
998 5328 1358 5388 administros
1389 5350 1403 5386 :
1429 5333 1666 5404 gaudeat
1694 5333 1752 5388 in
1781 5332 1970 5389 Domi-

471 5444 594 5476 ’³⁸⁷⁸
617 5441 800 5500 Joan.
842 5460 942 5512 xv,
971 5444 1026 5500 5.

2072 4683 2437 4737 ὲντολοποιεῖν
2489 4681 2633 4735 κατὰ
2670 4680 2732 4732 τὸ
2781 4680 3031 4742 δυνατὸν,
3065 4679 3502 4753 ὀλιγαρχεῖσθαι.
3561 4699 3659 4735 τα-

2073 4775 2472 4845 πεινοφρονεῶ,
2519 4773 2743 4844 ἀγαπᾷν
2795 4771 2887 4826 τὸν
2931 4771 3182 4842 πλησίον,
3219 4772 3296 4844 μὴ
3333 4773 3659 4828 καταλαλείν

2070 4867 2328 4936 ἀδελφοῦ,
2379 4866 2454 4938 μὴ
2484 4865 2724 4936 φθονεῖν.
2755 4866 2831 4936 μὴ
2863 4864 3181 4936 ὀργίζεσθαι
3217 4881 3231 4896 ο
3267 4866 3488 4936 ἕτοιμον
3517 4863 3657 4922 εἶναι

2070 4961 2158 5014 ἀεὶ
2194 4959 2330 5030 πρὸς
2356 4961 2481 5020 τοὺς
2511 4957 2652 5029 ὑπὲρ
2679 4957 2772 5011 τοῦ
2802 4957 3011 5027 ἀγαθοῦ
3037 4959 3342 5025 κινδύνους,
3372 4961 3449 5031 μὴ
3478 4962 3658 5029 φοϐεῖ-

2077 5052 2202 5106 σθαι
2236 5051 2377 5122 πλὴν
2405 5050 2540 5104 Θεοῦ
2569 5050 2664 5104 τοῦ
2694 5049 2925 5119 ἀγαθοῦ,
2956 5051 3116 5106 ἄλλον
3144 5051 3239 5104 ἐπὶ
3272 5052 3399 5122 γῆς’
3429 5054 3660 5108 ὑποτάτ-

2076 5143 2264 5198 τεσθαι
2291 5143 2502 5214 βασιλεῖ
2524 5143 2583 5196 ὲν
2613 5136 2698 5203 οἷς
2720 5142 2910 5214 ἐντολὴ
2935 5142 3073 5198 Θεοῦ
3097 5143 3158 5198 οὐ
3177 5145 3654 5215 παραϐλάπτεται·

2075 5237 2244 5309 τιμᾷν
2273 5236 2543 5306 ἄρχοντας
2572 5234 2650 5299 ὡς
2699 5234 2983 5300 διακόνους
3013 5237 3271 5304 εὐταξίας
3296 5256 3312 5271 ο
3361 5239 3578 5310 χαίρειν
3602 5241 3659 5294 ὲν

2078 5327 2271 5400 Κυρίῳ
2302 5327 2534 5382 πάντοτε
2567 5341 2580 5356 ·
2612 5326 2717 5382 κᾶν
2752 5327 3028 5399 σύμϐασις
3049 5324 3159 5384 εἷεν
3182 5329 3464 5402 λυπηρῶν,
3495 5332 3657 5401 εὐχα-

1164 5444 1209 5476 "
1263 5444 1283 5500 ι
1328 5443 1456 5518 Cor.
1500 5459 1668 5518 Asvu,
1710 5443 1803 5500 22.
1917 5445 1960 5518 'f'

2074 5444 2436 5518 ζιαμ-νίμμψ.
2529 5440 2629 5498 ’³³1
2668 5443 2798 5501 Cor.
2837 5459 2914 5511 vi,
2946 5444 3034 5501 15.
3133 5447 3214 5517 ,η
3254 5445 3458 5518 Ephes.
3492 5447 3655 5512 v.55.

376 5512 425 5547 ⁸⁸
447 5512 648 5585 Ephes.
677 5529 754 5580 vr,
782 5515 835 5571 1.
939 5517 984 5548 ⁸³
1024 5514 1191 5573 Eccli.
1221 5531 1306 5582 tu,
1333 5516 1419 5574 ll.
1495 5516 1542 5550 ⁸¹
1576 5517 1780 5588 Ephes.
1811 5531 1886 5584 vr,
1910 5515 1965 5571 4.

2074 5515 2088 5545 '
2105 5514 2243 5570 ibid.
2303 5513 2422 5570 5~9.

441 5703 555 5773 (l8)
594 5703 651 5758 In
684 5702 803 5759 cod.
841 5703 972 5774 Reg.
1013 5703 1148 5774 ρλγ⁹.

1979 5603 2208 5662 NOTAE.

3991 585 4003 686 ί
