4060 6374
213 363 353 432 1401

1407 360 1768 426 EPISTOLA
1778 359 1947 421 RUM
1986 357 2147 419 LIB.
2182 358 2265 418 ΙΙ.

3365 360 3504 419 1402

214 489 420 562 ριστεῖν
458 486 650 559 Κυρίῳ
678 482 764 556 ἐφ’
787 478 870 552 οἷς
907 483 975 541 ἂν
1026 484 1288 554 οίκονομῇ
1341 481 1413 536 τὰ
1465 481 1587 536 κατ’
1614 481 1801 537 αὐτόν.

1909 491 1980 530 no
2005 491 2222 545 setnper
2252 493 2267 530 :
2304 485 2378 538 et.
2417 474 2466 531 si
2507 475 2737 531 molesta
2769 475 3040 546 quaepiam
3073 474 3346 542 accidant,
3377 493 3501 548 gra-

211 580 403 636 Ταῦτα
439 579 515 642 ὡς
559 582 618 633 ὲν
654 577 858 648 ὀλίγοις
915 577 1210 648 ὑπέμνησα
1262 575 1363 645 τὴν
1423 575 1800 645 εύλογημένην

211 689 312 726 σου
337 671 518 742 ψυχήν
551 685 566 700 °
597 670 685 724 ἵνα
713 667 966 739 γνωρίσω
1018 666 1094 730 ὼς
1146 664 1316 736 φιλῶν
1353 667 1471 734 είμι
1516 666 1610 718 τὸν
1667 665 1801 735 ἐμὸν

209 764 528 836 ὁμώνυμον,
563 763 656 818 καλ¹
699 760 899 830 εὐσεϐῆ
951 759 1142 830 ἄνδρα,
1189 758 1286 812 καὶ
1333 755 1487 828 φίλον
1515 756 1797 827 διάπυρον.

223 857 356 912 Ἐὰν
405 857 462 912 δὲ
514 855 595 908 ἐτι
649 853 858 924 ζῶμεν,
891 853 972 905 ἔτι
1028 850 1358 922 λαλήσομεν,
1413 848 1495 903 ἔτι
1543 865 1800 921 παρακα-

115 953 122 959 ’
210 948 468 1021 λέσομεν,
504 947 584 1001 ἔτι
615 942 1142 1016 συμϐουλευσόμεθα
1180 943 1358 996 πάντα
1401 941 1631 1012 δεύτερα
1659 941 1803 1012 ήγήο

214 1044 410 1098 σασθαι
435 1043 536 1116 τῆς
581 1033 716 1096 Θεόῠ
779 1040 1021 1109 ἀγάπης.
1085 1037 1146 1091 Τί
1199 1036 1310 1108 γὰρ
1356 1034 1660 1106 ὠφελήσει
1691 1033 1800 1088 ἆν-

211 1141 474 1206 θρωπον,
503 1133 613 1187 ἐὰν
654 1132 804 1187 ὅλον
833 1133 941 1185 τὸν
990 1132 1228 1200 κόσμον
1258 1129 1550 1200 κερδήσῃ,
1583 1129 1701 1198 τὴν
1729 1127 1800 1182 δὲ

209 1227 429 1296 ψυχὴν
473 1223 661 1281 αὐτοῦ
696 1222 951 1294 ζημιωθῇ
966 1241 986 1289 ;
1036 1216 1112 1276 Οὔ
1171 1223 1440 1294 φύγοιμεν
1469 1238 1485 1254 ο
1539 1221 1798 1294 εὕροιμεν

209 1321 272 1373 δὲ
320 1320 470 1382 ἔλεος
527 1321 587 1372 ὲν
637 1318 824 1389 ἡμέρᾳ
872 1317 1146 1387 κρίσεως,
1198 1317 1296 1369 καὶ
1349 1315 1411 1369 τὸ
1466 1315 1604 1384 μετὰ
1659 1313 1797 1367 Θεοῦ

210 1410 471 1483 γενέσθαι
497 1410 556 1463 ἐν
594 1410 742 1480 χαρᾷ
771 1407 1124 1478 ἀνεκλαλήτῳ
1155 1407 1238 1468 είς
1262 1406 1389 1469 τοὺς
1416 1405 1640 1476 αἰῶνας.

359 1633 509 1692 PKI"
537 1634 675 1706 (l9).
695 1665 765 1677 —
794 1631 1164 1703 Εὑρροσὺνῃ
1190 1629 1519 1701 ἡγουμένῃ.
1611 1628 1802 1704 [Χξα’.]

1899 569 2004 624 tias
2028 567 2262 624 Domino
2287 578 2433 640 agat,
2465 582 2688 639 quoque
2718 567 2883 624 modo
2911 582 2998 623 res
3031 567 3205 638 ipsius
3227 569 3504 638 disponat.

1895 658 2022 715 "me
2075 660 2269 730 paucis
2325 660 2576 732 suggessi
2622 659 2926 717 benedictae
2992 661 3194 716 anima:
3230 671 3385 716 tute:
3443 672 3506 718 ut

1894 753 2186 808 ostendam
2217 768 2406 808 amare
2435 769 2524 808 me
2557 751 2947 824 cognominem
2977 768 3162 807 meum
3183 793 3200 819 ,
3239 753 3505 823 piumque

1895 845 2102 916 virum,
2151 857 2208 902 et
2245 845 2480 901 amicum
2537 845 2844 900 ardentem.
2879 845 3038 912 Quod
3064 845 3112 902 si
3141 846 3326 902 adhuc
3348 846 3502 902 vive-

1901 951 2028 992 mus
2058 976 2074 1002 ,
2104 937 2288 994 adhuc
2322 937 2652 1008 loquemur,
2699 937 2882 992 adhuc
2921 936 3292 1004 hortabimur,
3326 937 3510 994 adhuc

1907 1029 2286 1094 suadebimus,
2320 1039 2379 1084 ut
2423 1029 2608 1084 omnia
2641 1028 2902 1084 inferiora
2950 1029 3123 1086 ducas
3171 1045 3360 1085 amore
3389 1028 3505 1084 Dei.

1908 1121 2053 1189 Quid
2096 1123 2238 1176 enim
2284 1122 2521 1190 proderit
2551 1123 2755 1177 homini
2785 1124 2835 1178 si
2884 1123 3190 1178 universum
3247 1123 3507 1176 mundum

1904 1214 2161 1280 lucretur,
2205 1217 2398 1270 anima:
2425 1233 2543 1270 vero
2573 1216 2948 1271 detrimentum
2977 1215 3281 1286 patiatur“
3306 1216 3330 1270 ’ί
3351 1215 3509 1282 Quod

1903 1303 2222 1376 fugiamus:
2257 1315 2318 1361 ut
2343 1306 2700 1362 inveniamus
2736 1307 3170 1363 misericordiam
3210 1307 3265 1360 in
3295 1307 3384 1361 die
3413 1307 3508 1376 ju-

1903 1397 2056 1464 dicii,
2095 1407 2152 1453 et
2178 1413 2305 1454 cum
2362 1397 2476 1454 Deo
2509 1401 2690 1455 simus
2723 1399 2780 1454 in
2822 1399 3022 1470 gaudio
3059 1399 3419 1454 inenarrabili
3447 1399 3509 1452 in

1907 1489 2131 1546 saecula.

2155 1632 2390 1689 CXXIII.
2419 1664 2490 1674 —
2523 1632 2891 1704 Euphrosynw
2943 1633 3264 1703 prwpositw.

811 1745 1113 1798 Monasterio
1148 1743 1465 1809 praepositam
1497 1745 1727 1795 hortatur
1750 1755 1808 1797 ut
1827 1760 1890 1796 eo
1911 1760 2121 1797 munere
2145 1753 2317 1798 sancte
2353 1761 2408 1798 ac
2433 1749 2673 1812 praeclare
2694 1748 2949 1812 fungatur.

299 1853 581 1928 Ἀκηκοὼς
615 1853 710 1908 καὶ
734 1851 830 1906 νῦν
857 1851 941 1905 ὅτι
964 1847 1333 1923 παρεμυθήθη
1363 1865 1457 1901 σου
1489 1849 1523 1919 ή
1550 1846 1801 1918 τιμιότης

1974 1846 2113 1903 Cum
2147 1863 2298 1903 nunc
2345 1863 2568 1920 quoque
2617 1847 2801 1902 audivi
2857 1848 3128 1913 dolorem,
3160 1863 3322 1919 quem
3357 1867 3513 1910 reve—

211 1950 326 2006 ὰπδ
353 1949 448 2003 τοῦ
479 1948 608 2020 περὶ
636 1947 736 2019 τὴν
768 1944 1047 2018 μακαρίαν
1079 1941 1292 2016 μητέρα
1321 1939 1549 2005 πάθους,
1577 1939 1798 2013 εὐχαρί-

215 2060 393 2116 στησα
423 2041 499 2113 τῷ
539 2040 729 2114 Κυρίῳ
758 2056 774 2072 ο
807 2039 865 2103 ὃς
894 2037 1161 2111 ἐγνώρισε
1214 2053 1273 2090 σε
1307 2035 1405 2091 καὶ
1459 2035 1799 2106 φιλομήτορα

213 2135 634 2208 γνησιεύουοαν,
677 2134 773 2187 καὶ
821 2131 1068 2202 φιλόθεον
1113 2128 1549 2204 ἀριστεύουσανο
1592 2127 1655 2180 τὸ
1698 2128 1798 2198 μὲν

211 2231 304 2286 διὰ
331 2229 424 2284 τοῦ
454 2226 804 2297 ἀγαπητικοῦ
843 2223 1113 2296 λυπηροῦ’
1151 2223 1210 2276 τὸ
1248 2222 1305 2276 δὲ
1333 2221 1422 2276 διὰ
1453 2219 1545 2274 τοῦ
1579 2235 1798 2290 συμμε-

217 2322 565 2394 μετρημένου
592 2317 1008 2390 παρακλητικοῦ
1043 2333 1056 2348 ·
1084 2315 1143 2382 ἐξ
1176 2308 1252 2368 ὧν
1285 2312 1686 2375 ἀποδέδεικται,
1715 2311 1799 2364 ὅτι

213 2413 313 2466 καὶ
350 2411 561 2482 μητέρα
593 2410 688 2463 καὶ
720 2407 852 2462 Θεὸν
881 2408 1194 2478 ἠγάπησας.
1213 2407 1375 2460 Ἀλλὰ
1403 2407 1583 2475 δεῦρο,
1609 2404 1796 2476 κυρία,

212 2504 480 2574 χαίρουσα
520 2502 615 2556 καὶ
644 2501 923 2574 τρέμουσα
975 2499 1160 2571 βάδιζε
1188 2500 1289 2573 τὴν
1321 2499 1443 2554 ὁδόν
1492 2517 1618 2553 σου·
1675 2499 1801 2570 χαί-

216 2611 388 2666 ρουσα
432 2594 552 2666 μὲν,
584 2595 667 2647 ὅτι
696 2592 932 2664 ἠξίωσαι
972 2593 1234 2663 τοιαύτης
1289 2593 1496 2664 μητρὸς
1550 2593 1799 2665 θυγάτηρ

212 2686 555 2759 χρηματίσαι
579 2701 595 2716 ο
647 2685 929 2756 τρέμουσα
957 2683 1037 2750 δὲ,
1075 2685 1158 2738 ὅτι
1209 2683 1272 2738 τὸ
1311 2684 1414 2755 τῆς
1460 2684 1800 2754 προστασίας

215 2777 636 2852 φροντιστήριόν
669 2795 753 2832 σοι
779 2777 1049 2846 πάρεστιν
1079 2797 1094 2813 ο
1129 2770 1191 2832 οὗ
1225 2777 1324 2847 οὐχ
1349 2779 1378 2831 ὁ
1409 2775 1587 2848 τυχὼν
1624 2775 1798 2846 ἁγὼν,

211 2873 337 2928 οὐδὲ
375 2871 854 2942 εὐκαταφρόνητος
876 2868 905 2922 ὁ
936 2868 1126 2939 μισθός
1147 2884 1162 2900 ·
1194 2867 1333 2922 ἀλλὰ
1374 2869 1470 2922 καὶ
1515 2866 1640 2921 λίαν
1695 2869 1801 2938 ἁμ-

213 2959 530 3033 φοτέρωθεν
577 2960 640 3014 τὸ
682 2958 883 3030 ὕψωμα
927 2961 1044 3023 τοῖς
1071 2957 1198 3012 νοῦν
1235 2956 1438 3029 έχουσι.
1481 2957 1555 3011 Σὺ
1581 2955 1677 3011 οὖν
1723 2956 1800 3021 ὡς

211 3056 486 3127 ἐχέφρων,
521 3052 599 3106 ὡς
631 3051 852 3123 συνετὴ,
883 3050 959 3116 ὡς
995 3049 1264 3122 μητρόθεν
1289 3048 1508 3120 ἠγμένη
1537 3047 1595 3102 ἐν
1625 3047 1800 3101 Πνεύ-

215 3166 374 3221 ματι,
408 3147 633 3216 ἄριστον
673 3144 788 3216 βίον
843 3144 938 3198 καὶ⁵
1002 3141 1460 3212 κεκανονισμένον
1508 3140 1797 3196 διέλασον.·

210 3213 389 3296 τύπον
430 3213 629 3308 εαυτὴν
659 3213 927 3306 προθεῖσα
955 3234 1322 3306 ἁγαθοεργίας
1367 3235 1490 3296 ταῖς
1516 3231 1796 3302 ἀδελφαῖς.
1827 3213 1872 3272 c

211 3331 308 3402 Μὴ
339 3327 575 3403 νυστάξῃ
600 3327 665 3380 τὸ
691 3325 848 3398 ὄμμα
879 3325 979 3396 τῆς
1005 3323 1235 3396 καρδίας
1269 3339 1362 3377 σου
1414 3323 1522 3377 ἀπὸ
1549 3324 1799 3393 φυλακῆς

209 3422 325 3475 τῶν
351 3420 583 3475 ἐντολῶν
613 3418 708 3472 τοῦ
751 3416 910 3472 Θεοῦ.
942 3418 1036 3488 Μή
1085 3417 1256 3488 βύσῃς
1280 3417 1342 3470 τὸ
1368 3416 1462 3481 οὓς
1488 3417 1590 3488 τῆς
1618 3417 1801 3488 ψυχῆς

211 3513 525 3569 εἰσακούειν
577 3512 765 3583 φωνῆς
817 3509 1209 3580 διδασκαλικῆς
1236 3524 1250 3540 ⁶
1299 3510 1664 3581 διδασκομένη
1703 3511 1802 3564 καὶ

211 3607 542 3661 διδάσκουσα
563 3620 579 3636 ⁸
611 3601 958 3675 φωτιζομένη
989 3601 1086 3655 καὶ⁷
1141 3600 1486 3669 φωτίζουσαο
1527 3618 1798 3671 χειραγω-

212 3700 460 3773 γουμένη
493 3700 588 3754 καὶ
623 3696 1043 3770 χειραγωγοῦσα
1067 3713 1082 3727 ·
1116 3695 1505 3768 προσαγομένη
1555 3696 1677 3767 Θεῷ
1707 3695 1802 3750 καὶ

212 3793 596 3865 προσάγουσα.
633 3787 923 3845 ’Δκουστδν
972 3788 1060 3858 εἴη
1099 3789 1160 3842 τὺ
1190 3787 1359 3859 δνομά
1389 3805 1484 3842 σου
1528 3791 1586 3842 ὲν
1619 3790 1800 3861 ἀγαθῇ

212 3885 488 3958 πολιτείᾳ·
513 3883 591 3947 ὡς
619 3883 686 3937 ἂν
707 3881 998 3952 δοξάζηται
1019 3880 1150 3944 Θεὸς
1171 3881 1231 3934 ὲν
1253 3882 1336 3934 σοὶ
1363 3881 1460 3934 καὶ
1487 3882 1548 3935 ὲν
1567 3884 1633 3952 τῇ
1664 3884 1798 3954 μονῇ

213 3997 318 4034 σου
347 3997 361 4012 ο
397 3977 472 4049 μὴ
502 3975 864 4048 χυδαιουμένη
891 3972 1032 4028 κατὰ
1075 3971 1174 4044 τὴν
1199 3973 1308 4026 τῶν
1338 3972 1552 4028 πολλῶν
1579 3974 1798 4046 χλιαρόο

210 4086 380 4142 τητα,
428 4066 545 4121 ἀλλ’
572 4065 981 4138 ἀκριϐαζομένη
1038 4063 1183 4118 κατὰ
1234 4064 1337 4134 τὴν
1383 4064 1650 4136 διαταγὴν
1703 4066 1800 4121 τοῦ

212 4159 562 4232 Πνεύματος,
607 4161 665 4213 ὲν
711 4159 793 4212 ἑνὶ
823 4157 1155 4230 φρονήματι,
1185 4157 1245 4210 ὲν
1288 4157 1370 4210 ἑνὶ
1412 4156 1702 4228 θελήματι,
1741 4159 1802 4212 ὲν

215 4255 323 4325 μιᾷ
352 4252 555 4323 καρδία
580 4268 641 4304 τε
670 4250 765 4305 καὶ
796 4251 967 4321 ψυχῇ,
1004 4249 1238 4321 μιμήσει
1261 4247 1374 4302 τῶν
1401 4251 1461 4302 έν
1508 4249 1800 4305 ἀποστολι-

210 4350 346 4410 καῖς
379 4345 651 4417 Πράξεσιν
680 4343 1084 4416 ἱστορουμένων
1114 4341 1309 4410 ἁγίων.
1335 4337 1459 4397 Ἦν
1478 4343 1608 4414 γὰρ,
1641 4343 1796 4416 φησὶ,

211 4437 465 4494 πάντων
493 4438 604 4506 μία
627 4437 800 4504 ψυχὴ
833 4434 940 4488 καί
972 4433 1186 4502 καρδία
1204 4447 1220 4467 ·
1242 4431 1341 4486 καί
1372 4433 1576 4501 οὐδείς
1601 4452 1656 4490 τι
1683 4434 1803 4490 τῶν

211 4529 619 4598 ὑπαρχόντων
637 4525 799 4592 αὐτῷ
818 4526 1031 4597 ἔλεγεν
1054 4526 1213 4579 ἴδιον
1243 4520 1419 4580 εἶναι.

1902 1943 2078 1998 rentia
2114 1951 2207 1996 tua
2247 1957 2314 1996 ex
2367 1942 2540 1997 beatae
2580 1941 2776 1996 matris
2817 1942 2972 1996 obitu
3004 1955 3244 2012 ceperat,
3280 1945 3506 2018 mitiga-

1903 2045 2019 2088 tum
2055 2049 2219 2100 esse;
2252 2034 2336 2102 egi
2363 2032 2600 2088 Domino
2639 2035 2876 2104 gratias,
2923 2036 3015 2105 qui
3054 2045 3106 2090 te
3135 2045 3192 2090 et
3217 2037 3271 2091 in
3306 2041 3504 2094 matris

1901 2141 2090 2181 amore
2139 2126 2408 2182 sinceram
2449 2128 2696 2197 agnovit.
2744 2137 2800 2182 et
2828 2127 2882 2182 in
2925 2129 3017 2183 Dei
3060 2145 3251 2186 amore
3275 2134 3504 2201 praecel-

1901 2217 2102 2272 lentem
2128 2236 2142 2272 :
2175 2218 2309 2274 illud
2339 2219 2561 2290 quidem
2588 2235 2684 2288 per
2703 2221 2909 2276 amoris
2937 2220 3156 2294 plenam
3195 2224 3503 2293 tristitiam,

1902 2310 2009 2366 hoc
2035 2326 2164 2368 vero
2199 2328 2296 2382 per
2323 2324 2718 2385 congruentem
2747 2315 3199 2370 consolationem
3238 2335 3252 2372 :
3296 2333 3364 2374 ex
3389 2321 3512 2389 qui-

1903 2402 2007 2458 bus
2057 2405 2238 2474 patuit
2297 2406 2444 2475 quod
2495 2415 2551 2460 et
2606 2415 2839 2461 matrem
2873 2415 2929 2461 et
2973 2405 3148 2462 Deum
3205 2412 3504 2468 amaveris.

1901 2490 2005 2546 Sed
2033 2507 2154 2562 age,
2198 2493 2445 2559 domina,
2485 2495 2729 2564 gaudens
2766 2501 2824 2550 et
2863 2503 3110 2552 tremens
3154 2497 3300 2552 viam
3351 2508 3507 2556 tuam

1903 2585 2140 2640 insiste:
2191 2588 2437 2655 gaudens
2497 2588 2747 2658 quidem,
2796 2589 2944 2660 quod
3002 2591 3127 2646 talis
3174 2594 3365 2650 matris
3386 2595 3499 2650 tilia

1901 2677 2009 2732 dici
2051 2679 2322 2736 merueris
2356 2696 2370 2734 :
2423 2681 2623 2737 timens
2681 2697 2836 2748 vero,
2888 2684 3016 2755 quia
3051 2686 3146 2741 tibi
3175 2691 3501 2744 monasterii

1903 2769 2236 2840 praefectura
2261 2771 2550 2840 incumbit,
2593 2774 2756 2845 cujus
2794 2791 2904 2831 non
2940 2777 3058 2833 leve
3087 2789 3364 2836 certamen
3398 2793 3505 2848 est,

1901 2876 2006 2916 nec
2064 2878 2277 2919 merces
2325 2868 2754 2932 contemnenda,
2798 2869 2896 2923 sed
2934 2871 3172 2927 sublime
3213 2884 3509 2945 utrumque

1902 2955 2048 3025 apud
2087 2971 2184 3011 eos
2217 2956 2312 3027 qui
2363 2966 2513 3012 recte
2552 2959 2794 3029 sapiunt.
2843 2959 2925 3016 Tu
2959 2977 3092 3032 ergo
3147 2971 3208 3019 ut
3254 2967 3494 3036 sapiens,

1901 3053 1963 3103 ut
1992 3047 2256 3116 prudens,
2289 3057 2552 3120 tanquam
2588 3065 2620 3106 a
2658 3062 2834 3108 matre
2862 3053 2915 3108 in
2949 3055 3146 3124 spiritu
3178 3056 3396 3123 educta,
3425 3060 3508 3114 vi-

1905 3146 2013 3194 tam
2035 3153 2134 3210 age
2155 3155 2321 3210 quam
2353 3141 2618 3211 optimam
2644 3150 2700 3197 et
2731 3144 3039 3214 regularem
3074 3163 3090 3200 :
3157 3148 3384 3219 teipsam
3415 3165 3508 3206 so-

1905 3229 2123 3284 roribus
2153 3231 2207 3284 in
2246 3232 2558 3298 exemplum
2612 3241 2763 3289 recte
2790 3237 2992 3305 agendi
3025 3251 3362 3309 proponens.
3402 3239 3497 3296 Vi-

1907 3322 2036 3393 gilet
2079 3323 2262 3378 cordis
2293 3324 2371 3378 tui
2407 3325 2603 3381 oculus
2656 3326 2724 3381 ad
2767 3329 3071 3384 custodiam
3123 3334 3506 3389 mandatorum

1909 3415 2024 3472 Dei.
2051 3413 2129 3470 Ne
2157 3416 2380 3472 obtures
2405 3432 2596 3472 aurem
2619 3418 2818 3474 animae
2847 3421 2916 3475 ad
2946 3421 3281 3478 audiendam
3315 3441 3508 3482 vocem

1906 3507 2158 3562 docentis
2208 3525 2224 3562 :
2276 3507 2498 3564 discens
2551 3518 2606 3564 et
2647 3510 2878 3573 docens,
2913 3513 3097 3568 lumen
3145 3516 3423 3586 accipiens
3452 3527 3509 3575 et

1907 3599 2246 3666 illuminans,
2289 3603 2620 3658 manuducta
2651 3615 2706 3660 et
2741 3607 3144 3674 manuducens,
3185 3610 3365 3665 oblata
3397 3611 3510 3668 Deo

1905 3702 1963 3748 et
2008 3691 2265 3748 oﬁerens.
2315 3693 2546 3751 Celebre
2594 3697 2666 3752 sit
2692 3713 2890 3753 nomen
2925 3710 3082 3755 tuum
3117 3701 3172 3756 in
3199 3703 3341 3760 bona
3372 3721 3508 3762 con-

1907 3787 2238 3851 versatione,
2278 3795 2342 3841 ut
2388 3787 2721 3855 gloriﬁcetur
2769 3789 2916 3848 Deus
2953 3793 3008 3848 in
3044 3803 3095 3849 te
3124 3803 3180 3851 et
3218 3796 3275 3850 in
3305 3814 3506 3854 mona-

1909 3877 2080 3933 sterio
2105 3886 2203 3933 tuo
2234 3895 2249 3933 :
2295 3894 2476 3950 neque
2525 3881 2661 3936 illud
2707 3883 3047 3939 dissolvatur
3071 3902 3168 3956 per
3203 3890 3502 3946 multarum

1909 3967 2265 4038 tepiditatem,
2319 3969 2415 4024 sed
2447 3970 2737 4040 diligenter
2769 3973 2824 4027 in
2879 3973 3062 4030 ollicio
3100 3989 3321 4033 maneat
3345 3977 3508 4047 juxta

1907 4056 2264 4112 directionem
2322 4057 2580 4128 Spiritus,
2621 4060 2677 4115 in
2725 4078 2836 4118 uno
2863 4079 3052 4132 sensu,
3086 4067 3142 4122 in
3171 4085 3278 4124 una
3316 4071 3506 4127 volun-

1909 4158 2042 4214 tate,
2073 4150 2128 4204 in
2163 4165 2274 4204 uno
2321 4153 2486 4207 corde
2513 4163 2567 4209 et
2597 4153 2802 4221 anima,
2834 4155 2902 4210 ad
2933 4159 3246 4228 exemplum
3281 4173 3507 4219 sancto-

1908 4258 2055 4303 rum,
2086 4242 2183 4312 qui
2219 4243 2274 4297 in
2305 4244 2540 4300 Actibus
2577 4246 2902 4316 apostolicis
2931 4264 3335 4308 memorantur.
3364 4254 3505 4310 Erat

1907 4335 2078 4400 enim,
2102 4334 2299 4405 inquit,
2328 4336 2563 4390 omnium
2594 4339 2778 4392 anima
2803 4355 2912 4394 una
2947 4350 2996 4396 et
3031 4357 3124 4395 cor
3152 4359 3316 4398 unum
3347 4359 3367 4400 :
3411 4361 3506 4401 nec

1906 4429 2188 4500 quisquam
2233 4448 2415 4486 eorum
2437 4449 2555 4504 quae
2589 4434 2915 4504 possidebat,
2955 4439 3160 4509 aliquid
3208 4457 3366 4496 suum
3395 4459 3508 4498 esse

1907 4520 2117 4577 dicebat
2131 4523 2199 4579 ⁸⁵.

480 4619 594 4687 ζωὴ
615 4588 818 4686 ἀγαθή,
847 4588 986 4688 αὕτη
1021 4619 1181 4690 μερὶς
1220 4618 1427 4690 Κυρίου
1457 4633 1472 4649 ο
1503 4618 1662 4672 τοῦτο
1687 4636 1801 4672 κοιι

1983 4613 2110 4671 Haec
2131 4615 2273 4671 bona
2292 4624 2378 4672 est
2409 4619 2542 4685 vita,
2569 4619 2685 4676 haec
2709 4621 2888 4691 portio
2910 4621 3152 4687 Domini,
3181 4624 3286 4682 hoc
3311 4643 3506 4684 verum

212 4711 400 4768 v66tov
423 4709 698 4782 ἀληθινόν.
717 4702 793 4764 Οὗ
820 4709 878 4762 δὲ
899 4712 960 4763 οὐ
983 4709 1178 4776 ταῦτα,
1198 4710 1510 4765 τούναντίον
1537 4711 1782 4781 δηλονότι

228 4803 430 4875 Ἦλίκη
457 4820 540 4857 σοι
565 4803 710 4875 χαρὰ
733 4803 828 4857 καὶ
859 4802 1008 4870 δόξα,
1041 4805 1345 4875 τιμιωτάτη
1365 4843 1382 4868 ,
1413 4803 1550 4858 ἀλλὰ
1577 4807 1686 4875 γὰρ
1709 4805 1806 4859 καὶ⁵

212 4899 338 4961 τοῖς
367 4902 579 4960 τέκνοις
609 4913 724 4962 σου,
752 4895 1126 4960 ἁποστολικῶς
1154 4896 1564 4951 πολιτεύεσθαι·
1594 4914 1804 4970 πατρο-

213 4989 567 5060 παραδότως,
598 4988 828 5058 ἄγεσθαι
874 4989 1328 5060 εὐγενοπρεπῶςῐ
1356 4989 1516 5044 τοῦτο
1553 4989 1665 5061 γὰρ
1715 4991 1807 5044 εὐ-

213 5084 433 5154 γένεια,
479 5081 786 5152 θεαρέστως
837 5081 960 5152 ζῇν,
1005 5082 1359 5149 ἁγιοπρεπῶς
1401 5082 1802 5148 πολιτεύεσθαι,

213 5178 384 5247 γένος
411 5175 557 5245 ὑμᾶς
586 5173 948 5245 χρηματίζειν
998 5174 1276 5240 ὲκλεκτδν,
1305 5175 1531 5246 σπέρμα
1565 5175 1804 5245 ἔντιμον,

213 5271 404 5333 τίνοςς
436 5267 644 5338 Θέκλης
679 5268 892 5339 ἐκείνης
926 5269 1025 5336 τῆς
1057 5269 1550 5342 πρωτομάρτυρος,
1585 5269 1807 5341 Φεΰρω-

216 5359 367 5425 νίας,
396 5357 728 5428 Εύπραξίας,
759 5357 853 5412 τοῦ
877 5362 994 5412 κατ’
1023 5357 1194 5421 αὐτὰς
1225 5359 1372 5430 ίεροῦ
1398 5365 1493 5414 καὶ
1529 5359 1804 5431 μακαρίου

217 5446 554 5516 καταλόγου.
600 5447 667 5504 Εἰ
711 5446 822 5519 γὰρ
873 5447 1078 5519 κόσμον
1127 5448 1480 5516 κατελίπατε,
1528 5451 1578 5504 εί
1628 5449 1808 5519 γονεῖς

292 5604 345 5638 ⁸⁸
380 5603 573 5660 Matth.
602 5621 715 5672 xvi,
753 5604 845 5662 26.
939 5604 988 5638 ⁸⁵
1013 5607 1137 5663 Act.
1162 5622 1236 5674 tv,
1267 5607 1358 5666 32.

1912 4707 2245 4762 emnobium.
2308 4706 2410 4764 Ubi
2457 4725 2587 4766 vero
2643 4711 2758 4767 hinc
2807 4729 2914 4767 non
2968 4722 3119 4782 sunt,
3153 4719 3502 4774 contrarium

1911 4798 2121 4869 utique.
2162 4798 2380 4866 Quanta
2422 4801 2608 4856 laetitia
2639 4811 2693 4857 et
2732 4803 2907 4871 gloria
2947 4804 3069 4871 tibi,
3113 4809 3505 4866 reverendissi-

1912 4908 2022 4958 ma,
2053 4901 2110 4948 et
2143 4891 2361 4948 ﬁliabus
2409 4895 2540 4962 tuis,
2571 4897 2872 4965 apostolice
2911 4899 3118 4966 vivere,
3153 4902 3503 4960 traditionem

1910 4986 2169 5057 patritam
2219 4987 2502 5042 retinendo
2541 4989 2796 5046 nobiliter
2837 4993 3042 5063 agere?
3087 4993 3209 5050 Haec
3237 4997 3383 5050 enim
3419 5007 3504 5054 est

1909 5077 2188 5142 nobilitas,
2235 5090 2515 5148 acceptam
2566 5079 2676 5135 Deo
2721 5082 2889 5136 vitam
2926 5085 3149 5152 ducere,
3181 5091 3501 5146 conversari

1906 5179 1968 5224 ut
1996 5180 2218 5226 sanctos
2243 5170 2420 5238 decet,
2457 5187 2633 5242 genus
2672 5175 2908 5230 electum
2942 5191 3042 5234 vos
3069 5181 3359 5250 appellari,
3401 5197 3493 5238 se-

1908 5277 2034 5316 men
2096 5263 2434 5327 honorabile,
2490 5265 2825 5332 eujusnam?
2872 5267 3086 5326 Thecla:
3138 5273 3279 5328 illius
3312 5285 3502 5343 prato.

1907 5355 2184 5426 martyris,
2210 5354 2512 5423 Febroniae,
2547 5357 2851 5430 Eupraxize,
2882 5371 2939 5417 et
2969 5363 3168 5435 reliqui
3194 5366 3500 5424 secundum

1908 5448 2030 5505 illas
2087 5450 2232 5507 sacri
2277 5465 2342 5508 ac
2385 5453 2532 5510 beati
2587 5457 2842 5527 catalogi.
2890 5457 3105 5515 Etenim
3149 5460 3195 5517 si
3232 5461 3499 5518 mundum

1762 5727 1989 5788 ΝΟΤᾸΕ.

311 5837 428 5909 (l9)
464 5838 522 5896 In
557 5838 681 5896 cod.
717 5838 850 5910 Reg.
898 5837 1023 5908 ρλε’.
