4060 6374
507 349 644 420 1403

1695 355 1756 416 3.
1798 355 2196 418 THEODORI
2234 356 2583 419 STUDITA!

3642 357 3792 428 1404

499 466 821 538 reliquistis,
869 465 916 522 si
976 477 1232 540 parentes
1278 469 1615 541 abnegastis,
1641 470 1688 525 si
1721 470 2085 542 virginitatem

2193 471 2526 543 ἠρνήσασθε,
2553 472 2602 526 εί
2629 468 2932 542 παρθενίαν
2973 469 3210 535 ιζλεσθε,
3241 470 3292 524 si
3339 469 3564 542 Χριστῷ
3613 473 3794 543 mp-

497 560 759 632 elegistis,
791 559 836 614 si
866 559 1091 617 Christo
1113 561 1403 632 desponsae
1444 563 1597 627 estis,
1626 561 1672 617 si
1707 577 1932 632 regnum
1953 561 2084 620 ἐω-

500 655 675 708 lorum
701 654 1026 719 adamastis,
1063 669 1162 710 cur
1186 669 1294 708 non
1321 653 1559 710 studium
1587 662 1827 708 vestrum
1861 670 2085 710 curam-

497 759 610 814 que
665 760 884 800 omnem
944 746 1012 801 ad
1073 746 1178 801 hoc
1221 745 1565 801 conferatis?
1601 747 1901 816 gaudentes
1941 749 2084 818 quod

499 839 593 893 tali
628 854 856 893 munere
879 848 934 893 et.
966 838 1076 893 Deo
1117 839 1354 908 dignata:
1397 840 1554 903 estis,
1581 839 1847 910 dignitate
1874 840 2086 895 incom-

499 931 730 1001 parabili
772 946 786 984 :
847 945 956 984 non
1002 931 1125 985 dico
1175 930 1476 986 secundum
1533 931 1770 986 humana
1821 949 1834 985 :
1889 933 2086 988 umbra

498 1022 644 1075 enim
668 1022 782 1077 haec
807 1031 934 1076 sunt
975 1033 1031 1077 et
1061 1023 1274 1078 somnia
1297 1062 1312 1087 ,
1355 1038 1478 1090 qua:
1514 1039 1638 1078 cum
1689 1025 1942 1094 praesenti
1979 1040 2087 1080 saa-

499 1115 624 1170 culo
653 1115 954 1170 interibunt
985 1131 998 1170 :
1033 1115 1129 1170 sed
1182 1116 1483 1171 secundum
1517 1117 1825 1186 spiritualia
1862 1135 1876 1172 :
1906 1118 2084 1188 siqui-

498 1204 621 1259 dem
674 1202 954 1273 virginitas
1011 1212 1065 1258 et
1121 1214 1412 1274 paupertas
1470 1207 1613 1262 inter
1655 1207 1892 1262 maxima
1941 1209 2086 1265 dona

498 1296 857 1366 praecipuum.
891 1296 1046 1362 Quod
1073 1297 1117 1352 si
1151 1313 1259 1352 non
1290 1299 1634 1353 exsatiantur
1662 1301 1756 1370 qui
1793 1301 1846 1354 in
1880 1301 2087 1357 mundo

499 1395 650 1448 sunt,
689 1395 739 1440 et
767 1387 1062 1456 acquirunt
1100 1385 1285 1440 inania
1307 1397 1362 1442 et
1390 1390 1630 1458 peritura
1666 1406 1680 1443 :
1731 1406 1897 1459 quam
1933 1392 2085 1445 insa-

500 1477 762 1533 turabiles
789 1494 888 1533 nos
917 1493 1038 1533 esse
1076 1479 1339 1534 debemus
1373 1480 1425 1534 in
1466 1481 1748 1550 perpetuis
1773 1491 1828 1537 et
1857 1482 2088 1538 inenar-

497 1570 767 1626 rabilibus
817 1570 1004 1626 bonis?
1047 1572 1248 1642 Utique
1299 1571 1509 1640 hortor,
1569 1575 1756 1643 utique
1807 1575 2082 1632 obsecro:

496 1663 768 1734 acquirite
803 1665 1076 1728 cmlestia,
1117 1666 1241 1721 tilia:
1276 1664 1369 1720 Dei
1400 1675 1594 1733 estote,
1631 1667 1832 1736 reginae
1863 1667 1917 1721 in
1944 1669 2086 1724 caelo

499 1758 771 1828 gloriosae,
801 1773 1015 1827 sponsu:
1043 1758 1267 1823 Christi,
1293 1757 1496 1814 Christi
1540 1758 1876 1821 cohaaredes.
1910 1759 2003 1814 lux
2029 1759 2084 1814 in

2189 563 2450 636 φεύθητε,
2498 565 2550 618 εί
2605 564 2886 636 βασιλείαν
2922 563 3170 636 οὐρανῶν
3200 564 3549 636 ἠγαπήσατε,
3593 567 3650 618 τί
3707 568 3790 638 μὴ

2188 657 2370 710 πᾶσαν
2399 655 2555 726 ὑμῶν
2598 655 2700 728 τὴν
2731 655 2966 720 σπουδὴν
2999 656 3093 713 καὶ
3119 656 3395 728 μέριμναν
3451 658 3594 731 πρὸς
3621 659 3792 713 τοῦτο

2188 746 2387 818 ἔχοιτε,
2421 747 2711 820 χαίρουσαι
2731 747 2816 800 ὅτι
2834 747 3078 801 τοιούτου
3101 747 3385 804 θεοσδότου
3415 749 3593 823 δώρου
3624 751 3790 820 ἠξιὼ-

2190 841 2340 910 θητε,
2366 838 2677 911 ἀξιώματος
2707 837 3120 911 ἀνυπερϐλήτου
3148 851 3166 868 ⁸
3222 841 3285 894 οὐ
3331 839 3477 909 λέγω
3532 842 3683 896 κατὰ
3717 842 3789 898 τὰ

2189 928 2508 1001 ἀνθρώπινα
2551 929 2705 1000 (σκιὰ
2735 929 2846 1000 γὰρ
2887 929 3064 984 ταῦτα
3103 929 3199 984 καὶ
3232 929 3509 1002 ὀνείρατα,
3551 933 3650 985 καὶ
3708 931 3790 1001 τῷ

2183 1023 2418 1092 ¹’παρόντι
2471 1021 2628 1076 αἰῶνι
2662 1021 3196 1093 συγκαταλυὸμενα),
3241 1022 3378 1076 ἀλλὰ
3405 1023 3679 1076 καὶκατὰ
3718 1025 3788 1077 τὰ

2189 1113 2542 1184 πνευματικά
2571 1131 2586 1146 ·
2621 1114 2780 1185 είπερ
2812 1113 3084 1184 παρθενία
3132 1114 3229 1167 καί
3274 1115 3634 1185 ἁκτημοσύνη
3673 1113 3787 1166 τῶν

2192 1206 2466 1276 μεγίστων
2497 1203 2718 1276 δωρεῶν
2759 1203 2822 1258 τὸ
2859 1203 3174 1274 ὲξαίρετον;
3203 1205 3299 1259 καὶ
3331 1206 3380 1257 εί
3408 1204 3786 1275 ἁπληστεύονο

2185 1313 2276 1351 ται
2301 1297 2350 1349 οί
2375 1295 2519 1350 κατὰ
2548 1296 2754 1367 κόσμον
2779 1297 3072 1366 μετασχεῖν
3091 1295 3202 1348 τῶν
3227 1295 3475 1365 ματαίων
3496 1295 3594 1350 καὶ
3614 1296 3786 1348 ἀπο)...

2187 1388 2462 1461 λυμένων·
2497 1389 2553 1442 τί
2585 1389 2682 1444 καὶ
2728 1388 2894 1442 πόσον
2923 1390 3087 1459 ἡμεῖς
3137 1387 3430 1459 ὀφείλομεν
3459 1389 3782 1460 ἁκορέστως

2187 1483 2332 1556 ἔχειν
2362 1485 2420 1537 ὲν
2447 1485 2560 1546 τοῖς
2605 1482 2913 1554 ἀμηρύτοις
2963 1481 3060 1535 καὶ
3095 1480 3482 1552 ἀνεκλαλήτοις
3516 1479 3776 1549 ἀγαθοῖςς

2186 1576 2318 1644 Ναὶ,
2377 1573 2701 1646 παρακαλῶ·
2761 1575 2870 1641 ναὶ,
2934 1573 3222 1641 ἀντιϐολῶ,
3258 1572 3688 1645 κατακτήσασθε
3713 1574 3781 1628 τὰ

2187 1667 2416 1738 οὐράνια
2435 1681 2450 1696 ·
2491 1665 2737 1735 γένοισθε
2767 1664 2904 1720 Θεοῦ
2935 1664 3263 1736 θυγατέρες,
3295 1664 3568 1736 βασιλίδες
3611 1666 3778 1737 ούρα-

2189 1760 2492 1832 νοτίμητοι,
2509 1759 2753 1830 Χριστοῦ
2783 1757 3021 1830 νύμφαι,
3052 1756 3292 1828 Χριστοῦ
3321 1757 3775 1829 συγκληρονόμοι,

499 1851 730 1916 mundo,
779 1866 960 1906 sermo
998 1861 1244 1916 sanctus,
1289 1851 1636 1906 conversatio
1671 1851 1831 1907 laude
1875 1852 2083 1923 digna:

2193 1851 2308 1919 φῶς
2344 1851 2403 1903 ὲν
2432 1850 2643 1921 κόσμῳ,
2665 1849 2884 1921 λάλημα
2905 1848 3083 1918 ἅγιον,
3105 1847 3405 1918 πολίτευμα
3437 1847 3774 1915 ἀξιέπαινον.

500 1952 559 1998 ιιι
587 1945 832 2015 quidem,
878 1943 1102 1998 domina
1146 1944 1373 2000 antistes
1419 1953 1472 1999 et
1523 1944 1583 1998 in
1625 1943 1846 2000 Christo
1896 1945 2090 2014 praesi-

499 2035 657 2098 dens,
687 2044 740 2090 et
772 2051 869 2092 vos
890 2036 1104 2105 egregia
1137 2036 1388 2105 pignora,
1421 2035 1546 2091 tiliae
1575 2051 1830 2106 supernae.
1855 2033 2086 2092 Jerusa-

499 2123 632 2191 lem,
664 2125 720 2178 ln
749 2123 971 2180 Christo
1000 2123 1130 2182 Jesu
1163 2125 1394 2182 Domino
1445 2134 1655 2192 nostro,
1686 2127 1772 2182 cui
1805 2125 1978 2196 gloria
2030 2125 2090 2181 in

499 2218 718 2274 uacula.
747 2217 943 2274 Amen.

675 2331 912 2389 CXXIV.
944 2363 1010 2378 --
1033 2331 1332 2392 Catecheais
1355 2333 1426 2390 ad
1448 2334 1736 2405 discipulos
1761 2352 1908 2391 suos.

2189 1941 2261 1995 Σύ
2292 1959 2354 1995 τε
2375 1943 2408 2014 ή
2435 1943 2601 2012 κυρία
2627 1939 3042 2012 καθηγουμένη,
3067 1939 3162 1994 καὶ
3185 1940 3244 1993 ἐν
3262 1938 3485 2010 Χριστῷ
3512 1939 3775 2010 ἄρχουσα,

2188 2033 2347 2104 ὑμεῖς
2376 2049 2436 2086 τε
2468 2033 2525 2086 αἰ
2566 2031 2908 2086 καλλίτεκνοι
2943 2029 3246 2099 θυγατέρες
3283 2027 3526 2098 τῆς,ἇνω
3575 2027 3772 2098 Ἰερου-

2189 2125 2392 2198 σαλὴμ,
2418 2127 2478 2180 ὲν
2513 2123 2739 2197 Χριστῷ
2777 2123 2953 2198 ’ἷησοῦ
2977 2123 3056 2196 τῷ
3084 2125 3279 2198 Κυρίῳ
3299 2121 3482 2196 ἡμῶν,
3509 2119 3558 2193 ᾧ
3591 2125 3628 2198 ἠ
3653 2121 3775 2188 δόξα

2185 2219 2267 2282 είς
2291 2217 2421 2280 τοὺς
2445 2218 2672 2282 αἰῶνας.
2721 2217 2917 2289 Ἀμήν.

2195 2329 2347 2386 PKA'
2382 2330 2518 2403 (20).
2553 2360 2620 2372 -
2653 2330 3001 2403 Κατήχησις
3028 2329 3208 2403 -πρόςᾉ
3235 2329 3384 2398 τοὺς
3417 2328 3646 2386 ἑαυτοῦ
3667 2345 3774 2402 μα·

2761 2399 2965 2470 θηῒάςο
3027 2399 3210 2474 nec]

1457 2509 1646 2564 Horum
1668 2513 2020 2565 contentiones
2037 2514 2173 2566 inter
2192 2526 2272 2576 se,
2292 2518 2347 2565 et
2364 2515 2587 2578 quaedam
2609 2513 2705 2565 alia
2725 2513 2952 2579 castigat.

575 2626 970 2682 Catcchesibus
998 2641 1101 2697 ego
1137 2627 1367 2684 humilis
1393 2641 1617 2698 operam
1645 2630 1738 2692 do,
1769 2644 1878 2684 non
1903 2639 2092 2686 osten-

507 2717 726 2773 talionis
753 2717 958 2782 studio,
993 2735 1174 2788 neque
1207 2734 1276 2774 ex
1325 2720 1564 2774 absurda
1597 2721 1798 2775 mentis
1831 2721 2085 2790 elatione,

505 2812 602 2868 sed
631 2828 699 2867 ex
737 2821 886 2867 metu
926 2827 992 2868 ac
1035 2823 1292 2879 tremore,
1349 2827 1418 2868 ex
1453 2813 1622 2868 corde.
1678 2814 1844 2869 anxio
1877 2823 1932 2869 et
1961 2814 2091 2872 cha-

505 2906 690 2970 ritate,
717 2904 915 2967 fratres
949 2914 1261 2976 patresque.
1293 2904 1549 2962 Amantis
1577 2904 1847 2978 siquidem
1871 2909 2088 2980 signum

2269 2627 2474 2699 Ἔργον
2516 2627 2631 2696 ἐγὼ
2662 2629 2690 2681 ὁ
2723 2625 2976 2690 ταπεινὸς
3006 2625 3314 2697 ἐργάζομαι
3365 2625 3426 2682 ὲν
3480 2627 3606 2691 ταῖς
3653 2643 3778 2680 κατ-

2193 2723 2480 2793 ηχήσεσιν,
2521 2723 2622 2776 οὐκ
2644 2722 2703 2789 ἐξ
2733 2721 3168 2795 ἐπιτηδεύματος
3201 2720 3607 2793 φανητιασμοῦ,
3661 2723 3776 2776 οὐδὲ

2189 2812 2300 2866 ἀπὸ
2332 2813 2720 2884 συνεπάρσεως
2747 2813 2986 2878 διανοίας
3019 2813 3336 2868 ἀλλοκότου·
3377 2814 3496 2868 ἀλλ’
3521 2816 3590 2868 ἑκ
3611 2814 3774 2883 φόϐου

2190 2906 2286 2958 καὶ
2311 2905 2542 2976 τρόμου,
2578 2905 2639 2971 ἐξ
2666 2906 2929 2960 ἐπιπόνου
2968 2907 3198 2978 καρδίας
3229 2909 3326 2962 καὶ
3351 2907 3599 2980 ἀγάπης.
3628 2907 3778 2962 ἀδελ-

501 3010 586 3056 est
623 2999 856 3054 sollicite
881 2999 1100 3054 docere.
1141 2997 1338 3066 Argue,
1385 2998 1586 3068 inquit,
1631 2999 1866 3069 increpa,
1897 3017 2090 3070 oppor-

2194 2996 2286 3065 φοι
2335 2998 2430 3052 καὶ
2461 2995 2726 3068 Πατέρες.
2757 2997 2930 3069 Εῐπερ
2959 2998 3283 3066 ἀγαπῶντος
3314 2999 3517 3069 δεῖγμα
3545 2999 3610 3052 τὸ
3653 3002 3777 3053 km.

505 3103 650 3160 tune,
699 3095 996 3161 importune
1015 3093 1084 3147 ⁸⁸.
1126 3092 1205 3148 Ad
1266 3093 1400 3160 haec,
1453 3093 1691 3158 hortare,
1741 3094 1989 3160 instrue,
2036 3103 2092 3151 et

379 3215 391 3228 -
503 3203 845 3260 quaecunque
896 3185 1000 3241 alia
1059 3185 1222 3241 habet
1279 3186 1364 3241 lex
1413 3185 1508 3241 Dei
1561 3201 1626 3241 ac
1651 3187 1918 3258 praecipit.
1950 3185 2092 3254 Quid

504 3293 637 3350 ergo
662 3278 973 3346 signiﬁcare
999 3277 1256 3332 volumus
1285 3275 1373 3330 his
1401 3275 1628 3333 verbis?
1658 3277 1732 3334 De
1762 3279 2090 3348 petulantia;

504 3371 652 3443 quod
720 3371 789 3426 ad
847 3370 1210 3440 psalmodiam
1242 3385 1272 3424 a
1303 3369 1408 3440 piis
1465 3377 1521 3424 et
1567 3370 1841 3440 religiosis
1891 3373 2090 3439 vocati,

505 3481 617 3519 non
648 3463 791 3518 sicut
834 3463 990 3518 decet
1018 3446 1333 3517 convenitis
1369 3470 1423 3517 et
1448 3468 1660 3517 noctem
1704 3461 1904 3518 ducitis
1943 3481 1958 3519 :
1997 3463 2095 3519 sed

504 3557 560 3613 in
610 3549 1416 3620 verborumcontentionibus,
1463 3554 1768 3625 primisque
1801 3556 2083 3612 consessi-

504 3650 630 3705 bus.
662 3647 988 3718 Anticipasti
1015 3655 1096 3714 tu,
1147 3647 1347 3718 inquit,
1373 3655 1428 3702 et
1456 3661 1544 3702 me
1583 3661 1692 3702 non
1740 3648 2096 3717 exspectasti.

507 3744 792 3816 Propriam
843 3758 1057 3800 coenam
1088 3743 1395 3814 sumpsisti,
1437 3752 1493 3798 et
1524 3757 1614 3799 me
1645 3757 1755 3799 non
1786 3743 2092 3800 advocasti.

505 3837 623 3909 Ego
659 3836 889 3892 chorum
921 3835 1268 3901 moderabor,
1301 3842 1356 3890 et
1393 3849 1503 3890 non
1557 3845 1638 3900 tu,
1673 3834 1871 3904 inquit.
1915 3835 2096 3908 Atque

507 3930 626 3985 haec
651 3929 704 3983 in
761 3926 1054 3983 Ecclesia:
1087 3933 1250 3997 atque
1298 3925 1416 3981 haec
1469 3925 1823 3982 audientibus
1864 3924 1972 3982 illis
1999 3925 2097 3996 qui

506 4023 814 4079 invitarunt
849 4039 864 4077 :
913 4035 981 4075 ex
1018 4017 1330 4091 quibusira
1361 4017 1586 4089 quidem
1615 4017 1801 4073 divina
1842 4017 2098 4074 invisibi-

507 4101 600 4180 lis,
625 4113 782 4172 dolor
815 4127 944 4168 vero
980 4121 1035 4168 et
1086 4111 1317 4168 oﬂensio
1358 4120 1548 4181 aperta
1595 4109 1969 4166 invitantium.
2011 4109 2098 4165 An

507 4216 828 4280 potestatem
881 4221 991 4261 non
1039 4205 1278 4271 habetis,
1315 4204 1362 4260 si
1400 4203 1534 4275 quid
1573 4203 1838 4261 molestiae
1864 4202 2098 4268 incidat,

506 4301 762 4372 privatim
793 4297 1089 4356 accusandi
1137 4306 1352 4363 mutuo,
1383 4305 1438 4351 et
1467 4311 1592 4368 qua:
1635 4306 1935 4352 occurrunt
1965 4310 2100 4351 con-

507 4485 655 4540 tem?
713 4483 817 4537 Sed
873 4481 1047 4536 frater
1108 4497 1232 4537 cum
1261 4481 1432 4537 fratre
1481 4481 1788 4544 contendit,
1817 4480 2097 4550 irascitur,

510 4577 708 4648 lnjuria
736 4575 922 4640 allicit,
948 4575 1264 4630 indecenter
1285 4590 1346 4630 se
1373 4575 1513 4646 gerit
1538 4574 1591 4629 in
1617 4573 1792 4632 oculis
1819 4575 2096 4631 omnium.

510 4669 556 4726 Ο
605 4667 1006 4742 petulantiam?
1038 4681 1073 4722 ο
1118 4666 1362 4722 alienum
1411 4680 1444 4721 a
1481 4665 1770 4722 monachis
1811 4674 2104 4738 spectacu-

509 4761 623 4816 lum
659 4760 672 4814 ι
701 4775 736 4816 o
763 4759 1074 4818 divinarum
1101 4757 1284 4829 legum
1310 4756 1720 4828 contemptum!

586 4935 792 4992 Deinde
847 4950 1014 4992 causa
1056 4935 1350 5008 praeposito
1388 4935 1730 4992 attribuitur.
1779 4933 1963 5004 Talis,
2010 4935 2101 4991 in-

2197 3085 2375 3158 μελῶς
2423 3085 2724 3142 παιδεύειν.
2782 3088 3101 3157 Ἕλεγξον,
3149 3089 3336 3161 φησὶν,
3393 3088 3776 3159 ἐπιτίμησον.

2192 3179 2506 3246 εὐκαίρως,
2541 3179 2823 3248 ἀκαίρως.
2863 3180 3018 3234 Ἐπεὶ
3070 3182 3166 3235 καὶ
3219 3181 3630 3253 παρακάλεσον,
3661 3199 3781 3238 νου-

2195 3267 2441 3338 θέτησον,
2491 3269 2594 3323 ὅσα
2633 3269 2770 3324 ἄλλα
2817 3272 2847 3324 ὁ
2877 3270 2972 3324 τοῦ
3003 3270 3144 3325 Θεοῦ
3167 3273 3330 3344 νόμος
3379 3271 3495 3342 ἔχει
3533 3277 3633 3326 καὶ
3666 3273 3782 3326 δια-

2195 3361 2498 3418 κελεύεται.
2531 3363 2599 3417 Τί
2631 3363 2696 3434 δὴ
2723 3358 2819 3418 οῦν
2845 3363 3095 3436 βούλεταί
3137 3382 3228 3438 μοι
3252 3369 3281 3420 ὁ
3305 3365 3464 3436 λόγος
3503 3367 3782 3438 ὑποδηλῶ-

2197 3469 2290 3507 σαι
2313 3469 2329 3518 ;
2354 3453 2492 3525 Περὶ
2521 3453 2773 3520 ἀταξίας⁹
2803 3455 2886 3510 ὅτι
2911 3456 3383 3528 προσκαλούμενοι
3411 3459 3518 3512 ὑπὸ
3545 3459 3780 3512 εὐσεϐῶν

2195 3545 2276 3609 είς
2307 3543 2648 3616 ψαλμῳδίας,
2687 3547 2752 3602 ού
2785 3548 2929 3602 κατὰ
2952 3548 3014 3603 τὺ
3042 3548 3329 3620 πρεπῶδες
3363 3551 3782 3622 συναθροίζεσθε

2197 3639 2294 3693 καὶ
2321 3640 2720 3712 παννυχίζετε,
2748 3642 2864 3696 ἀλλ’
2925 3643 2984 3697 ἐν
3036 3643 3395 3716 λογομαχίαις
3430 3648 3529 3700 καὶ
3567 3663 3782 3717 πρῶτος

2197 3733 2457 3800 κλισίαις.
2481 3735 2800 3808 Προῦλαϐες
2827 3737 2916 3802 σὺ,
2947 3739 3105 3810 φησὶ,
3145 3738 3290 3810 κάμὲ
3319 3740 3422 3793 οὐκ
3468 3738 3783 3809 ἀνέμεινας.

2198 3826 2274 3881 To
2324 3828 2454 3883 ῐδιον
2499 3827 2718 3883 δεῖπνον
2777 3827 3004 3900 ἔφαγες,
3066 3829 3210 3901 κάμὲ
3271 3829 3335 3884 οὑ
3393 3830 3784 3891 συνεκάλεσας.

2210 3916 2354 3988 Ἐγὼ
2385 3920 2881 3992 κανοναρχήσαιμι,
2913 3920 3030 3975 ἀλλ’
3067 3921 3129 3991 ού
3158 3921 3246 3987 σὺ,
3277 3922 3432 3993 φησί.
3463 3923 3578 3976 Καὶ
3613 3919 3789 3982 ταῦτα

2200 4007 2260 4062 ὲν
2301 4009 2589 4082 ἐκκλησία·
2630 4011 2725 4065 καὶ
2747 4010 2920 4066 ταῦτα
2946 4012 3254 4066 ἀκουόντων
3277 4012 3388 4066 τῶν
3413 4013 3785 4084 κεκληκὸτων·

2199 4100 2285 4171 ἐφ’
2313 4097 2394 4165 οἷς
2419 4101 2558 4175 ὀργὴ
2591 4103 2692 4174 μὲν
2719 4102 2856 4157 Θεοῦ
2881 4105 3130 4176 ἀοράτως
3155 4120 3172 4136 ο
3216 4105 3364 4176 λύπη
3400 4105 3458 4159 δὲ
3486 4108 3580 4162 καὶ
3613 4099 3788 4179 βλάϐη

2200 4193 2610 4266 ὁμολογουμένη
2641 4194 2754 4249 τῶν
2782 4195 3152 4266 κεκληκότων.
3183 4197 3278 4269 Μὴ
3308 4197 3419 4269 γὰρ
3472 4199 3662 4269 χώραν
3687 4199 3790 4255 οὐκ

2204 4284 2386 4357 ἔχητε,
2421 4287 2471 4340 εί
2508 4285 2602 4340 καί
2632 4302 2685 4340 τι
2715 4286 2925 4356 γίνοιτο
2947 4286 3254 4354 θλιπτικδν,
3284 4290 3367 4353 είς
3385 4289 3450 4343 τδ
3484 4289 3595 4360 ἰδίᾳ
3626 4291 3792 4359 ἐγκα-

411 4389 415 4394 ’
507 4391 730 4448 ciliandi
753 4405 848 4460 per
909 4388 1339 4446 satisfactionem
1389 4395 1445 4443 et
1491 4401 1791 4458 congruam
1826 4387 2090 4443 humilita-

2208 4377 2323 4431 λεῖν
2343 4376 2614 4450 ἀλλήλοις,
2646 4379 2741 4432 καὶ
2764 4377 2835 4432 τὰ
2861 4379 3250 4450 συμπίπτοντα
3287 4381 3691 4436 καταλλάσσειν
3721 4381 3792 4435 δι’

2203 4469 2502 4538 ἀπολογίας
2527 4470 2623 4523 καὶ
2651 4469 2751 4540 τῆς
2770 4470 3002 4543 δεούσης
3026 4471 3448 4540 ταπεινώσεως;
3479 4472 3622 4526 Ἀλλ’
3637 4471 3796 4530 ἀδελ-

2205 4561 2307 4632 φὸς
2339 4560 2458 4632 μετ’
2486 4560 2715 4630 ἀδελφοῦ
2745 4563 3002 4634 μάχεται,
3033 4563 3334 4635 ὀργίζεται,
3354 4564 3586 4636 ὑϐρίζει,
3611 4566 3796 4638 ἀσχηο

2206 4653 2379 4725 μονεί,
2427 4653 2522 4706 ἐπὶ
2557 4652 2854 4725 προσώπου
2891 4656 3132 4710 πάντων.
3169 4658 3234 4712 Ὦ
3277 4656 3379 4728 τῆς
3421 4657 3695 4726 ἀταξίαςι
3751 4657 3798 4714 ὦ

2201 4743 2302 4814 τῆς
2350 4743 2627 4816 ἁμονάχου
2663 4743 2933 4820 θεωρίαςι
2965 4746 3012 4802 ῶ
3039 4746 3142 4818 τῆς
3189 4748 3661 4821 καταφρονήσεως
3685 4751 3799 4806 τῶν

2208 4834 2372 4890 θείων
2399 4835 2582 4908 νόμων
2606 4839 2620 4894 l

2278 4923 2412 4984 Εἶτα
2456 4928 2492 5000 ἠ
2535 4927 2682 4983 αίτία
2721 4928 2816 4986 ἐπὶ
2866 4929 2959 4986 τὸν
3017 4930 3455 5002 καθηγούμενον.
3508 4931 3788 4994 Τοιούτοα

512 5028 734 5098 quiunt,
784 5025 1033 5098 magistri
1065 5027 1200 5082 tales
1245 5035 1300 5082 et
1326 5025 1602 5096 discipuli.
1633 5025 1835 5079 Annon
1869 5038 2090 5079 exosum

2210 5019 2367 5094 φησὶ,
2397 5020 2719 5076 διδασκάλου
2749 5023 3058 5095 τηλικοῦτοι
3088 5024 3186 5079 καὶ
3225 5024 3486 5096 μαθηταί.
3511 5014 3645 5095 ’Δρ⁹
3682 5024 3787 5088 οὐκ

514 5134 602 5174 tne
631 5117 698 5172 iis
744 5118 909 5172 etiam
946 5117 1043 5188 qui
1081 5118 1136 5174 in
1169 5118 1303 5172 urbe
1331 5127 1462 5172 sunt
1504 5114 1859 5172 reddidistis?
1895 5120 2090 5171 Annon

2213 5111 2441 5184 μισητόν
2469 5129 2537 5184 με
2567 5114 2908 5186 πεποιήκατε
2938 5116 3034 5169 καὶ
3069 5118 3179 5179 τοῖς
3205 5117 3264 5170 ὲν
3293 5117 3450 5170 ἄστει
3476 5133 3492 5184 ;
3517 5111 3649 5186 'Ap’
3681 5116 3815 5184 σύχν’

514 5208 843 5280 praeclarum
908 5223 1150 5272 nomen,
1201 5208 1350 5277 quod
1397 5207 1452 5261 in
1513 5214 1703 5262 sancta
1757 5205 2090 5262 fraternitatt

2207 5205 2268 5258 τὸ
2298 5203 2462 5258 καλδν
2489 5203 2662 5277 ὄνομα
2681 5205 2744 5259 τὸ
2771 5207 3069 5279 ἐπικληθὲν
3095 5209 3191 5263 ἐπὶ
3217 5211 3284 5280 τῇ
3314 5208 3439 5279 ὁσία
3467 5207 3794 5276 ἀδελφότητι

402 5317 405 5320 ·
515 5312 706 5358 nostra
741 5301 1076 5359 celebratum
1103 5299 1226 5366 fuit,
1259 5301 1316 5356 in
1351 5301 1693 5356 contrarium
1721 5301 2090 5356 convertitur‘

2210 5295 2391 5368 ἡμῶν,
2429 5297 2509 5361 είς
2547 5297 2859 5353 τούναντίον
2909 5302 3343 5372 περιτρέπεταις
3403 5297 3668 5370 Μάχεσθε
3709 5298 3796 5352 καὶ

516 5395 786 5468 Pugnatis
827 5403 882 5451 et
916 5393 1252 5467 belligeratis
1280 5411 1295 5448 :
1349 5393 1639 5454 comeditis
1670 5401 1728 5450 et
1757 5393 1964 5459 bibitis,
1995 5407 2090 5448 nor:

2212 5389 2500 5462 πολεμεῖτε
2525 5405 2540 5421 ο
2595 5389 2838 5462 τρώγετε
2881 5392 2979 5448 καὶ
3017 5391 3203 5448 πίνετε
3226 5408 3242 5424 ·
3272 5393 3375 5447 οὐκ
3399 5391 3670 5459 εὐλαϐῶς,
3704 5389 3796 5460 οὐχ

612 5512 658 5544 ⁸⁸
689 5509 734 5566 ll
777 5506 922 5566 Tim.
953 5523 1030 5574 tv,
1068 5507 1124 5564 2.

2042 5679 2272 5738 ΝΟΤΑΕ.

604 5802 716 5874 (το)
740 5803 801 5861 ln
841 5803 962 5860 cod.
992 5801 1128 5872 Reg.
1180 5799 1323 5873 ρλς’·
