4060 6374
287 383 429 465 1405
1473 397 2008 462 EPISTULARUM
2049 401 2194 462 LIB.
2237 401 2320 463 II.
3402 357 3538 463 1406

283 500 526 573 ἡσύχως,
565 499 682 557 ἀλλ’
704 501 959 575 άσέμνως
980 545 998 572 ,
1042 505 1161 563 an"
1187 509 1497 584 ἀμονάχως.
1551 515 1690 570 Εἴτε
1743 511 1858 573 οὖν

1977 527 2272 574 'cverenter
2321 524 2376 572 et
2443 515 2687 586 pacitlce,
2724 514 2820 571 sed
2854 514 3162 579 inhoneste,
3221 515 3317 570 sed
3346 525 3542 572 contra

282 592 538 657 ἐσθίετε,
590 594 714 650 εἴτε
765 598 990 664 πίνετε,
1029 600 1152 655 εἴτε
1204 602 1268 656 τι
1321 604 1562 670 ποιεῖτε,
1611 607 1778 678 φησὶν
1829 610 1858 663 ὁ

1977 623 2168 664 norem
2205 607 2617 664 monasticum:
2669 607 2792 662 Sive
2852 623 2975 676 ergo
3016 606 3376 671 manducatis,
3437 611 3544 664 sive

293 680 638 749 Ἀπόστολος,
671 683 871 738 πάντα
890 686 982 753 εις
1007 687 1197 753 δόξαν
1223 691 1374 746 Θεοῦ
1405 694 1646 750 ποιεῖτε.
1669 695 1860 766 Ὑμεῖς

1977 701 2165 766 bibitis,
2200 701 2306 755 sive
2335 699 2462 770 quid
2485 700 2636 754 aliud
2658 700 2857 770 facitis,
2884 699 2960 754 ait
3007 699 3324 769 Apostolus,
3361 702 3543 754 omnia

283 771 344 825 δέ
374 773 472 843 οὐχ
504 772 700 841 οὕτως,
732 777 828 830 καὶ
857 779 1247 850 καταισχύνετε
1299 783 1360 836 τὸ
1420 785 1575 854 άγιον
1632 788 1818 859 σχῆμα
1838 803 1856 822 °

1977 796 2015 846 ιι
2040 792 2265 863 gloriam
2293 791 2390 846 Dei
2413 792 2574 862 facite
2590 791 2658 846 ⁸⁷.
2683 791 2792 845 Vos
2818 807 2948 846 vero
2999 805 3106 844 non
3149 790 3226 844 sic
3256 808 3270 844 :
3305 799 3359 860 et
3389 791 3546 860 igno.

284 863 668 930 σκανδαλίζετε
711 869 838 931 τοὺς
859 869 1130 938 εὐλαϐεῖς,
1187 873 1390 943 μᾶλλον
1425 875 1484 929 δὲ
1512 877 1608 932 καὶ
1633 879 1862 933 άνευλα-

1977 885 2131 939 ninia
2162 883 2376 940 adicitis
2407 899 2624 940 sacrum
2674 884 2919 938 habitum
2965 901 2979 937 :
3009 881 3339 938 verecundis
3375 882 3548 937 oﬂ‘en-

283 952 422 1064 ἱεῖς.
495 955 623 1064 Eros
697 958 930 1027 ἠκούετο
997 963 1128 1034 περὶ
1183 964 1303 1030 ἐνὸς
1379 967 1613 1023 ἑκάστου
1681 971 1858 1041 ὑμῶν.

1977 976 2143 1031 liculo
2193 977 2345 1042 estis,
2410 977 2519 1031 imo
2548 977 2731 1047 potius
2774 974 3182 1030 inverecundis.
3226 972 3445 1028 Utinam
3481 975 3548 1030 de

313 1048 511 1139 Dm‘t’ov
533 1047 760 1114 εὐλαϐὲς
780 1052 1071 1122 πρόσωπον
1101 1055 1255 1127 φέρει
1276 1060 1305 1112 ὁ
1321 1058 1502 1114 δεῖναί
1531 1062 1646 1116 Οὐὰ
1670 1062 1861 1133 ήλίκον

1977 1084 2299 1139 unoquoque
2329 1079 2575 1125 vestrum
2602 1068 2860 1123 audiatur
2889 1085 2902 1121 :
2936 1067 3210 1133 Quantam
3255 1066 3405 1120 vultu
3433 1081 3550 1121 mo-

283 1135 346 1244 τὸ
392 1140 830 1244 ⁹σιωπηλόν-,τοῦ
874 1143 1054 1200 δεῖναί
1116 1144 1246 1217 εὖγε
1302 1150 1366 1204 τὸ
1413 1151 1863 1226 ἀπαρρησίαστον

1977 1135 2192 1216 iestiam
2211 1135 2450 1232 praefert
2485 1161 2606 1216 ille!
2656 1158 2700 1216 Ο
2731 1170 2998 1231 quantum
3061 1159 3262 1214 silentii
3307 1159 3548 1214 studium

285 1228 520 1322 ἐκείνοιν
551 1229 648 1284 τοῦ
685 1232 742 1286 δὲ
777 1233 839 1287 τὸ
867 1237 1147 1291 τακτικόν⁶
1186 1238 1350 1293 ἄλλου
1377 1241 1439 1295 τὸ
1471 1243 1859 1314 σεμνόψαλτον·

1977 1262 2048 1309 est
2080 1253 2190 1308 illi!
2227 1228 2435 1322 quanta
2489 1228 2765 1306 modestia.
2803 1261 2890 1306 est
2926 1251 3107 1317 istius,
3161 1249 3372 1304 ordinis
3416 1263 3552 1303 cura

285 1319 479 1392 ἐτέρου
518 1322 579 1377 τὺ
625 1324 1032 1398 εὐαπάντητονι
1085 1330 1274 1386 Ταῦτα
1323 1335 1421 1388 καὶ
1467 1336 1594 1400 τοὺς
1639 1336 1866 1408 ἔχοντας

1977 1345 2021 1399 in
2051 1345 2180 1412 hoc,
2228 1343 2284 1398 in
2315 1343 2424 1398 alio
2475 1343 2714 1414 gravitas
2761 1351 2976 1405 cantus,
3020 1343 3074 1396 in
3123 1342 3234 1396 alio
3279 1341 3547 1395 comitas!

289 1414 564 1481 καλλύνει,
615 1418 708 1472 καὶ
732 1421 861 1483 τοὺς
893 1420 1235 1494 θεωροῦντας
1265 1425 1495 1498 ὀνίνησι,
1519 1427 1612 1482 τόν
1639 1445 1700 1482 τε
1728 1429 1864 1483 Θεὸν

288 1505 592 1576 εὐφραίνει,
630 1511 776 1580 κάμὲ
825 1512 917 1567 τὸν
975 1515 1300 1586 ἁμαρτωλὸν
1347 1519 1622 1589 σεμνύνει.
1658 1519 1775 1574 Νῦν
1806 1521 1865 1575 δὲ

291 1595 436 1650 κατά
463 1597 562 1660 τὰς
599 1600 875 1672 ἁμαρτίας
910 1621 1012 1675 μου
1045 1606 1398 1679 ἀντίστροφα.
1425 1611 1537 1666 Καὶ
1563 1611 1624 1664 ού
1647 1611 1864 1666 πάντων

291 1685 662 1776 καθάπτομαι·
703 1693 826 1748 ἐπεὶ
864 1695 1050 1750 πολλοὶ
1082 1697 1265 1770 χάριτι
1290 1700 1448 1769 Θεοῦ,
1469 1702 1614 1766 οἴους
1646 1705 1800 1776 ζητεῖ
1834 1705 1864 1758 ὁ

291 1775 470 1844 λόγος·
501 1778 616 1833 ἀλλ’
644 1781 868 1838 ἐκείνων
892 1783 1001 1838 τῶν
1050 1788 1237 1858 ἐνισχη
1247 1788 1425 1857 μένων
1451 1793 1519 1862 τῇ
1541 1775 1862 1865 ἀπροσεξίᾳ.

1967 1433 2093 1490 Haec
2146 1443 2202 1489 et
2251 1434 2374 1488 illos
2417 1433 2512 1502 qui
2557 1433 2644 1488 his
2681 1433 2890 1503 przediti
2947 1442 3075 1487 sunt
3102 1438 3321 1493 ornant,
3345 1439 3401 1484 et
3428 1445 3554 1500 spe-

1966 1535 2176 1582 ctantes
2203 1525 2420 1596 juvant.
2462 1523 2744 1594 Deumque
2786 1524 3114 1583 exhilarant,
3146 1530 3201 1576 et
3241 1537 3327 1575 me
3359 1535 3555 1588 pecca-

1967 1626 2139 1672 torem
2189 1617 2504 1672 honestant.
2535 1614 2690 1671 Nunc
2742 1631 2892 1681 vero,
2942 1613 3089 1684 quod
3123 1612 3362 1684 peccatis
3415 1612 3554 1666 meis

1969 1709 2219 1773 debetur,
2259 1710 2443 1764 omnia
2499 1706 2800 1764 contraria.
2850 1704 2964 1761 Nec
2993 1715 3178 1760 tamen
3213 1719 3404 1759 omnes
3427 1719 3556 1772 per-

1968 1802 2177 1872 stringo
2215 1819 2230 1856 :
2291 1800 2418 1871 quia
2457 1815 2555 1870 per
2585 1799 2679 1854 Dei
2718 1798 2947 1870 gratiam
2991 1797 3147 1851 multi
3191 1803 3322 1851 sunt
3361 1781 3554 1866 quales

291 1868 605 1966 ξιαρακαλῶ
659 1870 754 1966 οὖν
793 1877 972 1966 ύμᾶς,
1015 1880 1217 1948 μᾶλλον
1243 1882 1301 1935 δὲ
1327 1883 1666 1955 ἐντέλλομαι,
1699 1885 1866 1942 ἀλλά-

1977 1868 2134 1966 εχίςίἶ
2159 1868 2341 1950 τοίίοι
2371 1868 2611 1950 sed—illos
2631 1868 3083 1963 quinegligentia
3108 1889 3370 1958 implicati
3397 1896 3552 1944 sunt.

293 1957 422 2025 ξατε
444 1961 510 2014 τά
533 1963 747 2034 πονηρά
773 1965 878 2037 ήθη
909 1969 1004 2022 καὶ
1032 1969 1150 2041 ἔθη,
1183 1971 1310 2036 τοὺς
1341 1974 1580 2045 τρόπους
1619 1975 1714 2030 καὶ
1738 1979 1868 2041 τοὺς

293 2048 506 2120 λόγουςο
531 2054 598 2108 τὰ
627 2056 886 2126 σχήματα
912 2061 1008 2113 καὶ
1034 2061 1103 2130 τὰ
1132 2062 1394 2133 στόματα.
1421 2064 1577 2119 Ἐπεὶ
1595 2065 1678 2131 τίς
1707 2067 1867 2137 χρεία

291 2143 416 2198 ἀντὶ
445 2143 650 2214 ἀγαθοῦ
683 2149 949 2220 πονηρίαν
1000 2151 1371 2208 ὑποδεικνύειν
1417 2157 1538 2219 τοῖς
1582 2155 1862 2228 κλήτορσι,

291 2234 426 2289 Θεόν
467 2253 528 2290 τε
570 2236 780 2306 λυπεῖν,
831 2241 977 2312 κάμὲ
1014 2243 1107 2298 τὸν
1159 2245 1391 2300 ἐλεεινὸν
1444 2250 1864 2322 καταισχύνειν;

305 2327 743 2404 Ἀκουσθήσομαι
770 2375 786 2401 ,
843 2335 1060 2406 ἀδελφοί
1125 2355 1228 2409 μου
1254 2379 1270 2404 ,
1308 2340 1432 2394 ἐπεὶ
1495 2342 1678 2413 βοήσω
1727 2343 1866 2415 πρὸς

291 2420 498 2493 Κύριον
533 2424 562 2477 ό
612 2424 851 2491 ἀνάξιος.
891 2429 1122 2482 Ἔπειτα
1177 2431 1272 2485 καὶ
1320 2432 1705 2504 διαστελοῦμαι
1759 2435 1866 2489 ἀπὺ

289 2511 390 2565 τοῦ
423 2513 801 2580 ἀπειθοῦντος.
840 2517 1052 2582 Ἀπλῶς
1093 2519 1150 2573 δὲ
1203 2520 1347 2591 λέγω
1385 2523 1545 2594 τυχὸν
1576 2525 1670 2578 καῖ⁵
1712 2525 1866 2579 ἀδια-

291 2605 479 2673 φόρως
508 2606 747 2678 φέρομαι
775 2625 789 2641 ο
843 2610 920 2682 μὴ
971 2611 1294 2667 διαστέλλων
1317 2613 1406 2667 τὸν
1431 2615 1578 2668 ὅσιον
1624 2614 1734 2670 ἀπὺ
1768 2613 1864 2668 τοῦ

290 2699 531 2755 ἀνοσίου.
575 2699 767 2771 Ὑμεῖς
821 2705 954 2758 Θεὸν
1003 2707 1064 2759 ού
1117 2707 1402 2776 φοϐεῖσθες
1460 2710 1596 2780 Οὐχὶ
1650 2710 1708 2763 δὲ
1737 2711 1866 2782 ’περὶ⁴

288 2790 464 2861 ἀργοῦ
519 2793 764 2865 ῥήματος
825 2795 1072 2868 δώσομεν
1123 2799 1316 2869 λόγον;
1385 2801 1448 2854 '0
1499 2801 1646 2868 Θεὸς
1697 2800 1867 2872 ἡμῶν

291 2881 417 2950 πῦρ
455 2887 930 2954 καταναλίσκον,
986 2890 1228 2960 ἀδελφοί.
1292 2894 1389 2947 Ὃν
1441 2893 1791 2964 φοϐηθῶμεν,
1822 2887 1868 2963 ᾧ

293 2972 406 3026 ἀπὸ
453 2973 546 3028 τοῦ
608 2975 768 3048 δευρο
817 2979 1192 3052 δουλεύσωμεν
1254 2983 1416 3048 ὁσίως
1444 2999 1458 3015 ⁸
1515 2985 1606 3038 ἵνα
1667 2987 1868 3051 κακίας

293 3063 514 3136 ἁπάσης
563 3067 727 3142 μέχρι
769 3071 864 3124 καὶ
917 3073 1242 3145 ἀργολογίας
1265 3076 1613 3146 ἀπεχόμενοι,
1665 3079 1868 3149 άρετῆς

1967 1988 2168 2044 Hortor
2197 2003 2328 2058 ergo
2355 2002 2470 2050 vos,
2503 1995 2600 2041 ant
2623 1984 2810 2056 potius
2833 1983 3094 2054 praecipio
3133 2000 3146 2036 :
3181 1990 3389 2036 mutate
3423 1995 3550 2048 pero

1965 2092 2156 2133 versos
2211 2091 2391 2132 mores
2423 2083 2478 2129 et
2506 2071 2952 2136 consuetudines,
2999 2069 3219 2124 modum
3259 2064 3453 2137 agendi
3499 2073 3554 2118 et

1965 2168 2243 2240 loquendi,
2276 2177 2462 2240 gestus
2501 2173 2664 2234 atque
2695 2164 2810 2218 oris
2844 2163 3118 2217 habitum.
3159 2158 3372 2214 Etenim
3421 2154 3554 2225 quit!

1961 2263 2116 2332 juvat
2174 2261 2300 2317 boni
2351 2261 2474 2315 loco
2528 2257 2795 2312 malitiam
2840 2253 3134 2310 ostendere
3177 2248 3552 2311 vocatorihus,

1966 2354 2247 2424 Deumque
2300 2353 2647 2416 contristare,
2679 2357 2734 2405 et
2765 2363 2852 2402 me
2879 2346 3142 2402 miserum
3177 2343 3385 2414 pudore
3426 2341 3552 2396 atil-

1965 2447 2430 2513 cere?Exandiar,
2465 2444 2666 2500 fratres
2691 2443 2822 2504 mei,
2855 2455 2981 2495 cum
3009 2438 3261 2492 clamabo
3292 2436 3553 2505 indignus
3624 2454 3626 2456 ν

1966 2538 2032 2593 ad
2068 2537 2379 2592 Dominum.
2411 2534 2616 2590 Deinde
2638 2532 2940 2590 subducam
2970 2545 3057 2583 me
3087 2528 3156 2582 ab
3182 2525 3552 2581 inobediente.

1965 2629 2221 2685 Fortasse
2275 2637 2458 2682 autem
2507 2624 2689 2680 minus
2726 2621 3024 2694 prudenter
3077 2619 3292 2688 loquor,
3353 2625 3409 2672 et
3467 2615 3556 2670 in-

1964 2719 2382 2775 discriminatim
2405 2715 2567 2778 feror,
2601 2713 2750 2784 pium
2773 2711 2842 2767 ab
2868 2711 3037 2780 impio
3060 2724 3166 2763 non
3187 2707 3556 2777 distinguens.

1965 2809 2077 2866 Vos
2118 2809 2286 2864 Deum
2340 2823 2450 2863 non
2493 2805 2752 2860 timetis?
2804 2805 3004 2857 Annon
3041 2801 3110 2856 de
3150 2801 3329 2854 otioso
3388 2799 3560 2854 verbo

1965 2905 2231 2959 rationem
2265 2901 2557 2955 reddemus
2577 2897 2662 2952 δεῖ
2714 2895 2854 2950 Deus
2934 2905 3116 2948 uoster
3168 2893 3306 2963 ignis
3371 2909 3562 2945 consu-

1967 3010 2113 3048 mens
2135 2991 2289 3056 est”,
2332 2989 2552 3044 fratres.
2585 2987 2742 3042 Illum
2771 2985 3086 3050 timeamus,
3116 2982 3190 3037 illi
3217 2992 3407 3038 sancte
3437 2997 3558 3036 ser-

1969 3087 2182 3140 viamus
2240 3083 2294 3136 in
2350 3090 2652 3152 posterum,
2694 3087 2756 3134 ut
2810 3093 2842 3133 a
2891 3076 3034 3131 malo
3077 3075 3226 3130 omni
3271 3089 3448 3144 usque
3492 3072 3561 3126 ad

289 3154 354 3273 δέ
406 3157 652 3273 ἐχόμενοι
687 3201 702 3226 ,
773 3162 1100 3236 κληρονόμοι
1160 3167 1457 3236 γενοίμεθα
1517 3168 1668 3252 ζωῆς
1722 3173 1868 3225 αίω-

1977 3178 2202 3234 verbum
2232 3175 2468 3231 otiosum
2493 3171 2853 3238 abstinentes,
2887 3167 3188 3238 virtutique
3217 3165 3557 3227 insistentes,

291 3248 431 3302 νίου·
464 3251 728 3320 φυγόντες
750 3254 817 3309 τὰ
841 3255 1178 3328 ὴπειλημένα
1201 3248 1532 3333 κολαστήρια
1559 3265 1670 3326 τοῖς
1699 3280 1870 3318 κατα-

294 3345 595 3414 φρονηταῖς
625 3383 641 3409 ,
681 3347 740 3399 ἐν
779 3346 1002 3418 Χριστῷ
1044 3348 1219 3421 Ἰησοῦ
1267 3350 1346 3422 τῷ
1389 3353 1583 3426 Κυρίῳ
1622 3353 1800 3426 ήμῶν,
1827 3349 1872 3424 ᾧ

294 3434 333 3505 ἡ
365 3433 495 3501 δόξα
543 3437 637 3490 καὶ
668 3438 730 3492 τὸ
778 3441 981 3511 κράτος
1031 3442 1128 3496 σὺν
1159 3442 1240 3514 τῷ
1276 3444 1452 3518 Πατρὶ
1499 3445 1698 3518 καὶτῷ
1727 3448 1874 3520 ἀγίῳ

295 3525 598 3596 Ῑινεύματι,
655 3527 751 3582 νῦν
795 3530 893 3585 καὶ
939 3531 1048 3596 ἀεὶ,
1078 3532 1173 3587 καὶ
1223 3535 1304 3598 είς
1351 3536 1480 3600 τοὺς
1525 3536 1729 3604 αίῶνας
1765 3539 1875 3596 τῶν

296 3620 531 3678 αἰώνων.
561 3623 754 3694 Ἀμήν.

408 3740 562 3797 ΡΚΕ¹
597 3743 733 3816 (21).
771 3775 844 3788 --
891 3746 1256 3815 Κανονικαῖς
1300 3751 1630 3820 πριγκΙπου
1687 3721 1874 3825 [χξθ’.]

1977 3268 2221 3324 ιιωιοᾱεε
2248 3267 2442 3322 fiamus
2471 3265 2595 3319 vitae
2638 3273 2874 3324 aeternae,
2907 3259 3175 3314 intentata
3210 3263 3562 3324 contempto-

1977 3361 2130 3417 ribus
2156 3359 2420 3430 supplicia
2457 3356 2818 3427 elfugientes;
2863 3353 2918 3408 in
2954 3352 3174 3407 Christo
3203 3347 3330 3405 Jesu
3378 3346 3566 3402 Domi-

1980 3468 2052 3509 no
2109 3461 2318 3516 nostro,
2372 3451 2461 3507 cui
2507 3448 2674 3520 gloria
2703 3458 2758 3503 et
2788 3446 3081 3517 imperium
3132 3460 3258 3500 cum
3307 3443 3466 3496 Patre
3512 3447 3568 3494 et

1981 3553 2172 3601 sancto
2202 3543 2431 3613 Spiritu,
2466 3557 2612 3598 nunc
2639 3549 2694 3596 ct
2724 3555 2959 3610 semper,
2991 3545 3045 3593 et
3073 3537 3131 3593 in
3158 3535 3358 3592 saecula
3397 3547 3572 3589 saecu-

1981 3639 2182 3694 lorum.
2209 3638 2408 3692 Amen.

2202 3753 2411 3810 CXXV.
2438 3782 2510 3796 —-—
2537 3753 2620 3807 Ad
2650 3751 2932 3806 canonicas
2973 3749 3352 3822 principem“.

1037 3860 1222 3911 Harum
1261 3859 1474 3912 virtutes
1494 3863 1676 3922 laudat,
1700 3871 1753 3914 et
1781 3865 1840 3915 ad
1863 3865 2132 3929 perfectam
2165 3864 2538 3917 sanctimoniam
2567 3865 2814 3915 hortatur.

373 3963 515 4028 xei;
575 3962 697 4017 ῑδὼν
745 3964 892 4036 ὑμᾶς
923 3965 1025 4034 τᾲς
1081 3969 1141 4022 ἐν
1189 3968 1380 4040 Κυρίῳ
1429 3969 1702 4042 ἀδελφὰς,
1755 3973 1881 4026 ἐπεὶ

302 4057 633 4125 κατεπεῖγον
655 4051 724 4128 ἦν
747 4056 837 4111 διὰ
854 4057 957 4128 τὴν
998 4057 1096 4112 τοῦ
1145 4060 1565 4131 θεοφιλεστάτου
1619 4065 1880 4135 ἀρχιεπι-

304 4147 513 4201 σκόπου
571 4147 894 4214 ἀσθένειαν,
947 4149 1235 4223 ἐκωλύθην
1286 4152 1418 4224 ὑμῖν
1466 4153 1700 4226 λαλῆσαι
1755 4157 1880 4210 ὅσον

300 4239 498 4310 ἐχρῆν.
565 4240 702 4294 Νυνὶ
751 4241 810 4294 δὲ
857 4240 950 4296 διά
1019 4242 1114 4297 τοῦ
1168 4244 1500 4316 γράμματος
1548 4247 1610 4300 τὸ
1660 4247 1882 4313 ἐλλιπὲς

300 4330 697 4403 ἀναπληρῶσαι
732 4331 912 4398 καλῶς
953 4332 1099 4404 ἔχειν
1132 4334 1383 4406 ἐνόμισα.
1413 4332 1566 4391 Εἶδον
1606 4337 1763 4408 ὑμῶν
1787 4338 1887 4410 τὴν

302 4420 645 4493 ἀδελφότητα
689 4424 790 4495 ὅση
837 4424 932 4478 καὶ
971 4425 1158 4497 ήλίκη,
1211 4427 1295 4481 ὅτι
1323 4443 1384 4480 τε
1413 4427 1609 4500 πλήθει
1637 4430 1887 4500 ηὐξημέ-

303 4532 396 4585 νη,
434 4516 528 4568 καὶ
562 4515 774 4570 συνέσει
801 4516 1176 4588 διαφέρουσαο
1221 4518 1320 4574 καὶ
1359 4518 1589 4586 ἐδόξασα
1620 4522 1710 4574 τὸν
1743 4523 1885 4591 ἀγα-

305 4605 400 4658 θὸν
428 4605 563 4658 Θεὸν
589 4607 782 4677 ἡμῶν·
817 4607 877 4673 ὃς
925 4609 1236 4682 συνήγαγεν
1269 4611 1417 4681 ὑμᾶς
1461 4611 1718 4666 τοσοῦτον
1749 4613 1886 4684 πλῆ-

2055 3975 2193 4030 Cum
2228 3988 2327 4028 vos
2359 3973 2608 4026 hesterna
2650 3971 2739 4025 die
2777 3971 2832 4024 in
2878 3968 3115 4042 Domino
3161 3980 3385 4022 sorores
3421 3964 3557 4033 vidi,

1988 4067 2116 4138 quia
2151 4073 2373 4136 propter
2412 4062 2758 4118 dilectissimi
2791 4063 2899 4116 Deo
2929 4056 3332 4128 archiepiscopi
3361 4056 3570 4111 valetu-

1988 4157 2170 4213 dinem
2222 4171 2312 4211 res
2351 4153 2600 4224 urgebat,
2631 4151 2946 4222 prohibitus
2995 4163 3119 4205 sum
3161 4163 3262 4202 vos
3297 4157 3566 4216 quantum

1989 4265 2125 4322 opus
2159 4258 2276 4304 erat
2301 4245 2528 4316 alloqui.
2555 4241 2712 4298 Nunc
2746 4259 2877 4298 vero
2907 4256 3218 4311 congruum
3249 4241 3568 4297 existimavi

1989 4357 2085 4413 per
2123 4339 2333 4396 litteras
2368 4335 2621 4405 supplere
2648 4334 2790 4402 quod
2819 4333 3011 4388 defuit.
3047 4330 3168 4387 Vidi
3197 4347 3440 4401 namque
3475 4347 3565 4387 so-

1987 4431 2240 4488 cietatem
2285 4438 2548 4491 vestram,
2597 4432 2799 4496 quanta
2837 4425 3129 4494 qualisque
3175 4425 3269 4490 sit,
3319 4423 3466 4492 quod
3514 4433 3571 4478 et

1990 4539 2220 4581 numero
2252 4521 2452 4592 ampla,
2492 4528 2550 4575 et
2587 4518 2875 4589 prudentia
2909 4526 3176 4586 praestans
3207 4535 3220 4571 :
3251 4516 3569 4585 bonumque

1989 4615 2158 4670 Deum
2189 4620 2440 4667 nostrum
2483 4608 2806 4680 gloriﬁcavi,
2852 4607 2946 4677 qui
2983 4617 3134 4660 tanta
3171 4622 3270 4660 vos
3317 4606 3568 4661 multitu-

306 4699 398 4764 θος
431 4700 526 4754 ἐπὶ
570 4701 632 4754 τὸ
680 4701 833 4768 αὐτὸ,
889 4702 970 4774 τῷ
1018 4704 1377 4776 σταυροφόρῳ
1435 4704 1536 4777 βίῳ
1607 4705 1877 4760 δουλεύειν

1987 4704 2113 4760 dine
2144 4703 2200 4758 in
2231 4717 2401 4758 unum
2421 4699 2788 4770 congregavit,
2816 4705 2877 4752 ut
2905 4696 3009 4752 sub
3030 4711 3196 4752 cruce
3217 4697 3482 4763 viventes,
3511 4697 3568 4752 in

302 4791 458 4862 αύτῷ
501 4794 561 4846 ἐν
594 4793 834 4864 ὁσιότητι
885 4795 982 4849 καὶ
1041 4795 1383 4869 δικαιοσύνῃ.
1415 4797 1551 4851 Τίνα
1601 4793 1698 4852 οῦν
1733 4799 1891 4852 ἐπαι-

305 4884 483 4951 νέσω;
522 4886 621 4957 τὴν
660 4886 1085 4960 καθηγουμένην
1141 4889 1324 4956 πλέον,
1359 4889 1394 4961 ἢ
1441 4890 1587 4961 ὑμᾶς
1624 4890 1724 4955 τὰς
1760 4891 1890 4944 ἐπο-

310 4979 480 5050 μένας
509 4980 605 5033 καὶ
655 4980 1146 5052 ύποτασσομέναςς
1204 4982 1540 5054 Ἀμφότεραι
1593 4983 1886 5053 ἐγκωμίων

308 5071 560 5142 πλήρεις,
585 5074 750 5128 αῐνων
781 5074 878 5128 καὶ
909 5074 1169 5131 ἐπαίνων.
1222 5077 1334 5130 Kal
1358 5077 1420 5129 ού
1459 5075 1618 5147 μόνον
1651 5077 1794 5131 κατά
1825 5074 1888 5129 τὸ

309 5165 546 5233 συναφὲς
588 5165 686 5236 τῆς
721 5166 1102 5238 πνευματικῆς
1135 5167 1284 5238 ζωῆς
1305 5207 1321 5234 ,
1353 5167 1470 5221 ἀλλ’
1503 5167 1585 5221 ὅτι
1629 5167 1725 5221 καὶ
1781 5167 1882 5238 βίῳ

306 5257 699 5329 ήκριὸωμένῳ,
763 5260 908 5314 κατά
960 5275 1022 5314 τε
1060 5259 1426 5330 ἐγκράτειαν,
1480 5261 1574 5314 καὶ
1633 5259 1734 5328 τὴν
1797 5258 1884 5329 ἐφ’

307 5351 530 5413 ἑαυταῖς
565 5350 814 5404 δουλείαν
846 5351 944 5406 καὶ
984 5352 1168 5404 πᾶσαν
1189 5351 1490 5418 διακονίαν,
1520 5351 1664 5406 καθά
1703 5350 1892 5424 μεμά-

311 5441 458 5515 θηκα
485 5483 500 5507 ,
533 5442 904 5514 διατηρεῖσθε.
955 5441 1340 5516 Εὐλογημέναι
1365 5445 1524 5516 ὑμεῖς
1560 5445 1620 5500 ἐν
1653 5443 1848 5516 Κυρίῳ
1869 5459 1886 5476 ο

313 5538 585 5608 μακάριον
613 5536 674 5590 τὺ
700 5537 992 5609 σύνταγμα
1026 5537 1182 5609 ὑμῶν
1200 5553 1214 5571 ⁸
1240 5537 1453 5592 αἱνετδν
1486 5538 1548 5594 τὸ
1585 5537 1889 5608 πολίτευμα

1988 4795 2284 4851 sanctitate
2338 4801 2393 4847 et
2435 4792 2650 4862 justitia
2700 4789 2962 4846 serviatis
3015 4788 3114 4843 illi.
3175 4787 3350 4855 Quam
3397 4789 3566 4861 igitur

1988 4884 2270 4942 laudabo?
2318 4883 2600 4939 Ducemne
2641 4890 2883 4938 vestram
2928 4881 3134 4950 potius,
3187 4896 3256 4936 an
3303 4896 3404 4936 vos
3441 4896 3568 4952 quae

1988 4977 2278 5048 sequimini
2312 4985 2368 5031 et
2411 4973 2644 5030 subditae
2689 4973 2860 5030 estis?
2890 4972 3081 5028 Ambm
3111 4973 3258 5028 enim
3299 4973 3567 5029 encomiis

1986 5069 2298 5131 cumulatae,
2333 5067 2585 5122 laudibus
2615 5076 2669 5122 et
2694 5067 3008 5137 praeconiis.
3045 5064 3165 5121 Nec
3191 5066 3312 5121 ideo
3353 5074 3567 5121 tantum

1991 5163 2138 5234 quod
2163 5160 2465 5232 spiritualis
2491 5160 2615 5214 vita:
2647 5176 2788 5216 nexu
2812 5161 3084 5229 copulatae
3114 5160 3268 5224 estis,
3306 5159 3401 5214 sed
3423 5157 3567 5227 quod

1991 5263 2185 5314 exacta
2212 5253 2500 5323 disciplina
2530 5261 2583 5308 et
2621 5254 3012 5308 continentiam
3041 5261 3096 5308 et
3140 5265 3392 5307 mutuum
3425 5255 3569 5305 inter

1994 5364 2094 5405 vos
2143 5347 2466 5402 famulatum
2517 5360 2584 5401 ac
2626 5346 2991 5402 ministerium
3042 5345 3448 5416 quodcunque,
3507 5353 3570 5398 ut

1995 5441 2185 5505 didici,
2211 5439 2533 5496 observatis.
2572 5437 2878 5494 Benedicta;
2907 5454 3006 5494 vos
3037 5438 3090 5492 in
3127 5436 3360 5490 Domino
3387 5452 3402 5489 :
3439 5433 3569 5488 bea-

1997 5545 2086 5590 tus
2132 5543 2305 5590 caelus
2353 5541 2532 5588 vester
2565 5552 2578 5589 :
2615 5531 2908 5589 laudabilis
2958 5529 3308 5587 conversatio
3339 5535 3566 5584 vestra:

402 5652 449 5686 ⁸⁷
475 5653 496 5707 Ι
527 5651 655 5708 Cor.
698 5669 752 5718 κ,
781 5651 871 5708 3i.
949 5651 996 5686 ⁸⁸
1017 5651 1207 5709 Matth.
1244 5669 1341 5721 xu,
1368 5650 1457 5709 36.
1534 5652 1580 5686 "
1605 5649 1764 5708 Deut.
1799 5664 1872 5713 tv,
1900 5647 1993 5703 24.

1853 5742 2090 5801 NOTAE.

393 5838 506 5912 (2|)
529 5840 587 5897 lu
613 5839 734 5897 cod.
772 5839 904 5912 Reg.
943 5837 1074 5912 ρλζν.
