4060 6374
457 302 591 365 1407

1649 302 1710 364 3.
1750 303 2146 368 THEODORI
2186 301 2538 367 STUDIT/E

3597 293 3740 358 1408

457 433 650 471 υιιηινε
690 429 912 486 sponsae
939 415 1144 472 Christi
1175 435 1189 472 :
1220 417 1373 488 virgo
1405 433 1772 491 unaquaeque,
1809 430 1872 476 ut
1897 420 2046 478 Can-

2157 421 2341 491 ὂμῶνο
2381 419 2558 472 πᾶσαι
2607 413 2818 486 νύμφαι
2859 409 3138 483 Χριστοῦο
3180 409 3388 480 ἐκάστη
3436 407 3737 476 παρθένος,

457 511 690 564 ticorum
722 509 902 564 verbis
931 509 1124 580 loquar
1159 509 1340 564 hortus
1371 511 1676 576 conclusus,
1709 511 1829 580 fons
1863 514 2046 584 signa-

459 597 541 656 tus
563 602 633 666 ’⁸,
661 618 788 657 rosa
818 603 944 656 boni
987 603 1174 658 odoris
1202 602 1336 668 Deo,
1371 601 1547 658 lilium
1589 604 2040 675 incorruptiouis.

458 691 504 746 Ο
535 693 821 761 pulchrum
859 691 1208 761 paradisum!
1249 707 1282 746 ο
1315 700 1556 761 pratum,
1593 707 1704 762 quo
1738 693 2046 748 delectatur

459 784 606 839 Deus
629 818 641 836 ι
677 783 931 841 Christus
958 785 1014 839 in
1043 783 1225 840 medio
1253 795 1524 846 vestrum.
1559 786 1653 855 qui
1697 784 1912 858 lignum
1959 793 2048 842 est

458 881 606 933 vitm.

532 970 638 1027 Sed
672 973 934 1044 quoniam
971 971 1038 1027 ad
1078 971 1516 1042 experimentum
1552 971 2047 1043 probationemque

462 1062 686 1116 virtutis
731 1073 818 1118 est
859 1061 1026 1116 etiam
1071 1061 1239 1116 arbor
1296 1061 1482 1126 vetita,
1535 1077 1658 1132 quae
1700 1062 1929 1131 pulchra
1975 1063 2048 1119 ad

459 1153 968 1224 contemplandum,
1012 1170 1118 1210 nec
1169 1163 1254 1210 est
1309 1167 1442 1210 sane
1489 1155 1542 1210 id
1600 1155 1746 1225 quod
1792 1155 2044 1223 videtur;

463 1241 577 1301 imo
619 1261 807 1300 amara
854 1256 907 1302 et
958 1245 1244 1301 mortifera
1293 1246 1338 1301 si
1384 1247 1620 1301 edatur:
1654 1255 1710 1301 et
1751 1245 1886 1317 quid
1943 1246 2048 1302 hoc

463 1339 610 1392 aliud
659 1350 740 1393 est
783 1355 950 1409 quam
989 1339 1266 1410 voluptas,
1299 1355 1408 1410 qua
1460 1338 1571 1394 Eva
1617 1339 1793 1409 prima
1843 1353 2047 1410 parens

461 1441 620 1500 capta
661 1431 778 1485 est?
808 1431 1238 1488 Commouemus
1277 1447 1378 1488 vos
1412 1441 1466 1487 et
1495 1432 1800 1498 hortamur,
1843 1446 1913 1487 ne
1943 1448 2048 1486 un-

462 1537 628 1592 quam
667 1521 924 1579 lethalem
968 1521 1210 1579 fructum
1250 1525 1556 1592 attingatis,
1589 1525 1685 1580 sed
1725 1524 2046 1580 mandatum

461 1612 745 1684 arripiatis
789 1613 1027 1685 speciosi
1057 1615 1424 1686 undequaque
1449 1630 1514 1670 ac
1545 1614 1658 1668 veri
1706 1615 1884 1684 reipsa
1927 1616 2048 1670 fru-

2157 512 2509 587 ’ᾼσματικῶς
2553 509 2766 572 είπείν,
2819 505 3019 575 κῆπος
3079 503 3534 572 κεκλεισμένος,
3568 506 3745 568 πηγὴ

2142 602 2619 676 ἐσφραγισμένη,
2655 600 2807 673 ῥόδον
2830 598 3096 669 εύοσμίας
3123 596 3286 660 Θεοῦ,
3311 596 3498 666 κρῖνον
3518 595 3741 663 ἀχραν-

2142 699 2299 762 τίαςί
2350 698 2416 750 Ὦ
2463 694 2630 751 καλοῦ
2681 691 3056 764 παραδείσουί
3088 691 3154 743 Ὦ
3192 688 3470 760 λειμῶνος
3515 687 3744 755 θεοτερ-

2143 791 2305 855 ποῦς.
2336 788 2575 862 Χριστὸς
2611 789 2672 842 ἐν
2707 787 2858 859 μέσῳ
2904 783 3084 856 ὑμῶν,
3109 782 3173 848 ὃς
3201 784 3324 837 ἐστι
3353 780 3417 836 τὺ
3445 779 3610 848 ξύλον
3635 782 3743 850 τῆς

2144 886 2313 955 ζωῆς.

2228 975 2574 1048 ’Δλλ’ἐπειδὴ
2605 973 2746 1045 πρὸς
2761 973 2964 1039 πεῖραν
2993 969 3090 1024 καὶ
3116 967 3354 1040 δοκιμὴν
3374 966 3585 1039 ἀρετῆς
3612 966 3740 1020 ἐστι
3803 961 3812 1028 ἶ

2145 1069 2323 1124 καὶτὸ
2350 1068 2520 1140 φυτὸν
2537 1067 2600 1121 τὸ
2614 1063 2995 1137 ἀπειρημένον
3014 1077 3029 1093 ·
3061 1061 3200 1134 ὅπερ
3225 1059 3430 1132 ὡραῖον
3452 1059 3533 1122 είς
3555 1074 3745 1111 κατα-

2147 1164 2362 1234 νόησιν·
2389 1161 2453 1216 ού
2476 1160 2584 1233 μὴν
2609 1161 2748 1231 ὅπερ
2759 1155 3010 1229 φαίνοιτό
3035 1154 3212 1222 ἐστιν,
3234 1153 3376 1208 ἀλλά
3399 1152 3603 1222 πικρὸν
3638 1148 3744 1203 καὶ

2147 1254 2449 1324 θανάσιμον
2497 1256 2565 1324 τῇ
2605 1250 2932 1323 μεταλήψει·
2951 1249 3049 1304 καὶ
3064 1247 3120 1302 τί
3138 1246 3321 1311 τοῦτο,
3340 1242 3546 1316 ἀλλ’[ῆ]
3570 1241 3742 1313 ἡδονὴ

2146 1347 2238 1416 ὑφ’
2265 1339 2335 1418 ἦς
2360 1343 2506 1398 ἑάλω
2534 1341 2652 1397 Εὕα
2676 1343 2712 1414 η
2736 1340 3082 1414 προμήτωρ;
3108 1335 3612 1407 ὑπομιμνήσκομεν
3640 1332 3745 1385 καὶ

2149 1434 2546 1509 παραινοῦμεν,
2577 1436 2794 1504 μήποτε
2814 1428 3059 1501 ἅψασθαι
3101 1428 3248 1500 ὑμᾶς
3287 1423 3383 1479 τοῦ
3431 1422 3745 1494 θανασίμου

2148 1523 2364 1596 καρποῦ
2382 1541 2396 1555 ·
2428 1522 2568 1578 ἀλλὰ
2593 1519 3042 1593 μεταλαμϐάνειν
3069 1517 3173 1588 τῆς
3202 1515 3428 1587 ἐντολῆς
3463 1513 3559 1568 τοῦ
3595 1530 3746 1567 παν-

2147 1616 2353 1688 ωραίου
2407 1617 2505 1670 καὶ
2555 1611 2816 1686 ἀληθινοῦ
2851 1612 2930 1676 ὡς
2969 1609 3190 1681 ἀληθῶς
3223 1607 3477 1679 καρποῦο
3517 1606 3742 1676 ὑπακοῇ

460 1713 606 1769 ctus,
641 1704 1012 1760 obedientiam
1043 1715 1100 1760 et
1124 1705 1488 1760 humilitatem
1524 1705 1863 1768 excolentes.
1909 1707 2045 1761 cha-

2157 1708 2246 1762 καὶ
2298 1703 2778 1778 ταπεινοφροσύνῃ
2825 1701 3219 1776 κεχρημένας·
3277 1699 3472 1774 ἀγάπῃ
3526 1701 3597 1770 τῇ
3653 1701 3743 1762 εἰς

463 1795 684 1852 ritatem
717 1798 787 1854 ad
818 1799 1054 1854 invicem
1099 1808 1155 1854 et
1189 1814 1419 1854 vacuam
1452 1798 1657 1853 invidia
1705 1799 2045 1866 aequitatem,

2157 1799 2391 1871 ἀλλήλας
2413 1800 2506 1854 καὶ
2533 1797 2787 1868 ἀφθονίᾳ,
2822 1793 3186 1867 ἀκτημοσύνῃ
3214 1793 3314 1848 καὶ
3358 1790 3738 1863 είρηνοποιίᾳ.

465 1899 888 1962 paupertatem,
944 1891 1211 1962 pacisque
1263 1888 1455 1947 curam
1521 1904 1574 1949 et
1623 1894 1891 1950 studium.
1955 1894 2049 1949 Sic

463 1981 614 2036 enim
651 1981 901 2037 viventes
941 1981 1328 2052 glorilicabitis
1364 1982 1535 2038 Deum
1582 1984 1637 2040 in
1679 2001 1915 2056 corpore
1956 2000 2050 2041 ve-

463 2082 582 2128 stro
615 2082 670 2127 et
699 2071 756 2127 in
795 2073 1017 2143 spiritu,
1051 2074 1197 2129 sicut
1237 2083 1464 2131 sanctus
1506 2077 1767 2146 praedicat
1809 2079 2047 2148 Aposto-

465 2167 554 2220 lus
575 2165 644 2220 ⁹¹.
721 2163 814 2222 Sic
862 2174 918 2221 et
969 2167 1208 2236 amplius
1270 2168 1773 2238 multiplicabimini
1815 2173 1944 2226 :sic
1996 2179 2051 2224 et

465 2257 782 2312 sanctitatis
838 2273 1040 2314 nomen
1088 2259 1145 2314 in
1198 2259 1302 2314 hac
1347 2261 1458 2315 vita
1502 2261 1846 2325 obtinebitis,
1887 2271 1942 2318 et
1993 2263 2047 2317 in

465 2349 653 2403 futuro
705 2349 908 2404 saculo
967 2349 1143 2418 gloria
1202 2350 1366 2404 simul
1424 2349 1707 2406 fruemini.
1762 2352 2047 2422 Scriptum

460 2451 549 2497 est
583 2461 596 2497 :
627 2440 688 2498 Si
717 2443 1094 2512 compatimur,
1120 2452 1172 2497 et
1192 2443 1716 2514 congloriﬁcabimur
1731 2446 1798 2500 θ’.
1825 2446 1894 2500 Ει
1915 2445 2048 2516 quid

462 2533 685 2588 tandem
762 2533 921 2590 vobis
973 2533 1237 2590 decorum
1298 2535 1512 2605 magis?
1573 2536 1706 2606 quid
1761 2538 2050 2607 augustius

462 2640 632 2694 quam
668 2625 760 2678 Dei
789 2626 929 2681 tilias
951 2626 1081 2688 dici,
1113 2642 1268 2682 sacra
1297 2625 1549 2691 donaria,
1586 2629 1787 2697 templa
1817 2629 2050 2699 virgini-

469 2716 637 2771 tatis?
662 2716 799 2771 Cum
828 2731 958 2787 ergo
995 2715 1111 2772 haec
1149 2717 1222 2772 ila
1268 2719 1400 2784 sint,
1436 2718 1689 2789 gaudete,
1731 2733 1954 2775 sorores
1992 2719 2051 2774 in

460 2807 710 2874 Christo,
764 2809 1020 2879 gaudete,
1083 2808 1214 2864 odio
1266 2810 1534 2866 habentes
1608 2809 1864 2866 affectum
1919 2827 2050 2884 erga

466 2917 636 2957 carne
668 2902 910 2972 junctos,
947 2900 1077 2956 odio
1109 2901 1372 2957 habentes
1399 2910 1605 2958 sortem
1647 2903 1701 2957 in
1745 2911 1891 2958 terra
1921 2919 2052 2974 pos-

467 2996 672 3061 sidere,
729 2994 859 3050 odio
917 2994 1186 3050 habentes
1243 2995 1427 3049 omnia
1488 3010 1611 3065 quae
1667 2995 1936 3064 optabilia
1992 2995 2051 3050 in

469 3091 678 3145 mundo
716 3099 846 3145 sunt
874 3105 887 3142 :
919 3089 1181 3158 quoniam
1218 3089 1566 3142 conversatio
1588 3099 1772 3144 vestra
1809 3089 1866 3144 in
1896 3089 2051 3145 caelis

469 3189 588 3243 est,
640 3187 696 3234 et
747 3179 1038 3235 haereditas
1085 3195 1315 3249 regnum
1367 3180 1658 3245 caelorum,
1706 3190 1760 3236 et
1812 3196 2052 3251 sponsus

468 3271 730 3328 Christus
755 3273 894 3343 ipse,
928 3271 1024 3342 qui
1055 3287 1154 3327 vos
1176 3271 1395 3327 vocavit
1428 3280 1486 3325 ut
1507 3272 1686 3341 ipsum
1710 3274 2050 3344 sequamini:

465 3365 567 3436 qui
617 3375 672 3420 et
724 3379 821 3420 vos
885 3379 982 3434 per
1049 3366 1606 3431 consummationem,
1670 3367 1727 3421 in
1773 3368 2053 3425 caelestem

476 3458 776 3512 thalamum
805 3471 929 3511 cum
973 3455 1334 3526 prudentibus
1365 3457 1674 3528 virginibus
1722 3459 2052 3517 introducet.

473 3550 604 3604 llaec
633 3566 736 3620 ego
771 3549 984 3618 paucis,
1023 3555 1084 3602 ut
1118 3549 1435 3619 agnoscatis
1465 3564 1554 3604 me
1591 3550 1645 3604 in
1676 3548 1885 3622 Spiritu
1929 3567 2059 3608 san-

473 3650 566 3695 cto
593 3649 850 3710 tanquam
877 3653 1098 3695 sorores
1120 3654 1215 3695 vos
1245 3639 1526 3707 habuisse,
1550 3639 1819 3713 vobisque
1850 3643 2059 3715 optima

393 3719 398 3738 ’
476 3735 662 3790 omnia
691 3742 979 3802 exoptare.

757 3851 997 3914 CXXVI.
1026 3882 1099 3894 —
1123 3851 1405 3909 Monaclu's
1434 3852 1767 3911 Pltotinudit'.

2079 3135 2122 3194 C

2150 1891 2311 1948 Οὕτω
2336 1891 2446 1962 γὰρ
2471 1889 2686 1962 βιοῦσαι
2714 1888 2994 1956 δοξάσοιτε
3024 1887 3120 1942 τὸν
3145 1886 3281 1940 Θεὸν
3311 1887 3371 1939 ἐν
3399 1884 3480 1956 τῷ
3515 1883 3740 1954 σώματι

2151 1984 2308 2056 ὑμῶν
2339 1985 2436 2038 καὶ
2471 1985 2531 2038 ἐν
2563 1983 2643 2054 τῷ
2664 1980 2971 2052 πνεύματι·
3003 1979 3148 2035 καθά
3181 1979 3282 2051 βοᾷ
3317 1978 3348 2032 6
3376 1979 3527 2050 ἱερὸς
3566 1977 3743 2032 Ἀπό·

2153 2075 2339 2138 στολος
2355 2072 2530 2128 ὀὕτω
2559 2075 2653 2128 καὶ
2681 2073 2884 2145 μᾶλλον
2906 2070 3358 2142 πληθυνθήσεσθε
3377 2086 3394 2102 ο
3419 2068 3566 2123 οὕτω
3595 2070 3740 2122 κάν·

2150 2169 2327 2222 ταῦθα
2360 2165 2806 2239 όνομασθήσεσθε
2837 2166 3067 2236 ὀνόματι
3090 2165 3398 2234 ὁσιότητος,
3444 2162 3541 2217 καὶ
3573 2163 3633 2214 ἐν
3659 2161 3745 2231 τῷ

2153 2257 2404 2329 μέλλοντι
2437 2257 2596 2312 αἰῶνι
2642 2255 3175 2327 συνδοξασθήσεσθε.
3210 2255 3397 2324 Εἴπερ
3428 2254 3542 2326 γὰρ
3583 2267 3746 2322 συμ-

2151 2351 2489 2421 πάσχομεν,
2534 2351 2636 2404 καὶ
2680 2349 3339 2419 συνδοξασθησόμεθα,
3395 2349 3738 2419 γέγραπται.

2151 2443 2263 2495 Καὶ
2288 2441 2342 2495 τί
2371 2440 2558 2495 λοιπὸν
2582 2440 2916 2513 ὡραιότερον
2948 2440 3142 2510 ύμῶν;
3187 2439 3238 2493 τί
3268 2439 3327 2492 δέ
3359 2436 3747 2508 σεϐασμιώτεο

2153 2549 2285 2606 ρον;
2319 2532 2631 2604 θυγατέρας
2667 2532 2803 2587 Θεοῦ
2848 2533 3160 2599 καλεῖσθαι,
3199 2532 3555 2603 ἀναθήματα,
3593 2533 3742 2604 ἱερὰ,

2153 2629 2316 2691 ναοὺς
2345 2628 2672 2699 παρθενίας.
2725 2625 2882 2681 Ἐπεὶ
2919 2622 3015 2681 οὖν
3032 2625 3231 2698 ταῦτα,
3277 2626 3526 2698 χαίρετε,
3578 2625 3740 2679 ἀδελ-

2151 2717 2255 2787 φαὶ
2284 2720 2345 2772 ἐν
2395 2716 2609 2788 Κυρίῳ,
2658 2717 2908 2789 χαίρετε,
2955 2715 3217 2788 μισοῦσαι
3253 2715 3354 2786 τὴν
3405 2714 3585 2786 χαρὰν
3645 2713 3743 2768 τοῦ

2152 2811 2392 2884 κόσμου’
2441 2811 2699 2882 μισοῦσαι
2718 2811 2780 2864 τὸ
2812 2811 2952 2882 πρὸς
2998 2810 3130 2874 τοὺς
3179 2808 3322 2862 κατὰ
3354 2809 3534 2877 σάρκα
3567 2806 3741 2869 ἰδίους

2151 2904 2503 2977 προσπαθές·
2549 2903 2809 2976 μισοῦσαι
2870 2902 2933 2956 τὺ
2987 2901 3193 2974 κλῆρον
3233 2901 3380 2971 ἐχειν
3432 2903 3530 2955 ἐπὶ
3597 2901 3743 2971 γῆς·

2157 2997 2412 3070 μισοῦσαι
2437 2997 2506 3051 τὰ
2537 2998 2682 3052 κατά
2701 2996 2908 3067 κόσμον
2944 2993 3155 3066 ἐραστά
3181 2994 3423 3049 ἅπαντα.
3474 2993 3746 3064 Ἐπείπερ

2153 3089 2310 3162 ὑμῶν
2355 3089 2418 3144 τὸ
2443 3089 2746 3160 πολίτευμα
2787 3090 2848 3142 ἐν
2889 3088 3166 3159 οὐρανοῖς,
3213 3087 3312 3142 καὶ
3361 3085 3672 3158 κληρουχία
3708 3089 3743 3158 ἡ

2161 3182 2412 3254 βασιλεία
2438 3181 2548 3236 τῶν
2570 3181 2848 3254 οὺρανῶψ
2885 3182 2984 3235 καὶ
3008 3181 3244 3251 νυμφίος
3275 3179 3440 3243 αὐτὸς
3475 3178 3744 3251 Χριστὸς.

2157 3279 2186 3331 6
2213 3273 2501 3346 κεκληκὼς
2523 3276 2670 3344 ὑμᾶς
2692 3274 2870 3330 ὀπίσω
2888 3273 3057 3328 αὑτοῦ
3099 3273 3418 3330 ἀκολουθεῖν
3438 3288 3456 3306 °
3495 3273 3596 3327 καὶ
3624 3275 3747 3326 είσ-

2160 3365 2308 3432 άξων
2339 3365 2430 3420 διὰ
2458 3364 2798 3429 τελειώσεως
2834 3365 2916 3430 είς
2941 3364 3035 3418 τὸν
3077 3363 3407 3437 ἐπουράνιον
3437 3362 3734 3434 νυμφῶνα,

2163 3460 2306 3532 μετά
2359 3459 2469 3514 τῶν
2541 3459 2828 3532 φρονίμων
2889 3456 3200 3529 παρθένων.
3278 3454 3470 3508 Ταῦτα
3535 3454 3596 3507 δὲ
3653 3451 3748 3506 ἐπ’

2158 3552 2376 3621 ὀλίγον,
2419 3551 2498 3616 ὡς
2558 3552 2626 3607 ἂν
2675 3550 2855 3620 γνῶτε
2891 3549 2975 3604 ὅτι
3035 3551 3096 3604 ἐν
3156 3547 3440 3618 Πνεύματι
3478 3547 3626 3618 ἁγίῳ
3668 3546 3749 3609 ὡς

2159 3645 2397 3716 ἀδελφὰς
2449 3645 2597 3716 ὑμᾶς
2656 3641 3046 3715 λελογίσμεθα,
3100 3640 3202 3695 καὶ
3265 3639 3618 3711 ἐπευχόμεθα
3675 3639 3749 3691 τὰ

2159 3738 2470 3810 κρείττονα.

2157 3859 2332 3926 ΡΚΕῘ¹
2360 3856 2498 3930 (22).
2555 3885 2630 3898 -
2715 3851 3197 3999 Τοὶἒίοέιοῦίιὸχῖῒς
3267 3847 3379 3907 τοῦ
3425 3853 3752 3907 (but-atrati-

535 4036 614 4087 De
635 4037 796 4084 morte
818 4030 1026 4092 abbatis,
1047 4043 1194 4093 quam
1214 4028 1381 4079 laudat
1405 4042 1419 4078 :
1443 4032 1550 4078 tum
1575 4027 1639 4079 de
1659 4043 1974 4096 successore,
2008 4048 2160 4099 quem
2176 4037 2403 4088 hortatur
2425 4045 2482 4090 ut
2501 4038 2636 4089 bene
2667 4036 2858 4102 praesit,
2881 4051 2938 4088 ac
2970 4039 3260 4100 monachos,
3283 4044 3343 4088 ut
3369 4035 3422 4088 ei
3463 4041 3687 4100 pareant.

551 4143 820 4198 lia-titiam
879 4137 1100 4210 quidem
1164 4136 1324 4193 vobis
1378 4135 1576 4198 allert,
1631 4135 1862 4205 fratres,
1911 4141 2062 4210 quod

477 4239 682 4303 scribo,
736 4236 831 4292 sed
870 4248 1145 4290 summam
1184 4232 1468 4288 tristitiam
1501 4244 1886 4304 argumentum
1921 4237 2060 4291 scri-

2239 4143 2440 4215 Χαρᾶς
2468 4141 2572 4213 μὲν
2607 4142 2642 4213 ἡ
2675 4143 2970 4215 προγραφὴ
3003 4144 3156 4214 ὑμῖν,
3186 4143 3443 4213 ἀδελφοί·
3479 4143 3662 4214 λύπης
3689 4143 3746 4197 δὲ

2165 4234 2250 4287 ὅτι
2275 4235 2513 4304 μάλιστα
2542 4233 2576 4304 ἡ
2605 4233 2700 4287 ἐπὶ⁵
2725 4233 2788 4287 τὸ
2813 4234 3051 4306 γράφειν
3100 4235 3358 4300 ὑπόθεσις
3376 4251 3392 4266 ·
3427 4237 3514 4289 ὅτι
3556 4237 3750 4290 amu-

397 4347 400 4354 '
477 4334 682 4406 ptionis
714 4349 728 4386 :
755 4329 884 4401 quia
915 4325 1213 4397 dereliquit
1237 4342 1336 4382 vos
1358 4335 1546 4396 pastor
1571 4328 1771 4394 bonus,
1801 4327 1969 4385 Pater
1999 4331 2055 4386 in

2163 4326 2352 4381 λοιπεν
2381 4327 2524 4397 ὑμᾶς
2545 4327 2576 4380 ό
2605 4326 2814 4398 ποιμὴν
2849 4328 2880 4381 6
2910 4325 3098 4392 καλὸς,
3135 4328 3164 4380 ό
3210 4328 3269 4381 ἐν
3307 4326 3503 4398 Κυρίῳ
3531 4328 3745 4398 Πατὴρ,

481 4425 732 4490 Domino,
757 4421 868 4483 via,
893 4423 1004 4475 dux
1043 4427 1097 4474 et
1124 4419 1334 4484 lumen,
1366 4421 1460 4490 qui
1501 4419 1690 4475 multis
1724 4421 1885 4478 annis
1917 4423 2059 4478 mul-

479 4527 565 4572 tas
590 4532 721 4572 oves
753 4517 920 4587 pavit,
949 4524 1003 4570 et
1033 4513 1246 4570 caulam
1275 4513 1518 4569 alumnis
1554 4513 1772 4584 plenam
1811 4516 2060 4588 reliquit,

482 4607 672 4679 viginti
708 4615 1092 4662 numerantem
1121 4620 1287 4676 supra
1322 4605 1593 4661 ducentos
1629 4621 1643 4660 :
1674 4605 1757 4661 vir
1796 4621 2065 4664 veneran-

481 4702 608 4765 dus,
636 4709 691 4756 et
717 4700 917 4755 divinae
938 4697 1132 4769 gratia:
1161 4711 1390 4768 compos
1421 4714 1438 4754 :
1466 4697 1739 4755 candidus
1766 4699 2062 4756 admodum

481 4794 716 4864 capillis,
739 4805 794 4849 et
819 4792 1116 4849 candidum
1155 4790 1323 4848 simul
1363 4805 1461 4848 cor
1491 4806 1722 4862 gerens;
1752 4792 1907 4849 dives
1932 4795 2065 4851 cha-

481 4887 683 4949 ritate,
741 4885 1020 4956 ditiorque
1069 4883 1454 4940 misericordia
1504 4900 1520 4939 :
1567 4883 1820 4954 plurimis
1873 4899 2065 4942 revera

485 4977 784 5034 virtutibus
813 4987 1070 5045 ornatus,
1101 4993 1173 5034 ne
1201 4977 1449 5048 singulas
1471 4976 1810 5032 recensendo
1848 4977 2066 5051 longio-

485 5088 601 5128 rem
651 5071 847 5126 faciam
896 5071 1228 5128 orationem.
1293 5069 1478 5124 Eheu!
1533 5069 1710 5124 eheu!
1755 5085 1866 5140 quo
1899 5077 2064 5141 pacto

484 5164 668 5234 gravia
701 5163 820 5218 haec
852 5178 962 5218 non
999 5163 1151 5228 sint?
1181 5177 1292 5233 quo
1323 5169 1484 5232 pacto
1509 5176 1619 5218 non
1647 5161 1941 5220 luctuosa?
1967 5173 2064 5220 aut

484 5257 612 5328 quis
641 5255 951 5312 desolatum
981 5255 1216 5325 posthac
1237 5269 1457 5326 gregem
1488 5270 1596 5310 non
1628 5255 1830 5322 videat,
1864 5256 1910 5311 si
1940 5257 2066 5326 quis

484 5365 549 5405 ea
582 5356 792 5421 spectet
835 5362 960 5419 quae
1005 5344 1363 5402 acciderunt?
1394 5344 1591 5403 Verum
1635 5347 1769 5417 quid
1805 5347 2065 5404 tandem?

488 5437 686 5498 Utrum
731 5441 793 5495 in
819 5441 971 5494 luctu
998 5437 1400 5511 persistemus?
1433 5454 1505 5494 an
1561 5453 1800 5494 maerore
1834 5439 2064 5511 dejicie-

2161 4421 2190 4472 6
2217 4419 2414 4490 όδηγδς
2447 4420 2544 4475 καὶ
2579 4421 2832 4492 φωστὴρ,
2869 4421 2900 4473 6
2937 4419 3173 4485 aranei;
3223 4418 3373 4472 ἔτεσι
3423 4420 3522 4474 καὶ
3572 4421 3748 4475 πολλά

2162 4511 2416 4582 πρόϐατα
2471 4511 2770 4582 ποιμάνας,
2830 4511 2926 4567 καὶ
2976 4511 3078 4584 τὴν
3109 4511 3265 4566 λείαν
3331 4512 3502 4578 ἐάσας
3563 4514 3746 4585 πλήρη

2163 4603 2522 4676 θρεμμάτων.
2587 4604 2767 4678 Είπερ
2845 4607 2907 4660 ἐν
2963 4604 3262 4671 διακοσίοις
3321 4607 3494 4678 παρὰ
3541 4610 3750 4663 εἴκοσιν

2161 4695 2552 4770 ἠριθμημένην
2572 4712 2586 4726 ·
2626 4699 2656 4752 6
2681 4696 2968 4769 αἰδέσιμος
2996 4696 3137 4769 ἀνὴρ
3167 4698 3269 4752 καὶ
3310 4698 3541 4770 χάριτος
3599 4697 3750 4763 θείας

2167 4789 2431 4860 μέτοχος·
2466 4791 2496 4845 6
2523 4789 2720 4854 λευκὸς
2743 4790 2886 4861 ἄγαν
2915 4789 3017 4860 τὴν
3056 4790 3240 4863 τρίχα,
3287 4791 3384 4846 καὶ
3428 4790 3514 4846 ἐτι
3562 4791 3748 4846 λελευ-

2165 4882 2441 4953 κασμένος
2459 4882 2560 4956 τὴν
2581 4884 2810 4957 καρδίαν
2827 4901 2842 4917 ο
2885 4885 2916 4939 ό
2945 4883 3206 4948 πλούσιος
3232 4882 3336 4956 τὴν
3366 4884 3619 4957 ἀγάπην,
3661 4887 3749 4939 καὶ

2168 4973 2571 5048 πλουσιώτερος
2600 4977 2702 5048 τὴν
2731 4975 3106 5048 ἐλεημοσύνην
3123 4993 3138 5008 ·
3189 4978 3219 5031 ό
3244 4977 3494 5031 πλείοσιν
3528 4978 3749 5048 ἀρεταῖς

2167 5066 2246 5132 ὡς
2274 5067 2492 5141 ἀληθῶς
2517 5069 3084 5142 κατακεκοσμημένος
3105 5085 3119 5098 ·
3149 5071 3241 5124 ἵνα
3299 5070 3375 5141 μὴ
3423 5061 3505 5162 ἓν
3530 5071 3656 5124 καθ’
3692 5070 3750 5123 ἐν

2167 5160 2654 5234 ἀπαριθμούμενος
2703 5162 2916 5233 μακρὸν
2959 5161 3170 5234 εὑρεθῶ
3214 5160 3523 5219 ἀποτείνων
3571 5165 3744 5232 λόγον.

2177 5253 2278 5308 ’τοι
2311 5252 2393 5308 ὧι
2431 5253 2549 5318 πῶς
2578 5254 2639 5307 οὐ
2685 5253 2861 5306 ταῦτα
2894 5253 3190 5320 θλιπτικά;
3235 5254 3355 5319 πῶς
3379 5255 3439 5309 δέ
3469 5255 3572 5309 οὐκ
3588 5255 3746 5324 ὀδυρ-

2170 5345 2336 5414 τικά.;
2371 5345 2488 5411 πῶς
2531 5345 2592 5400 δὲ
2634 5345 2737 5400 οὐκ
2765 5345 2856 5402 ἐπ’
2902 5347 3142 5419 ἐρημίας
3174 5350 3209 5418 ἠ
3262 5349 3471 5420 θεωρία
3497 5349 3598 5418 τῆς
3628 5348 3746 5402 ποί-

2173 5455 2314 5510 μνης
2341 5441 2467 5495 ὅσον
2493 5438 2639 5496 κατὰ
2691 5441 2762 5495 τὰ
2791 5439 3113 5511 φθάσαντα;
3155 5440 3318 5498 Ἀλλὰ
3344 5441 3400 5496 τί
3430 5440 3584 5515 ἄρας
3627 5443 3746 5497 ἐπι-

555 5582 606 5616 ⁹⁶
625 5579 785 5637 Cant.
819 5595 895 5642 ιν,
926 5579 1015 5635 l2.
1093 5580 1136 5611 ⁹¹
1165 5577 1182 5632 Ι
1216 5577 1345 5634 Cor.
1385 5595 1460 5644 vt,
1487 5577 1579 5634 20.
1657 5577 1701 5612 "
1727 5577 1887 5634 Rom.
1919 5595 2039 5642 vm,
2069 5581 2159 5634 l7.

2003 5672 2229 5731 ΝΟΤᾹΞ.

570 5767 684 5837 (22)
709 5766 770 5824 lu
808 5767 932 5824 cod.
961 5767 1100 5839 Reg.
1131 5767 1269 5840 ρλη⁸.
