  <div class='ocr_page' id='page_1' title='image "/cluster/home/n/w/nwhite01/storage/ocr_20150623/99/hvd.32044024464356/712.png"; bbox 0 0 4060 6374; ppageno 0'>
   <div class='ocr_carea' id='block_1_1' title="bbox 254 363 392 429">
    <p class='ocr_par' dir='ltr' id='par_1_1' title="bbox 254 363 392 429">
     <span class='ocr_line' id='line_1_1' title="bbox 254 363 392 429; baseline -0.051 -2"><span class='ocrx_word' id='word_1_1' title='bbox 254 363 392 429; x_wconf 66' lang='lat' dir='ltr'><strong>“Gil</strong></span> 
     </span>
    </p>
   </div>
   <div class='ocr_carea' id='block_1_2' title="bbox 1447 377 2330 443">
    <p class='ocr_par' dir='ltr' id='par_1_2' title="bbox 1447 377 2330 443">
     <span class='ocr_line' id='line_1_2' title="bbox 1447 377 2330 443; baseline 0.005 -7"><span class='ocrx_word' id='word_1_2' title='bbox 1447 377 1991 442; x_wconf 80' lang='lat' dir='ltr'><strong>EPISTOLARUM</strong></span> <span class='ocrx_word' id='word_1_3' title='bbox 2038 381 2186 443; x_wconf 84' lang='lat' dir='ltr'><strong>LIB.</strong></span> <span class='ocrx_word' id='word_1_4' title='bbox 2244 381 2330 441; x_wconf 86' lang='lat' dir='ltr'><strong>Il.</strong></span> 
     </span>
    </p>
   </div>
   <div class='ocr_carea' id='block_1_3' title="bbox 3390 380 3528 447">
    <p class='ocr_par' dir='ltr' id='par_1_3' title="bbox 3390 380 3528 447">
     <span class='ocr_line' id='line_1_3' title="bbox 3390 380 3528 447; baseline 0.036 -5"><span class='ocrx_word' id='word_1_5' title='bbox 3390 380 3528 447; x_wconf 67' lang='grc'><strong>1410</strong></span> 
     </span>
    </p>
   </div>
   <div class='ocr_carea' id='block_1_4' title="bbox 251 482 1837 569">
    <p class='ocr_par' dir='ltr' id='par_1_4' title="bbox 251 482 1837 565">
     <span class='ocr_line' id='line_1_4' title="bbox 251 482 1837 565; baseline 0.009 -29"><span class='ocrx_word' id='word_1_6' title='bbox 251 484 537 553; x_wconf 66' lang='grc' dir='ltr'>μείνωμεν</span> <span class='ocrx_word' id='word_1_7' title='bbox 590 482 668 553; x_wconf 85' lang='grc' dir='ltr'><strong>τῷ</strong></span> <span class='ocrx_word' id='word_1_8' title='bbox 728 483 952 553; x_wconf 80' lang='grc' dir='ltr'>πένθει;</span> <span class='ocrx_word' id='word_1_9' title='bbox 999 489 1432 561; x_wconf 78' lang='grc' dir='ltr'>κατηφιάσωμεν</span> <span class='ocrx_word' id='word_1_10' title='bbox 1499 492 1837 565; x_wconf 84' lang='grc' dir='ltr'>δυσθυμότε-</span> 
     </span>
    </p>
   </div>
   <div class='ocr_carea' id='block_1_5' title="bbox 1937 482 3525 569">
    <p class='ocr_par' dir='ltr' id='par_1_5' title="bbox 1940 497 3525 569">
     <span class='ocr_line' id='line_1_5' title="bbox 1940 497 3525 569; baseline 0 -16"><span class='ocrx_word' id='word_1_11' title='bbox 1940 514 2064 555; x_wconf 89' lang='lat' dir='ltr'><strong>mus</strong></span> <span class='ocrx_word' id='word_1_12' title='bbox 2110 498 2397 554; x_wconf 85' lang='lat' dir='ltr'><strong>animum?</strong></span> <span class='ocrx_word' id='word_1_13' title='bbox 2442 512 2511 553; x_wconf 91' lang='lat' dir='ltr'><strong>an</strong></span> <span class='ocrx_word' id='word_1_14' title='bbox 2567 497 2748 553; x_wconf 87' lang='lat' dir='ltr'><strong>dolori</strong></span> <span class='ocrx_word' id='word_1_15' title='bbox 2799 497 3265 553; x_wconf 83' lang='lat' dir='ltr'><strong>succumbemus?</strong></span> <span class='ocrx_word' id='word_1_16' title='bbox 3309 498 3525 569; x_wconf 75' lang='lat' dir='ltr'><strong>Nequa-</strong></span> 
     </span>
    </p>
   </div>
   <div class='ocr_carea' id='block_1_6' title="bbox 250 569 1837 647">
    <p class='ocr_par' dir='ltr' id='par_1_6' title="bbox 250 569 1837 647">
     <span class='ocr_line' id='line_1_6' title="bbox 250 569 1837 647; baseline 0.009 -26"><span class='ocrx_word' id='word_1_17' title='bbox 250 586 377 640; x_wconf 85' lang='grc' dir='ltr'>ρον;</span> <span class='ocrx_word' id='word_1_18' title='bbox 426 569 785 641; x_wconf 80' lang='grc' dir='ltr'>ἐναφεθῶμεν</span> <span class='ocrx_word' id='word_1_19' title='bbox 832 572 910 641; x_wconf 84' lang='grc' dir='ltr'>τῷ</span> <span class='ocrx_word' id='word_1_20' title='bbox 959 574 1161 641; x_wconf 58' lang='lat' dir='ltr'><strong>ﬁdem;</strong></span> <span class='ocrx_word' id='word_1_21' title='bbox 1223 576 1528 647; x_wconf 83' lang='grc' dir='ltr'>Οὐμενοῦν,</span> <span class='ocrx_word' id='word_1_22' title='bbox 1568 576 1614 634; x_wconf 80' lang='grc' dir='ltr'>ὦ</span> <span class='ocrx_word' id='word_1_23' title='bbox 1681 581 1837 636; x_wconf 88' lang='grc' dir='ltr'>ἀδελ-</span> 
     </span>
    </p>
   </div>
   <div class='ocr_carea' id='block_1_7' title="bbox 246 660 1841 746">
    <p class='ocr_par' dir='ltr' id='par_1_7' title="bbox 246 660 1841 746">
     <span class='ocr_line' id='line_1_7' title="bbox 246 660 1841 746; baseline 0.009 -32"><span class='ocrx_word' id='word_1_24' title='bbox 246 662 374 732; x_wconf 78' lang='grc' dir='ltr'>φοί·</span> <span class='ocrx_word' id='word_1_25' title='bbox 404 660 521 716; x_wconf 86' lang='grc' dir='ltr'>ἀλλ’</span> <span class='ocrx_word' id='word_1_26' title='bbox 560 662 765 729; x_wconf 78' lang='grc' dir='ltr'>εἰδότες</span> <span class='ocrx_word' id='word_1_27' title='bbox 802 664 886 719; x_wconf 84' lang='grc' dir='ltr'>ὅτι</span> <span class='ocrx_word' id='word_1_28' title='bbox 919 665 1100 738; x_wconf 80' lang='grc' dir='ltr'><strong>δόγμα</strong></span> <span class='ocrx_word' id='word_1_29' title='bbox 1147 668 1282 723; x_wconf 83' lang='grc' dir='ltr'><strong>Θεοῦ</strong></span> <span class='ocrx_word' id='word_1_30' title='bbox 1318 672 1485 725; x_wconf 80' lang='grc' dir='ltr'>πᾶσιν</span> <span class='ocrx_word' id='word_1_31' title='bbox 1529 672 1841 746; x_wconf 86' lang='grc' dir='ltr'>ἀνθρώποις</span> 
     </span>
    </p>
   </div>
   <div class='ocr_carea' id='block_1_8' title="bbox 244 756 1837 838">
    <p class='ocr_par' dir='ltr' id='par_1_8' title="bbox 244 756 1837 838">
     <span class='ocr_line' id='line_1_8' title="bbox 244 756 1837 838; baseline 0.008 -30"><span class='ocrx_word' id='word_1_32' title='bbox 244 757 330 820; x_wconf 77' lang='grc' dir='ltr'>εἰς</span> <span class='ocrx_word' id='word_1_33' title='bbox 364 756 580 825; x_wconf 84' lang='grc' dir='ltr'>γένεσιν</span> <span class='ocrx_word' id='word_1_34' title='bbox 608 757 859 813; x_wconf 74' lang='grc' dir='ltr'><strong>ἐλθοῦσιν</strong></span> <span class='ocrx_word' id='word_1_35' title='bbox 887 756 1049 825; x_wconf 82' lang='grc' dir='ltr'>αὖθις</span> <span class='ocrx_word' id='word_1_36' title='bbox 1072 761 1351 828; x_wconf 83' lang='grc' dir='ltr'>ἀναλύειν,</span> <span class='ocrx_word' id='word_1_37' title='bbox 1385 764 1484 818; x_wconf 73' lang='grc' dir='ltr'><strong>καὶ</strong></span> <span class='ocrx_word' id='word_1_38' title='bbox 1518 764 1619 837; x_wconf 81' lang='grc' dir='ltr'>τὴν</span> <span class='ocrx_word' id='word_1_39' title='bbox 1651 766 1837 838; x_wconf 81' lang='grc' dir='ltr'>κρείτ-</span> 
     </span>
    </p>
   </div>
   <div class='ocr_carea' id='block_1_9' title="bbox 242 849 1839 931">
    <p class='ocr_par' dir='ltr' id='par_1_9' title="bbox 242 849 1839 931">
     <span class='ocr_line' id='line_1_9' title="bbox 242 849 1839 931; baseline 0.01 -31"><span class='ocrx_word' id='word_1_40' title='bbox 242 866 379 902; x_wconf 85' lang='grc' dir='ltr'>τονα</span> <span class='ocrx_word' id='word_1_41' title='bbox 410 850 504 903; x_wconf 75' lang='grc' dir='ltr'><strong>καὶ</strong></span> <span class='ocrx_word' id='word_1_42' title='bbox 534 849 796 921; x_wconf 84' lang='grc' dir='ltr'>ἀπήμονα</span> <span class='ocrx_word' id='word_1_43' title='bbox 824 851 1268 924; x_wconf 84' lang='grc' dir='ltr'>μεταλαμϐάνειν</span> <span class='ocrx_word' id='word_1_44' title='bbox 1301 855 1470 929; x_wconf 75' lang='grc' dir='ltr'>ζωὴν,</span> <span class='ocrx_word' id='word_1_45' title='bbox 1500 852 1571 930; x_wconf 78' lang='grc' dir='ltr'>ἦς</span> <span class='ocrx_word' id='word_1_46' title='bbox 1614 858 1839 931; x_wconf 83' lang='grc' dir='ltr'>ἀπαρχὴ</span> 
     </span>
    </p>
   </div>
   <div class='ocr_carea' id='block_1_10' title="bbox 243 941 1839 1021">
    <p class='ocr_par' dir='ltr' id='par_1_10' title="bbox 243 941 1839 1021">
     <span class='ocr_line' id='line_1_10' title="bbox 243 941 1839 1021; baseline 0.006 -28"><span class='ocrx_word' id='word_1_47' title='bbox 243 941 484 1012; x_wconf 84' lang='grc' dir='ltr'>Χριστὸς</span> <span class='ocrx_word' id='word_1_48' title='bbox 499 943 527 996; x_wconf 87' lang='grc' dir='ltr'>ὁ</span> <span class='ocrx_word' id='word_1_49' title='bbox 551 941 684 1006; x_wconf 83' lang='grc' dir='ltr'>Θεὸς</span> <span class='ocrx_word' id='word_1_50' title='bbox 710 942 890 1015; x_wconf 77' lang='grc' dir='ltr'>ἡμῶν,</span> <span class='ocrx_word' id='word_1_51' title='bbox 911 945 940 998; x_wconf 87' lang='grc' dir='ltr'>ὁ</span> <span class='ocrx_word' id='word_1_52' title='bbox 959 945 1061 1016; x_wconf 81' lang='grc' dir='ltr'>τῆς</span> <span class='ocrx_word' id='word_1_53' title='bbox 1086 944 1231 1017; x_wconf 79' lang='grc' dir='ltr'>ζωῆς</span> <span class='ocrx_word' id='word_1_54' title='bbox 1251 948 1516 1021; x_wconf 83' lang='grc' dir='ltr'>ἀρχηγός·</span> <span class='ocrx_word' id='word_1_55' title='bbox 1547 950 1839 1021; x_wconf 87' lang='grc' dir='ltr'>παρακλη-</span> 
     </span>
    </p>
   </div>
   <div class='ocr_carea' id='block_1_11' title="bbox 244 1033 1842 1113">
    <p class='ocr_par' dir='ltr' id='par_1_11' title="bbox 244 1033 1842 1113">
     <span class='ocr_line' id='line_1_11' title="bbox 244 1033 1842 1113; baseline 0.006 -27"><span class='ocrx_word' id='word_1_56' title='bbox 244 1033 435 1104; x_wconf 87' lang='grc' dir='ltr'>θῶμεν</span> <span class='ocrx_word' id='word_1_57' title='bbox 474 1034 821 1105; x_wconf 82' lang='grc' dir='ltr'><strong>παρακλήσει</strong></span> <span class='ocrx_word' id='word_1_58' title='bbox 851 1036 1012 1101; x_wconf 87' lang='grc' dir='ltr'>Θεοῦ,</span> <span class='ocrx_word' id='word_1_59' title='bbox 1047 1039 1128 1104; x_wconf 79' lang='grc' dir='ltr'>εἰς</span> <span class='ocrx_word' id='word_1_60' title='bbox 1155 1040 1385 1104; x_wconf 78' lang='grc' dir='ltr'>ἑαυτοὺς</span> <span class='ocrx_word' id='word_1_61' title='bbox 1409 1041 1702 1113; x_wconf 84' lang='grc' dir='ltr'>γενώμεθα</span> <span class='ocrx_word' id='word_1_62' title='bbox 1723 1059 1738 1073; x_wconf 78' lang='grc'><strong>’</strong></span> <span class='ocrx_word' id='word_1_63' title='bbox 1761 1043 1842 1096; x_wconf 77' lang='grc' dir='ltr'>εῖ-</span> 
     </span>
    </p>
   </div>
   <div class='ocr_carea' id='block_1_12' title="bbox 244 1128 1840 1203">
    <p class='ocr_par' dir='ltr' id='par_1_12' title="bbox 244 1128 1840 1203">
     <span class='ocr_line' id='line_1_12' title="bbox 244 1128 1840 1203; baseline 0.006 -23"><span class='ocrx_word' id='word_1_64' title='bbox 244 1144 447 1196; x_wconf 88' lang='grc' dir='ltr'>πωμεν</span> <span class='ocrx_word' id='word_1_65' title='bbox 464 1144 476 1159; x_wconf 91' lang='grc'><strong>·</strong></span> <span class='ocrx_word' id='word_1_66' title='bbox 512 1128 575 1181; x_wconf 82' lang='grc' dir='ltr'><strong><em>Ὀ</em></strong></span> <span class='ocrx_word' id='word_1_67' title='bbox 600 1128 820 1197; x_wconf 83' lang='grc' dir='ltr'>Κύριος</span> <span class='ocrx_word' id='word_1_68' title='bbox 848 1129 1097 1198; x_wconf 78' lang='grc' dir='ltr'>ἔδωκεν,</span> <span class='ocrx_word' id='word_1_69' title='bbox 1119 1134 1153 1186; x_wconf 85' lang='grc' dir='ltr'><strong>ό</strong></span> <span class='ocrx_word' id='word_1_70' title='bbox 1169 1132 1389 1200; x_wconf 83' lang='grc' dir='ltr'>Κύριος</span> <span class='ocrx_word' id='word_1_71' title='bbox 1415 1135 1720 1203; x_wconf 72' lang='grc' dir='ltr'>ἀφείλετο,</span> <span class='ocrx_word' id='word_1_72' title='bbox 1746 1136 1840 1189; x_wconf 87' lang='grc' dir='ltr'><strong>τὸν</strong></span> 
     </span>
    </p>
   </div>
   <div class='ocr_carea' id='block_1_13' title="bbox 243 1222 1838 1305">
    <p class='ocr_par' dir='ltr' id='par_1_13' title="bbox 243 1222 1838 1305">
     <span class='ocr_line' id='line_1_13' title="bbox 243 1222 1838 1305; baseline 0.008 -30"><span class='ocrx_word' id='word_1_73' title='bbox 243 1223 415 1276; x_wconf 83' lang='grc' dir='ltr'>καλὸν</span> <span class='ocrx_word' id='word_1_74' title='bbox 442 1222 793 1291; x_wconf 86' lang='grc' dir='ltr'>διδάσκαλον,</span> <span class='ocrx_word' id='word_1_75' title='bbox 832 1226 928 1280; x_wconf 88' lang='grc' dir='ltr'><strong>τὸν</strong></span> <span class='ocrx_word' id='word_1_76' title='bbox 974 1228 1121 1299; x_wconf 77' lang='grc' dir='ltr'>ἱερὸν</span> <span class='ocrx_word' id='word_1_77' title='bbox 1157 1229 1540 1300; x_wconf 76' lang='grc' dir='ltr'>καθηγεμόνα.</span> <span class='ocrx_word' id='word_1_78' title='bbox 1602 1232 1695 1296; x_wconf 80' lang='grc' dir='ltr'>Τίς</span> <span class='ocrx_word' id='word_1_79' title='bbox 1726 1234 1838 1305; x_wconf 89' lang='grc' dir='ltr'><strong>γάρ</strong></span> 
     </span>
    </p>
   </div>
   <div class='ocr_carea' id='block_1_14' title="bbox 242 1313 1836 1393">
    <p class='ocr_par' dir='ltr' id='par_1_14' title="bbox 242 1313 1836 1393">
     <span class='ocr_line' id='line_1_14' title="bbox 242 1313 1836 1393; baseline 0.008 -25"><span class='ocrx_word' id='word_1_80' title='bbox 242 1313 422 1369; x_wconf 82' lang='grc' dir='ltr'>ἐστιν</span> <span class='ocrx_word' id='word_1_81' title='bbox 442 1315 757 1385; x_wconf 78' lang='grc' dir='ltr'>ἄνθρωπος</span> <span class='ocrx_word' id='word_1_82' title='bbox 785 1316 856 1385; x_wconf 81' lang='grc' dir='ltr'>ὃς</span> <span class='ocrx_word' id='word_1_83' title='bbox 877 1317 1141 1389; x_wconf 84' lang='grc' dir='ltr'><strong>ζήσεται,</strong></span> <span class='ocrx_word' id='word_1_84' title='bbox 1159 1322 1261 1377; x_wconf 80' lang='grc' dir='ltr'><strong>και</strong></span> <span class='ocrx_word' id='word_1_85' title='bbox 1281 1324 1395 1377; x_wconf 85' lang='grc' dir='ltr'>οὐκ</span> <span class='ocrx_word' id='word_1_86' title='bbox 1412 1324 1626 1393; x_wconf 75' lang='grc' dir='ltr'>ὄψεται</span> <span class='ocrx_word' id='word_1_87' title='bbox 1650 1325 1836 1383; x_wconf 77' lang='grc' dir='ltr'>θάνα-</span> 
     </span>
    </p>
   </div>
   <div class='ocr_carea' id='block_1_15' title="bbox 244 1407 1835 1491">
    <p class='ocr_par' dir='ltr' id='par_1_15' title="bbox 244 1407 1835 1491">
     <span class='ocr_line' id='line_1_15' title="bbox 244 1407 1835 1491; baseline 0.01 -31"><span class='ocrx_word' id='word_1_88' title='bbox 244 1424 395 1472; x_wconf 81' lang='grc' dir='ltr'>τον;</span> <span class='ocrx_word' id='word_1_89' title='bbox 427 1407 514 1462; x_wconf 81' lang='grc' dir='ltr'>ἵνα</span> <span class='ocrx_word' id='word_1_90' title='bbox 543 1409 638 1462; x_wconf 88' lang='grc' dir='ltr'><strong>τοῦ</strong></span> <span class='ocrx_word' id='word_1_91' title='bbox 693 1411 969 1483; x_wconf 75' lang='grc' dir='ltr'><strong>ἡμετέρου</strong></span> <span class='ocrx_word' id='word_1_92' title='bbox 1002 1413 1220 1486; x_wconf 84' lang='grc' dir='ltr'>Πατρὸς</span> <span class='ocrx_word' id='word_1_93' title='bbox 1246 1414 1563 1480; x_wconf 83' lang='grc' dir='ltr'>ξενοπαθεῖν</span> <span class='ocrx_word' id='word_1_94' title='bbox 1597 1417 1835 1491; x_wconf 74' lang='grc' dir='ltr'>ἔχωμεν.</span> 
     </span>
    </p>
   </div>
   <div class='ocr_carea' id='block_1_16' title="bbox 245 1498 1840 1580">
    <p class='ocr_par' dir='ltr' id='par_1_16' title="bbox 245 1498 1840 1580">
     <span class='ocr_line' id='line_1_16' title="bbox 245 1498 1840 1580; baseline 0.009 -27"><span class='ocrx_word' id='word_1_95' title='bbox 245 1498 746 1576; x_wconf 83' lang='grc' dir='ltr'>Εὐχαριστ[ητ]ἐον</span> <span class='ocrx_word' id='word_1_96' title='bbox 784 1504 867 1557; x_wconf 84' lang='grc' dir='ltr'><strong>ὅτι</strong></span> <span class='ocrx_word' id='word_1_97' title='bbox 893 1504 1139 1560; x_wconf 84' lang='grc' dir='ltr'>τοιούτου</span> <span class='ocrx_word' id='word_1_98' title='bbox 1168 1506 1468 1580; x_wconf 73' lang='grc' dir='ltr'>ἡξιὼμεθαο</span> <span class='ocrx_word' id='word_1_99' title='bbox 1494 1511 1590 1565; x_wconf 75' lang='grc' dir='ltr'><strong>καὶ</strong></span> <span class='ocrx_word' id='word_1_100' title='bbox 1620 1512 1704 1565; x_wconf 85' lang='grc' dir='ltr'>ὅτι</span> <span class='ocrx_word' id='word_1_101' title='bbox 1733 1512 1840 1578; x_wconf 78' lang='grc' dir='ltr'>ἓως</span> 
     </span>
    </p>
   </div>
   <div class='ocr_carea' id='block_1_17' title="bbox 243 1594 1837 1673">
    <p class='ocr_par' dir='ltr' id='par_1_17' title="bbox 243 1594 1837 1673">
     <span class='ocr_line' id='line_1_17' title="bbox 243 1594 1837 1673; baseline 0.008 -27"><span class='ocrx_word' id='word_1_102' title='bbox 243 1594 457 1666; x_wconf 77' lang='grc' dir='ltr'>γήρους</span> <span class='ocrx_word' id='word_1_103' title='bbox 481 1596 576 1649; x_wconf 80' lang='grc' dir='ltr'>καὶ</span> <span class='ocrx_word' id='word_1_104' title='bbox 605 1595 901 1667; x_wconf 85' lang='grc' dir='ltr'>πρεσϐείου</span> <span class='ocrx_word' id='word_1_105' title='bbox 937 1598 972 1669; x_wconf 86' lang='grc' dir='ltr'><strong>ή</strong></span> <span class='ocrx_word' id='word_1_106' title='bbox 994 1600 1223 1671; x_wconf 83' lang='grc' dir='ltr'>χρονικὴ</span> <span class='ocrx_word' id='word_1_107' title='bbox 1248 1602 1557 1673; x_wconf 83' lang='grc' dir='ltr'>παράτασις</span> <span class='ocrx_word' id='word_1_108' title='bbox 1582 1620 1597 1636; x_wconf 90' lang='grc'><strong>·</strong></span> <span class='ocrx_word' id='word_1_109' title='bbox 1633 1604 1727 1658; x_wconf 79' lang='grc' dir='ltr'><strong>καὶ</strong></span> <span class='ocrx_word' id='word_1_110' title='bbox 1754 1605 1837 1659; x_wconf 77' lang='grc' dir='ltr'><strong>δτι</strong></span> 
     </span>
    </p>
   </div>
   <div class='ocr_carea' id='block_1_18' title="bbox 244 1686 1835 1767">
    <p class='ocr_par' dir='ltr' id='par_1_18' title="bbox 244 1686 1835 1767">
     <span class='ocr_line' id='line_1_18' title="bbox 244 1686 1835 1767; baseline 0.008 -30"><span class='ocrx_word' id='word_1_111' title='bbox 244 1703 314 1753; x_wconf 79' lang='grc' dir='ltr'><strong>γε</strong></span> <span class='ocrx_word' id='word_1_112' title='bbox 346 1686 728 1755; x_wconf 77' lang='grc' dir='ltr'>ἐγκατέλιπεν,</span> <span class='ocrx_word' id='word_1_113' title='bbox 759 1690 862 1744; x_wconf 83' lang='grc' dir='ltr'><strong>οὐκ</strong></span> <span class='ocrx_word' id='word_1_114' title='bbox 896 1690 1541 1761; x_wconf 82' lang='grc' dir='ltr'>ἀπροστατεύτους,οὑδὲ</span> <span class='ocrx_word' id='word_1_115' title='bbox 1568 1696 1835 1767; x_wconf 69' lang='grc' dir='ltr'>ὲρήμουςυ</span> 
     </span>
    </p>
   </div>
   <div class='ocr_carea' id='block_1_19' title="bbox 244 1778 1833 1860">
    <p class='ocr_par' dir='ltr' id='par_1_19' title="bbox 244 1778 1833 1860">
     <span class='ocr_line' id='line_1_19' title="bbox 244 1778 1833 1860; baseline 0.006 -28"><span class='ocrx_word' id='word_1_116' title='bbox 244 1778 390 1832; x_wconf 86' lang='grc' dir='ltr'>ἀλλὰ</span> <span class='ocrx_word' id='word_1_117' title='bbox 413 1780 509 1833; x_wconf 81' lang='grc' dir='ltr'><strong>καὶ</strong></span> <span class='ocrx_word' id='word_1_118' title='bbox 534 1779 835 1852; x_wconf 80' lang='grc' dir='ltr'><strong>εὐλόγησεν</strong></span> <span class='ocrx_word' id='word_1_119' title='bbox 884 1780 1085 1849; x_wconf 82' lang='grc' dir='ltr'>ὲξόδια,</span> <span class='ocrx_word' id='word_1_120' title='bbox 1136 1785 1234 1838; x_wconf 79' lang='grc' dir='ltr'>καὶ</span> <span class='ocrx_word' id='word_1_121' title='bbox 1262 1786 1541 1856; x_wconf 76' lang='grc' dir='ltr'>ἐπηύξατο</span> <span class='ocrx_word' id='word_1_122' title='bbox 1563 1787 1833 1860; x_wconf 86' lang='grc' dir='ltr'>ἁρμόδια·</span> 
     </span>
    </p>
   </div>
   <div class='ocr_carea' id='block_1_20' title="bbox 243 1861 1916 1956">
    <p class='ocr_par' dir='ltr' id='par_1_20' title="bbox 243 1861 1916 1956">
     <span class='ocr_line' id='line_1_20' title="bbox 243 1861 1916 1956; baseline 0.01 -32"><span class='ocrx_word' id='word_1_123' title='bbox 243 1872 344 1925; x_wconf 81' lang='grc' dir='ltr'>καὶ</span> <span class='ocrx_word' id='word_1_124' title='bbox 375 1871 473 1927; x_wconf 77' lang='grc' dir='ltr'>ἕνα</span> <span class='ocrx_word' id='word_1_125' title='bbox 501 1872 613 1928; x_wconf 91' lang='grc' dir='ltr'><strong>τῶν</strong></span> <span class='ocrx_word' id='word_1_126' title='bbox 645 1876 743 1929; x_wconf 81' lang='grc' dir='ltr'><strong>σὺν</strong></span> <span class='ocrx_word' id='word_1_127' title='bbox 765 1876 896 1948; x_wconf 81' lang='grc' dir='ltr'>ὑμῖν</span> <span class='ocrx_word' id='word_1_128' title='bbox 920 1878 1264 1950; x_wconf 83' lang='grc' dir='ltr'><strong>κατέστησεν</strong></span> <span class='ocrx_word' id='word_1_129' title='bbox 1297 1880 1386 1951; x_wconf 77' lang='grc' dir='ltr'><strong>ἐφ’</strong></span> <span class='ocrx_word' id='word_1_130' title='bbox 1414 1883 1562 1953; x_wconf 79' lang='grc' dir='ltr'>ὑμᾶς</span> <span class='ocrx_word' id='word_1_131' title='bbox 1589 1901 1833 1956; x_wconf 85' lang='grc' dir='ltr'>προστα-</span> <span class='ocrx_word' id='word_1_132' title='bbox 1869 1861 1916 1922; x_wconf 79' lang='grc' dir='ltr'>Β</span> 
     </span>
    </p>
   </div>
   <div class='ocr_carea' id='block_1_21' title="bbox 241 1964 1836 2043">
    <p class='ocr_par' dir='ltr' id='par_1_21' title="bbox 241 1964 1836 2043">
     <span class='ocr_line' id='line_1_21' title="bbox 241 1964 1836 2043; baseline 0.01 -24"><span class='ocrx_word' id='word_1_133' title='bbox 241 1964 551 2022; x_wconf 83' lang='grc' dir='ltr'>τεύσοντα·</span> <span class='ocrx_word' id='word_1_134' title='bbox 610 1969 671 2023; x_wconf 83' lang='grc' dir='ltr'>ὃν</span> <span class='ocrx_word' id='word_1_135' title='bbox 728 1971 1111 2043; x_wconf 80' lang='grc' dir='ltr'>παραινοῦμεν</span> <span class='ocrx_word' id='word_1_136' title='bbox 1166 1966 1451 2039; x_wconf 79' lang='grc' dir='ltr'>ζώσασθαι</span> <span class='ocrx_word' id='word_1_137' title='bbox 1505 1978 1582 2043; x_wconf 83' lang='grc' dir='ltr'>ὡς</span> <span class='ocrx_word' id='word_1_138' title='bbox 1628 1978 1836 2035; x_wconf 81' lang='grc' dir='ltr'>τέλειον</span> 
     </span>
    </p>
   </div>
   <div class='ocr_carea' id='block_1_22' title="bbox 242 2061 1836 2146">
    <p class='ocr_par' dir='ltr' id='par_1_22' title="bbox 242 2061 1836 2146">
     <span class='ocr_line' id='line_1_22' title="bbox 242 2061 1836 2146; baseline 0.009 -30"><span class='ocrx_word' id='word_1_139' title='bbox 242 2061 419 2133; x_wconf 85' lang='grc' dir='ltr'>ἄνδρα</span> <span class='ocrx_word' id='word_1_140' title='bbox 444 2062 547 2135; x_wconf 80' lang='grc' dir='ltr'>τὴν</span> <span class='ocrx_word' id='word_1_141' title='bbox 573 2063 769 2134; x_wconf 83' lang='grc' dir='ltr'>ὀσφῦν,</span> <span class='ocrx_word' id='word_1_142' title='bbox 791 2064 890 2120; x_wconf 78' lang='grc' dir='ltr'>καὶ</span> <span class='ocrx_word' id='word_1_143' title='bbox 913 2066 1352 2142; x_wconf 85' lang='grc' dir='ltr'>Χριστομιμήτῳ</span> <span class='ocrx_word' id='word_1_144' title='bbox 1379 2071 1711 2127; x_wconf 83' lang='grc' dir='ltr'>ταπεινώσει</span> <span class='ocrx_word' id='word_1_145' title='bbox 1735 2075 1836 2146; x_wconf 81' lang='grc' dir='ltr'>τῆς</span> 
     </span>
    </p>
   </div>
   <div class='ocr_carea' id='block_1_23' title="bbox 243 2144 1837 2234">
    <p class='ocr_par' dir='ltr' id='par_1_23' title="bbox 243 2144 1837 2234">
     <span class='ocr_line' id='line_1_23' title="bbox 243 2144 1837 2234; baseline 0.009 -27"><span class='ocrx_word' id='word_1_146' title='bbox 243 2154 712 2229; x_wconf 75' lang='grc' dir='ltr'>ὲμπιστευθείσης</span> <span class='ocrx_word' id='word_1_147' title='bbox 747 2157 901 2231; x_wconf 84' lang='grc' dir='ltr'>αὐτῷ</span> <span class='ocrx_word' id='word_1_148' title='bbox 927 2158 1208 2226; x_wconf 78' lang='grc' dir='ltr'>διακονίας</span> <span class='ocrx_word' id='word_1_149' title='bbox 1245 2161 1501 2234; x_wconf 71' lang='grc' dir='ltr'>ἔχεσθαιο</span> <span class='ocrx_word' id='word_1_150' title='bbox 1525 2165 1713 2220; x_wconf 83' lang='grc' dir='ltr'>κανόνι</span> <span class='ocrx_word' id='word_1_151' title='bbox 1741 2144 1837 2221; x_wconf 78' lang='grc' dir='ltr'><strong>καὶ</strong></span> 
     </span>
    </p>
   </div>
   <div class='ocr_carea' id='block_1_24' title="bbox 243 2247 1834 2328">
    <p class='ocr_par' dir='ltr' id='par_1_24' title="bbox 243 2247 1834 2328">
     <span class='ocr_line' id='line_1_24' title="bbox 243 2247 1834 2328; baseline 0.008 -29"><span class='ocrx_word' id='word_1_152' title='bbox 243 2247 388 2317; x_wconf 82' lang='grc' dir='ltr'>ῐχνει</span> <span class='ocrx_word' id='word_1_153' title='bbox 423 2247 521 2303; x_wconf 84' lang='grc' dir='ltr'><strong>τοῦ</strong></span> <span class='ocrx_word' id='word_1_154' title='bbox 579 2249 856 2322; x_wconf 82' lang='grc' dir='ltr'>μακαρίου</span> <span class='ocrx_word' id='word_1_155' title='bbox 899 2251 1115 2306; x_wconf 76' lang='grc' dir='ltr'>ἐκείνου</span> <span class='ocrx_word' id='word_1_156' title='bbox 1166 2253 1546 2326; x_wconf 89' lang='grc' dir='ltr'>πορευόμενον</span> <span class='ocrx_word' id='word_1_157' title='bbox 1578 2254 1658 2328; x_wconf 86' lang='grc' dir='ltr'>τῷ</span> <span class='ocrx_word' id='word_1_158' title='bbox 1706 2257 1834 2312; x_wconf 85' lang='grc' dir='ltr'>κατ’</span> 
     </span>
    </p>
   </div>
   <div class='ocr_carea' id='block_1_25' title="bbox 242 2338 839 2413">
    <p class='ocr_par' dir='ltr' id='par_1_25' title="bbox 242 2338 839 2413">
     <span class='ocr_line' id='line_1_25' title="bbox 242 2338 839 2413; baseline 0.007 -21"><span class='ocrx_word' id='word_1_159' title='bbox 242 2338 472 2411; x_wconf 80' lang='grc' dir='ltr'>ἐντολὴν</span> <span class='ocrx_word' id='word_1_160' title='bbox 494 2340 632 2393; x_wconf 89' lang='grc' dir='ltr'>Θεοῦ</span> <span class='ocrx_word' id='word_1_161' title='bbox 672 2340 839 2413; x_wconf 84' lang='grc' dir='ltr'>λόγῳ.</span> 
     </span>
    </p>
   </div>
   <div class='ocr_carea' id='block_1_26' title="bbox 319 2430 1837 2517">
    <p class='ocr_par' dir='ltr' id='par_1_26' title="bbox 319 2430 1837 2517">
     <span class='ocr_line' id='line_1_26' title="bbox 319 2430 1837 2517; baseline 0.011 -34"><span class='ocrx_word' id='word_1_162' title='bbox 319 2430 758 2504; x_wconf 78' lang='grc' dir='ltr'>Παρακαλοῦμεν</span> <span class='ocrx_word' id='word_1_163' title='bbox 786 2433 843 2488; x_wconf 83' lang='grc' dir='ltr'>δὲ</span> <span class='ocrx_word' id='word_1_164' title='bbox 870 2434 1135 2501; x_wconf 76' lang='grc' dir='ltr'>ὡσαύτως</span> <span class='ocrx_word' id='word_1_165' title='bbox 1176 2440 1273 2493; x_wconf 76' lang='grc' dir='ltr'><strong>καὶ</strong></span> <span class='ocrx_word' id='word_1_166' title='bbox 1307 2440 1475 2512; x_wconf 83' lang='grc' dir='ltr'>ὑμᾶς,</span> <span class='ocrx_word' id='word_1_167' title='bbox 1515 2443 1618 2515; x_wconf 84' lang='grc' dir='ltr'><strong>τὴν</strong></span> <span class='ocrx_word' id='word_1_168' title='bbox 1660 2443 1837 2517; x_wconf 79' lang='grc' dir='ltr'>καλὴν</span> 
     </span>
    </p>
   </div>
   <div class='ocr_carea' id='block_1_27' title="bbox 241 2522 1833 2614">
    <p class='ocr_par' dir='ltr' id='par_1_27' title="bbox 241 2522 1833 2614">
     <span class='ocr_line' id='line_1_27' title="bbox 241 2522 1833 2614; baseline 0.013 -40"><span class='ocrx_word' id='word_1_169' title='bbox 241 2522 608 2596; x_wconf 84' lang='grc' dir='ltr'>ἀδελφότητα,</span> <span class='ocrx_word' id='word_1_170' title='bbox 648 2525 965 2599; x_wconf 83' lang='grc' dir='ltr'>ὁμογνώμῳ</span> <span class='ocrx_word' id='word_1_171' title='bbox 1017 2530 1204 2585; x_wconf 86' lang='grc' dir='ltr'>πίστει</span> <span class='ocrx_word' id='word_1_172' title='bbox 1262 2551 1322 2587; x_wconf 83' lang='grc' dir='ltr'><strong>τε</strong></span> <span class='ocrx_word' id='word_1_173' title='bbox 1369 2536 1465 2589; x_wconf 80' lang='grc' dir='ltr'><strong>καὶ</strong></span> <span class='ocrx_word' id='word_1_174' title='bbox 1520 2537 1711 2614; x_wconf 82' lang='grc' dir='ltr'><strong>ἀγάπῃ</strong></span> <span class='ocrx_word' id='word_1_175' title='bbox 1752 2538 1833 2610; x_wconf 81' lang='grc' dir='ltr'>τῷ</span> 
     </span>
    </p>
   </div>
   <div class='ocr_carea' id='block_1_28' title="bbox 242 2619 1835 2700">
    <p class='ocr_par' dir='ltr' id='par_1_28' title="bbox 242 2619 1835 2700">
     <span class='ocr_line' id='line_1_28' title="bbox 242 2619 1835 2700; baseline 0.009 -32"><span class='ocrx_word' id='word_1_176' title='bbox 242 2624 545 2689; x_wconf 79' lang='grc' dir='ltr'>νεοκτίστῳ</span> <span class='ocrx_word' id='word_1_177' title='bbox 570 2619 912 2691; x_wconf 82' lang='grc' dir='ltr'>καθηγεμόνι</span> <span class='ocrx_word' id='word_1_178' title='bbox 933 2621 1182 2677; x_wconf 78' lang='grc' dir='ltr'>ὑπείκειν</span> <span class='ocrx_word' id='word_1_179' title='bbox 1211 2625 1268 2679; x_wconf 80' lang='grc' dir='ltr'>ὲν</span> <span class='ocrx_word' id='word_1_180' title='bbox 1292 2627 1484 2700; x_wconf 85' lang='grc' dir='ltr'>Κυρίῳ</span> <span class='ocrx_word' id='word_1_181' title='bbox 1506 2644 1521 2659; x_wconf 87' lang='grc'><strong>·</strong></span> <span class='ocrx_word' id='word_1_182' title='bbox 1542 2628 1636 2683; x_wconf 74' lang='grc' dir='ltr'><strong>καὶ</strong></span> <span class='ocrx_word' id='word_1_183' title='bbox 1664 2629 1835 2696; x_wconf 83' lang='grc' dir='ltr'>δεῖξαι</span> 
     </span>
    </p>
   </div>
   <div class='ocr_carea' id='block_1_29' title="bbox 240 2708 1833 2794">
    <p class='ocr_par' dir='ltr' id='par_1_29' title="bbox 240 2708 1833 2794">
     <span class='ocr_line' id='line_1_29' title="bbox 240 2708 1833 2794; baseline 0.008 -31"><span class='ocrx_word' id='word_1_184' title='bbox 240 2708 330 2763; x_wconf 79' lang='grc' dir='ltr'>ὅτι</span> <span class='ocrx_word' id='word_1_185' title='bbox 354 2709 525 2774; x_wconf 78' lang='grc' dir='ltr'>ὅντως</span> <span class='ocrx_word' id='word_1_186' title='bbox 555 2712 584 2764; x_wconf 85' lang='grc' dir='ltr'>ὁ</span> <span class='ocrx_word' id='word_1_187' title='bbox 615 2711 749 2776; x_wconf 83' lang='grc' dir='ltr'>Θεὸς</span> <span class='ocrx_word' id='word_1_188' title='bbox 780 2714 840 2767; x_wconf 79' lang='grc' dir='ltr'>ἐν</span> <span class='ocrx_word' id='word_1_189' title='bbox 869 2714 997 2784; x_wconf 82' lang='grc' dir='ltr'>ὑμῖν</span> <span class='ocrx_word' id='word_1_190' title='bbox 1033 2717 1185 2769; x_wconf 74' lang='grc' dir='ltr'>ἐστι’</span> <span class='ocrx_word' id='word_1_191' title='bbox 1228 2718 1325 2771; x_wconf 66' lang='grc' dir='ltr'><strong>καὶ⁵</strong></span> <span class='ocrx_word' id='word_1_192' title='bbox 1362 2721 1390 2773; x_wconf 90' lang='grc' dir='ltr'>ὁ</span> <span class='ocrx_word' id='word_1_193' title='bbox 1447 2720 1596 2784; x_wconf 79' lang='grc' dir='ltr'>ὅσιος</span> <span class='ocrx_word' id='word_1_194' title='bbox 1641 2721 1833 2794; x_wconf 79' lang='grc' dir='ltr'>Πατὴρ</span> 
     </span>
    </p>
   </div>
   <div class='ocr_carea' id='block_1_30' title="bbox 242 2801 1834 2882">
    <p class='ocr_par' dir='ltr' id='par_1_30' title="bbox 242 2801 1834 2882">
     <span class='ocr_line' id='line_1_30' title="bbox 242 2801 1834 2882; baseline 0.007 -27"><span class='ocrx_word' id='word_1_195' title='bbox 242 2801 704 2874; x_wconf 74' lang='grc' dir='ltr'>προθυμούμενος</span> <span class='ocrx_word' id='word_1_196' title='bbox 730 2805 827 2860; x_wconf 71' lang='grc' dir='ltr'>καὶ</span> <span class='ocrx_word' id='word_1_197' title='bbox 879 2805 1116 2860; x_wconf 85' lang='grc' dir='ltr'>συνδέων</span> <span class='ocrx_word' id='word_1_198' title='bbox 1166 2808 1402 2875; x_wconf 81' lang='grc' dir='ltr'>πάντας,</span> <span class='ocrx_word' id='word_1_199' title='bbox 1469 2810 1551 2875; x_wconf 75' lang='grc' dir='ltr'><strong>εἰς</strong></span> <span class='ocrx_word' id='word_1_200' title='bbox 1580 2812 1834 2882; x_wconf 82' lang='grc' dir='ltr'>ὁμόνοιάν</span> 
     </span>
    </p>
   </div>
   <div class='ocr_carea' id='block_1_31' title="bbox 241 2895 1835 2975">
    <p class='ocr_par' dir='ltr' id='par_1_31' title="bbox 241 2895 1835 2975">
     <span class='ocr_line' id='line_1_31' title="bbox 241 2895 1835 2975; baseline 0.008 -27"><span class='ocrx_word' id='word_1_201' title='bbox 241 2913 309 2949; x_wconf 87' lang='grc' dir='ltr'><strong>τε</strong></span> <span class='ocrx_word' id='word_1_202' title='bbox 339 2896 435 2949; x_wconf 78' lang='grc' dir='ltr'>καὶ</span> <span class='ocrx_word' id='word_1_203' title='bbox 467 2895 798 2968; x_wconf 79' lang='grc' dir='ltr'>σύμπνοιαν.</span> <span class='ocrx_word' id='word_1_204' title='bbox 827 2898 959 2965; x_wconf 73' lang='grc' dir='ltr'>Ναὶ,</span> <span class='ocrx_word' id='word_1_205' title='bbox 987 2899 1213 2970; x_wconf 75' lang='grc' dir='ltr'>ἀδελφοὶ</span> <span class='ocrx_word' id='word_1_206' title='bbox 1250 2902 1578 2975; x_wconf 74' lang='grc' dir='ltr'>ἐπιπόθητοι</span> <span class='ocrx_word' id='word_1_207' title='bbox 1598 2920 1614 2936; x_wconf 79' lang='grc'><em>’</em></span> <span class='ocrx_word' id='word_1_208' title='bbox 1658 2904 1835 2971; x_wconf 75' lang='grc' dir='ltr'>οὕτως</span> 
     </span>
    </p>
   </div>
   <div class='ocr_carea' id='block_1_32' title="bbox 241 2988 1834 3069">
    <p class='ocr_par' dir='ltr' id='par_1_32' title="bbox 241 2988 1834 3069">
     <span class='ocr_line' id='line_1_32' title="bbox 241 2988 1834 3069; baseline 0.008 -29"><span class='ocrx_word' id='word_1_209' title='bbox 241 2988 462 3055; x_wconf 74' lang='grc' dir='ltr'>ἔσεσθε,</span> <span class='ocrx_word' id='word_1_210' title='bbox 543 2988 688 3044; x_wconf 70' lang='grc' dir='ltr'>οὓτω</span> <span class='ocrx_word' id='word_1_211' title='bbox 754 2991 1114 3064; x_wconf 85' lang='grc' dir='ltr'>παγιὼθητε·</span> <span class='ocrx_word' id='word_1_212' title='bbox 1183 2993 1290 3048; x_wconf 83' lang='grc' dir='ltr'>κᾶν</span> <span class='ocrx_word' id='word_1_213' title='bbox 1330 2997 1481 3049; x_wconf 85' lang='grc' dir='ltr'>πᾶσα</span> <span class='ocrx_word' id='word_1_214' title='bbox 1536 2997 1681 3069; x_wconf 79' lang='grc' dir='ltr'>ἀρχὴ</span> <span class='ocrx_word' id='word_1_215' title='bbox 1731 3000 1834 3053; x_wconf 85' lang='grc' dir='ltr'><strong>οὑκ</strong></span> 
     </span>
    </p>
   </div>
   <div class='ocr_carea' id='block_1_33' title="bbox 241 3079 1834 3157">
    <p class='ocr_par' dir='ltr' id='par_1_33' title="bbox 241 3079 1834 3157">
     <span class='ocr_line' id='line_1_33' title="bbox 241 3079 1834 3157; baseline 0.008 -24"><span class='ocrx_word' id='word_1_216' title='bbox 241 3079 554 3152; x_wconf 81' lang='grc' dir='ltr'>εὐμάρειαν</span> <span class='ocrx_word' id='word_1_217' title='bbox 596 3080 749 3153; x_wconf 75' lang='grc' dir='ltr'><strong>ἔχοι⁸</strong></span> <span class='ocrx_word' id='word_1_218' title='bbox 804 3083 985 3157; x_wconf 87' lang='grc' dir='ltr'>χρόνῳ</span> <span class='ocrx_word' id='word_1_219' title='bbox 1010 3086 1067 3139; x_wconf 88' lang='grc' dir='ltr'>δὲ</span> <span class='ocrx_word' id='word_1_220' title='bbox 1112 3085 1403 3157; x_wconf 84' lang='grc' dir='ltr'>προϊοῦσα,</span> <span class='ocrx_word' id='word_1_221' title='bbox 1442 3090 1524 3152; x_wconf 80' lang='grc' dir='ltr'><strong>εἰς</strong></span> <span class='ocrx_word' id='word_1_222' title='bbox 1554 3088 1669 3155; x_wconf 73' lang='grc' dir='ltr'>ἕξιν</span> <span class='ocrx_word' id='word_1_223' title='bbox 1709 3091 1834 3145; x_wconf 80' lang='grc' dir='ltr'>ἐπι-</span> 
     </span>
    </p>
   </div>
   <div class='ocr_carea' id='block_1_34' title="bbox 242 3172 1832 3251">
    <p class='ocr_par' dir='ltr' id='par_1_34' title="bbox 242 3172 1832 3251">
     <span class='ocr_line' id='line_1_34' title="bbox 242 3172 1832 3251; baseline 0.007 -26"><span class='ocrx_word' id='word_1_224' title='bbox 242 3172 584 3247; x_wconf 80' lang='grc' dir='ltr'>στημονικὴν</span> <span class='ocrx_word' id='word_1_225' title='bbox 640 3174 1008 3231; x_wconf 74' lang='grc' dir='ltr'>καθίσταταιο</span> <span class='ocrx_word' id='word_1_226' title='bbox 1064 3179 1201 3251; x_wconf 82' lang='grc' dir='ltr'>μηδὲ</span> <span class='ocrx_word' id='word_1_227' title='bbox 1251 3181 1558 3251; x_wconf 83' lang='grc' dir='ltr'>ὁμοιωθῆτε</span> <span class='ocrx_word' id='word_1_228' title='bbox 1598 3184 1715 3246; x_wconf 87' lang='grc' dir='ltr'>τοῖς</span> <span class='ocrx_word' id='word_1_229' title='bbox 1767 3185 1832 3238; x_wconf 83' lang='grc' dir='ltr'>ὲκ</span> 
     </span>
    </p>
   </div>
   <div class='ocr_carea' id='block_1_35' title="bbox 1941 591 3525 662">
    <p class='ocr_par' dir='ltr' id='par_1_35' title="bbox 1941 591 3525 662">
     <span class='ocr_line' id='line_1_35' title="bbox 1941 591 3525 662; baseline 0 -17"><span class='ocrx_word' id='word_1_230' title='bbox 1941 608 2134 662; x_wconf 88' lang='lat' dir='ltr'><strong>quam,</strong></span> <span class='ocrx_word' id='word_1_231' title='bbox 2179 591 2416 646; x_wconf 76' lang='lat' dir='ltr'><strong>fratres?</strong></span> <span class='ocrx_word' id='word_1_232' title='bbox 2462 591 2557 647; x_wconf 90' lang='lat' dir='ltr'><strong>sed</strong></span> <span class='ocrx_word' id='word_1_233' title='bbox 2586 607 2712 646; x_wconf 89' lang='lat' dir='ltr'><strong>cum</strong></span> <span class='ocrx_word' id='word_1_234' title='bbox 2754 593 2998 647; x_wconf 79' lang='lat' dir='ltr'><strong>sciamus</strong></span> <span class='ocrx_word' id='word_1_235' title='bbox 3027 599 3293 647; x_wconf 82' lang='lat' dir='ltr'><strong>statutum</strong></span> <span class='ocrx_word' id='word_1_236' title='bbox 3342 606 3464 646; x_wconf 89' lang='lat' dir='ltr'><strong>csse</strong></span> <span class='ocrx_word' id='word_1_237' title='bbox 3491 606 3525 645; x_wconf 86' lang='lat' dir='ltr'><strong>a</strong></span> 
     </span>
    </p>
   </div>
   <div class='ocr_carea' id='block_1_36' title="bbox 1940 682 3525 753">
    <p class='ocr_par' dir='ltr' id='par_1_36' title="bbox 1940 682 3525 753">
     <span class='ocr_line' id='line_1_36' title="bbox 1940 682 3525 753; baseline -0.001 -13"><span class='ocrx_word' id='word_1_238' title='bbox 1940 684 2055 740; x_wconf 90' lang='lat' dir='ltr'><strong>Deo</strong></span> <span class='ocrx_word' id='word_1_239' title='bbox 2097 685 2448 740; x_wconf 83' lang='lat' dir='ltr'><strong>omnibusin</strong></span> <span class='ocrx_word' id='word_1_240' title='bbox 2503 684 2681 740; x_wconf 81' lang='lat' dir='ltr'><strong>lucem</strong></span> <span class='ocrx_word' id='word_1_241' title='bbox 2733 684 3135 753; x_wconf 73' lang='lat' dir='ltr'><strong>prodeuntibus</strong></span> <span class='ocrx_word' id='word_1_242' title='bbox 3188 682 3525 750; x_wconf 87' lang='lat' dir='ltr'><strong>hominibus,</strong></span> 
     </span>
    </p>
   </div>
   <div class='ocr_carea' id='block_1_37' title="bbox 1939 778 3525 847">
    <p class='ocr_par' dir='ltr' id='par_1_37' title="bbox 1939 778 3525 847">
     <span class='ocr_line' id='line_1_37' title="bbox 1939 778 3525 847; baseline -0.001 -14"><span class='ocrx_word' id='word_1_243' title='bbox 1939 794 2163 833; x_wconf 86' lang='lat' dir='ltr'><strong>rursum</strong></span> <span class='ocrx_word' id='word_1_244' title='bbox 2208 779 2479 847; x_wconf 78' lang='lat' dir='ltr'><strong>dissolvi,</strong></span> <span class='ocrx_word' id='word_1_245' title='bbox 2526 792 2582 835; x_wconf 91' lang='lat' dir='ltr'><strong>et</strong></span> <span class='ocrx_word' id='word_1_246' title='bbox 2628 779 2908 835; x_wconf 87' lang='lat' dir='ltr'><strong>meliorem</strong></span> <span class='ocrx_word' id='word_1_247' title='bbox 2964 778 3207 846; x_wconf 85' lang='lat' dir='ltr'><strong>malique</strong></span> <span class='ocrx_word' id='word_1_248' title='bbox 3245 787 3525 845; x_wconf 74' lang='lat' dir='ltr'><strong>expertem</strong></span> 
     </span>
    </p>
   </div>
   <div class='ocr_carea' id='block_1_38' title="bbox 1940 870 3528 941">
    <p class='ocr_par' dir='ltr' id='par_1_38' title="bbox 1940 870 3528 941">
     <span class='ocr_line' id='line_1_38' title="bbox 1940 870 3528 941; baseline 0.003 -18"><span class='ocrx_word' id='word_1_249' title='bbox 1940 870 2108 925; x_wconf 87' lang='lat' dir='ltr'><strong>vitam</strong></span> <span class='ocrx_word' id='word_1_250' title='bbox 2154 871 2434 941; x_wconf 86' lang='lat' dir='ltr'><strong>recipere,</strong></span> <span class='ocrx_word' id='word_1_251' title='bbox 2490 872 2653 940; x_wconf 86' lang='lat' dir='ltr'><strong>cujus</strong></span> <span class='ocrx_word' id='word_1_252' title='bbox 2700 871 2959 941; x_wconf 65' lang='lat' dir='ltr'><strong>primitiae</strong></span> <span class='ocrx_word' id='word_1_253' title='bbox 3013 870 3270 927; x_wconf 83' lang='lat' dir='ltr'><strong>Christus</strong></span> <span class='ocrx_word' id='word_1_254' title='bbox 3293 870 3340 902; x_wconf 73' lang='lat'><strong>&quot;’</strong></span> <span class='ocrx_word' id='word_1_255' title='bbox 3383 872 3528 927; x_wconf 84' lang='lat' dir='ltr'><strong>Deus</strong></span> 
     </span>
    </p>
   </div>
   <div class='ocr_carea' id='block_1_39' title="bbox 1941 964 3528 1035">
    <p class='ocr_par' dir='ltr' id='par_1_39' title="bbox 1941 964 3528 1035">
     <span class='ocr_line' id='line_1_39' title="bbox 1941 964 3528 1035; baseline 0 -17"><span class='ocrx_word' id='word_1_256' title='bbox 1941 974 2131 1020; x_wconf 88' lang='lat' dir='ltr'><strong>noster</strong></span> <span class='ocrx_word' id='word_1_257' title='bbox 2188 966 2285 1035; x_wconf 91' lang='lat' dir='ltr'><strong>qui</strong></span> <span class='ocrx_word' id='word_1_258' title='bbox 2336 966 2597 1035; x_wconf 90' lang='lat' dir='ltr'><strong>princeps</strong></span> <span class='ocrx_word' id='word_1_259' title='bbox 2647 974 2735 1020; x_wconf 85' lang='lat' dir='ltr'><strong>est</strong></span> <span class='ocrx_word' id='word_1_260' title='bbox 2788 966 2952 1031; x_wconf 67' lang='lat' dir='ltr'><strong>vitaz;</strong></span> <span class='ocrx_word' id='word_1_261' title='bbox 3013 964 3367 1019; x_wconf 88' lang='lat' dir='ltr'><strong>consolemur</strong></span> <span class='ocrx_word' id='word_1_262' title='bbox 3425 977 3528 1018; x_wconf 92' lang='lat' dir='ltr'><strong>nos</strong></span> 
     </span>
    </p>
   </div>
   <div class='ocr_carea' id='block_1_40' title="bbox 1942 1055 3526 1129">
    <p class='ocr_par' dir='ltr' id='par_1_40' title="bbox 1942 1055 3526 1129">
     <span class='ocr_line' id='line_1_40' title="bbox 1942 1055 3526 1129; baseline -0.003 -16"><span class='ocrx_word' id='word_1_263' title='bbox 1942 1057 2323 1113; x_wconf 71' lang='lat' dir='ltr'><strong>consolatione</strong></span> <span class='ocrx_word' id='word_1_264' title='bbox 2354 1058 2470 1125; x_wconf 87' lang='lat' dir='ltr'><strong>Dei,</strong></span> <span class='ocrx_word' id='word_1_265' title='bbox 2496 1058 2563 1113; x_wconf 91' lang='lat' dir='ltr'><strong>ad</strong></span> <span class='ocrx_word' id='word_1_266' title='bbox 2593 1074 2692 1115; x_wconf 88' lang='lat' dir='ltr'><strong>nos</strong></span> <span class='ocrx_word' id='word_1_267' title='bbox 2718 1057 2868 1129; x_wconf 87' lang='lat' dir='ltr'><strong>ipsos</strong></span> <span class='ocrx_word' id='word_1_268' title='bbox 2891 1058 3207 1122; x_wconf 86' lang='lat' dir='ltr'><strong>redeamus,</strong></span> <span class='ocrx_word' id='word_1_269' title='bbox 3239 1055 3526 1110; x_wconf 63' lang='lat' dir='ltr'><strong>dicamus-</strong></span> 
     </span>
    </p>
   </div>
   <div class='ocr_carea' id='block_1_41' title="bbox 1941 1146 3529 1216">
    <p class='ocr_par' dir='ltr' id='par_1_41' title="bbox 1941 1146 3529 1216">
     <span class='ocr_line' id='line_1_41' title="bbox 1941 1146 3529 1216; baseline -0.001 -14"><span class='ocrx_word' id='word_1_270' title='bbox 1941 1146 2202 1203; x_wconf 75' lang='lat' dir='ltr'><strong>Dominus</strong></span> <span class='ocrx_word' id='word_1_271' title='bbox 2241 1148 2406 1215; x_wconf 84' lang='lat' dir='ltr'><strong>dedit,</strong></span> <span class='ocrx_word' id='word_1_272' title='bbox 2460 1148 2722 1202; x_wconf 77' lang='lat' dir='ltr'><strong>Dominus</strong></span> <span class='ocrx_word' id='word_1_273' title='bbox 2770 1147 3064 1202; x_wconf 74' lang='lat' dir='ltr'><strong>abstulit“</strong></span> <span class='ocrx_word' id='word_1_274' title='bbox 3102 1147 3309 1202; x_wconf 89' lang='lat' dir='ltr'><strong>bonum</strong></span> <span class='ocrx_word' id='word_1_275' title='bbox 3352 1147 3529 1216; x_wconf 80' lang='lat' dir='ltr'><strong>magi-</strong></span> 
     </span>
    </p>
   </div>
   <div class='ocr_carea' id='block_1_42' title="bbox 1941 1236 3529 1305">
    <p class='ocr_par' dir='ltr' id='par_1_42' title="bbox 1941 1236 3529 1305">
     <span class='ocr_line' id='line_1_42' title="bbox 1941 1236 3529 1305; baseline -0.004 -10"><span class='ocrx_word' id='word_1_276' title='bbox 1941 1250 2145 1305; x_wconf 91' lang='lat' dir='ltr'><strong>strum,</strong></span> <span class='ocrx_word' id='word_1_277' title='bbox 2190 1255 2408 1294; x_wconf 89' lang='lat' dir='ltr'><strong>sacrum</strong></span> <span class='ocrx_word' id='word_1_278' title='bbox 2463 1238 2858 1294; x_wconf 75' lang='lat' dir='ltr'><strong>institutorem.</strong></span> <span class='ocrx_word' id='word_1_279' title='bbox 2896 1236 3028 1303; x_wconf 77' lang='lat' dir='ltr'><strong>Quis</strong></span> <span class='ocrx_word' id='word_1_280' title='bbox 3074 1237 3222 1292; x_wconf 91' lang='lat' dir='ltr'><strong>enim</strong></span> <span class='ocrx_word' id='word_1_281' title='bbox 3263 1248 3341 1290; x_wconf 82' lang='lat' dir='ltr'><strong>est</strong></span> <span class='ocrx_word' id='word_1_282' title='bbox 3372 1237 3529 1289; x_wconf 85' lang='lat' dir='ltr'><strong>homo</strong></span> 
     </span>
    </p>
   </div>
   <div class='ocr_carea' id='block_1_43' title="bbox 1941 1330 3529 1402">
    <p class='ocr_par' dir='ltr' id='par_1_43' title="bbox 1941 1330 3529 1402">
     <span class='ocr_line' id='line_1_43' title="bbox 1941 1330 3529 1402; baseline -0.001 -17"><span class='ocrx_word' id='word_1_283' title='bbox 1941 1334 2033 1402; x_wconf 84' lang='lat' dir='ltr'><strong>qui</strong></span> <span class='ocrx_word' id='word_1_284' title='bbox 2064 1332 2194 1387; x_wconf 80' lang='lat' dir='ltr'><strong>vivet</strong></span> <span class='ocrx_word' id='word_1_285' title='bbox 2221 1342 2271 1386; x_wconf 83' lang='lat' dir='ltr'><strong>et</strong></span> <span class='ocrx_word' id='word_1_286' title='bbox 2320 1349 2423 1387; x_wconf 87' lang='lat' dir='ltr'><strong>non</strong></span> <span class='ocrx_word' id='word_1_287' title='bbox 2450 1332 2645 1387; x_wconf 78' lang='lat' dir='ltr'><strong>videbit</strong></span> <span class='ocrx_word' id='word_1_288' title='bbox 2683 1343 2910 1385; x_wconf 81' lang='lat' dir='ltr'><strong>mortem</strong></span> <span class='ocrx_word' id='word_1_289' title='bbox 2930 1332 3019 1385; x_wconf 75' lang='grc'><strong>⁸⁸2</strong></span> <span class='ocrx_word' id='word_1_290' title='bbox 3049 1340 3109 1385; x_wconf 83' lang='grc' dir='ltr'><strong>ιιι</strong></span> <span class='ocrx_word' id='word_1_291' title='bbox 3136 1330 3317 1386; x_wconf 85' lang='lat' dir='ltr'><strong>Patris</strong></span> <span class='ocrx_word' id='word_1_292' title='bbox 3353 1330 3529 1385; x_wconf 87' lang='lat' dir='ltr'><strong>nostri</strong></span> 
     </span>
    </p>
   </div>
   <div class='ocr_carea' id='block_1_44' title="bbox 1941 1421 3530 1493">
    <p class='ocr_par' dir='ltr' id='par_1_44' title="bbox 1941 1421 3530 1493">
     <span class='ocr_line' id='line_1_44' title="bbox 1941 1421 3530 1493; baseline -0.001 -15"><span class='ocrx_word' id='word_1_293' title='bbox 1941 1424 2277 1480; x_wconf 86' lang='lat' dir='ltr'><strong>desiderium</strong></span> <span class='ocrx_word' id='word_1_294' title='bbox 2305 1424 2450 1479; x_wconf 90' lang='lat' dir='ltr'><strong>ferre</strong></span> <span class='ocrx_word' id='word_1_295' title='bbox 2469 1438 2879 1479; x_wconf 86' lang='lat' dir='ltr'><strong>assuescamus.</strong></span> <span class='ocrx_word' id='word_1_296' title='bbox 2909 1421 3149 1493; x_wconf 80' lang='lat' dir='ltr'><strong>Agendae</strong></span> <span class='ocrx_word' id='word_1_297' title='bbox 3185 1431 3317 1479; x_wconf 91' lang='lat' dir='ltr'><strong>sunt</strong></span> <span class='ocrx_word' id='word_1_298' title='bbox 3340 1423 3530 1492; x_wconf 73' lang='lat' dir='ltr'><strong>gratia:</strong></span> 
     </span>
    </p>
   </div>
   <div class='ocr_carea' id='block_1_45' title="bbox 1941 1514 3526 1586">
    <p class='ocr_par' dir='ltr' id='par_1_45' title="bbox 1941 1514 3526 1586">
     <span class='ocr_line' id='line_1_45' title="bbox 1941 1514 3526 1586; baseline -0.001 -17"><span class='ocrx_word' id='word_1_299' title='bbox 1941 1516 2091 1586; x_wconf 83' lang='lat' dir='ltr'><strong>quod</strong></span> <span class='ocrx_word' id='word_1_300' title='bbox 2127 1517 2291 1571; x_wconf 88' lang='lat' dir='ltr'><strong>talem</strong></span> <span class='ocrx_word' id='word_1_301' title='bbox 2323 1516 2506 1586; x_wconf 83' lang='lat' dir='ltr'><strong>adepti</strong></span> <span class='ocrx_word' id='word_1_302' title='bbox 2540 1514 2773 1581; x_wconf 83' lang='lat' dir='ltr'><strong>fuimus,</strong></span> <span class='ocrx_word' id='word_1_303' title='bbox 2816 1524 2872 1569; x_wconf 82' lang='lat' dir='ltr'><strong>et</strong></span> <span class='ocrx_word' id='word_1_304' title='bbox 2913 1514 3063 1583; x_wconf 87' lang='lat' dir='ltr'><strong>quod</strong></span> <span class='ocrx_word' id='word_1_305' title='bbox 3111 1515 3179 1570; x_wconf 88' lang='lat' dir='ltr'><strong>ad</strong></span> <span class='ocrx_word' id='word_1_306' title='bbox 3211 1523 3526 1585; x_wconf 82' lang='lat' dir='ltr'><strong>provectam</strong></span> 
     </span>
    </p>
   </div>
   <div class='ocr_carea' id='block_1_46' title="bbox 1941 1607 3530 1679">
    <p class='ocr_par' dir='ltr' id='par_1_46' title="bbox 1941 1607 3530 1679">
     <span class='ocr_line' id='line_1_46' title="bbox 1941 1607 3530 1679; baseline -0.001 -16"><span class='ocrx_word' id='word_1_307' title='bbox 1941 1622 2120 1679; x_wconf 90' lang='lat' dir='ltr'><strong>usque</strong></span> <span class='ocrx_word' id='word_1_308' title='bbox 2145 1617 2364 1663; x_wconf 56' lang='lat' dir='ltr'><strong>aetatem</strong></span> <span class='ocrx_word' id='word_1_309' title='bbox 2402 1608 2735 1678; x_wconf 86' lang='lat' dir='ltr'><strong>seniumque</strong></span> <span class='ocrx_word' id='word_1_310' title='bbox 2763 1608 3091 1678; x_wconf 88' lang='lat' dir='ltr'><strong>perductum</strong></span> <span class='ocrx_word' id='word_1_311' title='bbox 3125 1616 3212 1663; x_wconf 79' lang='lat' dir='ltr'><strong>est</strong></span> <span class='ocrx_word' id='word_1_312' title='bbox 3244 1610 3367 1677; x_wconf 80' lang='lat' dir='ltr'><strong>eius</strong></span> <span class='ocrx_word' id='word_1_313' title='bbox 3402 1607 3530 1661; x_wconf 75' lang='lat' dir='ltr'><strong>vitae</strong></span> 
     </span>
    </p>
   </div>
   <div class='ocr_carea' id='block_1_47' title="bbox 1939 1697 3529 1768">
    <p class='ocr_par' dir='ltr' id='par_1_47' title="bbox 1939 1697 3529 1768">
     <span class='ocr_line' id='line_1_47' title="bbox 1939 1697 3529 1768; baseline 0.001 -16"><span class='ocrx_word' id='word_1_314' title='bbox 1939 1707 2181 1767; x_wconf 86' lang='lat' dir='ltr'><strong>tempus,</strong></span> <span class='ocrx_word' id='word_1_315' title='bbox 2208 1706 2264 1753; x_wconf 84' lang='lat' dir='ltr'><strong>et</strong></span> <span class='ocrx_word' id='word_1_316' title='bbox 2295 1697 2444 1768; x_wconf 91' lang='lat' dir='ltr'><strong>quod</strong></span> <span class='ocrx_word' id='word_1_317' title='bbox 2475 1698 2595 1753; x_wconf 87' lang='lat' dir='ltr'><strong>sine</strong></span> <span class='ocrx_word' id='word_1_318' title='bbox 2624 1705 2839 1753; x_wconf 88' lang='lat' dir='ltr'><strong>rectore</strong></span> <span class='ocrx_word' id='word_1_319' title='bbox 2881 1711 2984 1753; x_wconf 88' lang='lat' dir='ltr'><strong>nos</strong></span> <span class='ocrx_word' id='word_1_320' title='bbox 3016 1713 3123 1753; x_wconf 86' lang='lat' dir='ltr'><strong>non</strong></span> <span class='ocrx_word' id='word_1_321' title='bbox 3153 1697 3398 1767; x_wconf 84' lang='lat' dir='ltr'><strong>reliquit,</strong></span> <span class='ocrx_word' id='word_1_322' title='bbox 3429 1712 3529 1753; x_wconf 85' lang='lat' dir='ltr'><strong>nec</strong></span> 
     </span>
    </p>
   </div>
   <div class='ocr_carea' id='block_1_48' title="bbox 1942 1790 3525 1861">
    <p class='ocr_par' dir='ltr' id='par_1_48' title="bbox 1942 1790 3525 1861">
     <span class='ocr_line' id='line_1_48' title="bbox 1942 1790 3525 1861; baseline -0.003 -13"><span class='ocrx_word' id='word_1_323' title='bbox 1942 1790 2263 1859; x_wconf 89' lang='lat' dir='ltr'><strong>solitarios;</strong></span> <span class='ocrx_word' id='word_1_324' title='bbox 2297 1790 2391 1846; x_wconf 85' lang='lat' dir='ltr'><strong>sed</strong></span> <span class='ocrx_word' id='word_1_325' title='bbox 2426 1800 2481 1845; x_wconf 89' lang='lat' dir='ltr'><strong>et</strong></span> <span class='ocrx_word' id='word_1_326' title='bbox 2519 1791 2711 1846; x_wconf 89' lang='lat' dir='ltr'><strong>abiens</strong></span> <span class='ocrx_word' id='word_1_327' title='bbox 2750 1791 3056 1856; x_wconf 82' lang='lat' dir='ltr'><strong>benedixit,</strong></span> <span class='ocrx_word' id='word_1_328' title='bbox 3090 1800 3145 1845; x_wconf 88' lang='lat' dir='ltr'><strong>et</strong></span> <span class='ocrx_word' id='word_1_329' title='bbox 3166 1792 3525 1861; x_wconf 75' lang='lat' dir='ltr'><strong>congruentia</strong></span> 
     </span>
    </p>
   </div>
   <div class='ocr_carea' id='block_1_49' title="bbox 1942 1881 3526 1954">
    <p class='ocr_par' dir='ltr' id='par_1_49' title="bbox 1942 1881 3526 1954">
     <span class='ocr_line' id='line_1_49' title="bbox 1942 1881 3526 1954; baseline 0 -17"><span class='ocrx_word' id='word_1_330' title='bbox 1942 1893 2197 1954; x_wconf 82' lang='lat' dir='ltr'><strong>precatus</strong></span> <span class='ocrx_word' id='word_1_331' title='bbox 2227 1891 2334 1944; x_wconf 87' lang='lat' dir='ltr'><strong>est.</strong></span> <span class='ocrx_word' id='word_1_332' title='bbox 2373 1892 2429 1938; x_wconf 91' lang='lat' dir='ltr'><strong>et</strong></span> <span class='ocrx_word' id='word_1_333' title='bbox 2466 1898 2639 1938; x_wconf 90' lang='lat' dir='ltr'><strong>unum</strong></span> <span class='ocrx_word' id='word_1_334' title='bbox 2671 1898 2702 1938; x_wconf 91' lang='lat' dir='ltr'><strong>e</strong></span> <span class='ocrx_word' id='word_1_335' title='bbox 2732 1883 2893 1939; x_wconf 83' lang='lat' dir='ltr'><strong>vobis</strong></span> <span class='ocrx_word' id='word_1_336' title='bbox 2930 1882 3218 1937; x_wconf 82' lang='lat' dir='ltr'><strong>constituit</strong></span> <span class='ocrx_word' id='word_1_337' title='bbox 3240 1882 3333 1953; x_wconf 82' lang='lat' dir='ltr'><strong>qui</strong></span> <span class='ocrx_word' id='word_1_338' title='bbox 3366 1881 3526 1937; x_wconf 86' lang='lat' dir='ltr'><strong>vobis</strong></span> 
     </span>
    </p>
   </div>
   <div class='ocr_carea' id='block_1_50' title="bbox 1936 1974 3527 2047">
    <p class='ocr_par' dir='ltr' id='par_1_50' title="bbox 1936 1974 3527 2047">
     <span class='ocr_line' id='line_1_50' title="bbox 1936 1974 3527 2047; baseline -0.001 -17"><span class='ocrx_word' id='word_1_339' title='bbox 1936 1977 2127 2046; x_wconf 68' lang='lat' dir='ltr'><strong>praesit</strong></span> <span class='ocrx_word' id='word_1_340' title='bbox 2158 1993 2172 2030; x_wconf 91' lang='lat'><strong>:</strong></span> <span class='ocrx_word' id='word_1_341' title='bbox 2204 1991 2372 2047; x_wconf 88' lang='lat' dir='ltr'><strong>quem</strong></span> <span class='ocrx_word' id='word_1_342' title='bbox 2416 1977 2704 2031; x_wconf 82' lang='lat' dir='ltr'><strong>hortamur</strong></span> <span class='ocrx_word' id='word_1_343' title='bbox 2737 1983 2799 2030; x_wconf 90' lang='lat' dir='ltr'><strong>ut</strong></span> <span class='ocrx_word' id='word_1_344' title='bbox 2832 1983 3094 2045; x_wconf 88' lang='lat' dir='ltr'><strong>tanquam</strong></span> <span class='ocrx_word' id='word_1_345' title='bbox 3127 1974 3211 2028; x_wconf 86' lang='lat' dir='ltr'><strong>vir</strong></span> <span class='ocrx_word' id='word_1_346' title='bbox 3249 1974 3527 2045; x_wconf 87' lang='lat' dir='ltr'><strong>perfectus</strong></span> 
     </span>
    </p>
   </div>
   <div class='ocr_carea' id='block_1_51' title="bbox 1937 2066 3527 2139">
    <p class='ocr_par' dir='ltr' id='par_1_51' title="bbox 1937 2066 3527 2139">
     <span class='ocr_line' id='line_1_51' title="bbox 1937 2066 3527 2139; baseline -0.003 -15"><span class='ocrx_word' id='word_1_347' title='bbox 1937 2070 2157 2124; x_wconf 89' lang='lat' dir='ltr'><strong>lumbos</strong></span> <span class='ocrx_word' id='word_1_348' title='bbox 2186 2068 2459 2139; x_wconf 88' lang='lat' dir='ltr'><strong>accingat,</strong></span> <span class='ocrx_word' id='word_1_349' title='bbox 2489 2075 2544 2123; x_wconf 90' lang='lat' dir='ltr'><strong>et</strong></span> <span class='ocrx_word' id='word_1_350' title='bbox 2588 2067 2795 2123; x_wconf 85' lang='lat' dir='ltr'><strong>Christi</strong></span> <span class='ocrx_word' id='word_1_351' title='bbox 2826 2068 3025 2122; x_wconf 71' lang='lat' dir='ltr'><strong>aanmla</strong></span> <span class='ocrx_word' id='word_1_352' title='bbox 3062 2067 3375 2121; x_wconf 85' lang='lat' dir='ltr'><strong>humilitate</strong></span> <span class='ocrx_word' id='word_1_353' title='bbox 3417 2066 3527 2119; x_wconf 85' lang='lat' dir='ltr'><strong>im-</strong></span> 
     </span>
    </p>
   </div>
   <div class='ocr_carea' id='block_1_52' title="bbox 1936 2158 3525 2231">
    <p class='ocr_par' dir='ltr' id='par_1_52' title="bbox 1936 2158 3525 2231">
     <span class='ocr_line' id='line_1_52' title="bbox 1936 2158 3525 2231; baseline -0.003 -15"><span class='ocrx_word' id='word_1_354' title='bbox 1936 2161 2178 2231; x_wconf 91' lang='lat' dir='ltr'><strong>positum</strong></span> <span class='ocrx_word' id='word_1_355' title='bbox 2208 2160 2314 2217; x_wconf 90' lang='lat' dir='ltr'><strong>sibi</strong></span> <span class='ocrx_word' id='word_1_356' title='bbox 2362 2160 2729 2215; x_wconf 84' lang='lat' dir='ltr'><strong>ministerium</strong></span> <span class='ocrx_word' id='word_1_357' title='bbox 2770 2160 3155 2229; x_wconf 73' lang='lat' dir='ltr'><strong>amplectatur,</strong></span> <span class='ocrx_word' id='word_1_358' title='bbox 3187 2158 3332 2213; x_wconf 89' lang='lat' dir='ltr'><strong>beati</strong></span> <span class='ocrx_word' id='word_1_359' title='bbox 3374 2158 3525 2212; x_wconf 88' lang='lat' dir='ltr'><strong>illius</strong></span> 
     </span>
    </p>
   </div>
   <div class='ocr_carea' id='block_1_53' title="bbox 1937 2251 3525 2325">
    <p class='ocr_par' dir='ltr' id='par_1_53' title="bbox 1937 2251 3525 2325">
     <span class='ocr_line' id='line_1_53' title="bbox 1937 2251 3525 2325; baseline -0.002 -17"><span class='ocrx_word' id='word_1_360' title='bbox 1937 2254 2142 2325; x_wconf 66' lang='lat' dir='ltr'><strong>regulae</strong></span> <span class='ocrx_word' id='word_1_361' title='bbox 2171 2262 2227 2309; x_wconf 89' lang='lat' dir='ltr'><strong>et</strong></span> <span class='ocrx_word' id='word_1_362' title='bbox 2262 2253 2509 2323; x_wconf 80' lang='lat' dir='ltr'><strong>vestigiis</strong></span> <span class='ocrx_word' id='word_1_363' title='bbox 2534 2252 2818 2319; x_wconf 87' lang='lat' dir='ltr'><strong>incedens,</strong></span> <span class='ocrx_word' id='word_1_364' title='bbox 2854 2252 2961 2308; x_wconf 88' lang='lat' dir='ltr'><strong>hoc</strong></span> <span class='ocrx_word' id='word_1_365' title='bbox 2997 2261 3102 2316; x_wconf 87' lang='lat' dir='ltr'><strong>est,</strong></span> <span class='ocrx_word' id='word_1_366' title='bbox 3144 2251 3238 2306; x_wconf 90' lang='lat' dir='ltr'><strong>Dei</strong></span> <span class='ocrx_word' id='word_1_367' title='bbox 3275 2252 3441 2306; x_wconf 87' lang='lat' dir='ltr'><strong>verbo</strong></span> <span class='ocrx_word' id='word_1_368' title='bbox 3468 2258 3525 2305; x_wconf 90' lang='lat' dir='ltr'><strong>et</strong></span> 
     </span>
    </p>
   </div>
   <div class='ocr_carea' id='block_1_54' title="bbox 1936 2345 2221 2403">
    <p class='ocr_par' dir='ltr' id='par_1_54' title="bbox 1936 2345 2221 2403">
     <span class='ocr_line' id='line_1_54' title="bbox 1936 2345 2221 2403; baseline -0.014 0"><span class='ocrx_word' id='word_1_369' title='bbox 1936 2345 2221 2403; x_wconf 86' lang='lat' dir='ltr'><strong>mandato.</strong></span> 
     </span>
    </p>
   </div>
   <div class='ocr_carea' id='block_1_55' title="bbox 2008 2435 3526 2508">
    <p class='ocr_par' dir='ltr' id='par_1_55' title="bbox 2008 2435 3526 2508">
     <span class='ocr_line' id='line_1_55' title="bbox 2008 2435 3526 2508; baseline 0.003 -17"><span class='ocrx_word' id='word_1_370' title='bbox 2008 2435 2308 2493; x_wconf 83' lang='lat' dir='ltr'><strong>Hortamur</strong></span> <span class='ocrx_word' id='word_1_371' title='bbox 2333 2447 2516 2494; x_wconf 87' lang='lat' dir='ltr'><strong>autem</strong></span> <span class='ocrx_word' id='word_1_372' title='bbox 2546 2447 2604 2494; x_wconf 91' lang='lat' dir='ltr'><strong>et</strong></span> <span class='ocrx_word' id='word_1_373' title='bbox 2631 2453 2732 2493; x_wconf 87' lang='lat' dir='ltr'><strong>vos</strong></span> <span class='ocrx_word' id='word_1_374' title='bbox 2774 2446 3007 2508; x_wconf 82' lang='lat' dir='ltr'><strong>pariter.</strong></span> <span class='ocrx_word' id='word_1_375' title='bbox 3054 2438 3374 2507; x_wconf 73' lang='lat' dir='ltr'><strong>praeclaram</strong></span> <span class='ocrx_word' id='word_1_376' title='bbox 3410 2438 3526 2495; x_wconf 80' lang='lat' dir='ltr'><strong>fra-</strong></span> 
     </span>
    </p>
   </div>
   <div class='ocr_carea' id='block_1_56' title="bbox 1935 2530 3529 2599">
    <p class='ocr_par' dir='ltr' id='par_1_56' title="bbox 1935 2530 3529 2599">
     <span class='ocr_line' id='line_1_56' title="bbox 1935 2530 3529 2599; baseline 0 -12"><span class='ocrx_word' id='word_1_377' title='bbox 1935 2533 2276 2599; x_wconf 88' lang='lat' dir='ltr'><strong>ternitatem,</strong></span> <span class='ocrx_word' id='word_1_378' title='bbox 2313 2541 2375 2586; x_wconf 89' lang='lat' dir='ltr'><strong>ut</strong></span> <span class='ocrx_word' id='word_1_379' title='bbox 2404 2531 2650 2586; x_wconf 87' lang='lat' dir='ltr'><strong>unanimi</strong></span> <span class='ocrx_word' id='word_1_380' title='bbox 2686 2530 2790 2585; x_wconf 79' lang='lat' dir='ltr'><strong>[ide</strong></span> <span class='ocrx_word' id='word_1_381' title='bbox 2837 2539 2892 2585; x_wconf 91' lang='lat' dir='ltr'><strong>et</strong></span> <span class='ocrx_word' id='word_1_382' title='bbox 2935 2530 3201 2585; x_wconf 78' lang='lat' dir='ltr'><strong>charitate</strong></span> <span class='ocrx_word' id='word_1_383' title='bbox 3247 2546 3390 2585; x_wconf 88' lang='lat' dir='ltr'><strong>novo</strong></span> <span class='ocrx_word' id='word_1_384' title='bbox 3436 2547 3529 2587; x_wconf 86' lang='lat' dir='ltr'><strong>re-</strong></span> 
     </span>
    </p>
   </div>
   <div class='ocr_carea' id='block_1_57' title="bbox 1936 2623 3520 2695">
    <p class='ocr_par' dir='ltr' id='par_1_57' title="bbox 1936 2623 3520 2695">
     <span class='ocr_line' id='line_1_57' title="bbox 1936 2623 3520 2695; baseline -0.003 -13"><span class='ocrx_word' id='word_1_385' title='bbox 1936 2627 2079 2682; x_wconf 85' lang='lat' dir='ltr'><strong>ctori</strong></span> <span class='ocrx_word' id='word_1_386' title='bbox 2108 2626 2506 2695; x_wconf 87' lang='lat' dir='ltr'><strong>obtemperetis</strong></span> <span class='ocrx_word' id='word_1_387' title='bbox 2535 2626 2588 2679; x_wconf 89' lang='lat' dir='ltr'><strong>in</strong></span> <span class='ocrx_word' id='word_1_388' title='bbox 2617 2623 2889 2679; x_wconf 88' lang='lat' dir='ltr'><strong>Domino:</strong></span> <span class='ocrx_word' id='word_1_389' title='bbox 2912 2624 3327 2693; x_wconf 89' lang='lat' dir='ltr'><strong>ostendatisque</strong></span> <span class='ocrx_word' id='word_1_390' title='bbox 3354 2626 3520 2679; x_wconf 88' lang='lat' dir='ltr'><strong>Deum</strong></span> 
     </span>
    </p>
   </div>
   <div class='ocr_carea' id='block_1_58' title="bbox 1936 2715 3520 2787">
    <p class='ocr_par' dir='ltr' id='par_1_58' title="bbox 1936 2715 3520 2787">
     <span class='ocr_line' id='line_1_58' title="bbox 1936 2715 3520 2787; baseline -0.003 -12"><span class='ocrx_word' id='word_1_391' title='bbox 1936 2734 2128 2776; x_wconf 81' lang='lat' dir='ltr'><strong>revera</strong></span> <span class='ocrx_word' id='word_1_392' title='bbox 2180 2719 2325 2773; x_wconf 91' lang='lat' dir='ltr'><strong>inter</strong></span> <span class='ocrx_word' id='word_1_393' title='bbox 2375 2733 2473 2774; x_wconf 87' lang='lat' dir='ltr'><strong>vos</strong></span> <span class='ocrx_word' id='word_1_394' title='bbox 2526 2733 2672 2782; x_wconf 90' lang='lat' dir='ltr'><strong>esse,</strong></span> <span class='ocrx_word' id='word_1_395' title='bbox 2732 2727 3099 2787; x_wconf 90' lang='lat' dir='ltr'><strong>sanctumque</strong></span> <span class='ocrx_word' id='word_1_396' title='bbox 3148 2715 3389 2782; x_wconf 83' lang='lat' dir='ltr'><strong>Patrem,</strong></span> <span class='ocrx_word' id='word_1_397' title='bbox 3427 2717 3520 2786; x_wconf 90' lang='lat' dir='ltr'><strong>qui</strong></span> 
     </span>
    </p>
   </div>
   <div class='ocr_carea' id='block_1_59' title="bbox 1935 2809 3525 2881">
    <p class='ocr_par' dir='ltr' id='par_1_59' title="bbox 1935 2809 3525 2881">
     <span class='ocr_line' id='line_1_59' title="bbox 1935 2809 3525 2881; baseline -0.001 -15"><span class='ocrx_word' id='word_1_398' title='bbox 1935 2826 2131 2866; x_wconf 90' lang='lat' dir='ltr'><strong>omnes</strong></span> <span class='ocrx_word' id='word_1_399' title='bbox 2165 2809 2455 2873; x_wconf 88' lang='lat' dir='ltr'><strong>accendat,</strong></span> <span class='ocrx_word' id='word_1_400' title='bbox 2505 2819 2909 2881; x_wconf 86' lang='lat' dir='ltr'><strong>connectatque</strong></span> <span class='ocrx_word' id='word_1_401' title='bbox 2953 2812 3021 2866; x_wconf 91' lang='lat' dir='ltr'><strong>ad</strong></span> <span class='ocrx_word' id='word_1_402' title='bbox 3070 2811 3426 2867; x_wconf 90' lang='lat' dir='ltr'><strong>concordiam</strong></span> <span class='ocrx_word' id='word_1_403' title='bbox 3469 2819 3525 2866; x_wconf 84' lang='lat' dir='ltr'><strong>et</strong></span> 
     </span>
    </p>
   </div>
   <div class='ocr_carea' id='block_1_60' title="bbox 1935 2900 3518 2973">
    <p class='ocr_par' dir='ltr' id='par_1_60' title="bbox 1935 2900 3518 2973">
     <span class='ocr_line' id='line_1_60' title="bbox 1935 2900 3518 2973; baseline -0.001 -14"><span class='ocrx_word' id='word_1_404' title='bbox 1935 2919 2292 2959; x_wconf 88' lang='lat' dir='ltr'><strong>consensum.</strong></span> <span class='ocrx_word' id='word_1_405' title='bbox 2322 2900 2547 2973; x_wconf 89' lang='lat' dir='ltr'><strong>Utique,</strong></span> <span class='ocrx_word' id='word_1_406' title='bbox 2576 2902 2774 2959; x_wconf 79' lang='lat' dir='ltr'><strong>fratres</strong></span> <span class='ocrx_word' id='word_1_407' title='bbox 2803 2903 3193 2964; x_wconf 83' lang='lat' dir='ltr'><strong>amantissimi,</strong></span> <span class='ocrx_word' id='word_1_408' title='bbox 3218 2904 3298 2958; x_wconf 88' lang='lat' dir='ltr'><strong>sic</strong></span> <span class='ocrx_word' id='word_1_409' title='bbox 3323 2912 3518 2969; x_wconf 85' lang='lat' dir='ltr'><strong>estote,</strong></span> 
     </span>
    </p>
   </div>
   <div class='ocr_carea' id='block_1_61' title="bbox 1936 2995 3518 3067">
    <p class='ocr_par' dir='ltr' id='par_1_61' title="bbox 1936 2995 3518 3067">
     <span class='ocr_line' id='line_1_61' title="bbox 1936 2995 3518 3067; baseline -0.001 -16"><span class='ocrx_word' id='word_1_410' title='bbox 1936 2996 2018 3052; x_wconf 89' lang='lat' dir='ltr'><strong>sic</strong></span> <span class='ocrx_word' id='word_1_411' title='bbox 2056 2995 2441 3051; x_wconf 89' lang='lat' dir='ltr'><strong>stabiliamini.</strong></span> <span class='ocrx_word' id='word_1_412' title='bbox 2500 2995 2763 3063; x_wconf 83' lang='lat' dir='ltr'><strong>Quamvis</strong></span> <span class='ocrx_word' id='word_1_413' title='bbox 2809 2996 3144 3067; x_wconf 88' lang='lat' dir='ltr'><strong>principium</strong></span> <span class='ocrx_word' id='word_1_414' title='bbox 3196 3010 3361 3050; x_wconf 90' lang='lat' dir='ltr'><strong>omne</strong></span> <span class='ocrx_word' id='word_1_415' title='bbox 3410 3011 3518 3050; x_wconf 90' lang='lat' dir='ltr'><strong>non</strong></span> 
     </span>
    </p>
   </div>
   <div class='ocr_carea' id='block_1_62' title="bbox 1936 3087 3529 3158">
    <p class='ocr_par' dir='ltr' id='par_1_62' title="bbox 1936 3087 3529 3158">
     <span class='ocr_line' id='line_1_62' title="bbox 1936 3087 3529 3158; baseline -0.003 -13"><span class='ocrx_word' id='word_1_416' title='bbox 1936 3089 2123 3145; x_wconf 84' lang='lat' dir='ltr'><strong>statim</strong></span> <span class='ocrx_word' id='word_1_417' title='bbox 2153 3087 2472 3143; x_wconf 87' lang='lat' dir='ltr'><strong>facilitatem</strong></span> <span class='ocrx_word' id='word_1_418' title='bbox 2502 3087 2701 3141; x_wconf 81' lang='lat' dir='ltr'><strong>habeat</strong></span> <span class='ocrx_word' id='word_1_419' title='bbox 2730 3106 2742 3141; x_wconf 88' lang='lat'><strong>:</strong></span> <span class='ocrx_word' id='word_1_420' title='bbox 2777 3101 3073 3158; x_wconf 87' lang='lat' dir='ltr'><strong>progressu</strong></span> <span class='ocrx_word' id='word_1_421' title='bbox 3101 3097 3280 3141; x_wconf 86' lang='lat' dir='ltr'><strong>tamen</strong></span> <span class='ocrx_word' id='word_1_422' title='bbox 3313 3098 3529 3157; x_wconf 86' lang='lat' dir='ltr'><strong>tempo-</strong></span> 
     </span>
    </p>
   </div>
   <div class='ocr_carea' id='block_1_63' title="bbox 1937 3178 3522 3248">
    <p class='ocr_par' dir='ltr' id='par_1_63' title="bbox 1937 3178 3522 3248">
     <span class='ocr_line' id='line_1_63' title="bbox 1937 3178 3522 3248; baseline -0.001 -14"><span class='ocrx_word' id='word_1_423' title='bbox 1937 3181 2017 3235; x_wconf 88' lang='lat' dir='ltr'><strong>ris</strong></span> <span class='ocrx_word' id='word_1_424' title='bbox 2053 3196 2215 3234; x_wconf 89' lang='lat' dir='ltr'><strong>usum</strong></span> <span class='ocrx_word' id='word_1_425' title='bbox 2244 3190 2298 3235; x_wconf 90' lang='lat' dir='ltr'><strong>et</strong></span> <span class='ocrx_word' id='word_1_426' title='bbox 2326 3179 2615 3235; x_wconf 85' lang='lat' dir='ltr'><strong>scientiam</strong></span> <span class='ocrx_word' id='word_1_427' title='bbox 2662 3180 3006 3248; x_wconf 86' lang='lat' dir='ltr'><strong>adipiscitur.</strong></span> <span class='ocrx_word' id='word_1_428' title='bbox 3045 3178 3154 3233; x_wconf 78' lang='lat' dir='ltr'><strong>Nec</strong></span> <span class='ocrx_word' id='word_1_429' title='bbox 3192 3180 3403 3234; x_wconf 86' lang='lat' dir='ltr'><strong>similes</strong></span> <span class='ocrx_word' id='word_1_430' title='bbox 3440 3180 3522 3234; x_wconf 86' lang='lat' dir='ltr'><strong>eis</strong></span> 
     </span>
    </p>
   </div>
   <div class='ocr_carea' id='block_1_64' title="bbox 241 3241 1837 3347">
    <p class='ocr_par' dir='ltr' id='par_1_64' title="bbox 241 3241 1827 3347">
     <span class='ocr_line' id='line_1_64' title="bbox 241 3241 1827 3347; baseline 0.008 -29"><span class='ocrx_word' id='word_1_431' title='bbox 241 3241 412 3330; x_wconf 65' lang='lat' dir='ltr'><strong>audii;</strong></span> <span class='ocrx_word' id='word_1_432' title='bbox 436 3241 552 3335; x_wconf 58' lang='lat' dir='ltr'><strong>(sici</strong></span> <span class='ocrx_word' id='word_1_433' title='bbox 581 3267 875 3341; x_wconf 80' lang='grc' dir='ltr'>φιλαρχίας</span> <span class='ocrx_word' id='word_1_434' title='bbox 914 3241 1175 3338; x_wconf 70' lang='grc' dir='ltr'>ἀστάτοίς</span> <span class='ocrx_word' id='word_1_435' title='bbox 1219 3241 1316 3329; x_wconf 63' lang='grc' dir='ltr'>καλ.</span> <span class='ocrx_word' id='word_1_436' title='bbox 1367 3241 1827 3347; x_wconf 75' lang='grc' dir='ltr'>ἀνεπιστήμοσιν.</span> 
     </span>
    </p>
   </div>
   <div class='ocr_carea' id='block_1_65' title="bbox 1937 3241 3524 3347">
    <p class='ocr_par' dir='ltr' id='par_1_65' title="bbox 1938 3270 3524 3342">
     <span class='ocr_line' id='line_1_65' title="bbox 1938 3270 3524 3342; baseline 0.001 -16"><span class='ocrx_word' id='word_1_437' title='bbox 1938 3270 2176 3336; x_wconf 85' lang='lat' dir='ltr'><strong>fueritis,</strong></span> <span class='ocrx_word' id='word_1_438' title='bbox 2210 3272 2306 3342; x_wconf 90' lang='lat' dir='ltr'><strong>qui</strong></span> <span class='ocrx_word' id='word_1_439' title='bbox 2340 3287 2404 3326; x_wconf 85' lang='lat' dir='ltr'><strong>ex</strong></span> <span class='ocrx_word' id='word_1_440' title='bbox 2438 3272 2761 3325; x_wconf 89' lang='lat' dir='ltr'><strong>dominandi</strong></span> <span class='ocrx_word' id='word_1_441' title='bbox 2804 3271 2991 3326; x_wconf 90' lang='lat' dir='ltr'><strong>studio</strong></span> <span class='ocrx_word' id='word_1_442' title='bbox 3028 3273 3260 3341; x_wconf 84' lang='lat' dir='ltr'><strong>inquieti</strong></span> <span class='ocrx_word' id='word_1_443' title='bbox 3313 3284 3443 3327; x_wconf 85' lang='lat' dir='ltr'><strong>sunt</strong></span> <span class='ocrx_word' id='word_1_444' title='bbox 3469 3282 3524 3327; x_wconf 88' lang='lat' dir='ltr'><strong>et</strong></span> 
     </span>
    </p>
   </div>
   <div class='ocr_carea' id='block_1_66' title="bbox 255 3358 1833 3442">
    <p class='ocr_par' dir='ltr' id='par_1_66' title="bbox 255 3358 1833 3442">
     <span class='ocr_line' id='line_1_66' title="bbox 255 3358 1833 3442; baseline 0.01 -32"><span class='ocrx_word' id='word_1_445' title='bbox 255 3358 480 3426; x_wconf 78' lang='grc' dir='ltr'>Ἐπειδὴ</span> <span class='ocrx_word' id='word_1_446' title='bbox 502 3359 560 3413; x_wconf 85' lang='grc' dir='ltr'>δὲ</span> <span class='ocrx_word' id='word_1_447' title='bbox 593 3361 686 3415; x_wconf 77' lang='grc' dir='ltr'>ἐπὶ</span> <span class='ocrx_word' id='word_1_448' title='bbox 739 3362 902 3433; x_wconf 84' lang='grc' dir='ltr'>ξυροῦ</span> <span class='ocrx_word' id='word_1_449' title='bbox 936 3364 997 3417; x_wconf 88' lang='grc' dir='ltr'><strong>τὸ</strong></span> <span class='ocrx_word' id='word_1_450' title='bbox 1040 3364 1136 3418; x_wconf 88' lang='grc' dir='ltr'><strong>τοῦ</strong></span> <span class='ocrx_word' id='word_1_451' title='bbox 1182 3365 1429 3438; x_wconf 87' lang='grc' dir='ltr'>διωγμοῦ</span> <span class='ocrx_word' id='word_1_452' title='bbox 1460 3369 1720 3440; x_wconf 87' lang='grc' dir='ltr'>πρᾶγμα,</span> <span class='ocrx_word' id='word_1_453' title='bbox 1754 3369 1833 3442; x_wconf 84' lang='grc' dir='ltr'>μὴ</span> 
     </span>
    </p>
   </div>
   <div class='ocr_carea' id='block_1_67' title="bbox 242 3450 1835 3530">
    <p class='ocr_par' dir='ltr' id='par_1_67' title="bbox 242 3450 1835 3530">
     <span class='ocr_line' id='line_1_67' title="bbox 242 3450 1835 3530; baseline 0.008 -28"><span class='ocrx_word' id='word_1_454' title='bbox 242 3450 520 3521; x_wconf 81' lang='grc' dir='ltr'>προδῶτε,</span> <span class='ocrx_word' id='word_1_455' title='bbox 553 3452 708 3524; x_wconf 79' lang='grc' dir='ltr'>ὑμῶν</span> <span class='ocrx_word' id='word_1_456' title='bbox 743 3454 957 3526; x_wconf 84' lang='grc' dir='ltr'>δέομαι,</span> <span class='ocrx_word' id='word_1_457' title='bbox 984 3456 1085 3527; x_wconf 82' lang='grc' dir='ltr'>τὴν</span> <span class='ocrx_word' id='word_1_458' title='bbox 1120 3456 1327 3520; x_wconf 83' lang='grc' dir='ltr'>πίστιν,</span> <span class='ocrx_word' id='word_1_459' title='bbox 1370 3458 1507 3530; x_wconf 86' lang='grc' dir='ltr'>μηδὲ</span> <span class='ocrx_word' id='word_1_460' title='bbox 1541 3460 1642 3529; x_wconf 80' lang='grc' dir='ltr'>τὴν</span> <span class='ocrx_word' id='word_1_461' title='bbox 1679 3461 1835 3514; x_wconf 80' lang='grc' dir='ltr'>εὐσέ-</span> 
     </span>
    </p>
   </div>
   <div class='ocr_carea' id='block_1_68' title="bbox 241 3544 1833 3623">
    <p class='ocr_par' dir='ltr' id='par_1_68' title="bbox 241 3544 1833 3623">
     <span class='ocr_line' id='line_1_68' title="bbox 241 3544 1833 3623; baseline 0.008 -28"><span class='ocrx_word' id='word_1_462' title='bbox 241 3546 432 3599; x_wconf 75' lang='grc' dir='ltr'>ϐειαν·</span> <span class='ocrx_word' id='word_1_463' title='bbox 459 3544 577 3599; x_wconf 80' lang='grc' dir='ltr'>ἀλλ’</span> <span class='ocrx_word' id='word_1_464' title='bbox 621 3548 670 3601; x_wconf 86' lang='grc' dir='ltr'><strong>εί</strong></span> <span class='ocrx_word' id='word_1_465' title='bbox 726 3547 846 3619; x_wconf 74' lang='grc' dir='ltr'>ἥξει</span> <span class='ocrx_word' id='word_1_466' title='bbox 899 3548 1169 3621; x_wconf 83' lang='grc' dir='ltr'>μηδαμῶς</span> <span class='ocrx_word' id='word_1_467' title='bbox 1198 3553 1315 3611; x_wconf 79' lang='grc' dir='ltr'>τοῖς</span> <span class='ocrx_word' id='word_1_468' title='bbox 1365 3554 1672 3623; x_wconf 87' lang='grc' dir='ltr'>αἱρετικοῖς</span> <span class='ocrx_word' id='word_1_469' title='bbox 1704 3554 1833 3608; x_wconf 86' lang='grc' dir='ltr'>καθ’</span> 
     </span>
    </p>
   </div>
   <div class='ocr_carea' id='block_1_69' title="bbox 240 3630 1831 3713">
    <p class='ocr_par' dir='ltr' id='par_1_69' title="bbox 240 3630 1831 3713">
     <span class='ocr_line' id='line_1_69' title="bbox 240 3630 1831 3713; baseline 0.008 -25"><span class='ocrx_word' id='word_1_470' title='bbox 240 3630 361 3689; x_wconf 77' lang='grc' dir='ltr'>οἷον</span> <span class='ocrx_word' id='word_1_471' title='bbox 390 3636 591 3708; x_wconf 80' lang='grc' dir='ltr'>δήποτε</span> <span class='ocrx_word' id='word_1_472' title='bbox 621 3640 825 3711; x_wconf 90' lang='grc' dir='ltr'>τρόπον</span> <span class='ocrx_word' id='word_1_473' title='bbox 845 3642 1286 3712; x_wconf 85' lang='grc' dir='ltr'>συνυπαχθῆναι.</span> <span class='ocrx_word' id='word_1_474' title='bbox 1317 3643 1389 3695; x_wconf 81' lang='grc' dir='ltr'><strong><em>Φὲ</em></strong></span> <span class='ocrx_word' id='word_1_475' title='bbox 1402 3660 1546 3713; x_wconf 90' lang='grc' dir='ltr'>ροιτε</span> <span class='ocrx_word' id='word_1_476' title='bbox 1565 3646 1831 3713; x_wconf 87' lang='grc' dir='ltr'>γενναίως</span> 
     </span>
    </p>
   </div>
   <div class='ocr_carea' id='block_1_70' title="bbox 244 3729 1832 3809">
    <p class='ocr_par' dir='ltr' id='par_1_70' title="bbox 244 3729 1832 3809">
     <span class='ocr_line' id='line_1_70' title="bbox 244 3729 1832 3809; baseline 0.006 -27"><span class='ocrx_word' id='word_1_477' title='bbox 244 3729 431 3783; x_wconf 78' lang='grc' dir='ltr'>πάντα</span> <span class='ocrx_word' id='word_1_478' title='bbox 483 3729 715 3802; x_wconf 82' lang='grc' dir='ltr'>δεύτερα</span> <span class='ocrx_word' id='word_1_479' title='bbox 758 3732 1078 3804; x_wconf 79' lang='grc' dir='ltr'>ἡγούμενοι,</span> <span class='ocrx_word' id='word_1_480' title='bbox 1140 3734 1215 3806; x_wconf 80' lang='grc' dir='ltr'><strong>μὴ</strong></span> <span class='ocrx_word' id='word_1_481' title='bbox 1258 3736 1420 3806; x_wconf 90' lang='grc' dir='ltr'>μόνον</span> <span class='ocrx_word' id='word_1_482' title='bbox 1456 3739 1832 3809; x_wconf 85' lang='grc' dir='ltr'>μοναστήρια,</span> 
     </span>
    </p>
   </div>
   <div class='ocr_carea' id='block_1_71' title="bbox 243 3820 1834 3897">
    <p class='ocr_par' dir='ltr' id='par_1_71' title="bbox 243 3820 1834 3897">
     <span class='ocr_line' id='line_1_71' title="bbox 243 3820 1834 3897; baseline 0.004 -23"><span class='ocrx_word' id='word_1_483' title='bbox 243 3820 346 3874; x_wconf 74' lang='grc' dir='ltr'><strong>καὶ</strong></span> <span class='ocrx_word' id='word_1_484' title='bbox 402 3820 468 3874; x_wconf 84' lang='grc' dir='ltr'>τὰ</span> <span class='ocrx_word' id='word_1_485' title='bbox 524 3822 585 3874; x_wconf 78' lang='grc' dir='ltr'>ἐν</span> <span class='ocrx_word' id='word_1_486' title='bbox 640 3825 1026 3895; x_wconf 82' lang='grc' dir='ltr'>μοναστηρίοις</span> <span class='ocrx_word' id='word_1_487' title='bbox 1087 3824 1326 3888; x_wconf 72' lang='grc' dir='ltr'>ἅπαντα,</span> <span class='ocrx_word' id='word_1_488' title='bbox 1378 3826 1484 3879; x_wconf 81' lang='grc' dir='ltr'>κᾶν</span> <span class='ocrx_word' id='word_1_489' title='bbox 1521 3822 1633 3880; x_wconf 78' lang='grc' dir='ltr'>εἷεν</span> <span class='ocrx_word' id='word_1_490' title='bbox 1692 3827 1834 3897; x_wconf 84' lang='grc' dir='ltr'>ὑπὲρ</span> 
     </span>
    </p>
   </div>
   <div class='ocr_carea' id='block_1_72' title="bbox 242 3913 1829 3991">
    <p class='ocr_par' dir='ltr' id='par_1_72' title="bbox 242 3913 1829 3991">
     <span class='ocr_line' id='line_1_72' title="bbox 242 3913 1829 3991; baseline 0.005 -25"><span class='ocrx_word' id='word_1_491' title='bbox 242 3915 368 3967; x_wconf 76' lang='grc' dir='ltr'>λίαν</span> <span class='ocrx_word' id='word_1_492' title='bbox 400 3913 605 3985; x_wconf 82' lang='grc' dir='ltr'>ἄπειρα</span> <span class='ocrx_word' id='word_1_493' title='bbox 625 3932 639 3946; x_wconf 74' lang='grc' dir='ltr'><strong>ο</strong></span> <span class='ocrx_word' id='word_1_494' title='bbox 671 3916 808 3971; x_wconf 85' lang='grc' dir='ltr'><strong>ἀλλά</strong></span> <span class='ocrx_word' id='word_1_495' title='bbox 834 3919 945 3987; x_wconf 79' lang='grc' dir='ltr'><strong>γὰρ</strong></span> <span class='ocrx_word' id='word_1_496' title='bbox 974 3919 1072 3973; x_wconf 74' lang='grc' dir='ltr'>καὶ</span> <span class='ocrx_word' id='word_1_497' title='bbox 1095 3919 1166 3973; x_wconf 82' lang='grc' dir='ltr'>τὰ</span> <span class='ocrx_word' id='word_1_498' title='bbox 1190 3919 1404 3976; x_wconf 80' lang='grc' dir='ltr'>ἑαυτῶν</span> <span class='ocrx_word' id='word_1_499' title='bbox 1435 3919 1694 3991; x_wconf 51' lang='grc' dir='ltr'>σώματων</span> <span class='ocrx_word' id='word_1_500' title='bbox 1727 3920 1829 3991; x_wconf 80' lang='grc' dir='ltr'><strong>τὴν</strong></span> 
     </span>
    </p>
   </div>
   <div class='ocr_carea' id='block_1_73' title="bbox 244 4007 1832 4086">
    <p class='ocr_par' dir='ltr' id='par_1_73' title="bbox 244 4007 1832 4086">
     <span class='ocr_line' id='line_1_73' title="bbox 244 4007 1832 4086; baseline 0.004 -24"><span class='ocrx_word' id='word_1_501' title='bbox 244 4007 422 4078; x_wconf 81' lang='grc' dir='ltr'>καλὴν</span> <span class='ocrx_word' id='word_1_502' title='bbox 480 4010 778 4079; x_wconf 81' lang='grc' dir='ltr'>φυγαδείαν</span> <span class='ocrx_word' id='word_1_503' title='bbox 843 4012 1113 4083; x_wconf 77' lang='grc' dir='ltr'>ἑλόμενοι,</span> <span class='ocrx_word' id='word_1_504' title='bbox 1186 4013 1413 4067; x_wconf 79' lang='grc' dir='ltr'>καὶτὸν</span> <span class='ocrx_word' id='word_1_505' title='bbox 1458 4013 1554 4067; x_wconf 84' lang='grc' dir='ltr'><strong>τοῦ</strong></span> <span class='ocrx_word' id='word_1_506' title='bbox 1588 4013 1832 4086; x_wconf 87' lang='grc' dir='ltr'>διωγμοῦ</span> 
     </span>
    </p>
   </div>
   <div class='ocr_carea' id='block_1_74' title="bbox 247 4104 1835 4177">
    <p class='ocr_par' dir='ltr' id='par_1_74' title="bbox 247 4104 1835 4177">
     <span class='ocr_line' id='line_1_74' title="bbox 247 4104 1835 4177; baseline 0.003 -22"><span class='ocrx_word' id='word_1_507' title='bbox 247 4104 609 4173; x_wconf 76' lang='grc' dir='ltr'>μακαρισμὸν</span> <span class='ocrx_word' id='word_1_508' title='bbox 660 4104 1096 4175; x_wconf 75' lang='grc' dir='ltr'>στεφανούμενοι</span> <span class='ocrx_word' id='word_1_509' title='bbox 1171 4106 1264 4160; x_wconf 88' lang='grc' dir='ltr'><strong>τὸν</strong></span> <span class='ocrx_word' id='word_1_510' title='bbox 1323 4106 1683 4177; x_wconf 78' lang='grc' dir='ltr'>ὑπερένδοξον</span> <span class='ocrx_word' id='word_1_511' title='bbox 1738 4106 1835 4160; x_wconf 77' lang='grc' dir='ltr'>καὶ</span> 
     </span>
    </p>
   </div>
   <div class='ocr_carea' id='block_1_75' title="bbox 245 4194 1831 4269">
    <p class='ocr_par' dir='ltr' id='par_1_75' title="bbox 245 4194 1831 4269">
     <span class='ocr_line' id='line_1_75' title="bbox 245 4194 1831 4269; baseline 0.004 -22"><span class='ocrx_word' id='word_1_512' title='bbox 245 4194 712 4266; x_wconf 82' lang='grc' dir='ltr'>ὑπερθαύμαστον</span> <span class='ocrx_word' id='word_1_513' title='bbox 733 4212 750 4228; x_wconf 77' lang='grc' dir='ltr'><strong>ο</strong></span> <span class='ocrx_word' id='word_1_514' title='bbox 777 4196 921 4251; x_wconf 87' lang='grc' dir='ltr'><strong>καθά</strong></span> <span class='ocrx_word' id='word_1_515' title='bbox 959 4198 1057 4251; x_wconf 74' lang='grc' dir='ltr'>καὶ</span> <span class='ocrx_word' id='word_1_516' title='bbox 1085 4196 1401 4269; x_wconf 79' lang='grc' dir='ltr'>ἐντέταλται</span> <span class='ocrx_word' id='word_1_517' title='bbox 1434 4199 1563 4269; x_wconf 85' lang='grc' dir='ltr'>ὑμῖν</span> <span class='ocrx_word' id='word_1_518' title='bbox 1590 4199 1620 4252; x_wconf 87' lang='grc' dir='ltr'>ὁ</span> <span class='ocrx_word' id='word_1_519' title='bbox 1649 4199 1831 4269; x_wconf 84' lang='grc' dir='ltr'>μακά·-</span> 
     </span>
    </p>
   </div>
   <div class='ocr_carea' id='block_1_76' title="bbox 248 4288 1835 4361">
    <p class='ocr_par' dir='ltr' id='par_1_76' title="bbox 248 4288 1835 4361">
     <span class='ocr_line' id='line_1_76' title="bbox 248 4288 1835 4361; baseline 0.003 -21"><span class='ocrx_word' id='word_1_520' title='bbox 248 4304 388 4357; x_wconf 88' lang='grc' dir='ltr'>ριος.</span> <span class='ocrx_word' id='word_1_521' title='bbox 450 4289 513 4342; x_wconf 85' lang='grc' dir='ltr'>Εί</span> <span class='ocrx_word' id='word_1_522' title='bbox 568 4288 627 4341; x_wconf 81' lang='grc' dir='ltr'>δὲ</span> <span class='ocrx_word' id='word_1_523' title='bbox 676 4290 762 4343; x_wconf 86' lang='grc' dir='ltr'>ὅτι</span> <span class='ocrx_word' id='word_1_524' title='bbox 819 4290 964 4344; x_wconf 80' lang='grc' dir='ltr'>ἑάλω</span> <span class='ocrx_word' id='word_1_525' title='bbox 998 4291 1240 4352; x_wconf 79' lang='grc' dir='ltr'>ἐκεῖνος’</span> <span class='ocrx_word' id='word_1_526' title='bbox 1281 4290 1372 4345; x_wconf 79' lang='grc' dir='ltr'>ναὶ</span> <span class='ocrx_word' id='word_1_527' title='bbox 1425 4291 1521 4344; x_wconf 73' lang='grc' dir='ltr'>καὶ</span> <span class='ocrx_word' id='word_1_528' title='bbox 1579 4290 1682 4359; x_wconf 89' lang='grc' dir='ltr'><strong>φεῦ</strong></span> <span class='ocrx_word' id='word_1_529' title='bbox 1732 4290 1835 4361; x_wconf 86' lang='grc' dir='ltr'><strong>τῆς</strong></span> 
     </span>
    </p>
   </div>
   <div class='ocr_carea' id='block_1_77' title="bbox 243 4381 1831 4454">
    <p class='ocr_par' dir='ltr' id='par_1_77' title="bbox 243 4381 1831 4454">
     <span class='ocr_line' id='line_1_77' title="bbox 243 4381 1831 4454; baseline 0.001 -20"><span class='ocrx_word' id='word_1_530' title='bbox 243 4381 447 4451; x_wconf 76' lang='grc' dir='ltr'>ἥττηςί</span> <span class='ocrx_word' id='word_1_531' title='bbox 483 4381 625 4453; x_wconf 82' lang='grc' dir='ltr'>πλὴν</span> <span class='ocrx_word' id='word_1_532' title='bbox 659 4381 741 4435; x_wconf 84' lang='grc' dir='ltr'>ὅτι</span> <span class='ocrx_word' id='word_1_533' title='bbox 762 4381 1173 4451; x_wconf 84' lang='grc' dir='ltr'>ἀνακέκληται·</span> <span class='ocrx_word' id='word_1_534' title='bbox 1214 4381 1355 4453; x_wconf 87' lang='grc' dir='ltr'>πλὴν</span> <span class='ocrx_word' id='word_1_535' title='bbox 1388 4382 1469 4436; x_wconf 84' lang='grc' dir='ltr'>ὄτι</span> <span class='ocrx_word' id='word_1_536' title='bbox 1508 4381 1831 4454; x_wconf 77' lang='grc' dir='ltr'>ἐπιτετίμη-</span> 
     </span>
    </p>
   </div>
   <div class='ocr_carea' id='block_1_78' title="bbox 243 4469 1831 4546">
    <p class='ocr_par' dir='ltr' id='par_1_78' title="bbox 243 4469 1831 4546">
     <span class='ocr_line' id='line_1_78' title="bbox 243 4469 1831 4546; baseline 0.001 -19"><span class='ocrx_word' id='word_1_537' title='bbox 243 4490 360 4539; x_wconf 87' lang='grc' dir='ltr'>ται,</span> <span class='ocrx_word' id='word_1_538' title='bbox 420 4475 517 4528; x_wconf 78' lang='grc' dir='ltr'>καὶ</span> <span class='ocrx_word' id='word_1_539' title='bbox 578 4476 718 4545; x_wconf 86' lang='grc' dir='ltr'>μετὰ</span> <span class='ocrx_word' id='word_1_540' title='bbox 770 4474 880 4529; x_wconf 84' lang='grc' dir='ltr'><strong>τῶν</strong></span> <span class='ocrx_word' id='word_1_541' title='bbox 941 4475 1187 4529; x_wconf 79' lang='grc' dir='ltr'>εὐσεϐῶν</span> <span class='ocrx_word' id='word_1_542' title='bbox 1243 4476 1551 4546; x_wconf 81' lang='grc' dir='ltr'>συνῆπται,</span> <span class='ocrx_word' id='word_1_543' title='bbox 1587 4476 1684 4530; x_wconf 79' lang='grc' dir='ltr'>καὶ</span> <span class='ocrx_word' id='word_1_544' title='bbox 1744 4469 1831 4538; x_wconf 75' lang='grc' dir='ltr'>εἷς</span> 
     </span>
    </p>
   </div>
   <div class='ocr_carea' id='block_1_79' title="bbox 1937 3361 3524 3434">
    <p class='ocr_par' dir='ltr' id='par_1_79' title="bbox 1937 3361 3524 3434">
     <span class='ocr_line' id='line_1_79' title="bbox 1937 3361 3524 3434; baseline -0.001 -17"><span class='ocrx_word' id='word_1_545' title='bbox 1937 3362 2287 3434; x_wconf 87' lang='lat' dir='ltr'><strong>impatientes</strong></span> <span class='ocrx_word' id='word_1_546' title='bbox 2304 3363 2631 3433; x_wconf 71' lang='lat' dir='ltr'><strong>disciplinaz.</strong></span> <span class='ocrx_word' id='word_1_547' title='bbox 2656 3361 2925 3417; x_wconf 69' lang='lat' dir='ltr'><strong>Cmterum</strong></span> <span class='ocrx_word' id='word_1_548' title='bbox 2948 3363 3206 3432; x_wconf 91' lang='lat' dir='ltr'><strong>quoniam</strong></span> <span class='ocrx_word' id='word_1_549' title='bbox 3229 3364 3282 3417; x_wconf 91' lang='lat' dir='ltr'><strong>in</strong></span> <span class='ocrx_word' id='word_1_550' title='bbox 3305 3379 3524 3417; x_wconf 90' lang='lat' dir='ltr'><strong>summo</strong></span> 
     </span>
    </p>
   </div>
   <div class='ocr_carea' id='block_1_80' title="bbox 1934 3454 3527 3525">
    <p class='ocr_par' dir='ltr' id='par_1_80' title="bbox 1934 3454 3527 3525">
     <span class='ocr_line' id='line_1_80' title="bbox 1934 3454 3527 3525; baseline -0.001 -14"><span class='ocrx_word' id='word_1_551' title='bbox 1934 3456 2261 3511; x_wconf 89' lang='lat' dir='ltr'><strong>discrimine</strong></span> <span class='ocrx_word' id='word_1_552' title='bbox 2289 3454 2689 3525; x_wconf 88' lang='lat' dir='ltr'><strong>persecutionis</strong></span> <span class='ocrx_word' id='word_1_553' title='bbox 2721 3470 3033 3518; x_wconf 85' lang='lat' dir='ltr'><strong>versamur,</strong></span> <span class='ocrx_word' id='word_1_554' title='bbox 3071 3455 3231 3509; x_wconf 83' lang='lat' dir='ltr'><strong>fidem</strong></span> <span class='ocrx_word' id='word_1_555' title='bbox 3258 3465 3527 3520; x_wconf 86' lang='lat' dir='ltr'><strong>vestram,</strong></span> 
     </span>
    </p>
   </div>
   <div class='ocr_carea' id='block_1_81' title="bbox 1936 3547 3518 3619">
    <p class='ocr_par' dir='ltr' id='par_1_81' title="bbox 1936 3547 3518 3619">
     <span class='ocr_line' id='line_1_81' title="bbox 1936 3547 3518 3619; baseline -0.002 -15"><span class='ocrx_word' id='word_1_556' title='bbox 1936 3549 2192 3614; x_wconf 90' lang='lat' dir='ltr'><strong>obsecro,</strong></span> <span class='ocrx_word' id='word_1_557' title='bbox 2228 3547 2598 3619; x_wconf 88' lang='lat' dir='ltr'><strong>pietatemque</strong></span> <span class='ocrx_word' id='word_1_558' title='bbox 2632 3563 2702 3602; x_wconf 89' lang='lat' dir='ltr'><strong>ne</strong></span> <span class='ocrx_word' id='word_1_559' title='bbox 2743 3548 2993 3617; x_wconf 88' lang='lat' dir='ltr'><strong>prodatis</strong></span> <span class='ocrx_word' id='word_1_560' title='bbox 3022 3564 3037 3601; x_wconf 90' lang='lat'><strong>:</strong></span> <span class='ocrx_word' id='word_1_561' title='bbox 3070 3547 3166 3601; x_wconf 90' lang='lat' dir='ltr'><strong>sed</strong></span> <span class='ocrx_word' id='word_1_562' title='bbox 3202 3548 3246 3603; x_wconf 90' lang='lat' dir='ltr'><strong>si</strong></span> <span class='ocrx_word' id='word_1_563' title='bbox 3277 3548 3518 3613; x_wconf 80' lang='lat' dir='ltr'><strong>ingruat,</strong></span> 
     </span>
    </p>
   </div>
   <div class='ocr_carea' id='block_1_82' title="bbox 1936 3640 3520 3711">
    <p class='ocr_par' dir='ltr' id='par_1_82' title="bbox 1936 3640 3520 3711">
     <span class='ocr_line' id='line_1_82' title="bbox 1936 3640 3520 3711; baseline -0.002 -15"><span class='ocrx_word' id='word_1_564' title='bbox 1936 3643 2165 3697; x_wconf 90' lang='lat' dir='ltr'><strong>minime</strong></span> <span class='ocrx_word' id='word_1_565' title='bbox 2222 3656 2348 3696; x_wconf 90' lang='lat' dir='ltr'><strong>cum</strong></span> <span class='ocrx_word' id='word_1_566' title='bbox 2410 3640 2686 3696; x_wconf 85' lang='lat' dir='ltr'><strong>haereticis</strong></span> <span class='ocrx_word' id='word_1_567' title='bbox 2742 3656 3078 3711; x_wconf 91' lang='lat' dir='ltr'><strong>quocunque</strong></span> <span class='ocrx_word' id='word_1_568' title='bbox 3131 3654 3291 3710; x_wconf 85' lang='lat' dir='ltr'><strong>pacto</strong></span> <span class='ocrx_word' id='word_1_569' title='bbox 3344 3642 3520 3695; x_wconf 88' lang='lat' dir='ltr'><strong>abdu-</strong></span> 
     </span>
    </p>
   </div>
   <div class='ocr_carea' id='block_1_83' title="bbox 1935 3732 3529 3803">
    <p class='ocr_par' dir='ltr' id='par_1_83' title="bbox 1935 3732 3529 3803">
     <span class='ocr_line' id='line_1_83' title="bbox 1935 3732 3529 3803; baseline -0.003 -11"><span class='ocrx_word' id='word_1_570' title='bbox 1935 3736 2163 3792; x_wconf 84' lang='lat' dir='ltr'><strong>camini.</strong></span> <span class='ocrx_word' id='word_1_571' title='bbox 2208 3733 2360 3790; x_wconf 89' lang='lat' dir='ltr'><strong>Forti</strong></span> <span class='ocrx_word' id='word_1_572' title='bbox 2394 3735 2580 3788; x_wconf 88' lang='lat' dir='ltr'><strong>animo</strong></span> <span class='ocrx_word' id='word_1_573' title='bbox 2624 3735 2913 3799; x_wconf 88' lang='lat' dir='ltr'><strong>sustinete,</strong></span> <span class='ocrx_word' id='word_1_574' title='bbox 2950 3732 3140 3788; x_wconf 86' lang='lat' dir='ltr'><strong>omnia</strong></span> <span class='ocrx_word' id='word_1_575' title='bbox 3186 3734 3529 3803; x_wconf 78' lang='lat' dir='ltr'><strong>posthaben-</strong></span> 
     </span>
    </p>
   </div>
   <div class='ocr_carea' id='block_1_84' title="bbox 1937 3826 3523 3896">
    <p class='ocr_par' dir='ltr' id='par_1_84' title="bbox 1937 3826 3523 3896">
     <span class='ocr_line' id='line_1_84' title="bbox 1937 3826 3523 3896; baseline -0.001 -13"><span class='ocrx_word' id='word_1_576' title='bbox 1937 3837 2045 3893; x_wconf 89' lang='lat' dir='ltr'><strong>tes,</strong></span> <span class='ocrx_word' id='word_1_577' title='bbox 2076 3843 2187 3881; x_wconf 90' lang='lat' dir='ltr'><strong>non</strong></span> <span class='ocrx_word' id='word_1_578' title='bbox 2225 3827 2404 3883; x_wconf 91' lang='lat' dir='ltr'><strong>solum</strong></span> <span class='ocrx_word' id='word_1_579' title='bbox 2436 3826 2797 3893; x_wconf 89' lang='lat' dir='ltr'><strong>monasteria,</strong></span> <span class='ocrx_word' id='word_1_580' title='bbox 2836 3834 2892 3881; x_wconf 88' lang='lat' dir='ltr'><strong>et</strong></span> <span class='ocrx_word' id='word_1_581' title='bbox 2919 3841 3261 3896; x_wconf 62' lang='lat' dir='ltr'><strong>quaecunque</strong></span> <span class='ocrx_word' id='word_1_582' title='bbox 3302 3831 3357 3881; x_wconf 90' lang='lat' dir='ltr'><strong>in</strong></span> <span class='ocrx_word' id='word_1_583' title='bbox 3403 3843 3523 3881; x_wconf 91' lang='lat' dir='ltr'><strong>mo-</strong></span> 
     </span>
    </p>
   </div>
   <div class='ocr_carea' id='block_1_85' title="bbox 1935 3918 3527 3988">
    <p class='ocr_par' dir='ltr' id='par_1_85' title="bbox 1935 3918 3527 3988">
     <span class='ocr_line' id='line_1_85' title="bbox 1935 3918 3527 3988; baseline 0 -13"><span class='ocrx_word' id='word_1_584' title='bbox 1935 3919 2195 3975; x_wconf 86' lang='lat' dir='ltr'><strong>nasteriis</strong></span> <span class='ocrx_word' id='word_1_585' title='bbox 2237 3926 2391 3986; x_wconf 88' lang='lat' dir='ltr'><strong>sunt,</strong></span> <span class='ocrx_word' id='word_1_586' title='bbox 2439 3918 2748 3988; x_wconf 88' lang='lat' dir='ltr'><strong>quamlibet</strong></span> <span class='ocrx_word' id='word_1_587' title='bbox 2791 3934 2956 3988; x_wconf 88' lang='lat' dir='ltr'><strong>supra</strong></span> <span class='ocrx_word' id='word_1_588' title='bbox 3002 3919 3226 3973; x_wconf 91' lang='lat' dir='ltr'><strong>modum</strong></span> <span class='ocrx_word' id='word_1_589' title='bbox 3266 3920 3378 3975; x_wconf 93' lang='lat' dir='ltr'><strong>sint</strong></span> <span class='ocrx_word' id='word_1_590' title='bbox 3424 3936 3527 3975; x_wconf 13' lang='lat' dir='ltr'><strong>coci</strong></span> 
     </span>
    </p>
   </div>
   <div class='ocr_carea' id='block_1_86' title="bbox 1935 4011 3518 4084">
    <p class='ocr_par' dir='ltr' id='par_1_86' title="bbox 1935 4011 3518 4084">
     <span class='ocr_line' id='line_1_86' title="bbox 1935 4011 3518 4084; baseline 0 -18"><span class='ocrx_word' id='word_1_591' title='bbox 1935 4013 2115 4084; x_wconf 87' lang='lat' dir='ltr'><strong>piosa,</strong></span> <span class='ocrx_word' id='word_1_592' title='bbox 2148 4013 2244 4067; x_wconf 89' lang='lat' dir='ltr'><strong>sed</strong></span> <span class='ocrx_word' id='word_1_593' title='bbox 2279 4012 2501 4083; x_wconf 90' lang='lat' dir='ltr'><strong>propria</strong></span> <span class='ocrx_word' id='word_1_594' title='bbox 2532 4012 2699 4065; x_wconf 80' lang='lat' dir='ltr'><strong>etiam</strong></span> <span class='ocrx_word' id='word_1_595' title='bbox 2729 4027 2958 4081; x_wconf 90' lang='lat' dir='ltr'><strong>corpora</strong></span> <span class='ocrx_word' id='word_1_596' title='bbox 2983 4011 3306 4081; x_wconf 88' lang='lat' dir='ltr'><strong>:pulchram</strong></span> <span class='ocrx_word' id='word_1_597' title='bbox 3336 4012 3518 4082; x_wconf 80' lang='lat' dir='ltr'><strong>fugam</strong></span> 
     </span>
    </p>
   </div>
   <div class='ocr_carea' id='block_1_87' title="bbox 1934 4103 3517 4175">
    <p class='ocr_par' dir='ltr' id='par_1_87' title="bbox 1934 4103 3517 4175">
     <span class='ocr_line' id='line_1_87' title="bbox 1934 4103 3517 4175; baseline -0.001 -17"><span class='ocrx_word' id='word_1_598' title='bbox 1934 4104 2225 4175; x_wconf 87' lang='lat' dir='ltr'><strong>eligentes,</strong></span> <span class='ocrx_word' id='word_1_599' title='bbox 2285 4114 2339 4159; x_wconf 91' lang='lat' dir='ltr'><strong>et</strong></span> <span class='ocrx_word' id='word_1_600' title='bbox 2393 4103 2793 4174; x_wconf 87' lang='lat' dir='ltr'><strong>persecutionis</strong></span> <span class='ocrx_word' id='word_1_601' title='bbox 2852 4104 3194 4159; x_wconf 88' lang='lat' dir='ltr'><strong>beatitudine</strong></span> <span class='ocrx_word' id='word_1_602' title='bbox 3248 4106 3517 4173; x_wconf 83' lang='lat' dir='ltr'><strong>coronati,</strong></span> 
     </span>
    </p>
   </div>
   <div class='ocr_carea' id='block_1_88' title="bbox 1934 4196 3516 4268">
    <p class='ocr_par' dir='ltr' id='par_1_88' title="bbox 1934 4196 3516 4268">
     <span class='ocr_line' id='line_1_88' title="bbox 1934 4196 3516 4268; baseline -0.001 -15"><span class='ocrx_word' id='word_1_603' title='bbox 1934 4212 2059 4268; x_wconf 78' lang='lat' dir='ltr'><strong>quae</strong></span> <span class='ocrx_word' id='word_1_604' title='bbox 2104 4197 2332 4268; x_wconf 76' lang='lat' dir='ltr'><strong>gloriam</strong></span> <span class='ocrx_word' id='word_1_605' title='bbox 2375 4197 2753 4252; x_wconf 89' lang='lat' dir='ltr'><strong>incredibilem</strong></span> <span class='ocrx_word' id='word_1_606' title='bbox 2801 4205 2857 4251; x_wconf 92' lang='lat' dir='ltr'><strong>et</strong></span> <span class='ocrx_word' id='word_1_607' title='bbox 2887 4196 3271 4251; x_wconf 87' lang='lat' dir='ltr'><strong>admirabilem</strong></span> <span class='ocrx_word' id='word_1_608' title='bbox 3310 4198 3516 4252; x_wconf 87' lang='lat' dir='ltr'><strong>habet:</strong></span> 
     </span>
    </p>
   </div>
   <div class='ocr_carea' id='block_1_89' title="bbox 1934 4289 3517 4361">
    <p class='ocr_par' dir='ltr' id='par_1_89' title="bbox 1934 4289 3517 4361">
     <span class='ocr_line' id='line_1_89' title="bbox 1934 4289 3517 4361; baseline 0 -17"><span class='ocrx_word' id='word_1_609' title='bbox 1934 4290 2402 4361; x_wconf 88' lang='lat' dir='ltr'><strong>quemadmodum</strong></span> <span class='ocrx_word' id='word_1_610' title='bbox 2450 4291 2643 4346; x_wconf 88' lang='lat' dir='ltr'><strong>beatus</strong></span> <span class='ocrx_word' id='word_1_611' title='bbox 2691 4289 2858 4344; x_wconf 90' lang='lat' dir='ltr'><strong>etiam</strong></span> <span class='ocrx_word' id='word_1_612' title='bbox 2899 4289 2992 4345; x_wconf 90' lang='lat' dir='ltr'><strong>ille</strong></span> <span class='ocrx_word' id='word_1_613' title='bbox 3031 4289 3187 4346; x_wconf 87' lang='lat' dir='ltr'><strong>vobis</strong></span> <span class='ocrx_word' id='word_1_614' title='bbox 3238 4291 3517 4360; x_wconf 65' lang='lat' dir='ltr'><strong>praecepit.</strong></span> 
     </span>
    </p>
   </div>
   <div class='ocr_carea' id='block_1_90' title="bbox 1935 4381 3519 4454">
    <p class='ocr_par' dir='ltr' id='par_1_90' title="bbox 1935 4381 3519 4454">
     <span class='ocr_line' id='line_1_90' title="bbox 1935 4381 3519 4454; baseline -0.001 -15"><span class='ocrx_word' id='word_1_615' title='bbox 1935 4384 2092 4452; x_wconf 85' lang='lat' dir='ltr'><strong>Quod</strong></span> <span class='ocrx_word' id='word_1_616' title='bbox 2141 4385 2190 4441; x_wconf 85' lang='lat' dir='ltr'><strong>si</strong></span> <span class='ocrx_word' id='word_1_617' title='bbox 2236 4384 2362 4454; x_wconf 92' lang='lat' dir='ltr'><strong>quis</strong></span> <span class='ocrx_word' id='word_1_618' title='bbox 2409 4384 2619 4439; x_wconf 86' lang='lat' dir='ltr'><strong>victum</strong></span> <span class='ocrx_word' id='word_1_619' title='bbox 2670 4383 2827 4439; x_wconf 89' lang='lat' dir='ltr'><strong>illum</strong></span> <span class='ocrx_word' id='word_1_620' title='bbox 2886 4381 3060 4438; x_wconf 88' lang='lat' dir='ltr'><strong>fuisse</strong></span> <span class='ocrx_word' id='word_1_621' title='bbox 3102 4383 3274 4448; x_wconf 87' lang='lat' dir='ltr'><strong>dicat,</strong></span> <span class='ocrx_word' id='word_1_622' title='bbox 3328 4382 3519 4453; x_wconf 87' lang='lat' dir='ltr'><strong>utique</strong></span> 
     </span>
    </p>
   </div>
   <div class='ocr_carea' id='block_1_91' title="bbox 1934 4476 3523 4548">
    <p class='ocr_par' dir='ltr' id='par_1_91' title="bbox 1934 4476 3523 4548">
     <span class='ocr_line' id='line_1_91' title="bbox 1934 4476 3523 4548; baseline -0.001 -15"><span class='ocrx_word' id='word_1_623' title='bbox 1934 4486 1989 4534; x_wconf 90' lang='lat' dir='ltr'><strong>et</strong></span> <span class='ocrx_word' id='word_1_624' title='bbox 2020 4476 2359 4548; x_wconf 90' lang='lat' dir='ltr'><strong>deploranda</strong></span> <span class='ocrx_word' id='word_1_625' title='bbox 2401 4476 2588 4533; x_wconf 89' lang='lat' dir='ltr'><strong>clades</strong></span> <span class='ocrx_word' id='word_1_626' title='bbox 2626 4493 2639 4530; x_wconf 89' lang='lat'><strong>:</strong></span> <span class='ocrx_word' id='word_1_627' title='bbox 2672 4485 2731 4531; x_wconf 91' lang='lat' dir='ltr'><strong>at</strong></span> <span class='ocrx_word' id='word_1_628' title='bbox 2773 4486 3070 4531; x_wconf 87' lang='lat' dir='ltr'><strong>revocatus</strong></span> <span class='ocrx_word' id='word_1_629' title='bbox 3100 4486 3205 4541; x_wconf 87' lang='lat' dir='ltr'><strong>est,</strong></span> <span class='ocrx_word' id='word_1_630' title='bbox 3256 4485 3312 4530; x_wconf 90' lang='lat' dir='ltr'><strong>at</strong></span> <span class='ocrx_word' id='word_1_631' title='bbox 3345 4476 3523 4546; x_wconf 86' lang='lat' dir='ltr'><strong>poeni-</strong></span> 
     </span>
    </p>
   </div>
   <div class='ocr_carea' id='block_1_92' title="bbox 243 4565 1837 4644">
    <p class='ocr_par' dir='ltr' id='par_1_92' title="bbox 243 4565 1834 4640">
     <span class='ocr_line' id='line_1_92' title="bbox 243 4565 1834 4640; baseline 0.001 -22"><span class='ocrx_word' id='word_1_632' title='bbox 243 4566 364 4619; x_wconf 71' lang='grc' dir='ltr'>ὲστι</span> <span class='ocrx_word' id='word_1_633' title='bbox 406 4565 516 4619; x_wconf 90' lang='grc' dir='ltr'><strong>τῶν</strong></span> <span class='ocrx_word' id='word_1_634' title='bbox 542 4566 790 4637; x_wconf 82' lang='grc' dir='ltr'>ἀδελφῶν</span> <span class='ocrx_word' id='word_1_635' title='bbox 838 4569 934 4621; x_wconf 80' lang='grc' dir='ltr'>καὶ</span> <span class='ocrx_word' id='word_1_636' title='bbox 972 4567 1239 4640; x_wconf 82' lang='grc' dir='ltr'>Πατὲρων</span> <span class='ocrx_word' id='word_1_637' title='bbox 1265 4568 1427 4638; x_wconf 82' lang='grc' dir='ltr'>ἡμῶν</span> <span class='ocrx_word' id='word_1_638' title='bbox 1449 4585 1462 4597; x_wconf 89' lang='grc'><strong>·</strong></span> <span class='ocrx_word' id='word_1_639' title='bbox 1493 4568 1687 4622; x_wconf 81' lang='grc' dir='ltr'>καθότι</span> <span class='ocrx_word' id='word_1_640' title='bbox 1737 4568 1834 4622; x_wconf 82' lang='grc' dir='ltr'>καὶ</span> 
     </span>
    </p>
   </div>
   <div class='ocr_carea' id='block_1_93' title="bbox 1937 4565 3523 4644">
    <p class='ocr_par' dir='ltr' id='par_1_93' title="bbox 1938 4570 3523 4641">
     <span class='ocr_line' id='line_1_93' title="bbox 1938 4570 3523 4641; baseline -0.001 -15"><span class='ocrx_word' id='word_1_641' title='bbox 1938 4571 2168 4627; x_wconf 87' lang='lat' dir='ltr'><strong>tentiam</strong></span> <span class='ocrx_word' id='word_1_642' title='bbox 2216 4570 2347 4640; x_wconf 87' lang='lat' dir='ltr'><strong>egit,</strong></span> <span class='ocrx_word' id='word_1_643' title='bbox 2387 4580 2443 4625; x_wconf 88' lang='lat' dir='ltr'><strong>at</strong></span> <span class='ocrx_word' id='word_1_644' title='bbox 2474 4570 2582 4640; x_wconf 90' lang='lat' dir='ltr'><strong>piis</strong></span> <span class='ocrx_word' id='word_1_645' title='bbox 2616 4581 2949 4641; x_wconf 76' lang='lat' dir='ltr'><strong>aggregatus</strong></span> <span class='ocrx_word' id='word_1_646' title='bbox 2995 4578 3100 4635; x_wconf 88' lang='lat' dir='ltr'><strong>est,</strong></span> <span class='ocrx_word' id='word_1_647' title='bbox 3136 4585 3393 4639; x_wconf 91' lang='lat' dir='ltr'><strong>unusque</strong></span> <span class='ocrx_word' id='word_1_648' title='bbox 3438 4578 3523 4625; x_wconf 87' lang='lat' dir='ltr'><strong>est</strong></span> 
     </span>
    </p>
   </div>
   <div class='ocr_carea' id='block_1_94' title="bbox 244 4658 1834 4732">
    <p class='ocr_par' dir='ltr' id='par_1_94' title="bbox 244 4658 1834 4732">
     <span class='ocr_line' id='line_1_94' title="bbox 244 4658 1834 4732; baseline 0.003 -22"><span class='ocrx_word' id='word_1_649' title='bbox 244 4658 588 4712; x_wconf 81' lang='grc' dir='ltr'>εἰσδέδεκται</span> <span class='ocrx_word' id='word_1_650' title='bbox 621 4660 758 4730; x_wconf 86' lang='grc' dir='ltr'>πρὸς</span> <span class='ocrx_word' id='word_1_651' title='bbox 814 4661 908 4715; x_wconf 87' lang='grc' dir='ltr'><strong>τοῦ</strong></span> <span class='ocrx_word' id='word_1_652' title='bbox 933 4660 1304 4732; x_wconf 85' lang='grc' dir='ltr'>ίεροτελεστοῦ</span> <span class='ocrx_word' id='word_1_653' title='bbox 1356 4660 1517 4732; x_wconf 78' lang='grc' dir='ltr'>ἡμῶν</span> <span class='ocrx_word' id='word_1_654' title='bbox 1542 4678 1834 4732; x_wconf 85' lang='grc' dir='ltr'>μακαριω-</span> 
     </span>
    </p>
   </div>
   <div class='ocr_carea' id='block_1_95' title="bbox 241 4750 1093 4824">
    <p class='ocr_par' dir='ltr' id='par_1_95' title="bbox 241 4750 1093 4824">
     <span class='ocr_line' id='line_1_95' title="bbox 241 4750 1093 4824; baseline 0.002 -20"><span class='ocrx_word' id='word_1_655' title='bbox 241 4750 413 4804; x_wconf 88' lang='grc' dir='ltr'>τάτου</span> <span class='ocrx_word' id='word_1_656' title='bbox 477 4753 847 4824; x_wconf 83' lang='grc' dir='ltr'>πατριάρχου.</span> <span class='ocrx_word' id='word_1_657' title='bbox 905 4751 1093 4807; x_wconf 85' lang='grc' dir='ltr'>Ταῦτα</span> 
     </span>
    </p>
   </div>
   <div class='ocr_carea' id='block_1_96' title="bbox 239 4840 1827 4916">
    <p class='ocr_par' dir='ltr' id='par_1_96' title="bbox 239 4840 1827 4916">
     <span class='ocr_line' id='line_1_96' title="bbox 239 4840 1827 4916; baseline 0.001 -21"><span class='ocrx_word' id='word_1_658' title='bbox 239 4842 616 4915; x_wconf 72' lang='grc' dir='ltr'>εὐψυχήσατε,</span> <span class='ocrx_word' id='word_1_659' title='bbox 644 4845 1042 4916; x_wconf 80' lang='grc' dir='ltr'>εὐτακτήσατε,</span> <span class='ocrx_word' id='word_1_660' title='bbox 1088 4840 1151 4899; x_wconf 80' lang='grc' dir='ltr'>εὖ</span> <span class='ocrx_word' id='word_1_661' title='bbox 1192 4844 1480 4916; x_wconf 75' lang='grc' dir='ltr'>πράξοιτε,</span> <span class='ocrx_word' id='word_1_662' title='bbox 1513 4846 1572 4898; x_wconf 81' lang='grc' dir='ltr'>ὲν</span> <span class='ocrx_word' id='word_1_663' title='bbox 1601 4845 1827 4916; x_wconf 87' lang='grc' dir='ltr'>Χριστῷ</span> 
     </span>
    </p>
   </div>
   <div class='ocr_carea' id='block_1_97' title="bbox 256 4936 1836 5009">
    <p class='ocr_par' dir='ltr' id='par_1_97' title="bbox 256 4936 1836 5009">
     <span class='ocr_line' id='line_1_97' title="bbox 256 4936 1836 5009; baseline -0.001 -18"><span class='ocrx_word' id='word_1_664' title='bbox 256 4937 439 5005; x_wconf 80' lang='grc' dir='ltr'>Ἰησοῦ</span> <span class='ocrx_word' id='word_1_665' title='bbox 498 4936 576 5008; x_wconf 85' lang='grc' dir='ltr'>τῷ</span> <span class='ocrx_word' id='word_1_666' title='bbox 621 4939 815 5009; x_wconf 86' lang='grc' dir='ltr'>Κυρίῳ</span> <span class='ocrx_word' id='word_1_667' title='bbox 855 4939 1038 5009; x_wconf 81' lang='grc' dir='ltr'>ἡμῶν,</span> <span class='ocrx_word' id='word_1_668' title='bbox 1089 4938 1149 5004; x_wconf 82' lang='grc' dir='ltr'>ὃς</span> <span class='ocrx_word' id='word_1_669' title='bbox 1188 4940 1444 4993; x_wconf 85' lang='grc' dir='ltr'>κάκεῖνον</span> <span class='ocrx_word' id='word_1_670' title='bbox 1491 4938 1836 4992; x_wconf 85' lang='grc' dir='ltr'>ἀναπαύσειε</span> 
     </span>
    </p>
   </div>
   <div class='ocr_carea' id='block_1_98' title="bbox 246 5030 1832 5103">
    <p class='ocr_par' dir='ltr' id='par_1_98' title="bbox 246 5030 1832 5103">
     <span class='ocr_line' id='line_1_98' title="bbox 246 5030 1832 5103; baseline 0 -19"><span class='ocrx_word' id='word_1_671' title='bbox 246 5031 394 5101; x_wconf 87' lang='grc' dir='ltr'><strong>μετά</strong></span> <span class='ocrx_word' id='word_1_672' title='bbox 442 5030 690 5095; x_wconf 81' lang='grc' dir='ltr'>δικαίων,</span> <span class='ocrx_word' id='word_1_673' title='bbox 748 5032 846 5085; x_wconf 76' lang='grc' dir='ltr'><strong>καὶ</strong></span> <span class='ocrx_word' id='word_1_674' title='bbox 896 5032 1042 5102; x_wconf 82' lang='grc' dir='ltr'>ὑμᾶς</span> <span class='ocrx_word' id='word_1_675' title='bbox 1098 5030 1489 5103; x_wconf 82' lang='grc' dir='ltr'>καταρτίσειεν</span> <span class='ocrx_word' id='word_1_676' title='bbox 1550 5032 1609 5085; x_wconf 80' lang='grc' dir='ltr'>ὲν</span> <span class='ocrx_word' id='word_1_677' title='bbox 1660 5032 1832 5085; x_wconf 82' lang='grc' dir='ltr'>πᾶσιν</span> 
     </span>
    </p>
   </div>
   <div class='ocr_carea' id='block_1_99' title="bbox 242 5124 1333 5198">
    <p class='ocr_par' dir='ltr' id='par_1_99' title="bbox 242 5124 1333 5198">
     <span class='ocr_line' id='line_1_99' title="bbox 242 5124 1333 5198; baseline -0.001 -19"><span class='ocrx_word' id='word_1_678' title='bbox 242 5124 497 5193; x_wconf 82' lang='grc' dir='ltr'>ἀγαθοῖς,</span> <span class='ocrx_word' id='word_1_679' title='bbox 521 5126 876 5197; x_wconf 72' lang='grc' dir='ltr'>ἠγαπημένοι</span> <span class='ocrx_word' id='word_1_680' title='bbox 903 5125 1063 5198; x_wconf 76' lang='grc' dir='ltr'>ἡμῶν</span> <span class='ocrx_word' id='word_1_681' title='bbox 1091 5125 1333 5195; x_wconf 83' lang='grc' dir='ltr'>ἀδελφοί.</span> 
     </span>
    </p>
   </div>
   <div class='ocr_carea' id='block_1_100' title="bbox 531 5316 1592 5391">
    <p class='ocr_par' dir='ltr' id='par_1_100' title="bbox 531 5316 1592 5391">
     <span class='ocr_line' id='line_1_100' title="bbox 531 5316 1592 5391; baseline 0 -19"><span class='ocrx_word' id='word_1_682' title='bbox 531 5316 681 5372; x_wconf 84' lang='grc' dir='ltr'><strong>ΡΚΖ⁹</strong></span> <span class='ocrx_word' id='word_1_683' title='bbox 699 5318 836 5389; x_wconf 72' lang='grc'><strong>(25).</strong></span> <span class='ocrx_word' id='word_1_684' title='bbox 868 5317 1071 5388; x_wconf 74' lang='grc' dir='ltr'>Πέτρῳ</span> <span class='ocrx_word' id='word_1_685' title='bbox 1096 5318 1369 5384; x_wconf 81' lang='grc' dir='ltr'>Νικαίας.</span> <span class='ocrx_word' id='word_1_686' title='bbox 1407 5319 1530 5391; x_wconf 83' lang='grc' dir='ltr'>[χοα</span> <span class='ocrx_word' id='word_1_687' title='bbox 1549 5316 1592 5389; x_wconf 87' lang='grc'><strong>.]</strong></span> 
     </span>
    </p>
   </div>
   <div class='ocr_carea' id='block_1_101' title="bbox 1931 4660 3522 4732">
    <p class='ocr_par' dir='ltr' id='par_1_101' title="bbox 1931 4660 3522 4732">
     <span class='ocr_line' id='line_1_101' title="bbox 1931 4660 3522 4732; baseline -0.001 -15"><span class='ocrx_word' id='word_1_688' title='bbox 1931 4663 2165 4717; x_wconf 89' lang='lat' dir='ltr'><strong>fratrum</strong></span> <span class='ocrx_word' id='word_1_689' title='bbox 2196 4661 2534 4731; x_wconf 87' lang='lat' dir='ltr'><strong>Patrumque</strong></span> <span class='ocrx_word' id='word_1_690' title='bbox 2562 4669 2905 4716; x_wconf 89' lang='lat' dir='ltr'><strong>nostrorum.</strong></span> <span class='ocrx_word' id='word_1_691' title='bbox 2931 4660 3122 4732; x_wconf 86' lang='lat' dir='ltr'><strong>itaque</strong></span> <span class='ocrx_word' id='word_1_692' title='bbox 3150 4671 3404 4730; x_wconf 85' lang='lat' dir='ltr'><strong>receptus</strong></span> <span class='ocrx_word' id='word_1_693' title='bbox 3436 4669 3522 4715; x_wconf 88' lang='lat' dir='ltr'><strong>est</strong></span> 
     </span>
    </p>
   </div>
   <div class='ocr_carea' id='block_1_102' title="bbox 1170 4746 1837 4821">
    <p class='ocr_par' dir='ltr' id='par_1_102' title="bbox 1170 4746 1832 4821">
     <span class='ocr_line' id='line_1_102' title="bbox 1170 4746 1832 4821; baseline 0.002 -16"><span class='ocrx_word' id='word_1_694' title='bbox 1170 4746 1264 4806; x_wconf 82' lang='grc' dir='ltr'><strong>οὖν</strong></span> <span class='ocrx_word' id='word_1_695' title='bbox 1328 4752 1552 4819; x_wconf 81' lang='grc' dir='ltr'>ειδότες,</span> <span class='ocrx_word' id='word_1_696' title='bbox 1587 4752 1832 4821; x_wconf 72' lang='grc' dir='ltr'>ἀδελφοὶ,</span> 
     </span>
    </p>
   </div>
   <div class='ocr_carea' id='block_1_103' title="bbox 1937 4746 3517 4821">
    <p class='ocr_par' dir='ltr' id='par_1_103' title="bbox 1937 4749 3517 4821">
     <span class='ocr_line' id='line_1_103' title="bbox 1937 4749 3517 4821; baseline 0 -16"><span class='ocrx_word' id='word_1_697' title='bbox 1937 4751 2097 4806; x_wconf 88' lang='lat' dir='ltr'><strong>etiam</strong></span> <span class='ocrx_word' id='word_1_698' title='bbox 2142 4749 2217 4804; x_wconf 88' lang='lat' dir='ltr'><strong>ab</strong></span> <span class='ocrx_word' id='word_1_699' title='bbox 2270 4749 2525 4804; x_wconf 89' lang='lat' dir='ltr'><strong>antistite</strong></span> <span class='ocrx_word' id='word_1_700' title='bbox 2575 4758 2790 4816; x_wconf 89' lang='lat' dir='ltr'><strong>nostro,</strong></span> <span class='ocrx_word' id='word_1_701' title='bbox 2824 4750 3145 4805; x_wconf 85' lang='lat' dir='ltr'><strong>beatissimo</strong></span> <span class='ocrx_word' id='word_1_702' title='bbox 3181 4750 3517 4821; x_wconf 84' lang='lat' dir='ltr'><strong>patriarcha.</strong></span> 
     </span>
    </p>
   </div>
   <div class='ocr_carea' id='block_1_104' title="bbox 1934 4838 3522 4911">
    <p class='ocr_par' dir='ltr' id='par_1_104' title="bbox 1934 4838 3522 4911">
     <span class='ocr_line' id='line_1_104' title="bbox 1934 4838 3522 4911; baseline -0.001 -16"><span class='ocrx_word' id='word_1_703' title='bbox 1934 4840 2062 4896; x_wconf 81' lang='lat' dir='ltr'><strong>Haec</strong></span> <span class='ocrx_word' id='word_1_704' title='bbox 2084 4840 2257 4911; x_wconf 90' lang='lat' dir='ltr'><strong>igitur</strong></span> <span class='ocrx_word' id='word_1_705' title='bbox 2288 4855 2415 4896; x_wconf 91' lang='lat' dir='ltr'><strong>cum</strong></span> <span class='ocrx_word' id='word_1_706' title='bbox 2445 4838 2603 4895; x_wconf 85' lang='lat' dir='ltr'><strong>vobis</strong></span> <span class='ocrx_word' id='word_1_707' title='bbox 2635 4852 2920 4911; x_wconf 90' lang='lat' dir='ltr'><strong>comperta</strong></span> <span class='ocrx_word' id='word_1_708' title='bbox 2951 4841 3086 4905; x_wconf 89' lang='lat' dir='ltr'><strong>sint,</strong></span> <span class='ocrx_word' id='word_1_709' title='bbox 3119 4840 3342 4904; x_wconf 89' lang='lat' dir='ltr'><strong>fratres,</strong></span> <span class='ocrx_word' id='word_1_710' title='bbox 3373 4841 3522 4895; x_wconf 89' lang='lat' dir='ltr'><strong>bono</strong></span> 
     </span>
    </p>
   </div>
   <div class='ocr_carea' id='block_1_105' title="bbox 1936 4931 3520 5001">
    <p class='ocr_par' dir='ltr' id='par_1_105' title="bbox 1936 4931 3520 5001">
     <span class='ocr_line' id='line_1_105' title="bbox 1936 4931 3520 5001; baseline 0 -14"><span class='ocrx_word' id='word_1_711' title='bbox 1936 4931 2131 4987; x_wconf 90' lang='lat' dir='ltr'><strong>animo</strong></span> <span class='ocrx_word' id='word_1_712' title='bbox 2182 4941 2381 4993; x_wconf 88' lang='lat' dir='ltr'><strong>estote,</strong></span> <span class='ocrx_word' id='word_1_713' title='bbox 2412 4931 2767 5001; x_wconf 83' lang='lat' dir='ltr'><strong>disciplinam</strong></span> <span class='ocrx_word' id='word_1_714' title='bbox 2801 4942 3036 4999; x_wconf 83' lang='lat' dir='ltr'><strong>servate,</strong></span> <span class='ocrx_word' id='word_1_715' title='bbox 3075 4933 3214 4988; x_wconf 87' lang='lat' dir='ltr'><strong>bene</strong></span> <span class='ocrx_word' id='word_1_716' title='bbox 3248 4934 3422 4988; x_wconf 83' lang='lat' dir='ltr'><strong>valete</strong></span> <span class='ocrx_word' id='word_1_717' title='bbox 3464 4934 3520 4988; x_wconf 89' lang='lat' dir='ltr'><strong>in</strong></span> 
     </span>
    </p>
   </div>
   <div class='ocr_carea' id='block_1_106' title="bbox 1941 5022 3518 5098">
    <p class='ocr_par' dir='ltr' id='par_1_106' title="bbox 1941 5022 3518 5098">
     <span class='ocr_line' id='line_1_106' title="bbox 1941 5022 3518 5098; baseline 0.001 -21"><span class='ocrx_word' id='word_1_718' title='bbox 1941 5022 2163 5078; x_wconf 89' lang='lat' dir='ltr'><strong>Christo</strong></span> <span class='ocrx_word' id='word_1_719' title='bbox 2192 5022 2322 5078; x_wconf 86' lang='lat' dir='ltr'><strong>Jesu</strong></span> <span class='ocrx_word' id='word_1_720' title='bbox 2364 5023 2601 5078; x_wconf 90' lang='lat' dir='ltr'><strong>Domino</strong></span> <span class='ocrx_word' id='word_1_721' title='bbox 2650 5032 2867 5091; x_wconf 88' lang='lat' dir='ltr'><strong>nostro,</strong></span> <span class='ocrx_word' id='word_1_722' title='bbox 2917 5025 3012 5096; x_wconf 89' lang='lat' dir='ltr'><strong>qui</strong></span> <span class='ocrx_word' id='word_1_723' title='bbox 3068 5037 3123 5080; x_wconf 91' lang='lat' dir='ltr'><strong>et</strong></span> <span class='ocrx_word' id='word_1_724' title='bbox 3170 5026 3247 5080; x_wconf 88' lang='lat' dir='ltr'><strong>illi</strong></span> <span class='ocrx_word' id='word_1_725' title='bbox 3279 5027 3518 5098; x_wconf 82' lang='lat' dir='ltr'><strong>quietem</strong></span> 
     </span>
    </p>
   </div>
   <div class='ocr_carea' id='block_1_107' title="bbox 1943 5116 3521 5190">
    <p class='ocr_par' dir='ltr' id='par_1_107' title="bbox 1943 5116 3521 5190">
     <span class='ocr_line' id='line_1_107' title="bbox 1943 5116 3521 5190; baseline 0.002 -22"><span class='ocrx_word' id='word_1_726' title='bbox 1943 5116 2149 5171; x_wconf 86' lang='lat' dir='ltr'><strong>tribuat</strong></span> <span class='ocrx_word' id='word_1_727' title='bbox 2186 5131 2313 5171; x_wconf 91' lang='lat' dir='ltr'><strong>cum</strong></span> <span class='ocrx_word' id='word_1_728' title='bbox 2339 5116 2529 5186; x_wconf 87' lang='lat' dir='ltr'><strong>justis,</strong></span> <span class='ocrx_word' id='word_1_729' title='bbox 2565 5126 2624 5172; x_wconf 93' lang='lat' dir='ltr'><strong>et</strong></span> <span class='ocrx_word' id='word_1_730' title='bbox 2650 5132 2750 5173; x_wconf 89' lang='lat' dir='ltr'><strong>vos</strong></span> <span class='ocrx_word' id='word_1_731' title='bbox 2786 5120 2841 5172; x_wconf 94' lang='lat' dir='ltr'><strong>in</strong></span> <span class='ocrx_word' id='word_1_732' title='bbox 2876 5118 3038 5173; x_wconf 89' lang='lat' dir='ltr'><strong>bonis</strong></span> <span class='ocrx_word' id='word_1_733' title='bbox 3067 5120 3325 5175; x_wconf 88' lang='lat' dir='ltr'><strong>omnibus</strong></span> <span class='ocrx_word' id='word_1_734' title='bbox 3349 5118 3521 5190; x_wconf 86' lang='lat' dir='ltr'><strong>perli-</strong></span> 
     </span>
    </p>
   </div>
   <div class='ocr_carea' id='block_1_108' title="bbox 1942 5207 2747 5273">
    <p class='ocr_par' dir='ltr' id='par_1_108' title="bbox 1942 5207 2747 5273">
     <span class='ocr_line' id='line_1_108' title="bbox 1942 5207 2747 5273; baseline 0.002 -11"><span class='ocrx_word' id='word_1_735' title='bbox 1942 5207 2072 5273; x_wconf 90' lang='lat' dir='ltr'><strong>ciat,</strong></span> <span class='ocrx_word' id='word_1_736' title='bbox 2108 5207 2295 5263; x_wconf 90' lang='lat' dir='ltr'><strong>dilecti</strong></span> <span class='ocrx_word' id='word_1_737' title='bbox 2319 5207 2520 5263; x_wconf 89' lang='lat' dir='ltr'><strong>fratres</strong></span> <span class='ocrx_word' id='word_1_738' title='bbox 2549 5209 2747 5264; x_wconf 88' lang='lat' dir='ltr'><strong>nostri.</strong></span> 
     </span>
    </p>
   </div>
   <div class='ocr_carea' id='block_1_109' title="bbox 2321 5319 3129 5379">
    <p class='ocr_par' dir='ltr' id='par_1_109' title="bbox 2321 5319 3129 5379">
     <span class='ocr_line' id='line_1_109' title="bbox 2321 5319 3129 5379; baseline 0.004 -3"><span class='ocrx_word' id='word_1_739' title='bbox 2321 5319 2583 5376; x_wconf 80' lang='lat' dir='ltr'><strong>CXXVII.</strong></span> <span class='ocrx_word' id='word_1_740' title='bbox 2607 5351 2679 5361; x_wconf 90' lang='lat'><strong>-—</strong></span> <span class='ocrx_word' id='word_1_741' title='bbox 2703 5319 2863 5378; x_wconf 85' lang='lat' dir='ltr'><strong>Petro</strong></span> <span class='ocrx_word' id='word_1_742' title='bbox 2913 5322 3129 5379; x_wconf 66' lang='lat' dir='ltr'><strong>Nicaea.</strong></span> 
     </span>
    </p>
   </div>
   <div class='ocr_carea' id='block_1_110' title="bbox 1031 5450 2738 5524">
    <p class='ocr_par' dir='ltr' id='par_1_110' title="bbox 1031 5450 2738 5524">
     <span class='ocr_line' id='line_1_110' title="bbox 1031 5450 2738 5524; baseline 0.003 -20"><span class='ocrx_word' id='word_1_743' title='bbox 1031 5450 1356 5517; x_wconf 79' lang='lat' dir='ltr'><strong>Apologetica</strong></span> <span class='ocrx_word' id='word_1_744' title='bbox 1376 5452 1614 5502; x_wconf 80' lang='lat' dir='ltr'><strong>adversus</strong></span> <span class='ocrx_word' id='word_1_745' title='bbox 1644 5451 2046 5505; x_wconf 83' lang='lat' dir='ltr'><strong>calumniatores.</strong></span> <span class='ocrx_word' id='word_1_746' title='bbox 2072 5455 2273 5520; x_wconf 88' lang='lat' dir='ltr'><strong>(Baron.</strong></span> <span class='ocrx_word' id='word_1_747' title='bbox 2298 5472 2381 5513; x_wconf 89' lang='lat' dir='ltr'><strong>an.</strong></span> <span class='ocrx_word' id='word_1_748' title='bbox 2404 5459 2517 5522; x_wconf 78' lang='lat'><strong>823,</strong></span> <span class='ocrx_word' id='word_1_749' title='bbox 2543 5474 2597 5510; x_wconf 93' lang='lat' dir='ltr'><strong>n.</strong></span> <span class='ocrx_word' id='word_1_750' title='bbox 2636 5458 2738 5524; x_wconf 88' lang='lat' dir='ltr'><strong>l9.)</strong></span> 
     </span>
    </p>
   </div>
   <div class='ocr_carea' id='block_1_111' title="bbox 318 5563 1827 5638">
    <p class='ocr_par' dir='ltr' id='par_1_111' title="bbox 318 5563 1827 5638">
     <span class='ocr_line' id='line_1_111' title="bbox 318 5563 1827 5638; baseline -0.003 -15"><span class='ocrx_word' id='word_1_751' title='bbox 318 5564 438 5623; x_wconf 77' lang='grc' dir='ltr'>Νῦν</span> <span class='ocrx_word' id='word_1_752' title='bbox 509 5564 845 5638; x_wconf 77' lang='grc' dir='ltr'>εὐοδούμεθα</span> <span class='ocrx_word' id='word_1_753' title='bbox 916 5563 1221 5618; x_wconf 77' lang='grc' dir='ltr'>ἐπιστεῖλαι</span> <span class='ocrx_word' id='word_1_754' title='bbox 1280 5565 1349 5634; x_wconf 79' lang='grc' dir='ltr'>τῇ</span> <span class='ocrx_word' id='word_1_755' title='bbox 1422 5566 1667 5636; x_wconf 81' lang='grc' dir='ltr'>πατρικῇ</span> <span class='ocrx_word' id='word_1_756' title='bbox 1731 5582 1827 5618; x_wconf 89' lang='grc' dir='ltr'><strong>σου</strong></span> 
     </span>
    </p>
   </div>
   <div class='ocr_carea' id='block_1_112' title="bbox 318 5678 1863 5751">
    <p class='ocr_par' dir='ltr' id='par_1_112' title="bbox 318 5678 1863 5751">
     <span class='ocr_line' id='line_1_112' title="bbox 318 5678 1863 5751; baseline 0 -15"><span class='ocrx_word' id='word_1_757' title='bbox 318 5685 372 5720; x_wconf 77' lang='grc'><strong><em>⁸⁸</em></strong></span> <span class='ocrx_word' id='word_1_758' title='bbox 395 5684 412 5736; x_wconf 97' lang='grc' dir='ltr'><strong>Ι</strong></span> <span class='ocrx_word' id='word_1_759' title='bbox 436 5683 565 5739; x_wconf 88' lang='lat' dir='ltr'><strong>Cor.</strong></span> <span class='ocrx_word' id='word_1_760' title='bbox 589 5700 678 5749; x_wconf 82' lang='lat' dir='ltr'><strong>xv,</strong></span> <span class='ocrx_word' id='word_1_761' title='bbox 709 5684 782 5739; x_wconf 75' lang='lat'><strong>9.0</strong></span> <span class='ocrx_word' id='word_1_762' title='bbox 880 5680 1051 5738; x_wconf 75' lang='lat' dir='ltr'><strong>&quot;Job</strong></span> <span class='ocrx_word' id='word_1_763' title='bbox 1080 5698 1119 5751; x_wconf 82' lang='grc' dir='ltr'><strong>ι,</strong></span> <span class='ocrx_word' id='word_1_764' title='bbox 1151 5681 1243 5736; x_wconf 74' lang='grc'><strong>21.</strong></span> <span class='ocrx_word' id='word_1_765' title='bbox 1318 5681 1365 5713; x_wconf 74' lang='grc'><strong>³⁵</strong></span> <span class='ocrx_word' id='word_1_766' title='bbox 1393 5678 1541 5736; x_wconf 84' lang='lat' dir='ltr'><strong>Psal.</strong></span> <span class='ocrx_word' id='word_1_767' title='bbox 1579 5697 1738 5747; x_wconf 80' lang='lat' dir='ltr'><strong>xvni,</strong></span> <span class='ocrx_word' id='word_1_768' title='bbox 1773 5680 1863 5737; x_wconf 69' lang='lat'><strong>49.</strong></span> 
     </span>
    </p>
   </div>
   <div class='ocr_carea' id='block_1_113' title="bbox 2010 5567 3521 5644">
    <p class='ocr_par' dir='ltr' id='par_1_113' title="bbox 2010 5567 3521 5644">
     <span class='ocr_line' id='line_1_113' title="bbox 2010 5567 3521 5644; baseline 0.001 -20"><span class='ocrx_word' id='word_1_769' title='bbox 2010 5568 2169 5625; x_wconf 84' lang='lat' dir='ltr'><strong>Nunc</strong></span> <span class='ocrx_word' id='word_1_770' title='bbox 2220 5578 2529 5644; x_wconf 87' lang='lat' dir='ltr'><strong>opportuna</strong></span> <span class='ocrx_word' id='word_1_771' title='bbox 2596 5570 2873 5629; x_wconf 85' lang='lat' dir='ltr'><strong>scribendi</strong></span> <span class='ocrx_word' id='word_1_772' title='bbox 2930 5579 3172 5641; x_wconf 67' lang='lat' dir='ltr'><strong>paternae</strong></span> <span class='ocrx_word' id='word_1_773' title='bbox 3236 5567 3521 5626; x_wconf 83' lang='lat' dir='ltr'><strong>sanctitati</strong></span> 
     </span>
    </p>
   </div>
   <div class='ocr_carea' id='block_1_114' title="bbox 1762 5773 1995 5831">
    <p class='ocr_par' dir='ltr' id='par_1_114' title="bbox 1762 5773 1995 5831">
     <span class='ocr_line' id='line_1_114' title="bbox 1762 5773 1995 5831; baseline 0.017 -4"><span class='ocrx_word' id='word_1_774' title='bbox 1762 5773 1995 5831; x_wconf 68' lang='lat' dir='ltr'><strong>NOTAE.</strong></span> 
     </span>
    </p>
   </div>
   <div class='ocr_carea' id='block_1_115' title="bbox 323 5866 1030 5943">
    <p class='ocr_par' dir='ltr' id='par_1_115' title="bbox 323 5866 1030 5943">
     <span class='ocr_line' id='line_1_115' title="bbox 323 5866 1030 5943; baseline -0.006 -17"><span class='ocrx_word' id='word_1_775' title='bbox 323 5871 438 5943; x_wconf 71' lang='lat'><strong>(‘23)</strong></span> <span class='ocrx_word' id='word_1_776' title='bbox 463 5869 523 5927; x_wconf 78' lang='lat' dir='ltr'><strong>In</strong></span> <span class='ocrx_word' id='word_1_777' title='bbox 554 5869 675 5926; x_wconf 91' lang='lat' dir='ltr'><strong>cod.</strong></span> <span class='ocrx_word' id='word_1_778' title='bbox 702 5869 835 5941; x_wconf 78' lang='lat' dir='ltr'><strong>Reg.</strong></span> <span class='ocrx_word' id='word_1_779' title='bbox 896 5866 1030 5940; x_wconf 87' lang='grc' dir='ltr'>ρλθ’.</span> 
     </span>
    </p>
   </div>
  </div>
