4060 6374
542 389 679 458 1411

1737 397 1799 460 s.
1837 397 2233 464 THEODORI
2269 383 2622 462 swmm

3685 391 3828 458 1412

538 517 652 563 tuae
693 505 858 562 datur
904 506 1154 572 occasio,
1185 506 1492 579 postquam
1543 508 1618 565 ab
1672 511 1870 568 exsilio
1918 513 2123 570 reversi

2231 513 2540 584 ἁγιωσύνῃο
2595 510 2837 584 ὁπηνίκα
2905 469 3439 581 ἀνθυπεστρὲψαμεν
3478 503 3583 579 τῆς
3641 526 3826 577 φυγα-

537 615 757 656 sumus.
817 599 1104 670 Siquidem
1159 600 1419 657 incursus
1457 602 1701 657 Arabum
1756 617 1861 659 nos
1906 619 2129 675 quoque

539 692 779 748 humiles
823 709 950 749 cum
997 694 1125 750 aliis
1152 693 1442 764 permultis
1481 695 1712 764 ejiciens
1749 697 1818 751 ab
1860 696 2124 768 hospitio,

541 786 596 840 in
638 787 944 856 principem
986 786 1223 841 insulam
1277 797 1406 841 ante
1451 788 1645 842 urbem
1678 787 1883 858 abegit.
1926 789 1982 844 in
2018 807 2126 861 qua

538 881 744 950 quibus
775 881 1040 936 aerumnis
1061 879 1242 934 affecti
1267 878 1537 934 fuerimus
1567 882 1766 951 partim
1797 899 1827 936 a
1859 883 2128 954 profugo-

541 989 664 1028 rum
700 981 926 1043 urgente
954 986 1052 1026 nos
1080 972 1262 1038 turba,
1287 972 1488 1041 partim
1513 973 1582 1026 ab
1612 982 1748 1027 msltt
1780 983 1835 1028 et
1862 976 2024 1044 aquis
2059 973 2127 1029 ad

543 1075 734 1135 potum
803 1063 1032 1118 minime
1084 1063 1322 1130 idoneis,
1385 1064 1520 1134 quid
1575 1081 1716 1135 opus
1769 1076 1856 1122 est
1904 1067 2130 1121 dicere?

543 1155 737 1211 Postea
787 1171 938 1220 vero,
995 1164 1057 1210 ut
1101 1157 1227 1210 inde
1261 1156 1537 1226 progressi
1585 1173 1780 1212 sumus
1830 1155 1898 1211 ad
1950 1157 2126 1212 vicina

541 1247 881 1303 Clialcedoni
922 1249 1063 1311 loca,
1107 1248 1173 1301 ad
1209 1248 1312 1302 ista
1345 1249 1456 1301 duo
1494 1248 1748 1314 accessit,
1798 1258 1853 1302 et
1900 1248 2007 1302 hoc
2047 1248 2131 1302 al-

547 1347 748 1404 terum,
786 1339 933 1409 quod
983 1339 1038 1393 in
1091 1339 1478 1408 gravissimum
1527 1339 1825 1394 incidimus
1876 1340 2128 1394 morbum

544 1432 640 1502 qui
689 1432 954 1486 miserum
1011 1446 1216 1500 corpus
1270 1440 1521 1486 nostrum
1581 1441 1726 1486 totos
1770 1440 1979 1502 septem
2009 1432 2129 1488 dies

545 1539 730 1578 rerum
773 1523 1060 1577 doloribus
1100 1522 1292 1578 aﬁlixit
1325 1544 1338 1578 :
1373 1535 1540 1594 atque
1592 1535 1653 1578 ut
1707 1524 1876 1578 semel
1927 1525 2127 1590 dicam,

546 1615 706 1684 plane
738 1614 1082 1670 laboriosum
1120 1617 1223 1668 iter
1266 1624 1515 1669 nostrum
1556 1614 1681 1670 fuit.
1724 1616 1981 1670 Attamen
2024 1617 2128 1670 tria

545 1703 663 1758 haec
691 1704 881 1758 divino
923 1719 1149 1758 munere
1194 1704 1354 1759 nobis
1389 1705 1712 1774 obtigerunt
1744 1722 1758 1758 :
1789 1706 2028 1775 primum
2072 1713 2132 1760 ut

545 1794 925 1850 beatissimum
960 1794 1272 1864 pontiﬁcem
1319 1803 1568 1850 nostrum
1601 1795 1992 1860 salutaremus,
2042 1811 2131 1850 sa-

2228 604 2413 670 δείας·
2450 603 2688 676 ἐπείπερ
2741 605 2776 676 ή
2828 604 2938 658 τῶν
2996 601 3286 675 Ἀρῤἀϐων
3317 601 3510 672 ἔφοδος
3550 601 3651 654 σὺν
3693 599 3831 654 πολ-

2229 697 2340 762 λοῖς
2375 697 2557 762 ἄλλοις
2605 697 2702 752 καὶ
2733 698 2882 768 ἡμᾶς
2927 697 3055 760 τοῦς
3098 695 3392 758 ταπεινοὺς
3432 692 3668 765 μεθεῖσα
3725 697 3829 763 τῆς

2231 789 2436 857 ξενίας,
2464 789 2725 860 ἀπήγαγε
2776 789 2885 860 πρὸ
2919 787 3014 842 τοῦ
3039 788 3234 850 ἄστεος
3289 788 3350 840 ἑν
3405 789 3474 858 τῇ
3525 785 3832 856 Πριγκίπῳ

2231 885 2400 953 νήσῳ.
2462 875 2618 957 Ἐνῇ
2663 882 2788 935 ὅσον
2843 880 3410 951 ἑταλαιπωρήσαμεν,
3466 879 3578 933 ἀπό
3631 895 3693 931 τε
3727 872 3826 930 τοῦ

2231 973 2548 1045 συνέχοντος
2579 973 2728 1043 ἡμᾶς
2777 970 3182 1042 φυγαδευτικοῦ
3225 969 3359 1024 λαοῦ
3391 980 3406 998 ⁵
3452 967 3548 1022 τοῦ
3578 985 3641 1022 τε
3694 961 3832 1021 καύ-

2233 1083 2430 1132 σωνος,
2459 1063 2694 1120 καὶτῶν
2753 1063 3038 1117 δυσπότων
3086 1062 3322 1124 ὑδάτων,
3359 1059 3412 1114 τί
3459 1060 3544 1113 δεῖ
3589 1059 3689 1113 καὶ
3738 1058 3831 1111 λέ-

2230 1176 2382 1229 γειν;
2419 1155 2556 1213 Εἶτα
2585 1157 2778 1229 ἐπειδὴ
2814 1155 3140 1228 προῦόημεν
3196 1153 3486 1226 ἐγγυτέρω
3532 1153 3680 1206 κατά
3726 1152 3832 1222 τὴν

2230 1251 2572 1321 Χαλκηδόνα,
2610 1251 2729 1305 ἑκεῖ
2777 1253 2892 1303 τοῖν
2936 1250 3083 1303 δυοῖν
3123 1246 3383 1318 θάτερονο
3435 1247 3831 1314 κατεπέσαμεν

2233 1347 2291 1400 ἑν
2322 1344 2578 1416 ἀσθενείᾳ
2605 1343 2872 1414 δυσοίστῳ
2898 1343 3236 1415 νεφριτικοῖς
3271 1340 3459 1405 πόνοις
3481 1339 3830 1413 παιδευοὸσῃ

2231 1437 2388 1508 ἡμῶν
2413 1439 2511 1508 τὴν
2544 1435 2782 1502 ἐλεεινὴν
2813 1436 2993 1506 σάρκα
3027 1435 3226 1505 μέχρις
3254 1431 3648 1502 ἑϐδοματιαίου
3677 1431 3826 1502 χρό-

2231 1546 2353 1582 νου·
2380 1529 2479 1583 καὶ
2512 1527 2708 1592 ἁπλῶς
2753 1528 2954 1592 εἰπεῖν,
2987 1525 3382 1597 ἀργαλεωτὲρα
3412 1523 3573 1596 ήμῶν
3615 1525 3652 1594 ἡ
3705 1522 3827 1586 (ﬁ);

2233 1622 2500 1690 ἐγεγόνει.
2535 1620 2731 1690 Ὅμως
2767 1618 2896 1691 τρία
2948 1618 3126 1672 ταῦτα
3155 1617 3387 1686 γέγονεν
3430 1617 3563 1687 ἡμῖν
3604 1614 3830 1670 ἑπιτεύο

2231 1731 2423 1785 γματα
2448 1713 2592 1768 Θεοῦ
2632 1713 2820 1784 χάριτι
2837 1727 2853 1743 ⁶
2885 1712 2979 1766 τόν
3004 1728 3066 1766 τε
3095 1709 3518 1783 μακαριώτατον
3543 1708 3705 1780 ἡμῶν
3723 1711 3827 1782 ἀρε

2232 1806 2421 1879 χιερὲα
2467 1807 2848 1878 προσκυνῆσαι
2889 1802 3287 1875 κομισαμένοις
3328 1803 3430 1866 τὰς
3469 1802 3625 1872 ἱερὰς
3658 1817 3827 1872 προσο

545 1885 660 1938 cris
693 1883 813 1952 ejus
855 1885 1114 1953 precibus
1141 1884 1422 1951 fruentes;
1451 1885 1649 1941 deinde
1676 1887 1777 1942 bos
1803 1899 1965 1956 atque
2003 1886 2127 1941 illos

2231 1899 2395 1968 ευχάς
2422 1899 2618 1952 αὑτοῦ·
2680 1897 2877 1950 ἔπειτα
2910 1893 3102 1950 τούσδε
3137 1894 3236 1948 καὶ
3274 1893 3464 1948 τούσδε
3502 1893 3614 1946 τῶν
3658 1893 3824 1963 ιερῶν

544 1993 734 2032 sacros
763 1978 952 2032 Patres
988 1993 1053 2032 ac
1080 1977 1314 2045 fratres;
1362 1994 1427 2033 ac
1459 1980 1642 2045 tertio,
1688 1988 1746 2033 ut
1783 1979 2124 2050 obiectiones

543 2082 600 2127 ct
665 2073 1092 2128 criminationes
1156 2071 1255 2126 Dei
1313 2071 1693 2127 misericordia
1750 2072 2123 2142 diluerentur,

543 2179 685 2234 quas
725 2171 917 2218 contra
969 2179 1094 2226 nos,
1141 2164 1332 2218 nescio
1384 2164 1552 2226 unde,
1599 2163 1944 2219 suscitarunt
1975 2164 2128 2236 pacis

544 2257 796 2326 opiﬁces.
851 2256 1247 2312 Scbismaticos
1305 2272 1406 2311 nos
1455 2265 1614 2311 antea
1663 2257 2054 2327 depinxerunt,
2095 2273 2126 2313 a

543 2349 712 2403 divini
744 2349 1026 2418 pontiﬁcis
1057 2350 1231 2403 nostri
1281 2349 1564 2403 consortio
1608 2363 1838 2404 aversos
1866 2365 1882 2404 :
1915 2351 2127 2419 privata

543 2442 870 2496 auctoritate
926 2455 1056 2495 usos
1085 2439 1257 2496 fuisse
1302 2439 1645 2494 allirmarunt
1686 2441 1742 2494 in
1775 2456 1964 2496 eorum
2011 2455 2129 2512 pm-

541 2535 670 2596 nis,
730 2532 823 2602 qni
874 2531 1145 2586 barretica:
1206 2531 1586 2584 communioni
1645 2531 2130 2586 adhaeseruntzet

540 2627 649 2682 alia
690 2626 858 2680 multa
887 2641 1009 2702 qu:c_
1053 2625 1281 2695 epistola
1315 2625 1598 2680 includere
1626 2625 1903 2681 diﬁicilius
1940 2635 2046 2680 est.

617 2719 822 2774 Verum
860 2719 926 2772 ad
971 2717 1210 2787 singula,
1260 2725 1320 2771 ut
1347 2717 1609 2780 diximus,
1648 2719 1855 2772 auxilio
1895 2733 2124 2788 precum

544 2822 766 2866 tuarum
803 2810 1055 2880 apposite
1097 2809 1515 2879 respondentes.
1538 2819 1594 2864 et
1626 2823 1750 2863 cum
1790 2824 1954 2866 sacro
1990 2824 2129 2880 pon-

548 2905 692 2961 tiﬁce
728 2917 918 2960 nostro
951 2907 1365 2960 communicare
1393 2921 1494 2960 nos
1524 2905 1891 2970 ostendimus,
1930 2904 2025 2974 qui
2070 2912 2126 2959 et

545 3013 761 3052 summa
795 2997 1140 3051 humanitate
1167 3011 1270 3050 nos
1293 2996 1530 3065 excepit,
1563 3005 1617 3050 et
1645 3005 1895 3051 amanter
1923 3005 2128 3050 tracta-

546 3091 714 3144 vitet
751 3088 984 3153 dimisit,
1034 3088 1184 3142 nulla
1230 3089 1510 3142 mentione
1558 3086 1700 3142 facta
1749 3103 1965 3152 eorum,
2006 3103 2130 3156 qua:

549 3197 649 3252 per
673 3182 859 3236 dolum
891 3181 1126 3236 conﬁcta
1153 3180 1391 3236 fuerant.
1425 3179 1738 3248 Quinetiam
1763 3196 1889 3235 cum
1920 3180 2128 3235 mentio
2152 3218 2198 3282 Ο

544 3275 701 3329 ﬁeret
751 3275 820 3329 de
869 3271 1103 3328 Domino
1147 3273 1307 3328 beato
1357 3273 1590 3329 Tarasio
1637 3275 1787 3344 (nam
1842 3282 1896 3328 ct
1939 3274 2008 3328 ab
2062 3288 2128 3328 eo

549 3368 829 3431 dixerant,
863 3365 1084 3419 Patrum
1111 3365 1320 3419 scilicet
1345 3373 1640 3430 amatores,
1673 3381 1773 3419 nos
1805 3363 2128 3432 descivisse,

545 3468 604 3513 et
639 3459 940 3514 secundam
983 3457 1039 3510 in
1078 3455 1256 3512 Nicaea
1288 3469 1539 3512 sanctam
1574 3457 1870 3527 synodum,
1902 3455 2128 3512 localem

547 3552 868 3619 appellare),
898 3564 998 3605 nos
1019 3565 1156 3606 vero
1185 3550 1544 3621 probavimus
1563 3559 1618 3603 et
1646 3548 1799 3603 illum
1835 3550 1888 3604 in
1921 3549 2130 3606 sanctis

546 3644 811 3700 Pati-ibus
864 3643 1091 3707 habere,
1136 3651 1192 3698 et
1240 3643 1510 3715 synodum
1557 3643 1743 3697 verbis
1797 3643 2132 3714 scriptisque

547 3736 949 3790 (ecnmenicam
981 3735 1228 3791 conﬁteri
1261 3754 1276 3790 :
1313 3736 1440 3791 licet
1489 3735 1700 3804 uspiam
1739 3735 2036 3806 aliquando
2076 3744 2134 3792 et

545 3828 735 3897 aliquo
776 3829 940 3882 modo
979 3837 1035 3882 et
1061 3827 1393 3898 quibusdam
1447 3827 1608 3883 aliter
1657 3829 2128 3900 responderimus.

547 3922 684 3988 Quae
716 3921 939 3991 quidem
986 3933 1096 3976 non
1143 3929 1382 3992 oportet,
1431 3921 1578 3976 sicut
1606 3937 1711 3977 nec
1761 3937 1825 3977 ca
1852 3939 1974 3992 quae
2012 3935 2129 3978 tum

549 4015 711 4069 aliter
741 4021 863 4068 acta
891 4012 1138 4080 fuerunt,
1172 4029 1322 4069 nunc
1351 4014 1631 4082 inquirere
1656 4023 1712 4071 et
1746 4015 2030 4070 refricare.
2071 4013 2132 4072 Id

547 4108 696 4162 enim
736 4108 1010 4164 tumultus
1043 4122 1268 4170 causam
1309 4107 1535 4178 prabet,
1567 4123 1670 4164 nec
1697 4108 2127 4164 emolumentum

548 4198 722 4253 ullum
758 4199 936 4261 ali'ert,
971 4197 1065 4254 sed
1101 4199 1491 4254 altercationes
1519 4199 1704 4269 potius
1737 4209 1791 4254 et
1821 4200 2130 4256 oﬁ‘endicu-

548 4293 663 4348 lum
697 4293 964 4348 Ecclesiae
995 4291 1110 4347 Dei.
1148 4290 1264 4347 Hoc
1289 4303 1346 4349 et
1373 4294 1470 4348 illo
1509 4294 1672 4349 modo
1709 4294 1764 4348 bi
1803 4304 1860 4350 et
1884 4295 1961 4349 illi
1992 4293 2132 4350 scri-

548 4398 783 4458 pserunt
836 4401 900 4440 ac
942 4395 1224 4455 egerunt:
1256 4386 1459 4457 singuli
1511 4402 1570 4441 se
1615 4385 1898 4441 veritatem
1944 4396 2132 4444 tenere

547 4478 901 4532 arbitrantes.
946 4475 1130 4531 Multis
1176 4477 1360 4544 annis,
1400 4486 1460 4532 ut
1512 4477 1681 4544 nosti,
1728 4479 2128 4546 amantissime,

2230 1993 2490 2064 Πατέρων
2512 1991 2609 2046 καὶ
2632 1990 2877 2060 ἀδελφῶν
2903 2005 2919 2022 ⁶
2943 1988 3042 2045 καὶ
3070 1988 3277 2058 τρίτον,
3303 1989 3365 2042 τὸ
3395 1987 3653 2044 διαλῦσαι
3679 1987 3821 2042 ἐλέει

2228 2085 2363 2156 Θερῦ
2389 2085 2487 2149 τὰς
2522 2087 2808 2148 ἐνστάσεις
2859 2083 2956 2137 καὶ
2999 2081 3524 2154 άντιπαραστάσεις,
3579 2079 3649 2144 ἃς
3695 2080 3822 2134 καθ’

2228 2179 2391 2249 ἡμῶν
2419 2178 2519 2231 οὐκ
2544 2171 2643 2231 οἷδ’
2669 2175 2795 2230 ὅθεν
2837 2173 3057 2247 ἀνῆψαν
3085 2176 3134 2229 oi
3158 2174 3261 2244 τῆς
3282 2175 3513 2246 εἰρήνης
3551 2173 3821 2245 δημιουρ-

2230 2268 2318 2339 γοί
2336 2285 2351 2301 ο
2378 2267 2775 2339 σχισματικοὺς
2805 2267 2957 2338 ἡμᾶς
2986 2264 3576 2337 προανεζωγράφησαν
3605 2265 3706 2334 τῆς
3729 2263 3824 2318 τοῦ

2232 2361 2520 2417 θεσπεσίου
2567 2360 2727 2432 ήμῶν
2770 2359 3080 2433 ἀρχιερέως
3122 2358 3453 2428 συναφείαςο
3520 2359 3825 2428 ίδιονόμους

2227 2455 2578 2527 ἀπεφήναντο
2602 2455 2662 2507 ἑν
2701 2455 2824 2518 ταῖς
2869 2454 3183 2527 ἑπιτιμίαις
3237 2452 3348 2506 τῶν
3397 2452 3730 2506 ἑαλωκότων
3755 2455 3822 2524 τῇ

2228 2547 2482 2618 αίρετικῇ
2516 2545 2795 2617 κοινωνίᾳ.

2305 2723 2480 2778 Ἀλλα
2530 2722 2668 2778 ἄττα
2723 2721 3128 2796 ἐργωδέστερον
3174 2723 3254 2795 τῷ
3287 2723 3582 2794 γράμματι
3631 2723 3826 2776 ἑπικυο

2229 2816 2399 2870 κλεῖν.
2460 2816 2629 2886 Πλὴν,
2671 2813 2746 2880 ὡς
2800 2814 3154 2887 προείρηται,
3202 2816 3394 2886 εὐχαῖς
3442 2833 3538 2870 σου
3588 2815 3728 2886 πρὸς
3767 2814 3825 2867 ἑν

2229 2909 2462 2962 ἑκαστον
2518 2908 2934 2978 ἀπαντήσαντες
2989 2907 3334 2972 εὐθυϐόλως,
3383 2908 3482 2962 καὶ⁹
3530 2907 3630 2962 τοῦ
3673 2907 3822 2978 ἱεροῦ

2227 2999 2390 3070 ἡμῶν
2407 2999 2749 3070 πατριάρχου
2778 3003 3088 3053 κοινωνικοὶ
3109 2994 3251 3053 εἷναι
3272 2999 3732 3070 ἀποδεδείχαμεν·
3763 2999 3824 3065 ὃς

2229 3092 2327 3146 καὶ
2354 3091 2492 3162 μετὰ
2522 3089 2974 3163 ὑπερϐαλλούσης
3003 3089 3472 3160 συγκαταὸἀσεως
3496 3092 3596 3145 καὶ
3631 3089 3824 3156 ἐδέξα-

2228 3201 2292 3238 το
2326 3185 2422 3238 καὶ
2460 3183 2950 3256 ἐφιλοφρονήσατο,
2999 3183 3098 3236 καὶ
3145 3182 3468 3236 ἀπέστειλεν
3514 3183 3701 3252 ἡμᾶς’
3749 3184 3822 3253 μή

2235 3294 2383 3339 τινος
2403 3275 2566 3346 λόγου
2597 3276 2704 3329 τῶν
2738 3274 3199 3345 σκαιωρηθέντων
3224 3277 3431 3346 ἑπιμνη
3441 3275 3820 3346 ματισθὲντος⁴

2235 3367 2297 3422 οὐ
2321 3369 2430 3439 μὴν
2453 3366 2590 3421 ἀλλά
2609 3366 2825 3420 καὶτοῦ
2869 3366 3063 3438 κυρίου
3092 3367 3370 3438 Ταρασίου
3411 3368 3508 3421 καὶ
3547 3367 3606 3419 ἑν
3644 3368 3825 3435 ἁγίοις

2240 3458 2750 3534 μνημονευομένουο
2787 3457 2997 3528 ἑφασαν
3024 3457 3132 3530 γὰρ
3170 3460 3222 3512 οί
3252 3456 3417 3529 δῆθεν
3455 3456 3823 3529 φιλοπάτορες

2236 3554 2331 3608 καὶ
2357 3551 2551 3606 τούτου
2570 3552 2721 3622 ἡμᾶς
2735 3549 3059 3621 διεσχίσθαι,
3089 3551 3187 3605 καὶ
3217 3551 3322 3622 τήν
3351 3568 3416 3620 γε
3443 3553 3503 3605 ἑν
3533 3552 3584 3605 Ν
3590 3553 3745 3622 ικαίᾳ
3761 3550 3823 3606 re

2235 3646 2485 3716 δεύτερον
2505 3645 2669 3716 ἁγίαν
2703 3644 2921 3698 σύνοδον
2943 3644 3181 3715 τοπικὴν
3196 3644 3495 3698 ἀποκαλεῖν
3519 3661 3537 3678 ο
3565 3645 3733 3714 ἡμεῖς
3763 3643 3822 3698 δι

2238 3737 2689 3811 συνεστησάμεθα
2705 3739 2956 3802 ἑαυτοὺς,
2970 3736 3067 3791 καὶ
3085 3736 3249 3790 αὑτὸν
3264 3737 3323 3790 ἑν
3346 3736 3630 3808 Πατράσιν
3647 3737 3824 3804 ἁγίοις

2236 3831 2419 3903 ἔχειν·
2442 3831 2538 3885 καὶ
2565 3831 2666 3900 τήν
2718 3845 2784 3898 γε
2822 3827 3044 3881 σύνοδον
3085 3827 3477 3898 οίκουμενικὴν
3530 3827 3817 3898 ὁμολογεῖν

2225 3924 2527 3994 ὶἐγγράφως
2553 3922 2724 3975 τεκαὶ
2745 3921 3042 3992 ἀγράφωςο
3073 3921 3122 3972 εί
3151 3919 3247 3973 καί
3275 3936 3400 3984 που,
3432 3919 3526 3972 καί
3557 3918 3820 3984 ποτε,καί

2235 4033 2356 4080 πως
2375 4015 2468 4068 καί
2493 4031 2635 4067 τισιν
2667 4012 3052 4083 ἀπεκρίθημεν
3074 4010 3301 4081 ἑτέρως.
3339 4011 3407 4064 Ἀ
3435 4010 3498 4063 οὐ
3530 4009 3614 4063 δεῖ
3633 4009 3819 4082 ὥσπερ

2236 4109 2333 4162 καὶ
2366 4108 2437 4161 τά
2467 4104 2772 4178 τηνικαῦτα
2826 4105 3034 4173 ἑτέρως
3073 4103 3448 4175 πεπραγμένα
3478 4101 3576 4155 νῦν
3620 4102 3820 4172 ἀναζη-

2235 4203 2348 4255 τεῖν
2378 4200 2476 4255 καὶ
2511 4199 2855 4266 ἀναξαίνιιιν⁸
2895 4196 3015 4250 ἑστι
3052 4195 3162 4268 γὰρ
3209 4197 3457 4266 ταραχῆς
3485 4195 3686 4256 αἴτιον,
3725 4193 3816 4246 καὶ

2235 4291 2386 4346 οὐδὲν
2410 4289 2595 4358 ὄνησιν
2640 4287 2806 4359 φέρον
2825 4302 2839 4316 ·
2866 4285 2901 4358 ἢ
2937 4285 3137 4357 μᾶλλον
3159 4283 3495 4354 λογομαχίαν
3539 4286 3635 4338 κα¹ι
3658 4301 3819 4354 προσ·

2236 4382 2416 4453 κοπὴν
2456 4384 2524 4452 τῇ
2561 4377 2865 4450 Ἐκκλησία
2918 4378 3014 4431 τοῦ
3067 4376 3242 4431 Θεοῦο
3281 4375 3455 4441 οὕτως
3493 4377 3592 4431 καὶ
3616 4377 3815 4446 ρῦτως,

2235 4474 2344 4530 οἵδε
2368 4475 2460 4529 καὶ
2493 4472 2625 4538 οἵδε,
2651 4470 2920 4544 ἔγραψαν,
2952 4469 3214 4541 ἔδρασαν,
3266 4469 3490 4523 ἕκαστοι
3522 4470 3584 4522 τὸ
3622 4469 3817 4540 ἀληθὲς

547 4578 835 4640 peractum
877 4567 1003 4633 fuit,
1053 4567 1202 4638 quod
1256 4567 1308 4622 in
1368 4584 1465 4624 ore
1518 4585 1667 4624 nunc
1723 4579 1809 4625 est
1859 4573 2129 4640 omnium,

2236 4565 2380 4637 ἔχειν
2413 4565 2671 4634 οἰόμενοι.
2693 4564 2942 4633 Μακροῖς
2962 4562 3164 4627 ἑτεσιν,
3181 4561 3257 4625 ὡς
3294 4557 3473 4625 οἷσθα,
3499 4560 3816 4632 τριπόθητε,

546 4664 809 4731 quodque
839 4661 1045 4715 Orienti
1074 4669 1240 4730 atque
1259 4658 1546 4717 Occidenti
1574 4661 1814 4717 innotuit
1835 4679 1955 4733 quia
1980 4674 2134 4734 gesta

544 4762 602 4809 et
632 4755 840 4823 scripta
889 4761 1021 4808 sunt
1051 4762 1302 4808 evertere
1330 4763 1526 4808 neutra
1565 4769 1694 4824 pars
1733 4766 1934 4825 potest.
1977 4755 2135 4814 Nunc

546 4856 767 4915 tempus
798 4855 884 4900 est
919 4845 1254 4907 concordiae,
1283 4860 1434 4900 nunc
1482 4853 1701 4916 tempus
1747 4847 1798 4900 in
1837 4862 2134 4906 commune

549 4937 890 4993 decertandi.
922 4939 1124 4993 Eorum
1146 4937 1242 5008 qui
1269 4937 1404 5008 quid
1426 4939 1721 5009 scripsere,
1746 4951 2127 5008 monumenta,

547 5031 595 5087 si
630 5031 853 5100 quidem
893 5041 1038 5087 recte
1067 5034 1272 5087 habere
1299 5032 1537 5102 posteris
1559 5032 1913 5101 videbuntur,
1961 5045 2130 5091 erunt

545 5122 710 5177 laude
741 5121 903 5192 digna
939 5140 954 5176 :
989 5123 1074 5177 sin
1104 5123 1310 5190 minus,
1343 5139 1527 5180 secus.
1559 5123 1762 5180 Fidelis
1791 5141 1993 5194 sermo,
2024 5142 2130 5185 nec

543 5214 696 5270 aliud
726 5214 830 5268 hac
858 5213 925 5268 de
943 5229 1002 5268 re
1027 5215 1211 5271 dicere
1240 5215 1392 5279 libet,
1423 5231 1602 5288 neque
1629 5217 1685 5272 in
1719 5233 1986 5288 praesens,
2024 5236 2125 5278 ne-

543 5322 654 5378 que
683 5305 736 5360 in
773 5313 1077 5377 posterum.
1108 5307 1176 5360 Et
1207 5307 1479 5374 ostendet,
1525 5308 1724 5379 inquit,
1761 5310 1880 5366 dies
1918 5313 2130 5369 revela-

542 5398 738 5464 tionis,
785 5407 840 5453 et
886 5397 1230 5454 novissimus
1275 5399 1422 5470 ignis
1463 5415 1577 5471 quo
1615 5400 1940 5471 iudicantur
1970 5402 2126 5470 iacta

543 5500 737 5548 nostra
770 5497 836 5546 ‘et
871 5499 1177 5562 purgantur
1196 5493 1265 5546 ".
1306 5491 1433 5548 Haec
1465 5493 1668 5562 partim
1701 5494 1956 5565 'quidem,
1999 5504 2124 5550 tan-

542 5597 708 5654 quam
733 5583 1000 5638 un'animo
1022 5584 1163 5653 patri
1193 5591 1247 5638 et
1267 5583 1420 5650 pacis
1445 5585 1658 5639 auctori
1682 5599 1698 5650 ;
1728 5585 1930 5656 partim
1952 5586 2118 5642 etiam

543 5676 675 5746 quia
727 5674 937 5731 doloris
988 5675 1439 5733 commemoratio
1490 5675 1750 5733 solatium
1803 5676 2122 5735 dolentibus

540 5766 740 5822 aﬂerre
777 5767 1083 5834 consuevit,
1141 5769 1455 5828 necessario
1506 5785 1538 5826 a
1584 5784 1671 5827 me
1710 5768 1917 5842 scripta
1971 5781 2120 5829 sunt.

615 5880 664 5913 ⁸⁸
692 5877 952 5938 “Thess.
989 5896 1030 5948 ι,
1063 5881 1114 5947 7,
1152 5881 1205 5938 8.

2232 4660 2295 4714 τὸ
2327 4657 2726 4730 θρυλλούμενον
2782 4654 3185 4727 κατεπράχθη,
3229 4656 3490 4727 Ἀνατολῇ
3529 4657 3627 4711 καὶ
3657 4656 3816 4710 Δὺσει

2228 4749 2509 4822 γνώριμον
2535 4748 2873 4819 γενόμενονξο
2914 4747 2986 4802 τὰ
3015 4748 3386 4819 πεπραγμένα
3435 4750 3532 4801 κα)⁵
3565 4765 3817 4820 γεγραμ-

2233 4843 2391 4915 μένα,
2426 4841 2542 4895 οὗθ’
2577 4841 2768 4912 ἕτερον
2803 4839 2975 4912 μέρος
3022 4840 3355 4911 ἀνατρέπειν
3400 4832 3519 4894 οἶόν
3560 4857 3625 4894 τε
3674 4843 3810 4894 ἑστι.

2228 4933 2344 4988 Νῦν
2379 4932 2570 5004 καιρὸς
2599 4929 2877 5001 ὁμονοίας,
2927 4927 3024 4982 νῦν
3077 4929 3269 5002 καιρὸς
3301 4929 3721 5000 συναθλήσεως’
3751 4929 3813 4983 τὰ

2234 5023 2721 5094 ἑγκαταλείμματα
2731 5021 2825 5075 τοῦ
2843 5021 3209 5094 γεγραφότος,
3228 5025 3278 5076 εἰ
3303 5023 3403 5095 μὲν
3426 5022 3488 5078 εῦ
3505 5023 3654 5089 ’ἐξειν
3678 5023 3818 5077 δοκεῖ

2233 5120 2347 5181 τοῖς
2386 5116 2686 5187 μετέπειτα
2709 5113 2937 5167 ἐπαίνου
2954 5115 3139 5168 ἑνδικα
3159 5131 3173 5146 ·
3197 5115 3247 5167 εί
3263 5113 3323 5167 δὲ
3356 5115 3455 5186 μὴ,
3478 5115 3810 5168 τούναντίον.

2232 5212 2430 5276 Πιστὸς
2453 5211 2484 5264 ὁ
2515 5209 2693 5279 λόγος,
2723 5209 2820 5262 καὶ
2850 5207 2982 5280 περὶ
3005 5208 3201 5262 τούτου
3221 5208 3406 5277 λέγειν
3441 5207 3574 5263 ἄλλο
3598 5211 3662 5262 οὐ
3685 5208 3809 5280 βου-

2229 5303 2466 5375 λόμεθαο
2497 5300 2623 5355 οὔτε
2647 5299 2764 5366 νῦν,
2790 5297 2917 5352 οὔτε
2942 5300 3080 5372 πρὸς
3109 5299 3171 5354 τὸ
3211 5300 3360 5372 ἑξῆς.
3395 5300 3508 5356 Καὶ
3542 5301 3808 5371 δηλώσει,

2229 5396 2416 5466 φησιν,
2454 5393 2616 5464 ὴτῆς
2655 5391 3056 5462 ἀποκαλύψεως
3097 5392 3318 5464 ήμὲρα,
3365 5393 3464 5446 καὶ
3515 5392 3578 5446 τὸ
3625 5393 3812 5445 τελευ-

2226 5491 2376 5544 ταῖον
2403 5485 2535 5558 πῦρ,
2557 5479 2602 5554 ᾧ
2625 5485 2867 5558 κρίνεται
2898 5487 2995 5538 καὶ
3033 5485 3357 5556 καθαίρεται
3411 5484 3482 5538 τὰ
3540 5484 3806 5555 ἡμέτερα.

2233 5580 2419 5634 Ταῦτα
2437 5577 2574 5649 ὁμοῦ
2603 5580 2703 5650 μὲν
2733 5577 2810 5642 ὡς
2836 5578 3010 5648 Πατρὶ
3042 5577 3317 5650 συμψύχῳ
3340 5578 3437 5632 καὶ
3471 5577 3804 5650 είρηνάρχῳ·

2230 5671 2367 5744 ὁμοῦ
2395 5671 2453 5726 δὲ
2487 5671 2583 5726 καὶ
2627 5670 2710 5736 είς
2743 5670 2806 5724 τὸ
2849 5669 3088 5735 ἐξειπεῖν
3129 5671 3200 5725 τὰ
3235 5671 3480 5744 λυπηρά.
3516 5670 3804 5744 ῥᾳστώνην

2228 5765 2337 5824 οἶδε
2391 5766 2580 5840 φέρειν
2617 5766 2678 5820 ἑν
2733 5767 2848 5831 τοῖς
2901 5765 3305 5840 ὀδυνωμένοις,
3352 5767 3668 5835 ἀναγκαίως
3715 5765 3803 5835 γί·
