4060 6374
240 384 379 451 1413
1429 390 1843 454 EPISTOLAR

1944 392 1970 453 Ι
2030 389 2179 452 LIB.
2230 391 2311 452 II.
3365 382 3502 451 1416

230 515 503 569 γραπται.
555 498 620 555 Ei
654 497 712 553 δὲ
753 498 1143 573 παρακληθεὶς
1180 494 1355 574 ὀφθῇς
1390 504 1526 574 ἡμῖν
1568 508 1686 570 τοῖς
1725 523 1821 560 τα·

1944 505 2082 574 )uod
2123 505 2170 562 si
2204 504 2614 561 consolatorem
2638 513 2696 561 te
2725 502 2889 560 nobis
2922 503 3222 560 humilibus
3254 504 3504 574 praebue-

234 587 463 653 πεινοῖς,
513 586 685 641 κόπον
745 587 968 658 ἀγάπης
1019 586 1569 660 ἀναλαμϐανόμενος,
1597 591 1823 655 πάντως

1944 599 2030 666 ris,
2069 597 2357 655 charitatis
2406 598 2653 654 laborem
2708 595 3055 668 suscipiens;
3096 595 3324 652 omnino
3376 606 3503 654 tuos

236 678 401 744 ἰδίους
450 680 599 751 ἡμᾶς
646 681 936 752 ποιήσειας
987 680 1118 752 περὶ
1162 681 1362 737 πάντα.
1414 682 1477 735 Οί
1529 682 1626 736 σὺν
1685 684 1823 753 ἡμῖν

1944 707 2032 747 tos
2063 690 2264 747 reddes
2297 690 2352 746 in
2402 680 2687 747 omnibus.
2719 689 2828 759 Qui
2874 691 3169 746 nobiscum
3216 699 3348 746 sunt
3375 706 3505 746 sau-

236 772 710 845 προσαγορεύουσι
741 774 972 826 πλεῖστα
1003 770 1103 844 τὴν
1153 771 1472 845 ἁγιωσύνην
1521 791 1639 828 σου.
1676 775 1823 839 Τοὺς

1944 784 2175 840 :titatem
2207 792 2357 839 tuam
2398 784 2697 854 plurimum
2735 785 2977 840 salutant
3008 802 3022 838 :
3055 799 3152 839 eos
3193 785 3285 854 qui
3325 794 3505 841 tecum

236 868 336 919 σὺν
362 865 445 918 σοὶ
471 865 570 919 καὶ
601 866 763 938 ἡμεῖς
797 862 1026 917 πλεῖστα
1066 864 1596 938 προσφθεγγόμεθα,
1642 883 1822 922 πανα-

1944 882 2064 930 ιιιοι
2088 873 2394 932 salutamus
2425 883 2482 931 et
2509 890 2614 932 nos
2643 875 2971 945 plurimum,
3004 875 3373 932 sanctissime.

232 973 493 1026 γιωτατε.

487 1072 646 1129 PKH’
669 1072 804 1147 (24).
835 1073 1031 1144 Μαρία
1058 1074 1544 1144 παρθενευούσῃ.
1621 1073 1813 1149 [χος’.]

2095 1073 2383 1132 CXXVIII.
2406 1105 2479 1118 —
2509 1075 2703 1132 Maria:
2733 1077 3091 1146 uirginitatem
3128 1075 3340 1132 colenti.

1533 1191 1612 1243 De
1639 1191 1870 1269 laudibus
1894 1190 2214 1257 virginitatis.

324 1294 550 1368 Ἐπειδὴ
594 1294 694 1350 καλ⁵
743 1294 893 1360 ἅπαξ
945 1296 1042 1350 καὶ
1088 1295 1171 1362 δὶς
1222 1298 1529 1365 ἀποστολὰς
1590 1298 1831 1370 ἐφθάσα-

2003 1296 2282 1366 Quoniam
2324 1299 2496 1355 semel
2524 1298 2833 1372 iterumque
2855 1315 2886 1355 a
2912 1299 3219 1355 reverentia
3251 1307 3344 1354 tua
3362 1308 3515 1354 ‘nun-

246 1405 350 1461 μεν
384 1388 536 1460 παρὰ
563 1387 662 1459 τῆς
685 1387 1010 1458 τιμιότητός
1047 1405 1141 1443 σου
1190 1389 1477 1457 δέξασθαι,
1526 1390 1830 1458 ἀναγκαῖον

1944 1390 2040 1447 tias
2086 1392 2427 1463 accepimus,
2476 1392 2851 1449 necessarium
2891 1391 3151 1447 duximus
3194 1407 3303 1447 non
3349 1393 3516 1447 nudis

244 1481 545 1555 ἐκρίναμεν
581 1479 657 1552 μὴ
690 1481 854 1552 μόνον
898 1480 1029 1553 ψιλῇ
1074 1484 1402 1555 προσρήσει,
1436 1483 1576 1538 ἀλλά
1604 1485 1699 1538 καὶ
1742 1482 1832 1537 διά

1944 1482 2115 1537 solum
2154 1484 2363 1549 verbis,
2411 1484 2509 1539 sed
2538 1484 2702 1538 etiam
2753 1484 2953 1539 litteris
2990 1482 3144 1538 aﬂ‘ari
3189 1484 3513 1554 gravitatem

243 1575 584 1646 γράμματος
616 1571 1062 1644 προσαγορεύσαι
1090 1572 1193 1645 τὴν
1230 1574 1674 1646 σεμνοπρέπειάν
1709 1588 1826 1626 σου·

1944 1582 2083 1629 tuam
2119 1592 2134 1629 :
2169 1590 2348 1645 neque
2378 1576 2486 1630 hoc
2518 1585 2625 1631 tam
2659 1585 2883 1647 propter
2905 1577 3154 1642 nuntias,
3186 1590 3351 1646 quam
3385 1591 3516 1647 pro-

245 1669 345 1722 καὶ
373 1668 434 1721 ού
464 1664 721 1721 τοσοῦτον
776 1665 865 1720 διά
903 1666 1006 1731 τὰς
1037 1665 1377 1731 ἀποστολὰς,
1424 1667 1549 1721 ὅσον
1592 1664 1683 1719 διὰ
1729 1662 1831 1736 τὴν

1944 1674 2054 1736 pter
2102 1665 2583 1722 honoriﬁcentiam
2638 1676 2810 1722 tuam.
2862 1667 3191 1723 Audivimus
3240 1669 3387 1723 enim
3440 1678 3514 1735 te,

249 1756 564 1829 σεμνότητά
594 1772 711 1813 σου.
747 1756 1116 1827 Μανθάνομεν
1144 1757 1255 1830 γὰρ
1288 1758 1372 1811 ὅτι
1400 1757 1494 1811 τὸν
1540 1758 1599 1810 ὲν
1626 1754 1837 1826 παρθε-

1944 1767 2188 1829 suscepta
2214 1757 2553 1827 virginitatis
2592 1759 2964 1829 professione,
3016 1758 3252 1814 Domino
3282 1760 3338 1814 in
3386 1776 3517 1815 san-

245 1850 483 1923 νίᾳβίον
531 1849 763 1923 ἑλομένη
815 1848 1088 1903 δουλεύειν
1113 1849 1191 1921 τῷ
1240 1849 1434 1920 Κυρίῳ
1480 1846 1837 1912 κατεδέξωὲν

1944 1852 2121 1905 ctitate
2158 1851 2445 1918 etjustitia
2498 1852 2710 1906 servire
2759 1852 3141 1908 constituisse.
3191 1850 3332 1918 Quid
3366 1852 3512 1907 enim

240 1946 495 2018 ’ὁσιότητι
536 1947 633 2001 καὶ
690 1944 1030 2017 δικαιοσύνῃ.
1073 1944 1141 1998 Τί
1192 1944 1301 2017 γάρ
1336 1945 1590 2016 κρεῖττον
1628 1940 1837 2012 παρθε-

1944 1943 2289 2013 praestantius
2335 1941 2677 2012 virginitate,
2729 1943 2891 2012 cujus
2939 1958 3072 1998 cura
3113 1951 3198 1998 est
3236 1944 3517 2013 quomodo

250 2039 368 2103 νίας
396 2055 412 2106 ;
472 2033 541 2111 ἦς
603 2034 638 2110 ἢ
695 2037 943 2109 μέριμνα
995 2036 1114 2100 πῶς
1147 2036 1337 2108 ἀρέσει
1369 2034 1447 2105 τῷ
1476 2033 1692 2105 Κυρίῳ,
1716 2032 1838 2096 πῶς

1944 2035 2149 2106 placeat
2192 2032 2513 2104 Domino",
2555 2035 2838 2107 quomodo
2890 2034 3078 2090 futura
3124 2036 3267 2091 bona
3321 2052 3516 2091 conse-

246 2105 601 2197 ἐπιτεύξεται
774 2105 1082 2202 μελλόντων
1114 2105 1338 2199 ἀγαθῶν
1364 2141 1380 2157 ⁸
1430 2126 1549 2191 πῶς
1572 2124 1831 2197 δυνηθείη

1944 2138 2161 2201 quatur,
2194 2129 2476 2199 quomodo
2508 2105 2839 2199 multiplices
2867 2135 3035 2199 queat
3058 2128 3264 2182 diaboli
3295 2126 3519 2185 fraudes

244 2219 540 2293 διαδράσαι
568 2220 670 2285 τὰς
696 2219 1073 2284 πολυπλόκους
1100 2216 1385 2290 μεθοδείας
1428 2216 1525 2271 τοῦ
1557 2214 1832 2271 διαόόλου.

258 2308 325 2368 Ἦ
344 2314 401 2368 δὲ
426 2313 531 2368 ὑπὸ
552 2312 730 2385 γάμον
746 2310 1002 2377 τελοῦσα,
1025 2309 1367 2373 τούναντίον,
1390 2308 1513 2373 πῶς
1533 2307 1727 2380 ἀρέσει
1757 2307 1835 2379 τῷ

244 2404 430 2475 ἀνδρὶ,
450 2402 570 2466 πῶς
597 2404 697 2467 τάς
729 2400 826 2457 τοῦ
852 2401 1063 2472 κόσμου
1086 2396 1147 2454 εὖ
1173 2398 1410 2470 διαθείτγ
1436 2399 1472 2469 ή
1508 2395 1838 2468 περικλυζο-

250 2496 391 2568 μένη
412 2498 528 2561 τοῖς
545 2494 811 2569 ἁλμυροῖς
828 2493 1040 2565 κύμασι
1058 2492 1155 2546 τοῦ
1182 2491 1325 2564 βίου,
1345 2492 1404 2544 ὲν
1422 2490 1501 2562 τῷ
1523 2486 1837 2561 φροντίζειν

247 2590 382 2664 περὶ
406 2589 616 2643 τέκνων
638 2606 700 2642 τε
726 2590 825 2642 καὶ
852 2587 1059 2641 δούλων
1090 2585 1187 2640 καὶ
1206 2584 1464 2640 δουλίδων
1482 2601 1498 2617 ο
1529 2583 1627 2637 καὶ
1639 2582 1747 2655 πρό
1770 2598 1836 2650 γε

247 2683 485 2750 ⁴τούτων,
519 2682 587 2736 τά
611 2681 744 2755 περὶ
770 2679 1071 2751 ἀρέσκειαν
1095 2678 1190 2732 τοῦ
1226 2676 1421 2750 ἀνδρός
1441 2693 1457 2709 ·
1488 2675 1644 2730 οὔπω
1674 2676 1835 2728 δυνα-

256 2775 399 2847 μένη
436 2773 881 2845 ύπερανεστάναι
904 2771 1014 2825 τῶν
1054 2771 1307 2842 στροφῶν
1336 2770 1433 2823 τοῦ
1475 2768 1710 2838 κόσμου,
1740 2765 1838 2820 καὶ

248 2867 334 2939 τῷ
362 2868 461 2937 τῆς
485 2866 726 2931 διανοίας
750 2864 937 2938 πτερῷ
972 2863 1327 2935 κουφίζεσθαι
1352 2863 1493 2934 πρὸς
1513 2860 1741 2932 Κύριον.
1764 2859 1838 2913 Σὺ

247 2957 371 3025 οὖν,
398 2954 442 3014 ὧ
462 2959 727 3031 καλλίστη
762 2958 1064 3029 γυναικῶν,
1092 2954 1342 3028 μακαρία
1368 2954 1444 3018 ὡς
1465 2952 1708 3021 ἀληθῶς,
1742 2952 1839 3006 καὶ

249 3052 665 3124 τρισμακαρία,
695 3052 779 3104 ὅτι
805 3050 905 3120 τὴν
936 3049 1151 3121 ἀγαθὴν
1185 3046 1381 3119 μερίδα
1408 3044 1660 3111 ἐξελέξω,
1696 3044 1840 3114 μετά

249 3144 478 3215 Μαρίαν
536 3142 756 3214 εκείνην
812 3142 911 3213 τὴν
958 3141 1229 3212 ἀοίδιμον,
1290 3137 1460 3192 οίονεὶ
1513 3134 1839 3208 παρακαθε-

252 3232 463 3304 ζομένη
504 3232 658 3304 παρά
679 3234 808 3295 τοὺς
835 3231 1001 3293 πόδας
1026 3228 1121 3282 τοῦ
1170 3227 1348 3300 Ἰησοῦ
1373 3270 1389 3295 ,
1436 3227 1535 3281 καὶ
1562 3224 1841 3280 ἀκούουσα

248 3322 326 3379 δι’
354 3324 887 3399 ἀπραγμονεστέρου
930 3322 1050 3393 βίου
1094 3321 1187 3375 τὸν
1217 3320 1379 3388 λόγον
1414 3318 1584 3372 αὑτοῦ
1606 3333 1620 3347 ·
1669 3317 1839 3389 ἡγία-

1936 2219 2237 2275 declinare.
2291 2216 2427 2285 Quae
2478 2234 2611 2276 vero
2654 2219 3007 2274 matrimonio
3058 2220 3281 2291 alligata
3332 2226 3439 2285 est,
3485 2233 3519 2274 e

1938 2312 2241 2375 contrario,
2284 2312 2564 2382 quomodo
2597 2311 2808 2382 placeat
2836 2312 2956 2366 viro
2978 2312 3047 2378 ⁸⁸,
3086 2311 3364 2383 quomodo
3397 2325 3520 2380 quas

1937 2403 2129 2459 mundi
2175 2413 2303 2459 sunt
2348 2412 2497 2459 recte
2538 2414 2815 2474 procuret,
2862 2404 3070 2459 amaris
3100 2405 3229 2459 vita:
3258 2404 3518 2459 ﬂuctibus

1937 2508 2205 2565 aestuans,
2253 2497 2384 2553 dum
2417 2497 2655 2554 sollicita
2684 2508 2769 2553 est
2802 2497 2870 2554 de
2897 2498 3107 2561 liberis,
3143 2498 3431 2567 servisque
3466 2506 3521 2552 et

1938 2591 2237 2656 ancillulis,
2276 2600 2331 2646 et
2378 2606 2495 2661 prae
2539 2591 2627 2646 his
2674 2590 2959 2657 omnibus,
3004 2606 3208 2646 curans
3243 2606 3367 2661 qua:
3400 2592 3521 2646 viro

1939 2694 2091 2755 grata
2126 2684 2239 2740 sint
2276 2702 2289 2738 :
2318 2686 2563 2739 nondum
2600 2684 2785 2739 valens
2816 2685 3003 2739 mundi
3035 2686 3307 2740 versutias
3334 2697 3522 2739 trans-

1939 2774 2193 2837 cendere,
2234 2782 2289 2828 et
2317 2774 2515 2829 mentis
2556 2773 2662 2829 alis
2702 2773 2921 2829 evolare
2967 2773 3035 2828 ad
3070 2772 3389 2831 Dominum.
3437 2772 3479 2827 Τ
3487 2789 3519 2827 ιι

1939 2879 2091 2934 ergo,
2142 2863 2475 2918 feminarum
2524 2862 3003 2932 praestantissima,
3046 2861 3204 2916 beata
3248 2876 3436 2915 revera
3468 2871 3522 2914 et

1941 2968 2026 3015 ter
2056 2959 2236 3018 beata.
2278 2958 2409 3027 quia
2434 2956 2703 3026 optimam
2733 2962 2941 3024 partem
2970 2952 3204 3024 elegisti,
3243 2961 3367 3023 post
3402 2952 3522 3007 Ma-

1941 3050 2080 3107 riam
2142 3050 2289 3105 illam
2346 3048 2805 3112 celeberrimam,
2872 3046 3068 3101 sedeus
3122 3045 3523 3116 quodammodo

1943 3158 2107 3199 secus
2145 3145 2313 3212 pedes
2338 3140 2467 3195 Jesu
2496 3141 2542 3172 ”
2580 3158 2595 3195 :
2624 3148 2677 3193 et
2711 3153 2810 3209 per
2840 3138 3167 3207 quietiorem
3200 3138 3368 3192 vitam
3404 3152 3526 3191 ver-

1941 3239 2072 3295 bum
2119 3237 2265 3293 illius
2313 3236 2567 3299 audiens,
2599 3232 2967 3288 Sanctiﬁcasti
3036 3233 3291 3302 teipsam,
3354 3232 3523 3285 vitam

1944 3339 2095 3386 tuam
2138 3329 2249 3383 Deo
2297 3327 2350 3381 in
2392 3341 2597 3380 munus
2634 3323 2893 3378 oiferens.
2935 3322 3248 3377 Nobilitasti
3298 3320 3527 3391 sangui-

255 3434 360 3481 σας
395 3414 600 3487 ἑαυτὴν
628 3416 704 3479 ὡς
732 3412 1019 3485 κειμήλιον
1044 3411 1167 3482 Θεῷ
1214 3411 1525 3482 ἀναθεμένη
1566 3410 1664 3482 τὴν
1692 3410 1840 3480 ζωήν

1945 3439 2070 3479 nem
2110 3430 2269 3476 tuum
2294 3419 2348 3472 in
2384 3418 2593 3487 Spiritu
2624 3425 2838 3480 sancto,
2872 3414 3302 3485 pulcherrimum
3335 3428 3526 3468 exem-

257 3526 379 3565 σου.
434 3507 816 3576 Ἐξευγένισας
843 3506 904 3558 τὸ
927 3500 1069 3575 αῖμά
1108 3521 1202 3557 σου
1235 3506 1294 3557 ὲν
1351 3504 1633 3574 Πνεύματι
1675 3501 1840 3573 ἀγίῳ,

257 3604 430 3659 καλὸν
480 3600 788 3670 ὑπόδειγμα
834 3598 1037 3668 ἑαυτὴν
1088 3596 1429 3668 προθεμένη.
1484 3596 1551 3649 Τί
1602 3596 1711 3668 γὰρ
1749 3596 1845 3650 καὶ

257 3692 628 3765 κερδήσουσιν
675 3692 731 3744 αί
778 3688 885 3742 ὑπὸ
926 3686 1197 3755 ζυγόν;εί
1259 3688 1333 3758 μή
1364 3703 1420 3738 τι
1466 3685 1576 3756 ἀρα
1615 3686 1849 3758 ἐκζητή-

262 3805 410 3841 σοιεν
461 3786 557 3840 καὶ
598 3784 981 3854 ψηλαφήσοιεν
1038 3783 1135 3835 καὶ
1172 3779 1337 3833 αὐταὶ
1402 3780 1496 3832 τὸν
1549 3779 1684 3833 Θεὸν
1722 3780 1847 3834 καθ’

258 3885 390 3936 ὅσον
418 3874 530 3933 οἷόν
580 3894 662 3931 τε.
718 3873 857 3945 Οὐχὶ
908 3875 1083 3929 πᾶσαι
1116 3871 1373 3941 συζυγίαι
1410 3869 1849 3941 ἀποξεύγνυνται

260 3975 359 4029 διὰ
414 3972 680 4037 θανάτου;
727 3966 826 4038 οὐχ
869 3966 946 4030 ὡς
1001 3965 1137 4039 ὄναρ
1182 3965 1253 4018 τά
1323 3964 1501 4036 ὡραῖα
1568 3965 1666 4019 τοῦ
1719 3966 1850 4038 τῇδε

263 4070 386 4141 βίου
435 4064 808 4134 ἀπέρχονται;
858 4060 998 4114 Ὅσα
1028 4058 1087 4112 δὲ
1124 4056 1255 4128 περὶ
1278 4057 1370 4110 τὸν
1399 4057 1579 4128 γάμον
1610 4057 1846 4113 ἐλεεινάι

260 4163 314 4214 οἱ
370 4158 472 4229 μὲν
546 4153 798 4217 ἄπαιδες,
851 4152 901 4206 οί
950 4150 1009 4204 δὲ
1077 4148 1437 4212 κακόπαιδες.
1499 4149 1714 4215 Πενίαι,
1755 4150 1851 4204 καὶ

260 4252 526 4306 πλούτοιο
564 4250 620 4302 αῑ
672 4247 771 4318 μὲν
796 4243 1110 4309 πιέζουσαι,
1159 4244 1255 4297 καὶ
1296 4244 1463 4297 οἱονεὶ
1518 4244 1853 4315 ἀποτηγανί-

264 4347 483 4412 (ouum:
542 4344 591 4395 οἱ
661 4340 718 4394 δὲ
783 4336 1324 4410 μεταρῤιπτούμενοι
1397 4336 1474 4400 ὡς
1541 4338 1600 4390 ὲν
1662 4336 1852 4401 κύϐοις

265 4446 334 4497 ἐκ
362 4439 529 4495 τῶνδε
574 4440 655 4501 είς
698 4435 887 4489 τόνδεο
939 4431 1216 4495 παστάδες
1264 4431 1657 4502 ὲγειρόμεναν
1714 4430 1852 4485 ἀλλά

265 4536 363 4588 καὶ
407 4532 547 4605 μετά
586 4530 822 4603 θρήνους
875 4526 1323 4597 καταλυόμεναιο
1367 4524 1561 4597 θρῆνοι
1606 4525 1704 4579 καὶ
1754 4542 1852 4579 κο-

264 4627 461 4682 πετοίο
544 4620 941 4692 ἀλλεπάλληλοι
987 4617 1305 4690 συμφοραί·
1379 4612 1456 4673 ὧν
1537 4616 1754 4690 πλήρης
1820 4619 1851 4672 ὀ

263 4718 403 4790 βίος,
430 4715 527 4769 καλ⁸
554 4714 624 4768 τά
650 4710 1079 4784 παραδείγματα
1106 4707 1214 4779 πρὸ
1245 4706 1567 4779 ὀφθαλμῶν.

1944 3517 2095 3587 plum
2139 3514 2194 3569 in
2234 3524 2285 3567 te
2321 3511 2440 3581 ipsa
2480 3523 2815 3580 proponens.
2851 3506 2993 3573 Quid
3022 3505 3171 3560 enim
3207 3504 3344 3560 lucri
3388 3503 3528 3558 refe-

1945 3617 2069 3666 rent
2113 3620 2237 3678 quae
2284 3604 2386 3659 sub
2431 3602 2567 3672 jugo
2621 3608 2772 3666 sunt,
2829 3599 2937 3654 nisi
2984 3606 3038 3653 et
3101 3598 3233 3668 ipsa:
3279 3606 3528 3666 quaerant

1947 3710 2003 3755 et
2052 3702 2348 3752 attrectent
2407 3691 2581 3747 Deum
2634 3699 2904 3761 quantum
2958 3689 3278 3760 possunt‘?
3328 3689 3529 3742 Annon

1948 3789 2206 3858 conjugia
2252 3784 2440 3840 omnia
2489 3791 2668 3838 morte
2712 3780 3129 3837 dissolvuntur?
3158 3781 3355 3834 Annon
3406 3793 3530 3846 spe-

1949 3882 2101 3937 ciosa
2157 3879 2323 3948 hujus
2379 3878 2506 3931 vita:
2568 3876 2773 3929 abeunt
2827 3874 3005 3927 instar
3064 3870 3307 3926 somnii?
3351 3868 3529 3938 Quam

1951 3974 2124 4029 multa
2153 3987 2283 4026 vero
2308 3970 2364 4024 in
2388 3967 2595 4037 nuptiis
2619 3965 2931 4020 miseranda
2946 3948 2979 4017 ἰ’
2996 3963 3088 4017 alii
3114 3961 3302 4017 liberis
3319 3969 3527 4023 carent.

1951 4067 2043 4123 alii
2077 4066 2347 4138 pessimos
2389 4064 2615 4117 habent.
2649 4058 2901 4130 Egestas,
2930 4066 2986 4112 et
3018 4056 3222 4111 divitia:
3256 4073 3270 4109 :
3302 4055 3395 4110 illa
3428 4071 3531 4109 au-

1951 4177 2107 4232 gens,
2167 4165 2223 4212 et
2276 4153 2685 4227 quodammodo
2739 4163 3059 4219 excoquens
3105 4164 3122 4215 ;
3173 4148 3257 4203 ha:
3303 4148 3371 4202 ab
3428 4148 3534 4203 isto

1951 4251 2022 4307 ad
2076 4250 2263 4312 illum,
2323 4246 2562 4300 talorum
2622 4243 2818 4307 instar,
2866 4240 3224 4309 emigrantes.
3282 4235 3533 4292 Thalami

1953 4338 2226 4410 nuptiales
2265 4333 2555 4398 exstructi,
2582 4332 2679 4388 sed
2730 4338 2785 4385 et
2835 4345 2962 4385 cum
3006 4329 3155 4383 luctu
3210 4326 3480 4382 destructi
3516 4344 3531 4381 :

1952 4431 2191 4486 lamenta
2239 4437 2295 4482 et
2329 4426 2603 4496 planctus,
2657 4429 2711 4476 et
2743 4421 2969 4475 alterna:
3008 4416 3376 4483 calamitates,
3406 4419 3537 4488 qni-

1951 4521 2057 4578 bus
2085 4520 2290 4576 referta
2316 4526 2402 4573 est
2428 4516 2560 4582 vita,
2588 4523 2644 4571 et
2666 4529 2905 4586 quorum
2930 4512 3183 4583 exempla
3214 4514 3286 4567 ob
3318 4511 3533 4567 oculos.

334 4810 410 4863 Σὺ
440 4807 497 4860 δὲ
544 4806 751 4859 τούτων
793 4803 1015 4858 πάντων
1042 4801 1362 4870 ἀπέφυγες,
1420 4799 1843 4871 καλλιπάρθενε,

2022 4795 2105 4849 'I‘u
2136 4807 2266 4848 vero
2282 4791 2397 4846 haec
2416 4789 2603 4843 omnia
2618 4786 2861 4853 evasisti,
2884 4785 3036 4856 virgo
3051 4784 3533 4857 praestantissima,

260 4900 603 4957 κατοικοῡσα
644 4897 996 4970 μονοτρόπως
1033 4897 1092 4949 ὲν
1130 4893 1301 4967 οἴκῳο
1338 4893 1721 4964 φυλαττομένη
1767 4894 1846 4958 ὡς

1953 4888 2185 4944 seorsim
2238 4882 2387 4939 domi
2437 4880 2712 4942 habitans,
2761 4887 2822 4933 ut
2876 4879 3203 4933 suaveolens
3259 4893 3380 4932 rasa
3440 4894 3535 4949 per

264 4994 420 5068 ῥόδον
451 4967 679 5054 εὐωδίας
710 4988 898 5059 Κυρίῳ
927 4990 995 5059 τῇ
1035 4986 1332 5057 παρθενίᾳο
1353 4984 1556 5057 ἔχουσα
1580 4985 1843 5055 μενοῦνγε

1951 4978 2316 5049 virginitatem
2336 4971 2567 5027 Domino
2580 4968 2852 5025 custodita
2880 4986 2894 5024 :
2921 4968 3131 5023 habens
3154 4977 3209 5022 et
3230 4967 3345 5037 ipsa
3378 4983 3535 5038 pror-

265 5058 487 5148 πάντως
532 5083 629 5136 καὶ
676 5058 937 5134 θλιπτικὰ
972 5058 1049 5131 ίέκ
1104 5095 1167 5131 τε
1218 5079 1432 5149 ὁρατῶν
1467 5077 1563 5130 καὶ
1596 5076 1843 5147 ἀοράτων

1954 5087 2051 5128 sus
2077 5067 2460 5125 tribulationes
2483 5079 2515 5119 a
2532 5063 2845 5118 visibilibus
2870 5072 2925 5117 et
2951 5061 3323 5117 invisibilibus
3343 5060 3533 5115 inimi-
3598 5058 3603 5063 ’

262 5178 499 5250 ἐχθρῶν.
528 5174 750 5244 Ἐπειδὴ
774 5175 908 5228 ὅπου
929 5173 1193 5245 ἀνάθημα
1212 5170 1426 5243 Κυρίῳ,
1447 5170 1565 5223 ἐκεῖ
1590 5172 1619 5223 ό
1646 5169 1843 5243 λῃστὴς

1954 5167 2035 5224 cis
2068 5184 2082 5220 :
2116 5166 2317 5235 quippe
2346 5161 2437 5216 ubi
2465 5158 2754 5215 donarium
2785 5166 2870 5213 est
2899 5155 3152 5219 Domino,
3183 5155 3255 5209 ibi
3285 5155 3373 5209 fur
3400 5156 3532 5209 iusi-

263 5269 550 5341 ἐφεδρεύει
579 5268 779 5338 κλέψαι
803 5267 899 5321 καὶ
927 5265 1163 5336 συλῆσαι
1192 5264 1253 5318 τὸ
1275 5264 1442 5333 ἱερόν.
1474 5261 1639 5317 Ἀλλά
1658 5262 1843 5333 θάρσει

1950 5260 2155 5322 diatur,
2197 5266 2258 5310 ut
2302 5254 2449 5325 quod
2476 5270 2696 5309 sacrum
2742 5262 2826 5307 est
2859 5251 3109 5322 rapiatet
3144 5250 3482 5317 depraedetur
3513 5268 3527 5302 :

263 5366 324 5417 ὲν
375 5362 589 5434 Κυρίῳ,
626 5363 684 5415 ὲν
716 5355 762 5430 ᾧ
791 5358 1080 5423 πέποιθας,
1107 5359 1166 5411 ὲν
1216 5350 1262 5425 ᾧ
1292 5356 1543 5428 στέργεις
1586 5356 1715 5418 τοὺς
1760 5354 1843 5408 κό-

1951 5351 2047 5407 sed
2076 5350 2291 5406 conﬁde
2323 5350 2376 5403 iu
2409 5346 2662 5415 Domino,
2699 5346 2754 5401 in
2793 5362 2905 5417 quo
2954 5361 3105 5417 spem
3139 5343 3440 5408 collocasti,
3474 5343 3528 5396 in

264 5474 439 5519 πους·
470 5458 554 5512 ὅτι
603 5454 771 5520 αὐτὸς
814 5452 990 5526 φύλαξ
1033 5452 1137 5524 τῆς
1170 5450 1320 5523 ζωῆς
1382 5467 1510 5505 σου·
1560 5450 1843 5521 ἐπίκουρος

1950 5459 2061 5515 quo
2091 5458 2370 5500 aerumnas
2402 5443 2781 5514 amplecteris:
2806 5441 3072 5513 quoniam
3099 5440 3215 5511 ipse
3235 5445 3420 5494 custos
3449 5447 3534 5493 est

339 5616 429 5672 οτι
459 5618 590 5675 Cor.
628 5634 731 5683 vn,
762 5616 855 5673 52.
929 5618 977 5650 “
1006 5615 1139 5673 ihid.
1183 5615 1275 5672 5L.
1349 5615 1394 5649 ’θ
1424 5614 1559 5672 an.
1591 5632 1642 5681 ιι,
1676 5616 1765 5679 42.

1944 5616 2013 5664 ct.
2052 5624 2189 5676 xvii,
2224 5607 2317 5662 97.

1791 5722 2021 5782 ΝΟΤΙΕ.

342 5845 457 5907 (ιιι
483 5845 542 5901 In
581 5846 699 5903 cod.
734 5845 867 5915 Reg.
899 5851 1046 5914 pus}.
