4060 6374
588 415 733 485 1415

1780 421 1841 479 S.
1875 418 2269 481 TI—IEODORI
2309 418 2658 482 STUDITJE

3717 399 3849 464 ιιιε

575 531 704 586 vitae
753 540 876 595 tuae,
914 529 1133 601 adjutor
1167 539 1222 586 et
1247 531 1541 586 auxiliator
1571 531 1626 586 in
1659 529 2122 588 tribulationibus
2149 551 2155 588 :

2271 534 2368 587 καὶ
2402 532 2598 603 βοηθὸς
2629 531 2688 584 ὲν
2720 529 2842 591 ταῖς
2873 525 3126 597 θλίψεσιν
3157 524 3218 586 ὃς
3247 521 3344 577 καὶ
3377 517 3606 575 τελειῶν
3639 534 3738 572 σου
3759 521 3846 570 τὴν

577 623 672 694 qui
704 638 928 677 cursum
973 631 1126 676 tuum
1159 637 1570 688 consummans,
1605 621 1810 677 caelesti
1852 639 2021 694 regno
2058 639 2160 680 suo

581 722 634 768 te
679 713 902 783 dignam
953 710 1170 766 efficiet.
1200 712 1326 768 Hazc
1350 727 1381 766 a
1412 713 1571 767 nobis
1602 713 1984 781 peccatoribus
2032 729 2162 783 pro-

575 805 686 859 lata
737 812 883 863 sunt.
925 813 984 858 ut
1012 803 1156 858 scias
1189 812 1241 858 te
1271 802 1479 858 Domini
1512 803 1773 857 famulam
1826 819 1927 859 nos
1967 805 2155 872 etiam,

575 895 668 963 qui
702 894 936 949 Domino
963 894 1197 948 servire
1244 894 1553 957 studemus,
1585 894 1790 949 habere
1829 895 1924 949 tibi
1963 894 2159 951 fratres

576 987 631 1040 in
667 983 898 1056 Spiritu,
924 987 1067 1040 sicut
1107 995 1162 1040 et
1190 995 1389 1041 natura
1449 1000 1744 1042 conservos
1784 1005 1799 1042 :
1838 987 1932 1058 qui
1977 996 2030 1042 et
2063 1001 2160 1058 pro

577 1078 881 1134 reverentia
914 1088 1006 1133 tua
1033 1092 1280 1134 oramus.

915 1275 1156 1331 CXXIX.
1185 1306 1261 1318 —
1284 1275 1448 1333 Leoni
1485 1278 1787 1334 sacellario.

2265 624 2489 694 δρόμον,
2549 623 2708 688 ἀξίαν
2739 638 2799 674 σε
2843 621 3064 690 ποιήσει
3115 615 3219 687 τῆς
3263 613 3522 686 οὐρανίου
3573 610 3848 682 βασιλείας

2266 715 2455 771 αὑτοῦ.
2513 714 2702 768 Ταῦτά
2761 729 2843 765 σοι
2903 713 3037 780 παρ’
3117 709 3277 779 ἡμῶν
3331 707 3440 760 τῶν
3503 703 3848 776 ἁμαρτωλῶν

2264 803 2756 874 προσπεφώνηται·
2780 801 2868 853 ἵνα
2890 798 3089 870 εἰδείης
3119 799 3203 851 ὅτι
3230 799 3263 867 ἡ
3304 795 3402 850 τοῦ
3441 795 3656 868 Κυρίου
3687 793 3846 862 δούλη

2263 896 2359 951 καὶ
2406 897 2556 968 ἡμᾶς
2613 895 2744 957 τοὺς
2799 892 3133 953 σπεύδοντας
3179 888 3457 942 δουλεύειν
3505 886 3586 958 τῷ
3634 886 3850 955 Κυρίῳ,

2265 987 2411 1058 ἔχεις
2446 987 2591 1042 κατά
2635 985 2855 1054 πνεῦμα
2897 981 3162 1052 ἀδελφούς
3191 999 3308 1046 σου,
3339 980 3532 1051 ῶσπερ
3569 979 3672 1032 καὶ
3724 979 3854 1047 ὁμο-

2267 1078 2487 1142 δούλους
2532 1077 2674 1131 κατὰ
2722 1074 2911 1146 φύσιν,
2965 1073 3448 1146 ὑπερευχομένους
3490 1087 3588 1124 σου
3624 1069 3726 1140 τῆς
3777 1085 3853 1120 τι-

2271 1171 2548 1242 μιότητος.

2396 1279 2553 1335 ΡΚΘθ
2591 1278 2728 1350 (25).
2767 1310 2838 1324 —
2859 1276 3073 1334 Λέοντι
3107 1274 3506 1343 σακελλαρίῳ.
3545 1269 3711 1345 [pth]

1004 1392 1428 1457 Diseeptationem
1451 1395 1515 1447 de
1539 1395 1838 1460 imaginibus
1861 1409 2022 1448 coram
2058 1396 2364 1462 imperatore
2398 1396 2510 1448 fieri
2537 1410 2636 1446 non
2657 1395 3050 1446 debere.Baron.
3072 1405 3152 1440 an.
3179 1391 3259 1452 82,
3276 1405 3326 1442 n.
3349 1390 3400 1439 9.

643 1500 851 1573 Ingenti
879 1503 1176 1574 gratiarum
1200 1512 1254 1558 et
1279 1507 1694 1574 responsionum
1713 1524 1850 1578 quas
1864 1509 2150 1573 debemus,

574 1593 798 1647 nomine
819 1593 1092 1656 obstricti,
1119 1609 1342 1663 parvam
1373 1598 1670 1666 quamdam
1725 1599 1895 1653 debiti
1937 1611 2148 1670 partem

569 1685 800 1740 reddere
825 1701 926 1741 nos
955 1701 1244 1744 censemus
1263 1703 1358 1760 per
1377 1689 1588 1745 litteras
1617 1691 1683 1745 ad
1717 1691 2151 1748 laudatissimatn

573 1792 637 1832 ac
663 1777 1196 1842 desideratissimam
1235 1781 1612 1836 excellentiam
1649 1791 1795 1838 tuam
1829 1784 1898 1838 ab
1929 1784 2155 1840 humili-

571 1877 684 1922 tate
704 1879 889 1924 nostra
907 1881 1177 1926 exaratas.
1197 1869 1331 1926 Nam
1353 1884 1408 1928 et
1426 1890 1570 1928 nunc
1589 1875 1795 1930 Silvani
1817 1875 2004 1933 fratris
2023 1893 2155 1932 cau-

2335 1507 2540 1562 Πολλοῦ
2577 1507 2774 1579 χρέους
2805 1502 3168 1576 εὐχαριστιῶν
3200 1502 3298 1556 καὶ
3335 1500 3652 1570 ἀπολογιῶν
3683 1501 3822 1553 ὑπεύ

2263 1602 2411 1657 θυνοι
2475 1601 2652 1665 ὅντες,
2737 1597 2942 1670 μικράν
2985 1611 3110 1650 τινα
3166 1592 3463 1666 νομίζομεν
3537 1591 3849 1646 ἀποδιδόναι

2261 1694 2485 1765 ὀφειλὴν
2517 1693 2576 1746 ἐν
2613 1695 2736 1758 ταῖς
2771 1691 2910 1764 πρὸς
2939 1689 3039 1760 τὴν
3091 1687 3450 1758 πανεύφημον
3495 1685 3594 1739 καὶ
3623 1685 3849 1754 παμπὸ-

2264 1785 2427 1858 θητόν
2460 1803 2554 1838 σου
2607 1783 2886 1855 ὑπεροχὴν
2943 1780 3050 1834 ὑπὸ
3101 1780 3202 1851 τῆς
3247 1777 3635 1841 ταπεινώσεως
3690 1776 3846 1848 ἡμῶν

2263 1875 2768 1954 ὲγχαραττομέναις
2799 1875 3136 1938 ἐπιστολαῖς.
3185 1873 3338 1926 Ἐπεὶ
3367 1871 3462 1926 καὶ
3489 1870 3588 1924 νῦν
3632 1871 3728 1923 ἐπὶ
3770 1869 3846 1940 τῷ

573 1976 633 2014 sa
651 1959 781 2030 quid
808 1960 1303 2028 respondebimus?
1331 1962 1574 2020 Primum
1589 1967 1830 2037 quidem,
1858 1969 2004 2038 quod
2027 1985 2150 2026 eum

2511 1936 2805 2037 Σιλουανῶ,
2839 1965 2892 2018 τί
2943 1967 3040 2020 καὶ
3076 1936 3572 2035 ἀπολογησόμεθα;
3627 1936 3844 2034 πρῶτον

570 2067 696 2112 eum
723 2052 776 2105 in
811 2065 1164 2125 conSpectum
1186 2071 1346 2110 suum
1382 2055 1668 2113 admiserit
1705 2058 1821 2114 Deo
1845 2060 2012 2115 chara
2031 2061 2154 2116 ani-

573 2156 660 2194 ma
690 2151 806 2206 tua,
835 2143 992 2212 quasi
1029 2158 1196 2197 unum
1221 2159 1288 2198 ex
1313 2141 2149 2212 familiaribus,melleaaffabili-

573 2239 704 2295 tate,
738 2231 1009 2302 hilarique
1041 2233 1194 2288 vultu
1236 2249 1360 2289 cum
1391 2233 1615 2290 homine
1647 2238 1799 2292 tenui
1829 2239 2155 2310 colloquens

571 2339 638 2379 ac
668 2333 930 2380 tractans.
950 2323 1155 2381 Deinde
1193 2327 1338 2396 quod
1362 2325 1431 2381 de
1455 2327 1623 2383 rebus
1649 2330 1875 2397 nostris,
1908 2332 2003 2402 qui
2029 2347 2157 2403 pee-

575 2424 791 2470 catores
843 2430 1056 2482 sumus,
1085 2426 1140 2471 et
1181 2417 1250 2472 de
1299 2417 1590 2489 utriusque
1634 2430 1884 2475 nostrum
1933 2421 2156 2478 humilis

574 2507 823 2576 corporis
847 2507 1163 2563 infirmitate
1187 2507 1464 2565 sciscitata
1487 2510 1576 2575 sit,
1608 2519 1664 2566 et
1687 2511 1814 2566 aliis
1835 2511 2014 2569 modis
2042 2529 2157 2569 suae

571 2598 630 2652 in
665 2611 764 2651 nos
795 2597 1079 2652 charitatis
1111 2596 1361 2654 aﬂ'ectum
1393 2599 1716 2668 ostenderit,
1749 2603 1886 2658 adeo
1912 2610 1972 2656 ut
2005 2601 2156 2659 dice-

571 2699 656 2744 ret
684 2707 698 2743 :
730 2686 844 2759 Ego
880 2689 936 2743 in
986 2689 1354 2759 suspicionem
1398 2693 1541 2762 apud
1593 2706 1688 2747 eos
1743 2693 1836 2762 qui
1881 2707 2011 2764 erga
2059 2709 2158 2750 vos

571 2781 715 2835 male
763 2780 942 2835 ali'ecti
972 2790 1104 2836 sunt
1136 2784 1317 2850 venio,
1356 2783 1503 2853 quod
1533 2781 1746 2838 Studita
1779 2784 1881 2840 sim
1930 2801 1945 2839 :
1978 2793 2035 2841 et
2057 2785 2156 2840 de-

576 2881 913 2940 precaretur,
967 2889 1035 2929 ne
1086 2874 1224 2929 tanti
1278 2874 1484 2929 amoris
1544 2875 1860 2944 conjunctio
1906 2891 2154 2948 unquam

571 2964 948 3022 labefactetur.
979 2965 1106 3022 Haec
1139 2982 1240 3022 nos
1272 2967 1464 3022 omnia
1497 2967 1862 3025 devinxerunt
1888 2979 1946 3026 et.
1983 2969 2157 3040 magis

573 3059 858 3130 magisque
885 3059 939 3113 in
965 3059 1178 3114 sincera
1199 3058 1491 3114 dilectione
1520 3059 1920 3116 confirmarunt
1950 3067 2012 3115 ut
2041 3061 2158 3116 haec

569 3148 740 3204 verba
784 3163 1180 3218 usurparemus
1219 3166 1232 3202 :
1261 3146 1574 3218 Nunquam,
1614 3163 1648 3203 o
1676 3147 1904 3204 Domine
1933 3150 2155 3204 univer-

575 3247 786 3306 sorum,
810 3238 1062 3294 oblivisci
1087 3253 1187 3292 nos
1222 3239 1372 3293 sinas
1396 3240 1601 3310 egregii
1636 3240 2020 3308 benefactoris,
2040 3241 2153 3308 fidi,
2181 3277 2224 3334 ο

573 3332 872 3398 unanimis,
926 3331 1145 3402 probati
1197 3334 1479 3398 amatoris,
1535 3333 1680 3388 sacri
1734 3333 1997 3399 hominis,
2053 3351 2150 3407 per

571 3424 758 3477 omnia
786 3433 841 3477 et
873 3423 928 3477 in
960 3424 1217 3480 omnibus
1247 3426 1444 3480 tutoris
1473 3442 1536 3482 ac
1565 3427 1803 3496 patroni,
1831 3427 2070 3498 Herique
2097 3438 2150 3484 et

571 3515 794 3571 Domini
844 3516 1020 3570 nostri
1059 3535 1072 3570 :
1105 3517 1200 3572 sed
1235 3517 1438 3572 haereat
1471 3517 1526 3573 in
1551 3519 1710 3575 nobis
1741 3519 1944 3576 infixus
1994 3535 2152 3576 amor

573 3605 738 3660 etiam
772 3618 894 3678 post
922 3617 1174 3675 mortem,
1207 3624 1426 3678 unaque
1455 3610 1510 3664 in
1537 3609 1724 3666 futuro
1751 3613 1952 3668 saeculo
1979 3612 2153 3668 comi-

575 3707 744 3764 tetur,
767 3699 990 3769 quando
1017 3715 1118 3754 nos
1147 3700 1381 3756 invicem
1411 3703 1730 3772 cognituros
1762 3719 2069 3774 speramus,
2098 3714 2153 3760 et

573 3794 1056 3864 congratulaturos
1084 3793 1137 3848 in
1162 3795 1270 3850 Deo
1297 3795 1363 3851 iis
1396 3811 1488 3866 qui
1520 3793 1759 3867 Spiritus
1788 3798 2026 3868 impulsu
2051 3814 2152 3854 nos

571 3887 832 3941 amarint.
857 3885 1069 3955 _Verum
1102 3888 1232 3942 hinc
1261 3889 1547 3958 egrediens
1577 3889 1775 3955 oratio,
1820 3889 1874 3944 in
1921 3890 2146 3960 duplici,

571 3976 620 4032 si
661 3975 842 4047 jubes.
876 3987 1201 4048 argumento
1241 3979 1569 4034 versabitur.
1601 3978 1662 4034 In
1711 3980 1890 4050 priore
1933 3981 2153 4051 itaque,

571 4071 666 4140 qui
694 4085 890 4126 sensus
917 4082 1044 4126 tuus
1081 4069 1267 4134 fuerit,
1297 4071 1519 4126 domine
1551 4072 1646 4138 mi,
1685 4073 1827 4128 idem
1862 4081 1918 4128 et
1967 4083 2154 4130 noster

571 4162 699 4216 erit.
733 4160 850 4230 Sic_
868 4162 1038 4231 igitur
1069 4161 1372 4216 ordiamur.

2261 2061 2361 2134 μὲν
2411 2062 2492 2114 ὅτι
2533 2057 2707 2123 οὕτως
2752 2059 2918 2112 αὑτὸν
2956 2060 3273 2130 προσήκατο
3311 2055 3437 2109 ἰδεῖν
3489 2056 3524 2126 ἡ
3590 2052 3844 2124 θεοφιλής

2260 2167 2354 2204 σου
2385 2149 2575 2220 ψυχή·
2609 2149 2685 2212 ὡς
2729 2148 2828 2202 ἕνα
2871 2149 2995 2202 τινὰ
3042 2147 3153 2199 τῶν
3210 2145 3458 2216 συνήθων
3485 2159 3500 2174 ³
3557 2143 3840 2216 μειλιχίῳ,

2257 2241 2380 2313 ῆθει
2430 2241 2526 2294 καὶ
2588 2239 2896 2311 εὐπροσίτῳ
2955 2237 3238 2310 προσώπῳ
3303 2235 3697 2307 συλλαλήσασα
3755 2239 3847 2289 καὶ

2258 2333 2736 2405 συνανακραθεῖσα
2787 2335 2929 2404 μετὰ
2997 2330 3093 2384 τοῦ
3162 2328 3437 2394 εὐτελοῦς.
3495 2330 3734 2382 Ἔπειτα
3779 2329 3849 2380 τὰ

2259 2426 2390 2498 περὶ
2427 2425 2586 2497 ἡμῶν
2641 2423 2752 2479 τῶν
2809 2422 3150 2496 ἁμαρτωλῶν
3202 2421 3376 2485 οῦτως
3429 2425 3844 2493 συνανακρδαι.

2256 2521 2358 2590 τήν
2409 2536 2470 2572 τε
2525 2518 2618 2574 τοῦ
2674 2518 3006 2590 ἀμφοτέρων
3063 2516 3223 2588 ἡμῶν
3272 2515 3533 2569 ταπεινοῦ
3591 2516 3846 2585 σώματος

2256 2609 2577 2673 ἀσθένειαν,
2622 2610 2719 2662 καὶ
2771 2609 2869 2679 τὴν
2933 2607 3099 2676 ἀλλην
3148 2606 3432 2677 ύποφῆναι
3487 2605 3844 2675 ἁγαπητικὴν

2261 2702 2632 2757 συνδιαθεσιν·
2691 2700 2768 2763 ὡς
2810 2697 3066 2753 τοσοῦτον
3113 2701 3320 2753 εἰπεῖν’
3375 2699 3458 2752 ὅτι
3502 2699 3600 2751 καὶ
3676 2697 3844 2750 Σπου-

2257 2792 2459 2863 διώτης
2525 2790 2906 2860 ὑποπτεύομαι
2950 2791 3088 2861 πρός
3143 2807 3309 2842 τινων
3361 2789 3471 2842 τῶν
3543 2788 3842 2850 ἀντιθέτως

2259 2883 2396 2955 πρὸς
2449 2884 2596 2952 ὑμᾶς
2628 2884 2900 2954 ἐχόντων·
2938 2884 3035 2938 καὶ
3085 2883 3148 2936 τὸ
3194 2881 3540 2947 ἀπεύξασοαι
3575 2884 3651 2952 μή
3712 2898 3844 2934 ποτε

2266 2974 2526 3044 γενέσθαι
2577 2975 2699 3029 τινὰ
2763 2976 2972 3046 τρῶσιν
3027 2975 3128 3046 τῆς
3199 2975 3541 3045 τηλικαύτης
3619 2972 3845 3042 φιλικῆς

2258 3067 2636 3137 ἀνακράσεως.
2685 3067 2858 3122 Τοῦτο
2895 3067 3017 3121 ὅλον
3039 3067 3280 3132 ἐξένισεν
3340 3068 3511 3139 ημᾶς,
3567 3066 3665 3118 καὶ⁵
3713 3082 3843 3118 συν-

2259 3158 2529 3231 ερῤίζωσε
2594 3158 2795 3230 μᾶλλον
2867 3159 2963 3212 καὶ
3025 3158 3229 3230 μᾶλλον
3285 3159 3344 3212 ὲν
3400 3161 3469 3229 τῇ
3551 3157 3846 3227 εἰλικρινεῖ

2259 3251 2432 3322 αὐτῆς
2461 3251 2739 3323 ἀγαπήσει
2767 3251 2838 3305 τὰ
2867 3251 3006 3306 αύτά
3045 3251 3321 3319 λέγοντεςο
3360 3251 3452 3318 Μή
3490 3267 3647 3313 ποτε,
3686 3243 3732 3303 ὦ
3759 3249 3844 3301 δὲ-

2259 3359 2455 3410 σποτα,
2503 3343 2613 3396 τῶν
2677 3343 2940 3398 ἁπάντων
2983 3343 3126 3414 δῴης
3171 3346 3307 3414 ἡμῖν
3358 3341 3716 3395 ἐπιλαθέσθαι
3745 3340 3844 3393 τοῦ

2257 3433 2422 3488 καλοῦ
2461 3435 2750 3505 εὐεργέτου
2775 3477 2790 3500 ,
2809 3437 2905 3490 τοῦ
2929 3437 3122 3490 πιστοῦ
3158 3451 3222 3489 συ
3231 3433 3470 3506 μὼύχου,
3493 3433 3590 3486 τοῦ
3615 3433 3842 3502 δοκίμου

2256 3526 2513 3598 ἐραστοῦ,
2541 3529 2636 3582 τοῦ
2695 3528 2842 3596 ίεροῦ
2881 3529 3196 3600 ἀνθρώπου,
3239 3526 3335 3581 τοῦ
3390 3526 3535 3581 κατά
3571 3526 3754 3580 πάντα
3784 3526 3844 3578 ὲν

2257 3619 2392 3670 πᾶσι
2445 3617 2540 3672 καὶ
2596 3619 2900 3690 προστάτου
2950 3619 3047 3672 καὶ
3101 3618 3422 3688 κηδεμόνος,
3479 3619 3575 3670 καὶ
3631 3617 3842 3688 Κυρίου

2263 3707 2423 3778 ἡμῶν
2460 3710 2558 3762 καὶ
2583 3708 2859 3761 Δεσπότου
2882 3725 2898 3742 ο
2943 3708 3061 3762 ἀλλ’
3089 3707 3178 3778 εἴη
3209 3708 3269 3761 τὸ
3298 3707 3524 3778 φίλτρον
3575 3707 3672 3759 καὶ
3706 3706 3844 3774 μετὰ

2257 3799 2467 3868 πότμον
2493 3798 2739 3863 ὲνιζάνον
2779 3801 2838 3853 ὲν
2863 3801 2999 3870 ἡμῖν
3022 3815 3036 3830 ·
3075 3799 3279 3870 μᾶλλον
3318 3799 3376 3852 δὲ
3405 3801 3500 3853 καὶ
3531 3815 3846 3868 συμμετερ-

2256 3889 2482 3959 χύμενον
2532 3889 2592 3943 ὲν
2629 3891 2708 3962 τῷ
2771 3890 3020 3960 μέλλοντι
3064 3891 3246 3956 αἰῶνι,
3301 3893 3360 3944 ἐν
3409 3884 3456 3959 ᾧ
3509 3889 3842 3960 πιστεύομεν

2256 3981 2549 4052 γνωρίζειν
2592 3981 2863 4054 ἀλλήλους
2890 3999 2908 4016 ο
2955 3983 3051 4037 καὶ
3095 3983 3421 4055 συγχαίρειν
3462 3985 3520 4036 ὲν
3559 3982 3682 4054 Θεῷ
3717 3984 3842 4046 τοὺς

2255 4058 2596 4142 φιλήσαῦτας
2632 4074 2860 4136 ἑαυτοὺς
2890 4076 3434 4146 πνευματοκινήτως.
3485 4074 3628 4128 Ἀλλ’
3658 4073 3840 4127 ὲντεῦο

2253 4163 2346 4217 θεν
2398 4166 2426 4218 δ
2475 4164 2634 4234 λόγος
2667 4164 2942 4236 μετελθὼν
2984 4167 3044 4219 ὲν
3082 4169 3205 4230 ταῖς
3263 4166 3418 4221 δυσὶν
3477 4168 3837 4250 ὑποθέσεσιν,

572 4254 936 4322 ἐνδιατρίψειε
969 4253 1110 4306 κατά
1147 4252 1249 4324 τὴν
1287 4251 1569 4306 κέλευσιν’
1606 4251 1700 4305 ἐπὶ
1753 4252 1853 4322 μὲν
1892 4247 1985 4306 οῦν
2042 4252 2144 4324 τῆς
2178 4251 2422 4325 πρώτης,
2490 4255 2565 4318 ὡς
2608 4254 2775 4327 ἔχεις,
2805 4257 2834 4309 ὀ
2864 4256 3055 4327 κύριος
3122 4256 3306 4328 ἡμῶν,
3341 4257 3519 4323 οὓτως
3550 4261 3650 4314 καὶ
3677 4247 3836 4332 ἡμεῖς

566 4343 948 4413 διατιθέμεθα.
989 4342 1416 4413 Προδιαιτείσθω
1443 4343 1496 4396 ὣ
1527 4345 1556 4397 ὁ
1587 4342 1744 4412 λόγος
1774 4342 1968 4406 οῦτωςο

643 4437 927 4493 Homicida
955 4445 1244 4508 postquam
1277 4438 1454 4492 victus
1494 4436 1680 4501 fuerit,
1703 4437 1911 4492 debitas
1938 4437 2152 4508 legibus

569 4545 764 4604 pmnas
790 4529 962 4584 dabit.
986 4527 1141 4584 Nunc
1164 4537 1347 4585 autem
1381 4529 1540 4584 civile
1564 4528 1764 4582 bellum
1792 4530 1965 4595 adest,
1984 4529 2150 4596 quod,

573 4622 718 4676 sicut
759 4620 865 4675 alia
899 4620 996 4673 ira:
1024 4618 1224 4674 divinae
1251 4619 1428 4690 signa,
1457 4628 1620 4674 terra:
1653 4626 1836 4672 motus
1864 4626 1919 4673 et
1959 4618 2152 4687 fames,

571 4711 854 4767 eluviones
899 4713 1067 4766 maris
1108 4721 1272 4781 atque
1317 4711 1607 4778 incendia;
1654 4713 1720 4766 ad
1751 4711 2151 4782 correptionem

2319 4429 2708 4496 Φονίσκος’ὲπ’
2736 4430 2804 4485 ἂν
2831 4433 3103 4505 κρατηθῇ,
3131 4433 3360 4498 δικαίως
3403 4435 3664 4489 ἀποτίσει
3705 4435 3835 4506 πρὸς

2249 4523 2344 4578 τοῦ
2373 4526 2540 4595 νόμου
2572 4521 2670 4594 τὴν
2695 4524 3102 4594 ἀντισηκοῦσαν
3138 4528 3354 4598 ποινήν.
3387 4527 3529 4579 Νυνὶ
3557 4527 3619 4580 δὲ
3663 4527 3833 4598 ἐμφύ-

2250 4617 2367 4681 λιος
2398 4617 2638 4688 πόλεμος
2675 4615 2967 4688 πρόκειται
2992 4632 3006 4647 ·
3037 4615 3096 4682 ὃς
3126 4616 3316 4690 ὥσπερ
3351 4618 3410 4672 αἱ
3436 4617 3599 4672 ἄλλαι
3636 4620 3832 4690 Θεομη-

2253 4707 2400 4761 νίαι·
2459 4704 2674 4776 σεισμοί
2727 4721 2789 4758 τε
2849 4705 2943 4758 καὶ
2995 4705 3179 4776 λιμοὶ,
3235 4710 3680 4779 καταποντισμοὶ
3741 4708 3828 4761 καὶ

573 4817 818 4860 nostram
869 4820 901 4860 a
950 4803 1061 4858 Deo
1107 4805 1368 4872 estjusto
1395 4803 1606 4873 judicio
1629 4803 1944 4869 excitatum,
1975 4813 2029 4858 et
2057 4819 2152 4872 po-

2259 4797 2566 4868 ἐμπρήσεις
2650 4796 2803 4866 παρά
2849 4795 2985 4850 Θεοῦ
3034 4797 3173 4868 πρὸς
3217 4800 3602 4869 σωφρονισμὸν
3660 4800 3828 4872 ἡμῶν,

572 4891 686 4962 puli
737 4891 845 4945 vim
903 4899 1135 4954 tantam,
1173 4899 1378 4960 quanta
1415 4889 1593 4958 periit,
1629 4890 1952 4960 absumpsit.
1991 4891 2152 4945 Post-

573 4995 735 5051 qnam
781 4995 910 5050 ergo
963 4981 1224 5036 misertus
1289 4981 1550 5037 Dominus
1606 4981 1820 5050 plagam
1871 4983 2150 5051 repressit,

576 5069 806 5124 minime
829 5072 940 5124 vult
961 5070 1285 5140 superstites
1317 5070 1530 5139 perire;
1567 5069 1772 5140 alioqui
1805 5086 2153 5125 communem

574 5159 824 5213 omnium
867 5159 1101 5226 cladem,
1148 5159 1614 5230 quemadmodum
1647 5159 1836 5214 diluvii
1885 5168 2152 5228 tempore,

575 5250 896 5306 induxisset.
941 5249 1085 5317 Quid
1139 5251 1345 5322 igitur?
1393 5249 1619 5306 Servari
1670 5251 1786 5306 vult
1815 5265 1910 5306 eos
1940 5252 2033 5320 qui
2065 5267 2154 5304 re-

577 5341 693 5397 licti
725 5350 873 5406 sunt,
898 5352 954 5396 et
979 5341 1136 5396 venia
1167 5344 1366 5412 dignos
1399 5343 1536 5398 fieri.
1565 5343 1655 5396 Ait
1699 5343 1843 5397 enim
1877 5343 1929 5396 in
1963 5341 2146 5396 Evan-

576 5433 766 5505 geliis'
793 5453 807 5489 :
834 5433 1122 5498 Dimitlite,
1144 5444 1193 5489 et
1221 5436 1519 5490 dimittetur
1541 5434 1702 5488 vobis.
1731 5433 1799 5487 Et
1828 5433 1967 5489 beati
1995 5433 2150 5488 Pauli

575 5540 709 5584 voce
737 5543 753 5582 :
791 5524 875 5580 Ne
909 5527 1024 5598 quis
1069 5526 1268 5582 malum
1302 5543 1397 5597 pro
1428 5527 1570 5582 malo
1601 5525 1763 5580 alicui
1803 5526 2026 5589 reddat,
2065 5527 2157 5581 sed

645 5665 670 5697 ⁸
694 5663 888 5721 Matth.
929 5681 1004 5725 vr.
1037 5664 1128 5720 14.

2254 4888 2438 4958 δικαίᾳ
2450 4886 2629 4958 κρίσει
2649 4887 3040 4959 ἀνερριπίσθη,
3057 4887 3297 4942 ὀλέσασα
3311 4889 3824 4962 τοσοῦτονάριθμὺν,

2251 4980 2375 5043 ὅσος
2397 4979 2494 5032 καὶ
2521 4977 2730 5031 ὤλλυτο
2750 4995 2764 5011 ο
2807 4979 2931 5032 ἐπεὶ
2966 4975 3063 5032 οῦν
3099 4980 3528 5050 σπλαγχνισθεὶς
3554 4984 3823 5034 κεκόπακε

2249 5071 2350 5139 τὴν
2371 5069 2601 5141 Θραῦσιν
2632 5071 2859 5140 Κύριος,
2887 5070 2947 5122 οὐ
2979 5069 3228 5140 βούλεται
3252 5073 3380 5136 τοὺς
3401 5072 3822 5142 ὑπολειφὲἐντας

2251 5164 2530 5217 δλλυσθαι.
2579 5163 2738 5216 Ἐπεὶ
2774 5164 2992 5228 πάντως
3027 5164 3391 5234 πανολεθρίαν
3420 5167 3735 5236 εἰργάσατο,
3754 5165 3821 5224 ὡς

2252 5254 2347 5307 ἐπὶ
2386 5254 2480 5309 τοῦ
2536 5254 2951 5324 κατακλυσμοῦ.
2987 5255 3149 5309 Ἀλλὰ
3193 5256 3280 5322 τί;
3340 5256 3404 5310 τὸ
3469 5257 3817 5311 διασεσῶσθαι

2253 5347 2382 5412 τοὺς
2412 5347 2694 5412 ὲαθέντας,
2726 5350 2822 5402 καὶ
2869 5348 3086 5418 φειδοῦς
3135 5348 3393 5416 γενέσθαι
3435 5349 3655 5414 ἀξίους·
3696 5351 3818 5419 φησὶ

2256 5440 2366 5512 γὰρ
2410 5441 2468 5494 ὲν
2497 5442 2610 5504 τοῖς
2652 5441 3028 5510 Εὐαγγελίοιςο
3076 5443 3293 5510 ’Ἅφετε
3335 5442 3436 5495 καὶ
3463 5442 3815 5510 ἀφεθήσεται

2262 5532 2424 5602 ὑμῖν.
2451 5534 2562 5588 Καὶ
2607 5533 2694 5588 διὰ
2727 5533 2820 5588 τοῦ
2857 5533 3130 5606 μακαρίου
3170 5532 3414 5588 Παύλου·
3449 5535 3546 5602 Μή
3596 5536 3680 5598 τίς
3709 5550 3813 5587 τινι

2073 5756 2309 5817 ΝΟΤΕ.

649 5849 764 5922 (15)
797 5850 859 5906 In
891 5851 1012 5908 cod.
1044 5849 1177 5921 Reg.
1214 5854 1361 5920 ρμγο.
