4060 6374
246 236 387 309 1417

1441 257 1983 320 EPISTOLARUM
2038 257 2187 320 LIB.
2242 259 2323 322 II.

3386 264 3529 331 liis

247 363 438 415 κακῑν
462 360 599 416 ἀντὶ
644 365 838 421 κακοῦ
868 367 1235 425 ἀποδιδότωο
1277 372 1443 429 ἀλλὰ
1483 375 1743 431 πάντοτε
1772 377 1838 430 τὸ

1945 376 2082 447 quod
2115 376 2309 430 bonum
2337 384 2415 430 est
2445 377 2726 431 sectamini
2758 378 2813 432 in
2848 380 3094 447 invicem,
3122 392 3171 436 et
3203 384 3258 436 in
3282 399 3460 441 omnes
3484 386 3526 448 ³,

246 453 479 525 ἀγαθὸν
525 454 789 525 διώκετε,
823 460 923 515 καὶ
951 464 1039 529 εἰς
1070 462 1412 532 ἀλλήλους.
1438 466 1533 520 καὶ
1562 468 1652 532 εἷς
1685 467 1838 521 πᾶν·

248 564 383 615 τας.
414 548 492 602 Οὐ
531 549 641 622 μὴν
688 551 1126 629 ἁνεπιτιμήτως.
1188 559 1343 613 Ἐπεὶ
1380 563 1477 617 καὶ
1526 564 1670 618 Κάῖν
1738 583 1836 636 φο-

249 640 451 705 νεύσας
519 641 615 695 τδν
659 643 892 714 ἀδελφὸν
914 686 931 712 ,
992 647 1054 701 τὸ
1095 649 1376 716 πολυειδὲς
1421 654 1520 707 καὶ
1578 654 1839 726 ᾀδόμενον

250 730 530 803 ἐπιτίμιον
582 735 809 800 εἰκότως
884 739 1131 810 εἴληφεν.
1216 742 1638 818 Ἐπιτετίμηται
1698 750 1838 822 πρὸς

251 823 449 877 ἑαυτοῦ
525 830 618 879 καὶ
692 827 926 900 Λάμεχ,
980 833 1077 886 καὶ
1132 834 1496 911 ’Δϐεσσαλὼμ
1521 880 1536 904 ,
1606 842 1839 912 ἀδελφὸν

263 913 482 984 Ἀμνὼν
515 918 758 985 κτείνας,
779 920 916 992 ὲάθη
950 922 1057 977 ὑπὸ
1080 924 1177 979 τοῦ
1207 929 1441 995 πατρὸς,
1474 933 1618 986 κατὰ
1642 934 1709 989 τὸ
1734 936 1840 991 ὑπὸ

249 1007 356 1079 τῆς
400 1008 763 1082 Θεοκοήτιδος
826 1015 1125 1089 πρόὸλημα
1176 1019 1484 1088 ἇκταντος⁸
1525 1027 1622 1080 καὶ
1674 1028 1841 1093 αὐτὸς

249 1099 422 1155 Δαυῒδ
446 1102 547 1157 οὐκ
576 1103 832 1160 ἐϐούλετο
859 1107 951 1161 τὸν
986 1111 1368 1185 Ἀὗεσσαλὼμ,
1392 1117 1485 1171 τὸν
1512 1116 1841 1191 πατρολῲαν

250 1193 561 1250 κτενέσθαι.
600 1194 741 1250 Ἀλλ’
767 1200 889 1253 οὐδὲ
911 1202 1042 1267 τοὺς
1064 1209 1655 1280 συναποστατήσαντας
1688 1212 1840 1284 αὐτῷ

253 1286 400 1356 μετὰ
432 1286 532 1359 τὴν
556 1288 762 1343 παῦσιν
792 1290 887 1345 τοῦ
914 1294 1158 1366 πολέμου
1188 1297 1503 1370 γέγραπται
1531 1302 1839 1373 προστάξαι

264 1378 622 1448 φονεύεσθαι·
651 1383 892 1438 τοσαῦτα
929 1385 1006 1450 ὡς
1043 1391 1165 1443 κατ’
1192 1391 1467 1464 ἐπιτομὴν
1499 1396 1633 1467 περὶ⁴
1657 1397 1840 1453 τοῦδε.

265 1469 552 1542 Ἐλεήμων
603 1470 714 1546 γὰρ
762 1473 892 1531 ovo
942 1477 1098 1544 Θεὸς,
1142 1481 1289 1536 θέλει
1341 1484 1411 1538 δι’
1463 1487 1842 1559 ἐπιτιμήσεων

254 1560 428 1634 ἤγουν
453 1565 702 1637 ὲξοριῶν,
729 1568 1013 1636 φυλακῶν,
1034 1574 1212 1627 ἄλλων
1240 1576 1407 1631 τινῶν
1430 1577 1749 1635 ὑποθέσεων
1779 1581 1841 1636 τδ

250 1654 355 1725 τῆς
391 1658 687 1725 μετανοίας
720 1660 909 1728 αὐτοῖς
936 1664 1028 1718 διὰ
1054 1665 1202 1738 ζωῆς
1232 1669 1643 1741 συντηρεϊσθαι.

1938 471 2012 522 At
2035 482 2146 523 non
2178 467 2299 522 sine
2325 469 2519 521 multa.
2554 465 2688 522 Nam
2717 479 2769 523 et
2798 469 2932 525 Cain
2959 487 3084 526 cum
3124 473 3348 530 fratrem
3377 477 3527 532 0εοὶ-
3626 540 3631 549 ι

1940 563 2130 625 disset,
2164 558 2555 615 multiformem
2592 569 2648 615 et
2674 562 3005 618 celebratam
3057 579 3276 634 poenam
3312 569 3513 623 merito

1939 654 2131 709 subiit.
2181 654 2405 709 Pcenam
2436 669 2657 723 quoque
2686 670 2716 708 a
2780 656 2963 721 seipso
2993 659 3210 728 repetiit
3234 658 3474 716 Lamech
3507 700 3526 725 ,

1939 755 1994 801 et
2023 745 2289 808 Absalon,
2320 747 2417 814 qui
2450 743 2673 800 fratrem
2701 746 2921 802 Amnon
2963 760 3208 817 nccarat,
3252 766 3281 805 a
3327 760 3484 822 patre
3509 792 3526 813 .

1936 837 2092 908 juxta
2124 834 2467 892 Tlmcuitidis
2498 837 2805 909 problema,
2830 854 3176 910 nequaquam
3204 856 3381 899 cresus
3407 836 3526 907 est;

1939 942 2045 985 nec
2078 929 2319 985 Absalon
2366 931 2704 1001 parricidam
2734 947 2895 989 suum
2931 933 3108 989 occidi
3146 934 3367 990 volebat
3410 937 3531 1008 ipse

1941 1018 2133 1085 David,
2164 1022 2259 1076 scd
2293 1036 2472 1092 neque
2500 1037 2600 1079 eos
2633 1025 2727 1094 qui
2767 1038 2894 1079 cum
2939 1025 3132 1080 eodem
3181 1026 3527 1093 defecerant.

1939 1122 2066 1183 post
2088 1112 2217 1169 belli
2246 1114 2410 1170 linem
2437 1117 2633 1186 perimi
2653 1117 2891 1186 jussisse
2920 1119 3200 1188 proditum
3219 1133 3325 1178 est.
3354 1121 3434 1179 Ac
3461 1124 3531 1178 de

1941 1200 2030 1257 his
2081 1201 2350 1259 hactenus
2393 1204 2566 1261 veluti
2615 1206 2967 1277 compendio.
3018 1207 3335 1266 Misericors
3383 1211 3526 1267 enim

1941 1292 2088 1351 Deus
2116 1311 2214 1366 per
2248 1296 2648 1369 castigationes
2671 1337 2687 1363 ,
2735 1298 2790 1353 id
2821 1307 2909 1354 est
2934 1340 2949 1364 ,
2985 1301 3203 1367 exsilia,
3233 1316 3486 1359 carceres
3510 1343 3528 1367 ,

1939 1395 1997 1442 et
2021 1387 2244 1454 similia,
2273 1388 2659 1459 pmnitentiam
2684 1390 2756 1446 ab
2784 1391 2897 1448 illis
2928 1400 3042 1451 tota
3066 1394 3177 1449 vita
3209 1395 3327 1451 vult
3346 1396 3535 1453 obser-

1941 1493 2080 1536 vari.

338 1750 465 1805 Ἐπὶ
493 1751 552 1805 δὲ
582 1756 649 1824 τῇ
675 1754 841 1828 ἑτέρᾳ
863 1757 1148 1836 ὑποθέσει,
1168 1760 1223 1816 τί
1246 1767 1344 1817 καὶ
1374 1765 1603 1836 φῶμενς
1636 1766 1839 1834 εἰδότος

2012 1748 2091 1805 De
2116 1749 2294 1806 altero
2327 1761 2511 1806 autem
2537 1750 2718 1822 capite
2756 1753 2889 1823 quid
2922 1754 3201 1824 dicemus,
3255 1773 3381 1813 cum
3411 1774 3538 1830 per-

254 1859 352 1897 σου
385 1843 480 1897 τοῦ
525 1846 825 1920 ἐχέφρονος
870 1851 967 1904 κα)⁸
1019 1852 1348 1928 δραστηρίου
1382 1856 1476 1912 νοῦ
1524 1858 1596 1912 τὰ
1633 1861 1835 1916 πάντα.

254 1936 353 2001 Ei;
385 1938 521 1993 αὐτὸ
537 1940 699 1994 τοῦτο
719 1942 753 2012 ἡ
771 1941 867 1996 τοῦ
891 1944 1269 2018 προάρξαντος
1295 1949 1528 2014 Λέοντος
1556 1949 1837 2021 ἔνστασις,

257 2029 494 2100 συνᾶραι
530 2032 679 2102 ἡμᾶς
711 2031 871 2102 λόγον
903 2037 1044 2105 μετὰ
1082 2037 1193 2092 τῶν
1226 2040 1554 2113 ἑτεροδόξων
1582 2057 1597 2074 ’
1623 2042 1841 2097 ἀντιθε-

252 2120 424 2186 τικῶς
468 2122 652 2193 κρίσιν
706 2125 1056 2195 ἀποίσοντος,
1105 2129 1183 2196 ὡς
1208 2131 1486 2204 ἐνόμιζεν.
1543 2134 1707 2189 Ἀλλὰ
1744 2136 1842 2190 καὶ⁸

252 2212 428 2267 αὑτοῦ
449 2213 549 2286 ἤδη
577 2216 673 2270 τοῦ
697 2217 1082 2289 βασιλεύοντος
1108 2224 1144 2294 ἡ
1162 2224 1301 2296 αὑτὴ
1326 2224 1578 2292 ἔνστασις
1601 2227 1843 2298 ὁπηνίκα

257 2304 409 2359 κατὰ
435 2306 734 2377 πρόσωπον
760 2311 869 2383 πρὸ
897 2313 1070 2384 τριῶν
1100 2315 1240 2370 ἑτῶν
1263 2317 1515 2393 διελέχθη
1546 2321 1712 2393 ἡμῖν’
1740 2324 1843 2378 οὐκ

255 2394 426 2449 αὐτοῦ
446 2396 701 2467 λέγοντος
721 2402 932 2472 κρίνειν
971 2405 1075 2475 τὴν
1100 2407 1467 2479 διαδικασίαν,
1487 2412 1625 2467 ἀλλὰ
1653 2413 1842 2469 τοῦτον

256 2488 516 2544 κάκεῖνον
554 2491 666 2547 τῶν
710 2492 873 2566 δῆθεν
918 2498 1243 2570 ὁμοφρόνων
1293 2501 1449 2574 ἡμῖν.
1524 2502 1666 2558 Ἀλλ’
1715 2503 1843 2560 οὔτε

255 2582 422 2654 ἡμεῖς
459 2583 511 2637 oi
557 2585 828 2657 παρόντες
876 2589 1022 2644 κατά
1066 2592 1393 2664 πρόσωπονο
1421 2593 1548 2650 οὔτε
1571 2598 1601 2651 6
1633 2596 1844 2664 κλεινὸς

256 2852 371 2926 γὰρ
406 2856 535 2928 περὶ
564 2856 840 2927 βιωτικῶν
864 2863 959 2915 καὶ
990 2865 1274 2935 σαρκικῶν
1301 2868 1331 2921 6
1359 2867 1550 2938 λόγος’
1580 2863 1656 2925 ὧν
1683 2871 1844 2943 βασι-

252 2943 387 3009 λεὺς
409 2945 471 2999 τὸ
499 2947 702 3017 κράτος
712 2947 846 3020 ,ἔχει
892 2949 991 3005 τοῦ
1043 2952 1272 3023 κρίνειν,
1321 2957 1418 3010 καὶ
1465 2955 1529 3011 τὸ
1594 2957 1846 3030 βιωτικδν

253 3038 548 3109 κριτήριον
567 3055 584 3071 ο
614 3038 754 3094 ἀλλὰ
771 3041 904 3114 περὶ
929 3041 1091 3097 θείων
1113 3045 1209 3098 καὶ
1223 3046 1497 3114 οὐρανίων
1523 3047 1842 3120 δογμάτων,

251 3126 285 3181 ὃ
325 3128 509 3194 ἄλλοις
553 3131 655 3186 οὐκ
683 3133 1106 3208 ἐπιτέτραπται,
1139 3136 1174 3208 ἢ
1224 3139 1496 3207 ἐκείνοις,
1548 3136 1631 3209 οἷς
1675 3161 1843 3215 φησιν

253 3219 425 3281 αὐτὸς
452 3223 482 3276 6
503 3221 639 3288 Θεὸς
665 3226 839 3295 Λόγος
859 3243 874 3259 ο
902 3227 1061 3284 Ὅσα
1085 3229 1165 3285 ἂν
1183 3229 1415 3302 δήσητε
1434 3233 1536 3289 ἐπὶ
1568 3235 1680 3306 τῆς
1705 3236 1840 3308 τῆς,

252 3311 433 3367 ἔσται
456 3312 748 3386 δεδεμένα
794 3319 867 3373 ἐν
911 3320 993 3386 τῷ
1025 3323 1288 3393 οὐρανῷ,
1328 3328 1430 3382 καὶ
1459 3326 1578 3383 ὅσα
1601 3327 1680 3388 ἂν
1730 3331 1842 3386 λύ-

252 3420 410 3472 σητε
436 3405 538 3461 ἐπὶ
589 3407 705 3478 τῆς
756 3410 894 3481 τῆς,
946 3412 1122 3469 ἔσται
1164 3417 1477 3488 λελυμένα
1517 3419 1589 3474 ἐν
1624 3418 1707 3487 τῷ
1743 3424 1845 3477 οὐ-

246 3494 445 3563 ρανῷ.
476 3498 638 3564 Τίνες
670 3501 730 3555 δὲ
768 3496 917 3556 οὗτοι
950 3505 1002 3558 οἱ
1036 3506 1455 3579 ὲντεταλμένοι;
1500 3510 1840 3576 Ἀπόστολοι,

254 3589 357 3643 καὶ
380 3591 433 3643 oi
463 3590 672 3647 τούτων
706 3593 968 3667 διάδοχοι.
993 3597 1155 3662 Τίνες
1185 3598 1231 3653 δ’
1254 3597 1353 3655 οὖν
1369 3604 1420 3655 οἱ
1471 3602 1743 3673 διάδοχοι;
1784 3604 1843 3660 '0

252 3682 362 3753 τῆς
395 3683 691 3757 Ῥωμαίων
718 3688 838 3742 νυνὶ
870 3690 1271 3763 πρωτόθρονος,
1304 3695 1334 3748 6
1363 3695 1466 3766 τῆς
1492 3696 1845 3751 Κωνσταντι-

253 3777 570 3844 νουπόλεως
589 3780 946 3852 δευτερεύων,
983 3783 1398 3857 Ἀλεξανδρείας
1418 3804 1479 3840 τε
1506 3786 1602 3841 καὶ
1639 3788 1844 3844 Ἀντιο-

252 3871 436 3942 χείας,
458 3872 555 3927 καὶ
577 3874 608 3927 6
662 3874 1073 3948 Ἱεροσολύμων.
1115 3876 1288 3931 Τοῦτο
1320 3878 1384 3932 τὸ
1429 3878 1844 3951 πεντακόρυφον

255 3964 464 4035 κράτος
486 3966 591 4037 τῆς
632 3967 986 4040 Ἐκκλησίας.
1025 3970 1189 4043 Παρὰ
1221 3970 1437 4035 τούτοις
1460 3971 1523 4025 τὺ
1546 3970 1656 4029 τῶν
1680 3972 1844 4027 θείων

252 4052 552 4125 δογμάτων
577 4059 889 4131 κριτήριον.
916 4060 1197 4115 Βασιλέων
1231 4061 1288 4115 δὲ
1327 4062 1426 4116 xui.
1447 4062 1756 4134 ἡγεμόνων,
1781 4062 1844 4117 τὸ

257 4153 686 4221 συνεπικουρεῖν
720 4152 816 4206 καὶ
862 4153 1388 4226 συνεπισφραγίζειν
1408 4154 1483 4209 τὰ
1509 4154 1840 4228 δεδογμένα·

254 4236 360 4292 καὶΙ
398 4238 742 4296 διαλλάττειν
793 4243 864 4299 τὰ
923 4246 1209 4316 σαρκικῶς
1247 4246 1679 4318 διαφορούμενα.
1727 4248 1846 4303 Οὐκ

252 4329 392 4385 ἄλλο
417 4349 469 4386 τι
508 4333 569 4388 ὲν
608 4338 724 4400 τοῖς
763 4336 932 4402 θείοις
970 4338 1260 4410 δόγμασιν,
1307 4338 1433 4393 οὔτε
1463 4340 1676 4396 δέδοται
1704 4341 1846 4414 πρὸς

252 4421 419 4488 Θεοῦ,
458 4422 585 4481 οὔτε
618 4429 990 4501 γενησόμενον
1015 4433 1297 4503 στήσεται.
1322 4432 1423 4486 Διὰ
1454 4432 1615 4487 τοῦτο
1647 4434 1847 4488 ἀπεδο-

254 4515 507 4587 κιμάσθη
542 4519 637 4573 ἐπὶ
674 4520 769 4573 τοῦ
834 4520 1104 4593 δόγματος
1144 4522 1257 4576 τῶν
1302 4521 1474 4576 θείων
1520 4524 1745 4579 εἰκόνων
1777 4523 1847 4577 τά

251 4608 356 4662 ἐπὶ
393 4607 488 4663 τοῦ
520 4609 691 4665 πάλαι
722 4613 1143 4668 Κωνσταντίνου
1193 4615 1291 4668 καὶ
1318 4615 1551 4680 Λέοντος
1578 4614 1846 4686 βασιλικῷ

251 4696 456 4770 κράτει
495 4700 592 4754 καὶ
643 4700 837 4773 θράσει
868 4703 1327 4775 συνεδριασθέντα
1359 4721 1422 4758 τε
1456 4706 1552 4759 καὶ
1598 4704 1848 4777 βατταρι-

254 4790 460 4846 σθέντα
476 4807 494 4824 ’
519 4793 608 4862 ἐφ’
635 4791 716 4857 οἷς
735 4795 950 4867 ἐτμήθη
974 4798 1007 4867 ἡ
1027 4797 1159 4869 τῇδε
1181 4796 1479 4868 Ἐκκλησία
1505 4798 1616 4852 τῶν
1641 4798 1844 4869 ἑτέρων

249 4885 539 4956 τεττάρων
585 4886 1054 4959 ἀναθεματισμοῖς
1103 4888 1522 4961 ὑποϐαλλομένη
1557 4890 1805 4953 αἰωνίοις
1828 4931 1844 4955 ,

254 4978 521 5049 σφραγῖδι
575 4978 674 5033 τοῦ
720 4980 880 5048 ἁγίου
926 4980 1265 5052 Πνεύματοης.
1328 4978 1463 5037 Εἶτα
1527 4982 1665 5053 ἐλέῳ
1709 4983 1845 5036 Θεοῦ

247 5070 468 5143 ἠγέρθη
497 5070 669 5142 κέρας
691 5070 1003 5142 ὀρθοδοξίας
1030 5074 1125 5125 ἐπὶ
1150 5073 1388 5144 Εἰρήνης
1436 5074 1536 5144 τῆς
1578 5075 1723 5128 πάνυ
1748 5074 1847 5128 σὺν

247 5161 337 5235 τῷ
384 5162 558 5234 αὐτῆς
590 5162 852 5235 ραδάμνῳ
876 5181 890 5195 ο
925 5164 1011 5232 ἐφ’
1044 5159 1114 5236 ἧς
1167 5165 1419 5237 συνήφθη
1452 5166 1523 5218 τὰ
1578 5165 1848 5219 διεστῶτα

255 5257 463 5329 μέχρις
486 5258 720 5321 Λέοντος
738 5256 833 5311 τοῦ
852 5254 1163 5329 προσεχοῦς
1184 5276 1201 5290 ο
1228 5258 1314 5327 ἐφ’
1334 5252 1379 5326 ᾧ
1401 5252 1557 5322 αὖθις
1578 5256 1846 5329 διετμήθη

249 5356 286 5426 ή
319 5350 450 5421 τῇδε
490 5349 813 5422 Ἐκκλησία,
846 5349 1366 5423 ἁναθεματιζομένη
1411 5351 1518 5405 ὑπὸ
1561 5351 1673 5405 τῶν
1706 5367 1845 5423 προ-

252 5443 430 5516 τέρων
467 5442 800 5516 ἰσορρόπως.

1941 1849 2128 1909 specta
2169 1840 2280 1896 sint
2315 1841 2501 1896 omnia
2536 1843 2790 1912 prudenti
2835 1859 2901 1899 ac
2928 1845 3118 1900 solerti
3160 1849 3332 1903 menti
3382 1850 3535 1904 tum?

1941 1930 2147 1989 Eodem
2186 1933 2449 1988 nimirum
2494 1935 2753 1990 tendebat
2782 1935 2988 1993 Leonis
3022 1953 3201 2009 nuper
3235 1940 3534 2010 imperato-

1941 2022 2021 2078 ris
2053 2032 2324 2086 conatus.
2361 2033 2421 2079 ut
2471 2040 2572 2082 nos
2622 2040 2751 2082 cum
2812 2027 3170 2086 heterodoxis
3219 2046 3531 2089 sermonem

1941 2115 2325 2173 conferremus
2358 2117 2704 2189 disceptante
2742 2121 2874 2176 illo:
2900 2128 2961 2178 ut
3005 2123 3345 2179 contrariam
3373 2126 3531 2181 nobis

1943 2209 2274 2264 sententiam
2316 2207 2506 2276 ferret,
2547 2210 2693 2266 sicut
2733 2213 2981 2283 putabat.
3008 2213 3152 2281 Quin
3191 2224 3245 2271 et
3272 2217 3394 2287 ejus
3435 2218 3532 2288 qui

1942 2314 2092 2354 nunc
2126 2300 2393 2370 imperat,
2446 2316 2604 2358 mens
2637 2303 2829 2359 eadem
2876 2302 3019 2369 fuit,
3073 2321 3198 2361 cum
3250 2315 3379 2364 ante
3420 2317 3534 2363 tres

1942 2404 2121 2447 annos
2169 2392 2458 2449 nobiscum
2516 2408 2705 2449 coram
2744 2394 2876 2465 egit,
2924 2396 3000 2450 ita
3034 2405 3212 2454 tamen
3240 2406 3302 2454 ut
3325 2412 3535 2470 nequa-

1943 2499 2110 2555 quam
2142 2484 2385 2557 iudicem
2418 2502 2479 2542 se
2509 2485 2758 2542 futurum
2792 2487 3028 2551 diceret,
3067 2491 3160 2546 sed
3189 2492 3337 2547 hunc
3369 2503 3534 2563 atque

1944 2576 2099 2631 illum
2151 2576 2366 2633 scilicet
2410 2591 2479 2633 ex
2518 2577 2586 2633 iis
2636 2577 2732 2649 qui
2763 2578 3060 2636 nobiscum
3091 2581 3284 2637 eadem
3324 2584 3534 2639 sentie-

1944 2669 2098 2725 bant.
2133 2667 2241 2725 Sed
2269 2685 2449 2741 neque
2480 2685 2584 2725 nos
2617 2670 2714 2742 qui
2750 2681 3049 2741 praesentes
3074 2672 3393 2743 aderamus,
3430 2691 3535 2732 ne-

1945 2777 2055 2833 que
2082 2763 2324 2835 inclytus
2358 2762 2607 2834 pontifex
2641 2772 2834 2820 noster
2882 2764 2938 2820 id
2989 2766 3134 2829 tulit,
3173 2766 3378 2838 quippe
3426 2768 3536 2824 ini-

1945 2870 2116 2926 quum
2162 2866 2219 2911 et
2267 2855 2537 2923 alienum,
2570 2856 2729 2927 quod‘
2751 2871 2887 2912 sane
2918 2872 3108 2913 verum
3141 2868 3225 2915 est
3247 2898 3265 2922 ,
3310 2860 3536 2917 domine

1946 2947 2024 3005 mi
2046 2948 2538 3004 desideratissime.
2564 2947 2685 3004 Non
2714 2950 2864 3004 enim
2897 2948 2966 3006 de
2992 2950 3159 3007 rebus
3194 2951 3384 3008 saeculi
3406 2967 3535 3008 car-

1949 3041 2150 3114 nisque
2177 3057 2366 3098 sermo
2395 3049 2500 3109 est,
2523 3042 2591 3099 de
2619 3040 2824 3115 quibus
2856 3043 3141 3115 iudicandi
3169 3060 3336 3116 penes
3362 3044 3537 3116 impe-

1950 3142 2190 3190 ratorem
2219 3141 2461 3205 potestas
2485 3143 2591 3200 est,
2614 3142 2672 3190 et
2700 3134 2975 3205 judicium
3006 3136 3269 3192 smenlare
3296 3153 3311 3191 :
3336 3138 3432 3193 sed
3467 3138 3537 3194 de

1949 3226 2152 3282 divinis
2189 3241 2254 3282 ac
2279 3226 2601 3283 caelestibus
2639 3226 3008 3298 dogmatibus,
3056 3242 3180 3297 quae
3227 3228 3354 3284 aliis
3384 3243 3539 3285 com-

1951 3317 2117 3375 missa
2145 3333 2253 3373 non
2285 3328 2416 3374 sunt
2448 3332 2615 3389 quam
2643 3318 2710 3373 iis
2737 3319 2941 3389 quibus
2974 3318 3118 3375 Deus
3153 3319 3272 3390 ipse
3290 3318 3533 3376 Verbum

1949 3410 2125 3466 dixit:
2159 3409 2498 3481 Quaecunque
2554 3409 2848 3481 ligaveritis
2926 3426 3083 3481 super
3132 3420 3328 3466 terram
3377 3423 3534 3466 erunt

1947 3501 2119 3573 ligata
2172 3510 2223 3557 et
2268 3503 2326 3556 in
2372 3502 2501 3556 caelo
2529 3517 2549 3556 :
2581 3510 2631 3556 et
2672 3518 2993 3573 quiscunque
3048 3501 3310 3558 solveritis
3378 3519 3539 3572 super

1953 3604 2173 3659 terram,
2206 3603 2361 3648 erant
2392 3594 2570 3649 soluta
2594 3605 2643 3648 et
2675 3597 2729 3648 in
2756 3594 2883 3650 caelo
2908 3595 2952 3650 ⁸.
2994 3595 3228 3662 Quinam
3266 3606 3446 3652 autem
3478 3598 3535 3655 hi

1951 3696 2084 3741 sunt
2113 3687 2317 3757 quibus
2361 3687 2467 3741 hoc
2502 3686 2722 3756 jussum
2758 3687 2896 3742 fuit?
2943 3688 3190 3757 Apostoli
3236 3695 3292 3743 ct
3341 3705 3533 3745 eorum

1951 3792 2320 3833 successores.
2356 3777 2590 3844 Quinam
2636 3792 2803 3848 porro
2849 3787 2980 3832 sunt
3012 3780 3406 3834 successores?
3431 3780 3536 3846 Qui

1954 3870 2257 3925 Romanam
2308 3886 2459 3925 nunc
2499 3870 2734 3940 primam
2783 3871 2965 3925 sedem
2997 3880 3185 3926 tenet:
3246 3874 3338 3942 qui
3386 3870 3535 3928 Cou-

1953 3961 2498 4032 stantiuopolitauam
2529 3962 2865 4029 secundam;
2937 3979 3030 4033 qui
3064 3964 3489 4019 Alexandrinam
3517 4007 3534 4031 ,

1950 4064 2007 4109 et
2063 4052 2504 4114 Antiochenam,
2554 4060 2609 4106 et
2657 4051 2752 4120 qui
2786 4050 3362 4124 llierosolymitanam,
3412 4052 3538 4108 llaec

1951 4144 2297 4216 quinivertex
2348 4148 2590 4214 potestas
2643 4140 2903 4199 Ecclesiae
2947 4160 2962 4197 :
3008 4157 3179 4214 penes
3240 4143 3342 4201 hos
3397 4145 3540 4200 divi-

1952 4250 2149 4291 norum
2202 4235 2517 4304 dogmatuui
2569 4232 2867 4299 judicium.
2942 4233 3340 4304 lmperatorum
3408 4250 3539 4290 vero

1951 4338 2007 4386 et
2037 4328 2332 4401 prtesidum
2363 4334 2450 4382 est
2483 4340 2640 4395 opem
2695 4324 2857 4392 ferre,
2912 4334 2967 4381 et
3013 4328 3374 4397 comprobare
3416 4345 3539 4400 qua:

1952 4423 2173 4478 decreta
2220 4426 2390 4484 sunt,
2448 4427 2503 4474 et
2555 4418 2912 4474 reconciliare
2941 4419 3037 4489 qui
3085 4421 3382 4475 carnaliter
3421 4423 3539 4476 dis-

1948 4515 2128 4570 sident
2173 4529 2239 4569 ac
2284 4512 2623 4582 discrepant.
2680 4510 2835 4566 llaud
2911 4512 3058 4567 aliud
3113 4513 3408 4583 quidquam
3470 4514 3539 4569 de

1947 4608 2151 4663 divinis
2176 4605 2556 4676 dogmatibus,
2586 4618 2767 4675 neque
2798 4618 2830 4658 a
2861 4602 2976 4660 Deo
3002 4606 3265 4659 traditum
3298 4615 3402 4669 est,
3437 4620 3538 4661 nec

1947 4701 1995 4758 si
2027 4701 2140 4765 tiat,
2169 4699 2356 4755 stabit.
2405 4697 2704 4769 Propterea
2734 4697 2967 4768 explosa
2991 4708 3045 4753 et
3069 4697 3272 4768 rejecta
3307 4696 3537 4753 fuerunt

1948 4794 2095 4849 circa
2140 4792 2453 4847 divinarum
2514 4790 2817 4859 imaginum
2853 4790 3047 4858 dogma
3076 4830 3092 4853 ,
3148 4804 3211 4844 ea
3256 4805 3380 4861 qua:
3434 4794 3537 4847 sub

1948 4884 2314 4940 Constantino
2342 4883 2581 4953 quodam
2611 4890 2666 4937 et
2693 4880 2879 4937 Leone
2914 4881 3065 4952 regia
3096 4884 3339 4951 potentia
3365 4890 3535 4953 atque

1949 4975 2180 5029 audacia
2234 4974 2289 5027 iu
2336 4971 2706 5028 conciliabula
2759 4980 2881 5026 acta
2930 4981 2985 5026 et
3052 4986 3335 5041 perperam
3390 4973 3539 5029 dicta

1950 5074 2099 5122 sunt.
2133 5065 2381 5132 Quorum
2423 5080 2590 5118 causa
2639 5062 2818 5118 divisa
2870 5064 2987 5118 haec
3045 5076 3236 5120 nostra
3294 5064 3537 5122 Ecclesia

1949 5160 2052 5215 fuit
2100 5174 2133 5214 ιι
2161 5158 2370 5215 caeteris
2391 5168 2648 5228 quatuor,
2702 5156 3180 5215 auatbematismis
3214 5158 3408 5215 allecto
3440 5174 3540 5230 pe-

1949 5253 2218 5310 rennibus
2248 5292 2265 5319 ,
2306 5252 2644 5322 approbante
2672 5248 2882 5323 Spiritu
2924 5261 3140 5308 sancto.
3191 5251 3325 5308 Post
3381 5253 3539 5318 haec,

1950 5345 2063 5402 Deo
2092 5344 2411 5409 miserante,
2431 5354 2678 5400 erectum
2709 5350 2796 5398 est
2832 5356 3006 5398 cornu
3034 5342 3160 5398 tidei
3187 5344 3536 5413 orthodoxae,

1949 5454 2151 5512 magna
2180 5437 2337 5495 [rene
2368 5437 2661 5509 imperium
2692 5435 2979 5491 obtinente
3007 5449 3134 5490 cum
3162 5436 3390 5492 surculo
3413 5452 3540 5501 suo,

252 5550 370 5610 quo
413 5542 661 5606 tempore
690 5549 817 5605 quae
855 5533 1073 5592 divulsa
1121 5542 1281 5591 erant
1317 5536 1648 5593 coaluerunt
1699 5550 1878 5606 usque
1916 5534 1985 5591 ad
2036 5531 2349 5603 proximum
2398 5530 2637 5589 Leonem
2672 5548 2688 5586 :
2722 5527 2825 5585 sub
2854 5541 2964 5598 quo
3015 5526 3218 5584 iterum
3263 5527 3539 5605 discerpta

254 5639 347 5688 est
370 5626 617 5684 Ecclesia
642 5636 928 5692 nostra,et
952 5627 1023 5683 ab
1046 5627 1242 5684 iisdem
1270 5630 1476 5701 pariter
1496 5631 1851 5689 anathemate
1888 5629 2167 5685 damnata.

358 5727 383 5759 ³
414 5725 434 5782 1
470 5724 682 5781 Thess.
728 5739 794 5788 v,
827 5724 919 5782 15.
1023 5725 1046 5758 ⁸
1080 5724 1273 5784 Matth.
1316 5744 1427 5795 xvr,
1466 5727 1553 5785 l9.

552 5819 830 5887 Ρισηοι.
872 5820 992 5882 Gn.
1023 5821 1238 5885 XCIX.

3096 5813 3178 5880 45
