4060 6374
565 308 702 376 1419
1442 296 1447 297 ί
1757 314 1816 375 s.
1849 311 2154 374 meone

2287 310 2635 373 STUDITE
3700 311 3837 375 1420

632 416 779 473 Fieri
815 432 950 489 ergo
984 417 1135 474 nulla
1180 416 1395 474 ratione
1427 425 1633 490 potest,
1673 416 1929 480 domine.
1958 429 2019 472 ut
2045 434 2145 472 εαξ-
2167 421 2219 480 Α

561 512 738 569 culari
768 512 980 581 judicio
1029 511 1276 567 divinum
1321 510 1598 581 judicium
1637 520 2013 581 comparetur,
2049 518 2146 565 aut

565 613 627 661 ut
670 605 946 659 coalescat
1002 603 1122 659 haec
1179 603 1427 659 Ecclesia
1487 617 1597 658 non
1668 602 2145 658 consentientibus

560 696 807 769 quinque
852 695 1206 766 patriarcltis.
1239 694 1397 763 Quod
1426 696 1472 751 si
1509 705 1664 767 roget
1689 694 2001 767 quispiam,
2031 710 2146 765 quo

562 803 722 863 pacto
766 793 824 847 id
872 793 992 847 ﬁeri
1036 793 1256 863 possit?
1309 790 1369 846 Si
1406 792 1697 857 excedant,
1728 790 1996 861 inquam,
2048 788 2145 844 Dei

564 886 824 941 Ecclesiis
858 885 1180 940 Iteterodoxi
1206 925 1222 950 ,
1273 892 1329 938 et
1378 883 1655 954 propriam
1686 882 1875 940 sedem
1916 883 2148 954 recipiat

561 976 841 1047 quondam
869 974 1214 1044 Nicepltorus
1248 989 1403 1030 sacer
1434 976 1767 1046 patriarcha.
1796 975 1928 1044 Qui,
1955 986 2149 1033 coacto

560 1085 754 1126 eorum
798 1077 1074 1124 conventu
1133 1081 1261 1122 cum
1307 1067 1512 1137 quibus
1553 1076 1836 1124 certamen
1885 1069 2150 1125 sustinuit

567 1162 635 1225 (si
662 1161 780 1217 ﬁeri
828 1176 934 1215 non
976 1162 1157 1231 possit
1188 1169 1248 1215 ut
1287 1160 1357 1215 ab
1396 1160 1521 1217 aliis
1576 1160 1921 1231 patriarchis
1966 1161 2151 1216 adsint

564 1251 793 1315 vicarii,
825 1250 973 1321 quod
1006 1261 1155 1307 certe
1182 1252 1301 1306 ﬁeri
1337 1261 1554 1323 potest,
1593 1252 1641 1308 si
1671 1252 1807 1308 velit
1850 1253 2150 1323 imperator

565 1341 973 1398 Occidentalem
1011 1342 1304 1409 interesse,
1337 1344 1427 1399 cui
1456 1352 1509 1400 et
1538 1354 1785 1415 potestas
1816 1360 2034 1401 summa
2056 1346 2151 1401 de-

568 1433 940 1504 fertursynodi
966 1434 1367 1505 meumeuicze),
1396 1443 1634 1489 attamen
1677 1449 1864 1504 pacem
1895 1434 2154 1491 conﬁciat

564 1533 620 1581 et
647 1526 1096 1595 conjunctiouem
1124 1565 1140 1587 ,
1191 1527 1479 1599 synodicas
1512 1541 1644 1582 suas
1676 1526 1745 1581 ad
1780 1527 1973 1597 primae
2002 1528 2151 1584 sedis

563 1618 853 1688 praesulem
920 1617 1210 1673 mittendo.
1272 1618 1430 1686 Quod
1474 1620 1521 1675 si
1566 1620 1673 1675 hoc
1724 1621 1956 1675 minime
2017 1636 2152 1691 prov

565 1711 658 1767 bet
709 1711 1046 1781 imperator,
1087 1711 1459 1782 deﬂexitque.
1510 1721 1572 1767 ut
1639 1713 1757 1782 ipse
1809 1714 1925 1781 ait,
1974 1728 2006 1768 a
2055 1728 2151 1768 ve-

2333 419 2642 490 Ἀμήχανον
2671 411 2766 471 οὖν
2811 417 2981 484 ἐστιν,
3015 411 3061 472 ὧ
3110 418 3372 483 δέσποτα,
3420 419 3667 492 βιωτικῷ
3709 439 3833 492 κρι-

2243 510 2417 582 τηρὶῳ
2438 509 2888 582 παραϐάλλεσθαι
2917 510 2979 563 τὸ
2993 508 3139 563 θεῖον
3154 511 3468 580 κριτήριον,
3490 510 3525 582 ἢ
3544 510 3836 581 συναφθῆ-

2243 619 2334 657 ναι
2364 603 2525 674 τήνδε
2557 603 2661 674 τὴν
2701 602 3056 674 Ἐκκλησίαν,
3088 603 3165 674 μὴ
3187 604 3310 675 οὐχὶ
3333 603 3711 671 ὁμονοούντων
3729 605 3837 657 τῶν

2246 696 2412 749 πέντε
2461 695 2846 767 πατριαρχῶν.
2898 695 2963 750 Ei
3025 696 3086 750 δέ
3122 713 3208 760 τις
3254 696 3495 768 ὲρωτοίη
3562 697 3665 752 καὶ
3718 697 3837 761 πῶς

2245 788 2522 859 ἐνδέχεται
2547 785 2709 842 τοῦτο
2736 787 3032 857 γενέσθαιο
3067 788 3148 860 τῷ
3187 791 3449 861 ἐκστῆναι
3489 790 3623 855 τοὺς
3650 792 3840 861 ἑτερο⁹

2246 880 2435 949 δόξους
2476 880 2589 937 τῶν
2634 880 2732 937 τοῦ
2787 881 2922 936 Θεοῦ
2969 883 3343 955 Ἐκκλησιῶν·
3393 885 3491 939 καὶ
3535 883 3840 939 ἀπολαϐεῖν

2251 972 2346 1024 τὸν
2377 973 2578 1027 οἰκεῖον
2605 972 2798 1044 θρόνον
2819 972 3136 1045 Νικηφόρον
3156 973 3250 1027 τὸν
3287 973 3435 1045 ἱερὸν
3459 975 3838 1047 πατριάρχηνο

2248 1060 2310 1126 ὃς
2360 1060 2725 1132 συνεδρεύσας
2785 1061 2905 1133 μεθ’
2955 1056 3033 1117 ὧν
3062 1063 3403 1135 συνήθλησεν
3432 1066 3506 1135 (εἰ
3553 1066 3661 1119 οὐκ
3690 1064 3841 1119 ivdi-

2251 1171 2410 1227 χεται
2428 1156 2495 1208 ὲκ
2521 1155 2633 1209 τῶν
2653 1155 2832 1211 ἄλλων
2852 1157 3216 1228 πατριαρχῶν
3239 1159 3504 1229 παρεῖναι
3526 1157 3840 1229 ἀντιπροσ-

2249 1247 2456 1314 ώπους.
2493 1249 2672 1321 Ὅπερ
2720 1249 2950 1304 δυνατόν
2978 1250 3155 1317 ἐστιν,
3187 1252 3234 1304 εί
3277 1250 3423 1305 θέλοι
3453 1250 3715 1322 βασιλεὺς
3752 1250 3842 1306 τὸν

2251 1341 2316 1393 ὲκ
2343 1339 2561 1405 Δύσεως
2594 1343 2857 1412 παρεῖναι
2883 1355 2898 1371 ’
2933 1332 2978 1408 ᾧ
3020 1341 3120 1394 καὶ
3152 1340 3213 1395 τὸ
3258 1341 3464 1412 κράτος
3500 1341 3842 1413 ἀναφέρεται

2250 1433 2352 1503 τῆς
2380 1433 2776 1506 οἱκουμενικῆς
2811 1431 3083 1504 συνόδου),
3139 1433 3480 1504 άποπεράνοι
3528 1434 3599 1488 ἂν
3654 1433 3720 1488 τὸ
3745 1433 3843 1504 τῆς

2252 1528 2502 1599 εἰρήνης,
2530 1527 2708 1582 καὶτὸ
2727 1526 2832 1598 τῆς
2852 1525 3156 1596 συναφείας
3184 1527 3614 1599 βραδευτήριον,
3646 1527 3839 1598 δηλον-

2252 1621 2335 1674 ότι
2374 1618 2446 1674 δι⁸
2493 1619 2715 1675 οἰκείων
2747 1619 3044 1676 συνοδικῶν
3069 1619 3555 1689 άποστελλομένων
3582 1619 3666 1690 τῷ
3687 1638 3839 1689 πρω-

2253 1714 2516 1786 τοθρόνῳ.
2551 1714 2616 1768 El
2662 1714 2721 1769 δὲ
2774 1713 2837 1768 οὐ
2868 1702 3031 1769 τὸύτο
3069 1713 3435 1769 καταδεκτέον
3470 1713 3552 1785 τῷ
3606 1713 3836 1785 βασιλεῖ,

565 1804 729 1860 ritate
755 1803 1104 1873 Nicephorus
1133 1803 1448 1874 patriarcha
1474 1822 1489 1859 :
1522 1805 1789 1861 mittenda
1823 1817 1908 1861 est
1937 1807 2006 1861 ad
2040 1805 2151 1861 Ro-

2257 1806 2354 1860 καὶ
2406 1806 2482 1871 ῶς
2511 1823 2648 1878 φησι
2698 1806 3032 1879 παρετράπη
3087 1806 3188 1860 σὺν
3240 1808 3375 1878 ἡμῖν
3427 1807 3529 1878 τῆς
3578 1805 3839 1879 ἀληθείας

567 1914 797 1953 manum
831 1915 898 1953 ex
938 1909 1171 1968 utraque
1206 1908 1360 1968 parte
1387 1900 1589 1969 legatio
1614 1942 1629 1966 ,
1673 1910 1723 1956 et
1753 1901 1877 1956 inde
1907 1902 2033 1973 ﬁdei
2062 1919 2154 1956 ac-

567 1992 811 2062 cipienda
851 1992 1137 2048 uertitudo.
1176 1993 1393 2047 Etenim
1443 1994 1525 2048 sic
1575 2008 1660 2049 res
1708 1993 1917 2059 habet,
1955 2003 2053 2062 ut,
2106 1994 2151 2051 si

566 2086 784 2142 aberret
816 2102 962 2141 unus
991 2102 1022 2141 e
1054 2086 1411 2157 patriarcltis,
1448 2102 1479 2140 a
1520 2085 1735 2142 caeteris
1773 2086 2024 2157 ejusdem
2061 2102 2154 2142 or-

566 2176 744 2243 dinis,
800 2178 1265 2248 quemadmodum
1316 2178 1543 2233 divinus
1598 2176 1896 2250 Dionysius
1946 2179 2152 2249 tradit,

564 2268 971 2325 correctionem
998 2268 1278 2334 admittat,
1314 2283 1426 2322 non
1464 2268 1534 2323 ab
1566 2267 1990 2337 imperatoribus
2013 2271 2157 2340 judi-

565 2370 1090 2431 eeturtexsurgant
1143 2361 1275 2416 licet
1325 2375 1517 2415 omnes
1569 2368 1842 2431 quotquot
1906 2378 2153 2432 unquam

565 2453 793 2509 fuerunt
860 2454 1227 2522 imperatores
1272 2451 1585 2507 orthodoxi.
1641 2453 1818 2524 Atque
1869 2453 1974 2510 ltoc
2010 2469 2153 2519 sane

565 2553 735 2617 caput
774 2544 1061 2615 despicere
1112 2543 1342 2599 minime
1386 2543 1550 2599 debet
1595 2543 1895 2614 imperator
1944 2554 2153 2614 noster,

567 2636 665 2692 sed
710 2646 840 2691 ante
869 2636 1056 2690 omnia
1089 2635 1275 2707 magni
1323 2634 1510 2690 facere
1535 2682 1549 2702 ,
1585 2635 1642 2690 in
1689 2651 1801 2706 quo
1847 2645 1903 2691 et
1939 2636 2153 2708 imperii

565 2728 825 2794 felicitas,
872 2737 929 2781 et
969 2727 1121 2799 juste
1166 2727 1438 2799 regnandi
1492 2743 1696 2783 munus
1748 2728 1990 2798 positum
2044 2738 2151 2785 est.

569 2821 733 2876 Aliud
769 2820 906 2875 nihil
940 2820 1212 2876 sentimus
1241 2834 1344 2876 nos
1376 2819 1612 2875 humiles
1644 2829 1700 2876 et
1730 2821 1959 2892 indigni,
1991 2836 2156 2878 oran-

572 2923 657 2968 tes
702 2928 805 2983 pro
857 2912 1120 2983 optabilis
1154 2912 1280 2967 vitae
1327 2922 1437 2968 tua:
1474 2912 1857 2984 prosperitate.
1909 2913 1967 2969 Si
2024 2916 2155 2986 quid

568 3004 810 3076 denique
840 3005 970 3061 huic
1002 3004 1251 3075 epistolae
1279 3003 1466 3071 deest,
1518 3005 1588 3060 de
1612 3020 1682 3061 eo
1713 3007 2153 3063 venerandorum

567 3093 929 3165 vestigiorum
988 3101 1211 3148 tuorum
1256 3092 1518 3149 adorator
1560 3094 1883 3151 tabellarius
1926 3111 2155 3168 respon-

570 3184 743 3242 debit.

818 3295 1035 3352 CXXX.
1060 3329 1131 3342 ——
1154 3296 1529 3354 Cizarensium
1563 3299 1913 3365 fraternitati.

2252 1897 2574 1970 Νικηφόρος
2625 1899 2655 1952 ὁ
2684 1898 2974 1970 πρόεδρος,
3022 1896 3085 1964 ἐξ
3128 1899 3391 1969 ἑκατέρου
3445 1899 3654 1970 μέρους
3706 1899 3837 1953 ἀπο.

2253 1990 2512 2043 σταλτέον
2545 1990 2687 2061 πρὸς
2724 1988 2816 2044 τὸν
2863 1989 3110 2061 Ῥώμης.
3151 1988 3742 2061 Κάκεῖθεν.δεχέσθω
3774 1989 3835 2044 τὸ

2252 2082 2538 2153 ἀσφαλὲς
2571 2082 2683 2154 τῆς
2713 2084 2999 2151 πίστεως.
3034 2083 3150 2138 Καὶ
3207 2084 3319 2154 γάρ
3362 2083 3540 2148 οὔτως
3584 2084 3742 2156 ἔχει’
3790 2086 3836 2136 εί

2255 2178 2595 2248 παρα-τραπῇ
2629 2169 2713 2240 εἷς
2740 2176 2808 2230 ἐκ
2836 2177 2948 2230 τῶν
2977 2174 3344 2247 πατριαρχῶν
3362 2175 3472 2229 ὑπὸ
3494 2175 3608 2229 τῶν
3638 2175 3837 2244 ὁμοτα-

2252 2269 2389 2339 γῶν,
2421 2268 2565 2324 καθά
2587 2271 2799 2341 φησινό
2824 2269 2968 2335 θεῖος
3002 2269 3307 2332 Διονύσιος,
3327 2270 3428 2342 τὴν
3459 2269 3839 2342 ἐπανόρθωσιν

2253 2362 2548 2435 λήψεσθαι,
2575 2364 2676 2435 οὐχ
2701 2362 2810 2417 ὑπὸ
2842 2363 3113 2435 βασιλέων
3142 2363 3459 2436 κρίνεσθαι·
3499 2365 3610 2419 κᾶν
3647 2365 3843 2430 tgna-

2256 2455 2425 2508 στῶσι
2454 2454 2660 2518 πάντες
2678 2455 2730 2509 oi
2745 2454 3211 2528 ὀρθοδοξήσαντες
3229 2454 3470 2527 βασιλεῖς
3492 2472 3508 2486 ·
3534 2456 3636 2509 καὶ⁵
3651 2454 3843 2509 τούτου

2252 2547 2349 2603 τοῦ
2406 2548 2707 2618 κεφαλαίου
2747 2549 2849 2604 οῦκ
2896 2549 3107 2619 ὀφείλει
3154 2549 3447 2618 ἀφειδῆσαι
3496 2549 3532 2601 ό
3584 2547 3845 2619 βασιλεὺς

2253 2639 2434 2710 ἡμῶν.
2477 2640 2640 2695 una
2691 2641 2788 2695 καὶ
2822 2639 2933 2713 πρὸ
2983 2641 3204 2696 πάντων
3234 2658 3300 2711 γε
3336 2640 3629 2713 φροντίσαι
3653 2655 3673 2674 °
3717 2640 3777 2693 ἑν
3800 2632 3845 2709 ᾧ

2254 2734 2353 2787 καὶ
2380 2733 2442 2787 τὸ
2473 2734 2751 2805 βασίλειον
2793 2734 3072 2806 μακάριον
3094 2751 3109 2765 ·
3142 2735 3239 2788 καὶ
3264 2733 3328 2787 τὸ
3361 2733 3675 2805 βασιλεύειν
3696 2732 3839 2785 ἐννό-

2258 2839 2376 2894 μως
2402 2821 2730 2895 δεδώρηται.
2768 2823 2934 2878 Ἀλλο
2964 2841 3018 2877 τι
3064 2824 3126 2877 ού
3175 2823 3484 2897 φρονοῦμεν
3512 2824 3569 2876 οἱ
3596 2825 3845 2875 ταπεινοὶ

2256 2916 2354 2970 καὶ
2412 2915 2655 2982 ἀνάξιον
2713 2917 3143 2989 ὑπερευχόμενοι
3194 2917 3294 2987 τῆς
3357 2915 3698 2969 πολυεύκτου
3752 2930 3845 2967 σου

2256 3008 2510 3074 εύζωῖας.
2565 3007 2629 3063 Ei
2679 3009 2739 3063 δέ
2791 3026 2846 3063 τι
2880 3009 3099 3073 ἐλλιπὲς
3137 3009 3196 3060 ἐν
3248 3010 3364 3071 τοίς
3417 3008 3771 3078 γράμμασιν,
3818 3007 3847 3058 ό

2257 3101 2655 3172 προσκυνητὴς
2694 3100 2806 3155 τῶν
2842 3101 3047 3173 τιμίων
3085 3117 3181 3155 σου
3215 3101 3377 3171 ίχνῶν
3424 3100 3524 3153 καὶ
3551 3099 3848 3169 ἒπιστολη-

2184 3175 2228 3234 (ἶ
2261 3192 2426 3264 φόρος
2457 3194 2881 3266 ἀπολογήσεται.

2434 3306 2538 3362 PA’
2574 3308 2710 3379 (26).
2740 3340 2811 3350 —
2840 3307 2922 3378 Τῇ
2942 3308 3310 3380 ἀδελφότητι
3332 3306 3617 3377 Κιζάρων.
3648 3304 3846 3378 [χπδϊ]

1592 3412 1671 3464 De
1701 3413 1839 3465 obitu
1868 3414 2078 3478 abbatis,
2102 3432 2253 3482 quem
2299 3434 2603 3487 magnOpere
2636 3424 2818 3473 laudat.

642 3525 881 3583 Nuntius
895 3524 1243 3581 dormitionis
1258 3526 1563 3595 spiritualis
1583 3525 1762 3585 Patris
1784 3530 1960 3585 nostri
1986 3546 2051 3586 ac
2075 3547 2162 3589 ve-

571 3620 693 3688 stri,
716 3619 1061 3675 dilectissimi
1088 3618 1306 3686 fratres,
1325 3620 1567 3676 animatn
1585 3632 1826 3677 nostram
1841 3633 2159 3680 consterna-

574 3712 674 3780 vit,
708 3721 768 3768 ut
795 3728 895 3783 par
916 3722 1053 3778 erat,
1077 3712 1451 3784 acerbumque
1482 3714 1744 3786 gemitum
1795 3715 2020 3782 elicuit,
2049 3735 2158 3774 non

572 3806 781 3861 mortui
811 3821 1014 3873 causa;
1052 3806 1247 3863 beatus
1275 3808 1425 3863 enim
1462 3807 1572 3873 ille,
1604 3824 1699 3878 qut
1728 3808 1947 3864 beatam
1982 3811 2159 3866 vitam

572 3898 1498 3969 consummavit:quandoquitlem
1545 3910 1600 3954 et
1649 3900 1856 3969 probus
1886 3899 1990 3955 fuit
2035 3916 2157 3957 mo-

571 3991 787 4048 nachus
821 4002 877 4047 et
910 3991 1174 4063 praeclare
1201 4007 1262 4048 se
1289 3991 1540 4048 exercuit
1572 4007 1745 4063 usque
1789 3994 1857 4049 ad
1894 3994 2109 4049 senium
2139 4034 2155 4061 ,

569 4084 828 4157 quodque
857 4095 1024 4156 caput
1055 4093 1163 4152 est,
1202 4085 1567 4141 orthodoxam
1607 4086 1767 4142 ﬁdem
1816 4102 2157 4145 conservans

570 4181 715 4235 inter
742 4179 1158 4249 persecutiones
1175 4189 1232 4234 et
1264 4188 1550 4251 susceptas
1576 4194 1677 4250 pro
1698 4188 1849 4236 recto
1877 4196 2157 4237 mrumnas

574 4272 814 4327 excessit
877 4287 908 4327 e
961 4273 1075 4328 vita
1110 4312 1128 4338 ,
1186 4273 1417 4344 iustitiae
1473 4274 1881 4343 quodammodo
1936 4283 2157 4345 propter

568 4362 773 4420 Christi
801 4363 1210 4421 confessionem
1239 4380 1444 4419 corona
1482 4366 1812 4421 redimitus:
1839 4364 1937 4422 sed
1975 4366 2154 4422 nostri

568 4469 769 4522 causa,
819 4464 916 4511 aut
965 4455 1135 4511 vestri
1211 4456 1458 4527 ipsorum
1497 4457 1713 4525 potius,
1750 4456 1843 4527 qui
1900 4456 2150 4515 derelicti

567 4549 739 4614 estis,
787 4549 935 4604 velut
980 4563 1111 4619 grex
1154 4548 1284 4604 boni
1335 4549 1574 4618 pastoris
1617 4550 1771 4606 obitu
1834 4551 2151 4609 destitutus.

568 4638 866 4696 Enimvero
942 4641 1485 4697 commiserationem
1552 4641 1911 4712 doloremque
1970 4644 2154 4700 cordis

568 4740 835 4802 provocat
886 4733 1139 4803 praesulis
1169 4734 1481 4788 recordatio
1508 4772 1525 4797 ,
1569 4732 1698 4788 dum
1724 4736 1971 4789 animum
2008 4736 2154 4791 subit

2345 3537 2413 3591 Ἦ
2474 3537 2703 3607 ἀγγελία
2758 3537 2860 3607 τῆς
2937 3536 3254 3607 κοιμήσεως
3310 3533 3407 3586 τοῦ
3471 3531 3851 3602 πνευματικοῦ

2261 3629 2423 3702 ἡμῶν
2480 3633 2574 3685 καὶ
2636 3628 2793 3700 ὑμῶν
2864 3628 3117 3699 Πατρὸς,
3183 3625 3536 3697 ἠγαπημένοι
3602 3625 3849 3691 ἀδελφοὶ,

2264 3724 2527 3796 ὲθρόησεν
2577 3723 2737 3795 ἡμῶν
2773 3721 2875 3793 τὴν
2928 3721 3130 3794 ψυχὴν,
3176 3721 3256 3784 ὼς
3291 3720 3353 3774 τὸ
3397 3719 3570 3784 είκὺς,
3617 3720 3717 3772 καὶ
3770 3720 3851 3781 εἰς

2265 3814 2570 3886 στεναγμὸν
2600 3815 2780 3887 ἤγαγε
2802 3814 3118 3868 θλιπτικόνο
3142 3814 3204 3867 οὑ
3237 3811 3330 3867 διὰ
3351 3812 3444 3867 τὸν
3469 3810 3817 3882 κοιμηθέντα
3833 3827 3846 3838 ·

2265 3908 2536 3979 μακάριος
2587 3909 2698 3977 γὰρ
2758 3909 2972 3971 ἐκεῖνος
3032 3906 3293 3979 μακαρίῳ
3345 3904 3450 3976 βίῳ
3511 3902 3848 3965 calametis.

2261 4000 2451 4070 ἐπειδὴ
2474 3999 2584 4073 ,καὶ
2626 4000 2880 4071 μονάζων
2928 3999 3190 4072 δόκιμος*
3219 3999 3315 4054 καὶ
3358 3998 3467 4063 ἕως
3505 4000 3717 4070 γηρους
3759 3996 3847 4060 ἐξ-

2260 4090 2523 4163 ησκηκὼς
2541 4092 2765 4165 ἄριστα,
2788 4092 2885 4147 καὶ
2904 4091 2965 4147 τὸ
2980 4092 3306 4163 κεφάλαιον,
3329 4089 3741 4163 πεφυλαγμένη
3757 4094 3847 4143 καὶ

2259 4183 2528 4257 ὀρθοδόξῳ
2579 4186 2762 4243 πίστει
2794 4188 2936 4258 μετὰ
2983 4186 3245 4257 διωγμῶν
3272 4187 3371 4240 καὶ
3414 4185 3528 4239 τῶν
3577 4184 3724 4254 ὑπὲρ
3752 4182 3845 4236 τοῦ

2259 4275 2429 4331 καλοῦ
2462 4278 2849 4352 ταλαιπωριῶν
2899 4277 3242 4350 ἐξεληλυθὼς
3289 4278 3399 4331 τῶν
3456 4276 3699 4343 ἐνθένδε,
3754 4276 3846 4329 καὶ

2258 4374 2425 4428 οἱονεὶ
2467 4373 2925 4445 ἐστεφανωμένος
2954 4375 3056 4444 τῆς
3090 4374 3235 4444 ὑπὲρ
3270 4372 3515 4445 Χριστοῦ
3550 4370 3844 4441 ὁμολογίας

2256 4463 2577 4536 δικαιοσύνῃ
2598 4478 2614 4493 ⁶
2643 4462 2784 4518 ἀλλὰ
2816 4463 2886 4517 δι’
2937 4464 3108 4535 ἡμᾶς,
3145 4462 3353 4534 μᾶλλον
3397 4461 3457 4515 δὲ
3481 4461 3632 4531 ὑμᾶς
3652 4460 3843 4533 abegi);

2259 4555 2400 4631 [cod.
2464 4556 2595 4628 Reg.
2647 4556 2743 4613 καὶ
2810 4554 2963 4628 τοὺς]
3014 4555 3383 4627 ὲναφεθέντας
3441 4552 3518 4617 ὡς
3597 4551 3841 4622 ποίμνιον

2254 4645 2608 4717 ὴπορημένον
2653 4647 2720 4717 τῇ
2772 4643 2868 4699 τοῦ
2924 4644 3094 4699 καλοῦ
3151 4644 3416 4717 ποιμένος
3484 4642 3839 4713 μεταστάσει.

2260 4739 2373 4792 Καὶ
2403 4737 2512 4809 γάρ
2549 4737 2700 4791 ’ἐλκει
2736 4737 2873 4809 πρὸς
2902 4733 3087 4792 οἶκτον
3113 4738 3208 4791 καὶ
3238 4734 3582 4808 συντριμμδν
3616 4734 3841 4805 καρδίας

568 4824 880 4894 cujustnodi
914 4825 1078 4880 fuerit
1109 4826 1228 4896 ejus
1270 4826 1323 4881 itt
1374 4826 1607 4882 Domino
1648 4827 1975 4897 gubernatio
2003 4850 2015 4883 :
2045 4846 2154 4899 quo

2259 4832 2293 4901 ἡ
2350 4828 2443 4882 τοῦ
2489 4830 2837 4899 προεστῶτος
2896 4830 3112 4902 μνήμη,
3176 4829 3643 4901 ἁναθεωρουμένη
3705 4830 3841 4881 κατὰ

570 4926 730 4984 pacto
779 4916 928 4972 hunc
976 4917 1199 4988 quidem
1247 4919 1551 4988 collapsum
1604 4919 1886 4973 solabatur
1918 4959 1932 4985 ,
2000 4920 2155 4973 illttnt

550 5022 701 5091 vero
731 5008 1076 5078 pervicacem
1136 5010 1504 5081 objurgabat:
1547 5010 1718 5065 aliunt
1768 5008 1929 5065 frena
1978 5015 2160 5065 detre-

569 5108 813 5155 ctantem
848 5101 1194 5165 hortabatur,
1223 5105 1390 5157 alium
1442 5113 1844 5174 torpescentctn
1862 5104 2156 5170 excitabat,

570 5194 993 5250 mansuetudine
1027 5205 1082 5251 et
1107 5197 1365 5267 aequitate
1400 5212 1598 5267 regens
1629 5195 1696 5251 ad
1742 5196 1914 5267 ipsius
1944 5194 2157 5251 Domini

572 5285 911 5356 exemplum,
944 5286 1036 5357 qui
1069 5288 1209 5343 dixit
1240 5305 1255 5342 :
1289 5288 1490 5343 Discite
1522 5304 1553 5340 a
1584 5304 1667 5341 me
1703 5287 1829 5359 quia
1856 5287 2001 5342 mitis
2035 5304 2154 5342 sum

568 5376 871 5441 etlzumilis
910 5380 1106 5433 corde“
1136 5397 1153 5435 :
1187 5389 1352 5450 atque
1378 5380 1433 5433 in
1465 5379 1720 5435 omnibus
1752 5380 1997 5446 demum,
2028 5382 2155 5447 qui-

570 5466 676 5522 bus
714 5467 769 5522 in
815 5468 998 5526 medio
1034 5479 1278 5525 vestrum
1312 5470 1460 5525 velut
1489 5470 1648 5526 stella
1681 5471 1949 5526 matutina
1987 5470 2153 5524 reful-

645 5582 668 5613 ⁸
697 5580 889 5640 Matth.
922 5598 1002 5650 xt,
1033 5583 1125 5639 29.

2258 4917 2422 4972 τόπον
2454 4920 2548 4973 καὶ
2578 4919 2779 4990 τρόπον
2822 4919 2924 4990 τῆς
2978 4921 3037 4971 ἐν
3084 4920 3274 4992 Κυρίῳ
3312 4921 3687 4991 ἀφηγήσεωςσ
3724 4919 3839 4971 ττιᾶ

2257 5010 2317 5066 ὃν
2355 5012 2452 5081 μὲν
2514 5010 2824 5082 παρεκάλει
2881 5012 3301 5081 συμπίπτοντα·
3334 5012 3395 5066 ὃν
3444 5012 3504 5066 δὲ
3530 5012 3837 5081 ἐπέπληττε

2259 5099 2703 5171 θρασυνόμενον
2764 5099 2954 5170 ἕτερον
3006 5100 3404 5172 προσεκαλεῖτο
3448 5102 3835 5170 ἀφηνιάζοντα.

2260 5192 2356 5245 καὶ
2413 5190 2573 5245 ἄλλον
2636 5189 2883 5255 διύπνιζε
2936 5191 3364 5263 νωθρευὸμενον,
3422 5192 3695 5261 πραότητι
3745 5194 3837 5243 καὶ

2261 5284 2535 5349 ἐπιεικείᾳ
2562 5282 2783 5349 διέπων,
2809 5281 2957 5337 κατά
2991 5284 3227 5354 μίμησιν
3255 5283 3422 5339 αὐτοῦ
3458 5284 3556 5338 τοῦ
3594 5283 3839 5343 εἰπόντος

2262 5376 2541 5431 Δεσπὸτου
2569 5393 2584 5408 ·
2618 5374 2851 5431 Μάθετε
2886 5376 2989 5431 ἀπ’
3025 5375 3172 5446 ἐμοῦ
3212 5374 3303 5430 ὅτι
3348 5374 3542 5447 πρᾶός
3583 5378 3697 5445 ειμι
3736 5376 3833 5427 zeal

2260 5471 2544 5536 ταπεινὸς
2570 5468 2645 5539 τῇ
2693 5471 2945 5540 καρδίᾳ;
2991 5473 3082 5524 καὶ
3110 5469 3297 5535 ἁπλῶς
3341 5472 3401 5524 ἐν
3433 5471 3600 5524 πᾶσιν
3648 5462 3725 5532 οἷς
3751 5466 3836 5523 δι⁴

3062 5634 3081 5663 ο

2105 5678 2338 5735 ΝΟΤΛΕ.

642 5770 755 5843 (26)
781 5772 837 5827 In
870 5773 991 5830 cnti.
1028 5774 1157 5844 Reg.
1184 5777 1323 5845 ρμε’.
