4060 6374
217 329 337 397 1421

1381 321 1919 393 EPISTOLARUM
1972 320 2121 385 LIB.
2142 391 2150 400 _
2173 320 2256 380 II.

3305 318 3444 385 1422

207 448 433 517 ἐπρεπεν
461 444 522 499 ὲν
561 442 714 516 μέσῳ
741 443 897 516 ὑμῶν
914 442 992 509 ὥς
1027 440 1249 505 ἑωθινὸς
1280 438 1459 512 ἀστήρ
1482 455 1498 471 ο
1528 438 1767 494 ἄλλωστε

1882 448 1947 494 sit
1972 456 1987 490 :
2014 452 2143 494 cum
2186 435 2488 508 praesertim
2530 450 2598 491 ex
2641 435 2902 493 diuturna
2938 439 3105 494 etiam
3144 450 3447 496 consuetu-

208 538 297 594 καὶ
325 536 403 608 τῷ
440 535 778 608 πολυχρονίῳ
799 536 912 590 ἔθει
930 575 947 602 ,
981 532 1236 607 βαρύνειν
1264 532 1425 587 εἴωθε
1456 532 1559 603 τὴν
1584 531 1767 603 ψυχὴν

1882 531 1995 587 line
2027 545 2257 603 gravare
2297 528 2544 585 animum
2592 530 2942 586 vehementer
2992 532 3171 587 soleat
3218 541 3445 604 paterna

213 626 410 699 σφόδρα
431 626 460 680 ὁ
497 626 593 679 τοῦ
619 625 838 697 [ἰατρὸς
867 623 1170 697 χωρισμός.

282 717 440 772 Ἀλλά
467 717 522 771 τί
564 718 893 789 ποιήσομεν,
932 715 1175 785 ἀδελφοὶ,
1204 714 1343 786 πρὸς
1394 713 1565 785 νόμον
1623 710 1765 766 Θεοῦ

208 809 340 865 οὕτω
369 809 662 864 κελεύοντα
682 823 698 839 ο
733 807 826 878 Γῆ
852 804 926 874 εἴ,
962 807 1063 861 καὶ
1130 809 1219 873 είς
1249 805 1368 876 γῆν
1417 804 1767 873 (iacienda;

212 902 404 975 μᾶλλον
427 901 485 957 δὲ
517 900 755 972 ὲκδημία
809 900 947 972 πρὸς
981 898 1210 971 Κύριον,
1241 900 1276 968 ή
1296 896 1593 965 διάζευξις.
1637 896 1771 951 Ἑπ-

209 992 414 1064 ετράπη
446 992 548 1064 τὴν
603 991 963 1062 μετάστασιν,
1019 988 1115 1043 καὶ
1143 987 1338 1069 ἐξῆλθε
1365 987 1461 1041 τοῦ
1493 985 1766 1058 σώματος.

219 1082 514 1156 Ἐχωρίσθη
563 1083 658 1151 ἀφ’
710 1080 886 1153 ὑμῶν,
940 1077 1039 1134 καὶ
1086 1078 1396 1151 προσετέθη
1452 1076 1596 1148 πρὸς
1642 1075 1772 1140 τοὺς

207 1176 443 1246 πατέρας
487 1172 679 1229 αὐτοῦ.
708 1172 890 1229 Καλὸν
942 1171 1255 1242 ὑπόδειγμα
1287 1170 1379 1224 τὸν
1429 1167 1627 1224 ἑαυτοῦ
1657 1167 1773 1238 βίον

207 1267 303 1339 τῆς
328 1265 531 1339 ἀρετῆς
572 1264 830 1336 ὁμοίωσιν
883 1260 1363 1333 ἑγκαταλελοιπὼς
1408 1260 1562 1330 ὑμῖν.
1587 1257 1655 1314 Τί
1678 1257 1773 1312 οῦν

208 1357 388 1415 λοιπόν
416 1359 537 1412 ἐστι
568 1357 629 1412 τὸ
659 1356 1032 1428 ζητούμενονς
1061 1354 1158 1419 Εἰς
1194 1354 1424 1417 ἑαυτοὺς
1448 1352 1594 1437 ὑμᾶς
1615 1349 1773 1420 γενὲ⁹

211 1450 350 1519 σθαι,
382 1449 482 1506 καὶ
525 1448 1194 1523 παρακαλέσαιάλλήλους
1218 1451 1277 1502 ὲν
1306 1444 1586 1517 Πνεύματι
1607 1444 1770 1515 ἁγίῳ.

208 1546 318 1600 Καὶ
339 1543 523 1607 καθὼς
552 1544 682 1613 ὑμῖν
711 1544 866 1597 εἴασε
895 1543 989 1596 τὸν
1027 1540 1220 1612 κύριον
1283 1537 1567 1594 ’Λντώνιον
1634 1535 1773 1591 καθ-

210 1633 535 1706 ηγούμενον,
563 1629 644 1702 τῷ
677 1630 829 1703 αὐτῷ
864 1628 1055 1685 κανόνι
1087 1628 1184 1683 καὶ⁸
1205 1627 1322 1691 τοῖς
1368 1625 1555 1688 αὐτοῖς
1600 1623 1777 1693 ίχνεσι

208 1727 305 1797 τῆς
363 1723 648 1788 εὐσεϐείας
708 1721 1067 1794 ἀπάρξασθαι
1141 1718 1288 1790 ὑμᾶς
1366 1712 1772 1777 πολιτεύεσθαι,

1868 622 2168 679 separatio.

1930 640 2232 783 aliusue
2287 724 2536 781 agemus,
2594 708 2814 777 fratres,
2860 711 3123 768 adversus
3159 710 3255 769 Dei
3275 712 3447 784 legem

1869 804 1954 861 sic
2007 804 2413 875 praecipientem
2441 823 2457 861 :
2510 803 2679 860 Terra
2713 821 2791 871 es,
2820 817 2873 860 et
2898 806 2957 860 in
2988 816 3191 861 terram
3219 815 3448 861 τευετιεο

1870 891 1949 947 ris
1978 892 1999 924 ⁸
2026 892 2051 946 Ὶ
2075 890 2221 958 Quin
2250 892 2435 964 potius
2476 893 2742 964 profectio
2764 902 2851 951 est
2874 895 2944 950 ad
2983 893 3297 959 Dominum.
3333 896 3453 951 haec

1870 983 2188 1052 disiunctio.
2215 982 2410 1041 Jussus
2437 995 2523 1042 est
2551 986 2809 1058 migrare,
2849 995 2906 1044 et
2942 987 3080 1044 abiit
3103 1001 3172 1042 ex
3195 1001 3447 1059 corpore.

1871 1077 2170 1148 Separatus
2218 1086 2303 1134 est
2327 1093 2359 1135 a
2411 1079 2590 1147 vobis,
2629 1089 2686 1136 et
2718 1081 3004 1153 appositus
3053 1090 3141 1137 est
3169 1083 3238 1138 ad
3267 1093 3451 1154 patres

1871 1183 2026 1235 suos,
2108 1171 2431 1240 praclarum
2489 1172 2772 1243 exemplar
2825 1188 2987 1230 suam
3046 1174 3220 1246 ipsius
3282 1177 3452 1231 vitam

1872 1260 2092 1316 virtutis
2132 1259 2360 1334 eliigiem
2404 1262 2561 1320 vobis
2584 1264 2921 1336 relinquens.
2951 1266 3095 1334 Quid
3131 1280 3263 1339 ergo
3284 1276 3457 1323 restat

1875 1350 2262 1423 inquirendum
2294 1355 2319 1410 ἲ
2346 1355 2417 1413 Ut
2436 1355 2507 1413 ad
2533 1371 2634 1413 vos
2664 1358 2816 1428 ipsos
2841 1359 3102 1425 redeatis,
3131 1371 3189 1417 et
3217 1360 3453 1419 invicem

1875 1458 1973 1500 vos
2027 1447 2390 1505 consolemini
2428 1449 2485 1504 in
2532 1447 2741 1521 Spiritu
2779 1461 2994 1507 sancto.
3028 1451 3094 1508 Et
3123 1454 3256 1523 quia
3279 1451 3458 1509 domi-

1875 1550 2008 1591 num
2060 1538 2361 1595 Antonium
2417 1548 2688 1599 rectorem
2744 1532 2902 1599 vobis
2974 1544 3235 1608 instituit,
3263 1544 3458 1601 eadem

1874 1642 2116 1693 norma,.
2143 1629 2450 1701 iisdemque
2487 1632 2712 1701 pietatis
2759 1634 3006 1707 vestigiis
3030 1635 3193 1691 fidem
3223 1650 3454 1692 conser-

1876 1732 2090 1788 vantes,
2117 1729 2173 1777 et
2198 1737 2299 1793 pro
2326 1736 2394 1779 eo
2417 1724 2529 1794 pati
2560 1725 2737 1795 parati
2780 1726 2867 1781 vel
2901 1741 3075 1799 usque
3097 1728 3166 1782 ad
3204 1736 3459 1795 mortem,

213 1789 579 1889 φρουροῦντας
606 1814 707 1884 τὴν
734 1789 944 1876 πίστιν,
978 1811 1075 1865 καὶ
1124 1789 1270 1880 ὑπὲρ
1302 1807 1476 1878 αὐτῆς
1518 1819 1774 1860 κακοπα-

1882 1815 1925 1869 si
1945 1830 2086 1886 opus
2113 1789 2218 1882 sit,
2228 1816 2385 1888 juxta
2410 1789 2735 1888 praesentem
2769 1789 3226 1889 persecutionem.
3251 1818 3463 1876 Verita-

213 1907 342 1974 θεῖν,
394 1907 444 1961 εί
478 1905 612 1973 δέοι,
678 1905 843 1977 μέχρι
880 1903 1138 1967 Θανάτου,
1179 1900 1324 1955 κατὰ
1370 1897 1464 1952 τὸν
1532 1894 1782 1968 παρόντα

212 2000 451 2073 διωγμόν
479 2016 495 2031 ο
534 1999 632 2054 καὶ
696 1996 968 2071 μηδαμῶς
1005 1993 1301 2068 προδοῦναι
1356 1991 1456 2063 τὴν
1498 1990 1779 2062 ἀλήθειαν,

212 2096 313 2164 τήν
337 2108 398 2145 τε
428 2091 654 2160 ἀγάπην
694 2089 835 2160 πρὸς
873 2086 1165 2159 ἀλλήλους,
1216 2084 1313 2139 καὶ
1363 2083 1465 2155 τὴν
1503 2080 1644 2153 πρὸς
1687 2079 1784 2136 τὸν

212 2183 625 2257 καθηγούμενον
686 2180 937 2251 ὑπακοὴν
973 2180 1143 2233 παντὶ
1188 2177 1367 2232 σθένει
1405 2171 1783 2230 ἀσπάσασθαι.

212 2278 385 2334 Τοῦτο
421 2278 532 2350 γὰρ
555 2276 691 2350 πρὸς
722 2276 823 2338 τὴν
853 2273 1009 2345 ὑμῶν
1044 2271 1350 2345 σωτηρίαν·
1390 2268 1550 2323 τοῦτο
1572 2266 1785 2339 καύχη-

215 2387 294 2442 μα
314 2369 412 2423 καὶ
452 2368 534 2441 τῷ
566 2366 823 2440 μακαρίῳ
873 2365 1073 2434 ἐκείνῳ
1118 2366 1202 2428 είς
1244 2361 1466 2434 ἡμέραν
1498 2360 1738 2432 Χριστοῦ
1764 2372 1780 2389 ·

211 2459 368 2515 τοῦτο
398 2460 494 2514 καὶ
519 2460 656 2531 ἡμῖν
684 2460 801 2522 τοῖς
834 2456 1010 2527 φίλοις
1032 2457 1129 2509 καὶ
1165 2453 1420 2524 ἀδελφοῖς
1468 2451 1625 2524 ὑμῶν
1653 2450 1787 2523 ἐρα-

213 2549 542 2621 σμιώτατον.
606 2545 764 2602 Οὕτω
817 2546 928 2618 γὰρ
994 2542 1429 2617 περιπατοῦντες
1496 2540 1783 2604 κάλλιστα,

210 2640 360 2706 ἕξετε
413 2640 562 2712 ⁴ἡμᾶς
587 2637 991 2708 συνεπομένους
1020 2636 1174 2707 ὑμῖν,
1201 2635 1325 2689 ὅσον
1357 2628 1471 2688 οἷόν
1493 2647 1578 2697 τε,
1601 2632 1682 2695 είς
1710 2628 1784 2683 τά

212 2731 356 2805 πρὸς
399 2733 629 2804 Κύριον,
668 2728 889 2799 ἀδελφοὶ
913 2727 1258 2800 τιμιώτατοι.

210 2839 981 2917 ΡΔΔ’.(27).-Κατηχητικὴ
998 2838 1149 2910 πρὸς
1162 2837 1308 2906 τοὺς
1316 2836 1838 2909 ἐαυτοῦμαθητάς.

1878 1913 1988 1960 tem
2054 1904 2244 1976 utique
2291 1921 2643 1979 nequaquam
2712 1908 2981 1979 prodatis,
3023 1908 3463 1980 cbaritatemque

1881 1994 2023 2050 inter
2064 2011 2163 2054 vos
2212 2006 2485 2059 mutuam.
2513 2006 2569 2053 et
2603 1998 2975 2057 obedientiam
3029 2016 3157 2073 erga
3185 2009 3463 2057 rectorem

1879 2101 1983 2161 pro
2020 2087 2232 2145 viribus
2271 2090 2525 2146 ominibus
2570 2090 2994 2160 amplectamiui.
3040 2091 3162 2149 lloc
3215 2093 3361 2148 enim
3390 2093 3463 2153 ad

1884 2176 2117 2233 salutem
2149 2188 2384 2235 vestram
2420 2195 2435 2235 :
2468 2178 2586 2235 haec
2610 2178 2771 2236 beato
2811 2180 2890 2235 illi
2920 2180 2977 2235 in
3011 2182 3097 2238 die
3124 2181 3346 2239 Domini
3376 2184 3466 2240 fu-

1884 2275 2007 2323 tura
2044 2267 2297 2339 gloriatio
2327 2285 2345 2326 :
2402 2267 2507 2325 hoc
2535 2285 2755 2342 quoque
2806 2272 2989 2342 nobis,
3021 2274 3218 2331 amicis
3267 2286 3323 2332 et
3351 2275 3466 2333 fra-

1884 2360 2061 2417 tribus
2083 2362 2304 2428 vestris,
2352 2364 2782 2434 optatissimum.
2835 2366 2928 2423 Sic
2970 2368 3115 2424 enim
3159 2369 3467 2426 rectissime

1883 2452 2252 2520 artibulautes,
2300 2468 2404 2510 nos
2443 2455 2647 2526 pariter
2686 2465 2961 2515 sectantes
3008 2459 3062 2514 in
3109 2460 3195 2517 via
3225 2460 3464 2528 Domini,

1884 2556 2152 2617 quantum
2182 2545 2268 2604 fas
2291 2548 2418 2614 erit,
2449 2546 2745 2616 habebitis,
2777 2547 2976 2607 fratres
3004 2553 3466 2611 reverendissitni.

2036 2833 2271 2893 CXXXI.
2301 2865 2371 2877 —
2393 2835 2723 2894 Cateehetica
2750 2838 2820 2895 ad
2860 2853 2986 2893 suos
3018 2839 3325 2910 discipulos.

1358 2953 1483 3006 Vite
1500 2952 1788 3006 monastics
1808 2952 1967 3006 ofﬁcia
1993 2954 2323 3006 commendat.

283 3065 584 3136 Θεόδωρος
639 3063 962 3134 ἐλάχιστος
998 3062 1407 3131 πρεσϐύτερος
1457 3061 1558 3116 καί
1581 3061 1785 3132 mror}-

1964 3057 2270 3115 Theodorus
2302 3060 2555 3114 minimus
2607 3059 2878 3131 presbyter
2913 3054 3094 3114 Studii
3131 3058 3467 3128 prmpositns,

206 3175 398 3229 μενος
420 3155 541 3210 τῶν
561 3155 876 3222 Στουδίου,
901 3151 1313 3223 ἠγαπημένοις
1356 3149 1646 3220 ἀδελφοῖς
1664 3167 1787 3220 μου

213 3249 317 3304 καί
378 3245 806 3318 πνευματικοῖς
841 3246 1026 3311 υίέσι,
1076 3242 1202 3311 τοῖς
1247 3242 1350 3298 διὰ
1387 3242 1612 3311 Κύριον
1670 3235 1790 3295 ὦδε

211 3341 464 3398 κάκεῖσε
492 3339 977 3410 διεσπαρμένοις.
1595 3331 1789 3407 [pret]

288 3456 468 3526 Χάρις
508 3451 642 3522 ύμῖν
681 3451 779 3505 καὶ
842 3449 1037 3521 εἰρήνη
1091 3446 1200 3502 ἀπὸ
1242 3443 1382 3498 Θεοῦ
1425 3442 1644 3516 Πατρὺς
1693 3440 1792 3498 καὶ

209 3547 423 3621 Κυρίου
472 3543 650 3615 Ἰησοῦ
700 3544 940 3616 Χριστοῦ
985 3538 1084 3593 τοῦ
1116 3538 1492 3611 χαρισαμένου
1523 3537 1656 3609 ὑμῖν
1697 3537 1790 3590 τὸν

210 3641 363 3712 ὑπὲρ
382 3637 476 3693 τοῦ
505 3637 773 3709 ὀνόματος
800 3632 968 3689 αὐτοῦ
992 3631 1253 3704 διωγμόν.
1287 3632 1383 3695 ’ος
1409 3631 1507 3685 καὶ⁵
1540 3633 1591 3684 εί
1618 3628 1790 3702 λυπης

208 3734 314 3807 po;
370 3730 515 3786 κατὰ
573 3731 778 3800 σάρκα,
828 3725 968 3782 ἀλλὰ
1011 3722 1310 3797 χαροποιδς
1363 3721 1509 3776 κατὰ
1537 3719 1787 3793 πνεῦμα’

210 3821 597 3898 μακαρισμῶν
640 3819 752 3893 γὰρ
796 3816 1097 3871 θεολέκτων
1135 3813 1332 3880 αἴτιος,
1365 3814 1461 3867 καὶ
1509 3812 1792 3885 στεφάνων

207 3914 456 3972 αἰωνίων
489 3913 771 3986 πρόξενος.
813 3902 888 3965 Ob
931 3907 1094 3980 χάριν
1126 3905 1284 3976 κάγὼ
1319 3906 1349 3960 ὁ
1390 3904 1616 3976 εὐτελὴς
1647 3904 1793 3976 χαρᾷ

206 4006 398 4079 χαίρω
419 4005 517 4059 καὶ
545 4002 866 4073 ἀγαλλιάσει
893 4000 961 4069 ἀγ
972 3997 1267 4070 αλλιῶμαι,
1292 3998 1378 4052 ὅτι
1399 3996 1644 4068 ἠξίωμαι
1663 3996 1792 4060 τοὺς

204 4097 387 4169 ἐμοὺς
411 4091 729 4165 ἀγαπητοὺς
757 4091 885 4145 ἰδεῖν
916 4091 975 4144 ὲν
988 4087 1215 4160 τοιαύτῃ
1248 4090 1525 4160 προκοπῇ,
1557 4090 1618 4142 ὲν
1636 4088 1790 4159 τηλι-

203 4187 400 4260 κοῦτφ
416 4184 517 4258 eae
524 4185 611 4258 μῷ
625 4187 726 4258 τῆς
739 4181 912 4253 καλῆς
924 4179 1242 4253 ὁμολογίας,
1264 4179 1334 4251 ἢν
1350 4178 1791 4251 ὡμολογήσαμεν

204 4279 451 4336 ἐνώπιον
491 4276 628 4332 Θεοῦ
686 4276 780 4331 καὶ
828 4271 1155 4344 ἀνθρώπων,
1193 4273 1524 4342 προσκυνεῖν
1554 4270 1791 4342 Χριστὸν

202 4367 672 4442 ἐγγεγραμμένον
691 4368 860 4439 ἦγουν
883 4360 1347 4431 ὲξεικονισμένον,
1376 4358 1561 4425 καθὼς
1588 4361 1791 4425 πάντες

202 4464 263 4521 oi
278 4463 442 4531 ἣγιοι
463 4459 705 4531 Πατέρες
732 4456 913 4529 ἡμῶν.
931 4454 1110 4510 Μόνον
1131 4451 1439 4525 παρακαλῶ
1464 4452 1562 4506 καὶ
1588 4451 1791 4521 ύπομιο

205 4556 471 4628 μνήσκω,
488 4552 654 4620 ἀξίως
667 4549 762 4604 τοῦ
792 4547 1128 4619 Εὐαγγελίου
1146 4545 1242 4599 τοῦ
1263 4544 1508 4616 Χριστοῦ
1526 4545 1671 4615 ὑμᾶς
1689 4562 1791 4599 πο-

197 4643 551 4701 λιτεύεσθαι.
569 4640 681 4714 Τὴν
707 4638 1057 4711 ἀναστροφὴν
1081 4638 1112 4691 ὑ
1121 4636 1238 4708 μῶν
1266 4636 1494 4708 ἔχοντας
1514 4636 1712 4708 καλὴν,
1734 4636 1795 4688 ἐν

196 4733 295 4803 οἷς
310 4733 622 4807 διατρίϐετε
650 4731 746 4786 κα)⁸
757 4730 944 4795 τύποις
964 4730 1061 4784 καὶ
1083 4727 1401 4802 προσώποις
1419 4743 1434 4758 ⁸
1448 4729 1541 4782 τὸν
1551 4728 1710 4798 λόγον
1737 4731 1796 4783 ἐν

198 4828 406 4903 χάριτι
458 4825 619 4881 ἅλατι
650 4823 993 4896 ἠρτυμένοψ
1026 4821 1126 4893 τὴν
1150 4820 1267 4889 ἕξιν
1325 4819 1586 4893 εὐλαϐείᾳ
1617 4838 1791 4893 μεμε-

198 4918 528 4991 στωμένην.
579 4914 694 4988 Τὴν
730 4913 936 4985 βρῶσιν
968 4913 1067 4966 καὶ
1121 4912 1223 4983 τὴν
1269 4911 1432 4966 πόσιν
1491 4910 1795 4985 αὐταρκείᾳ

194 5010 601 5084 τετηρημένην
619 5023 635 5038 ⁸
656 5007 718 5062 τὸ
742 5007 951 5078 ἔνδυμα
975 5005 1070 5059 καὶ
1093 5003 1332 5075 βάδισμα
1363 5003 1578 5058 συνέσει
1593 5003 1795 5057 τεθεω-

196 5101 457 5173 ρημένον
475 5116 491 5131 ο
521 5098 598 5163 ὡς
645 5097 713 5152 ἂν
761 5095 1042 5167 φωτισμός
1069 5097 1194 5148 ἔστε
1247 5095 1357 5149 τῶν
1401 5093 1629 5161 λαῖκῶν,
1659 5094 1796 5150 ἀλλὰ

198 5191 295 5264 μὴ
351 5191 706 5246 τούναντίον·
775 5189 1034 5253 ὑπόθεσις
1099 5186 1255 5251 θείας
1320 5187 1791 5259 ἑξομολογήσεωςν

193 5280 359 5335 ἀλλὰ
389 5281 467 5352 μὴ
502 5279 837 5335 τούναντίον.
892 5278 1198 5344 Ἕκαστος
1246 5276 1443 5343 καθὼς
1480 5277 1660 5331 ἔλαϐε
1682 5275 1791 5346 χά-

185 5386 437 5444 ρισμα,
486 5375 574 5440 είς
603 5371 856 5439 ἑαυτοὺς
898 5369 1046 5426 αὐτὸ
1084 5367 1477 5435 διοικοῦντες,
1506 5368 1587 5435 ὡς
1618 5369 1791 5424 καλοί

280 5550 308 5583 ⁶
339 5551 484 5609 Gen.
534 5568 617 5610 ιιι.
648 5554 733 5613 i9.

1887 3150 2094 3207 dilectis
2136 3151 2394 3223 fratribus
2441 3153 2592 3217 meis,
2625 3161 2675 3208 et
2724 3153 2854 3223 ﬁliis
2874 3151 3243 3221 rpiritualibus
3280 3151 3384 3208 huc
3419 3159 3472 3207 et

1889 3243 2019 3299 illuc
2041 3252 2258 3315 propter
2298 3242 2586 3299 Dominum
2627 3242 2903 3314 dispersis.

1960 3426 2147 3485 Gratia
2179 3428 2334 3486 vobis
2360 3440 2414 3486 et
2441 3445 2546 3503 pax
2586 3446 2619 3487 a
2648 3431 2760 3489 Deo
2802 3432 2966 3492 Patre
2995 3443 3051 3492 et
3076 3433 3309 3494 Domino
3342 3434 3475 3494 Iesu

1889 3516 2131 3587 Christo,
2163 3521 2256 3592 qui
2284 3522 2433 3577 dedit
2463 3524 2618 3580 vobis
2634 3540 2734 3595 pro
2764 3526 2937 3597 ipsius
2965 3529 3187 3585 nomine
3210 3542 3472 3599 persecu-

1892 3611 2094 3665 tionem
2132 3613 2244 3681 pati
2273 3630 2290 3679 ;
2315 3630 2437 3685 qua:
2465 3617 2569 3672 etsi
2598 3617 2766 3673 tristis
2790 3627 2875 3674 est
2895 3620 3197 3682 secundum
3225 3637 3471 3686 carnem,

1868 3708 1949 3758 tat
1998 3704 2199 3762 latitia:
2242 3709 2401 3778 plena
2447 3711 2749 3767 secundum
2777 3712 3053 3784 spiritum.
3082 3712 3218 3770 Nam
3249 3726 3303 3772 et
3336 3714 3472 3773 bea-

1892 3795 2188 3852 titudinum
2234 3799 2546 3857 divinarum
2594 3819 2762 3860 causa
2808 3816 2913 3875 est,
2940 3815 2993 3862 et
3026 3818 3353 3865 aeternarum
3382 3825 3477 3867 co-

1891 3900 2154 3943 ronarum
2200 3893 2564 3949 conciliatrix.
2608 3894 2956 3969 Quapropter
2998 3909 3053 3954 ει
3077 3915 3177 3971 ego
3225 3901 3472 3972 abjectus

1891 3980 2091 4051 gaudio
2114 3983 2324 4053 gaudeo
2350 3992 2406 4039 et
2431 3989 2795 4045 exsultatione
2825 3991 3067 4057 exsulto,
3105 3993 3255 4065 quod
3274 3995 3473 4068 dignus

1892 4070 2111 4128 habitus
2137 4074 2240 4128 sim
2268 4075 2362 4147 qui
2395 4076 2623 4136 dilectos
2666 4096 2819 4138 meos
2847 4084 3088 4139 viderem
3120 4085 3256 4143 adeo
3288 4087 3473 4159 profe-

1891 4164 2055 4233 cisse,
2081 4181 2147 4222 ac
2174 4171 2493 4237 pervenisse
2518 4173 2586 4226 ad
2615 4173 2905 4232 sublimem
2937 4179 3168 4249 gradum
3197 4182 3474 4253 praeclara:

1891 4259 2275 4328 confessionis,
2324 4276 2487 4332 quam
2523 4277 2708 4321 coram
2774 4264 2886 4323 Deo
2915 4279 2970 4325 et
2994 4270 3313 4330 hominibus
3344 4290 3474 4346 pro—

1892 4347 2024 4407 fessi
2055 4366 2268 4419 sumus,
2305 4355 2373 4410 de
2405 4355 2687 4415 adoranda
2711 4359 2931 4418 Christo
2956 4364 3167 4435 pictura
3190 4367 3307 4422 sive
3330 4368 3473 4423 ima-

1819 4417 1866 4474 D
1893 4442 2019 4512 gine
2046 4458 2329 4514 expresso,
2359 4446 2516 4517 juxta
2544 4463 2735 4506 omnes
2752 4462 2975 4509 sanctos
3011 4452 3201 4512 Patres
3230 4465 3471 4524 nostros,

1892 4530 2074 4588 Unum
2125 4535 2318 4592 hortor
2358 4546 2414 4593 et
2462 4554 2661 4596 moneo
2707 4556 2826 4609 vos,
2875 4554 2937 4599 ut
2981 4548 3273 4606 ambuletis
3309 4549 3474 4622 digne

1889 4624 2188 4697 Evangelio
2235 4630 2463 4699 Christi,
2501 4633 2701 4687 bonam
2739 4636 3059 4694 exhibentes
3098 4641 3473 4698 conversatio-

1894 4736 2017 4777 nem
2043 4730 2305 4790 vestram,
2328 4723 2530 4794 quibus
2559 4725 2614 4780 in
2642 4725 2776 4782 locis
2796 4734 2851 4783 et
2872 4730 3200 4801 quibuscum
3220 4738 3477 4804 personis

1896 4815 2094 4887 degitis
2126 4835 2143 4885 ;
2170 4833 2478 4874 sermonem
2508 4818 2563 4873 in
2588 4819 2776 4890 gratia:
2814 4822 2930 4877 sale
2951 4825 3232 4883 conditum
3267 4846 3283 4896 ;
3319 4837 3473 4887 teno-

1901 4920 2016 4959 rem
2033 4908 2198 4961 animi
2227 4907 2718 4979 circumspectione
2737 4913 2980 4984 plenum,
2999 4916 3182 4974 cibum
3203 4929 3258 4975 et
3281 4933 3473 4993 potum

1899 4992 2231 5067 frugalitate,
2259 4996 2513 5055 vestitum
2562 5010 2617 5056 et
2668 5002 2946 5062 incessum
2999 4992 3297 5080 prudentia
3335 5023 3474 5070 tetu-

1899 5096 2172 5156 peratum,
2211 5097 2272 5143 ut
2305 5090 2460 5146 laicis
2506 5091 2601 5146 lux
2642 5093 2784 5162 sitis,
2825 5112 2933 5152 non
2977 5111 3167 5155 contra
3206 5122 3219 5157 :
3276 5104 3474 5160 divinm

1899 5180 2263 5236 confessionis
2310 5195 2713 5252 argumentum,
2749 5201 2857 5240 non
2901 5197 3088 5244 contra
3126 5208 3140 5245 :
3181 5190 3474 5265 Unusquis-

1862 5328 1868 5334 _
1900 5286 2001 5340 que
2022 5272 2159 5325 sicut
2189 5276 2389 5345 accepit
2413 5279 2641 5347 gratiam
2670 5278 2725 5332 in
2755 5279 3069 5336 alterutrum
3096 5283 3252 5338 illam
3299 5286 3474 5341 admi—

1905 5362 2212 5431 nistrauter,
2247 5375 2497 5438 tanquam
2530 5369 2652 5424 boni
2700 5369 3087 5442 dispensatores
3127 5374 3472 5448 multiformis

1766 5675 2001 5737 NOTAE.

274 5764 402 5838 (l7)
439 5765 499 5821 In
529 5765 656 5824 cod.
683 5768 818 5840 Reg.
859 5776 1012 5842 ρμς-’.
