4060 6374
609 372 747 439 1423
1793 366 1856 428 S.
1893 365 2287 428 THEODORI
2327 364 2679 431 STUDIT/E
3732 364 3871 430 1426

604 489 797 560 gratim
822 486 942 552 Dei,
981 484 1130 540 sicut
1188 482 1454 553 scriptum
1515 490 1619 537 est.
1673 481 1734 537 Si
1772 481 1893 552 quis
1927 483 2183 554 loquitur,

2287 483 2590 551 οἰκονόμοι
2640 479 2930 549 ποικίλης
2962 478 3206 550 χάριτος
3243 479 3414 545 Θεοῦ,
3450 479 3637 544 καθὼς
3663 480 3873 551 γέγραμ-

604 593 860 651 tanquam
885 594 1152 633 sermones
1181 577 1299 641 Dei,
1330 592 1439 631 non
1490 575 1784 631 inanitates
1814 593 1829 630 :
1865 577 1914 631 si
1937 579 2053 646 quis
2083 578 2187 631 nti-

2288 591 2442 629 πταιο
2468 573 2542 628 ΕΖ
2561 590 2656 639 τις
2668 573 2854 628 λαλεῖ
2866 574 2953 640 ὠς
2973 574 3151 644 Mrta
3167 572 3337 639 Θεοῦ,
3362 572 3501 627 ἀλλὰ
3531 574 3609 645 μὴ
3644 591 3875 644 ματαιο-

604 676 820 743 nistrat,
857 680 1107 744 tanquam
1146 687 1211 725 ex
1243 671 1433 724 virtute
1455 670 1496 735 ⁷,
1535 683 1646 723 non
1682 683 1780 739 per
1832 670 2185 739 superbiam:

2286 667 2475 735 λογίας
2504 682 2519 698 '
2541 666 2611 751 ἐἶ
2644 683 2736 734 τις
2777 663 3072 731 διακονεῖ,
3120 664 3203 733 ὠς
3248 663 3321 730 ἐξ
3351 666 3589 735 ἰσχύος,
3622 665 3764 719 ἀλλὰ
3796 665 3873 738 μὴ

604 765 654 821 si
697 767 821 836 quis
882 763 1095 818 laborat
1135 759 1370 831 propriis
1408 757 1686 821 manibus,
1750 771 1821 812 ne
1876 759 2062 827 gravis
2091 756 2185 821 sit,

2287 759 2411 815 καθ’
2481 758 2896 830 ὑπερηφανίαν·
2931 758 2991 812 εί
3019 774 3106 821 τις
3171 755 3467 829 ἐργάζεται
3529 759 3657 820 ταῖς
3710 755 3875 821 ἰδίαις

606 870 716 911 non
753 865 934 911 autem
970 868 1038 909 ne
1090 862 1349 921 tanquam
1378 848 1591 907 otiosus
1636 846 1928 901 damnetur
1971 854 2027 902 et
2078 860 2185 901 non

2286 850 2468 923 χερσὶ,
2508 850 2648 922 πρὸς
2710 851 2773 905 τὸ
2815 847 2892 922 μὴ
2934 847 3206 919 ὲπιὸαρὴς
3260 844 3422 912 εἶναι,
3476 847 3619 902 ἀλλὰ
3683 847 3764 918 μὴ
3798 847 3876 907 ὡς

606 945 918 1000 manducet.
953 941 1010 997 Si
1036 942 1160 1011 quis
1193 941 1247 994 in
1292 938 1551 994 omnibus
1583 936 1906 992 mandatum
1932 935 2187 1006 exsequi-

2286 943 2458 1015 άργδς
2519 942 2994 1015 κατακρινόμενος
3055 939 3282 996 καὶτοῦ
3332 939 3562 997 ἐσθίειν.
3604 940 3676 994 Εἴ
3708 957 3801 1002 τις
3820 946 3879 994 ὲν

605 1048 718 1105 tur,
751 1045 812 1091 ut
846 1036 1133 1107 operarius
1167 1033 1281 1098 Dei,
1312 1048 1421 1087 non
1454 1041 1636 1086 autem
1664 1045 1735 1084 ne
1774 1030 2092 1086 scandalum
2116 1030 2187 1086 sit

2289 1038 2426 1090 πᾶσι
2448 1036 2573 1090 κατ’
2619 1032 2843 1106 ιντολὴν
2866 1035 3126 1108 πράσσει,
3150 1033 3229 1096 ὡς
3265 1034 3511 1105 ἐργάτης
3535 1032 3701 1096 Θεοῦ,
3738 1033 3881 1087 ἀλλά

603 1130 901 1201 proximo;
936 1135 995 1183 et
1041 1134 1101 1181 ut
1152 1125 1207 1180 in
1248 1124 1511 1181 omnibus
1553 1123 1887 1196 gloriﬁcatur
1920 1121 2088 1188 Deus,
2133 1130 2187 1177 et

2292 1129 2368 1200 μὴ
2394 1127 2540 1182 κατὰ
2580 1124 2880 1183 σκάνδαλον
2940 1126 3269 1197 γιγνόμενος
3312 1124 3409 1179 τοῦ
3445 1124 3625 1190 πέλας
3645 1143 3661 1158 ο
3695 1125 3790 1178 ἴνα
3821 1127 3879 1178 ἑν

606 1235 707 1292 ego
726 1219 896 1275 miser
915 1217 1166 1287 audiens,
1188 1216 1463 1273 exhilarer
1490 1225 1547 1273 et
1589 1216 1881 1288 gaudeam.

2292 1221 2426 1274 πᾶσι
2480 1219 2772 1290 δοξάζηται
2827 1221 2858 1273 6
2897 1217 3070 1284 Θεός·
3128 1218 3293 1288 κάγὼ
3344 1219 3375 1273 6
3419 1218 3592 1283 τάλας
3631 1217 3879 1283 ἀκούων,

2290 1311 2517 1383 εὐθυμῶ
2547 1313 2644 1366 καὶ
2668 1310 2866 1384 χαίρω.

674 1421 896 1478 Cernite
918 1435 1208 1492 perversas
1237 1418 1676 1490 conspirationes
1709 1435 1725 1473 :
1766 1417 1972 1475 cernite
1991 1417 2191 1490 perni-

607 1514 812 1571 ciosam
870 1514 1217 1569 libertatem:
1267 1513 1474 1569 cernite
1513 1510 1908 1567 adulteriorum
1957 1520 2187 1565 matrem

2292 1515 2544 1588 ὀλεθρίαν
2566 1515 2886 1588 παρῤησίαν
2908 1532 2924 1548 ο
2953 1516 3182 1588 βλέπετε
3229 1515 3330 1588 τὴν
3379 1517 3711 1588 πορνοποιδν
3741 1516 3880 1587 ἀδη-

606 1605 953 1662 edacitatem.
990 1604 1183 1662 Nullus
1232 1619 1358 1660 cum
1405 1603 1638 1659 muliere
1677 1602 2024 1672 colloquatur
2072 1601 2187 1657 sine

2294 1608 2499 1678 φαγίαν
2517 1624 2532 1640 ο
2574 1609 2737 1680 μήτις
2780 1606 2921 1680 μετὰ
2950 1607 3211 1677 γυναικὸς
3244 1606 3504 1678 όμιλείτω
3530 1607 3663 1661 ἄνευ
3692 1608 3880 1677 ἀνάγ-

2360 1423 2597 1478 Βλὲπετε
2620 1424 2747 1489 τοὺς
2796 1425 3006 1489 κακοὺς
3050 1422 3466 1494 συνδυασμούς
3509 1422 3745 1494 βλέπετε
3778 1422 3883 1495 τὴν

606 1697 977 1754 necessitate:
1024 1696 1214 1750 nullus
1255 1694 1441 1751 sedeat
1479 1694 1761 1751 solitarius
1792 1712 1804 1749 :
1834 1695 2019 1751 nullus
2065 1710 2193 1750 ava-

609 1788 749 1843 ritias
797 1787 1035 1853 studeat,
1076 1786 1231 1841 lucro
1272 1785 1487 1841 lucrum
1547 1784 1832 1857 adjici'ens,
1886 1795 1941 1842 et
1993 1801 2189 1841 aurum

608 1894 845 1950 augens,
883 1880 937 1935 in
967 1896 1078 1951 quo
1100 1880 1256 1936 radix
1289 1887 1377 1936 est
1404 1879 1634 1949 peccati,
1674 1887 1729 1935 et
1761 1877 1914 1935 Judae
1943 1878 2123 1949 portio
2142 1878 2186 1934 ⁸.

606 1969 799 2027 Nullus
827 1980 1125 2041 comparet,
1167 1986 1293 2027 cum
1327 1971 1686 2026 monasticam
1740 1970 2045 2025 libertatem
2067 1984 2193 2040 pos-

608 2062 801 2129 sideat,
828 2065 1134 2133 emptitium
1162 2079 1405 2119 servum.
1430 2064 1512 2119 Eo
1526 2077 1702 2132 usque
1723 2062 1871 2118 enim
1899 2076 2191 2133 progressa

607 2161 695 2209 est
735 2154 1099 2224 quorumdam
1129 2155 1392 2225 nequitia,
1423 2154 1518 2226 qui
1564 2153 1781 2210 vitiosis
1816 2152 2100 2209 all‘ectibus
2132 2168 2193 2210 se

609 2248 1013 2316 manciparunt,
1041 2258 1095 2304 et
1115 2249 1434 2304 monasticae
1451 2247 1733 2319 dignitatis
1753 2247 2025 2318 iacturam
2050 2245 2192 2302 lece-

608 2351 758 2395 rnnt.
788 2338 981 2396 Nullus
1008 2340 1137 2396 vino
1158 2357 1218 2396 se
1244 2340 1557 2411 ingurgitet,
1576 2340 1899 2410 Apostolum
1919 2340 2187 2396 audiens:

608 2429 823 2486 Modico
847 2432 968 2485 uiuo
997 2440 1165 2498 utere,
1198 2442 1411 2502 propter
1436 2431 1767 2486 stomachum
1800 2441 1945 2486 tuum
1996 2441 2047 2487 et
2075 2448 2189 2486 cre-

610 2523 732 2577 bras
778 2524 1121 2594 inﬁrmitates
1164 2535 1288 2580 tuas
1318 2525 1363 2580 ’.
1420 2523 1499 2578 Ex
1540 2525 1742 2596 quibus
1785 2524 1953 2579 rebus
1997 2523 2188 2579 incen-

610 2611 816 2668 duntur
865 2613 1128 2670 adversus
1188 2615 1428 2670 animam
1490 2615 1732 2671 carnalia
1795 2614 2089 2679 desideria,
2134 2622 2191 2670 et

608 2705 861 2762 exuritur
906 2706 1104 2763 domus
1142 2706 1259 2775 Dei,
1286 2707 1380 2779 qui
1415 2708 1641 2764 interior
1674 2708 1838 2764 homo
1868 2717 2055 2764 noster
2083 2715 2186 2763 est.

611 2797 718 2855 Sed
762 2807 1023 2869 tanquam
1070 2799 1317 2871 hospites
1352 2810 1407 2857 et
1429 2802 1701 2879 peregrini
1751 2802 1946 2867 simus,
1986 2801 2189 2873 singuli

607 2900 874 2958 vestrum,
901 2890 1120 2960 fratres,
1154 2893 1210 2948 in
1243 2894 1344 2948 hac
1369 2892 1750 2963 persecutione
1771 2893 1928 2963 quasi
1956 2894 2186 2947 morien-

608 2993 708 3048 tes,
731 2992 781 3038 et
804 3000 920 3041 ecce
945 2986 1165 3040 vivimus
1195 2999 1215 3040 :
1250 2994 1310 3040 ut
1339 2985 1592 3056 castigati
1613 2992 1663 3039 et
1698 3000 1804 3039 non
1824 2985 2136 3054 mortiﬁcati
2167 3002 2187 3041 :

606 3075 761 3146 quasi
788 3076 989 3142 tristes,
1011 3091 1214 3146 semper
1239 3087 1417 3132 autem
1439 3077 1725 3148 gaudentes
1747 3091 1768 3131 :
1799 3075 1937 3131 sicut
1956 3086 2184 3148 egentes,

2221 1833 2265 1890 Β
2294 1790 2536 1862 γυρείτω
2584 1791 2823 1890 κέρματι
2875 1790 3059 1863 κέρμα
3109 1791 3452 1862 προστιθεὶς,

2294 1717 2425 1771 κης·
2464 1701 2625 1773 μήτις
2663 1700 3071 1771 μεμονωμένοις
3100 1698 3416 1763 καθεζὲσθω
3434 1715 3451 1730 °
3477 1699 3643 1770 μήτις
3666 1699 3879 1768 φιλαρ.

3527 1790 3626 1845 καὶ
3688 1789 3881 1858 αὔξων

2292 1884 2539 1956 χρυσίον,
2572 1884 2633 1939 ὲν
2664 1877 2708 1953 ᾧ
2737 1883 2985 1956 ριζοῢται
3016 1885 3050 1956 ἠ
3082 1883 3348 1956 ἁμαρτία,
3382 1883 3477 1939 καὶ
3507 1885 3543 1956 ἡ
3584 1883 3753 1955 μερὶς
3781 1882 3879 1937 τοῦ

2304 1972 2497 2028 Ἰούδα.
2527 1975 2709 2046 Μῆτις
2733 1971 3146 2045 ἀπεμπολείτω,
3187 1973 3289 2046 τὴν
3315 1974 3619 2047 μοναχικὴν
3644 1974 3880 2028 ἐλευθε-

2294 2059 2420 2136 ρίαν
2470 2062 2771 2136 κτώμενος,
2840 2063 3234 2138 άργυρὼνητον
3273 2065 3480 2121 δοῦλον.
3526 2066 3707 2137 Μέχρι
3768 2067 3879 2137 γὰρ

2289 2155 2444 2210 τοῦδε
2482 2155 2719 2227 ἔφθασεν
2761 2156 2798 2230 ἦ
2843 2175 3011 2212 τινων
3066 2157 3325 2230 πονηρία,
3378 2157 3765 2214 δουλωθέντων
3816 2163 3875 2231 τῇ

2291 2246 2658 2321 προσπαθείᾳ,
2689 2248 2784 2303 καὶ
2813 2238 3253 2330 ⁵όιπολωλεκόλτων
3282 2248 3345 2302 τὸ
3377 2250 3671 2320 μοναχικὺν
3698 2252 3879 2317 ἀξίω-

2293 2351 2392 2404 μα.
2415 2336 2598 2409 Μήτις
2633 2336 3048 2407 οίνοφλυγείτω,
3084 2337 3302 2392 ἁκούων
3349 2338 3446 2393 τοῦ
3494 2340 3876 2395 Ἀποστόλου·

2300 2424 2516 2495 Ὀλίγῳ
2550 2426 2695 2492 οϊνῳ
2735 2426 2882 2497 χρῶ,
2910 2426 3010 2482 διὰ
3067 2429 3177 2483 τὸν
3231 2429 3545 2499 στόμαχόν
3583 2444 3707 2485 σου
3778 2430 3877 2485 καί

2289 2513 2396 2579 τὰς
2423 2515 2661 2582 πυκνάς
2703 2530 2823 2571 σου
2870 2515 3214 2585 ἀσθενείας.
3261 2519 3384 2589 'Acp'
3429 2510 3506 2572 ὧν
3528 2519 3875 2574 ἀνάπτονται

2288 2604 2434 2663 κατὰ
2455 2607 2556 2679 τῆς
2577 2608 2759 2680 ψυχῆς
2799 2611 2855 2664 αἱ
2911 2611 3177 2682 σαρκικαὶ
3215 2611 3529 2684 ἐπιθυμίαι,
3568 2614 3665 2667 καὶ
3693 2614 3877 2683 ἐμπυο

2290 2700 2506 2772 ρίζεται
2555 2700 2585 2753 6
2641 2698 2792 2766 οἶκος
2843 2702 2940 2757 τοῦ
2995 2703 3154 2771 Θεοῦ,
3206 2705 3269 2769 ὅς
3310 2705 3510 2759 ὲστινό
3540 2705 3653 2759 ἔσω
3708 2705 3877 2777 ἡμῶν

2287 2792 2600 2863 ἄνθρωπος.
2659 2790 2802 2846 Ἀλλ’
2831 2792 2909 2857 ὡς
2954 2792 3098 2860 ξένοι
3140 2795 3236 2848 καὶ
3272 2795 3649 2866 παρεπίδημοι
3690 2789 3874 2866 ὦμεν,

2287 2877 2333 2938 ὧ
2361 2885 2604 2956 ἀδελφοὶ,
2630 2885 2866 2951 ἕκαστος
2890 2886 3048 2957 ὑμῶν
3101 2887 3162 2940 ὲν
3189 2887 3328 2960 τῷδε
3369 2886 3447 2959 τῷ
3489 2887 3745 2959 διωγμῷ,
3798 2889 3877 2955 ὥς

2286 2974 2807 3044 ἀποθνήσκοντες,
2840 2977 2942 3032 καὶ
2977 2977 3106 3032 ιδοὺ
3139 2977 3326 3049 ζῶμεν
3348 2995 3364 3011 ο
3405 2979 3487 3046 ὡς
3510 2979 3869 3049 παιδευόμεο

2286 3086 2402 3135 νοι,
2430 3068 2531 3124 καὶ
2552 3069 2641 3140 μὴ
2663 3070 3116 3141 θανατούμενοι·
3148 3071 3231 3137 ὡς
3253 3073 3649 3142 λυπούμενοι.
3681 3072 3783 3126 ἀεὶ
3810 3072 3877 3126 δὲ

606 3167 804 3223 multos
841 3177 1020 3223 autem
1062 3168 1416 3239 spiritualiter
1455 3167 1887 3238 locupletantes;
1934 3176 2187 3239 tauquam

2289 3163 2605 3233 χαίροντες
2631 3178 2645 3192 ·
2679 3163 2763 3231 ὡς
2784 3162 3027 3235 πτωχοί,
3083 3164 3320 3220 πολλοὺ
3371 3164 3441 3219 δὲ
3480 3164 3876 3235 πνευματικῶς

609 3260 744 3314 nihil
764 3261 1033 3326 habentes,
1072 3271 1119 3316 et
1143 3262 1319 3317 omnia
1353 3263 1681 3331 possidentes
1705 3262 1776 3329 ιο,
1827 3270 1890 3318 ιιι
1925 3263 2188 3334 apostoli.

609 3351 691 3406 cis
712 3352 898 3408 verbis
945 3362 1185 3408 utamur.
1207 3351 1361 3417 Oculi
1409 3353 1517 3408 mei
1564 3369 1783 3425 semper
1806 3355 1885 3411 'ad
1922 3370 2024 3411 vos
2050 3370 2190 3427 quos

608 3442 902 3500 desidero:
943 3458 1038 3501 cor
1093 3459 1272 3501 meum
1314 3444 1372 3500 in
1407 3443 1563 3501 vobis
1596 3446 1754 3502 ardet
1806 3446 1864 3503 in
1914 3447 2186 3504 Domino:

610 3549 809 3590 sensus
860 3534 965 3589 mei
1003 3535 1398 3605 percelluntur,
1424 3550 1550 3592 cum
1589 3536 1879 3594 sinistrum
1902 3538 2187 3610 quidpiam

608 3626 775 3681 audio
808 3627 873 3682 de
900 3627 1120 3697 aliquo:
1152 3642 1279 3684 cum
1305 3626 1516 3698 accipio
1552 3630 1895 3686 aversionem
1918 3630 2033 3687 Deo
2056 3646 2188 3687 exo-

605 3733 746 3786 sam,
781 3718 1048 3791 lacrymas
1068 3718 1480 3777 lunduntoculi.
1503 3720 1818 3779 Conteritur
1832 3724 2013 3780 anima
2042 3739 2186 3792 mea,

607 3809 656 3866 si
684 3810 903 3881 quando
935 3820 1128 3869 contra
1172 3812 1517 3868 traditionem
1543 3822 1598 3870 et
1624 3815 2096 3881 constitutionem,
2130 3824 2187 3877 et

606 3916 798 3958 eorum
825 3919 949 3974 qua:
965 3915 1092 3960 ante
1117 3904 1262 3961 dicta
1288 3914 1418 3961 sunt
1438 3908 1964 3964 demonstrationem
1986 3911 2185 3966 ambu-

610 3996 684 4051 let
716 3996 843 4067 quis
873 3995 1044 4052 Deum
1076 4012 1183 4052 non
1207 4012 1423 4053 amans.
1456 3999 1706 4066 Exiistis,
1736 4010 1943 4070 patres,
1969 4017 2036 4058 ex
2066 4016 2187 4057 mo-

612 4088 853 4145 nasterio
886 4088 951 4144 ad
984 4089 1233 4144 altiorem
1271 4089 1448 4145 lucem
1478 4092 1898 4160 persecutionis.
1927 4091 2187 4164 Nunquid

604 4180 750 4235 enim
779 4179 850 4236 ad
884 4179 1159 4247 tenebras,
1193 4178 1430 4251 Spiritus
1458 4180 1723 4253 impulsu,
1757 4185 1981 4241 discreti
2007 4186 2077 4242 ab
2095 4187 2186 4243 in-

600 4268 781 4325 vicem
827 4270 1063 4325 sumus?
1108 4269 1367 4339 Nunquid
1406 4278 1468 4327 ut
1518 4273 1843 4345 voluptuose
1878 4275 2186 4333 vivamus?

603 4359 862 4432 Nunquid
910 4360 1055 4418 Deus
1082 4376 1193 4417 nou
1237 4363 1428 4418 videt!
1474 4362 1734 4436 Nunquid
1783 4365 1853 4421 ad
1898 4366 2182 4424 hominum

2291 3252 2717 3321 πλουτίζοντες
2742 3271 2759 3288 ·
2794 3254 2876 3322 ὡς
2904 3256 3099 3326 μηδὲν
3126 3255 3400 3327 ἔχοντες,
3430 3257 3529 3315 καί
3561 3258 3636 3312 τὰ
3664 3257 3873 3312 πάντα

2289 3344 2669 3416 κατέχοντες,
2701 3347 3082 3413 άποστολικῶς
3108 3349 3306 3406 εἰπεῖν.
3348 3350 3412 3404 Ol
3439 3350 3717 3421 όφθαλμοὶ
3764 3368 3874 3423 μου

2288 3437 2378 3492 διὰ
2404 3438 2608 3503 παντὸς
2631 3437 2769 3506 πρὸς
2810 3438 2958 3510 ὑμᾶς
2983 3440 3111 3504 τοὺς
3137 3440 3414 3511 ποθητούς
3459 3458 3564 3509 μου
3585 3458 3600 3472 ·

2287 3526 2376 3582 δία
2410 3544 2513 3600 μου
2546 3528 2815 3602 καιομένη
2839 3530 2900 3582 ὲν
2930 3530 3061 3601 ὑμῖν
3089 3531 3148 3584 ἑν
3172 3531 3366 3602 Κυρίῳ
3390 3546 3408 3562 ο
3448 3530 3521 3585 τά
3537 3530 3876 3605 αἰσθητήριᾶ

2291 3637 2395 3691 μου
2425 3619 2736 3692 μαιμάσσει
2784 3637 2876 3692 με,
2920 3621 3087 3693 ἡνίκα
3113 3621 3337 3676 ἀκούσω
3382 3623 3673 3697 ἀπευκτὴν
3700 3624 3875 3694 ἀκοὴν

2287 3712 2382 3767 ὲπί
2432 3729 2574 3767 τινι·
2606 3712 2696 3768 ἐπ’
2744 3711 2813 3768 ἂν
2871 3712 3032 3785 μάθω
3090 3714 3367 3786 ἐκτροπὴν
3418 3714 3793 3786 θεομίσητον’
3824 3718 3872 3769 οἱ

2286 3802 2559 3875 ὀφθαλμοί
2613 3822 2717 3876 μου
2774 3804 3080 3875 κατάγουσι
3111 3805 3350 3878 δάκρυα.
3424 3805 3491 3860 Ἦ
3548 3807 3699 3879 ψυχή
3770 3826 3870 3880 μου

2288 3893 2658 3966 συντρίϐεται,
2701 3895 2906 3950 ὁπόταν
2953 3896 3106 3968 παρὰ
3154 3898 3256 3969 τὴν
3313 3897 3618 3968 παράδοσιν
3650 3898 3749 3953 καὶ
3775 3916 3871 3954 κα-

2284 3987 2552 4043 τάποσιν
2575 3989 2671 4045 καὶ
2708 3988 2808 4061 τὴν
2833 3988 2944 4043 τῶν
2972 3989 3390 4062 προειρημένων
3409 3989 3685 4058 ἔκφανσιν
3714 4009 3869 4064 περιο

2285 4084 2451 4137 πατεῖ
2491 4084 2521 4137 6
2554 4081 2863 4153 ἀφιλόθεος.
2914 4083 3331 4157 Ἕξεληλύθατε,
3361 4078 3408 4139 ὦ
3459 4086 3740 4159 Πατέρες,
3762 4087 3865 4141 ἀπὺ

2281 4172 2377 4226 τοῦ
2411 4172 2779 4245 μοναστηρίου
2810 4174 2891 4236 είς
2931 4173 3269 4247 ὑψηλότερον
3303 4173 3438 4244 φάος
3471 4174 3570 4228 τοῦ
3592 4175 3858 4245 διωγμοῦ.

2282 4264 2377 4336 Μὴ
2418 4263 2528 4336 γὰρ
2558 4264 2641 4329 είς
2688 4264 3055 4320 ὲπισκότωσιν
3088 4266 3424 4338 διηρέθημεν
3467 4267 3568 4320 ἀπ’
3615 4266 3861 4336 ἀλλήλων

2283 4355 2851 4429 πνευματοκινήτωςς
2895 4356 2972 4430 μὴ
3026 4358 3134 4427 γὰρ
3182 4358 3271 4411 ἵνα
3312 4357 3643 4431 περιπαθῶς
3686 4357 3859 4426 ζήσω-

604 4467 770 4509 aures
822 4467 962 4523 opus
997 4453 1430 4526 uniuscujusque
1457 4470 1568 4512 non
1599 4457 1866 4528 pervenit,
1888 4473 1999 4529 quo
2020 4459 2181 4517 modo

2286 4464 2424 4518 μεν;
2455 4446 2532 4520 μὴ
2572 4447 2682 4520 γάρ
2709 4450 2738 4502 6
2779 4449 2912 4514 Θεὸς
2940 4449 3039 4521 οὐχ
3066 4450 3207 4521 ὁρᾷς
3262 4449 3339 4523 μὴ
3396 4448 3507 4522 γὰρ
3548 4450 3658 4505 οὐκ
3700 4451 3859 4504 άκου-

603 4543 1002 4600 conversemini
1027 4543 1052 4598 ?

670 4747 819 4812 Ilaec,
842 4746 937 4817 qui
954 4762 1143 4803 servos
1154 4746 1389 4814 habetis,
1416 4745 1602 4804 audite
1622 4763 1639 4815 ;
1659 4748 1752 4820 qui
1776 4748 1881 4805 soli
1899 4750 2177 4821 habitatis,

592 4839 698 4911 «qui
737 4840 996 4895 mulieres
1032 4838 1343 4906 sectamini,
1374 4853 1445 4894 ne
1491 4839 1623 4910 quid
1677 4842 1917 4911 amplius
1947 4842 2127 4899 dicam
2159 4861 2178 4901 :

604 4931 779 4998 avari,
831 4931 1106 5002 gyrovagi.
1155 4929 1275 4986 Non
1333 4930 1512 4988 libens
1558 4931 1830 5002 vitupero,
1872 4933 2176 5003 ignoscite:

596 5021 699 5077 sed
725 5035 873 5091 aegre
902 5035 1124 5086 accuso,
1153 5028 1416 5092 tanquam
1439 5022 1506 5077 ad
1532 5021 1637 5078 hoc
1652 5022 1990 5080 constitutus
2019 5042 2034 5080 :
2062 5021 2180 5079 lm-

601 5112 737 5183 plete
774 5112 1028 5183 gaudium
1064 5128 1259 5178 meum,
1301 5112 1408 5182 ﬁlii
1429 5153 1446 5180 ,
1477 5121 1537 5167 ut
1582 5113 1723 5169 idem
1749 5115 2063 5185 sapiatis“,
2091 5130 2183 5170 ea-

600 5205 726 5263 dem
753 5220 944 5260 norma
967 5203 1277 5271 ambulatis,
1315 5204 1459 5260 bona
1479 5206 1727 5276 exempla
1759 5215 1816 5261 et
1850 5207 2180 5264 documenta

599 5299 657 5354 iu
683 5297 902 5354 animas
930 5296 1260 5352 intuentium
1296 5295 1673 5366 imprimentes
1703 5298 1770 5353 ad
1796 5298 2029 5369 gloriam
2058 5297 2180 5368 Dei,

589 5389 666 5445 ad
687 5389 855 5446 decus
889 5395 1136 5444 vestrum
1182 5387 1514 5455 immortale,
1564 5388 1633 5445 ad
1659 5368 1904 5446 laetitiam
1954 5368 2215 5462 quoque.

599 5496 776 5537 meam
828 5479 923 5551 qui
957 5487 1214 5550 peccator
1250 5496 1396 5545 sum,
1445 5480 1513 5535 ad
1552 5480 1771 5537 laudem
1820 5481 2180 5540 fraternitatis

595 5581 793 5630 vestrae
816 5572 873 5628 in
921 5570 1145 5627 Christo
1174 5569 1303 5627 Jcsu
1337 5570 1566 5626 Domino
1611 5581 1838 5639 nostro;
1876 5572 1965 5628 cui
2000 5572 2171 5644 gloria

657 5796 689 5831 ν
720 5796 739 5851 l
768 5795 915 5853 Pctr.
943 5814 1017 5864 tv,
1052 5799 1139 5867 10,
1175 5799 1262 5853 ll.
1343 5800 1365 5830 ⁸
1395 5799 1413 5853 ι
1444 5794 1589 5852 Tim.
1627 5806 1702 5865 vt,
1736 5799 1818 5855 ιο.
1895 5800 1915 5832 ⁹
1949 5796 1969 5852 l
2001 5798 2143 5854 Tim.
2182 5813 2234 5865 ν,

2203 4512 2258 4574 D
2284 4512 2417 4594 Enati
2439 4512 2691 4611 γίγνεται
2751 4512 2985 4597 ἑκάστου
3007 4512 3111 4596 "ab.
3145 4512 3345 4615 ’ἔργον,
3399 4512 3555 4609 ὅπως
3593 4542 3857 4614 ἅναστρέο

2282 4633 2474 4703 φοισθε
2495 4649 2511 4699 ;

2351 4747 2419 4804 Ol
2446 4746 2572 4812 τοὺς
2600 4747 2822 4813 δούλους
2848 4747 3083 4819 ἔχοντες,
3111 4746 3288 4803 ταῦτα
3319 4747 3555 4803 ἀκούετε
3574 4765 3591 4780 ο
3623 4749 3677 4803 oi
3698 4762 3850 4818 μονο·

2279 4841 2552 4904 κάθιστοι,
2581 4842 2633 4897 οἱ
2684 4842 3145 4913 γυναικιζόμενοι,
3187 4842 3278 4896 ἶνα
3322 4841 3460 4914 μήτι
3492 4840 3662 4897 πλέον
3687 4841 3849 4908 λέγειν

2278 4935 2331 4990 οἱ
2363 4934 2713 5006 φιλάργυροι,
2763 4935 2814 4987 οἱ
2858 4933 3167 5006 φιλόγυροι.
3215 4935 3329 5005 Οὐχ
3382 4930 3527 4987 ἑκὼν
3579 4931 3846 4995 ὀνειδίζω,

2281 5026 2598 5095 σύγγνωτεο
2662 5023 2800 5078 ἀλλὰ
2829 5023 3010 5078 πονῶν
3059 5022 3377 5096 κατηγορῶ,
3431 5022 3509 5087 ὠς
3564 5022 3651 5086 εἰς
3694 5018 3845 5075 τοῦτο

2287 5115 2559 5188 κείμενος.
2605 5112 2974 5183 Πληρώσατέ
2996 5131 3118 5185 μου
3150 5112 3268 5183 τὴν
3305 5111 3521 5182 χαρὰν,
3559 5107 3609 5169 ὦ
3649 5111 3841 5173 τέκνα,

2279 5209 2383 5264 ἵνα
2410 5206 2477 5263 τὸ
2505 5207 2652 5263 αὐτὸ
2691 5204 2978 5277 φρονῆτε,
3029 5204 3111 5276 τῷ
3138 5204 3290 5276 αὐτῷ
3320 5206 3574 5277 στοιχῆτε
3620 5204 3800 5260 κανόνι
3824 5219 3839 5232 °

2278 5293 2461 5364 ἀγαθά
2495 5293 2867 5365 ὑποδείγματα
2895 5295 2990 5348 καὶ
3038 5292 3413 5364 ὑπομνήματα
3449 5290 3841 5361 ἐναποσφραγί-

2280 5385 2466 5450 ζοντες
2502 5387 2624 5448 ταῖς
2648 5385 2848 5456 ψυχαῖς
2893 5383 3002 5439 τῶν
3048 5381 3330 5457 ὁρώντων,
3363 5384 3447 5449 είς
3501 5383 3662 5449 δόξαν
3686 5380 3836 5439 θεοῦ.

2278 5480 2360 5541 εἰς
2402 5477 2560 5539 κλέος
2610 5476 2766 5547 ὑμῶν
2819 5475 3103 5542 ἄσϐεστον,
3152 5475 3235 5537 είς
3286 5473 3627 5547 εὐφροσύνην
3666 5468 3838 5542 κάμοῦ

2279 5566 2376 5621 τοῦ
2420 5565 2772 5640 άμαρτωλοῧ,
2798 5571 2880 5632 εις
2913 5566 3134 5622 ἔπαινον
3165 5566 3267 5638 τῆς
3305 5566 3669 5638 ἀδελφότητος
3688 5563 3839 5636 ὐμῶν

2292 5797 2385 5853 23.
2461 5797 2504 5829 ¹⁰
2534 5794 2576 5851 ll
2602 5795 2731 5853 Cor.
2761 5812 2837 5853 vt.
2875 5797 2932 5854 9.
2988 5795 3035 5832 ¹¹
3070 5795 3306 5869 Philipp.
3336 5810 3401 5867 ιι,
3434 5795 3491 5853 2.
