4060 6374
228 358 359 428 ιιει

1403 369 1950 433 EPISTULARUM
2003 371 2156 436 LIB.
2183 372 2290 433 'II.

3351 368 3491 438 1426

226 476 280 531 ἐν
300 472 521 547 Χριστῷ
569 472 743 547 Ἰησοῦ
772 472 850 547 τῷ
896 476 1089 548 Κυρίῳ
1122 476 1279 548 ἡμῶν
1304 494 1319 509 ·
1358 471 1405 547 ᾧ
1446 481 1481 551 ἡ
1536 477 1666 545 δόξα
1704 482 1801 535 καὶ

1915 461 1955 536 ἐι
1983 480 2272 552 imperium
2310 495 2435 536 cum
2468 480 2629 535 Patre
2652 488 2708 535 et
2751 479 2958 549 Spiritu
3010 490 3224 548 saucto,
3258 498 3404 539 nunc
3434 494 3491 539 et

224 569 280 624 τδ
303 569 524 643 κράτος,
557 567 676 639 ἅμα
700 569 785 642 τῷ
820 572 1000 644 Πατρὶ
1029 574 1126 627 καὶ
1171 573 1252 645 τῷ
1292 574 1437 646 ἁγίῳ
1495 575 1798 646 Πνεῦμα-τι,

225 660 312 716 νῦν
369 660 464 714 καὶ
516 658 604 713 ἀεὶ
668 662 763 715 καὶ
814 662 900 726 είς
950 664 1080 727 τοὺς
1127 663 1334 728 αἰῶνας
1393 665 1507 721 τῶν
1562 665 1801 721 αἰώνων.

237 753 421 825 Ἀμήν.

380 869 531 925 PAB'
568 868 707 943 (28).
732 900 807 912 ——
832 869 914 942 Τῇ
933 870 1243 943 ἡγουμένῃ
1291 873 1522 944 Ἰγνῶν.
1598 871 1795 948 [χπζθ.]

1906 588 2128 644 semper
2154 581 2211 629 et
2238 573 2293 627 in
2324 573 2522 628 saecula
2555 571 2905 628 saeculorum.
2933 571 3131 628 Amen.

2215 864 2475 922 CXXXII.
2495 895 2565 906 —
2582 864 2896 937 Praepositae
2918 863 3192 935 Ignarum.

1153 988 1217 1040 Ut
1247 988 1724 1050 sanctimonialibus,
1758 988 1943 1052 quibus
1978 991 2184 1053 praeest,
2209 984 2277 1035 sit
2314 981 2564 1046 exemplo.

314 1090 670 1164 Απεδεξάμην
685 1091 784 1163 τὴν
805 1093 1091 1152 εὐΜσειάν
1115 1114 1233 1163 σου,
1262 1099 1469 1171 ἀδελφὴ
1495 1102 1553 1154 ἐν
1583 1100 1798 1174 Κυρίῳ,

132 1220 135 1221 ν
223 1183 313 1236 καὶ
336 1184 423 1253 ἐφ’
459 1178 543 1248 οἷς
600 1184 935 1253 ἀπέστειλας
966 1187 1183 1261 δώροιςη
1218 1191 1314 1246 καὶ
1338 1192 1398 1246 ἐν
1434 1187 1521 1257 αἷς
1551 1192 1800 1247 διαθέσε-

224 1291 305 1328 σιν
331 1273 738 1346 ὓπολαμσάνεις
793 1279 864 1333 τά
924 1281 1050 1335 καθ’
1090 1283 1258 1354 ἡμᾶς.
1313 1283 1456 1338 Ἀλλ’
1485 1285 1545 1338 οὐ
1591 1287 1803 1341 τοιοῦτο

224 1367 377 1438 ἡμεῖς
404 1382 420 1397 ⁸
446 1366 504 1419 οἴ
552 1383 618 1436 γε
648 1366 773 1421 οὐδέ
832 1370 1052 1437 ἑαυτοῖς
1110 1372 1409 1444 ἀρκοῦντες
1461 1377 1520 1430 ἐν
1549 1376 1799 1445 ἀγαθοῖς,

226 1459 339 1525 πῶς
387 1458 455 1515 ἂν
481 1459 666 1525 ἄλλοις
720 1463 1086 1537 μεταδοίημεν
1136 1468 1493 1537 ἀγαθοειδοῦς
1538 1466 1851 1525 διδασκαςδ

225 1550 373 1620 liae;
407 1552 629 1606 Γένοιτο
674 1551 733 1607 δὲ
766 1555 912 1610 κατὰ
969 1557 1069 1630 τὴν
1112 1560 1302 1615 πίστιν
1332 1578 1428 1616 σου
1480 1563 1803 1637 θεοπρεπῶς

226 1642 622 1711 πολιτεύεσθαι,
660 1646 754 1700 τὸν
797 1648 856 1702 ἐν
885 1648 1156 1722 παρθενίᾳ
1197 1651 1309 1722 βίον
1344 1654 1656 1725 ἀμέμπτως
1682 1656 1801 1710 δια·

224 1733 502 1789 τελοῦσαν·
549 1735 611 1789 οὐ
669 1736 777 1808 μὴν
802 1778 817 1804 ,
884 1739 1022 1794 ἀλλὰ
1078 1743 1173 1796 καὶ
1209 1742 1303 1796 τὸν
1331 1745 1433 1816 τῆς
1466 1748 1804 1818 προστασύας

1976 1097 2241 1152 Pietatem
2272 1104 2426 1151 tuam
2479 1093 2694 1150 laudavi
2725 1109 2791 1148 ac
2818 1092 3066 1163 probavi,
3093 1107 3255 1148 soror
3292 1090 3346 1145 in
3389 1091 3496 1145 Do-

1903 1191 2078 1252 mino,
2105 1198 2221 1246 tum
2260 1189 2316 1244 in
2359 1188 2430 1245 iis
2486 1187 2646 1243 donis
2700 1202 2822 1257 quae
2876 1186 3098 1250 misisti,
3143 1196 3255 1240 tum
3318 1184 3374 1239 in
3429 1200 3497 1239 eo

1903 1281 2101 1337 all‘ectu
2146 1296 2256 1352 quo
2296 1289 2484 1336 nostra
2521 1279 2745 1349 accipis.
2786 1276 2934 1332 Nihil
2980 1277 3161 1334 simile
3209 1286 3395 1332 autem
3439 1277 3496 1329 in

1903 1373 2065 1428 nobis
2089 1371 2304 1441 est.qui
2334 1386 2457 1425 cum
2494 1386 2594 1426 nec
2630 1370 2765 1426 satis
2805 1369 2908 1440 ipsi
2942 1370 3193 1425 instructi
3219 1385 3251 1423 a
3293 1369 3497 1423 virtute

1904 1466 2101 1530 simus,
2136 1463 2413 1533 quomodo
2442 1463 2565 1519 aliis
2614 1463 2920 1517 doctrinam
2954 1462 3175 1519 virtutis
3215 1460 3496 1532 impertie-

1903 1555 2069 1611 mus?
2107 1556 2327 1612 Utinam
2351 1565 2532 1610 autem
2583 1555 2885 1610 secundum
2911 1555 3073 1610 fidem
3111 1562 3262 1608 tuam
3313 1552 3498 1607 divino

1903 1661 2059 1702 more
2092 1644 2458 1712 converseris,
2498 1644 2778 1716 vitamque
2826 1645 2882 1700 in
2922 1644 3237 1716 virginitate
3266 1658 3497 1714 peragas

1904 1739 2221 1811 inculpata:
2250 1749 2417 1811 atque
2447 1743 2585 1793 adeo
2638 1739 2974 1809 praefectura:
3025 1752 3245 1809 quoque
3294 1737 3497 1791 innnus

227 1826 430 1898 βαθμὸν
454 1828 842 1901 ἀκατακρίτως
871 1833 1183 1905 περιέπειν.
1214 1835 1356 1891 Ἰσθι
1384 1837 1494 1909 γάρ
1533 1839 1608 1905 ὡς
1633 1840 1801 1894 πολύ-

1915 1834 2029 1889 sine
2061 1833 2489 1904 reprehensione
2523 1832 2708 1887 obeas!
2748 1832 2871 1887 Scis
2903 1831 3048 1885 enim
3076 1846 3190 1885 rem
3219 1845 3342 1886 esse
3371 1844 3496 1884 cum

228 1916 419 1990 μισθον
446 1918 510 1972 τὸ
557 1923 792 1993 πρᾶγμα
824 1937 841 1952 ο
888 1922 1005 1977 ἀλλ’
1050 1920 1147 1978 οὖν
1196 1943 1260 1996 γε
1315 1930 1431 1992 τοῖς
1494 1927 1572 2002 μὴ
1637 1947 1803 2002 προσ-

226 2014 409 2082 έχουσι
429 2011 527 2066 καὶ
552 2013 914 2081 ἐπικίνδυνον,
937 2015 1127 2088 ψυχῶν
1141 2019 1334 2090 ἀρχειν
1350 2019 1460 2073 τῶν
1480 2024 1604 2076 κατ’
1617 2023 1804 2078 είκόνα

224 2101 358 2156 Θεοῦ
410 2104 825 2175 πεποιημένων.
888 2107 980 2173 Ὧς
1036 2106 1130 2165 οὖν
1191 2113 1250 2167 ἐν
1308 2112 1500 2186 Κυρίῳ
1558 2114 1805 2187 ἄρχουσα

222 2200 380 2271 ἡγοῦ,
414 2202 511 2255 καὶ
542 2202 837 2258 κατευοδοῦ
866 2205 969 2277 τῆς
1018 2205 1258 2278 ποίμνης
1283 2224 1400 2271 σου,
1425 2211 1628 2274 παντὸς
1661 2212 1804 2280 ἀγα-

222 2291 319 2347 θοῦ
340 2292 687 2366 προτύπωμα
705 2294 904 2367 ἑαυτὴν
919 2298 1132 2353 τιθεῖσα
1152 2316 1169 2332 ο
1202 2299 1292 2353 ἵνα
1315 2300 1557 2374 ἀξιωθῇς
1588 2305 1764 2357 εἰπεῖν
1787 2320 1800 2334 ’

234 2383 380 2439 Ἰδοὺ
417 2383 555 2456 ἐγὼ,
587 2386 684 2440 καὶ
722 2386 794 2441 τὰ
847 2389 1038 2444 παιδία
1075 2389 1113 2446 ἅ
1139 2409 1245 2461 μοι
1271 2392 1500 2448 ἔδωκεν
1555 2397 1589 2448 ὁ
1636 2396 1804 2463 Θεός.

221 2474 355 2540 Θεὸς
382 2475 493 2548 γὰρ
521 2478 883 2550 παραδέδωκὲ
920 2498 1004 2535 σοι
1042 2482 1142 2547 τὰς
1174 2483 1353 2556 ψυχὰς
1382 2485 1451 2539 δι’
1481 2486 1767 2558 Morari:
1786 2504 1803 2519 ⁶

223 2566 318 2620 καὶ
347 2566 498 2639 αὐτῷ
516 2567 627 2622 δεῖν
646 2585 708 2622 σε
734 2570 905 2637 αὑτὰς
936 2574 1208 2643 προσάξαι
1235 2575 1312 2641 ῶς
1343 2576 1535 2632 θυσίαν
1567 2580 1804 2651 εὐπρόσ-

223 2656 411 2712 δεκτον
437 2673 454 2690 ⁸
493 2660 599 2713 κάν
627 2660 807 2734 τούτῳ
864 2663 1038 2729 πολύς
1067 2682 1162 2720 σου
1189 2668 1218 2721 ό
1246 2667 1437 2739 μισθὸς
1472 2669 1531 2722 ἐν
1558 2670 1807 2742 οὐρανοῖς

222 2747 478 2821 ὑπάρξει.
509 2748 740 2804 Δίδασκε
771 2752 936 2816 αὐτὰ,
972 2753 1219 2809 νουθέτει
1249 2756 1319 2810 τά
1348 2757 1597 2830 σωτήρια
1618 2757 1808 2812 ἐντάλ-

227 2858 376 2911 ματα
404 2880 422 2909 ,
458 2841 647 2897 ποθεῖν
676 2843 837 2913 μόνον
879 2846 1137 2917 Χριστὸν,
1175 2848 1314 2903 ἀλλά
1362 2849 1437 2921 μὴ
1466 2851 1678 2923 σάρκας
1710 2853 1806 2906 καὶ

220 2932 474 3004 αἷμα-ια’
507 2934 865 3007 ἀκτημονεῖν,
899 2937 1040 2993 ἀλλὰ
1064 2939 1234 3012 μηδὲν
1287 2940 1439 3013 ἔχειν
1473 2942 1806 3014 ίδιόκτητον·

222 3023 631 3096 ἀπροσπαθεῖν,
704 3026 842 3083 ἀλλά
901 3029 976 3102 μὴ
1049 3029 1403 3100 φιλοῖδιάζειν
1471 3034 1611 3106 πρὸς
1683 3036 1811 3099 τοὺς

221 3117 690 3188 ἀγχιστεύονταςο
747 3121 1212 3194 προθυμοεργεῖν,
1262 3125 1401 3179 ἀλλά
1452 3125 1529 3199 μὴ
1557 3129 1809 3200 ὀκνηρῶς

1908 1924 2111 1996 ingenti
2128 1923 2379 1980 mercede
2393 1924 2768 1995 conjunctam,
2788 1921 2881 1978 sed
2901 1930 2956 1976 et
2972 1920 3039 1976 iis
3055 1921 3148 1991 qni
3164 1928 3295 1975 sunt
3312 1921 3497 1975 minus

1905 2018 2074 2081 cauti,
2101 2016 2331 2088 periculi
2363 2017 2601 2087 plenam,
2632 2029 2866 2086 praeesse
2908 2013 3111 2069 animis
3139 2012 3206 2067 ad
3234 2011 3498 2067 similitu-

1905 2110 2089 2166 dinem
2154 2108 2251 2165 Dei
2306 2109 2570 2165 conditis.
2604 2109 2795 2178 Itaque
2845 2116 3106 2178 tanquam
3160 2107 3214 2159 in
3265 2102 3499 2160 Domino

1906 2202 2244 2256 moderatrix
2277 2216 2534 2272 praeesro,
2568 2210 2623 2255 et
2654 2215 2871 2272 gregem
2904 2210 3057 2257 tuum
3107 2197 3341 2254 feliciter
3372 2213 3500 2269 rege

1909 2294 2139 2363 teipsam
2171 2294 2351 2350 omnis
2376 2293 2504 2348 boni
2535 2292 2768 2363 effigiem
2800 2293 3055 2363 praebens
3098 2309 3114 2359 ;
3142 2290 3396 2361 utpnssis
3417 2290 3504 2343 di-

1906 2383 2223 2440 cerezEcce
2251 2402 2345 2456 ego
2401 2396 2454 2441 et
2479 2386 2693 2456 puellae,
2747 2401 2878 2454 quas
2925 2382 3071 2437 dedit
3108 2383 3237 2436 mihi
3273 2380 3497 2436 Deus".

1910 2476 2160 2532 Tradidit
2185 2478 2332 2533 enim
2366 2478 2461 2534 tibi
2490 2479 2705 2532 animas
2722 2475 2870 2531 Deus
2886 2490 2983 2547 per
3006 2473 3497 2530 renuntiationem:

1909 2578 2076 2638 atque
2100 2569 2167 2624 ad
2206 2569 2387 2640 ipsum
2431 2569 2625 2623 adduci
2661 2584 2691 2623 a
2725 2578 2776 2623 te
2802 2569 2902 2623 has
2956 2576 3193 2638 oportet,
3234 2576 3501 2639 tanquam

1912 2659 2148 2716 hostiam
2206 2670 2780 2730 acceptamzeamque
2831 2659 2901 2714 ob
2957 2674 3073 2713 rem
3120 2656 3363 2713 maxima
3403 2655 3509 2713 tibi

1910 2769 2123 2810 merces
2151 2754 2205 2808 in
2245 2753 2401 2809 caelis
2435 2753 2562 2809 erit.
2595 2750 2704 2807 llas
2734 2751 2893 2819 doce,
2926 2751 3191 2816 salutaria
3241 2751 3327 2805 his
3360 2766 3502 2821 pra:-

1911 2852 2069 2915 cepta
2095 2846 2492 2917 ingere,unum
2534 2859 2721 2898 amare
2775 2841 3083 2908 Christum,
3121 2859 3231 2899 non
3275 2858 3502 2898 carnem

1910 2948 1967 2992 et
1992 2937 2340 3008 sanguinem,
2377 2937 2595 3006 inopem
2648 2935 2816 2992 vitam
2865 2936 3087 3001 ducere.
3120 2935 3257 2990 nihil
3299 2934 3504 2991 habere

1910 3028 2190 3097 privatim,
2218 3027 2370 3082 nullo
2406 3026 2600 3081 allecto
2629 3026 2824 3091 teneri,
2855 3042 2954 3081 nec
2976 3027 3317 3099 prepinquos
3339 3041 3502 3097 pecu-

1915 3119 2123 3175 liariter
2160 3118 2391 3190 diligere
2421 3137 2436 3173 :
2468 3120 2677 3174 alacres
2727 3118 2990 3174 exhibere
3039 3133 3121 3186 se,
3167 3134 3268 3175 nec
3296 3136 3419 3177 esse
3444 3119 3501 3173 in

166 3229 171 3235 ’
223 3209 373 3280 ἔχειν
399 3210 538 3283 πρὸς
563 3211 664 3282 τὴν
689 3192 948 3286 ἄσκησινξ
983 3192 1091 3269 Ἂν
1118 3216 1227 3289 γὰρ
1274 3192 1471 3285 οὕτως,
1504 3192 1810 3292 ἀπαντήσει

1915 3212 2164 3268 instituto
2197 3213 2504 3268 monastico
2566 3228 2782 3283 segnes.
2842 3210 2982 3267 Nam
3017 3213 3067 3269 si
3114 3214 3191 3270 ita
3240 3213 3333 3282 sit,
3368 3214 3506 3285 ipsis

222 3301 424 3364 αὐταῖς
448 3302 477 3354 ό
501 3302 735 3373 νυμφίος
762 3304 1004 3374 Χριστὸς
1032 3307 1229 3379 μικρὸν
1256 3306 1491 3382 ὕστερον
1512 3310 1811 3385 λαμπαδηο

224 3394 546 3465 φορούσαις,
576 3398 673 3449 καὶ
700 3397 1153 3470 ἀπαντηθήσεται
1177 3402 1495 3474 περιχαρῶς
1516 3422 1530 3437 ·
1559 3404 1810 3459 ἀσπάσε-

220 3502 322 3542 ται
349 3485 448 3541 καὶ
498 3488 913 3562 ἀσπασθήσεται
948 3491 1295 3565 ἱεροπρεπῶς
1320 3510 1334 3524 °
1368 3493 1572 3560 ἀνοίξει
1616 3497 1812 3562 αὑταῖς

222 3580 325 3634 τὸν
364 3579 616 3652 οὐράνιον
668 3583 766 3638 καὶ⁹
810 3584 1231 3656 ἀχειρότευκτον
1285 3587 1586 3657 νυμφῶνα·
1644 3588 1812 3642 δώσει

224 3670 424 3735 αὐταῖς
447 3671 726 3742 βασιλείαν
748 3675 1018 3745 οὐρανῶν,
1066 3675 1281 3749 τρυφὴν
1319 3678 1677 3749 παραδείσου,
1715 3679 1814 3732 πό-

226 3783 383 3839 ματα
393 3766 713 3836 ἀθανασίας,
734 3769 1103 3842 γλυκάσματα
1118 3770 1398 3838 ἀειζωίας’
1418 3770 1627 3825 ἐνδόσει
1645 3770 1816 3836 αὐτὰς

223 3859 621 3933 περιϐλήματα
638 3862 931 3934 φωτοειδῆ,
947 3864 1217 3936 κοσμήσει
1241 3863 1469 3934 κόσμοις
1482 3864 1813 3935 ἀφθαρσίας,

222 3957 693 4025 νυμφαγωγικοῖς
720 3954 1048 4027 διαδήμασιν
1075 3968 1091 3985 ο
1126 3954 1404 4027 ἐμπλήσει
1427 3953 1536 4008 τῶν
1569 3955 1818 4027 ἀπείρων

222 4041 478 4113 ἀγαθῶν,
509 4045 590 4109 εἰς
624 4042 829 4109 αἰῶνας
858 4045 1092 4101 αἰώνων.
1134 4046 1235 4100 Διά
1268 4044 1446 4101 ταῦτα
1486 4046 1584 4101 καὶ
1620 4047 1684 4101 σὺ
1715 4048 1819 4101 κά-

220 4134 411 4188 κεῖναι
468 4132 777 4205 μοχθήσατε
800 4148 816 4165 ⁸
851 4132 1081 4199 διώξατε
1106 4132 1172 4206 [ἲ.
1217 4130 1592 4205 ὲμοχθήσατε]
1631 4131 1818 4206 ἡμέρᾳ

220 4223 332 4280 καὶ
358 4223 543 4296 ἡμέρᾳ
562 4222 1004 4293 κατεργάζεσθαι
1026 4225 1128 4296 τὴν
1149 4223 1356 4278 ἐαυτῶν
1373 4222 1669 4296 σωτηρίαν·
1690 4224 1822 4277 ἀνα-

217 4316 438 4389 ψῦχετε
455 4319 578 4381 ταῖς
614 4317 797 4372 ἐλπίσι
815 4333 830 4348 ο
851 4316 1109 4372 σϐέννυτε
1139 4317 1204 4371 τδ
1229 4318 1666 4389 ἐπεισαγόμενον
1706 4316 1818 4389 πῦρ

221 4415 393 4485 παρά
420 4412 515 4468 τοῦ
539 4412 738 4485 ἐχθροῦ
769 4414 827 4468 ἐν
850 4413 1084 4485 ψυχαῖς,
1106 4413 1184 4485 τῷ
1214 4411 1344 4484 θείῳ
1399 4412 1565 4484 ἔρωτι
1587 4427 1601 4442 ⁸
1630 4412 1713 4466 ὅτι
1754 4412 1822 4466 ἀν

1915 3322 2046 3362 suas
2087 3305 2363 3375 lampades
2392 3306 2706 3376 gerentibus
2736 3304 2899 3376 paulo
2932 3314 3059 3377 post
3082 3322 3321 3377 sponsus
3350 3308 3508 3363 Chri-

1915 3409 2033 3455 stus
2054 3407 2325 3459 occnrrct.
2361 3408 2417 3454 et
2440 3398 2905 3469 excipieturidem
2932 3414 3058 3454 cum
3086 3399 3308 3470 gaudio,
3321 3414 3509 3455 sacros

1913 3490 2159 3546 vicissim
2194 3490 2424 3561 accipiet
2448 3506 2513 3545 ac
2536 3489 2724 3545 reddet
2746 3490 3348 3561 amplexus,ccelestem
3373 3491 3510 3561 ipsis

1915 3599 2019 3639 nec
2050 3581 2420 3652 tnanul‘actum
2453 3583 2752 3637 thalamum
2775 3583 3006 3653 aperiet,
3044 3583 3271 3638 donabit
3317 3584 3399 3640 eis
3429 3599 3511 3639 re-

1917 3692 2084 3748 gnum
2115 3675 2403 3740 ccelorum,
2443 3675 2683 3745 paradisi
2716 3674 3077 3746 voluptatem,
3110 3675 3363 3744 potiones
3396 3675 3501 3729 im-

1918 3765 2291 3831 mortalitatis,
2339 3765 2666 3820 suavitatem
2715 3764 2842 3820 vitae
2888 3766 3237 3834 sempiternae
3270 3782 3285 3818 :
3322 3765 3510 3820 induet

1917 3875 2014 3914 eas
2044 3858 2246 3913 amictu
2272 3850 2478 3923 lucido,
2514 3856 2946 3926 incorruptienis
2974 3856 3175 3911 decore
3195 3856 3510 3918 exornabit,

1920 3953 2161 4027 sponsali
2182 3952 2519 4009 diademate:
2538 3951 2842 4007 innumeris
2862 3951 3094 4007 honisin
3114 3950 3509 4020 sempiternum

1919 4062 2096 4105 aevum
2140 4045 2460 4101 cumulabit.
2520 4043 2750 4114 Propter
2795 4042 2913 4099 haec
2927 4054 2981 4098 et
3010 4051 3068 4098 tu
3090 4052 3146 4099 et
3179 4043 3287 4097 illae
3306 4057 3506 4098 terum-

1921 4157 2023 4198 nas
2041 4138 2343 4212 pertulistis
2360 4156 2374 4193 :
2393 4152 2591 4210 magno
2610 4137 2793 4193 studio
2808 4136 3054 4207 quotidie
3071 4139 3340 4191 enitentes
3356 4144 3415 4190 ut
3429 4151 3514 4191 sa-

1920 4233 2090 4289 lutem
2123 4242 2360 4289 vestram
2388 4229 2776 4302 operaremini.
2802 4229 2938 4301 Spes
2969 4245 3067 4287 vos
3094 4230 3185 4285 illa
3218 4230 3426 4285 reﬁciat
3446 4245 3513 4286 ac

1922 4334 2151 4384 recreet.
2184 4323 2473 4381 Inductum
2500 4323 2555 4378 in
2585 4323 2802 4379 animos
2843 4322 2913 4379 ab
2939 4322 3294 4395 hosteignem
3321 4324 3512 4377 divino

1924 4435 2113 4476 amore
2159 4418 2515 4491 exstinguite.
2552 4415 2709 4484 Quod
2730 4415 2930 4487 siquid
2962 4415 3111 4473 aliud
3140 4415 3198 4472 in
3223 4414 3512 4485 disciplina

220 4505 366 4561 ἄλλο
377 4504 616 4578 ἐπαχθὲς
626 4506 727 4579 τῆς
744 4508 1050 4580 ἀσκήσεως.
1068 4507 1201 4571 Ταῖς
1216 4504 1456 4578 ἀναλήψε
1464 4523 1516 4560 σι
1528 4506 1640 4560 τῶν
1658 4504 1811 4559 θείων

1925 4529 2088 4586 grave
2116 4522 2199 4569 est
2228 4527 2294 4569 ac
2327 4512 2654 4575 molestum,
2696 4509 2750 4564 id
2802 4508 3039 4565 lectione
3087 4523 3244 4565 sacra
3296 4516 3514 4578 arrepta

220 4597 688 4671 ἄναγνωσμάτων
744 4616 804 4652 τε
880 4598 977 4653 καὶ
1032 4599 1297 4672 ᾀσμάτων
1369 4597 1818 4671 παραμυθεῖσθε,

219 4690 712 4765 περιφρουροῦσαι
735 4690 834 4745 καὶ
863 4692 929 4746 τὸ
975 4690 1343 4764 ἀκοινώνητον
1369 4691 1472 4764 τῆς
1502 4692 1768 4765 αἱρέσεως
1799 4708 1817 4724 ’

218 4783 344 4856 κᾷν
374 4784 474 4857 δὲῃ
499 4783 642 4856 ὑπὲρ
679 4782 845 4838 αὐτοῦ
889 4784 1086 4839 παθεῖν
1118 4802 1171 4838 τι
1204 4783 1370 4856 μέχρι
1405 4783 1502 4839 καὶ
1531 4782 1767 4839 θανάτου
1801 4798 1816 4813 ⁶

222 4875 512 4949 μηδαμῶς
544 4874 847 4946 προέμεναι
897 4875 997 4947 τὴν
1045 4874 1251 4931 πίσ’τιν.
1307 4874 1420 4946 Τῆς
1449 4874 1558 4948 γὰρ
1594 4875 1822 4947 ἀγάπης

218 4969 481 5043 Χριστοῦ
525 4972 680 5025 οὐδὲν
715 4971 1151 5043 προτιμότερον*
1212 4968 1399 5035 καθὼς
1425 4970 1724 5035 ἀπέδειξαν
1762 4972 1821 5025 αῖ

218 5064 561 5128 ἀπἀίῶνος
598 5064 860 5136 παρθένοι
900 5065 1066 5135 μέχρι
1119 5062 1215 5117 τοῦ
1269 5061 1469 5136 δεῦρο⁸
1519 5063 1821 5136 ἐπειδήπερ

218 5156 352 5213 εἰσὶ
386 5157 482 5211 καὶ
513 5155 610 5211 νῦν
651 5156 1009 5228 διωκόμεναι,
1038 5155 1133 5210 καὶ
1173 5154 1285 5210 τῶν
1328 5154 1508 5226 μονῶν
1533 5155 1821 5221 ἐξωθεῖσαι

217 5246 329 5302 διά
388 5244 645 5318 Χριστὸν,
686 5246 722 5316 ἢ
776 5246 1069 5317 μετασχεῖν
1127 5244 1223 5299 τοῦ
1294 5243 1575 5317 αἱρετικοῦ
1614 5245 1822 5317 ¹ἄρτου.

218 5330 432 5394 Ταῦτα
466 5338 543 5402 ῶς
578 5337 721 5392 κατά
750 5336 986 5410 Χριστὸν
1031 5335 1235 5408 ἀδελφῇ
1258 5336 1398 5412 οῦσῃ
1438 5337 1536 5393 καὶ
1565 5338 1820 5410 θυγατρὶ,

217 5428 505 5505 γέγραφὰ
557 5446 642 5483 σοι
678 5429 776 5485 καὶ
825 5431 947 5494 ταῖς
1006 5428 1145 5500 μετά
1194 5429 1254 5484 σέ
1281 5445 1295 5458 ⁸
1348 5429 1424 5495 ῶς
1474 5430 1541 5487 ἂν
1585 5430 1717 5494 ἴδοις
1744 5430 1827 5485 ὅτι

302 5610 358 5648 ⁸⁸
387 5608 496 5667 lsa.
526 5624 646 5676 νιιι,
690 5606 775 5664 l8.

1928 4605 2258 4678 hymnisque
2290 4602 2860 4661 decantandisleniter
2891 4616 2957 4657 ac
2986 4602 3252 4672 mitigate,
3283 4602 3352 4656 ab
3398 4600 3512 4655 lue-

1929 4698 2094 4754 retica
2122 4697 2511 4754 communione
2541 4695 2733 4752 sedulo
2761 4703 3017 4750 caventes
3040 4713 3055 4750 :
3078 4695 3163 4751 vel
3189 4695 3238 4750 si
3289 4708 3515 4750 necesse

1929 4791 2003 4846 sit
2046 4790 2211 4860 hujus
2242 4789 2321 4845 rei
2351 4804 2519 4845 causa
2578 4803 2756 4858 usque
2786 4787 2855 4842 ad
2896 4796 3133 4842 mortem
3198 4786 3333 4858 pati,
3363 4786 3515 4840 nullo

1928 4876 2090 4953 pacto
2125 4882 2443 4953 abjicientes
2462 4880 2649 4937 ﬁdem.
2673 4879 2822 4934 Nihil
2851 4879 2998 4935 enim
3043 4880 3406 4950 praestabilius
3430 4887 3517 4934 est

1929 4974 2134 5031 Christi
2169 4975 2441 5031 charitate
2474 4993 2488 5031 :
2522 4973 2982 5045 quemadmodum
3033 4988 3145 5044 pra:
3178 4988 3238 5029 se
3270 4973 3515 5028 tulerunt

1928 5066 1998 5122 ab
2022 5066 2176 5135 omni
2203 5082 2321 5123 aevo
2343 5066 2584 5138 virgines
2602 5081 2777 5137 usque
2807 5068 2874 5121 ad
2898 5067 3047 5122 hunc
3060 5066 3227 5122 diem.
3256 5064 3537 5133 Quandoa

1927 5157 2150 5227 quidem
2184 5174 2333 5215 nunc
2352 5173 2573 5229 quoque
2603 5166 2735 5213 sunt
2762 5173 2889 5229 quae
2912 5169 3210 5225 vexantur,
3249 5168 3415 5228 atque
3448 5174 3511 5212 ex

1929 5251 2278 5308 monasteriis
2303 5259 2527 5321 propter
2558 5249 2842 5307 Christum
2872 5258 3111 5307 extrusae
3130 5260 3280 5314 sunt,
3313 5266 3381 5304 ne
3403 5251 3515 5304 lia-.-

1929 5343 2163 5399 reticum
2202 5358 2396 5413 panem
2425 5342 2843 5415 partiriparent,
2874 5342 3002 5398 llaec
3022 5342 3119 5397 tibi
3143 5353 3399 5412 tanquam
3427 5355 3516 5395 So-

1930 5432 2044 5490 rori
2095 5435 2149 5491 in
2179 5435 2401 5495 Christo
2440 5450 2510 5509 ac
2550 5435 2678 5494 tiliae
2705 5436 2931 5508 scripsi,
2959 5435 3104 5493 etiis
3155 5450 3276 5507 quae
3335 5443 3541 5493 tecum.

1760 5694 1998 5757 ΝΟΤᾸΞ.

317 5814 438 5889 (89)
468 5813 527 5874 In
550 5816 672 5876 cod.
696 5815 830 5890 Reg.
867 5814 1013 5892 ρμζ’.
