4060 6374
601 411 738 478 1427
1787 400 1850 458 S.
1889 397 2279 458 THEODORI
2316 393 2659 458 STUDITEE
3717 382 3857 448 1428

594 532 726 582 sunt
742 529 832 578 :ut
854 516 1125 586 intelligas
1137 524 1186 571 et
1203 526 1548 568 communem
1567 506 1726 562 nobis
1753 506 2041 560 Dominum
2061 519 2180 558 am-

2289 502 2460 564 κοινὸς
2489 501 2636 552 ἐστιν
2671 500 2698 551 6
2725 497 3000 566 Δεσπότης
3033 493 3360 565 ἀμφοτέρων
3397 494 3588 563 ήμῶν·
3651 491 3751 544 καὶ
3786 493 3858 552 ὡς

593 615 779 672 bobus
801 626 944 677 esse,
961 617 1016 664 et
1031 581 1305 678 quantum
1330 617 1521 657 omnes
1543 615 1663 654 csse
1686 597 1867 652 salvos
1886 603 2138 665 optemus
2158 633 2173 654 ,

2289 590 2540 659 φιλοῦμεν
2570 589 2780 651 πάντας
2810 585 3082 649 σώζεσθαι
3113 600 3128 614 ·
3163 585 3241 646 ὡς
3274 582 3391 644 ἑνὸς
3418 583 3570 645 ὄντες
3600 581 3860 650 σώματος

597 709 800 778 quippe
835 674 939 774 qui
959 674 1074 756 sint
1100 699 1262 752 unius
1307 692 1552 762 corporis
1586 689 1815 752 Christi,
1843 697 2088 778 atqueex
2106 699 2173 739 eo

2289 681 2534 754 Κριστοῦ,
2568 680 2664 734 καὶ
2700 681 2796 733 ἀπ’
2834 676 2999 732 αὑτοῦ
3035 675 3258 744 ἀδελφοὶ
3295 675 3546 744 ἀλλήλων
3575 674 3858 744 χρηματί-

597 767 798 855 fi'atres
827 767 1060 850 invicem
1091 786 1372 861 appellati.
1401 784 1536 839 Nam
1569 783 1624 836 in
1659 780 1879 834 Christo
1909 777 2035 832 Jesu
2071 793 2175 830 non

2289 776 2462 838 ξοντες
2491 788 2508 804 ο
2539 774 2596 824 ὲν
2627 772 2734 844 γὰρ
2786 769 3009 842 Χριστῷ
3050 767 3249 838 Ἰησοῦ,
3285 769 3424 822 οὔτε
3463 767 3678 836 ἄρσεν,
3721 767 3864 820 οὔτε

593 901 672 946 est
703 887 968 944 masculus
995 898 1156 953 neque
1202 879 1418 949 femina,
1449 877 1536 928 sed
1579 874 1757 927 omnia
1777 881 1826 924 et
1854 873 1908 924 in
1938 868 2178 924 omnibus

2289 867 2436 936 θῆλυ
2456 907 2471 929 ,
2511 865 2670 919 ἀλλὰ
2701 863 2899 917 πάντα
2931 862 3030 917 καὶ
3076 861 3228 918 πᾶσι
3265 860 3540 930 Χριστὸς,
3574 859 3638 924 ὃς
3665 858 3866 913 διασώ-

595 981 837 1033 lIliristus
857 977 922 1042 ’⁸,
941 975 1034 1045 qui
1063 982 1117 1027 et
1141 987 1238 1025 vos
1268 978 1324 1022 et
1355 983 1456 1021 nos
1501 973 1679 1020 servet
1711 960 2036 1016 incolumes.

2289 965 2397 1011 σειε
2426 957 2522 1012 καὶ
2544 958 2688 1028 ὑμᾶς
2712 956 2807 1009 καὶ
2835 956 3001 1026 ἡμᾶς.

621 1093 908 1153 CXXXIII.
929 1122 998 1134 —
1015 1089 1273 1158 Epliraim
1299 1097 1344 1140 et
1363 1083 1629 1154 Agathoni
1673 1081 1976 1148 ueterisque
1997 1077 2148 1147 ﬁliis.

2289 1079 2454 1131 PAF'.
2480 1077 2826 1146 —‘E5;paty,
2860 1076 2959 1158 κμὶ
3003 1072 3298 1158 Ἀγάρωνι,
3331 1072 3445 1153 ,καί
3470 1070 3597 1137 τοῖς
3624 1067 3866 1133 λοιποῖς

2845 1145 3110 1210 τέκνοις.
3144 1142 3342 1216 [χπηϊ]

1803 1263 1859 1311 In
1881 1261 2070 1310 obitum
2097 1262 2350 1313 Laurentii
2372 1261 2642 1326 prepositi.

666 1377 819 1444 Quod
844 1377 1040 1431 beatus
1063 1370 1393 1428 Laurentius
1420 1371 1564 1424 diem
1597 1368 1756 1430 obiit,
1785 1383 1934 1423 mors
1962 1367 2173 1436 illiqui-

2345 1369 2467 1423 Ὅτι
2535 1368 2805 1439 ἐκοιμήθη
2855 1367 2884 1418 6
2939 1365 3206 1436 μακάριος
3245 1363 3614 1435 Λαυρέντιος,
3666 1365 3867 1430 ἐκείνῳ

594 1474 717 1524 item
738 1483 837 1539 pro
863 1467 1051 1536 requie
1086 1474 1164 1519 est
1198 1481 1211 1515 :
1243 1479 1365 1518 nam
1388 1465 1477 1532 qui
1503 1462 1678 1532 possit
1703 1461 1902 1514 nonita
1921 1459 2176 1514 esseviro

2289 1461 2376 1527 μὲν
2415 1461 2726 1521 ἀνάπαυσις
2781 1460 2808 1512 6
2847 1456 3114 1519 θάνατος·
3146 1455 3303 1525 ἀνδρὶ
3329 1459 3438 1526 γάρ
3488 1456 3685 1528 ἀγαθῷ
3742 1456 3867 1520 πῶς

597 1561 779 1616 bono?
814 1559 968 1613 Illum
1001 1557 1054 1611 in
1083 1556 1246 1624 hujus
1276 1555 1401 1608 vita:
1431 1568 1654 1622 egressu
1703 1551 1858 1621 quies
1895 1565 1926 1603 ιι
1981 1564 2175 1603 mona-

2289 1555 2393 1624 ιύχὶ
2422 1553 2579 1607 τοῦτο
2604 1553 2994 1623 ἀπαντήσεται,
3018 1551 3126 1604 ἀπὸ
3160 1550 3344 1603 κόπων
3361 1551 3677 1620 ἀσκητικῶν
3695 1568 3868 1620 μετα·

595 1650 746 1706 sticze
777 1649 903 1701 vita:
922 1646 1222 1710 laboribus,
1257 1643 1340 1697 vel
1375 1643 1554 1712 potius
1575 1657 1604 1696 a
1637 1641 1926 1695 vexatione
1955 1650 2176 1708 propter

2289 1644 2433 1698 δάντι
2476 1644 2569 1697 τοῦ
2592 1644 2732 1714 βίου,
2775 1645 2975 1713 μᾶλλον
2998 1644 3054 1696 δὲ
3084 1642 3193 1698 ἀπὸ
3217 1641 3312 1696 τοῦ
3337 1642 3480 1695 κατά
3511 1642 3868 1712 δικαιοσύνην

591 1740 860 1811 justitiam
885 1737 1137 1806 excipiet,
1188 1737 1510 1804 migrantcm
1539 1735 1603 1786 ad
1639 1733 1926 1786 Dominum
1966 1751 1980 1786 :
2017 1733 2176 1799 cujus

2289 1737 2524 1807 διωγμοῦ
2553 1737 2921 1806 ἐνδημῆσαντι
2946 1737 3082 1806 πρὸς
3120 1733 3324 1804 Κύριον
3348 1749 3363 1763 ⁸
3387 1728 3448 1788 οῦ
3493 1733 3602 1786 τῶν
3648 1735 3868 1803 ἀρετῶν

593 1835 858 1887 virtutum
890 1841 1055 1885 testes
1094 1826 1504 1897 quamplurimi.
1533 1823 1700 1879 Vobis
1745 1834 1948 1887 autem,
1979 1823 2176 1878 fratres

2289 1828 2363 1897 μά
2369 1846 2465 1896 ρτυ
2475 1844 2561 1896 ρες
2578 1826 2760 1880 πολλοί
2777 1845 2792 1892 ;
2813 1827 2970 1896 Ὑμῖν
2983 1825 3039 1878 δὲ
3052 1823 3273 1892 συνέϐη.
3287 1823 3504 1892 ἀδελφοὶ
3515 1824 3864 1894 τιμιώτατοι,

593 1921 1062 1986 reveremlissimi,
1083 1919 1278 1974 deinde
1295 1928 1347 1972 et
1366 1919 1523 1973 nobis
1555 1917 1874 1982 humilibus,
1897 1915 2052 1969 triste
2074 1915 2178 1970 hoc

2289 1924 2408 1975 ἐπεὶ
2438 1923 2533 1975 καὶ
2565 1922 2697 1992 ἡμῖν
2721 1923 2835 1983 τοῖς
2867 1919 3142 1981 ταπεινοῖς
3165 1917 3227 1970 τὸ
3251 1917 3517 1987 λυπηρὸν,
3555 1916 3864 1970 ἀπολέσασι

592 2029 650 2071 et
673 2016 931 2070 acerbum
961 2012 1181 2076 accidit,
1211 2011 1303 2080 qui
1337 2010 1623 2080 probatum
1658 2009 1985 2062 monachum
2031 2007 2170 2060 ami-

2289 2013 2508 2084 δόκιμον
2569 2013 2867 2084 μοναστὴν,
2934 2010 3118 2080 τίμιον
3165 2009 3416 2078 ἀδελφὸν,
3476 2010 3557 2070 εἰς
3613 2010 3864 2078 κεφαλὴν

595 2109 793 2170 simus,
834 2104 1195 2161 reverendum
1249 2102 1498 2166 fratrem,
1530 2103 1884 2156 constitutum
1921 2114 1981 2154 ut.
2014 2109 2178 2169 caput

594 2206 744 2252 esset
787 2212 854 2250 ae
909 2193 1212 2264 spiritualis
1237 2193 1338 2244 vite
1384 2191 1515 2245 dux.
1547 2188 1650 2244 Sed
1713 2189 1933 2243 tristitia
1994 2197 2176 2242 tamen

597 2291 844 2358 utrisque
895 2303 1052 2343 versa
1073 2294 1157 2341 est
1203 2286 1258 2339 iu
1303 2285 1584 2354 gaudium,
1613 2283 1761 2353 quod
1813 2283 2023 2337 electus
2081 2279 2176 2336 Dei

597 2392 784 2452 raptus
810 2389 893 2436 est
921 2395 951 2434 a
989 2379 1170 2441 nobis,
1198 2378 1389 2446 optimi
1419 2376 1514 2430 Dci
1570 2375 1754 2444 jussu,
1783 2377 1836 2428 in
1889 2375 2181 2428 sanctitate

595 2486 650 2530 et
677 2475 911 2545 justitia.
945 2472 1288 2542 Quapropter
1312 2480 1367 2524 et
1394 2486 1495 2541 ego
1532 2469 1757 2524 humilis
1785 2469 2018 2538 gaudeo,
2052 2484 2174 2538 gra-

596 2569 858 2636 tulorque
903 2564 1060 2619 vobis
1081 2564 1227 2634 quod
1278 2563 1384 2616 tale
1415 2578 1508 2616 tas
1550 2561 1617 2615 ad
1681 2559 1850 2614 Deum
1910 2559 2180 2629 praemisi-

599 2673 725 2712 mus
754 2675 768 2711 :
800 2671 986 2711 revera
1018 2655 1166 2710 enim
1199 2669 1294 2708 vas
1349 2652 1634 2707 electionis
1685 2651 2006 2706 Laurentius
2052 2650 2176 2715 iuit,

600 2746 837 2816 primum
872 2744 1093 2815 quidem
1123 2744 1337 2798 sincera
1373 2743 1782 2797 renuntiatione
1835 2753 1998 2812 atque
2043 2743 2177 2797 obe-

602 2835 830 2898 dientia,
869 2835 1067 2890 deinde
1118 2835 1300 2888 studio
1348 2849 1750 2905 progressuque
1790 2835 2076 2900 virtutum,
2108 2834 2179 2890 ob

602 2943 744 2998 quas
769 2938 826 2983 et
853 2928 1161 2983 sacerdotio
1192 2927 1392 2998 dignus
1419 2937 1500 2982 est
1525 2927 1764 2994 habitus,
1794 2943 1859 2983 ac
1882 2931 2176 2982 multorum

605 3023 838 3076 fratrum
872 3019 1252 3090 praefecturam
1281 3020 1545 3090 suscepit,
1589 3020 1689 3074 hos
1715 3019 1949 3091 benigne
1982 3036 2177 3092 regens

602 3114 756 3170 utilis
785 3113 962 3185 gregi,
995 3112 1106 3168 Deo
1131 3113 1320 3166 vivens
1355 3127 1544 3166 revera
1572 3127 1636 3166 ac
1695 3115 1987 3182 ιιι-ωροδὶιο
2045 3129 2172 3176 suo,
2209 3139 2252 3198 ο

602 3224 712 3262 non
746 3207 973 3270 mundo,
999 3218 1098 3261 nec
1126 3204 1315 3259 mundi
1342 3205 1574 3275 negotiis
1601 3222 1615 3259 :
1641 3204 1802 3274 cujus
1841 3213 1896 3260 et
1937 3215 2064 3260 nota
2087 3222 2182 3260 ex-

605 3298 728 3352 silia
778 3309 998 3366 propter
1031 3297 1344 3359 Dominum,
1371 3306 1426 3350 et
1453 3297 1774 3352 vexationes
1807 3306 1917 3352 tum
1973 3299 2186 3367 priores

605 3400 725 3444 tum
776 3389 1103 3458 posteriores
1135 3406 1150 3443 :
1180 3388 1337 3458 cujus
1367 3401 1420 3443 et
1453 3389 1688 3458 speciosi
1738 3391 1921 3459 pedes,
1954 3391 2034 3445 ut'
2060 3405 2186 3446 cum

607 3481 892 3551 Scriptura
918 3480 1154 3549 loquar:
1178 3495 1304 3535 cum
1336 3481 1443 3535 huc
1471 3490 1524 3535 et
1555 3481 1685 3537 illuc
1709 3482 1904 3545 obiret,
1934 3493 1988 3536 et
2015 3499 2186 3538 evan-

606 3572 870 3643 gelizaret
911 3569 1176 3626 fratribus
1209 3572 1473 3626 salutaria
1509 3582 1800 3644 praecepta.
1833 3574 2186 3644 Unguentum

608 3664 916 3736 spiritualis
949 3663 1069 3733 ejus
1121 3663 1334 3719 sudor:
1365 3679 1458 3719 ros
1494 3679 1672 3728 sacer,
1704 3674 1981 3719 certamen
2037 3665 2184 3720 illius

606 3769 663 3814 et
691 3756 909 3812 virtutis
949 3755 1308 3812 curriculum.
1341 3754 1444 3822 Qui
1480 3755 1533 3810 in
1565 3756 1668 3811 bac
1714 3754 1967 3826 praesenti
2001 3769 2187 3824 perse-

607 3852 830 3906 cutione
869 3860 1209 3919 assumptus,
1237 3848 1370 3919 quid
1395 3847 1543 3903 aliud
1577 3863 1740 3918 quam
1792 3845 2186 3902 beatitudinem

607 3960 639 3997 a
672 3943 902 3998 Domino
959 3942 1197 4000 obtinuit
1222 3943 1244 3997 ?
1274 3941 1340 3997 Et
1366 3956 1514 3996 nunc
1541 3941 1632 3996 ille
1685 3941 1905 4010 quidem
1953 3941 2009 3994 in
2045 3940 2187 3994 ccelo

607 4045 712 4100 cst,
745 4035 800 4088 in
834 4034 1080 4089 eamdem
1109 4050 1235 4088 cum
1265 4034 1545 4090 sodalibus
1579 4033 1848 4088 civitatem
1873 4033 2144 4102 ascriptus
2170 4049 2185 4086 :

609 4144 715 4184 nos
743 4137 927 4182 autem
971 4127 1152 4182 adhuc
1180 4127 1232 4180 in
1258 4126 1556 4181 certamine
1596 4124 1894 4188 constituti,
1930 4133 2095 4192 atque
2135 4124 2190 4177 in

609 4231 762 4276 metu
821 4237 890 4276 ne
917 4221 1258 4290 dejiciamur.
1289 4217 1475 4289 Neque
1498 4219 1643 4273 enim
1679 4226 2060 4274 consummata
2089 4216 2192 4270 ho-

609 4310 745 4364 mini
779 4308 1010 4364 felicitas
1040 4310 1182 4363 inest
1211 4317 1338 4362 ante
1366 4323 1656 4364 excessum
1681 4321 1712 4362 e
1744 4307 1854 4361 vita
1893 4325 1906 4361 :
1946 4322 2072 4361 cum
2121 4305 2195 4361 sit

610 4396 856 4451 incertus
880 4395 1083 4451 exitus.

686 4489 1053 4555 Quamobrem
1086 4488 1316 4543 obsecro
1362 4502 1480 4551 vos,
1509 4486 1725 4554 fratres,
1758 4495 1819 4542 ut
1859 4487 2096 4558 vigiletis
2123 4503 2190 4542 ac
2221 4491 2264 4546 D

611 4576 785 4634 sobrii
823 4579 965 4644 sitis,
1020 4579 1246 4633 utvirili
1277 4594 1342 4632 ac
1385 4577 1510 4632 forti
1571 4578 1758 4632 animo
1801 4578 1856 4632 in
1908 4577 2192 4648 proposito

614 4675 916 4729 certamine
945 4684 1060 4728 tum
1092 4671 1464 4742 intelligibilis,
1503 4681 1614 4725 tum
1660 4671 1944 4728 sensibilis
2005 4685 2192 4740 perse—

611 4767 875 4823 cutionis.
905 4766 1009 4833 Qui
1038 4766 1184 4821 enim
1227 4765 1528 4821 secundum
1571 4763 1741 4818 Deum
1774 4763 1931 4828 vivit,
1979 4778 2194 4833 semper

611 4859 822 4928 patitur
857 4858 1294 4928 persecutionem
1357 4856 1428 4911 ab
1489 4855 1753 4910 invisibili
1795 4865 2074 4917 vexatore,
2131 4863 2193 4908 ut

614 4958 866 5005 teneatur
883 4949 1089 5019 peccati
1110 4948 1343 5016 laqueo:
1371 4963 1605 5017 quem,o
1629 4945 1838 5002 strenui
1860 4945 2060 5000 Christi
2089 4945 2194 4999 mi-

615 5041 763 5105 lites,
792 5040 1090 5112 fugiamus.
1123 5040 1256 5106 Qua:
1307 5055 1471 5108 porro
1507 5038 1648 5109 fuga:
1679 5040 1820 5093 ratio
1849 5039 1977 5107 est}
1993 5036 2197 5108 Nempe

615 5132 663 5186 si
684 5131 789 5186 sub
820 5132 1022 5200 potenti
1055 5147 1220 5184 manu
1265 5129 1357 5184 Dei
1404 5130 1600 5194 simus,
1625 5131 1678 5184 in
1713 5129 1970 5184 omnibus
2001 5130 2052 5182 ei
2081 5129 2198 5199 pla-

616 5230 825 5276 centes.
874 5220 927 5275 ld
955 5235 1084 5275 vero
1123 5221 1560 5291 consequemini,
1609 5221 1655 5277 si
1693 5236 1802 5276 non
1853 5236 1920 5275 ex
1969 5222 2194 5290 proprio

615 5313 880 5368 arbitratu
907 5313 1003 5368 sed
1045 5327 1112 5368 ex
1163 5313 1441 5368 communi
1477 5314 1594 5384 lege
1644 5312 1873 5367 vivatis:
1925 5313 2188 5368 habentes

614 5407 866 5462 videlicet
890 5405 1110 5462 fratrem
1131 5406 1388 5476 prraim
1419 5406 1474 5460 in
1493 5405 1765 5477 praepositi
1786 5405 1981 5467 vicem,
1996 5420 2189 5474 quem-

615 5498 908 5554 admodum
938 5507 996 5553 et
1037 5498 1128 5553 ille
1155 5497 1458 5563 consensit,
1489 5507 1542 5553 et
1580 5511 1683 5552 nos
1721 5496 1927 5551 assensi
1972 5511 2186 5561 sumus,

615 5596 670 5643 et
697 5601 914 5660 tempus
944 5605 1010 5646 ac
1055 5590 1195 5646 ratio
1230 5590 1528 5660 postulant.
1557 5587 1680 5644 Sint
1719 5588 1909 5642 omnia
1941 5601 2192 5642 commu-

616 5679 704 5734 nia
734 5699 747 5735 :
775 5696 956 5736 meum
976 5697 1040 5737 ac
1061 5690 1218 5736 tuum
1254 5680 1466 5737 exsulet
1501 5697 1513 5734 :
1550 5677 1790 5735 cbaritas
1825 5677 2187 5750 exprimatur,

642 5903 645 5905 _
689 5841 730 5875 “
771 5839 947 5898 Calat.
983 5859 1062 5911 tu,
1085 5842 1156 5899 28
1185 5860 1199 5909 ;
1231 5840 1445 5912 Coloss;
1469 5856 1546 5907 ιιι,
1578 5839 1666 5894 il.

2285 2104 2692 2174 καθιστάμενον
2721 2105 2823 2173 τῆς
2850 2101 2993 2154 κατά
3029 2100 3207 2171 ψυχὴν
3249 2099 3490 2169 ὁδηγίας.
3533 2099 3677 2153 Ἀλλ’
3709 2102 3865 2170 ὅμως

2285 2197 2345 2246 τὸ
2375 2193 2620 2265 λυπηρὸν
2649 2193 2728 2255 εἰς
2754 2191 2929 2263 χαρὰν
2951 2192 3282 2262 ἀμφοτέροις
3314 2193 3660 2262 περιετράπη
3681 2230 3698 2253 ,
3727 2192 3868 2244 διότι

2286 2285 2541 2347 ἐκλεκτὸς
2568 2284 2702 2337 Θεοῦ
2738 2286 2766 2338 6
2797 2283 3102 2354 ἁρπασθεὶς
3136 2283 3230 2352 ἀφ’
3259 2282 3416 2354 ἡμῶν
3442 2282 3696 2336 κελεύσει
3723 2283 3866 2336 Θεοῦ

2283 2376 2378 2431 τοῦ
2409 2376 2639 2444 ἀγαθοῦ,
2680 2377 2737 2429 ἐν
2762 2375 3004 2448 ὁσιότητι
3033 2376 3129 2429 καὶ
3156 2374 3495 2446 δικαιοσύνῃ.
3524 2376 3617 2428 Διὸ
3639 2376 3806 2444 κάγὼ
3837 2377 3867 2429 6

2282 2469 2542 2531 ταπεινὸς
2570 2468 2746 2538 χαίρω
2785 2469 2879 2522 καὶ
2909 2469 3193 2540 συγχαίρω
3245 2469 3373 2538 ύμῖν
3402 2507 3419 2532 ,
3453 2469 3537 2522 ὅτι
3570 2468 3868 2539 παρεπέμ-

2283 2557 2466 2629 ψαμεν
2505 2558 2644 2629 πρὸς
2667 2558 2760 2611 τὸν
2798 2558 2932 2611 Θεὸν
2961 2558 3279 2629 τηλικοῦτον
3331 2558 3548 2621 σκεῦος.
3594 2559 3865 2628 Ἐκλογῆς

2286 2648 2396 2720 γὰρ
2428 2649 2620 2713 σκεῦος
2657 2649 2732 2714 ὡς
2755 2649 2973 2721 ἀληθῶς
3000 2651 3353 2722 Λαυρέντιος,
3395 2652 3614 2722 πρῶτον
3647 2653 3748 2722 μὲν
3777 2654 3866 2707 διὰ

2283 2740 2386 2810 τῆς
2422 2740 2689 2810 ἀψευδοῦς
2719 2743 3004 2813 ἀποταγῆς
3023 2743 3116 2796 καὶ
3144 2744 3422 2814 ὑποταγῆς
3446 2761 3459 2774 ο
3498 2743 3758 2814 δεύτερον
3776 2744 3864 2797 διὰ

2284 2831 2384 2900 τῆς
2411 2830 2700 2902 φιλαρέτου
2742 2832 2978 2904 σπουδῆς
3024 2849 3082 2886 τε
3117 2835 3209 2887 καὶ
3239 2835 3554 2904 προκοπῆς·
3583 2836 3643 2901 ἐξ
3665 2829 3740 2888 ῶν
3766 2837 3864 2890 καὶ

2287 2925 2590 2996 ἱερωσύνης
2622 2925 2872 2995 ἠξίωται,
2902 2927 3000 2978 καὶ
3027 2926 3240 2980 πολλῶν
3268 2927 3508 2996 ἀδελφῶν
3534 2927 3865 2991 ἐπιστασίας

2286 3015 2573 3080 ἀνεδέξατο
2601 3015 2839 3088 ἀξίωμα,
2872 3018 3113 3088 φιλητῶς
3145 3019 3461 3088 ποιμαίνειν
3480 3020 3762 3090 χρήσιμος
3794 3024 3862 3090 τῇ

2286 3109 2377 3162 ποί
2385 3125 2508 3183 μνῃ·
2525 3107 2634 3174 ζῶν
2651 3109 2766 3163 Θεῶ
2789 3110 2974 3182 καὶτῷ
2995 3111 3238 3180 καθηγου
3247 3112 3391 3184 μένῳ
3405 3113 3480 3176 ὡς
3493 3113 3733 3182 ἀληθῶς,
3749 3113 3868 3166 ἀλλ’

2286 3204 2347 3257 o6
2370 3204 2560 3274 κόσμῳ
2590 3205 2820 3264 καὶτοῖς
2851 3203 2992 3256 κατὰ
3023 3204 3228 3274 κόσμον
3274 3205 3597 3276 πράγμασιν
3620 3220 3637 3235 ο
3680 3198 3742 3258 οὗ
3773 3205 3868 3258 καὶ

2287 3292 2496 3363 ὲξορίαι
2526 3293 2616 3346 διὰ
2647 3292 2872 3363 Κύριον,
2922 3293 3018 3346 κοιλ⁸
3044 3293 3302 3363 διωγμοὶ,
3326 3295 3422 3347 καὶ
3457 3295 3728 3366 πρότερον
3767 3296 3868 3347 καὶ

2290 3383 2518 3454 ὕστερον
2546 3399 2560 3414 ·
2595 3378 2656 3438 οῦ
2689 3385 2782 3437 καὶ
2808 3385 2858 3436 οί
2887 3383 3043 3445 πόδες
3062 3384 3274 3454 ὡραῖοι,
3321 3385 3613 3454 γραφικῶς
3642 3387 3822 3438 εἰπεῖν
3847 3426 3864 3449 ,

2285 3469 2391 3529 ὧδέ
2418 3494 2479 3528 τε
2515 3479 2677 3531 κάκεῖ
2717 3475 3045 3547 περιιόντος,
3079 3477 3177 3530 καὶ
3225 3476 3721 3546 εὐαγγελιζομένου
3752 3480 3867 3538 τοῖς

2289 3568 2542 3638 ἀδελφοῖς
2614 3567 2685 3622 τὰ
2751 3569 3000 3638 σωτήρια
3077 3569 3501 3638 ἐπαγγέλματα.
3552 3569 3766 3639 Μύρον,
3835 3570 3866 3620 6

2289 3659 2664 3728 πνευματικὸς
2686 3660 2851 3714 αὑτοῦ
2884 3660 3042 3730 ἱδρώς
3063 3676 3076 3688 ⁸
3109 3661 3300 3730 δρόσος
3325 3662 3490 3732 ἱερὸς,
3513 3663 3542 3714 6
3569 3661 3864 3730 ἐναγώνιος

2288 3752 2454 3808 αὐτοῦ
2487 3753 2687 3825 δρόμος
2709 3754 2809 3823 τῆς
2841 3753 3065 3824 ἀρετῆς.
3106 3755 3202 3816 Ὃς
3235 3754 3607 3824 προσληφθεὶς
3633 3757 3693 3807 ἐν
3722 3755 3868 3825 αὐτῷ

2290 3845 2370 3916 τῷ
2399 3846 2630 3917 παρόντι
2666 3844 2913 3916 διωγμῷ,
2947 3845 3000 3898 τί
3030 3846 3159 3900 ἄλλο
3201 3845 3233 3916 ἢ
3270 3846 3360 3900 τὸν
3391 3847 3496 3899 ὑπὸ
3521 3848 3734 3918 Κυρίου
3764 3866 3866 3916 μα-

2291 3935 2565 4005 καρισμὸν
2593 3936 2925 4006 ἀνεδήσατος
2956 3936 3066 3989 Καὶ
3122 3936 3216 3991 νῦν
3256 3939 3466 4000 ἐκεῖνος
3499 3937 3599 4007 μέν
3629 3940 3782 3990 ἐστιν
3813 3940 3866 3991 ἐν

2290 4027 2504 4097 οὐρανῷ
2541 4026 2899 4096 συμπολεύων
2928 4029 3040 4089 τοῖς
3074 4026 3403 4095 ὁμοταγέσιν
3433 4042 3448 4054 ’
3498 4027 3664 4096 ἡμεῖς
3703 4027 3760 4078 δὲ
3793 4026 3865 4078 ἔτι

2292 4116 2387 4169 ἐπὶ
2412 4117 2506 4170 τοῦ
2555 4117 2766 4184 ἀγῶνος
2825 4117 3142 4188 ἱστάμενοι,
3192 4117 3288 4170 καὶ
3336 4117 3430 4170 ἐπὶ
3461 4117 3632 4185 φόϐον
3662 4120 3864 4187 τροπῆς

2293 4207 2559 4278 κείμενοι.
2606 4208 2681 4262 Ού
2719 4208 2829 4280 γάρ
2863 4211 2980 4262 ἐστι
3027 4209 3376 4281 μακαρισμὸς
3416 4210 3625 4274 τέλειος
3659 4211 3864 4283 ἀνθρὼ-

2294 4317 2404 4372 πῳ,
2435 4302 2540 4366 ἕως
2565 4301 2954 4367 ἀποσιώσεως,
2983 4303 3073 4356 διὰ
3104 4304 3165 4356 τὸ
3193 4303 3390 4375 ἄδηλον
3429 4305 3530 4376 τῆς
3565 4305 3860 4368 ἐκϐάσεως.

2361 4486 2455 4539 Διὸ
2517 4485 2822 4555 παρακαλῶ
2893 4487 3075 4558 ὑμᾶς,
3126 4489 3380 4559 ἀδελφοὶ,
3435 4493 3738 4563 γρηγορεῖν
3783 4493 3862 4545 καὶ

2288 4579 2500 4649 νήφειν,
2535 4579 2882 4648 ἀνδρίζεσθαι
2951 4583 3048 4635 καὶ
3075 4581 3472 4652 κραταιοῦσθαι
3522 4585 3582 4636 έν
3634 4585 3716 4652 τῷ
3750 4599 3862 4654 προ-

2291 4673 2532 4742 κειμένῳ
2604 4673 2776 4740 ἀγῶνι
2851 4673 2946 4727 τοῦ
3037 4691 3097 4727 τε
3187 4675 3384 4746 νοητοῦ
3450 4679 3546 4729 καὶ
3611 4677 3858 4746 αἰσθητοῦ

2289 4763 2558 4834 διωγμοῦ.
2619 4763 2915 4819 Δεδίωκται
2977 4766 3085 4837 γὰρ
3149 4767 3238 4822 ἀεὶ
3289 4770 3318 4822 6
3369 4769 3512 4822 κατά
3563 4768 3700 4822 Θεὸν
3763 4769 3858 4834 ζῶν

2293 4856 2400 4908 ὑπὸ
2449 4855 2546 4908 τοῦ
2600 4857 2834 4928 ἀοράτου
2899 4856 3128 4912 διώκτου
3188 4861 3269 4922 εἰς
3317 4859 3624 4930 κατάληψιν
3695 4863 3858 4930 ἀμαρ-

2291 4946 2441 5011 τίας·
2485 4947 2545 5000 ὃν
2592 4948 2854 5019 φύγωμεν
2918 4953 3158 5018 γενναῖοι
3220 4951 3553 5021 στρατιῶται
3609 4951 3853 5024 Χριστοῦ.

2295 5039 2422 5103 Πῶς
2469 5039 2526 5092 δὲ
2565 5038 2684 5092 ἐστι
2714 5042 2947 5108 φυγεῖν;
3008 5040 3098 5110 Τῷ
3132 5039 3238 5092 ὑπὸ
3269 5041 3367 5109 τὴν
3413 5042 3684 5110 κραταιὰν
3717 5045 3855 5112 χεῖρα

2292 5131 2388 5184 τοῦ
2449 5132 2586 5186 Θεοῦ
2627 5133 2951 5201 εγενέσθαι,
2997 5132 3087 5186 διὰ
3151 5135 3249 5203 τῆς
3313 5136 3395 5197 εἰς
3459 5134 3606 5188 ἅπαν
3680 5137 3854 5203 εῦαρεο

2297 5223 2544 5292 στήσεως
2569 5222 2758 5276 αὐτοῦ.
2821 5224 3016 5278 Ἔσται
3049 5223 3107 5276 δὲ
3153 5224 3343 5287 τοῦτο,
3382 5225 3478 5278 ἐὰν
3525 5225 3604 5296 μὴ
3658 5224 3852 5279 {8:060:3-

2296 5312 2426 5376 λως,
2483 5313 2620 5368 ἀλλὰ
2677 5314 3034 5379 κοινοϐιακῶς
3065 5314 3269 5387 ζήσητε
3296 5333 3311 5346 ο
3359 5316 3605 5387 δηλονότι
3657 5317 3851 5388 ἔχοντες

2294 5401 2389 5454 τὸν
2449 5401 2682 5470 ἀδελφὸν
2753 5401 2992 5475 Ἐφραῒμ
3062 5405 3607 5476 προκαθηγούμενον,
3688 5405 3851 5467 καθὼς

2297 5493 2552 5556 κάκεῖνος
2607 5494 2782 5558 εἴασε,
2843 5498 2938 5548 καὶ⁵
2990 5497 3152 5566 ἡμεῖς
3209 5497 3664 5568 συνευδοκοῦμεν,
3709 5499 3794 5550 καὶ
3824 5499 3850 5549 6

2298 5583 2491 5653 χρόνος
2546 5585 2639 5637 καὶ
2685 5587 2713 5637 6
2749 5584 2951 5655 τρόπος
3007 5586 3289 5656 ἀπαιτοίη.
3351 5588 3637 5642 Ἔστωσαν
3691 5590 3848 5640 πάντα

2299 5675 2476 5743 κοινὰ,
2508 5675 2570 5729 τὸ
2604 5675 2740 5746 ἐμὺν
2766 5677 2861 5730 καὶ
2889 5675 2981 5730 σὺν
3010 5675 3343 5749 ὲξοριζέσθω
3363 5696 3377 5712 ο
3417 5680 3451 5750 ή
3481 5679 3668 5750 ἀγάπη
3692 5694 3846 5750 χαρα-
