  <div class='ocr_page' id='page_1' title='image "/cluster/home/n/w/nwhite01/storage/ocr_20150623/99/hvd.32044024464356/722.png"; bbox 0 0 4060 6374; ppageno 0'>
   <div class='ocr_carea' id='block_1_1' title="bbox 285 384 427 450">
    <p class='ocr_par' dir='ltr' id='par_1_1' title="bbox 285 384 427 450">
     <span class='ocr_line' id='line_1_1' title="bbox 285 384 427 450; baseline 0.007 -1"><span class='ocrx_word' id='word_1_1' title='bbox 285 384 427 450; x_wconf 70' lang='grc'><strong>1429</strong></span> 
     </span>
    </p>
   </div>
   <div class='ocr_carea' id='block_1_2' title="bbox 1465 378 2359 441">
    <p class='ocr_par' dir='ltr' id='par_1_2' title="bbox 1465 378 2359 441">
     <span class='ocr_line' id='line_1_2' title="bbox 1465 378 2359 441; baseline -0.006 0"><span class='ocrx_word' id='word_1_2' title='bbox 1465 380 1945 441; x_wconf 63' lang='grc' dir='ltr'><strong>ΕῬΙΞΤΟΕΑΒῘ]</strong></span> <span class='ocrx_word' id='word_1_3' title='bbox 1952 380 2007 439; x_wconf 83' lang='grc' dir='ltr'>Μ</span> <span class='ocrx_word' id='word_1_4' title='bbox 2086 379 2235 439; x_wconf 84' lang='lat' dir='ltr'><strong>LIB.</strong></span> <span class='ocrx_word' id='word_1_5' title='bbox 2275 378 2359 437; x_wconf 85' lang='lat' dir='ltr'><strong>Il.</strong></span> 
     </span>
    </p>
   </div>
   <div class='ocr_carea' id='block_1_3' title="bbox 3382 367 3522 432">
    <p class='ocr_par' dir='ltr' id='par_1_3' title="bbox 3382 367 3522 432">
     <span class='ocr_line' id='line_1_3' title="bbox 3382 367 3522 432; baseline -0.014 0"><span class='ocrx_word' id='word_1_6' title='bbox 3382 367 3522 432; x_wconf 77' lang='grc'>1430</span> 
     </span>
    </p>
   </div>
   <div class='ocr_carea' id='block_1_4' title="bbox 285 483 1861 574">
    <p class='ocr_par' dir='ltr' id='par_1_4' title="bbox 285 492 1861 574">
     <span class='ocr_line' id='line_1_4' title="bbox 285 492 1861 574; baseline -0.006 -18"><span class='ocrx_word' id='word_1_7' title='bbox 285 498 626 574; x_wconf 79' lang='grc' dir='ltr'>κτηριζέτω·</span> <span class='ocrx_word' id='word_1_8' title='bbox 669 499 703 567; x_wconf 76' lang='grc' dir='ltr'><strong>ἡ</strong></span> <span class='ocrx_word' id='word_1_9' title='bbox 758 495 973 567; x_wconf 77' lang='grc' dir='ltr'>ὑπακοὴ</span> <span class='ocrx_word' id='word_1_10' title='bbox 1022 492 1358 564; x_wconf 78' lang='grc' dir='ltr'>φυλαττέτω.</span> <span class='ocrx_word' id='word_1_11' title='bbox 1394 494 1540 547; x_wconf 84' lang='grc' dir='ltr'>Καί·</span> <span class='ocrx_word' id='word_1_12' title='bbox 1577 495 1645 546; x_wconf 80' lang='lat' dir='ltr'><strong>Ei.</strong></span> <span class='ocrx_word' id='word_1_13' title='bbox 1677 493 1861 546; x_wconf 81' lang='grc' dir='ltr'>ταῦτα</span> 
     </span>
    </p>
   </div>
   <div class='ocr_carea' id='block_1_5' title="bbox 1963 483 3525 574">
    <p class='ocr_par' dir='ltr' id='par_1_5' title="bbox 1963 483 3525 546">
     <span class='ocr_line' id='line_1_5' title="bbox 1963 483 3525 546; baseline -0.004 -3"><span class='ocrx_word' id='word_1_14' title='bbox 1963 489 2271 545; x_wconf 78' lang='lat' dir='ltr'><strong>obedientia</strong></span> <span class='ocrx_word' id='word_1_15' title='bbox 2326 495 2589 542; x_wconf 75' lang='lat' dir='ltr'><strong>servetur.</strong></span> <span class='ocrx_word' id='word_1_16' title='bbox 2622 485 2726 538; x_wconf 86' lang='lat' dir='ltr'><strong>Et:</strong></span> <span class='ocrx_word' id='word_1_17' title='bbox 2759 483 2816 539; x_wconf 80' lang='lat' dir='ltr'><strong>Si</strong></span> <span class='ocrx_word' id='word_1_18' title='bbox 2866 485 2976 538; x_wconf 70' lang='lat' dir='ltr'><strong>lucc</strong></span> <span class='ocrx_word' id='word_1_19' title='bbox 2996 485 3170 546; x_wconf 76' lang='lat' dir='ltr'><strong>scitis.</strong></span> <span class='ocrx_word' id='word_1_20' title='bbox 3209 484 3348 536; x_wconf 77' lang='lat' dir='ltr'><strong>beati</strong></span> <span class='ocrx_word' id='word_1_21' title='bbox 3374 486 3525 545; x_wconf 74' lang='lat' dir='ltr'><strong>estis,</strong></span> 
     </span>
    </p>
   </div>
   <div class='ocr_carea' id='block_1_6' title="bbox 283 582 1810 660">
    <p class='ocr_par' dir='ltr' id='par_1_6' title="bbox 283 582 1810 660">
     <span class='ocr_line' id='line_1_6' title="bbox 283 582 1810 660; baseline -0.006 -12"><span class='ocrx_word' id='word_1_22' title='bbox 283 593 502 658; x_wconf 76' lang='grc' dir='ltr'>οῐδατε,</span> <span class='ocrx_word' id='word_1_23' title='bbox 524 587 803 660; x_wconf 77' lang='grc' dir='ltr'>μακάριοί</span> <span class='ocrx_word' id='word_1_24' title='bbox 825 588 987 651; x_wconf 79' lang='grc' dir='ltr'>ἐστε,</span> <span class='ocrx_word' id='word_1_25' title='bbox 1023 588 1212 654; x_wconf 78' lang='grc' dir='ltr'>φησὶν,</span> <span class='ocrx_word' id='word_1_26' title='bbox 1240 585 1351 640; x_wconf 81' lang='grc' dir='ltr'><strong>ἐὰν</strong></span> <span class='ocrx_word' id='word_1_27' title='bbox 1399 583 1611 653; x_wconf 76' lang='grc' dir='ltr'>ποιῆτε</span> <span class='ocrx_word' id='word_1_28' title='bbox 1641 582 1810 639; x_wconf 62' lang='lat' dir='ltr'><strong>aeui.</strong></span> 
     </span>
    </p>
   </div>
   <div class='ocr_carea' id='block_1_7' title="bbox 417 693 1723 776">
    <p class='ocr_par' dir='ltr' id='par_1_7' title="bbox 417 693 1723 776">
     <span class='ocr_line' id='line_1_7' title="bbox 417 693 1723 776; baseline 0.005 -16"><span class='ocrx_word' id='word_1_29' title='bbox 417 701 563 760; x_wconf 82' lang='lat' dir='ltr'><strong>PAA&#39;</strong></span> <span class='ocrx_word' id='word_1_30' title='bbox 582 697 1155 776; x_wconf 52' lang='grc' dir='ltr'><strong>(τωρ-εὐφροσύνη</strong></span> <span class='ocrx_word' id='word_1_31' title='bbox 1176 695 1502 766; x_wconf 72' lang='grc' dir='ltr'>ἡγουμένη·</span> <span class='ocrx_word' id='word_1_32' title='bbox 1527 693 1723 767; x_wconf 48' lang='lat' dir='ltr'><strong>lxxii-1</strong></span> 
     </span>
    </p>
   </div>
   <div class='ocr_carea' id='block_1_8' title="bbox 1952 576 2654 651">
    <p class='ocr_par' dir='ltr' id='par_1_8' title="bbox 1952 576 2654 651">
     <span class='ocr_line' id='line_1_8' title="bbox 1952 576 2654 651; baseline -0.009 -16"><span class='ocrx_word' id='word_1_33' title='bbox 1952 582 2149 651; x_wconf 86' lang='lat' dir='ltr'><strong>inquit,</strong></span> <span class='ocrx_word' id='word_1_34' title='bbox 2167 581 2213 633; x_wconf 84' lang='lat' dir='ltr'><strong>si</strong></span> <span class='ocrx_word' id='word_1_35' title='bbox 2245 578 2477 647; x_wconf 70' lang='lat' dir='ltr'><strong>feceritis</strong></span> <span class='ocrx_word' id='word_1_36' title='bbox 2509 592 2571 630; x_wconf 88' lang='lat' dir='ltr'><strong>ea</strong></span> <span class='ocrx_word' id='word_1_37' title='bbox 2592 576 2654 630; x_wconf 81' lang='lat'><strong>&quot;.</strong></span> 
     </span>
    </p>
   </div>
   <div class='ocr_carea' id='block_1_9' title="bbox 2170 686 3317 759">
    <p class='ocr_par' dir='ltr' id='par_1_9' title="bbox 2170 686 3317 759">
     <span class='ocr_line' id='line_1_9' title="bbox 2170 686 3317 759; baseline -0.008 -11"><span class='ocrx_word' id='word_1_38' title='bbox 2170 688 2456 748; x_wconf 71' lang='lat' dir='ltr'><strong>CXXXIV.</strong></span> <span class='ocrx_word' id='word_1_39' title='bbox 2496 720 2567 729; x_wconf 95' lang='lat'><strong>—</strong></span> <span class='ocrx_word' id='word_1_40' title='bbox 2594 688 2952 759; x_wconf 70' lang='lat' dir='ltr'><strong>Euphrosynen</strong></span> <span class='ocrx_word' id='word_1_41' title='bbox 2998 686 3317 757; x_wconf 74' lang='lat' dir='ltr'><strong>pra&#39;positw.</strong></span> 
     </span>
    </p>
   </div>
   <div class='ocr_carea' id='block_1_10' title="bbox 1477 800 2337 866">
    <p class='ocr_par' dir='ltr' id='par_1_10' title="bbox 1477 800 2337 866">
     <span class='ocr_line' id='line_1_10' title="bbox 1477 800 2337 866; baseline -0.007 -11"><span class='ocrx_word' id='word_1_42' title='bbox 1477 805 1668 855; x_wconf 78' lang='lat' dir='ltr'><strong>Rursus</strong></span> <span class='ocrx_word' id='word_1_43' title='bbox 1690 804 1754 853; x_wconf 88' lang='lat' dir='ltr'><strong>de</strong></span> <span class='ocrx_word' id='word_1_44' title='bbox 1784 800 1944 866; x_wconf 85' lang='lat' dir='ltr'><strong>ipsius</strong></span> <span class='ocrx_word' id='word_1_45' title='bbox 1980 800 2151 852; x_wconf 84' lang='lat' dir='ltr'><strong>matris</strong></span> <span class='ocrx_word' id='word_1_46' title='bbox 2180 800 2337 851; x_wconf 87' lang='lat' dir='ltr'><strong>obitu.</strong></span> 
     </span>
    </p>
   </div>
   <div class='ocr_carea' id='block_1_11' title="bbox 360 891 1851 975">
    <p class='ocr_par' dir='ltr' id='par_1_11' title="bbox 360 891 1851 975">
     <span class='ocr_line' id='line_1_11' title="bbox 360 891 1851 975; baseline -0.011 -16"><span class='ocrx_word' id='word_1_47' title='bbox 360 901 432 959; x_wconf 82' lang='grc' dir='ltr'><em>Ἦ</em></span> <span class='ocrx_word' id='word_1_48' title='bbox 461 903 651 975; x_wconf 83' lang='grc' dir='ltr'><strong>μνήμη</strong></span> <span class='ocrx_word' id='word_1_49' title='bbox 679 900 781 969; x_wconf 79' lang='grc' dir='ltr'>τῆς</span> <span class='ocrx_word' id='word_1_50' title='bbox 813 897 1089 970; x_wconf 79' lang='grc' dir='ltr'><strong>μακαρίας</strong></span> <span class='ocrx_word' id='word_1_51' title='bbox 1123 894 1358 967; x_wconf 79' lang='grc' dir='ltr'>μητρὸς,</span> <span class='ocrx_word' id='word_1_52' title='bbox 1417 893 1509 947; x_wconf 90' lang='grc' dir='ltr'><strong>σοῦ</strong></span> <span class='ocrx_word' id='word_1_53' title='bbox 1547 891 1647 964; x_wconf 89' lang='grc' dir='ltr'><strong>μέν</strong></span> <span class='ocrx_word' id='word_1_54' title='bbox 1672 892 1851 960; x_wconf 73' lang='grc' dir='ltr'>ἀμφο-</span> 
     </span>
    </p>
   </div>
   <div class='ocr_carea' id='block_1_12' title="bbox 281 984 1850 1069">
    <p class='ocr_par' dir='ltr' id='par_1_12' title="bbox 281 984 1850 1069">
     <span class='ocr_line' id='line_1_12' title="bbox 281 984 1850 1069; baseline -0.01 -19"><span class='ocrx_word' id='word_1_55' title='bbox 281 995 541 1069; x_wconf 87' lang='grc' dir='ltr'>τέρωθεν,</span> <span class='ocrx_word' id='word_1_56' title='bbox 567 992 700 1063; x_wconf 81' lang='grc' dir='ltr'>ἐμοῦ</span> <span class='ocrx_word' id='word_1_57' title='bbox 735 992 794 1046; x_wconf 79' lang='grc' dir='ltr'><strong>δὲ</strong></span> <span class='ocrx_word' id='word_1_58' title='bbox 840 989 982 1044; x_wconf 82' lang='grc' dir='ltr'>κατὰ</span> <span class='ocrx_word' id='word_1_59' title='bbox 1031 989 1274 1060; x_wconf 82' lang='grc' dir='ltr'>πνεῦμα,</span> <span class='ocrx_word' id='word_1_60' title='bbox 1330 985 1524 1060; x_wconf 78' lang='grc' dir='ltr'>θαρρῶ</span> <span class='ocrx_word' id='word_1_61' title='bbox 1562 984 1619 1038; x_wconf 79' lang='grc' dir='ltr'><strong>δὲ</strong></span> <span class='ocrx_word' id='word_1_62' title='bbox 1674 985 1850 1036; x_wconf 78' lang='grc' dir='ltr'>εἰπεῖν</span> 
     </span>
    </p>
   </div>
   <div class='ocr_carea' id='block_1_13' title="bbox 281 1073 1851 1150">
    <p class='ocr_par' dir='ltr' id='par_1_13' title="bbox 281 1073 1851 1150">
     <span class='ocr_line' id='line_1_13' title="bbox 281 1073 1851 1150; baseline -0.011 -6"><span class='ocrx_word' id='word_1_63' title='bbox 281 1090 378 1144; x_wconf 75' lang='grc' dir='ltr'>καὶ</span> <span class='ocrx_word' id='word_1_64' title='bbox 431 1084 643 1140; x_wconf 78' lang='grc' dir='ltr'>πολλῶν</span> <span class='ocrx_word' id='word_1_65' title='bbox 695 1083 911 1139; x_wconf 55' lang='grc' dir='ltr'>ἄλλων</span> <span class='ocrx_word' id='word_1_66' title='bbox 959 1081 1193 1150; x_wconf 83' lang='grc' dir='ltr'>ἐπείπερ</span> <span class='ocrx_word' id='word_1_67' title='bbox 1250 1076 1520 1149; x_wconf 78' lang='grc' dir='ltr'>σεϐασμία</span> <span class='ocrx_word' id='word_1_68' title='bbox 1564 1077 1597 1147; x_wconf 84' lang='grc' dir='ltr'>ἡ</span> <span class='ocrx_word' id='word_1_69' title='bbox 1647 1073 1851 1147; x_wconf 84' lang='grc' dir='ltr'>κυρία·</span> 
     </span>
    </p>
   </div>
   <div class='ocr_carea' id='block_1_14' title="bbox 281 1169 1851 1252">
    <p class='ocr_par' dir='ltr' id='par_1_14' title="bbox 281 1169 1851 1252">
     <span class='ocr_line' id='line_1_14' title="bbox 281 1169 1851 1252; baseline -0.009 -19"><span class='ocrx_word' id='word_1_70' title='bbox 281 1175 662 1252; x_wconf 60' lang='grc' dir='ltr'>προὺτρέψατό</span> <span class='ocrx_word' id='word_1_71' title='bbox 715 1192 779 1246; x_wconf 89' lang='grc' dir='ltr'><strong>με</strong></span> <span class='ocrx_word' id='word_1_72' title='bbox 837 1171 1027 1244; x_wconf 86' lang='grc' dir='ltr'>ῶσπερ</span> <span class='ocrx_word' id='word_1_73' title='bbox 1082 1170 1190 1226; x_wconf 80' lang='grc' dir='ltr'><strong>ὑπ’</strong></span> <span class='ocrx_word' id='word_1_74' title='bbox 1234 1170 1451 1240; x_wconf 81' lang='grc' dir='ltr'>ἐκείνης</span> <span class='ocrx_word' id='word_1_75' title='bbox 1501 1169 1851 1238; x_wconf 72' lang='grc' dir='ltr'>νυττόμενον,</span> 
     </span>
    </p>
   </div>
   <div class='ocr_carea' id='block_1_15' title="bbox 282 1258 1851 1341">
    <p class='ocr_par' dir='ltr' id='par_1_15' title="bbox 282 1258 1851 1341">
     <span class='ocr_line' id='line_1_15' title="bbox 282 1258 1851 1341; baseline -0.008 -17"><span class='ocrx_word' id='word_1_76' title='bbox 282 1268 752 1341; x_wconf 76' lang='grc' dir='ltr'>προσφθέγξεσθαί</span> <span class='ocrx_word' id='word_1_77' title='bbox 797 1283 879 1329; x_wconf 89' lang='grc' dir='ltr'><strong>σε,</strong></span> <span class='ocrx_word' id='word_1_78' title='bbox 925 1263 1131 1333; x_wconf 78' lang='grc' dir='ltr'>ἀδελφὴ</span> <span class='ocrx_word' id='word_1_79' title='bbox 1170 1264 1228 1317; x_wconf 86' lang='grc' dir='ltr'><strong>ἐν</strong></span> <span class='ocrx_word' id='word_1_80' title='bbox 1255 1262 1466 1335; x_wconf 82' lang='grc' dir='ltr'>Κυρίῳ,</span> <span class='ocrx_word' id='word_1_81' title='bbox 1501 1262 1706 1333; x_wconf 83' lang='grc' dir='ltr'>βραχέα</span> <span class='ocrx_word' id='word_1_82' title='bbox 1728 1258 1851 1312; x_wconf 75' lang='grc' dir='ltr'>τινὰ</span> 
     </span>
    </p>
   </div>
   <div class='ocr_carea' id='block_1_16' title="bbox 280 1351 1853 1428">
    <p class='ocr_par' dir='ltr' id='par_1_16' title="bbox 280 1351 1853 1428">
     <span class='ocr_line' id='line_1_16' title="bbox 280 1351 1853 1428; baseline -0.01 -8"><span class='ocrx_word' id='word_1_83' title='bbox 280 1366 378 1419; x_wconf 69' lang='grc' dir='ltr'><strong>καὶ</strong></span> <span class='ocrx_word' id='word_1_84' title='bbox 409 1362 597 1418; x_wconf 86' lang='grc' dir='ltr'>τανῦν.</span> <span class='ocrx_word' id='word_1_85' title='bbox 633 1360 768 1414; x_wconf 86' lang='grc' dir='ltr'>Τίνα</span> <span class='ocrx_word' id='word_1_86' title='bbox 802 1360 861 1412; x_wconf 84' lang='grc' dir='ltr'>δὲ</span> <span class='ocrx_word' id='word_1_87' title='bbox 889 1358 1097 1423; x_wconf 85' lang='grc' dir='ltr'>ταῦτα;</span> <span class='ocrx_word' id='word_1_88' title='bbox 1128 1356 1246 1410; x_wconf 83' lang='grc' dir='ltr'>Ἵνα</span> <span class='ocrx_word' id='word_1_89' title='bbox 1299 1355 1545 1428; x_wconf 76' lang='grc' dir='ltr'><strong>ἀγωνίζῃ</strong></span> <span class='ocrx_word' id='word_1_90' title='bbox 1572 1355 1664 1407; x_wconf 76' lang='grc' dir='ltr'><strong>τὸν</strong></span> <span class='ocrx_word' id='word_1_91' title='bbox 1685 1351 1853 1405; x_wconf 79' lang='grc' dir='ltr'>καλὸν</span> 
     </span>
    </p>
   </div>
   <div class='ocr_carea' id='block_1_17' title="bbox 281 1440 1854 1525">
    <p class='ocr_par' dir='ltr' id='par_1_17' title="bbox 281 1440 1854 1525">
     <span class='ocr_line' id='line_1_17' title="bbox 281 1440 1854 1525; baseline -0.01 -16"><span class='ocrx_word' id='word_1_92' title='bbox 281 1455 472 1525; x_wconf 77' lang='grc' dir='ltr'>ἀγῶνα</span> <span class='ocrx_word' id='word_1_93' title='bbox 505 1454 609 1524; x_wconf 83' lang='grc' dir='ltr'><strong>τῆς</strong></span> <span class='ocrx_word' id='word_1_94' title='bbox 638 1452 959 1523; x_wconf 80' lang='grc' dir='ltr'>ἀσκήσεως,</span> <span class='ocrx_word' id='word_1_95' title='bbox 1009 1451 1089 1512; x_wconf 85' lang='grc' dir='ltr'><strong>είς</strong></span> <span class='ocrx_word' id='word_1_96' title='bbox 1113 1449 1180 1521; x_wconf 76' lang='grc' dir='ltr'>ἢν</span> <span class='ocrx_word' id='word_1_97' title='bbox 1210 1447 1469 1519; x_wconf 84' lang='grc' dir='ltr'>ἐκλήθης,</span> <span class='ocrx_word' id='word_1_98' title='bbox 1519 1444 1613 1499; x_wconf 72' lang='grc' dir='ltr'><strong>καὶ</strong></span> <span class='ocrx_word' id='word_1_99' title='bbox 1645 1440 1854 1512; x_wconf 57' lang='grc' dir='ltr'>ὡμολόι</span> 
     </span>
    </p>
   </div>
   <div class='ocr_carea' id='block_1_18' title="bbox 279 1537 1854 1618">
    <p class='ocr_par' dir='ltr' id='par_1_18' title="bbox 279 1537 1854 1618">
     <span class='ocr_line' id='line_1_18' title="bbox 279 1537 1854 1618; baseline -0.01 -17"><span class='ocrx_word' id='word_1_100' title='bbox 279 1563 458 1618; x_wconf 77' lang='grc' dir='ltr'>γησας</span> <span class='ocrx_word' id='word_1_101' title='bbox 488 1544 586 1615; x_wconf 86' lang='grc' dir='ltr'>τὴν</span> <span class='ocrx_word' id='word_1_102' title='bbox 607 1542 780 1613; x_wconf 81' lang='grc' dir='ltr'>καλὴν</span> <span class='ocrx_word' id='word_1_103' title='bbox 810 1542 1103 1610; x_wconf 76' lang='grc' dir='ltr'><strong>ὁμολογίαν</strong></span> <span class='ocrx_word' id='word_1_104' title='bbox 1135 1540 1368 1593; x_wconf 83' lang='grc' dir='ltr'>ἐνώπιον</span> <span class='ocrx_word' id='word_1_105' title='bbox 1400 1537 1610 1593; x_wconf 86' lang='grc' dir='ltr'>πολλῶν</span> <span class='ocrx_word' id='word_1_106' title='bbox 1644 1537 1854 1606; x_wconf 76' lang='grc' dir='ltr'>μαρτύ-</span> 
     </span>
    </p>
   </div>
   <div class='ocr_carea' id='block_1_19' title="bbox 2024 881 3534 952">
    <p class='ocr_par' dir='ltr' id='par_1_19' title="bbox 2024 881 3534 952">
     <span class='ocr_line' id='line_1_19' title="bbox 2024 881 3534 952; baseline -0.002 -11"><span class='ocrx_word' id='word_1_107' title='bbox 2024 887 2283 942; x_wconf 83' lang='lat' dir='ltr'><strong>Memoria</strong></span> <span class='ocrx_word' id='word_1_108' title='bbox 2318 887 2491 941; x_wconf 62' lang='lat' dir='ltr'><strong>beata:</strong></span> <span class='ocrx_word' id='word_1_109' title='bbox 2517 884 2746 949; x_wconf 86' lang='lat' dir='ltr'><strong>matris,.</strong></span> <span class='ocrx_word' id='word_1_110' title='bbox 2785 892 2892 937; x_wconf 71' lang='lat' dir='ltr'><strong>tuae</strong></span> <span class='ocrx_word' id='word_1_111' title='bbox 2936 881 3157 952; x_wconf 82' lang='lat' dir='ltr'><strong>quidem</strong></span> <span class='ocrx_word' id='word_1_112' title='bbox 3205 896 3435 952; x_wconf 78' lang='lat' dir='ltr'><strong>corpore</strong></span> <span class='ocrx_word' id='word_1_113' title='bbox 3467 898 3534 938; x_wconf 90' lang='lat' dir='ltr'><strong>ac</strong></span> 
     </span>
    </p>
   </div>
   <div class='ocr_carea' id='block_1_20' title="bbox 1953 971 3529 1052">
    <p class='ocr_par' dir='ltr' id='par_1_20' title="bbox 1953 971 3529 1052">
     <span class='ocr_line' id='line_1_20' title="bbox 1953 971 3529 1052; baseline -0.007 -15"><span class='ocrx_word' id='word_1_114' title='bbox 1953 981 2174 1052; x_wconf 77' lang='lat' dir='ltr'><strong>Spiritu,</strong></span> <span class='ocrx_word' id='word_1_115' title='bbox 2212 993 2328 1034; x_wconf 87' lang='lat' dir='ltr'><strong>tum</strong></span> <span class='ocrx_word' id='word_1_116' title='bbox 2379 993 2510 1033; x_wconf 83' lang='lat' dir='ltr'><strong>vero</strong></span> <span class='ocrx_word' id='word_1_117' title='bbox 2537 992 2669 1031; x_wconf 73' lang='lat' dir='ltr'><strong>mete</strong></span> <span class='ocrx_word' id='word_1_118' title='bbox 2712 972 3013 1031; x_wconf 87' lang='lat' dir='ltr'><strong>secundum</strong></span> <span class='ocrx_word' id='word_1_119' title='bbox 3044 971 3320 1042; x_wconf 80' lang='lat' dir='ltr'><strong>spiritum,</strong></span> <span class='ocrx_word' id='word_1_120' title='bbox 3351 974 3529 1029; x_wconf 85' lang='lat' dir='ltr'><strong>ausim</strong></span> 
     </span>
    </p>
   </div>
   <div class='ocr_carea' id='block_1_21' title="bbox 1953 1066 3534 1141">
    <p class='ocr_par' dir='ltr' id='par_1_21' title="bbox 1953 1066 3534 1141">
     <span class='ocr_line' id='line_1_21' title="bbox 1953 1066 3534 1141; baseline -0.005 -14"><span class='ocrx_word' id='word_1_121' title='bbox 1953 1075 2137 1128; x_wconf 86' lang='lat' dir='ltr'><strong>dicere</strong></span> <span class='ocrx_word' id='word_1_122' title='bbox 2161 1081 2216 1126; x_wconf 87' lang='lat' dir='ltr'><strong>et</strong></span> <span class='ocrx_word' id='word_1_123' title='bbox 2244 1069 2607 1141; x_wconf 80' lang='lat' dir='ltr'><strong>complurium</strong></span> <span class='ocrx_word' id='word_1_124' title='bbox 2641 1068 2898 1129; x_wconf 79' lang='lat' dir='ltr'><strong>aliorum,</strong></span> <span class='ocrx_word' id='word_1_125' title='bbox 2930 1066 3191 1135; x_wconf 89' lang='lat' dir='ltr'><strong>quoniam</strong></span> <span class='ocrx_word' id='word_1_126' title='bbox 3234 1075 3422 1120; x_wconf 89' lang='lat' dir='ltr'><strong>sancta</strong></span> <span class='ocrx_word' id='word_1_127' title='bbox 3448 1077 3534 1121; x_wconf 88' lang='lat' dir='ltr'><strong>est</strong></span> 
     </span>
    </p>
   </div>
   <div class='ocr_carea' id='block_1_22' title="bbox 1955 1157 3531 1235">
    <p class='ocr_par' dir='ltr' id='par_1_22' title="bbox 1955 1157 3531 1235">
     <span class='ocr_line' id='line_1_22' title="bbox 1955 1157 3531 1235; baseline -0.006 -16"><span class='ocrx_word' id='word_1_128' title='bbox 1955 1179 2019 1219; x_wconf 89' lang='lat' dir='ltr'><strong>ac</strong></span> <span class='ocrx_word' id='word_1_129' title='bbox 2063 1164 2349 1235; x_wconf 66' lang='lat' dir='ltr'><strong>przecipuze</strong></span> <span class='ocrx_word' id='word_1_130' title='bbox 2400 1159 2768 1214; x_wconf 78' lang='lat' dir='ltr'><strong>venerationis</strong></span> <span class='ocrx_word' id='word_1_131' title='bbox 2834 1157 3101 1223; x_wconf 88' lang='lat' dir='ltr'><strong>domina;</strong></span> <span class='ocrx_word' id='word_1_132' title='bbox 3164 1157 3380 1227; x_wconf 80' lang='lat' dir='ltr'><strong>impulit</strong></span> <span class='ocrx_word' id='word_1_133' title='bbox 3426 1174 3531 1221; x_wconf 80' lang='lat' dir='ltr'><strong>rue,</strong></span> 
     </span>
    </p>
   </div>
   <div class='ocr_carea' id='block_1_23' title="bbox 1956 1250 3536 1331">
    <p class='ocr_par' dir='ltr' id='par_1_23' title="bbox 1956 1250 3536 1331">
     <span class='ocr_line' id='line_1_23' title="bbox 1956 1250 3536 1331; baseline -0.006 -20"><span class='ocrx_word' id='word_1_134' title='bbox 1956 1266 2217 1328; x_wconf 83' lang='lat' dir='ltr'><strong>tanquam</strong></span> <span class='ocrx_word' id='word_1_135' title='bbox 2249 1263 2423 1308; x_wconf 87' lang='lat' dir='ltr'><strong>matre</strong></span> <span class='ocrx_word' id='word_1_136' title='bbox 2453 1252 2571 1322; x_wconf 90' lang='lat' dir='ltr'><strong>ipsa</strong></span> <span class='ocrx_word' id='word_1_137' title='bbox 2600 1250 2917 1319; x_wconf 77' lang='lat' dir='ltr'><strong>instigante,</strong></span> <span class='ocrx_word' id='word_1_138' title='bbox 2950 1259 3009 1305; x_wconf 88' lang='lat' dir='ltr'><strong>ut</strong></span> <span class='ocrx_word' id='word_1_139' title='bbox 3041 1258 3114 1315; x_wconf 90' lang='lat' dir='ltr'><strong>te,</strong></span> <span class='ocrx_word' id='word_1_140' title='bbox 3140 1264 3298 1331; x_wconf 56' lang='lat' dir='ltr'><strong>soror;</strong></span> <span class='ocrx_word' id='word_1_141' title='bbox 3339 1251 3393 1303; x_wconf 91' lang='lat' dir='ltr'><strong>in</strong></span> <span class='ocrx_word' id='word_1_142' title='bbox 3428 1250 3536 1303; x_wconf 85' lang='lat' dir='ltr'><strong>Do-</strong></span> 
     </span>
    </p>
   </div>
   <div class='ocr_carea' id='block_1_24' title="bbox 1953 1341 3535 1416">
    <p class='ocr_par' dir='ltr' id='par_1_24' title="bbox 1953 1341 3535 1416">
     <span class='ocr_line' id='line_1_24' title="bbox 1953 1341 3535 1416; baseline -0.003 -15"><span class='ocrx_word' id='word_1_143' title='bbox 1953 1347 2129 1412; x_wconf 87' lang='lat' dir='ltr'><strong>mino,</strong></span> <span class='ocrx_word' id='word_1_144' title='bbox 2176 1345 2368 1416; x_wconf 83' lang='lat' dir='ltr'><strong>paucis</strong></span> <span class='ocrx_word' id='word_1_145' title='bbox 2403 1343 2586 1399; x_wconf 90' lang='lat' dir='ltr'><strong>verbis</strong></span> <span class='ocrx_word' id='word_1_146' title='bbox 2620 1343 2675 1396; x_wconf 90' lang='lat' dir='ltr'><strong>in</strong></span> <span class='ocrx_word' id='word_1_147' title='bbox 2723 1344 2978 1411; x_wconf 69' lang='lat' dir='ltr'><strong>praesenti</strong></span> <span class='ocrx_word' id='word_1_148' title='bbox 3009 1341 3342 1411; x_wconf 88' lang='lat' dir='ltr'><strong>alloquerer.</strong></span> <span class='ocrx_word' id='word_1_149' title='bbox 3400 1343 3535 1408; x_wconf 63' lang='lat' dir='ltr'><strong>Quae</strong></span> 
     </span>
    </p>
   </div>
   <div class='ocr_carea' id='block_1_25' title="bbox 1954 1433 3538 1506">
    <p class='ocr_par' dir='ltr' id='par_1_25' title="bbox 1954 1433 3538 1506">
     <span class='ocr_line' id='line_1_25' title="bbox 1954 1433 3538 1506; baseline -0.003 -15"><span class='ocrx_word' id='word_1_150' title='bbox 1954 1445 2083 1491; x_wconf 89' lang='lat' dir='ltr'><strong>sunt</strong></span> <span class='ocrx_word' id='word_1_151' title='bbox 2103 1436 2195 1491; x_wconf 89' lang='lat' dir='ltr'><strong>illa</strong></span> <span class='ocrx_word' id='word_1_152' title='bbox 2217 1436 2429 1506; x_wconf 79' lang='lat' dir='ltr'><strong>porro?</strong></span> <span class='ocrx_word' id='word_1_153' title='bbox 2458 1433 2531 1491; x_wconf 81' lang='lat' dir='ltr'><strong>Ut</strong></span> <span class='ocrx_word' id='word_1_154' title='bbox 2562 1434 2767 1489; x_wconf 89' lang='lat' dir='ltr'><strong>bonum</strong></span> <span class='ocrx_word' id='word_1_155' title='bbox 2801 1441 3079 1488; x_wconf 90' lang='lat' dir='ltr'><strong>certamen</strong></span> <span class='ocrx_word' id='word_1_156' title='bbox 3129 1440 3306 1488; x_wconf 88' lang='lat' dir='ltr'><strong>certes</strong></span> <span class='ocrx_word' id='word_1_157' title='bbox 3347 1448 3538 1487; x_wconf 85' lang='lat' dir='ltr'><strong>mona-</strong></span> 
     </span>
    </p>
   </div>
   <div class='ocr_carea' id='block_1_26' title="bbox 1953 1524 3534 1597">
    <p class='ocr_par' dir='ltr' id='par_1_26' title="bbox 1953 1524 3534 1597">
     <span class='ocr_line' id='line_1_26' title="bbox 1953 1524 3534 1597; baseline -0.005 -13"><span class='ocrx_word' id='word_1_158' title='bbox 1953 1528 2106 1584; x_wconf 61' lang='lat' dir='ltr'><strong>sticae</strong></span> <span class='ocrx_word' id='word_1_159' title='bbox 2131 1528 2256 1583; x_wconf 76' lang='lat' dir='ltr'><strong>vita:</strong></span> <span class='ocrx_word' id='word_1_160' title='bbox 2279 1527 2348 1582; x_wconf 89' lang='lat' dir='ltr'><strong>ad</strong></span> <span class='ocrx_word' id='word_1_161' title='bbox 2378 1540 2543 1597; x_wconf 85' lang='lat' dir='ltr'><strong>quam</strong></span> <span class='ocrx_word' id='word_1_162' title='bbox 2591 1535 2781 1580; x_wconf 87' lang='lat' dir='ltr'><strong>vocata</strong></span> <span class='ocrx_word' id='word_1_163' title='bbox 2810 1540 2891 1588; x_wconf 87' lang='lat' dir='ltr'><strong>es,</strong></span> <span class='ocrx_word' id='word_1_164' title='bbox 2946 1531 2999 1580; x_wconf 91' lang='lat' dir='ltr'><strong>et</strong></span> <span class='ocrx_word' id='word_1_165' title='bbox 3025 1525 3278 1579; x_wconf 83' lang='lat' dir='ltr'><strong>confessa</strong></span> <span class='ocrx_word' id='word_1_166' title='bbox 3333 1524 3534 1579; x_wconf 82' lang='lat' dir='ltr'><strong>bonam</strong></span> 
     </span>
    </p>
   </div>
   <div class='ocr_carea' id='block_1_27' title="bbox 285 1614 1861 1707">
    <p class='ocr_par' dir='ltr' id='par_1_27' title="bbox 285 1614 1853 1707">
     <span class='ocr_line' id='line_1_27' title="bbox 285 1614 1853 1707; baseline -0.011 -18"><span class='ocrx_word' id='word_1_167' title='bbox 285 1614 415 1707; x_wconf 81' lang='grc' dir='ltr'>ρων.</span> <span class='ocrx_word' id='word_1_168' title='bbox 451 1614 573 1697; x_wconf 83' lang='grc' dir='ltr'>Πῶς</span> <span class='ocrx_word' id='word_1_169' title='bbox 601 1633 660 1687; x_wconf 82' lang='grc' dir='ltr'>δὲ</span> <span class='ocrx_word' id='word_1_170' title='bbox 691 1632 841 1685; x_wconf 75' lang='grc' dir='ltr'>ἐστιν</span> <span class='ocrx_word' id='word_1_171' title='bbox 878 1628 1251 1698; x_wconf 80' lang='grc' dir='ltr'>ἀγωνίσασθαι</span> <span class='ocrx_word' id='word_1_172' title='bbox 1279 1643 1294 1691; x_wconf 90' lang='lat'><strong>;</strong></span> <span class='ocrx_word' id='word_1_173' title='bbox 1346 1626 1442 1679; x_wconf 82' lang='grc' dir='ltr'>Ἐκ</span> <span class='ocrx_word' id='word_1_174' title='bbox 1473 1623 1569 1677; x_wconf 87' lang='grc' dir='ltr'><strong>τοῦ</strong></span> <span class='ocrx_word' id='word_1_175' title='bbox 1594 1622 1738 1693; x_wconf 73' lang='grc' dir='ltr'>ἔχειν</span> <span class='ocrx_word' id='word_1_176' title='bbox 1763 1620 1853 1673; x_wconf 72' lang='grc' dir='ltr'><strong>τὸν</strong></span> 
     </span>
    </p>
   </div>
   <div class='ocr_carea' id='block_1_28' title="bbox 1963 1614 3534 1707">
    <p class='ocr_par' dir='ltr' id='par_1_28' title="bbox 1963 1614 3534 1682">
     <span class='ocr_line' id='line_1_28' title="bbox 1963 1614 3534 1682; baseline -0.003 -8"><span class='ocrx_word' id='word_1_177' title='bbox 1963 1618 2351 1674; x_wconf 77' lang='lat' dir='ltr'><strong>confessionem</strong></span> <span class='ocrx_word' id='word_1_178' title='bbox 2385 1632 2568 1673; x_wconf 90' lang='lat' dir='ltr'><strong>coram</strong></span> <span class='ocrx_word' id='word_1_179' title='bbox 2609 1616 2797 1671; x_wconf 82' lang='lat' dir='ltr'><strong>multis</strong></span> <span class='ocrx_word' id='word_1_180' title='bbox 2839 1617 3069 1671; x_wconf 80' lang='lat' dir='ltr'><strong>testibus</strong></span> <span class='ocrx_word' id='word_1_181' title='bbox 3099 1615 3164 1673; x_wconf 75' lang='lat'><strong>&quot;.</strong></span> <span class='ocrx_word' id='word_1_182' title='bbox 3199 1614 3318 1682; x_wconf 82' lang='lat' dir='ltr'><strong>Qua</strong></span> <span class='ocrx_word' id='word_1_183' title='bbox 3354 1625 3534 1670; x_wconf 88' lang='lat' dir='ltr'><strong>autem</strong></span> 
     </span>
    </p>
   </div>
   <div class='ocr_carea' id='block_1_29' title="bbox 282 1697 1861 1798">
    <p class='ocr_par' dir='ltr' id='par_1_29' title="bbox 282 1697 1852 1796">
     <span class='ocr_line' id='line_1_29' title="bbox 282 1697 1852 1796; baseline -0.011 -14"><span class='ocrx_word' id='word_1_184' title='bbox 282 1697 449 1796; x_wconf 61' lang='grc' dir='ltr'>ξρόϐον</span> <span class='ocrx_word' id='word_1_185' title='bbox 472 1724 568 1779; x_wconf 85' lang='grc' dir='ltr'><strong>τοῦ</strong></span> <span class='ocrx_word' id='word_1_186' title='bbox 589 1724 724 1778; x_wconf 88' lang='grc' dir='ltr'>Θεοῦ</span> <span class='ocrx_word' id='word_1_187' title='bbox 755 1726 814 1777; x_wconf 89' lang='grc' dir='ltr'><strong>ἐν</strong></span> <span class='ocrx_word' id='word_1_188' title='bbox 844 1726 911 1792; x_wconf 87' lang='grc' dir='ltr'>τῇ</span> <span class='ocrx_word' id='word_1_189' title='bbox 932 1697 1169 1792; x_wconf 77' lang='grc' dir='ltr'>καρδία.</span> <span class='ocrx_word' id='word_1_190' title='bbox 1230 1711 1306 1773; x_wconf 74' lang='grc' dir='ltr'>Οῦ</span> <span class='ocrx_word' id='word_1_191' title='bbox 1353 1718 1463 1789; x_wconf 86' lang='grc' dir='ltr'><strong>γὰρ</strong></span> <span class='ocrx_word' id='word_1_192' title='bbox 1503 1715 1691 1785; x_wconf 76' lang='grc' dir='ltr'>φόϐος,</span> <span class='ocrx_word' id='word_1_193' title='bbox 1734 1713 1852 1765; x_wconf 86' lang='grc' dir='ltr'>ἐκεῖ</span> 
     </span>
    </p>
   </div>
   <div class='ocr_carea' id='block_1_30' title="bbox 1963 1697 3539 1798">
    <p class='ocr_par' dir='ltr' id='par_1_30' title="bbox 1963 1707 3539 1798">
     <span class='ocr_line' id='line_1_30' title="bbox 1963 1707 3539 1798; baseline -0.003 -33"><span class='ocrx_word' id='word_1_194' title='bbox 1963 1711 2163 1766; x_wconf 82' lang='lat' dir='ltr'><strong>ratione</strong></span> <span class='ocrx_word' id='word_1_195' title='bbox 2197 1710 2514 1765; x_wconf 83' lang='lat' dir='ltr'><strong>certandum</strong></span> <span class='ocrx_word' id='word_1_196' title='bbox 2536 1710 2563 1764; x_wconf 68' lang='grc' dir='ltr'><em>Ἰ</em></span> <span class='ocrx_word' id='word_1_197' title='bbox 2592 1709 2657 1798; x_wconf 62' lang='lat' dir='ltr'><strong>Si</strong></span> <span class='ocrx_word' id='word_1_198' title='bbox 2690 1707 2783 1762; x_wconf 86' lang='lat' dir='ltr'><strong>Dei</strong></span> <span class='ocrx_word' id='word_1_199' title='bbox 2811 1709 3059 1763; x_wconf 82' lang='lat' dir='ltr'><strong>timorem</strong></span> <span class='ocrx_word' id='word_1_200' title='bbox 3091 1708 3315 1762; x_wconf 88' lang='lat' dir='ltr'><strong>insitum</strong></span> <span class='ocrx_word' id='word_1_201' title='bbox 3343 1709 3395 1761; x_wconf 90' lang='lat' dir='ltr'><strong>in</strong></span> <span class='ocrx_word' id='word_1_202' title='bbox 3420 1710 3539 1762; x_wconf 80' lang='lat' dir='ltr'><strong>ani-</strong></span> 
     </span>
    </p>
   </div>
   <div class='ocr_carea' id='block_1_31' title="bbox 282 1805 1851 1887">
    <p class='ocr_par' dir='ltr' id='par_1_31' title="bbox 282 1805 1851 1887">
     <span class='ocr_line' id='line_1_31' title="bbox 282 1805 1851 1887; baseline -0.011 -15"><span class='ocrx_word' id='word_1_203' title='bbox 282 1817 514 1872; x_wconf 84' lang='grc' dir='ltr'>ἐντολῶν</span> <span class='ocrx_word' id='word_1_204' title='bbox 572 1820 826 1887; x_wconf 81' lang='grc' dir='ltr'>τήρησις,</span> <span class='ocrx_word' id='word_1_205' title='bbox 874 1813 973 1866; x_wconf 85' lang='grc' dir='ltr'>Ἐκ</span> <span class='ocrx_word' id='word_1_206' title='bbox 1010 1811 1106 1865; x_wconf 85' lang='grc' dir='ltr'><strong>τοῦ</strong></span> <span class='ocrx_word' id='word_1_207' title='bbox 1168 1810 1402 1882; x_wconf 82' lang='grc' dir='ltr'>μελετᾷν</span> <span class='ocrx_word' id='word_1_208' title='bbox 1451 1807 1545 1861; x_wconf 79' lang='grc' dir='ltr'><strong>τὸν</strong></span> <span class='ocrx_word' id='word_1_209' title='bbox 1600 1805 1851 1858; x_wconf 82' lang='grc' dir='ltr'>θάνατον.</span> 
     </span>
    </p>
   </div>
   <div class='ocr_carea' id='block_1_32' title="bbox 286 1897 1851 1977">
    <p class='ocr_par' dir='ltr' id='par_1_32' title="bbox 286 1897 1851 1977">
     <span class='ocr_line' id='line_1_32' title="bbox 286 1897 1851 1977; baseline -0.008 -15"><span class='ocrx_word' id='word_1_210' title='bbox 286 1909 459 1964; x_wconf 77' lang='grc' dir='ltr'>Ἔνθα</span> <span class='ocrx_word' id='word_1_211' title='bbox 509 1909 619 1977; x_wconf 81' lang='grc' dir='ltr'><strong>γὰρ</strong></span> <span class='ocrx_word' id='word_1_212' title='bbox 655 1906 853 1977; x_wconf 81' lang='grc' dir='ltr'><strong>μελέτη</strong></span> <span class='ocrx_word' id='word_1_213' title='bbox 910 1905 1167 1969; x_wconf 84' lang='grc' dir='ltr'>θανάτου,</span> <span class='ocrx_word' id='word_1_214' title='bbox 1224 1901 1416 1955; x_wconf 84' lang='grc' dir='ltr'>παθῶν</span> <span class='ocrx_word' id='word_1_215' title='bbox 1474 1897 1851 1968; x_wconf 82' lang='grc' dir='ltr'>ἀλλοτρίωσις.</span> 
     </span>
    </p>
   </div>
   <div class='ocr_carea' id='block_1_33' title="bbox 295 1987 1850 2069">
    <p class='ocr_par' dir='ltr' id='par_1_33' title="bbox 295 1987 1850 2069">
     <span class='ocr_line' id='line_1_33' title="bbox 295 1987 1850 2069; baseline -0.008 -15"><span class='ocrx_word' id='word_1_216' title='bbox 295 2002 392 2055; x_wconf 84' lang='grc' dir='ltr'>Ἐκ</span> <span class='ocrx_word' id='word_1_217' title='bbox 424 1999 521 2053; x_wconf 84' lang='grc' dir='ltr'><strong>τοῦ</strong></span> <span class='ocrx_word' id='word_1_218' title='bbox 556 1998 830 2069; x_wconf 81' lang='grc' dir='ltr'>μεριμνᾷν</span> <span class='ocrx_word' id='word_1_219' title='bbox 855 1996 955 2057; x_wconf 73' lang='grc' dir='ltr'>τὴν</span> <span class='ocrx_word' id='word_1_220' title='bbox 987 1995 1096 2048; x_wconf 81' lang='grc' dir='ltr'><strong>ἀπὸ</strong></span> <span class='ocrx_word' id='word_1_221' title='bbox 1122 1992 1218 2047; x_wconf 88' lang='grc' dir='ltr'><strong>τοῦ</strong></span> <span class='ocrx_word' id='word_1_222' title='bbox 1269 1991 1525 2063; x_wconf 83' lang='grc' dir='ltr'>σώματος</span> <span class='ocrx_word' id='word_1_223' title='bbox 1552 1987 1850 2053; x_wconf 79' lang='grc' dir='ltr'>διάζευξιν,</span> 
     </span>
    </p>
   </div>
   <div class='ocr_carea' id='block_1_34' title="bbox 280 2082 1857 2163">
    <p class='ocr_par' dir='ltr' id='par_1_34' title="bbox 280 2082 1857 2163">
     <span class='ocr_line' id='line_1_34' title="bbox 280 2082 1857 2163; baseline -0.008 -18"><span class='ocrx_word' id='word_1_224' title='bbox 280 2093 385 2163; x_wconf 83' lang='grc' dir='ltr'><strong>τὴν</strong></span> <span class='ocrx_word' id='word_1_225' title='bbox 414 2092 508 2144; x_wconf 72' lang='grc' dir='ltr'><strong>ἐπὶ</strong></span> <span class='ocrx_word' id='word_1_226' title='bbox 535 2089 710 2160; x_wconf 80' lang='grc' dir='ltr'>ταύτῃ</span> <span class='ocrx_word' id='word_1_227' title='bbox 737 2087 1036 2158; x_wconf 78' lang='grc' dir='ltr'><strong>ἀγγελικὴν</strong></span> <span class='ocrx_word' id='word_1_228' title='bbox 1081 2084 1432 2147; x_wconf 86' lang='grc' dir='ltr'>ἐπιστασίαν,</span> <span class='ocrx_word' id='word_1_229' title='bbox 1484 2082 1586 2151; x_wconf 78' lang='grc' dir='ltr'>τὴν</span> <span class='ocrx_word' id='word_1_230' title='bbox 1627 2082 1857 2146; x_wconf 81' lang='grc' dir='ltr'>ἀπαγω-</span> 
     </span>
    </p>
   </div>
   <div class='ocr_carea' id='block_1_35' title="bbox 286 2170 1856 2254">
    <p class='ocr_par' dir='ltr' id='par_1_35' title="bbox 286 2170 1856 2254">
     <span class='ocr_line' id='line_1_35' title="bbox 286 2170 1856 2254; baseline -0.009 -16"><span class='ocrx_word' id='word_1_231' title='bbox 286 2185 394 2254; x_wconf 81' lang='grc' dir='ltr'>γὴν</span> <span class='ocrx_word' id='word_1_232' title='bbox 422 2183 523 2253; x_wconf 80' lang='grc' dir='ltr'><strong>τῆς</strong></span> <span class='ocrx_word' id='word_1_233' title='bbox 563 2181 744 2251; x_wconf 78' lang='grc' dir='ltr'>ψυχῆς</span> <span class='ocrx_word' id='word_1_234' title='bbox 771 2179 911 2251; x_wconf 76' lang='grc' dir='ltr'>πρὸς</span> <span class='ocrx_word' id='word_1_235' title='bbox 947 2176 1020 2231; x_wconf 80' lang='grc' dir='ltr'>τὰ</span> <span class='ocrx_word' id='word_1_236' title='bbox 1068 2176 1323 2249; x_wconf 82' lang='grc' dir='ltr'>οὐράνια.</span> <span class='ocrx_word' id='word_1_237' title='bbox 1360 2173 1486 2239; x_wconf 86' lang='grc' dir='ltr'>Πῶς</span> <span class='ocrx_word' id='word_1_238' title='bbox 1521 2174 1630 2245; x_wconf 85' lang='grc' dir='ltr'><strong>ἀρα</strong></span> <span class='ocrx_word' id='word_1_239' title='bbox 1658 2170 1856 2225; x_wconf 81' lang='grc' dir='ltr'><strong>διέλθοι</strong></span> 
     </span>
    </p>
   </div>
   <div class='ocr_carea' id='block_1_36' title="bbox 284 2260 1857 2346">
    <p class='ocr_par' dir='ltr' id='par_1_36' title="bbox 284 2260 1857 2346">
     <span class='ocr_line' id='line_1_36' title="bbox 284 2260 1857 2346; baseline -0.008 -18"><span class='ocrx_word' id='word_1_240' title='bbox 284 2277 381 2328; x_wconf 73' lang='grc' dir='ltr'><strong>τὸν</strong></span> <span class='ocrx_word' id='word_1_241' title='bbox 417 2275 659 2346; x_wconf 72' lang='grc' dir='ltr'>ἄρχοντα</span> <span class='ocrx_word' id='word_1_242' title='bbox 711 2271 809 2325; x_wconf 90' lang='grc' dir='ltr'><strong>τοῦ</strong></span> <span class='ocrx_word' id='word_1_243' title='bbox 869 2270 999 2341; x_wconf 75' lang='grc' dir='ltr'>τῇδε</span> <span class='ocrx_word' id='word_1_244' title='bbox 1050 2270 1268 2334; x_wconf 81' lang='grc' dir='ltr'>αἰῶνος,</span> <span class='ocrx_word' id='word_1_245' title='bbox 1318 2260 1661 2339; x_wconf 83' lang='grc' dir='ltr'>πειρώμενον</span> <span class='ocrx_word' id='word_1_246' title='bbox 1720 2264 1857 2335; x_wconf 67' lang='grc' dir='ltr'>πρὸς</span> 
     </span>
    </p>
   </div>
   <div class='ocr_carea' id='block_1_37' title="bbox 286 2355 1857 2433">
    <p class='ocr_par' dir='ltr' id='par_1_37' title="bbox 286 2355 1857 2433">
     <span class='ocr_line' id='line_1_37' title="bbox 286 2355 1857 2433; baseline -0.008 -14"><span class='ocrx_word' id='word_1_247' title='bbox 286 2364 483 2419; x_wconf 81' lang='grc' dir='ltr'>ἑαυτὸν</span> <span class='ocrx_word' id='word_1_248' title='bbox 527 2362 627 2433; x_wconf 82' lang='grc' dir='ltr'><strong>τὴν</strong></span> <span class='ocrx_word' id='word_1_249' title='bbox 678 2360 937 2415; x_wconf 82' lang='grc' dir='ltr'><strong>ἀνιοῦσαν</strong></span> <span class='ocrx_word' id='word_1_250' title='bbox 980 2359 1160 2431; x_wconf 75' lang='grc' dir='ltr'>ψυχὴν</span> <span class='ocrx_word' id='word_1_251' title='bbox 1204 2357 1638 2420; x_wconf 74' lang='grc' dir='ltr'>ἐπισπάσασθαι,</span> <span class='ocrx_word' id='word_1_252' title='bbox 1696 2355 1857 2425; x_wconf 79' lang='grc' dir='ltr'>εἴπερ</span> 
     </span>
    </p>
   </div>
   <div class='ocr_carea' id='block_1_38' title="bbox 288 2443 1857 2525">
    <p class='ocr_par' dir='ltr' id='par_1_38' title="bbox 288 2443 1857 2525">
     <span class='ocr_line' id='line_1_38' title="bbox 288 2443 1857 2525; baseline -0.006 -17"><span class='ocrx_word' id='word_1_253' title='bbox 288 2454 395 2508; x_wconf 82' lang='grc' dir='ltr'>ίδοι</span> <span class='ocrx_word' id='word_1_254' title='bbox 429 2452 602 2525; x_wconf 81' lang='grc' dir='ltr'>αὐτὴν</span> <span class='ocrx_word' id='word_1_255' title='bbox 655 2450 1095 2523; x_wconf 82' lang='grc' dir='ltr'>κατεστιγμένην</span> <span class='ocrx_word' id='word_1_256' title='bbox 1128 2452 1243 2513; x_wconf 83' lang='grc' dir='ltr'>τοῖς</span> <span class='ocrx_word' id='word_1_257' title='bbox 1290 2449 1525 2503; x_wconf 80' lang='grc' dir='ltr'>πάθεσιν</span> <span class='ocrx_word' id='word_1_258' title='bbox 1552 2462 1566 2477; x_wconf 87' lang='grc'><strong>·</strong></span> <span class='ocrx_word' id='word_1_259' title='bbox 1599 2443 1722 2500; x_wconf 78' lang='grc' dir='ltr'>εἶτα</span> <span class='ocrx_word' id='word_1_260' title='bbox 1752 2444 1857 2498; x_wconf 91' lang='grc' dir='ltr'><strong>ποῦ</strong></span> 
     </span>
    </p>
   </div>
   <div class='ocr_carea' id='block_1_39' title="bbox 284 2538 1854 2617">
    <p class='ocr_par' dir='ltr' id='par_1_39' title="bbox 284 2538 1854 2617">
     <span class='ocr_line' id='line_1_39' title="bbox 284 2538 1854 2617; baseline -0.006 -18"><span class='ocrx_word' id='word_1_261' title='bbox 284 2545 389 2617; x_wconf 76' lang='grc' dir='ltr'>τὴν</span> <span class='ocrx_word' id='word_1_262' title='bbox 408 2543 859 2599; x_wconf 79' lang='grc' dir='ltr'>ἀποκατάστασιν</span> <span class='ocrx_word' id='word_1_263' title='bbox 878 2540 1038 2596; x_wconf 77' lang='grc' dir='ltr'>λάὗοι</span> <span class='ocrx_word' id='word_1_264' title='bbox 1063 2540 1226 2612; x_wconf 85' lang='grc' dir='ltr'>μέχρι</span> <span class='ocrx_word' id='word_1_265' title='bbox 1249 2539 1446 2611; x_wconf 83' lang='grc' dir='ltr'>καιροῦ</span> <span class='ocrx_word' id='word_1_266' title='bbox 1464 2538 1819 2600; x_wconf 81' lang='grc' dir='ltr'>ἀναστάσεως</span> <span class='ocrx_word' id='word_1_267' title='bbox 1838 2553 1854 2567; x_wconf 87' lang='grc'><strong>·</strong></span> 
     </span>
    </p>
   </div>
   <div class='ocr_carea' id='block_1_40' title="bbox 287 2628 1859 2705">
    <p class='ocr_par' dir='ltr' id='par_1_40' title="bbox 287 2628 1859 2705">
     <span class='ocr_line' id='line_1_40' title="bbox 287 2628 1859 2705; baseline -0.004 -18"><span class='ocrx_word' id='word_1_268' title='bbox 287 2636 454 2705; x_wconf 77' lang='grc' dir='ltr'>ἡνίκα</span> <span class='ocrx_word' id='word_1_269' title='bbox 478 2634 542 2687; x_wconf 85' lang='grc' dir='ltr'>τὸ</span> <span class='ocrx_word' id='word_1_270' title='bbox 568 2632 804 2701; x_wconf 74' lang='grc' dir='ltr'>συξυγὲς</span> <span class='ocrx_word' id='word_1_271' title='bbox 827 2631 989 2701; x_wconf 84' lang='grc' dir='ltr'>σῶμα</span> <span class='ocrx_word' id='word_1_272' title='bbox 1028 2631 1259 2701; x_wconf 86' lang='grc' dir='ltr'>ἐνωθείη</span> <span class='ocrx_word' id='word_1_273' title='bbox 1311 2628 1456 2685; x_wconf 85' lang='grc' dir='ltr'><strong>κατά</strong></span> <span class='ocrx_word' id='word_1_274' title='bbox 1486 2629 1589 2700; x_wconf 78' lang='grc' dir='ltr'>τὴν</span> <span class='ocrx_word' id='word_1_275' title='bbox 1617 2628 1859 2701; x_wconf 76' lang='grc' dir='ltr'>ἄρρητον</span> 
     </span>
    </p>
   </div>
   <div class='ocr_carea' id='block_1_41' title="bbox 285 2717 1860 2796">
    <p class='ocr_par' dir='ltr' id='par_1_41' title="bbox 285 2717 1860 2796">
     <span class='ocr_line' id='line_1_41' title="bbox 285 2717 1860 2796; baseline -0.007 -15"><span class='ocrx_word' id='word_1_276' title='bbox 285 2726 386 2781; x_wconf 86' lang='grc' dir='ltr'><strong>τοῦ</strong></span> <span class='ocrx_word' id='word_1_277' title='bbox 413 2725 549 2781; x_wconf 84' lang='grc' dir='ltr'>Θεοῦ</span> <span class='ocrx_word' id='word_1_278' title='bbox 577 2725 829 2796; x_wconf 77' lang='grc' dir='ltr'>δύναμιν.</span> <span class='ocrx_word' id='word_1_279' title='bbox 853 2725 966 2778; x_wconf 72' lang='grc' dir='ltr'><strong>Καὶ</strong></span> <span class='ocrx_word' id='word_1_280' title='bbox 990 2721 1147 2776; x_wconf 77' lang='grc' dir='ltr'>οὔπω</span> <span class='ocrx_word' id='word_1_281' title='bbox 1168 2722 1312 2791; x_wconf 85' lang='grc' dir='ltr'>λέγω</span> <span class='ocrx_word' id='word_1_282' title='bbox 1340 2721 1440 2793; x_wconf 85' lang='grc' dir='ltr'>τὴν</span> <span class='ocrx_word' id='word_1_283' title='bbox 1466 2719 1667 2792; x_wconf 79' lang='grc' dir='ltr'>μικρὸν</span> <span class='ocrx_word' id='word_1_284' title='bbox 1696 2717 1860 2771; x_wconf 79' lang='grc' dir='ltr'>ὓστε-</span> 
     </span>
    </p>
   </div>
   <div class='ocr_carea' id='block_1_42' title="bbox 290 2808 1859 2892">
    <p class='ocr_par' dir='ltr' id='par_1_42' title="bbox 290 2808 1859 2892">
     <span class='ocr_line' id='line_1_42' title="bbox 290 2808 1859 2892; baseline -0.006 -20"><span class='ocrx_word' id='word_1_285' title='bbox 290 2836 387 2892; x_wconf 88' lang='grc' dir='ltr'><strong>ρον</strong></span> <span class='ocrx_word' id='word_1_286' title='bbox 437 2817 730 2872; x_wconf 79' lang='grc' dir='ltr'>ἐπέλευσιν</span> <span class='ocrx_word' id='word_1_287' title='bbox 772 2814 868 2869; x_wconf 86' lang='grc' dir='ltr'><strong>τοῦ</strong></span> <span class='ocrx_word' id='word_1_288' title='bbox 894 2813 1132 2885; x_wconf 76' lang='grc' dir='ltr'>νυμφίου</span> <span class='ocrx_word' id='word_1_289' title='bbox 1160 2811 1423 2884; x_wconf 83' lang='grc' dir='ltr'>Χριστοῦ,</span> <span class='ocrx_word' id='word_1_290' title='bbox 1470 2811 1574 2866; x_wconf 78' lang='grc' dir='ltr'>ἀπ’</span> <span class='ocrx_word' id='word_1_291' title='bbox 1600 2808 1859 2878; x_wconf 78' lang='grc' dir='ltr'>οὐρανοῦ</span> 
     </span>
    </p>
   </div>
   <div class='ocr_carea' id='block_1_43' title="bbox 283 2901 1861 2980">
    <p class='ocr_par' dir='ltr' id='par_1_43' title="bbox 283 2901 1861 2980">
     <span class='ocr_line' id='line_1_43' title="bbox 283 2901 1861 2980; baseline -0.008 -15"><span class='ocrx_word' id='word_1_292' title='bbox 283 2909 415 2980; x_wconf 81' lang='grc' dir='ltr'>μετ’</span> <span class='ocrx_word' id='word_1_293' title='bbox 446 2907 720 2979; x_wconf 69' lang='grc' dir='ltr'>ἀγγέλων</span> <span class='ocrx_word' id='word_1_294' title='bbox 750 2906 1062 2976; x_wconf 79' lang='grc' dir='ltr'>δυνάμεως</span> <span class='ocrx_word' id='word_1_295' title='bbox 1111 2904 1298 2960; x_wconf 83' lang='grc' dir='ltr'>αὑτοῦ</span> <span class='ocrx_word' id='word_1_296' title='bbox 1322 2921 1337 2935; x_wconf 89' lang='grc'><strong>·</strong></span> <span class='ocrx_word' id='word_1_297' title='bbox 1366 2905 1466 2974; x_wconf 80' lang='grc' dir='ltr'><strong>τήν</strong></span> <span class='ocrx_word' id='word_1_298' title='bbox 1501 2919 1563 2956; x_wconf 84' lang='grc' dir='ltr'><strong>τε</strong></span> <span class='ocrx_word' id='word_1_299' title='bbox 1615 2904 1698 2965; x_wconf 89' lang='grc' dir='ltr'>εἰς</span> <span class='ocrx_word' id='word_1_300' title='bbox 1723 2901 1861 2972; x_wconf 87' lang='grc' dir='ltr'>ἀέρα</span> 
     </span>
    </p>
   </div>
   <div class='ocr_carea' id='block_1_44' title="bbox 1954 1803 3537 1869">
    <p class='ocr_par' dir='ltr' id='par_1_44' title="bbox 1954 1803 3537 1869">
     <span class='ocr_line' id='line_1_44' title="bbox 1954 1803 3537 1869; baseline -0.003 -9"><span class='ocrx_word' id='word_1_301' title='bbox 1954 1819 2045 1860; x_wconf 91' lang='lat' dir='ltr'><strong>mo</strong></span> <span class='ocrx_word' id='word_1_302' title='bbox 2072 1804 2350 1859; x_wconf 89' lang='lat' dir='ltr'><strong>habueris.</strong></span> <span class='ocrx_word' id='word_1_303' title='bbox 2384 1803 2521 1858; x_wconf 86' lang='lat' dir='ltr'><strong>Nam</strong></span> <span class='ocrx_word' id='word_1_304' title='bbox 2564 1804 2658 1858; x_wconf 84' lang='lat' dir='ltr'><strong>ubi</strong></span> <span class='ocrx_word' id='word_1_305' title='bbox 2690 1805 2874 1869; x_wconf 84' lang='lat' dir='ltr'><strong>timor,</strong></span> <span class='ocrx_word' id='word_1_306' title='bbox 2910 1803 2984 1858; x_wconf 91' lang='lat' dir='ltr'><strong>ibi</strong></span> <span class='ocrx_word' id='word_1_307' title='bbox 3019 1803 3329 1857; x_wconf 79' lang='lat' dir='ltr'><strong>observatio</strong></span> <span class='ocrx_word' id='word_1_308' title='bbox 3377 1817 3537 1857; x_wconf 78' lang='lat' dir='ltr'><strong>man.-</strong></span> 
     </span>
    </p>
   </div>
   <div class='ocr_carea' id='block_1_45' title="bbox 1955 1880 3572 1952">
    <p class='ocr_par' dir='ltr' id='par_1_45' title="bbox 1955 1880 3572 1952">
     <span class='ocr_line' id='line_1_45' title="bbox 1955 1880 3572 1952; baseline -0.001 -1"><span class='ocrx_word' id='word_1_309' title='bbox 1955 1898 2231 1952; x_wconf 88' lang='lat' dir='ltr'><strong>datorum.</strong></span> <span class='ocrx_word' id='word_1_310' title='bbox 2259 1896 2317 1952; x_wconf 88' lang='lat' dir='ltr'><strong>Si</strong></span> <span class='ocrx_word' id='word_1_311' title='bbox 2345 1906 2574 1950; x_wconf 79' lang='lat' dir='ltr'><strong>mortem</strong></span> <span class='ocrx_word' id='word_1_312' title='bbox 2596 1895 2892 1951; x_wconf 87' lang='lat' dir='ltr'><strong>mediteris.</strong></span> <span class='ocrx_word' id='word_1_313' title='bbox 2915 1894 3016 1951; x_wconf 91' lang='lat' dir='ltr'><strong>Ubi</strong></span> <span class='ocrx_word' id='word_1_314' title='bbox 3045 1895 3188 1950; x_wconf 88' lang='lat' dir='ltr'><strong>enim</strong></span> <span class='ocrx_word' id='word_1_315' title='bbox 3214 1895 3406 1950; x_wconf 88' lang='lat' dir='ltr'><strong>mortis</strong></span> <span class='ocrx_word' id='word_1_316' title='bbox 3423 1909 3539 1949; x_wconf 89' lang='lat' dir='ltr'><strong>me-</strong></span> <span class='ocrx_word' id='word_1_317' title='bbox 3569 1880 3572 1884; x_wconf 12' lang='grc' dir='ltr'><strong>Α</strong></span> 
     </span>
    </p>
   </div>
   <div class='ocr_carea' id='block_1_46' title="bbox 1954 1983 3537 2055">
    <p class='ocr_par' dir='ltr' id='par_1_46' title="bbox 1954 1983 3537 2055">
     <span class='ocr_line' id='line_1_46' title="bbox 1954 1983 3537 2055; baseline -0.003 -12"><span class='ocrx_word' id='word_1_318' title='bbox 1954 1989 2167 2053; x_wconf 87' lang='lat' dir='ltr'><strong>ditatio,</strong></span> <span class='ocrx_word' id='word_1_319' title='bbox 2200 1987 2276 2042; x_wconf 89' lang='lat' dir='ltr'><strong>ibi</strong></span> <span class='ocrx_word' id='word_1_320' title='bbox 2304 2002 2335 2042; x_wconf 92' lang='lat' dir='ltr'><strong>a</strong></span> <span class='ocrx_word' id='word_1_321' title='bbox 2364 1987 2512 2042; x_wconf 88' lang='lat' dir='ltr'><strong>vitiis</strong></span> <span class='ocrx_word' id='word_1_322' title='bbox 2556 1987 2816 2041; x_wconf 88' lang='lat' dir='ltr'><strong>alienatio</strong></span> <span class='ocrx_word' id='word_1_323' title='bbox 2837 1994 2946 2041; x_wconf 81' lang='lat' dir='ltr'><strong>est.</strong></span> <span class='ocrx_word' id='word_1_324' title='bbox 2992 1983 3051 2039; x_wconf 85' lang='lat' dir='ltr'><strong>Si</strong></span> <span class='ocrx_word' id='word_1_325' title='bbox 3102 1996 3280 2040; x_wconf 85' lang='lat' dir='ltr'><strong>tecum</strong></span> <span class='ocrx_word' id='word_1_326' title='bbox 3314 1994 3537 2055; x_wconf 87' lang='lat' dir='ltr'><strong>reputes</strong></span> 
     </span>
    </p>
   </div>
   <div class='ocr_carea' id='block_1_47' title="bbox 1956 2075 3540 2148">
    <p class='ocr_par' dir='ltr' id='par_1_47' title="bbox 1956 2075 3540 2148">
     <span class='ocr_line' id='line_1_47' title="bbox 1956 2075 3540 2148; baseline -0.004 -13"><span class='ocrx_word' id='word_1_327' title='bbox 1956 2078 2124 2135; x_wconf 88' lang='lat' dir='ltr'><strong>animi</strong></span> <span class='ocrx_word' id='word_1_328' title='bbox 2157 2078 2553 2148; x_wconf 84' lang='lat' dir='ltr'><strong>sejunctionem</strong></span> <span class='ocrx_word' id='word_1_329' title='bbox 2578 2094 2610 2132; x_wconf 88' lang='lat' dir='ltr'><strong>a</strong></span> <span class='ocrx_word' id='word_1_330' title='bbox 2640 2092 2890 2147; x_wconf 83' lang='lat' dir='ltr'><strong>corpore,</strong></span> <span class='ocrx_word' id='word_1_331' title='bbox 2921 2077 3010 2131; x_wconf 90' lang='lat' dir='ltr'><strong>cui</strong></span> <span class='ocrx_word' id='word_1_332' title='bbox 3041 2075 3368 2146; x_wconf 82' lang='lat' dir='ltr'><strong>sejunctioni</strong></span> <span class='ocrx_word' id='word_1_333' title='bbox 3401 2089 3540 2145; x_wconf 64' lang='lat' dir='ltr'><strong>prte~</strong></span> 
     </span>
    </p>
   </div>
   <div class='ocr_carea' id='block_1_48' title="bbox 1954 2166 3541 2239">
    <p class='ocr_par' dir='ltr' id='par_1_48' title="bbox 1954 2166 3541 2239">
     <span class='ocr_line' id='line_1_48' title="bbox 1954 2166 3541 2239; baseline -0.003 -15"><span class='ocrx_word' id='word_1_334' title='bbox 1954 2170 2062 2224; x_wconf 89' lang='lat' dir='ltr'><strong>erit</strong></span> <span class='ocrx_word' id='word_1_335' title='bbox 2089 2169 2357 2239; x_wconf 81' lang='lat' dir='ltr'><strong>angelus;</strong></span> <span class='ocrx_word' id='word_1_336' title='bbox 2387 2168 2770 2223; x_wconf 87' lang='lat' dir='ltr'><strong>abductionem</strong></span> <span class='ocrx_word' id='word_1_337' title='bbox 2807 2167 3000 2223; x_wconf 90' lang='lat' dir='ltr'><strong>deinde</strong></span> <span class='ocrx_word' id='word_1_338' title='bbox 3034 2168 3232 2221; x_wconf 69' lang='lat' dir='ltr'><strong>anima:</strong></span> <span class='ocrx_word' id='word_1_339' title='bbox 3280 2166 3335 2220; x_wconf 90' lang='lat' dir='ltr'><strong>in</strong></span> <span class='ocrx_word' id='word_1_340' title='bbox 3371 2167 3541 2221; x_wconf 66' lang='lat' dir='ltr'><strong>caele-</strong></span> 
     </span>
    </p>
   </div>
   <div class='ocr_carea' id='block_1_49' title="bbox 1954 2258 3540 2332">
    <p class='ocr_par' dir='ltr' id='par_1_49' title="bbox 1954 2258 3540 2332">
     <span class='ocr_line' id='line_1_49' title="bbox 1954 2258 3540 2332; baseline -0.004 -16"><span class='ocrx_word' id='word_1_341' title='bbox 1954 2271 2094 2316; x_wconf 86' lang='lat' dir='ltr'><strong>stem</strong></span> <span class='ocrx_word' id='word_1_342' title='bbox 2131 2261 2369 2332; x_wconf 78' lang='lat' dir='ltr'><strong>plagam.</strong></span> <span class='ocrx_word' id='word_1_343' title='bbox 2423 2259 2891 2327; x_wconf 78' lang='lat' dir='ltr'><strong>Quemadmodum</strong></span> <span class='ocrx_word' id='word_1_344' title='bbox 2943 2258 3167 2329; x_wconf 71' lang='lat' dir='ltr'><strong>elfugiat</strong></span> <span class='ocrx_word' id='word_1_345' title='bbox 3218 2258 3407 2328; x_wconf 87' lang='lat' dir='ltr'><strong>utique</strong></span> <span class='ocrx_word' id='word_1_346' title='bbox 3433 2258 3540 2311; x_wconf 85' lang='lat' dir='ltr'><strong>hu-</strong></span> 
     </span>
    </p>
   </div>
   <div class='ocr_carea' id='block_1_50' title="bbox 1951 2353 3538 2425">
    <p class='ocr_par' dir='ltr' id='par_1_50' title="bbox 1951 2353 3538 2425">
     <span class='ocr_line' id='line_1_50' title="bbox 1951 2353 3538 2425; baseline 0.001 -19"><span class='ocrx_word' id='word_1_347' title='bbox 1951 2354 2045 2424; x_wconf 87' lang='lat' dir='ltr'><strong>jus</strong></span> <span class='ocrx_word' id='word_1_348' title='bbox 2067 2356 2256 2409; x_wconf 69' lang='lat' dir='ltr'><strong>saeculi</strong></span> <span class='ocrx_word' id='word_1_349' title='bbox 2291 2354 2594 2425; x_wconf 86' lang='lat' dir='ltr'><strong>principem</strong></span> <span class='ocrx_word' id='word_1_350' title='bbox 2617 2365 2909 2410; x_wconf 85' lang='lat' dir='ltr'><strong>conantem</strong></span> <span class='ocrx_word' id='word_1_351' title='bbox 2934 2354 3190 2409; x_wconf 84' lang='lat' dir='ltr'><strong>videlicet</strong></span> <span class='ocrx_word' id='word_1_352' title='bbox 3220 2353 3538 2423; x_wconf 82' lang='lat' dir='ltr'><strong>pertrahere</strong></span> 
     </span>
    </p>
   </div>
   <div class='ocr_carea' id='block_1_51' title="bbox 1957 2445 3540 2517">
    <p class='ocr_par' dir='ltr' id='par_1_51' title="bbox 1957 2445 3540 2517">
     <span class='ocr_line' id='line_1_51' title="bbox 1957 2445 3540 2517; baseline -0.001 -16"><span class='ocrx_word' id='word_1_353' title='bbox 1957 2448 2025 2502; x_wconf 92' lang='lat' dir='ltr'><strong>ad</strong></span> <span class='ocrx_word' id='word_1_354' title='bbox 2074 2463 2135 2503; x_wconf 88' lang='lat' dir='ltr'><strong>se</strong></span> <span class='ocrx_word' id='word_1_355' title='bbox 2178 2448 2486 2503; x_wconf 80' lang='lat' dir='ltr'><strong>evolantem</strong></span> <span class='ocrx_word' id='word_1_356' title='bbox 2541 2448 2809 2513; x_wconf 85' lang='lat' dir='ltr'><strong>animam,</strong></span> <span class='ocrx_word' id='word_1_357' title='bbox 2864 2446 3135 2517; x_wconf 88' lang='lat' dir='ltr'><strong>siquidem</strong></span> <span class='ocrx_word' id='word_1_358' title='bbox 3179 2445 3375 2501; x_wconf 88' lang='lat' dir='ltr'><strong>viderit</strong></span> <span class='ocrx_word' id='word_1_359' title='bbox 3417 2460 3540 2500; x_wconf 86' lang='lat' dir='ltr'><strong>eam</strong></span> 
     </span>
    </p>
   </div>
   <div class='ocr_carea' id='block_1_52' title="bbox 1957 2535 3542 2611">
    <p class='ocr_par' dir='ltr' id='par_1_52' title="bbox 1957 2535 3542 2611">
     <span class='ocr_line' id='line_1_52' title="bbox 1957 2535 3542 2611; baseline -0.002 -17"><span class='ocrx_word' id='word_1_360' title='bbox 1957 2540 2108 2595; x_wconf 85' lang='lat' dir='ltr'><strong>vitiis</strong></span> <span class='ocrx_word' id='word_1_361' title='bbox 2129 2548 2396 2611; x_wconf 83' lang='lat' dir='ltr'><strong>tanquam</strong></span> <span class='ocrx_word' id='word_1_362' title='bbox 2430 2540 2661 2594; x_wconf 87' lang='lat' dir='ltr'><strong>maculis</strong></span> <span class='ocrx_word' id='word_1_363' title='bbox 2702 2539 2938 2594; x_wconf 88' lang='lat' dir='ltr'><strong>inustam</strong></span> <span class='ocrx_word' id='word_1_364' title='bbox 2967 2556 2997 2594; x_wconf 70' lang='grc' dir='ltr'><strong>ι’</strong></span> <span class='ocrx_word' id='word_1_365' title='bbox 3021 2537 3220 2594; x_wconf 88' lang='lat' dir='ltr'><strong>deinde</strong></span> <span class='ocrx_word' id='word_1_366' title='bbox 3268 2535 3359 2592; x_wconf 87' lang='lat' dir='ltr'><strong>ubi</strong></span> <span class='ocrx_word' id='word_1_367' title='bbox 3412 2537 3542 2591; x_wconf 87' lang='lat' dir='ltr'><strong>suh-</strong></span> 
     </span>
    </p>
   </div>
   <div class='ocr_carea' id='block_1_53' title="bbox 1958 2630 3541 2703">
    <p class='ocr_par' dir='ltr' id='par_1_53' title="bbox 1958 2630 3541 2703">
     <span class='ocr_line' id='line_1_53' title="bbox 1958 2630 3541 2703; baseline -0.005 -15"><span class='ocrx_word' id='word_1_368' title='bbox 1958 2632 2171 2688; x_wconf 89' lang='lat' dir='ltr'><strong>sideudi</strong></span> <span class='ocrx_word' id='word_1_369' title='bbox 2195 2632 2374 2688; x_wconf 85' lang='lat' dir='ltr'><strong>locum</strong></span> <span class='ocrx_word' id='word_1_370' title='bbox 2402 2634 2636 2703; x_wconf 89' lang='lat' dir='ltr'><strong>accipiat</strong></span> <span class='ocrx_word' id='word_1_371' title='bbox 2660 2646 2833 2703; x_wconf 82' lang='lat' dir='ltr'><strong>usque</strong></span> <span class='ocrx_word' id='word_1_372' title='bbox 2863 2631 2931 2685; x_wconf 90' lang='lat' dir='ltr'><strong>ad</strong></span> <span class='ocrx_word' id='word_1_373' title='bbox 2958 2630 3376 2685; x_wconf 87' lang='lat' dir='ltr'><strong>resurrectionis</strong></span> <span class='ocrx_word' id='word_1_374' title='bbox 3400 2637 3541 2683; x_wconf 82' lang='lat' dir='ltr'><strong>tem~</strong></span> 
     </span>
    </p>
   </div>
   <div class='ocr_carea' id='block_1_54' title="bbox 1958 2720 3540 2795">
    <p class='ocr_par' dir='ltr' id='par_1_54' title="bbox 1958 2720 3540 2795">
     <span class='ocr_line' id='line_1_54' title="bbox 1958 2720 3540 2795; baseline -0.003 -17"><span class='ocrx_word' id='word_1_375' title='bbox 1958 2739 2085 2795; x_wconf 89' lang='lat' dir='ltr'><strong>pus,</strong></span> <span class='ocrx_word' id='word_1_376' title='bbox 2135 2738 2261 2780; x_wconf 85' lang='lat' dir='ltr'><strong>cum</strong></span> <span class='ocrx_word' id='word_1_377' title='bbox 2296 2724 2507 2779; x_wconf 80' lang='lat' dir='ltr'><strong>socium</strong></span> <span class='ocrx_word' id='word_1_378' title='bbox 2538 2738 2739 2794; x_wconf 90' lang='lat' dir='ltr'><strong>corpus</strong></span> <span class='ocrx_word' id='word_1_379' title='bbox 2787 2722 3118 2792; x_wconf 84' lang='lat' dir='ltr'><strong>adjungetur</strong></span> <span class='ocrx_word' id='word_1_380' title='bbox 3180 2720 3540 2775; x_wconf 86' lang='lat' dir='ltr'><strong>inenarrabili</strong></span> 
     </span>
    </p>
   </div>
   <div class='ocr_carea' id='block_1_55' title="bbox 1960 2811 3541 2871">
    <p class='ocr_par' dir='ltr' id='par_1_55' title="bbox 1960 2811 3541 2871">
     <span class='ocr_line' id='line_1_55' title="bbox 1960 2811 3541 2871; baseline -0.004 -1"><span class='ocrx_word' id='word_1_381' title='bbox 1960 2815 2055 2871; x_wconf 88' lang='lat' dir='ltr'><strong>Dei</strong></span> <span class='ocrx_word' id='word_1_382' title='bbox 2111 2816 2334 2871; x_wconf 87' lang='lat' dir='ltr'><strong>virtute.</strong></span> <span class='ocrx_word' id='word_1_383' title='bbox 2393 2813 2637 2870; x_wconf 86' lang='lat' dir='ltr'><strong>Necdum</strong></span> <span class='ocrx_word' id='word_1_384' title='bbox 2701 2828 3082 2869; x_wconf 85' lang='lat' dir='ltr'><strong>commemoro</strong></span> <span class='ocrx_word' id='word_1_385' title='bbox 3130 2828 3259 2867; x_wconf 80' lang='lat' dir='ltr'><strong>mox</strong></span> <span class='ocrx_word' id='word_1_386' title='bbox 3292 2811 3541 2866; x_wconf 81' lang='lat' dir='ltr'><strong>futurum</strong></span> 
     </span>
    </p>
   </div>
   <div class='ocr_carea' id='block_1_56' title="bbox 1960 2903 3545 2977">
    <p class='ocr_par' dir='ltr' id='par_1_56' title="bbox 1960 2903 3545 2977">
     <span class='ocr_line' id='line_1_56' title="bbox 1960 2903 3545 2977; baseline -0.004 -14"><span class='ocrx_word' id='word_1_387' title='bbox 1960 2906 2163 2963; x_wconf 81' lang='lat' dir='ltr'><strong>Christi</strong></span> <span class='ocrx_word' id='word_1_388' title='bbox 2190 2908 2377 2977; x_wconf 87' lang='lat' dir='ltr'><strong>sponsi</strong></span> <span class='ocrx_word' id='word_1_389' title='bbox 2402 2907 2696 2962; x_wconf 86' lang='lat' dir='ltr'><strong>adventum</strong></span> <span class='ocrx_word' id='word_1_390' title='bbox 2727 2907 2792 2959; x_wconf 86' lang='lat' dir='ltr'><strong>de</strong></span> <span class='ocrx_word' id='word_1_391' title='bbox 2835 2904 2962 2959; x_wconf 67' lang='lat' dir='ltr'><strong>calo</strong></span> <span class='ocrx_word' id='word_1_392' title='bbox 2997 2920 3117 2958; x_wconf 83' lang='lat' dir='ltr'><strong>cum</strong></span> <span class='ocrx_word' id='word_1_393' title='bbox 3145 2903 3349 2975; x_wconf 81' lang='lat' dir='ltr'><strong>angelis</strong></span> <span class='ocrx_word' id='word_1_394' title='bbox 3375 2903 3545 2956; x_wconf 80' lang='lat' dir='ltr'><strong>virtu-</strong></span> 
     </span>
    </p>
   </div>
   <div class='ocr_carea' id='block_1_57' title="bbox 285 2987 1861 3086">
    <p class='ocr_par' dir='ltr' id='par_1_57' title="bbox 285 2987 1858 3069">
     <span class='ocr_line' id='line_1_57' title="bbox 285 2987 1858 3069; baseline -0.008 -16"><span class='ocrx_word' id='word_1_395' title='bbox 285 2997 548 3069; x_wconf 82' lang='grc' dir='ltr'>ἁρπαγὴν</span> <span class='ocrx_word' id='word_1_396' title='bbox 573 2997 684 3050; x_wconf 82' lang='grc' dir='ltr'><strong>τῶν</strong></span> <span class='ocrx_word' id='word_1_397' title='bbox 739 2995 1005 3064; x_wconf 80' lang='grc' dir='ltr'>θεοφιλῶν</span> <span class='ocrx_word' id='word_1_398' title='bbox 1053 2993 1242 3064; x_wconf 79' lang='grc' dir='ltr'>ψυχῶν</span> <span class='ocrx_word' id='word_1_399' title='bbox 1271 3007 1288 3024; x_wconf 88' lang='grc'><strong>·</strong></span> <span class='ocrx_word' id='word_1_400' title='bbox 1319 2993 1416 3045; x_wconf 78' lang='grc' dir='ltr'>καὶ</span> <span class='ocrx_word' id='word_1_401' title='bbox 1442 2991 1542 3063; x_wconf 82' lang='grc' dir='ltr'>τὴν</span> <span class='ocrx_word' id='word_1_402' title='bbox 1566 2987 1701 3061; x_wconf 82' lang='grc' dir='ltr'>ὁμοῦ</span> <span class='ocrx_word' id='word_1_403' title='bbox 1749 2988 1858 3042; x_wconf 84' lang='grc' dir='ltr'><strong>πά-</strong></span> 
     </span>
    </p>
   </div>
   <div class='ocr_carea' id='block_1_58' title="bbox 1963 2987 3543 3086">
    <p class='ocr_par' dir='ltr' id='par_1_58' title="bbox 1963 2995 3543 3068">
     <span class='ocr_line' id='line_1_58' title="bbox 1963 2995 3543 3068; baseline -0.002 -16"><span class='ocrx_word' id='word_1_404' title='bbox 1963 3001 2030 3054; x_wconf 77' lang='lat' dir='ltr'><strong>tis</strong></span> <span class='ocrx_word' id='word_1_405' title='bbox 2073 3000 2187 3068; x_wconf 80' lang='lat' dir='ltr'><strong>ejus</strong></span> <span class='ocrx_word' id='word_1_406' title='bbox 2214 2999 2281 3065; x_wconf 80' lang='lat'><strong>&quot;,</strong></span> <span class='ocrx_word' id='word_1_407' title='bbox 2329 3007 2678 3068; x_wconf 86' lang='lat' dir='ltr'><strong>acceptarum</strong></span> <span class='ocrx_word' id='word_1_408' title='bbox 2732 2996 2840 3051; x_wconf 86' lang='lat' dir='ltr'><strong>Deo</strong></span> <span class='ocrx_word' id='word_1_409' title='bbox 2884 2996 3192 3051; x_wconf 88' lang='lat' dir='ltr'><strong>animarum</strong></span> <span class='ocrx_word' id='word_1_410' title='bbox 3228 3005 3442 3065; x_wconf 87' lang='lat' dir='ltr'><strong>raptum</strong></span> <span class='ocrx_word' id='word_1_411' title='bbox 3487 2995 3543 3049; x_wconf 88' lang='lat' dir='ltr'><strong>iu</strong></span> 
     </span>
    </p>
   </div>
   <div class='ocr_carea' id='block_1_59' title="bbox 290 3079 1859 3161">
    <p class='ocr_par' dir='ltr' id='par_1_59' title="bbox 290 3079 1859 3161">
     <span class='ocr_line' id='line_1_59' title="bbox 290 3079 1859 3161; baseline -0.006 -20"><span class='ocrx_word' id='word_1_412' title='bbox 290 3107 395 3161; x_wconf 84' lang='grc' dir='ltr'><strong>σης</strong></span> <span class='ocrx_word' id='word_1_413' title='bbox 421 3088 522 3157; x_wconf 80' lang='grc' dir='ltr'>τῆς</span> <span class='ocrx_word' id='word_1_414' title='bbox 546 3088 782 3150; x_wconf 79' lang='grc' dir='ltr'>κτίσεως</span> <span class='ocrx_word' id='word_1_415' title='bbox 824 3085 1152 3155; x_wconf 76' lang='grc' dir='ltr'>συναγωγὴν</span> <span class='ocrx_word' id='word_1_416' title='bbox 1178 3084 1287 3153; x_wconf 75' lang='grc' dir='ltr'><strong>πρὸ</strong></span> <span class='ocrx_word' id='word_1_417' title='bbox 1316 3081 1614 3153; x_wconf 84' lang='grc' dir='ltr'>προσώπου</span> <span class='ocrx_word' id='word_1_418' title='bbox 1635 3079 1730 3134; x_wconf 90' lang='grc' dir='ltr'><strong>τοῦ</strong></span> <span class='ocrx_word' id='word_1_419' title='bbox 1761 3096 1859 3148; x_wconf 86' lang='grc' dir='ltr'><strong>φο-</strong></span> 
     </span>
    </p>
   </div>
   <div class='ocr_carea' id='block_1_60' title="bbox 290 3168 1865 3251">
    <p class='ocr_par' dir='ltr' id='par_1_60' title="bbox 290 3168 1865 3251">
     <span class='ocr_line' id='line_1_60' title="bbox 290 3168 1865 3251; baseline -0.007 -19"><span class='ocrx_word' id='word_1_420' title='bbox 290 3179 458 3251; x_wconf 75' lang='grc' dir='ltr'>ϐεροῦ</span> <span class='ocrx_word' id='word_1_421' title='bbox 484 3179 731 3249; x_wconf 79' lang='grc' dir='ltr'>βήματος</span> <span class='ocrx_word' id='word_1_422' title='bbox 761 3191 776 3207; x_wconf 91' lang='grc'><strong>·</strong></span> <span class='ocrx_word' id='word_1_423' title='bbox 821 3172 945 3230; x_wconf 79' lang='grc' dir='ltr'>εἶτα</span> <span class='ocrx_word' id='word_1_424' title='bbox 980 3174 1080 3247; x_wconf 77' lang='grc' dir='ltr'><strong>τὴν</strong></span> <span class='ocrx_word' id='word_1_425' title='bbox 1122 3174 1402 3243; x_wconf 87' lang='grc' dir='ltr'>ἀπόφασιν</span> <span class='ocrx_word' id='word_1_426' title='bbox 1435 3170 1717 3240; x_wconf 76' lang='grc' dir='ltr'>ἑκατέρων</span> <span class='ocrx_word' id='word_1_427' title='bbox 1753 3168 1865 3222; x_wconf 86' lang='grc' dir='ltr'><strong>τῶν</strong></span> 
     </span>
    </p>
   </div>
   <div class='ocr_carea' id='block_1_61' title="bbox 288 3260 1863 3343">
    <p class='ocr_par' dir='ltr' id='par_1_61' title="bbox 288 3260 1863 3343">
     <span class='ocr_line' id='line_1_61' title="bbox 288 3260 1863 3343; baseline -0.006 -17"><span class='ocrx_word' id='word_1_428' title='bbox 288 3270 722 3343; x_wconf 78' lang='grc' dir='ltr'>παρισταμένων</span> <span class='ocrx_word' id='word_1_429' title='bbox 779 3268 1001 3337; x_wconf 83' lang='grc' dir='ltr'>μερῶν⁶</span> <span class='ocrx_word' id='word_1_430' title='bbox 1055 3268 1188 3330; x_wconf 78' lang='grc' dir='ltr'>τοὺς</span> <span class='ocrx_word' id='word_1_431' title='bbox 1226 3266 1327 3337; x_wconf 80' lang='grc' dir='ltr'>μὲν</span> <span class='ocrx_word' id='word_1_432' title='bbox 1374 3264 1625 3326; x_wconf 86' lang='grc' dir='ltr'>δικαίους</span> <span class='ocrx_word' id='word_1_433' title='bbox 1658 3260 1863 3317; x_wconf 81' lang='grc' dir='ltr'>καλοῦ·</span> 
     </span>
    </p>
   </div>
   <div class='ocr_carea' id='block_1_62' title="bbox 291 3353 1897 3431">
    <p class='ocr_par' dir='ltr' id='par_1_62' title="bbox 291 3353 1897 3431">
     <span class='ocr_line' id='line_1_62' title="bbox 291 3353 1897 3431; baseline -0.007 -14"><span class='ocrx_word' id='word_1_434' title='bbox 291 3378 396 3417; x_wconf 86' lang='grc' dir='ltr'><strong>σαν</strong></span> <span class='ocrx_word' id='word_1_435' title='bbox 442 3363 523 3425; x_wconf 84' lang='grc' dir='ltr'><strong>είς</strong></span> <span class='ocrx_word' id='word_1_436' title='bbox 558 3359 840 3431; x_wconf 84' lang='grc' dir='ltr'>βασιλείαν</span> <span class='ocrx_word' id='word_1_437' title='bbox 903 3358 1155 3430; x_wconf 82' lang='grc' dir='ltr'>οὐρανῶν</span> <span class='ocrx_word' id='word_1_438' title='bbox 1181 3373 1196 3389; x_wconf 85' lang='grc'><strong>·</strong></span> <span class='ocrx_word' id='word_1_439' title='bbox 1241 3358 1369 3420; x_wconf 81' lang='grc' dir='ltr'>τοὺς</span> <span class='ocrx_word' id='word_1_440' title='bbox 1410 3356 1471 3410; x_wconf 80' lang='grc' dir='ltr'>δὲ</span> <span class='ocrx_word' id='word_1_441' title='bbox 1499 3353 1897 3426; x_wconf 61' lang='grc' dir='ltr'>ἁμαρτωλοὺς</span> 
     </span>
    </p>
   </div>
   <div class='ocr_carea' id='block_1_63' title="bbox 289 3447 1866 3524">
    <p class='ocr_par' dir='ltr' id='par_1_63' title="bbox 289 3447 1866 3524">
     <span class='ocr_line' id='line_1_63' title="bbox 289 3447 1866 3524; baseline -0.005 -16"><span class='ocrx_word' id='word_1_442' title='bbox 289 3453 732 3524; x_wconf 77' lang='grc' dir='ltr'>ἀποπέμπουσαν</span> <span class='ocrx_word' id='word_1_443' title='bbox 785 3453 866 3514; x_wconf 82' lang='grc' dir='ltr'><strong>είς</strong></span> <span class='ocrx_word' id='word_1_444' title='bbox 913 3450 976 3504; x_wconf 81' lang='grc' dir='ltr'><strong>τὸ</strong></span> <span class='ocrx_word' id='word_1_445' title='bbox 1009 3450 1123 3521; x_wconf 86' lang='grc' dir='ltr'><strong>πῦρ</strong></span> <span class='ocrx_word' id='word_1_446' title='bbox 1168 3450 1233 3503; x_wconf 78' lang='grc' dir='ltr'><strong>τὸ</strong></span> <span class='ocrx_word' id='word_1_447' title='bbox 1285 3447 1572 3520; x_wconf 79' lang='grc' dir='ltr'>ἐξώτερον.</span> <span class='ocrx_word' id='word_1_448' title='bbox 1607 3447 1802 3501; x_wconf 85' lang='grc' dir='ltr'>Τοίνυν</span> <span class='ocrx_word' id='word_1_449' title='bbox 1831 3447 1866 3518; x_wconf 82' lang='grc' dir='ltr'>ἡ</span> 
     </span>
    </p>
   </div>
   <div class='ocr_carea' id='block_1_64' title="bbox 287 3539 1866 3613">
    <p class='ocr_par' dir='ltr' id='par_1_64' title="bbox 287 3539 1866 3613">
     <span class='ocr_line' id='line_1_64' title="bbox 287 3539 1866 3613; baseline -0.006 -12"><span class='ocrx_word' id='word_1_450' title='bbox 287 3546 469 3601; x_wconf 86' lang='grc' dir='ltr'>ταῦτα</span> <span class='ocrx_word' id='word_1_451' title='bbox 516 3542 777 3599; x_wconf 74' lang='grc' dir='ltr'>ἐννοοῦσα</span> <span class='ocrx_word' id='word_1_452' title='bbox 807 3540 1148 3613; x_wconf 83' lang='grc' dir='ltr'>εὐαισθήτως</span> <span class='ocrx_word' id='word_1_453' title='bbox 1196 3540 1366 3612; x_wconf 77' lang='grc' dir='ltr'>ψυχὴ,</span> <span class='ocrx_word' id='word_1_454' title='bbox 1428 3541 1646 3612; x_wconf 82' lang='grc' dir='ltr'>τρέμει,</span> <span class='ocrx_word' id='word_1_455' title='bbox 1695 3539 1866 3609; x_wconf 74' lang='grc' dir='ltr'>δεδιᾷ,</span> 
     </span>
    </p>
   </div>
   <div class='ocr_carea' id='block_1_65' title="bbox 290 3634 1867 3705">
    <p class='ocr_par' dir='ltr' id='par_1_65' title="bbox 290 3634 1867 3705">
     <span class='ocr_line' id='line_1_65' title="bbox 290 3634 1867 3705; baseline -0.005 -12"><span class='ocrx_word' id='word_1_456' title='bbox 290 3638 738 3705; x_wconf 81' lang='grc' dir='ltr'>κατανύσσεται,</span> <span class='ocrx_word' id='word_1_457' title='bbox 810 3637 1062 3704; x_wconf 80' lang='grc' dir='ltr'>δακρύει,</span> <span class='ocrx_word' id='word_1_458' title='bbox 1143 3636 1492 3705; x_wconf 86' lang='grc' dir='ltr'>καθαίρεται,</span> <span class='ocrx_word' id='word_1_459' title='bbox 1549 3634 1867 3702; x_wconf 78' lang='grc' dir='ltr'>φωτίζεται,</span> 
     </span>
    </p>
   </div>
   <div class='ocr_carea' id='block_1_66' title="bbox 293 3725 1871 3803">
    <p class='ocr_par' dir='ltr' id='par_1_66' title="bbox 293 3725 1871 3803">
     <span class='ocr_line' id='line_1_66' title="bbox 293 3725 1871 3803; baseline -0.004 -18"><span class='ocrx_word' id='word_1_460' title='bbox 293 3726 628 3803; x_wconf 76' lang='grc' dir='ltr'>ἐξισταμένη</span> <span class='ocrx_word' id='word_1_461' title='bbox 655 3730 765 3784; x_wconf 88' lang='grc' dir='ltr'><strong>τῶν</strong></span> <span class='ocrx_word' id='word_1_462' title='bbox 798 3728 928 3801; x_wconf 80' lang='grc' dir='ltr'>τῇδε</span> <span class='ocrx_word' id='word_1_463' title='bbox 962 3728 1207 3799; x_wconf 78' lang='grc' dir='ltr'>σχέσεων</span> <span class='ocrx_word' id='word_1_464' title='bbox 1230 3744 1246 3762; x_wconf 89' lang='grc'><strong>·</strong></span> <span class='ocrx_word' id='word_1_465' title='bbox 1283 3727 1645 3797; x_wconf 85' lang='grc' dir='ltr'>ἀλλοιουμένη</span> <span class='ocrx_word' id='word_1_466' title='bbox 1681 3743 1742 3779; x_wconf 89' lang='grc' dir='ltr'><strong>τε</strong></span> <span class='ocrx_word' id='word_1_467' title='bbox 1770 3725 1871 3795; x_wconf 81' lang='grc' dir='ltr'>τὴν</span> 
     </span>
    </p>
   </div>
   <div class='ocr_carea' id='block_1_67' title="bbox 293 3818 1871 3893">
    <p class='ocr_par' dir='ltr' id='par_1_67' title="bbox 293 3818 1871 3893">
     <span class='ocr_line' id='line_1_67' title="bbox 293 3818 1871 3893; baseline -0.005 -16"><span class='ocrx_word' id='word_1_468' title='bbox 293 3822 472 3893; x_wconf 82' lang='grc' dir='ltr'>καλὴν</span> <span class='ocrx_word' id='word_1_469' title='bbox 508 3822 819 3887; x_wconf 80' lang='grc' dir='ltr'>ἀλλοίωσιν,</span> <span class='ocrx_word' id='word_1_470' title='bbox 870 3820 970 3875; x_wconf 73' lang='grc' dir='ltr'><strong>καὶ</strong></span> <span class='ocrx_word' id='word_1_471' title='bbox 1020 3819 1160 3890; x_wconf 78' lang='grc' dir='ltr'>πρὸς</span> <span class='ocrx_word' id='word_1_472' title='bbox 1203 3820 1338 3873; x_wconf 73' lang='grc' dir='ltr'>Θεὸν</span> <span class='ocrx_word' id='word_1_473' title='bbox 1397 3818 1782 3890; x_wconf 83' lang='grc' dir='ltr'>ἀνατρέχουσα</span> <span class='ocrx_word' id='word_1_474' title='bbox 1811 3819 1871 3870; x_wconf 78' lang='grc' dir='ltr'><strong>ἐν</strong></span> 
     </span>
    </p>
   </div>
   <div class='ocr_carea' id='block_1_68' title="bbox 292 3911 1872 3988">
    <p class='ocr_par' dir='ltr' id='par_1_68' title="bbox 292 3911 1872 3988">
     <span class='ocr_line' id='line_1_68' title="bbox 292 3911 1872 3988; baseline -0.004 -18"><span class='ocrx_word' id='word_1_475' title='bbox 292 3916 447 3988; x_wconf 74' lang='grc' dir='ltr'>χαρᾷ</span> <span class='ocrx_word' id='word_1_476' title='bbox 477 3918 822 3986; x_wconf 80' lang='grc' dir='ltr'>πνευματικῇ</span> <span class='ocrx_word' id='word_1_477' title='bbox 871 3914 968 3968; x_wconf 77' lang='grc' dir='ltr'>καὶ</span> <span class='ocrx_word' id='word_1_478' title='bbox 1002 3914 1228 3986; x_wconf 70' lang='grc' dir='ltr'>ἀρρήτῳ</span> <span class='ocrx_word' id='word_1_479' title='bbox 1274 3911 1514 3983; x_wconf 77' lang='grc' dir='ltr'>θυμηδία</span> <span class='ocrx_word' id='word_1_480' title='bbox 1547 3926 1563 3941; x_wconf 71' lang='grc' dir='ltr'><strong>θ</strong></span> <span class='ocrx_word' id='word_1_481' title='bbox 1624 3911 1684 3974; x_wconf 82' lang='grc' dir='ltr'>ὃς</span> <span class='ocrx_word' id='word_1_482' title='bbox 1731 3912 1872 3964; x_wconf 79' lang='grc' dir='ltr'>ἀπο-</span> 
     </span>
    </p>
   </div>
   <div class='ocr_carea' id='block_1_69' title="bbox 296 3999 1871 4077">
    <p class='ocr_par' dir='ltr' id='par_1_69' title="bbox 296 3999 1871 4077">
     <span class='ocr_line' id='line_1_69' title="bbox 296 3999 1871 4077; baseline -0.004 -19"><span class='ocrx_word' id='word_1_483' title='bbox 296 4004 632 4077; x_wconf 78' lang='grc' dir='ltr'>στρέφεσθαι</span> <span class='ocrx_word' id='word_1_484' title='bbox 687 4003 786 4075; x_wconf 79' lang='grc' dir='ltr'>μὲν</span> <span class='ocrx_word' id='word_1_485' title='bbox 845 4003 944 4057; x_wconf 75' lang='grc' dir='ltr'>καὶ</span> <span class='ocrx_word' id='word_1_486' title='bbox 984 4000 1137 4074; x_wconf 77' lang='grc' dir='ltr'>ἥλιον</span> <span class='ocrx_word' id='word_1_487' title='bbox 1190 4002 1345 4073; x_wconf 79' lang='grc' dir='ltr'>ὁρᾷν,</span> <span class='ocrx_word' id='word_1_488' title='bbox 1406 4001 1504 4053; x_wconf 75' lang='grc' dir='ltr'><strong>καὶ</strong></span> <span class='ocrx_word' id='word_1_489' title='bbox 1543 3999 1653 4053; x_wconf 88' lang='grc' dir='ltr'><strong>τῶν</strong></span> <span class='ocrx_word' id='word_1_490' title='bbox 1697 3999 1871 4053; x_wconf 78' lang='grc' dir='ltr'>ἄλλων</span> 
     </span>
    </p>
   </div>
   <div class='ocr_carea' id='block_1_70' title="bbox 292 4090 1871 4168">
    <p class='ocr_par' dir='ltr' id='par_1_70' title="bbox 292 4090 1871 4168">
     <span class='ocr_line' id='line_1_70' title="bbox 292 4090 1871 4168; baseline -0.003 -19"><span class='ocrx_word' id='word_1_491' title='bbox 292 4098 474 4168; x_wconf 74' lang='grc' dir='ltr'>ἡδέων</span> <span class='ocrx_word' id='word_1_492' title='bbox 494 4094 592 4151; x_wconf 88' lang='grc' dir='ltr'><strong>τοῦ</strong></span> <span class='ocrx_word' id='word_1_493' title='bbox 621 4095 890 4166; x_wconf 83' lang='grc' dir='ltr'>παρόντος</span> <span class='ocrx_word' id='word_1_494' title='bbox 918 4094 1057 4164; x_wconf 89' lang='grc' dir='ltr'>βίου,</span> <span class='ocrx_word' id='word_1_495' title='bbox 1090 4093 1184 4148; x_wconf 79' lang='grc' dir='ltr'>διὰ</span> <span class='ocrx_word' id='word_1_496' title='bbox 1217 4095 1318 4165; x_wconf 74' lang='grc' dir='ltr'><strong>τὴν</strong></span> <span class='ocrx_word' id='word_1_497' title='bbox 1364 4092 1747 4164; x_wconf 85' lang='grc' dir='ltr'>ὑπερνικῶσαν</span> <span class='ocrx_word' id='word_1_498' title='bbox 1775 4090 1871 4145; x_wconf 90' lang='grc' dir='ltr'><strong>τοῦ</strong></span> 
     </span>
    </p>
   </div>
   <div class='ocr_carea' id='block_1_71' title="bbox 292 4185 1872 4259">
    <p class='ocr_par' dir='ltr' id='par_1_71' title="bbox 292 4185 1872 4259">
     <span class='ocr_line' id='line_1_71' title="bbox 292 4185 1872 4259; baseline -0.003 -17"><span class='ocrx_word' id='word_1_499' title='bbox 292 4187 469 4243; x_wconf 85' lang='grc' dir='ltr'>καλοῦ</span> <span class='ocrx_word' id='word_1_500' title='bbox 505 4187 758 4259; x_wconf 87' lang='grc' dir='ltr'>θεωρίαν.</span> <span class='ocrx_word' id='word_1_501' title='bbox 818 4186 1007 4250; x_wconf 71' lang='grc' dir='ltr'>Οὕτως</span> <span class='ocrx_word' id='word_1_502' title='bbox 1034 4186 1152 4240; x_wconf 74' lang='grc' dir='ltr'>ἔστι</span> <span class='ocrx_word' id='word_1_503' title='bbox 1178 4185 1272 4239; x_wconf 84' lang='grc' dir='ltr'><strong>τὸν</strong></span> <span class='ocrx_word' id='word_1_504' title='bbox 1307 4185 1474 4240; x_wconf 84' lang='grc' dir='ltr'>καλὸν</span> <span class='ocrx_word' id='word_1_505' title='bbox 1511 4185 1699 4254; x_wconf 86' lang='grc' dir='ltr'>ἀγῶνα</span> <span class='ocrx_word' id='word_1_506' title='bbox 1727 4186 1872 4254; x_wconf 78' lang='grc' dir='ltr'>ἀγωο</span> 
     </span>
    </p>
   </div>
   <div class='ocr_carea' id='block_1_72' title="bbox 289 4276 1870 4350">
    <p class='ocr_par' dir='ltr' id='par_1_72' title="bbox 289 4276 1870 4350">
     <span class='ocr_line' id='line_1_72' title="bbox 289 4276 1870 4350; baseline -0.003 -13"><span class='ocrx_word' id='word_1_507' title='bbox 289 4280 584 4345; x_wconf 76' lang='grc' dir='ltr'>νίζεσθαι,</span> <span class='ocrx_word' id='word_1_508' title='bbox 638 4281 973 4350; x_wconf 81' lang='grc' dir='ltr'>τιμιωτάτη.</span> <span class='ocrx_word' id='word_1_509' title='bbox 1024 4276 1232 4332; x_wconf 86' lang='grc' dir='ltr'>Τοῦτον</span> <span class='ocrx_word' id='word_1_510' title='bbox 1299 4278 1365 4349; x_wconf 77' lang='grc' dir='ltr'>δὴ</span> <span class='ocrx_word' id='word_1_511' title='bbox 1409 4278 1801 4349; x_wconf 85' lang='grc' dir='ltr'>ἀγωνισαμένη</span> <span class='ocrx_word' id='word_1_512' title='bbox 1836 4279 1870 4348; x_wconf 87' lang='grc' dir='ltr'><strong>ή</strong></span> 
     </span>
    </p>
   </div>
   <div class='ocr_carea' id='block_1_73' title="bbox 1965 3092 3543 3160">
    <p class='ocr_par' dir='ltr' id='par_1_73' title="bbox 1965 3092 3543 3160">
     <span class='ocr_line' id='line_1_73' title="bbox 1965 3092 3543 3160; baseline -0.002 -12"><span class='ocrx_word' id='word_1_513' title='bbox 1965 3094 2185 3160; x_wconf 87' lang='lat' dir='ltr'><strong>coelum,</strong></span> <span class='ocrx_word' id='word_1_514' title='bbox 2239 3109 2302 3149; x_wconf 85' lang='lat' dir='ltr'><strong>ac</strong></span> <span class='ocrx_word' id='word_1_515' title='bbox 2358 3092 2520 3149; x_wconf 89' lang='lat' dir='ltr'><strong>simul</strong></span> <span class='ocrx_word' id='word_1_516' title='bbox 2575 3094 2754 3148; x_wconf 88' lang='lat' dir='ltr'><strong>omnis</strong></span> <span class='ocrx_word' id='word_1_517' title='bbox 2795 3102 3064 3147; x_wconf 76' lang='lat' dir='ltr'><strong>creaturae</strong></span> <span class='ocrx_word' id='word_1_518' title='bbox 3092 3092 3543 3148; x_wconf 80' lang='lat' dir='ltr'><strong>convocationem</strong></span> 
     </span>
    </p>
   </div>
   <div class='ocr_carea' id='block_1_74' title="bbox 1965 3178 3546 3249">
    <p class='ocr_par' dir='ltr' id='par_1_74' title="bbox 1965 3178 3546 3249">
     <span class='ocr_line' id='line_1_74' title="bbox 1965 3178 3546 3249; baseline -0.003 -12"><span class='ocrx_word' id='word_1_519' title='bbox 1965 3197 2148 3237; x_wconf 86' lang='lat' dir='ltr'><strong>coram</strong></span> <span class='ocrx_word' id='word_1_520' title='bbox 2220 3181 2497 3236; x_wconf 86' lang='lat' dir='ltr'><strong>horrendo</strong></span> <span class='ocrx_word' id='word_1_521' title='bbox 2570 3179 2875 3235; x_wconf 86' lang='lat' dir='ltr'><strong>tribunali:</strong></span> <span class='ocrx_word' id='word_1_522' title='bbox 2923 3178 3122 3234; x_wconf 84' lang='lat' dir='ltr'><strong>deinde</strong></span> <span class='ocrx_word' id='word_1_523' title='bbox 3182 3179 3251 3234; x_wconf 90' lang='lat' dir='ltr'><strong>de</strong></span> <span class='ocrx_word' id='word_1_524' title='bbox 3313 3189 3546 3249; x_wconf 85' lang='lat' dir='ltr'><strong>utraque</strong></span> 
     </span>
    </p>
   </div>
   <div class='ocr_carea' id='block_1_75' title="bbox 1964 3270 3547 3343">
    <p class='ocr_par' dir='ltr' id='par_1_75' title="bbox 1964 3270 3547 3343">
     <span class='ocr_line' id='line_1_75' title="bbox 1964 3270 3547 3343; baseline 0 -16"><span class='ocrx_word' id='word_1_525' title='bbox 1964 3282 2119 3343; x_wconf 86' lang='lat' dir='ltr'><strong>parte</strong></span> <span class='ocrx_word' id='word_1_526' title='bbox 2146 3289 2267 3343; x_wconf 69' lang='lat' dir='ltr'><strong>quze</strong></span> <span class='ocrx_word' id='word_1_527' title='bbox 2315 3287 2559 3343; x_wconf 71' lang='lat' dir='ltr'><strong>praesens</strong></span> <span class='ocrx_word' id='word_1_528' title='bbox 2585 3270 2762 3326; x_wconf 84' lang='lat' dir='ltr'><strong>aderit</strong></span> <span class='ocrx_word' id='word_1_529' title='bbox 2810 3272 3163 3337; x_wconf 85' lang='lat' dir='ltr'><strong>sententiam,</strong></span> <span class='ocrx_word' id='word_1_530' title='bbox 3216 3287 3339 3341; x_wconf 77' lang='lat' dir='ltr'><strong>qua:</strong></span> <span class='ocrx_word' id='word_1_531' title='bbox 3366 3271 3547 3342; x_wconf 83' lang='lat' dir='ltr'><strong>justus</strong></span> 
     </span>
    </p>
   </div>
   <div class='ocr_carea' id='block_1_76' title="bbox 1966 3354 3547 3435">
    <p class='ocr_par' dir='ltr' id='par_1_76' title="bbox 1966 3354 3547 3435">
     <span class='ocr_line' id='line_1_76' title="bbox 1966 3354 3547 3435; baseline 0 -17"><span class='ocrx_word' id='word_1_532' title='bbox 1966 3354 2183 3435; x_wconf 68' lang='lat' dir='ltr'><strong>quidem</strong></span> <span class='ocrx_word' id='word_1_533' title='bbox 2232 3381 2286 3419; x_wconf 91' lang='grc' dir='ltr'><strong>ιιι</strong></span> <span class='ocrx_word' id='word_1_534' title='bbox 2340 3380 2571 3433; x_wconf 78' lang='lat' dir='ltr'><strong>regnum</strong></span> <span class='ocrx_word' id='word_1_535' title='bbox 2627 3364 2895 3420; x_wconf 65' lang='lat' dir='ltr'><strong>caelorum</strong></span> <span class='ocrx_word' id='word_1_536' title='bbox 2964 3362 3177 3427; x_wconf 79' lang='lat' dir='ltr'><strong>invitet,</strong></span> <span class='ocrx_word' id='word_1_537' title='bbox 3231 3371 3547 3433; x_wconf 89' lang='lat' dir='ltr'><strong>peccatores</strong></span> 
     </span>
    </p>
   </div>
   <div class='ocr_carea' id='block_1_77' title="bbox 1966 3450 3547 3526">
    <p class='ocr_par' dir='ltr' id='par_1_77' title="bbox 1966 3450 3547 3526">
     <span class='ocr_line' id='line_1_77' title="bbox 1966 3450 3547 3526; baseline -0.001 -17"><span class='ocrx_word' id='word_1_538' title='bbox 1966 3464 2146 3509; x_wconf 89' lang='lat' dir='ltr'><strong>autem</strong></span> <span class='ocrx_word' id='word_1_539' title='bbox 2188 3454 2242 3509; x_wconf 89' lang='lat' dir='ltr'><strong>in</strong></span> <span class='ocrx_word' id='word_1_540' title='bbox 2267 3455 2591 3510; x_wconf 80' lang='lat' dir='ltr'><strong>exteriorem</strong></span> <span class='ocrx_word' id='word_1_541' title='bbox 2626 3455 2806 3526; x_wconf 87' lang='lat' dir='ltr'><strong>ignem</strong></span> <span class='ocrx_word' id='word_1_542' title='bbox 2834 3453 3066 3523; x_wconf 84' lang='lat' dir='ltr'><strong>ableget.</strong></span> <span class='ocrx_word' id='word_1_543' title='bbox 3104 3450 3232 3509; x_wconf 80' lang='lat' dir='ltr'><strong>Haec</strong></span> <span class='ocrx_word' id='word_1_544' title='bbox 3260 3452 3427 3525; x_wconf 78' lang='lat' dir='ltr'><strong>igitur</strong></span> <span class='ocrx_word' id='word_1_545' title='bbox 3452 3469 3547 3508; x_wconf 80' lang='lat' dir='ltr'><strong>se-</strong></span> 
     </span>
    </p>
   </div>
   <div class='ocr_carea' id='block_1_78' title="bbox 1966 3545 3549 3618">
    <p class='ocr_par' dir='ltr' id='par_1_78' title="bbox 1966 3545 3549 3618">
     <span class='ocr_line' id='line_1_78' title="bbox 1966 3545 3549 3618; baseline -0.001 -16"><span class='ocrx_word' id='word_1_546' title='bbox 1966 3561 2091 3602; x_wconf 87' lang='lat' dir='ltr'><strong>cum</strong></span> <span class='ocrx_word' id='word_1_547' title='bbox 2142 3549 2362 3603; x_wconf 88' lang='lat' dir='ltr'><strong>animus</strong></span> <span class='ocrx_word' id='word_1_548' title='bbox 2409 3548 2601 3604; x_wconf 89' lang='lat' dir='ltr'><strong>sedulo</strong></span> <span class='ocrx_word' id='word_1_549' title='bbox 2641 3558 2924 3617; x_wconf 81' lang='lat' dir='ltr'><strong>reputans,</strong></span> <span class='ocrx_word' id='word_1_550' title='bbox 2965 3554 3146 3618; x_wconf 86' lang='lat' dir='ltr'><strong>pavet.</strong></span> <span class='ocrx_word' id='word_1_551' title='bbox 3184 3547 3360 3613; x_wconf 88' lang='lat' dir='ltr'><strong>timet,</strong></span> <span class='ocrx_word' id='word_1_552' title='bbox 3398 3545 3549 3601; x_wconf 85' lang='lat' dir='ltr'><strong>dedit</strong></span> 
     </span>
    </p>
   </div>
   <div class='ocr_carea' id='block_1_79' title="bbox 1968 3639 3550 3709">
    <p class='ocr_par' dir='ltr' id='par_1_79' title="bbox 1968 3639 3550 3709">
     <span class='ocr_line' id='line_1_79' title="bbox 1968 3639 3550 3709; baseline -0.001 -15"><span class='ocrx_word' id='word_1_553' title='bbox 1968 3654 2028 3695; x_wconf 88' lang='lat' dir='ltr'><strong>se</strong></span> <span class='ocrx_word' id='word_1_554' title='bbox 2052 3639 2309 3708; x_wconf 79' lang='lat' dir='ltr'><strong>lacrymis</strong></span> <span class='ocrx_word' id='word_1_555' title='bbox 2333 3655 2455 3694; x_wconf 91' lang='lat' dir='ltr'><strong>cum</strong></span> <span class='ocrx_word' id='word_1_556' title='bbox 2482 3640 2676 3694; x_wconf 89' lang='lat' dir='ltr'><strong>intimo</strong></span> <span class='ocrx_word' id='word_1_557' title='bbox 2696 3641 2902 3696; x_wconf 86' lang='lat' dir='ltr'><strong>doloris</strong></span> <span class='ocrx_word' id='word_1_558' title='bbox 2920 3654 2984 3694; x_wconf 83' lang='lat' dir='ltr'><strong>ex</strong></span> <span class='ocrx_word' id='word_1_559' title='bbox 3018 3655 3165 3695; x_wconf 80' lang='lat' dir='ltr'><strong>noxa</strong></span> <span class='ocrx_word' id='word_1_560' title='bbox 3202 3654 3392 3704; x_wconf 90' lang='lat' dir='ltr'><strong>sensu,</strong></span> <span class='ocrx_word' id='word_1_561' title='bbox 3417 3654 3550 3709; x_wconf 88' lang='lat' dir='ltr'><strong>pur-</strong></span> 
     </span>
    </p>
   </div>
   <div class='ocr_carea' id='block_1_80' title="bbox 1968 3732 3553 3802">
    <p class='ocr_par' dir='ltr' id='par_1_80' title="bbox 1968 3732 3553 3802">
     <span class='ocr_line' id='line_1_80' title="bbox 1968 3732 3553 3802; baseline 0.002 -17"><span class='ocrx_word' id='word_1_562' title='bbox 1968 3740 2147 3802; x_wconf 83' lang='lat' dir='ltr'><strong>gatur,</strong></span> <span class='ocrx_word' id='word_1_563' title='bbox 2187 3732 2550 3797; x_wconf 88' lang='lat' dir='ltr'><strong>illuminatur,</strong></span> <span class='ocrx_word' id='word_1_564' title='bbox 2582 3732 2749 3802; x_wconf 83' lang='lat' dir='ltr'><strong>hujus</strong></span> <span class='ocrx_word' id='word_1_565' title='bbox 2803 3733 2930 3787; x_wconf 82' lang='lat' dir='ltr'><strong>vitae</strong></span> <span class='ocrx_word' id='word_1_566' title='bbox 2959 3732 3247 3788; x_wconf 70' lang='lat' dir='ltr'><strong>affectibus</strong></span> <span class='ocrx_word' id='word_1_567' title='bbox 3303 3734 3553 3800; x_wconf 77' lang='lat' dir='ltr'><strong>exuitur,</strong></span> 
     </span>
    </p>
   </div>
   <div class='ocr_carea' id='block_1_81' title="bbox 1969 3821 3547 3892">
    <p class='ocr_par' dir='ltr' id='par_1_81' title="bbox 1969 3821 3547 3892">
     <span class='ocr_line' id='line_1_81' title="bbox 1969 3821 3547 3892; baseline -0.002 -16"><span class='ocrx_word' id='word_1_568' title='bbox 1969 3823 2024 3876; x_wconf 89' lang='lat' dir='ltr'><strong>in</strong></span> <span class='ocrx_word' id='word_1_569' title='bbox 2049 3821 2330 3892; x_wconf 84' lang='lat' dir='ltr'><strong>egregium</strong></span> <span class='ocrx_word' id='word_1_570' title='bbox 2357 3830 2559 3877; x_wconf 87' lang='lat' dir='ltr'><strong>statum</strong></span> <span class='ocrx_word' id='word_1_571' title='bbox 2607 3822 2953 3888; x_wconf 88' lang='lat' dir='ltr'><strong>immutatus,</strong></span> <span class='ocrx_word' id='word_1_572' title='bbox 2993 3830 3048 3878; x_wconf 89' lang='lat' dir='ltr'><strong>et</strong></span> <span class='ocrx_word' id='word_1_573' title='bbox 3097 3822 3168 3876; x_wconf 90' lang='lat' dir='ltr'><strong>ad</strong></span> <span class='ocrx_word' id='word_1_574' title='bbox 3216 3821 3386 3878; x_wconf 90' lang='lat' dir='ltr'><strong>Deum</strong></span> <span class='ocrx_word' id='word_1_575' title='bbox 3415 3839 3547 3878; x_wconf 62' lang='lat' dir='ltr'><strong>evo.</strong></span> 
     </span>
    </p>
   </div>
   <div class='ocr_carea' id='block_1_82' title="bbox 1969 3913 3544 3983">
    <p class='ocr_par' dir='ltr' id='par_1_82' title="bbox 1969 3913 3544 3983">
     <span class='ocr_line' id='line_1_82' title="bbox 1969 3913 3544 3983; baseline 0 -15"><span class='ocrx_word' id='word_1_576' title='bbox 1969 3914 2089 3970; x_wconf 79' lang='lat' dir='ltr'><strong>laus</strong></span> <span class='ocrx_word' id='word_1_577' title='bbox 2116 3913 2172 3968; x_wconf 89' lang='lat' dir='ltr'><strong>in</strong></span> <span class='ocrx_word' id='word_1_578' title='bbox 2203 3913 2390 3968; x_wconf 82' lang='lat' dir='ltr'><strong>laetitia</strong></span> <span class='ocrx_word' id='word_1_579' title='bbox 2420 3913 2679 3983; x_wconf 67' lang='lat' dir='ltr'><strong>spiritali“,</strong></span> <span class='ocrx_word' id='word_1_580' title='bbox 2708 3922 2765 3968; x_wconf 85' lang='lat' dir='ltr'><strong>et</strong></span> <span class='ocrx_word' id='word_1_581' title='bbox 2814 3914 3173 3969; x_wconf 88' lang='lat' dir='ltr'><strong>inenarrabili</strong></span> <span class='ocrx_word' id='word_1_582' title='bbox 3223 3915 3544 3972; x_wconf 79' lang='lat' dir='ltr'><strong>alacritate:</strong></span> 
     </span>
    </p>
   </div>
   <div class='ocr_carea' id='block_1_83' title="bbox 1970 4005 3548 4075">
    <p class='ocr_par' dir='ltr' id='par_1_83' title="bbox 1970 4005 3548 4075">
     <span class='ocr_line' id='line_1_83' title="bbox 1970 4005 3548 4075; baseline 0.001 -15"><span class='ocrx_word' id='word_1_583' title='bbox 1970 4006 2043 4060; x_wconf 90' lang='lat' dir='ltr'><strong>ita</strong></span> <span class='ocrx_word' id='word_1_584' title='bbox 2078 4015 2139 4061; x_wconf 91' lang='lat' dir='ltr'><strong>ut</strong></span> <span class='ocrx_word' id='word_1_585' title='bbox 2167 4005 2252 4060; x_wconf 88' lang='lat' dir='ltr'><strong>vel</strong></span> <span class='ocrx_word' id='word_1_586' title='bbox 2291 4005 2491 4059; x_wconf 90' lang='lat' dir='ltr'><strong>intueri</strong></span> <span class='ocrx_word' id='word_1_587' title='bbox 2525 4006 2719 4067; x_wconf 85' lang='lat' dir='ltr'><strong>solem,</strong></span> <span class='ocrx_word' id='word_1_588' title='bbox 2747 4005 2832 4060; x_wconf 88' lang='lat' dir='ltr'><strong>vel</strong></span> <span class='ocrx_word' id='word_1_589' title='bbox 2864 4005 3150 4075; x_wconf 74' lang='lat' dir='ltr'><strong>praesentis</strong></span> <span class='ocrx_word' id='word_1_590' title='bbox 3177 4006 3302 4061; x_wconf 66' lang='lat' dir='ltr'><strong>vita:</strong></span> <span class='ocrx_word' id='word_1_591' title='bbox 3330 4005 3548 4061; x_wconf 88' lang='lat' dir='ltr'><strong>deliciis</strong></span> 
     </span>
    </p>
   </div>
   <div class='ocr_carea' id='block_1_84' title="bbox 1970 4096 3549 4167">
    <p class='ocr_par' dir='ltr' id='par_1_84' title="bbox 1970 4096 3549 4167">
     <span class='ocr_line' id='line_1_84' title="bbox 1970 4096 3549 4167; baseline 0.001 -16"><span class='ocrx_word' id='word_1_592' title='bbox 1970 4096 2077 4152; x_wconf 83' lang='lat' dir='ltr'><strong>frui</strong></span> <span class='ocrx_word' id='word_1_593' title='bbox 2113 4098 2327 4162; x_wconf 63' lang='lat' dir='ltr'><strong>tardeat,</strong></span> <span class='ocrx_word' id='word_1_594' title='bbox 2388 4098 2458 4151; x_wconf 94' lang='lat' dir='ltr'><strong>ob</strong></span> <span class='ocrx_word' id='word_1_595' title='bbox 2488 4096 2918 4167; x_wconf 65' lang='lat' dir='ltr'><strong>praestantiorem</strong></span> <span class='ocrx_word' id='word_1_596' title='bbox 2968 4097 3183 4152; x_wconf 89' lang='lat' dir='ltr'><strong>honesti</strong></span> <span class='ocrx_word' id='word_1_597' title='bbox 3214 4098 3549 4167; x_wconf 79' lang='lat' dir='ltr'><strong>contempla-</strong></span> 
     </span>
    </p>
   </div>
   <div class='ocr_carea' id='block_1_85' title="bbox 1970 4188 3565 4256">
    <p class='ocr_par' dir='ltr' id='par_1_85' title="bbox 1970 4188 3565 4256">
     <span class='ocr_line' id='line_1_85' title="bbox 1970 4188 3565 4256; baseline 0.001 -12"><span class='ocrx_word' id='word_1_598' title='bbox 1970 4191 2196 4245; x_wconf 88' lang='lat' dir='ltr'><strong>tionem.</strong></span> <span class='ocrx_word' id='word_1_599' title='bbox 2239 4189 2337 4244; x_wconf 86' lang='lat' dir='ltr'><strong>Est</strong></span> <span class='ocrx_word' id='word_1_600' title='bbox 2385 4188 2439 4244; x_wconf 87' lang='lat' dir='ltr'><strong>id</strong></span> <span class='ocrx_word' id='word_1_601' title='bbox 2472 4190 2678 4245; x_wconf 92' lang='lat' dir='ltr'><strong>bonum</strong></span> <span class='ocrx_word' id='word_1_602' title='bbox 2711 4197 2989 4245; x_wconf 88' lang='lat' dir='ltr'><strong>certamen</strong></span> <span class='ocrx_word' id='word_1_603' title='bbox 3055 4198 3289 4256; x_wconf 86' lang='lat' dir='ltr'><strong>certare,</strong></span> <span class='ocrx_word' id='word_1_604' title='bbox 3324 4205 3356 4247; x_wconf 90' lang='grc' dir='ltr'>ο</span> <span class='ocrx_word' id='word_1_605' title='bbox 3390 4206 3565 4247; x_wconf 67' lang='lat' dir='ltr'><strong>reve-.</strong></span> 
     </span>
    </p>
   </div>
   <div class='ocr_carea' id='block_1_86' title="bbox 1971 4270 3549 4352">
    <p class='ocr_par' dir='ltr' id='par_1_86' title="bbox 1971 4270 3549 4352">
     <span class='ocr_line' id='line_1_86' title="bbox 1971 4270 3549 4352; baseline -0.001 -14"><span class='ocrx_word' id='word_1_606' title='bbox 1971 4283 2324 4339; x_wconf 86' lang='lat' dir='ltr'><strong>rendissima.</strong></span> <span class='ocrx_word' id='word_1_607' title='bbox 2353 4280 2469 4337; x_wconf 85' lang='lat' dir='ltr'><strong>llac</strong></span> <span class='ocrx_word' id='word_1_608' title='bbox 2498 4281 2664 4352; x_wconf 81' lang='lat' dir='ltr'><strong>igitur</strong></span> <span class='ocrx_word' id='word_1_609' title='bbox 2702 4296 2827 4337; x_wconf 89' lang='lat' dir='ltr'><strong>cum</strong></span> <span class='ocrx_word' id='word_1_610' title='bbox 2855 4270 3071 4352; x_wconf 82' lang='lat' dir='ltr'><strong>egregia</strong></span> <span class='ocrx_word' id='word_1_611' title='bbox 3105 4291 3197 4336; x_wconf 82' lang='lat' dir='ltr'><strong>tua</strong></span> <span class='ocrx_word' id='word_1_612' title='bbox 3231 4291 3406 4338; x_wconf 87' lang='lat' dir='ltr'><strong>mater</strong></span> <span class='ocrx_word' id='word_1_613' title='bbox 3435 4298 3549 4337; x_wconf 87' lang='lat' dir='ltr'><strong>cer-</strong></span> 
     </span>
    </p>
   </div>
   <div class='ocr_carea' id='block_1_87' title="bbox 289 4369 1861 4444">
    <p class='ocr_par' dir='ltr' id='par_1_87' title="bbox 289 4369 1861 4444">
     <span class='ocr_line' id='line_1_87' title="bbox 289 4369 1861 4444; baseline -0.003 -17"><span class='ocrx_word' id='word_1_614' title='bbox 289 4373 439 4444; x_wconf 82' lang='grc' dir='ltr'>καλή</span> <span class='ocrx_word' id='word_1_615' title='bbox 461 4389 556 4427; x_wconf 87' lang='grc' dir='ltr'><strong>σου</strong></span> <span class='ocrx_word' id='word_1_616' title='bbox 589 4373 798 4443; x_wconf 86' lang='grc' dir='ltr'>μήτηρ,</span> <span class='ocrx_word' id='word_1_617' title='bbox 826 4370 1096 4444; x_wconf 76' lang='grc' dir='ltr'>ἐκολλήθη</span> <span class='ocrx_word' id='word_1_618' title='bbox 1123 4369 1264 4441; x_wconf 80' lang='grc' dir='ltr'>Θεῷ,</span> <span class='ocrx_word' id='word_1_619' title='bbox 1293 4372 1391 4425; x_wconf 79' lang='grc' dir='ltr'><strong>καὶ</strong></span> <span class='ocrx_word' id='word_1_620' title='bbox 1422 4371 1631 4442; x_wconf 77' lang='grc' dir='ltr'>μετέϐη</span> <span class='ocrx_word' id='word_1_621' title='bbox 1651 4372 1861 4425; x_wconf 73' lang='grc' dir='ltr'>ἐπαινε-</span> 
     </span>
    </p>
   </div>
   <div class='ocr_carea' id='block_1_88' title="bbox 1963 4369 3549 4444">
    <p class='ocr_par' dir='ltr' id='par_1_88' title="bbox 1972 4373 3549 4444">
     <span class='ocr_line' id='line_1_88' title="bbox 1972 4373 3549 4444; baseline 0.001 -14"><span class='ocrx_word' id='word_1_622' title='bbox 1972 4374 2187 4439; x_wconf 88' lang='lat' dir='ltr'><strong>taverit,</strong></span> <span class='ocrx_word' id='word_1_623' title='bbox 2217 4373 2328 4430; x_wconf 89' lang='lat' dir='ltr'><strong>Deo</strong></span> <span class='ocrx_word' id='word_1_624' title='bbox 2356 4373 2610 4444; x_wconf 89' lang='lat' dir='ltr'><strong>copulata</strong></span> <span class='ocrx_word' id='word_1_625' title='bbox 2638 4381 2746 4440; x_wconf 87' lang='lat' dir='ltr'><strong>est,</strong></span> <span class='ocrx_word' id='word_1_626' title='bbox 2768 4381 2823 4430; x_wconf 90' lang='lat' dir='ltr'><strong>et</strong></span> <span class='ocrx_word' id='word_1_627' title='bbox 2850 4389 2916 4428; x_wconf 83' lang='lat' dir='ltr'><strong>ex</strong></span> <span class='ocrx_word' id='word_1_628' title='bbox 2952 4373 3055 4430; x_wconf 86' lang='lat' dir='ltr'><strong>hac</strong></span> <span class='ocrx_word' id='word_1_629' title='bbox 3105 4374 3215 4429; x_wconf 89' lang='lat' dir='ltr'><strong>vita</strong></span> <span class='ocrx_word' id='word_1_630' title='bbox 3240 4389 3363 4430; x_wconf 88' lang='lat' dir='ltr'><strong>cum</strong></span> <span class='ocrx_word' id='word_1_631' title='bbox 3387 4374 3549 4432; x_wconf 84' lang='lat' dir='ltr'><strong>laude</strong></span> 
     </span>
    </p>
   </div>
   <div class='ocr_carea' id='block_1_89' title="bbox 286 4463 811 4526">
    <p class='ocr_par' dir='ltr' id='par_1_89' title="bbox 286 4463 811 4526">
     <span class='ocr_line' id='line_1_89' title="bbox 286 4463 811 4526; baseline 0.004 -9"><span class='ocrx_word' id='word_1_632' title='bbox 286 4464 408 4526; x_wconf 85' lang='grc' dir='ltr'><strong>τῶς</strong></span> <span class='ocrx_word' id='word_1_633' title='bbox 435 4463 548 4517; x_wconf 87' lang='grc' dir='ltr'><strong>τῶν</strong></span> <span class='ocrx_word' id='word_1_634' title='bbox 576 4463 811 4519; x_wconf 80' lang='grc' dir='ltr'>ἐνθένδε.</span> 
     </span>
    </p>
   </div>
   <div class='ocr_carea' id='block_1_90' title="bbox 383 4550 1873 4626">
    <p class='ocr_par' dir='ltr' id='par_1_90' title="bbox 383 4550 1873 4626">
     <span class='ocr_line' id='line_1_90' title="bbox 383 4550 1873 4626; baseline -0.001 -19"><span class='ocrx_word' id='word_1_635' title='bbox 383 4553 760 4624; x_wconf 84' lang='grc' dir='ltr'>Ἐπειχθῶμεν</span> <span class='ocrx_word' id='word_1_636' title='bbox 817 4550 912 4608; x_wconf 78' lang='grc' dir='ltr'><strong>οὖν</strong></span> <span class='ocrx_word' id='word_1_637' title='bbox 968 4553 1064 4608; x_wconf 73' lang='grc' dir='ltr'>καὶ</span> <span class='ocrx_word' id='word_1_638' title='bbox 1113 4555 1301 4624; x_wconf 73' lang='grc' dir='ltr'>ἡμεῖς,</span> <span class='ocrx_word' id='word_1_639' title='bbox 1365 4553 1695 4626; x_wconf 82' lang='grc' dir='ltr'>παρακαλῶ,</span> <span class='ocrx_word' id='word_1_640' title='bbox 1756 4554 1873 4615; x_wconf 83' lang='grc' dir='ltr'>τοῖς</span> 
     </span>
    </p>
   </div>
   <div class='ocr_carea' id='block_1_91' title="bbox 288 4643 1872 4717">
    <p class='ocr_par' dir='ltr' id='par_1_91' title="bbox 288 4643 1872 4717">
     <span class='ocr_line' id='line_1_91' title="bbox 288 4643 1872 4717; baseline 0.001 -20"><span class='ocrx_word' id='word_1_641' title='bbox 288 4643 519 4716; x_wconf 80' lang='grc' dir='ltr'>ἐκείνης</span> <span class='ocrx_word' id='word_1_642' title='bbox 552 4645 756 4714; x_wconf 80' lang='grc' dir='ltr'>ἴχνεσιν</span> <span class='ocrx_word' id='word_1_643' title='bbox 786 4644 1050 4699; x_wconf 75' lang='grc' dir='ltr'>ἕπεσθαιο</span> <span class='ocrx_word' id='word_1_644' title='bbox 1091 4647 1189 4699; x_wconf 81' lang='grc' dir='ltr'>καὶ</span> <span class='ocrx_word' id='word_1_645' title='bbox 1230 4645 1357 4716; x_wconf 73' lang='grc' dir='ltr'>μήτ’</span> <span class='ocrx_word' id='word_1_646' title='bbox 1389 4644 1703 4717; x_wconf 75' lang='grc' dir='ltr'>ίλιγγιάσης</span> <span class='ocrx_word' id='word_1_647' title='bbox 1732 4644 1872 4712; x_wconf 83' lang='grc' dir='ltr'>πρὸς</span> 
     </span>
    </p>
   </div>
   <div class='ocr_carea' id='block_1_92' title="bbox 287 4732 1869 4809">
    <p class='ocr_par' dir='ltr' id='par_1_92' title="bbox 287 4732 1869 4809">
     <span class='ocr_line' id='line_1_92' title="bbox 287 4732 1869 4809; baseline 0.002 -21"><span class='ocrx_word' id='word_1_648' title='bbox 287 4736 358 4788; x_wconf 82' lang='grc' dir='ltr'>τὸ</span> <span class='ocrx_word' id='word_1_649' title='bbox 380 4732 518 4804; x_wconf 76' lang='grc' dir='ltr'>ὕψος</span> <span class='ocrx_word' id='word_1_650' title='bbox 544 4734 650 4805; x_wconf 77' lang='grc' dir='ltr'>τῆς</span> <span class='ocrx_word' id='word_1_651' title='bbox 675 4736 880 4807; x_wconf 85' lang='grc' dir='ltr'>ἀρετῆς</span> <span class='ocrx_word' id='word_1_652' title='bbox 906 4736 1287 4807; x_wconf 84' lang='grc' dir='ltr'>ἐκκαλουμένη</span> <span class='ocrx_word' id='word_1_653' title='bbox 1311 4752 1326 4766; x_wconf 73' lang='grc'><strong>⁸</strong></span> <span class='ocrx_word' id='word_1_654' title='bbox 1379 4737 1441 4790; x_wconf 81' lang='grc' dir='ltr'><strong>τὸ</strong></span> <span class='ocrx_word' id='word_1_655' title='bbox 1467 4737 1568 4808; x_wconf 90' lang='grc' dir='ltr'><strong>μέν</strong></span> <span class='ocrx_word' id='word_1_656' title='bbox 1597 4738 1679 4791; x_wconf 80' lang='grc' dir='ltr'><strong>ὅτι</strong></span> <span class='ocrx_word' id='word_1_657' title='bbox 1707 4737 1869 4809; x_wconf 84' lang='grc' dir='ltr'>χάρι-</span> 
     </span>
    </p>
   </div>
   <div class='ocr_carea' id='block_1_93' title="bbox 290 4822 1869 4900">
    <p class='ocr_par' dir='ltr' id='par_1_93' title="bbox 290 4822 1869 4900">
     <span class='ocr_line' id='line_1_93' title="bbox 290 4822 1869 4900; baseline 0.001 -21"><span class='ocrx_word' id='word_1_658' title='bbox 290 4843 353 4879; x_wconf 87' lang='grc' dir='ltr'><strong>τι</strong></span> <span class='ocrx_word' id='word_1_659' title='bbox 394 4822 533 4879; x_wconf 82' lang='grc' dir='ltr'>Θεοῦ</span> <span class='ocrx_word' id='word_1_660' title='bbox 574 4826 671 4879; x_wconf 75' lang='grc' dir='ltr'><strong>καὶ</strong></span> <span class='ocrx_word' id='word_1_661' title='bbox 701 4826 1009 4900; x_wconf 79' lang='grc' dir='ltr'>συνεπαίρῃ</span> <span class='ocrx_word' id='word_1_662' title='bbox 1033 4830 1157 4892; x_wconf 87' lang='grc' dir='ltr'>ταῖς</span> <span class='ocrx_word' id='word_1_663' title='bbox 1183 4827 1382 4891; x_wconf 81' lang='grc' dir='ltr'>καλαῖς</span> <span class='ocrx_word' id='word_1_664' title='bbox 1423 4827 1778 4889; x_wconf 77' lang='grc' dir='ltr'>ἀναᾶάσεσιν,</span> <span class='ocrx_word' id='word_1_665' title='bbox 1809 4826 1869 4894; x_wconf 82' lang='grc' dir='ltr'>ἐξ</span> 
     </span>
    </p>
   </div>
   <div class='ocr_carea' id='block_1_94' title="bbox 290 4909 1867 4988">
    <p class='ocr_par' dir='ltr' id='par_1_94' title="bbox 290 4909 1867 4988">
     <span class='ocr_line' id='line_1_94' title="bbox 290 4909 1867 4988; baseline 0.003 -20"><span class='ocrx_word' id='word_1_666' title='bbox 290 4909 377 4968; x_wconf 80' lang='grc' dir='ltr'>ὧν</span> <span class='ocrx_word' id='word_1_667' title='bbox 415 4912 601 4972; x_wconf 82' lang='grc' dir='ltr'>ἀκούω</span> <span class='ocrx_word' id='word_1_668' title='bbox 644 4910 705 4969; x_wconf 83' lang='grc' dir='ltr'><strong>εὖ</strong></span> <span class='ocrx_word' id='word_1_669' title='bbox 744 4918 1007 4988; x_wconf 85' lang='grc' dir='ltr'>πράττειν</span> <span class='ocrx_word' id='word_1_670' title='bbox 1060 4935 1120 4971; x_wconf 82' lang='grc' dir='ltr'><strong>σε</strong></span> <span class='ocrx_word' id='word_1_671' title='bbox 1146 4936 1161 4951; x_wconf 78' lang='grc' dir='ltr'><strong><em>ο</em></strong></span> <span class='ocrx_word' id='word_1_672' title='bbox 1209 4917 1270 4973; x_wconf 78' lang='grc' dir='ltr'>τὸ</span> <span class='ocrx_word' id='word_1_673' title='bbox 1309 4918 1369 4972; x_wconf 79' lang='grc' dir='ltr'><strong>δέ</strong></span> <span class='ocrx_word' id='word_1_674' title='bbox 1404 4918 1491 4972; x_wconf 84' lang='grc' dir='ltr'>ὅτι</span> <span class='ocrx_word' id='word_1_675' title='bbox 1517 4913 1579 4973; x_wconf 78' lang='grc' dir='ltr'>οὗ</span> <span class='ocrx_word' id='word_1_676' title='bbox 1605 4916 1669 4970; x_wconf 82' lang='grc' dir='ltr'><strong>τὸ</strong></span> <span class='ocrx_word' id='word_1_677' title='bbox 1696 4917 1867 4972; x_wconf 85' lang='grc' dir='ltr'>θέλειν</span> 
     </span>
    </p>
   </div>
   <div class='ocr_carea' id='block_1_95' title="bbox 292 5007 1870 5081">
    <p class='ocr_par' dir='ltr' id='par_1_95' title="bbox 292 5007 1870 5081">
     <span class='ocr_line' id='line_1_95' title="bbox 292 5007 1870 5081; baseline 0.002 -20"><span class='ocrx_word' id='word_1_678' title='bbox 292 5007 588 5078; x_wconf 85' lang='grc' dir='ltr'>πάρεστιν,</span> <span class='ocrx_word' id='word_1_679' title='bbox 646 5008 766 5061; x_wconf 79' lang='grc' dir='ltr'>ἐκεῖ</span> <span class='ocrx_word' id='word_1_680' title='bbox 793 5008 935 5063; x_wconf 79' lang='grc' dir='ltr'>κατὰ</span> <span class='ocrx_word' id='word_1_681' title='bbox 967 5009 1162 5080; x_wconf 79' lang='grc' dir='ltr'>μικρὸν</span> <span class='ocrx_word' id='word_1_682' title='bbox 1206 5010 1303 5066; x_wconf 76' lang='grc' dir='ltr'>καὶ</span> <span class='ocrx_word' id='word_1_683' title='bbox 1330 5010 1364 5081; x_wconf 82' lang='grc' dir='ltr'>ἡ</span> <span class='ocrx_word' id='word_1_684' title='bbox 1394 5010 1674 5073; x_wconf 71' lang='grc' dir='ltr'>τελείωσις</span> <span class='ocrx_word' id='word_1_685' title='bbox 1704 5026 1870 5081; x_wconf 84' lang='grc' dir='ltr'>προσ-</span> 
     </span>
    </p>
   </div>
   <div class='ocr_carea' id='block_1_96' title="bbox 289 5100 1872 5173">
    <p class='ocr_par' dir='ltr' id='par_1_96' title="bbox 289 5100 1872 5173">
     <span class='ocr_line' id='line_1_96' title="bbox 289 5100 1872 5173; baseline 0.001 -20"><span class='ocrx_word' id='word_1_686' title='bbox 289 5101 512 5170; x_wconf 85' lang='grc' dir='ltr'>γίνεται</span> <span class='ocrx_word' id='word_1_687' title='bbox 539 5140 555 5166; x_wconf 92' lang='grc'><strong>,</strong></span> <span class='ocrx_word' id='word_1_688' title='bbox 617 5100 713 5153; x_wconf 80' lang='grc' dir='ltr'><strong>τοῦ</strong></span> <span class='ocrx_word' id='word_1_689' title='bbox 749 5101 886 5155; x_wconf 85' lang='grc' dir='ltr'>Θεοῦ</span> <span class='ocrx_word' id='word_1_690' title='bbox 917 5101 1306 5173; x_wconf 88' lang='grc' dir='ltr'>δυναμοῦντος,</span> <span class='ocrx_word' id='word_1_691' title='bbox 1336 5103 1432 5157; x_wconf 74' lang='grc' dir='ltr'>καὶ</span> <span class='ocrx_word' id='word_1_692' title='bbox 1461 5101 1748 5172; x_wconf 76' lang='grc' dir='ltr'>φιλοῦντος</span> <span class='ocrx_word' id='word_1_693' title='bbox 1772 5100 1872 5173; x_wconf 81' lang='grc' dir='ltr'>τὴν</span> 
     </span>
    </p>
   </div>
   <div class='ocr_carea' id='block_1_97' title="bbox 292 5191 1868 5266">
    <p class='ocr_par' dir='ltr' id='par_1_97' title="bbox 292 5191 1868 5266">
     <span class='ocr_line' id='line_1_97' title="bbox 292 5191 1868 5266; baseline 0.001 -20"><span class='ocrx_word' id='word_1_694' title='bbox 292 5191 577 5262; x_wconf 87' lang='grc' dir='ltr'>σωτηρίαν</span> <span class='ocrx_word' id='word_1_695' title='bbox 620 5192 715 5246; x_wconf 89' lang='grc' dir='ltr'><strong>τοῦ</strong></span> <span class='ocrx_word' id='word_1_696' title='bbox 747 5191 922 5257; x_wconf 77' lang='grc' dir='ltr'>οὕτως</span> <span class='ocrx_word' id='word_1_697' title='bbox 977 5194 1441 5264; x_wconf 88' lang='grc' dir='ltr'>προαιρουμένου.</span> <span class='ocrx_word' id='word_1_698' title='bbox 1481 5195 1638 5266; x_wconf 85' lang='grc' dir='ltr'>Τάχα</span> <span class='ocrx_word' id='word_1_699' title='bbox 1681 5195 1741 5249; x_wconf 88' lang='grc' dir='ltr'><strong>δέ</strong></span> <span class='ocrx_word' id='word_1_700' title='bbox 1771 5193 1868 5265; x_wconf 79' lang='grc' dir='ltr'><strong>τήν</strong></span> 
     </span>
    </p>
   </div>
   <div class='ocr_carea' id='block_1_98' title="bbox 292 5283 1870 5359">
    <p class='ocr_par' dir='ltr' id='par_1_98' title="bbox 292 5283 1870 5359">
     <span class='ocr_line' id='line_1_98' title="bbox 292 5283 1870 5359; baseline 0.003 -23"><span class='ocrx_word' id='word_1_701' title='bbox 292 5285 642 5353; x_wconf 86' lang='grc' dir='ltr'>προστασίαν</span> <span class='ocrx_word' id='word_1_702' title='bbox 669 5283 779 5338; x_wconf 89' lang='grc' dir='ltr'><strong>τῶν</strong></span> <span class='ocrx_word' id='word_1_703' title='bbox 808 5284 1057 5354; x_wconf 80' lang='grc' dir='ltr'>ἀδελφῶν</span> <span class='ocrx_word' id='word_1_704' title='bbox 1079 5285 1339 5356; x_wconf 80' lang='grc' dir='ltr'>ἐμπόδιον</span> <span class='ocrx_word' id='word_1_705' title='bbox 1361 5287 1544 5359; x_wconf 79' lang='grc' dir='ltr'>ἡγήσῃ</span> <span class='ocrx_word' id='word_1_706' title='bbox 1569 5286 1669 5355; x_wconf 86' lang='grc' dir='ltr'>τῆς</span> <span class='ocrx_word' id='word_1_707' title='bbox 1682 5285 1870 5340; x_wconf 80' lang='grc' dir='ltr'>τοιαύ-</span> 
     </span>
    </p>
   </div>
   <div class='ocr_carea' id='block_1_99' title="bbox 287 5374 1871 5449">
    <p class='ocr_par' dir='ltr' id='par_1_99' title="bbox 287 5374 1871 5449">
     <span class='ocr_line' id='line_1_99' title="bbox 287 5374 1871 5449; baseline 0.001 -22"><span class='ocrx_word' id='word_1_708' title='bbox 287 5392 397 5443; x_wconf 84' lang='grc' dir='ltr'><strong>της</strong></span> <span class='ocrx_word' id='word_1_709' title='bbox 432 5374 768 5446; x_wconf 81' lang='grc' dir='ltr'>προθέσεως,</span> <span class='ocrx_word' id='word_1_710' title='bbox 820 5376 1290 5449; x_wconf 79' lang='grc' dir='ltr'>προσϐαρουμένη</span> <span class='ocrx_word' id='word_1_711' title='bbox 1342 5379 1409 5448; x_wconf 78' lang='grc' dir='ltr'>τῇ</span> <span class='ocrx_word' id='word_1_712' title='bbox 1462 5376 1661 5448; x_wconf 70' lang='grc' dir='ltr'>ὀδηγίᾳ</span> <span class='ocrx_word' id='word_1_713' title='bbox 1687 5393 1702 5408; x_wconf 90' lang='grc'><strong>·</strong></span> <span class='ocrx_word' id='word_1_714' title='bbox 1731 5376 1871 5430; x_wconf 87' lang='grc' dir='ltr'><strong>ἀλλά</strong></span> 
     </span>
    </p>
   </div>
   <div class='ocr_carea' id='block_1_100' title="bbox 294 5460 1870 5539">
    <p class='ocr_par' dir='ltr' id='par_1_100' title="bbox 294 5460 1870 5539">
     <span class='ocr_line' id='line_1_100' title="bbox 294 5460 1870 5539; baseline 0.002 -21"><span class='ocrx_word' id='word_1_715' title='bbox 294 5463 590 5537; x_wconf 85' lang='grc' dir='ltr'>μηδαμῶς,</span> <span class='ocrx_word' id='word_1_716' title='bbox 612 5460 658 5520; x_wconf 81' lang='grc' dir='ltr'><strong>ὦ</strong></span> <span class='ocrx_word' id='word_1_717' title='bbox 680 5467 867 5538; x_wconf 85' lang='grc' dir='ltr'>κυρία.</span> <span class='ocrx_word' id='word_1_718' title='bbox 897 5468 1073 5523; x_wconf 76' lang='grc' dir='ltr'>Οὐδὲν.</span> <span class='ocrx_word' id='word_1_719' title='bbox 1091 5467 1201 5539; x_wconf 84' lang='grc' dir='ltr'>γὰρ</span> <span class='ocrx_word' id='word_1_720' title='bbox 1222 5466 1395 5532; x_wconf 74' lang='grc' dir='ltr'>οὕτως</span> <span class='ocrx_word' id='word_1_721' title='bbox 1414 5468 1702 5539; x_wconf 75' lang='grc' dir='ltr'>ἀγαπητὸν</span> <span class='ocrx_word' id='word_1_722' title='bbox 1729 5467 1870 5538; x_wconf 84' lang='grc' dir='ltr'>Θεῷ,</span> 
     </span>
    </p>
   </div>
   <div class='ocr_carea' id='block_1_101' title="bbox 1969 4468 2242 4540">
    <p class='ocr_par' dir='ltr' id='par_1_101' title="bbox 1969 4468 2242 4540">
     <span class='ocr_line' id='line_1_101' title="bbox 1969 4468 2242 4540; baseline 0 -17"><span class='ocrx_word' id='word_1_723' title='bbox 1969 4468 2242 4540; x_wconf 74' lang='lat' dir='ltr'><strong>migravit.</strong></span> 
     </span>
    </p>
   </div>
   <div class='ocr_carea' id='block_1_102' title="bbox 2045 4559 3543 4630">
    <p class='ocr_par' dir='ltr' id='par_1_102' title="bbox 2045 4559 3543 4630">
     <span class='ocr_line' id='line_1_102' title="bbox 2045 4559 3543 4630; baseline -0.001 -15"><span class='ocrx_word' id='word_1_724' title='bbox 2045 4560 2386 4615; x_wconf 60' lang='lat' dir='ltr'><strong>[&quot;estlnemus</strong></span> <span class='ocrx_word' id='word_1_725' title='bbox 2431 4559 2595 4630; x_wconf 81' lang='lat' dir='ltr'><strong>igitur</strong></span> <span class='ocrx_word' id='word_1_726' title='bbox 2620 4567 2676 4615; x_wconf 91' lang='lat' dir='ltr'><strong>et</strong></span> <span class='ocrx_word' id='word_1_727' title='bbox 2706 4575 2830 4623; x_wconf 86' lang='lat' dir='ltr'><strong>nos,</strong></span> <span class='ocrx_word' id='word_1_728' title='bbox 2873 4562 3127 4625; x_wconf 80' lang='lat' dir='ltr'><strong>obsecro,</strong></span> <span class='ocrx_word' id='word_1_729' title='bbox 3172 4560 3421 4629; x_wconf 65' lang='lat' dir='ltr'><strong>eiusdem</strong></span> <span class='ocrx_word' id='word_1_730' title='bbox 3450 4577 3543 4614; x_wconf 84' lang='lat' dir='ltr'><strong>ve—</strong></span> 
     </span>
    </p>
   </div>
   <div class='ocr_carea' id='block_1_103' title="bbox 1970 4650 3545 4723">
    <p class='ocr_par' dir='ltr' id='par_1_103' title="bbox 1970 4650 3545 4723">
     <span class='ocr_line' id='line_1_103' title="bbox 1970 4650 3545 4723; baseline 0 -15"><span class='ocrx_word' id='word_1_731' title='bbox 1970 4652 2149 4723; x_wconf 87' lang='lat' dir='ltr'><strong>stigiis</strong></span> <span class='ocrx_word' id='word_1_732' title='bbox 2183 4653 2459 4707; x_wconf 88' lang='lat' dir='ltr'><strong>insistere.</strong></span> <span class='ocrx_word' id='word_1_733' title='bbox 2492 4650 2572 4707; x_wconf 82' lang='lat' dir='ltr'><strong>Ne</strong></span> <span class='ocrx_word' id='word_1_734' title='bbox 2612 4668 2742 4708; x_wconf 82' lang='lat' dir='ltr'><strong>vero</strong></span> <span class='ocrx_word' id='word_1_735' title='bbox 2792 4654 3172 4723; x_wconf 81' lang='lat' dir='ltr'><strong>obstupescas,</strong></span> <span class='ocrx_word' id='word_1_736' title='bbox 3226 4653 3291 4707; x_wconf 88' lang='lat' dir='ltr'><strong>ad</strong></span> <span class='ocrx_word' id='word_1_737' title='bbox 3328 4652 3545 4709; x_wconf 85' lang='lat' dir='ltr'><strong>virtutis</strong></span> 
     </span>
    </p>
   </div>
   <div class='ocr_carea' id='block_1_104' title="bbox 1970 4744 3557 4818">
    <p class='ocr_par' dir='ltr' id='par_1_104' title="bbox 1970 4744 3557 4818">
     <span class='ocr_line' id='line_1_104' title="bbox 1970 4744 3557 4818; baseline 0.002 -19"><span class='ocrx_word' id='word_1_738' title='bbox 1970 4744 2251 4818; x_wconf 82' lang='lat' dir='ltr'><strong>fastigium</strong></span> <span class='ocrx_word' id='word_1_739' title='bbox 2285 4747 2517 4801; x_wconf 89' lang='lat' dir='ltr'><strong>invitata</strong></span> <span class='ocrx_word' id='word_1_740' title='bbox 2546 4761 2561 4799; x_wconf 89' lang='lat'><strong>:</strong></span> <span class='ocrx_word' id='word_1_741' title='bbox 2588 4754 2704 4800; x_wconf 90' lang='lat' dir='ltr'><strong>tum</strong></span> <span class='ocrx_word' id='word_1_742' title='bbox 2728 4748 2875 4817; x_wconf 82' lang='lat' dir='ltr'><strong>quod</strong></span> <span class='ocrx_word' id='word_1_743' title='bbox 2898 4748 2989 4802; x_wconf 87' lang='lat' dir='ltr'><strong>Dei</strong></span> <span class='ocrx_word' id='word_1_744' title='bbox 3018 4748 3281 4805; x_wconf 82' lang='lat' dir='ltr'><strong>beneﬁcio</strong></span> <span class='ocrx_word' id='word_1_745' title='bbox 3296 4759 3350 4803; x_wconf 91' lang='lat' dir='ltr'><strong>et</strong></span> <span class='ocrx_word' id='word_1_746' title='bbox 3376 4749 3557 4804; x_wconf 70' lang='lat' dir='ltr'><strong>subli—.</strong></span> 
     </span>
    </p>
   </div>
   <div class='ocr_carea' id='block_1_105' title="bbox 1972 4836 3545 4908">
    <p class='ocr_par' dir='ltr' id='par_1_105' title="bbox 1972 4836 3545 4908">
     <span class='ocr_line' id='line_1_105' title="bbox 1972 4836 3545 4908; baseline 0 -15"><span class='ocrx_word' id='word_1_747' title='bbox 1972 4838 2080 4893; x_wconf 85' lang='lat' dir='ltr'><strong>mis</strong></span> <span class='ocrx_word' id='word_1_748' title='bbox 2157 4836 2435 4895; x_wconf 70' lang='lat' dir='ltr'><strong>attolleris‘</strong></span> <span class='ocrx_word' id='word_1_749' title='bbox 2469 4836 2702 4907; x_wconf 83' lang='lat' dir='ltr'><strong>egregiis</strong></span> <span class='ocrx_word' id='word_1_750' title='bbox 2754 4839 3156 4906; x_wconf 82' lang='lat' dir='ltr'><strong>progressibus,</strong></span> <span class='ocrx_word' id='word_1_751' title='bbox 3228 4839 3283 4893; x_wconf 91' lang='lat' dir='ltr'><strong>in</strong></span> <span class='ocrx_word' id='word_1_752' title='bbox 3342 4838 3545 4908; x_wconf 85' lang='lat' dir='ltr'><strong>quibus</strong></span> 
     </span>
    </p>
   </div>
   <div class='ocr_carea' id='block_1_106' title="bbox 1974 4924 3547 4996">
    <p class='ocr_par' dir='ltr' id='par_1_106' title="bbox 1974 4924 3547 4996">
     <span class='ocr_line' id='line_1_106' title="bbox 1974 4924 3547 4996; baseline 0.003 -17"><span class='ocrx_word' id='word_1_753' title='bbox 1974 4934 2199 4979; x_wconf 84' lang='lat' dir='ltr'><strong>strenue</strong></span> <span class='ocrx_word' id='word_1_754' title='bbox 2238 4937 2356 4977; x_wconf 89' lang='lat' dir='ltr'><strong>rem</strong></span> <span class='ocrx_word' id='word_1_755' title='bbox 2399 4938 2445 4976; x_wconf 88' lang='lat' dir='ltr'><strong>a-</strong></span> <span class='ocrx_word' id='word_1_756' title='bbox 2479 4931 2534 4978; x_wconf 91' lang='lat' dir='ltr'><strong>te</strong></span> <span class='ocrx_word' id='word_1_757' title='bbox 2561 4924 2679 4995; x_wconf 78' lang='lat' dir='ltr'><strong>geri</strong></span> <span class='ocrx_word' id='word_1_758' title='bbox 2713 4924 2879 4979; x_wconf 88' lang='lat' dir='ltr'><strong>audio</strong></span> <span class='ocrx_word' id='word_1_759' title='bbox 2912 4943 2927 4981; x_wconf 86' lang='lat'><strong>:</strong></span> <span class='ocrx_word' id='word_1_760' title='bbox 2970 4935 3083 4983; x_wconf 89' lang='lat' dir='ltr'><strong>tum</strong></span> <span class='ocrx_word' id='word_1_761' title='bbox 3120 4929 3267 4996; x_wconf 86' lang='lat' dir='ltr'><strong>quod</strong></span> <span class='ocrx_word' id='word_1_762' title='bbox 3309 4929 3403 4983; x_wconf 88' lang='lat' dir='ltr'><strong>ubi</strong></span> <span class='ocrx_word' id='word_1_763' title='bbox 3452 4944 3547 4983; x_wconf 75' lang='lat' dir='ltr'><strong>vo-</strong></span> 
     </span>
    </p>
   </div>
   <div class='ocr_carea' id='block_1_107' title="bbox 1976 5013 3546 5085">
    <p class='ocr_par' dir='ltr' id='par_1_107' title="bbox 1976 5013 3546 5085">
     <span class='ocr_line' id='line_1_107' title="bbox 1976 5013 3546 5085; baseline 0.004 -18"><span class='ocrx_word' id='word_1_764' title='bbox 1976 5013 2163 5069; x_wconf 88' lang='lat' dir='ltr'><strong>luntas</strong></span> <span class='ocrx_word' id='word_1_765' title='bbox 2195 5014 2371 5080; x_wconf 88' lang='lat' dir='ltr'><strong>adest,</strong></span> <span class='ocrx_word' id='word_1_766' title='bbox 2423 5014 2499 5069; x_wconf 87' lang='lat' dir='ltr'><strong>ibi</strong></span> <span class='ocrx_word' id='word_1_767' title='bbox 2555 5030 2642 5071; x_wconf 90' lang='lat' dir='ltr'><strong>res</strong></span> <span class='ocrx_word' id='word_1_768' title='bbox 2680 5015 2832 5071; x_wconf 83' lang='lat' dir='ltr'><strong>brevi</strong></span> <span class='ocrx_word' id='word_1_769' title='bbox 2864 5032 2895 5072; x_wconf 89' lang='lat' dir='ltr'><strong>e</strong></span> <span class='ocrx_word' id='word_1_770' title='bbox 2920 5019 3191 5073; x_wconf 84' lang='lat' dir='ltr'><strong>sententia</strong></span> <span class='ocrx_word' id='word_1_771' title='bbox 3238 5020 3546 5085; x_wconf 86' lang='lat' dir='ltr'><strong>contieitur,</strong></span> 
     </span>
    </p>
   </div>
   <div class='ocr_carea' id='block_1_108' title="bbox 1980 5104 3551 5181">
    <p class='ocr_par' dir='ltr' id='par_1_108' title="bbox 1980 5104 3551 5181">
     <span class='ocr_line' id='line_1_108' title="bbox 1980 5104 3551 5181; baseline 0.004 -22"><span class='ocrx_word' id='word_1_772' title='bbox 1980 5104 2093 5160; x_wconf 89' lang='lat' dir='ltr'><strong>Deo</strong></span> <span class='ocrx_word' id='word_1_773' title='bbox 2124 5105 2544 5172; x_wconf 86' lang='lat' dir='ltr'><strong>corroborante,</strong></span> <span class='ocrx_word' id='word_1_774' title='bbox 2588 5122 2654 5163; x_wconf 90' lang='lat' dir='ltr'><strong>ac</strong></span> <span class='ocrx_word' id='word_1_775' title='bbox 2709 5108 2939 5164; x_wconf 86' lang='lat' dir='ltr'><strong>salutem</strong></span> <span class='ocrx_word' id='word_1_776' title='bbox 2995 5110 3142 5166; x_wconf 83' lang='lat' dir='ltr'><strong>illius</strong></span> <span class='ocrx_word' id='word_1_777' title='bbox 3162 5112 3271 5181; x_wconf 74' lang='lat' dir='ltr'><strong>qui</strong></span> <span class='ocrx_word' id='word_1_778' title='bbox 3305 5114 3386 5167; x_wconf 87' lang='lat' dir='ltr'><strong>sic</strong></span> <span class='ocrx_word' id='word_1_779' title='bbox 3417 5111 3551 5166; x_wconf 80' lang='lat' dir='ltr'><strong>aﬂ&#39;e-</strong></span> 
     </span>
    </p>
   </div>
   <div class='ocr_carea' id='block_1_109' title="bbox 1973 5197 3549 5274">
    <p class='ocr_par' dir='ltr' id='par_1_109' title="bbox 1973 5197 3549 5274">
     <span class='ocr_line' id='line_1_109' title="bbox 1973 5197 3549 5274; baseline 0.004 -21"><span class='ocrx_word' id='word_1_780' title='bbox 1973 5207 2097 5253; x_wconf 90' lang='lat' dir='ltr'><strong>ctus</strong></span> <span class='ocrx_word' id='word_1_781' title='bbox 2118 5198 2483 5270; x_wconf 87' lang='lat' dir='ltr'><strong>sitdiligente.</strong></span> <span class='ocrx_word' id='word_1_782' title='bbox 2507 5197 2672 5256; x_wconf 88' lang='lat' dir='ltr'><strong>Forte</strong></span> <span class='ocrx_word' id='word_1_783' title='bbox 2691 5210 2871 5256; x_wconf 86' lang='lat' dir='ltr'><strong>autem</strong></span> <span class='ocrx_word' id='word_1_784' title='bbox 2896 5203 3549 5274; x_wconf 65' lang='lat' dir='ltr'><strong>sororum&#39;prael‘ecturam</strong></span> 
     </span>
    </p>
   </div>
   <div class='ocr_carea' id='block_1_110' title="bbox 1975 5289 3551 5365">
    <p class='ocr_par' dir='ltr' id='par_1_110' title="bbox 1975 5289 3551 5365">
     <span class='ocr_line' id='line_1_110' title="bbox 1975 5289 3551 5365; baseline 0.004 -21"><span class='ocrx_word' id='word_1_785' title='bbox 1975 5289 2431 5361; x_wconf 83' lang='lat' dir='ltr'><strong>impedimentum</strong></span> <span class='ocrx_word' id='word_1_786' title='bbox 2468 5307 2590 5347; x_wconf 90' lang='lat' dir='ltr'><strong>esse</strong></span> <span class='ocrx_word' id='word_1_787' title='bbox 2620 5293 2746 5348; x_wconf 87' lang='lat' dir='ltr'><strong>talis</strong></span> <span class='ocrx_word' id='word_1_788' title='bbox 2781 5294 3045 5365; x_wconf 88' lang='lat' dir='ltr'><strong>propositi</strong></span> <span class='ocrx_word' id='word_1_789' title='bbox 3072 5295 3437 5360; x_wconf 88' lang='lat' dir='ltr'><strong>arbitrabere,</strong></span> <span class='ocrx_word' id='word_1_790' title='bbox 3464 5311 3551 5350; x_wconf 84' lang='lat' dir='ltr'><strong>re-</strong></span> 
     </span>
    </p>
   </div>
   <div class='ocr_carea' id='block_1_111' title="bbox 1978 5381 3547 5457">
    <p class='ocr_par' dir='ltr' id='par_1_111' title="bbox 1978 5381 3547 5457">
     <span class='ocr_line' id='line_1_111' title="bbox 1978 5381 3547 5457; baseline 0.005 -22"><span class='ocrx_word' id='word_1_791' title='bbox 1978 5381 2140 5451; x_wconf 87' lang='lat' dir='ltr'><strong>gendi</strong></span> <span class='ocrx_word' id='word_1_792' title='bbox 2177 5397 2310 5438; x_wconf 88' lang='lat' dir='ltr'><strong>cura</strong></span> <span class='ocrx_word' id='word_1_793' title='bbox 2353 5393 2710 5453; x_wconf 66' lang='lat' dir='ltr'><strong>praegravata.</strong></span> <span class='ocrx_word' id='word_1_794' title='bbox 2743 5386 2808 5442; x_wconf 77' lang='lat' dir='ltr'><strong>At</strong></span> <span class='ocrx_word' id='word_1_795' title='bbox 2828 5402 3176 5457; x_wconf 83' lang='lat' dir='ltr'><strong>nequaquam</strong></span> <span class='ocrx_word' id='word_1_796' title='bbox 3198 5401 3267 5451; x_wconf 92' lang='lat' dir='ltr'><strong>,o</strong></span> <span class='ocrx_word' id='word_1_797' title='bbox 3305 5387 3547 5443; x_wconf 86' lang='lat' dir='ltr'><strong>domina.</strong></span> 
     </span>
    </p>
   </div>
   <div class='ocr_carea' id='block_1_112' title="bbox 1979 5470 3580 5551">
    <p class='ocr_par' dir='ltr' id='par_1_112' title="bbox 1979 5470 3580 5551">
     <span class='ocr_line' id='line_1_112' title="bbox 1979 5470 3580 5551; baseline 0.009 -26"><span class='ocrx_word' id='word_1_798' title='bbox 1979 5470 2313 5531; x_wconf 78' lang='lat' dir='ltr'><strong>Nihil-enim</strong></span> <span class='ocrx_word' id='word_1_799' title='bbox 2368 5484 2477 5531; x_wconf 88' lang='lat' dir='ltr'><strong>tam</strong></span> <span class='ocrx_word' id='word_1_800' title='bbox 2538 5487 2823 5549; x_wconf 86' lang='lat' dir='ltr'><strong>acceptum</strong></span> <span class='ocrx_word' id='word_1_801' title='bbox 2884 5477 3014 5549; x_wconf 85' lang='lat' dir='ltr'><strong>Deo,</strong></span> <span class='ocrx_word' id='word_1_802' title='bbox 3079 5494 3244 5551; x_wconf 78' lang='lat' dir='ltr'><strong>quam</strong></span> <span class='ocrx_word' id='word_1_803' title='bbox 3299 5478 3580 5539; x_wconf 46' lang='lat' dir='ltr'><strong>subditos.</strong></span> 
     </span>
    </p>
   </div>
   <div class='ocr_carea' id='block_1_113' title="bbox 366 5600 2057 5685">
    <p class='ocr_par' dir='ltr' id='par_1_113' title="bbox 366 5600 2057 5685">
     <span class='ocr_line' id='line_1_113' title="bbox 366 5600 2057 5685; baseline 0.005 -27"><span class='ocrx_word' id='word_1_804' title='bbox 366 5601 412 5636; x_wconf 78' lang='lat'>“</span> <span class='ocrx_word' id='word_1_805' title='bbox 435 5600 594 5659; x_wconf 82' lang='lat' dir='ltr'><strong>Joan.</strong></span> <span class='ocrx_word' id='word_1_806' title='bbox 628 5620 744 5671; x_wconf 69' lang='grc' dir='ltr'>χιιι,</span> <span class='ocrx_word' id='word_1_807' title='bbox 786 5606 878 5662; x_wconf 74' lang='grc'><strong>17.</strong></span> <span class='ocrx_word' id='word_1_808' title='bbox 958 5607 1004 5638; x_wconf 71' lang='grc'><strong>’⁵</strong></span> <span class='ocrx_word' id='word_1_809' title='bbox 1037 5605 1057 5661; x_wconf 91' lang='lat' dir='ltr'><strong>l</strong></span> <span class='ocrx_word' id='word_1_810' title='bbox 1087 5605 1229 5663; x_wconf 85' lang='lat' dir='ltr'><strong>Tim:</strong></span> <span class='ocrx_word' id='word_1_811' title='bbox 1265 5622 1342 5678; x_wconf 78' lang='lat' dir='ltr'><strong>vr,</strong></span> <span class='ocrx_word' id='word_1_812' title='bbox 1386 5607 1471 5665; x_wconf 76' lang='grc'><strong>12.</strong></span> <span class='ocrx_word' id='word_1_813' title='bbox 1508 5608 1594 5685; x_wconf 45' lang='grc'><strong>⁴¹⁸</strong></span> <span class='ocrx_word' id='word_1_814' title='bbox 1625 5606 1668 5663; x_wconf 93' lang='lat' dir='ltr'><strong>ll</strong></span> <span class='ocrx_word' id='word_1_815' title='bbox 1696 5607 1891 5663; x_wconf 86' lang='lat' dir='ltr'><strong>Thess.</strong></span> <span class='ocrx_word' id='word_1_816' title='bbox 1935 5625 1974 5672; x_wconf 90' lang='grc' dir='ltr'><strong>ι,</strong></span> <span class='ocrx_word' id='word_1_817' title='bbox 2006 5610 2057 5666; x_wconf 91' lang='lat'><strong>7.</strong></span> 
     </span>
    </p>
   </div>
   <div class='ocr_carea' id='block_1_114' title="bbox 1718 5719 1951 5776">
    <p class='ocr_par' dir='ltr' id='par_1_114' title="bbox 1718 5719 1951 5776">
     <span class='ocr_line' id='line_1_114' title="bbox 1718 5719 1951 5776; baseline 0 -1"><span class='ocrx_word' id='word_1_818' title='bbox 1718 5719 1951 5776; x_wconf 68' lang='lat' dir='ltr'><strong>NOTIE.</strong></span> 
     </span>
    </p>
   </div>
   <div class='ocr_carea' id='block_1_115' title="bbox 366 5785 1075 5862">
    <p class='ocr_par' dir='ltr' id='par_1_115' title="bbox 366 5785 1075 5862">
     <span class='ocr_line' id='line_1_115' title="bbox 366 5785 1075 5862; baseline 0.003 -19"><span class='ocrx_word' id='word_1_819' title='bbox 366 5785 484 5861; x_wconf 66' lang='grc'><strong>(25)</strong></span> <span class='ocrx_word' id='word_1_820' title='bbox 512 5786 573 5845; x_wconf 76' lang='lat' dir='ltr'><strong>In</strong></span> <span class='ocrx_word' id='word_1_821' title='bbox 601 5787 723 5846; x_wconf 88' lang='lat' dir='ltr'><strong>cod.</strong></span> <span class='ocrx_word' id='word_1_822' title='bbox 764 5788 897 5862; x_wconf 80' lang='lat' dir='ltr'><strong>Reg.</strong></span> <span class='ocrx_word' id='word_1_823' title='bbox 936 5789 1075 5862; x_wconf 83' lang='grc' dir='ltr'>ρμθ’.</span> 
     </span>
    </p>
   </div>
  </div>
