4060 6374
246 345 383 415 1433
1435 352 1817 419 EPISTULA;

1919 352 1986 413 ’Μ
2017 348 2198 417 ἷΒῙΒ.
2236 352 2323 412 ΙΙ.
3367 354 3510 421 1434

236 469 642 544 προσεύχεσθαι
681 473 814 544 ειτηερ)⁸
837 472 998 544 ήμῶν
1021 471 1132 526 τῶν
1157 471 1505 543 ἁμαρτωλῶν
1535 472 1817 543 παρακλή-

1921 478 1981 525 ut
2010 482 2135 541 quae
2162 470 2427 527 docemus
2470 483 2589 536 ore,
2616 482 2681 524 ea
2710 482 2878 540 opere
2902 471 3168 541 perlicere
3196 475 3511 545 conspicia-

237 563 360 636 θητι
390 579 406 595 ·
442 563 530 617 ῖνα
558 557 636 619 ὧν
656 563 841 633 λόγων
860 565 1030 637 terva
1056 564 1392 627 διδάσκαλοι,
1425 563 1635 619 τούτων
1662 567 1817 636 ἐνερ-

1922 577 2070 630 mur,
2096 576 2162 618 ac
2193 561 2331 618 salvi
2358 559 2642 617 vobiscum
2674 560 2852 617 simus
2870 561 2928 617 in
2959 575 3132 635 regno
3160 564 3457 621 caelorum.

234 658 351 726 γεῖς
379 655 640 729 ὀφθῶμεν
689 658 1006 729 πράκτορες
1031 672 1047 687 ·
1083 657 1180 711 καὶ
1222 656 1490 728 σωθῶμεν
1541 657 1641 711 σὺν
1683 657 1818 729 ὑμῖν

234 750 292 805 ἐν
317 754 385 825 τῇ
423 749 681 824 βασιλείᾳ
703 750 816 804 τῶν
838 748 1113 821 οὐρανῶν.

510 886 660 943 PAE’
678 885 815 960 (26).
842 917 912 928 -—
940 884 1345 956 Κατηχητική.
1381 883 1572 960 [χιιαο.]

2346 880 2700 939 CXXXV.—
2728 882 3085 944 Cateclzetica.

1011 998 1224 1051 Pietatis
1256 999 1551 1051 documenta
1582 1000 1733 1051 tradit
1756 1000 1809 1050 in
1830 1008 2072 1052 sacratum
2094 998 2492 1066 Quadragesimm
2513 1006 2729 1063 tempus.

304 1108 428 1163 Ὀτι
452 1107 795 1180 ἐπεζήτησεν
834 1106 870 1179 ή
910 1108 1181 1179 τιμιότης.
1215 1123 1312 1161 σου
1339 1106 1500 1178 λόγον
1525 1107 1811 1174 νουθεσίας

1989 1109 2148 1176 Quod
2178 1107 2488 1163 reverentia
2523 1114 2612 1161 tua
2641 1120 2954 1161 sermonem
3006 1104 3413 1160 adhortationis
3439 1108 3509 1161 ab

231 1202 384 1275 παρὰ
409 1200 509 1272 τῆς
549 1197 941 1263 ταπεινώσεως
988 1197 1147 1270 ἡμῶν
1172 1216 1188 1230 ·
1219 1199 1316 1253 καὶ
1359 1201 1388 1253 ό
1438 1198 1597 1268 λόγος
1655 1200 1816 1271 ἡμῶν

1920 1199 2237 1255 humilitate
2256 1205 2447 1253 nostra
2475 1196 2742 1268 ﬂagitavit
2760 1212 2773 1226 ·
2832 1211 2935 1252 nec
2985 1211 3169 1253 sermo
3200 1207 3392 1252 noster
3416 1197 3507 1253 ul-

231 1291 676 1364 ἑξουθενημὲνος.
702 1293 796 1346 καὶ
842 1294 871 1351 ό
899 1291 1013 1364 βίος
1043 1291 1202 1365 ημῶν
1226 1293 1598 1366 ἠμελημένος,
1625 1294 1817 1366 Ὅμως

1921 1290 2032 1346 lius
2061 1290 2219 1361 pretii
2242 1300 2345 1351 est,
2375 1297 2430 1344 et
2452 1288 2562 1342 vita
2591 1287 2964 1359 despicabilis.
3003 1286 3276 1355 Quoniam
3321 1296 3506 1344 tamen

228 1390 312 1444 ὅτι
353 1387 570 1462 ἐρῶμεν
615 1389 716 1457 τῆς
777 1388 1054 1460 σωτηρίας
1095 1404 1192 1442 σου
1218 1428 1235 1453 ,
1290 1388 1480 1443 καθότι
1529 1389 1626 1443 καὶ
1671 1404 1815 1460 παρα

1919 1383 2116 1439 salutis
2134 1391 2240 1438 tua:
2270 1380 2555 1453 percupidi
2583 1397 2799 1448 sumus,
2830 1390 3120 1452 propterea
3149 1382 3296 1452 quod
3321 1391 3377 1437 et
3405 1381 3509 1437 vir-

231 1479 381 1544 θένος
429 1475 482 1532 εἶ
528 1476 718 1551 νύμφη
786 1478 1069 1552 Χριστοῦ,
1130 1479 1415 1553 κειμήλιον
1471 1480 1763 1550 ἁγιότητος
1794 1519 1811 1545 ,

1919 1491 1987 1548 go
2008 1491 2069 1531 es
2087 1475 2291 1530 Christi
2322 1490 2549 1545 sponsa,
2572 1474 2851 1544 specimen
2878 1474 3214 1540 sanctitatis,
3247 1489 3312 1528 ac
3338 1474 3506 1529 veluti

232 1573 327 1629 καὶ
370 1570 555 1637 καθὼς
605 1573 674 1627 ὲκ
723 1571 1106 1643 πεποιθήσεως
1156 1571 1438 1642 ἐπιζητεῖς
1493 1572 1654 1642 ήμῶν
1705 1572 1807 1642 τὴν

1919 1584 1980 1625 ex
2036 1568 2239 1624 ﬁducia
2268 1577 2517 1623 nostram
2560 1566 2846 1621 desideras
2898 1565 3387 1621 adhortationem:
3426 1565 3509 1620 id-

230 1663 544 1721 νουθεσίαν·
569 1662 853 1734 ἐπιζητεῖς
891 1663 951 1718 δὲ
1002 1663 1173 1734 αὐτὴν
1215 1663 1307 1718 διὰ
1329 1663 1428 1735 τὴν
1463 1664 1559 1718 ἐπὶ
1609 1662 1809 1733 θύραις

1919 1663 2064 1717 circo
2145 1673 2331 1717 autem
2401 1661 2681 1717 desideras
2746 1661 2894 1731 quod
2966 1662 3137 1716 veluti
3200 1676 3302 1733 pro
3364 1662 3506 1717 fort-

229 1753 605 1825 ὲιρισταμένην
675 1753 840 1823 ἁγίαν
892 1754 1348 1825 τεσσαρακοστήν
1377 1769 1392 1784 ο
1436 1754 1532 1808 καὶ
1579 1755 1614 1824 ή
1673 1752 1810 1824 ἁλη-

1919 1756 2020 1811 bus
2059 1763 2206 1812 astat
2260 1764 2453 1810 sancta
2485 1752 2919 1823 Quadragesima
2952 1793 2970 1818 ,
3013 1770 3077 1809 ac
3118 1769 3250 1809 vera
3281 1756 3507 1826 quidem

232 1848 353 1919 θινὴ
417 1845 688 1918 παρθένος
729 1844 971 1918 Χριστοῦ
1023 1847 1125 1900 οὐκ
1173 1847 1233 1900 ὲν
1303 1844 1546 1918 ήμέραις
1597 1846 1815 1915 ἀφωρι-

1919 1845 2126 1903 Christi
2178 1845 2335 1916 virgo
2384 1861 2494 1900 non
2558 1846 2723 1900 certis
2780 1859 2843 1900 ac
2875 1844 3117 1903 deﬁnitis
3162 1844 3377 1912 diebus,
3408 1847 3506 1903 sed

232 1938 482 2010 σμέναις,
506 1936 621 1991 ἀλλ’
657 1938 717 1990 ὲν
742 1935 910 1990 παντὶ
939 1933 1140 2008 καιρῷ,
1175 1933 1274 1989 καὶ
1301 1937 1360 1989 ὲν
1391 1935 1601 2007 ἑκάστῃ
1629 1934 1814 2006 ήμέρᾳ

1919 1941 2071 1997 omni
2098 1947 2346 2011 tempore
2367 1946 2422 1994 et
2448 1938 2696 2009 quolibet
2717 1938 2805 1994 die
2838 1938 3075 1994 sollicita
3105 1948 3190 1995 est
3226 1943 3507 2010 quomodo

230 2031 385 2102 ζητεῖ
399 2029 516 2094 πῶς
544 2030 731 2102 ἀρέσει
746 2028 824 2100 τῷ
851 2029 1042 2100 Κυρίῳ
1063 2028 1160 2083 καὶ
1177 2027 1419 2100 Νυμφίῳ
1438 2027 1631 2097 αὐτῆς.
1658 2027 1814 2098 Ἔχει

1919 2032 2134 2105 placeat
2155 2031 2390 2089 Domino
2415 2047 2482 2089 ac
2510 2031 2730 2103 Sponso
2760 2046 2881 2088 suo.
2914 2032 3087 2088 Habet
3146 2041 3328 2089 tamen
3380 2049 3504 2088 om-

229 2125 289 2181 δέ
319 2143 376 2179 τι
426 2125 646 2188 πάντως
691 2126 787 2179 καὶ
813 2126 843 2179 ό
891 2122 1002 2178 τῶν
1062 2121 1326 2194 νηστειῶν
1375 2121 1568 2193 χρόνος
1614 2120 1816 2191 ἰδίωμα

1919 2126 2056 2181 nino
2075 2125 2414 2196 ieiuniorum
2449 2133 2663 2194 tempus
2690 2125 3022 2195 peculiarem
3050 2124 3161 2179 vim
3182 2127 3503 2194 quamdam,

233 2209 470 2291 σποῦδῆς
515 2218 774 2289 ἐναρέτου
816 2216 955 2289 πρὸς
983 2217 1074 2271 τὸν
1095 2216 1219 2271 ὅλον
1257 2215 1508 2269 ἐνιαυτόν
1540 2231 1555 2246 ο
1581 2230 1813 2285 τοιγαρ-

230 2313 345 2378 οῦν,
370 2305 416 2367 ὧ
437 2311 769 2383 τιμιωτάτη.
798 2310 891 2365 τὸν
921 2309 1131 2382 συνήθη
1184 2326 1278 2365 σου
1327 2308 1533 2364 κανόνα
1564 2308 1667 2379 τῆς
1716 2309 1816 2362 ἅσ-

230 2406 450 2477 κήσεως
473 2404 723 2475 ἐνεργεῖν
751 2403 848 2458 καὶ
867 2401 995 2474 ἄρτι
1026 2401 1416 2475 προθυμήθητι
1451 2417 1466 2432 ⁸
1501 2400 1563 2455 οὐ
1587 2402 1698 2472 γὰρ
1721 2400 1817 2455 δυ-

228 2497 447 2570 νάμεθα
485 2497 763 2569 όροθετεῐν
788 2495 948 2551 τοῦτο
975 2496 1219 2563 κάκεῖνο,
1248 2495 1284 2567 ἢ
1317 2495 1423 2562 σοὶ,
1458 2494 1492 2567 ἢ
1517 2497 1638 2559 ταῖς
1671 2493 1816 2566 μετὰ

233 2591 334 2648 σοῦ
360 2590 852 2662 συνασκουμέναις,
881 2590 970 2645 διὰ
1000 2589 1063 2644 τὸ
1087 2591 1255 2662 μήπω
1291 2589 1492 2644 εἰδέναι
1535 2589 1636 2661 τὴν
1659 2587 1816 2654 τάξιν

229 2687 327 2741 καὶ
348 2684 448 2756 τήν
466 2682 690 2754 ἀγωγὴν
719 2681 902 2754 ὑμῶν.
926 2676 1023 2746 Εἷς
1050 2681 1109 2737 δὲ
1137 2683 1264 2753 ὄρος
1289 2681 1386 2735 καὶ
1402 2679 1584 2735 κανὼν
1614 2697 1816 2735 κοινω-

229 2775 401 2847 φελὴς
420 2777 555 2831 πᾶσι
590 2772 1095 2846 κεχρεωστημένος,
1126 2774 1223 2827 καὶ
1254 2773 1496 2843 μάλιστα
1533 2773 1648 2837 τοῖς
1707 2771 1809 2825 ἀν·-

226 2869 531 2946 ῃρημένοις
592 2868 657 2922 τὸ
688 2866 982 2939 μοναχικὸν
1012 2866 1362 2938 ἐπάγγελμα,
1389 2865 1452 2920 τὸ
1490 2865 1659 2938 μηδὲν
1707 2863 1815 2933 ἔξω

228 2963 344 3018 τῶν
393 2959 820 3034 ἀπαρεσκόντων
865 2959 985 3032 Θεῷ
1017 2958 1284 3031 πράττειν
1330 2960 1502 3031 ἡμᾶς,
1556 2958 1696 3014 ἀλλ’
1743 2958 1816 3012 ἐν

229 3055 398 3127 φόϐῳ
428 3056 528 3110 καὶ
575 3054 777 3124 τρόμῳ
811 3053 929 3122 τὴν
956 3054 1262 3122 σωτηρίαν
1304 3052 1477 3123 ἡμῶν
1525 3051 1815 3124 κατεργά-

230 3149 471 3213 ζεσθαι’
506 3147 604 3202 καὶ
648 3148 759 3218 γὰρ
787 3146 1013 3217 νηστεία
1033 3144 1261 3218 ἀληθής,
1297 3147 1331 3216 ή
1386 3144 1591 3208 παντὸς
1639 3142 1812 3198 κακοῦ

230 3240 440 3312 ἀποχή.
488 3237 899 3311 Νηστεύσωμεν
964 3235 1185 3307 πρῶτον
1236 3235 1338 3306 μὲν
1398 3234 1508 3290 ἀπὸ
1565 3233 1662 3287 τοῦ
1733 3232 1811 3304 μὴ

1918 2229 1984 2277 ιιι
2016 2220 2260 2276 studium
2283 2227 2448 2276 acuat
2463 2219 2816 2290 capessendae
2833 2234 2928 2289 per
2954 2225 3364 2273 totum.annum
3390 2217 3509 2274 vir-

1918 2314 2074 2371 tutis.
2106 2313 2495 2380 Quamobrem,
2517 2327 2553 2368 o
2586 2311 3072 2376 reverendissima,
3102 2311 3171 2366 da
3203 2311 3350 2367 ultro
3372 2326 3504 2383 ope-

1918 2419 2038 2460 ram
2072 2413 2132 2460 ut
2162 2413 2485 2461 consuetam
2529 2403 2628 2461 tibi
2664 2404 2718 2457 in
2748 2398 3089 2458 monasterio
3114 2402 3334 2458 vivendi
3366 2418 3502 2459 nor-

1918 2511 2068 2551 mam
2094 2512 2242 2552 nunc
2269 2512 2491 2568 quoque
2526 2505 2717 2552 teneas
2756 2514 2770 2551 :
2803 2510 2984 2565 neque
3009 2494 3157 2551 enim
3198 2510 3500 2566 possumus

1918 2586 2028 2643 hoe
2056 2587 2141 2644 vel
2163 2586 2299 2642 illud
2331 2587 2581 2652 delinire,
2613 2601 2712 2642 seu
2734 2586 2860 2650 tibi,
2887 2601 2987 2642 seu
3020 2587 3249 2657 reliquis
3280 2596 3505 2658 quaete-

1917 2694 2042 2739 cum
2077 2688 2424 2747 exercentur,
2470 2679 2621 2750 quod
2651 2688 2834 2734 vestra
2867 2679 3006 2734 mihi
3037 2679 3229 2736 minus
3284 2680 3358 2736 sit
3406 2697 3502 2737 co-

1916 2772 2069 2842 gnita
2098 2771 2226 2827 vita:
2256 2772 2556 2829 institutio.
2591 2770 2707 2828 Una
2737 2787 2868 2828 vero
2912 2773 3025 2839 lex,
3050 2772 3238 2845 regula
3268 2790 3376 2830 una
3418 2782 3506 2831 est

1915 2879 2082 2934 quam
2117 2879 2219 2936 par
2270 2875 2356 2920 est
2384 2865 2646 2921 omnibus
2696 2881 2821 2922 esse
2855 2880 3228 2935 communem,
3259 2868 3355 2924 sed
3388 2883 3506 2924 ma-

1916 2957 2066 3011 xime
2100 2957 2171 3013 iis
2199 2958 2296 3028 qui
2354 2959 2720 3014 monasticum
2751 2960 2877 3015 vitae
2905 2959 3213 3015 institutum
3248 2960 3505 3031 proﬁten-

1917 3058 2050 3116 tur;
2081 3048 2221 3103 nihil
2248 3057 2308 3104 ut
2340 3050 2588 3106 exterius
2614 3064 2843 3121 agamus
2875 3065 3068 3106 eorum
3096 3066 3219 3122 qua:
3253 3050 3364 3107 Deo
3395 3051 3506 3107 mi-

1915 3156 2025 3197 nus
2059 3141 2281 3212 placent
2310 3159 2325 3196 :
2353 3141 2444 3197 sed
2489 3143 2547 3197 in
2582 3144 2769 3197 timore
2796 3159 2860 3197 ac
2888 3153 3116 3199 tremore
3138 3144 3373 3199 salutem
3410 3160 3509 3200 no-

1916 3242 2085 3287 stram
2107 3234 2499 3302 operemur'".
2520 3234 2724 3290 Verum
2754 3238 2902 3291 enim
2931 3237 3231 3307 jejunium,
3258 3238 3328 3293 ab
3353 3239 3506 3294 omni

230 3332 624 3399 εἰσοικίζεσθαι
657 3333 785 3396 τοὺς
811 3330 1083 3402 πονηροὺς
1119 3329 1414 3398 λογισμοὺς
1430 3330 1487 3381 ἐν
1503 3329 1570 3399 τῇ
1589 3326 1812 3398 καρδίᾳ,

1921 3326 2066 3379 malo
2097 3325 2430 3381 abstinentia
2450 3336 2553 3384 est.
2581 3324 2673 3383 Sic
2695 3328 2865 3399 igitur
2894 3330 3129 3399 primum
3165 3328 3507 3400 jejunemus,

230 3426 533 3484 κάντεῦθεν
558 3423 901 3480 ἀνάπτεσθαι
938 3424 1020 3485 είς
1043 3419 1346 3492 ἐπιθυμίας
1368 3420 1656 3483 ὲκτόπους.
1698 3418 1815 3472 Μία

228 3522 342 3592 γὰρ
365 3518 632 3588 ἐπιθυμία
666 3517 762 3572 καὶ
792 3509 874 3580 εἷς
895 3513 1040 3586 ἔρως
1070 3513 1348 3584 ἀληθινὸς,
1375 3513 1405 3566 ὁ
1429 3510 1632 3583 Κύριος
1658 3510 1817 3581 ήμῶν

240 3616 456 3684 Ἰησοῦς
498 3599 760 3684 Χριστὸς,
785 3611 815 3664 ό
848 3608 1015 3671 καλὸς
1054 3606 1148 3660 καὶ
1172 3605 1377 3676 ὡραῖος
1424 3603 1680 3673 Νυμφίος
1701 3617 1717 3633 ’
1750 3595 1815 3656 οὗ

228 3708 264 3778 ή
308 3704 574 3777 ὲφιεμὲνη
619 3703 679 3769 ἐξ
744 3699 1041 3771 ὁλοκλήρου
1089 3696 1260 3768 ψυχὴ,
1302 3697 1453 3766 μισεῖ
1492 3695 1673 3765 σάρκα
1717 3693 1814 3748 καὶ

228 3796 373 3871 αἷμα
399 3838 417 3863 ,
450 3798 546 3852 καὶ
591 3797 773 3851 πάντα
797 3791 868 3847 τὰ
893 3792 994 3861 τῆς
1019 3790 1229 3862 φθορᾶς
1260 3788 1559 3858 ἰνδάλματα
1587 3804 1604 3820 ο
1634 3786 1723 3840 ἀεὶ
1757 3785 1816 3839 δὲ

230 3892 588 3967 πτερουμένη
632 3889 713 3963 τῷ
768 3889 899 3960 περὶ
957 3884 1125 3967 αὑτὸν
1179 3882 1333 3954 πόθῳ
1359 3922 1375 3946 ,
1405 3879 1815 3951 ἀποστρέφεται

232 3962 429 4061 σχεδὸν
449 3962 644 4049 εἰπεῖν,
675 3982 773 4037 καὶ
791 3979 958 4034 αὐτὸν
986 3978 1079 4031 τὸν
1096 3962 1263 4049 ἧλιον
1295 3975 1432 4046 όρᾷν
1455 3988 1471 4006 ο
1501 3972 1598 4027 καὶ
1620 3970 1817 4042 σφαδά·

228 4081 320 4148 ζει
359 4078 457 4134 καὶ
500 4075 595 4131 τοῦ
632 4074 887 4146 σώματος
912 4069 1160 4141 ἐκϐῆναι,
1194 4068 1288 4122 καὶ
1319 4066 1457 4137 πρὸς
1482 4065 1577 4119 τὸν
1613 4060 1816 4118 ποθού-

231 4188 402 4245 μενον
447 4167 703 4240 γενέσθαι
730 4182 746 4198 ο
774 4166 913 4234 ὅπερ
958 4162 1078 4216 ἐστὶ
1128 4161 1193 4214 τὸ
1237 4157 1543 4230 ἀκρότατον
1586 4154 1816 4228 ὀρεκτὸν

226 4269 352 4329 τοῖς
385 4264 550 4333 λόγου
587 4257 958 4333 μετειληφόσι.
994 4253 1402 4326 Νηστεύσωμεν
1424 4250 1491 4320 δὴ
1531 4249 1674 4305 κατὰ
1701 4247 1820 4303 δεύ-

225 4373 396 4428 τερον
423 4355 606 4423 λόγον,
639 4351 735 4407 καὶ
782 4348 894 4405 ἀπὸ
924 4348 1239 4419 βρωμάτων
1272 4341 1577 4412 ποσότητός
1625 4356 1684 4394 τε
1720 4338 1817 4394 καὶ

227 4449 527 4521 ποιότητος
549 4461 566 4478 ⁸
592 4445 687 4499 καὶ
718 4441 999 4505 τοσοῦτον,
1026 4437 1226 4493 ὁπόσον
1252 4439 1286 4510 ή
1324 4436 1559 4507 δύναμις
1587 4432 1683 4489 τοῦ
1711 4432 1817 4488 σώ-

233 4557 412 4617 ματος
461 4539 618 4611 φέρει
649 4554 663 4570 ο
695 4535 832 4606 φησὶ
873 4533 985 4603 γὰρ
1029 4534 1058 4587 ό
1109 4529 1438 4592 Ἀπόστολος
1464 4544 1480 4561 ο
1514 4528 1818 4593 Ἕκαστος

1918 3425 1982 3472 ut
2006 3433 2074 3472 ne
2108 3433 2307 3488 pravas
2341 3419 2710 3492 cogitationes
2744 3420 2934 3475 subire
2964 3420 3017 3475 in
3046 3421 3292 3476 animum
3326 3423 3508 3492 patia-

1918 3524 2065 3579 mur,
2098 3521 2265 3582 atque
2310 3513 2366 3568 in
2422 3515 2691 3570 scelerata
2722 3512 2924 3569 deinde
2953 3514 3222 3572 desideria
3277 3516 3509 3573 exarde-

1918 3619 2098 3661 scere.
2127 3602 2309 3659 Unum
2348 3606 2631 3662 enimvero
2685 3606 3018 3663 desiderium
3073 3617 3128 3663 et
3176 3624 3320 3665 unus
3351 3626 3509 3664 amor

1916 3710 2102 3761 verus,
2156 3696 2425 3755 Dominus
2476 3708 2666 3755 noster
2702 3699 2863 3757 Jesus
2914 3701 3195 3768 Christus,
3255 3702 3508 3774 Sponsus

1917 3790 2171 3860 egregius
2203 3806 2268 3847 ac
2292 3792 2578 3861 speciosus
2617 3815 2630 3849 :
2664 3809 2827 3864 quem
2864 3810 2987 3865 qua:
3031 3796 3214 3851 anima
3275 3799 3507 3854 omnino

1917 3880 2217 3948 desiderat,
2279 3898 2500 3938 carnem
2569 3884 2685 3940 odit
2722 3895 2777 3941 et
2808 3888 3158 3958 sanguinem,
3206 3904 3508 3961 omnesque

1915 3988 2102 4029 rerum
2136 3976 2576 4045 corruptibilium
2603 3977 2872 4049 imagines
2908 3998 2922 4034 :
2953 3995 3174 4052 semper
3202 3989 3384 4038 autem
3438 3983 3510 4038 il-

1918 4063 2028 4121 lius
2060 4064 2337 4120 desiderio
2397 4067 2452 4121 in
2486 4067 2719 4123 sublime
2752 4070 2996 4137 evolans,
3051 4071 3274 4140 refugit,
3337 4088 3511 4145 prape

1916 4154 2174 4221 dixerim,
2230 4155 2318 4210 vel
2361 4155 2542 4227 ipsum
2572 4157 2772 4213 intueri
2803 4161 2972 4215 solem
3013 4162 3338 4233 :gestitque
3377 4175 3432 4221 et
3475 4183 3510 4220 e

1917 4260 2150 4318 corpore
2175 4247 2349 4315 exire,
2382 4256 2439 4304 et
2464 4263 2591 4304 cum
2632 4266 2697 4305 eo
2721 4265 2882 4320 quem
2915 4260 3062 4306 amat
3082 4256 3286 4309 versari
3325 4258 3509 4328 :quod

1917 4348 2082 4411 caput
2102 4355 2166 4395 ac
2196 4354 2416 4397 summa
2452 4350 2705 4398 votorum
2753 4352 2839 4400 est
2882 4344 2948 4400 iis
2983 4346 3077 4414 qui
3125 4344 3290 4403 Verbi
3338 4352 3507 4420 parti-

1917 4432 2068 4503 cipes
2092 4433 2373 4487 exstitere.
2408 4430 2794 4504 Jejunabimus
2840 4435 3027 4505 utique
3082 4438 3326 4495 secundo
3360 4440 3507 4508 loco,

1917 4534 2033 4581 tum
2068 4526 2373 4598 quantitate
2399 4527 2673 4594 ciborum,
2715 4536 2832 4582 tum
2861 4543 2891 4582 a
2918 4529 3202 4598 qualitate,
3228 4539 3283 4586 et
3312 4542 3508 4603 quate-

226 4633 434 4700 καθὼς
480 4627 840 4700 προαιρεῖται
885 4625 961 4694 τῇ
989 4622 1207 4693 καρδίᾳ
1230 4665 1245 4685 ,
1276 4621 1474 4713 μὴ-ὲκ
1510 4620 1734 4713 λύπης,

1920 4634 2028 4676 nus
2055 4619 2276 4689 coporis
2308 4619 2454 4675 vires
2473 4619 2677 4675 ferunt.
2704 4620 2956 4675 Aitenim
2981 4620 3275 4692 Apostolus
3300 4623 3508 4680 :Unus-

226 4728 304 4793 ἐξ
351 4721 624 4794 ἀνάγκης
650 4737 666 4752 ο
698 4718 766 4774 τὸ
812 4716 1023 4787 ἱλαρὸν
1057 4715 1170 4785 γὰρ
1199 4711 1403 4786 ἀγαπᾴ
1436 4713 1469 4766 ὁ
1497 4711 1645 4778 Θεός
1676 4725 1693 4741 ο
1722 4711 1819 4762 καὶ

226 4816 298 4872 τὸ
318 4812 467 4869 κατὰ
495 4810 749 4883 δύναμιν.
785 4808 960 4862 Τοῦτο
998 4805 1057 4861 δὲ
1084 4804 1180 4859 ἐπὶ
1204 4803 1301 4859 σοῦ
1333 4803 1433 4874 τῆς
1463 4799 1819 4873 καθηγουμέ-

228 4928 340 4986 νης
369 4886 839 4982 κυριολεκτεῖσθαι
872 4901 1098 4956 δύναται
1132 4916 1148 4932 ο
1181 4899 1276 4953 ἐπὶ
1298 4898 1356 4952 δὲ
1391 4898 1494 4969 τῆς
1518 4895 1819 4986 ἀδελφότηέ
1847 4900 1855 4919 ‘

226 4985 331 5070 τος
377 5004 478 5058 οὐκ
524 5000 638 5073 ἔχει
666 4998 900 5068 δύναμιν
932 5012 948 5027 ⁸
982 4993 1073 5049 διὰ
1119 4994 1185 5047 τὸ
1232 4991 1377 5047 κατὰ
1427 4992 1527 5063 τὴν
1562 4989 1673 5044 ὑπὸ
1720 4985 1818 5042 σοῦ

228 5091 533 5164 δεδομένην
576 5086 823 5154 διάταξιν
849 5086 944 5140 καὶ
982 5084 1185 5139 ἐσθίειν
1215 5084 1311 5138 καὶ
1344 5083 1544 5147 πίνειν,
1580 5081 1675 5135 καὶ
1721 5079 1822 5151 τὴν

230 5178 410 5248 ἄλλην
475 5175 702 5248 ἀγωγὴν
763 5170 907 5229 εἶναι
961 5174 1047 5244 ἐφ’
1119 5173 1377 5245 ἑκάστης,
1433 5171 1575 5226 ὥστε
1604 5170 1819 5242 διακρι-

227 5267 396 5324 τικοῦ
428 5266 676 5339 θμματὸς
709 5280 792 5320 σοι
813 5264 975 5336 χρεία
1003 5263 1399 5336 προσηκόντως
1426 5261 1494 5316 τὰ
1514 5259 1822 5324 κατάὑτὰς

232 5361 588 5432 ἑπιθεωρεῖν.
614 5358 827 5423 Κοινῶς
867 5357 925 5412 δὲ
968 5359 1063 5412 ἐπὶ
1094 5357 1250 5422 πᾶσι,
1272 5359 1334 5409 τὸ
1370 5353 1675 5426 ἀπέχεσθαι
1719 5368 1825 5424 μα-

231 5451 554 5523 ταιολογίας
597 5451 835 5525 ἀκαίρου
863 5491 881 5520 ,
936 5449 1238 5523 βασκανίας
1300 5448 1510 5503 ἀτόπου
1542 5487 1560 5517 ,
1622 5444 1824 5520 ἀργίας

318 5640 416 5704 ¹⁸*,
436 5636 681 5711 Philipp.
716 5644 778 5703 It,
816 5633 907 5692 18.
987 5633 1034 5669 “
1064 5632 1111 5693 ll
1126 5631 1361 5704 Cor._lx,
1378 5633 1435 5689 7.

1922 4712 2139 4781 quisque
2189 4718 2346 4779 prout
2365 4710 2647 4765 destinavit
2673 4713 2729 4765 in
2758 4712 2915 4766 corde
2942 4729 3039 4767 suo
3063 4731 3083 4768 :
3109 4731 3214 4770 non
3243 4732 3308 4770 ea:
3341 4719 3507 4774 tris’ti—

1923 4802 2022 4865 tia,
2076 4810 2174 4854 aut
2227 4816 2297 4856 ea;
2342 4804 2699 4859 necessitate:
2744 4802 3075 4859 hilaritatem
3129 4808 3271 4861 enim
3330 4811 3507 4884 diligit

1923 4892 2067 4948 Deus
2087 4894 2135 4927 η
2164 4910 2180 4948 :
2211 4903 2265 4949 et
2288 4908 2386 4964 pro
2420 4895 2635 4950 ratione
2658 4895 2879 4951 virium.
2902 4894 3018 4953 Hoc
3043 4915 3174 4954 vero
3208 4901 3262 4955 in
3292 4910 3363 4969 te,
3386 4919 3511 4974 quas

1923 4986 2213 5056 praeposita
2251 5000 2334 5051 es,
2367 4985 2643 5055 designari
2680 4988 2937 5045 distincte
2981 4998 3197 5059 potest:
3240 4992 3294 5048 in
3352 5010 3509 5052 soro-

1923 5093 2048 5133 rum
2077 5086 2246 5141 emtu,
2286 5093 2396 5133 non
2426 5085 2606 5147 potest
2637 5093 2653 5131 :
2680 5078 2826 5148 quod
2846 5094 2911 5134 ex
2943 5078 3144 5135 tradita
3162 5080 3259 5135 abs
3283 5091 3334 5136 te
3368 5083 3506 5153 lege,

1928 5178 1983 5223 et
2014 5167 2214 5223 edendi
2245 5176 2301 5222 et
2332 5166 2555 5222 bibendi
2588 5169 2804 5233 modus,
2841 5177 2897 5224 et
2930 5169 3141 5241 reliqua
3179 5170 3396 5225 vivendi
3428 5188 3510 5227 rae

1929 5262 2005 5318 tio
2035 5261 2377 5330 singularum
2406 5260 2644 5332 pendere
2674 5261 2889 5318 debeat.
2907 5261 3275 5331 Quamobrem
3298 5265 3511 5334 perspi-
3542 5324 3551 5336 ι

1928 5354 2046 5409 caci
2075 5352 2171 5409 tibi
2195 5354 2354 5410 oculo
2382 5363 2470 5410 est
2512 5368 2672 5425 opus,
2695 5362 2755 5408 ut
2787 5371 2910 5424 quae
2958 5355 3191 5427 singulis
3220 5354 3511 5425 εῐρθάίθιιί

1930 5445 2336 5518 contempleris.
2384 5446 2655 5506 Convenit
2687 5455 2874 5504 autem
2930 5463 2999 5504 ex
3034 5461 3194 5520 aequo
3222 5446 3513 5515 omnibus,

1758 5717 1994 5781 ΝΟΤᾸΞ.

318 5831 432 5906 (26)
462 5830 523 5889 in
544 5828 673 5890 cod.
703 5824 838 5900 Reg.
872 5822 972 5897 ρν’.
