4060 6374
576 419 713 483 1435
1762 417 1821 474 S.
1861 414 2157 474 THEODO

2296 413 2640 472 STUDIT/E
3695 414 3826 476 1436

575 529 956 600 intempestiva
985 530 1304 599 garrulitate
1335 530 1632 591 abstinere,
1686 528 1870 595 inepta
1917 525 2147 580 annula-

2259 524 2547 595 περιέργου
2575 539 2588 553 ·
2631 522 2834 592 μᾶλλον
2860 524 2958 592 μὲν
2975 517 3067 576 οὖν
3087 523 3318 594 ἡσυχίαν
3349 522 3505 592 ἄγειν
3537 522 3826 590 εἴικαιρον·

524 656 550 717 «ἱ
575 624 741 688 tione,
795 622 972 676 inutili
1007 624 1122 676 otio
1156 641 1169 674 :
1206 637 1273 677 ac
1326 623 1506 691 potius
1563 619 1942 689 tempestivum
1976 617 2145 671 silen-

2259 618 2345 671 καὶ
2372 617 2532 685 λόγον
2558 616 2889 686 φθέγγεσθαι
2921 616 3112 668 δέοντα
3148 631 3161 644 ·
3197 618 3294 669 καὶ
3315 618 3536 686 ἀγαπᾷν
3569 618 3665 668 καί
3691 616 3832 686 στέρ-

541 710 710 767 ῖιὶιιιιι
745 729 986 780 servare,
1029 716 1177 784 loqui
1225 724 1550 782 opportune,
1593 726 1778 765 amare
1807 710 2037 764 invicem
2083 723 2148 763 ac

575 805 805 875 diligere
833 807 1135 861 secundum
1187 804 1479 858 Dominum
1509 822 1523 856 :
1558 813 1612 858 et
1665 803 1865 857 habere
1894 815 2147 857 commu-

576 899 664 953 nia
686 899 892 963 omnia,
923 908 978 954 et
1006 900 1141 953 nihil
1169 899 1418 969 privatim
1452 896 1770 966 sepositum.

2252 726 2371 777 γειν
2408 709 2645 780 ἀλλήλας
2677 709 2821 763 κατὰ
2854 707 3094 779 Κύριον’
3129 708 3224 761 καὶ
3259 709 3438 762 πάντα
3468 709 3633 761 κοινὰ
3665 707 3829 776 ἔχειν,

2254 802 2348 855 καὶ
2370 801 2535 872 μηδὲν
2559 801 3017 871 ἀποτεταγμένως
3045 801 3240 854 ίδιον...
3266 802 3468 855 Λείπει
3493 805 3631 854 σελ.
3657 807 3731 856 α’.

1916 992 1936 1062 (
1958 992 2108 1046 Deest
2139 991 2338 1060 pagina
2359 1006 2485 1045 una.
2510 990 2530 1060 )

875 1083 1160 1140 CXXXVI.
1185 1115 1252 1124 -
1279 1085 1549 1141 Theodoro
1591 1095 1840 1154 stratege.

2572 1081 2756 1148 PAG”.
2782 1113 2850 1121 —
2881 1081 3155 1151 Θεοδώρῳ
3181 1081 3515 1152 στρατηγῷ.

1767 1178 1976 1240 Lapsum
2016 1175 2202 1227 excitat
2227 1179 2286 1227 ad
2311 1176 2676 1240 pcnnitentiam.

793 1279 1122 1335 Contrarius
1179 1292 1430 1337 eventus.
1463 1280 1507 1336 Ο
1543 1283 1944 1338 calamitatem!
1989 1283 2151 1350 Quae-

577 1389 702 1428 nam
739 1375 840 1428 ista
865 1383 948 1428 est
990 1373 1361 1428 involuntaria
1414 1375 1706 1430 abductio?
1765 1393 2019 1446 quaenam
2057 1394 2152 1446 per

577 1467 685 1519 vim
727 1465 876 1518 illata
907 1465 1276 1534 participatio,
1309 1467 1587 1522 intentans
1635 1470 1817 1523 carnis
1847 1470 2152 1538 periculum

580 1559 628 1610 ci
667 1559 760 1626 qui
811 1558 949 1611 nolit
979 1558 1373 1614 heterodoxum
1424 1576 1617 1629 panem
1652 1562 2017 1631 participare?
2049 1561 2156 1615 Vo-

579 1650 877 1704 luntarium
902 1649 1255 1715 sacriﬁcium,
1297 1667 1329 1705 ο
1376 1652 1832 1706 christianissima
1865 1655 2155 1723 cogitatio!

2335 1284 2613 1354 (27).....η
2641 1281 2760 1337 οὖσι
2789 1283 2852 1336 τὸ
2893 1283 3132 1337 ἐναντίον
3153 1285 3548 1354 ἀπάντημα.Ὢ
3575 1287 3834 1356 τῆςσυμο

2252 1377 2425 1448 φορᾶς
2448 1375 2561 1439 ίτίς
2590 1374 2730 1444 αὕτη
2756 1377 2789 1444 ἡ
2814 1373 3066 1438 ἀκούσιος
3090 1376 3358 1443 ἀπαγωγὴ
3386 1391 3401 1440 ;
3424 1373 3508 1437 τίς
3537 1374 3595 1426 δὲ
3617 1377 3650 1444 ἡ
3671 1378 3838 1443 ἀναγ-

2254 1465 2491 1536 καστικὴ
2528 1464 2745 1535 μέθεξις
2772 1465 3148 1518 ἐπαπειλοῦσα
3201 1466 3296 1518 τὸν
3329 1465 3470 1517 κατὰ
3501 1464 3686 1534 σάρκα
3725 1467 3834 1518 κίν-

2256 1556 2410 1610 δυνον
2434 1557 2490 1609 ἐν
2518 1557 2594 1627 τῷ
2630 1559 2705 1628 μὴ
2751 1558 3135 1629 προαιρεῖσθαι
3171 1557 3419 1627 μεθέξειν
3444 1556 3542 1610 τοῦ
3589 1559 3832 1628 ἐτεροδόυ

2257 1649 2348 1715 ξου
2379 1650 2546 1720 ἄρτου
2581 1669 2595 1716 ;
2630 1650 3010 1702 ἐκουσιόθυτον
3047 1667 3061 1681 ο
3119 1644 3164 1702 ὧ
3218 1647 3710 1719 χριστιανικώτατε
3751 1649 3834 1700 λο-

581 1753 784 1804 ωιΊιιιε
819 1747 875 1790 et
904 1739 1132 1808 sanguis
1170 1739 1384 1793 Domini
1429 1741 1602 1794 nostri
1650 1739 1777 1796 Jesu
1807 1742 2032 1797 Christi.
2069 1745 2156 1799 Ait

2259 1742 2423 1810 γισμέ
2457 1757 2472 1773 ο
2510 1741 2568 1793 τὸ
2599 1741 2757 1811 σῶμα
2799 1742 2894 1794 καὶ
2919 1735 3059 1811 αἷμα
3093 1738 3188 1792 τοῦ
3223 1738 3429 1808 Κυρίου
3457 1739 3622 1808 ἡμῶν
3663 1737 3828 1807 Ἰησοῦ

581 1829 726 1882 enim
768 1844 1000 1900 magnus
1023 1831 1318 1899 Apostolus
1346 1833 1412 1886 de
1438 1848 1524 1897 co,
1559 1835 1664 1899 Qui
1701 1851 1821 1906 eum
1863 1838 1915 1889 in
1983 1837 2156 1906 forma

581 1921 683 1973 Dei
743 1931 898 1987 esset,
955 1938 1008 1975 se
1079 1940 1184 1976 non
1243 1925 1486 1992 rapinam
1550 1927 1844 1982 arbitratus
1908 1939 1987 1983 est
2049 1948 2158 1986 esse

581 2012 837 2082 (aqualem
860 2013 966 2066 Deo
996 2030 1012 2071 :
1045 2015 1136 2067 sed
1181 2017 1516 2084 semetipsum
1561 2020 1869 2086 exinanivit,
1930 2021 2157 2086 formam

582 2105 716 2156 servi
751 2105 1030 2174 accipiens,
1055 2108 1110 2160 in
1161 2109 1565 2163 similitudinem
1617 2111 1891 2165 hominum
1947 2113 2155 2182 factus,

581 2206 628 2248 et
660 2195 847 2249 habitu
885 2199 1121 2252 inventus
1174 2209 1230 2252 ut
1266 2200 1440 2255 homo.
1475 2202 1788 2256 Ilumiliavit
1823 2207 2158 2272 semetipsum

584 2289 755 2355 factus
809 2289 1046 2343 obediens
1082 2307 1243 2360 usque
1298 2292 1367 2346 ad
1416 2303 1654 2359 mortem,
1711 2306 1935 2350 mortem
1982 2307 2158 2350 autem

583 2380 755 2432 crucis
781 2381 866 2434 ‘9‘.
902 2381 1169 2446 Quoniam
1233 2384 1397 2452 igitur
1431 2386 1796 2440 voluntarium
1829 2387 2159 2442 sacriﬁcium

583 2481 639 2524 et
666 2473 974 2529 voluntarie
1001 2475 1190 2530 datum
1233 2476 1562 2544 volentibus,
1601 2495 1707 2532 non
1737 2489 1920 2535 autem
1971 2481 2162 2536 nolen-

586 2562 748 2618 tibus.
785 2562 998 2618 Etcuim
1038 2563 1305 2622 Dominus
1339 2568 1455 2637 ipse
1495 2569 1548 2622 in
1579 2569 1887 2640 Evangeliis
1920 2574 1998 2627 ait
2037 2589 2163 2644 apo-

583 2654 738 2707 stolis
769 2671 783 2708 :
817 2654 1075 2726 Nunquid
1117 2667 1167 2712 et
1215 2675 1304 2712 vos
1339 2660 1500 2714 vultis
1533 2662 1679 2715 abire
1694 2663 1776 2716 ὀἳ
1814 2675 2035 2734 propter
2067 2682 2160 2723 eos

583 2745 676 2812 qui
703 2745 815 2815 jam
832 2747 1292 2828 .discesserantab
1313 2765 1398 2814 eo,
1422 2751 1514 2820 qui
1538 2752 1794 2823 discipuli
1817 2755 2158 2812 videbantur:

583 2846 638 2889 et
691 2839 872 2907 magni
927 2838 1074 2894 Petri
1123 2844 1414 2912 responsio
1453 2845 1767 2915 hujusmodi
1815 2865 1828 2900 :
1877 2848 1960 2901 Ad
2010 2866 2162 2920 quem

583 2924 776 2980 ibimus
801 2928 1032 2992 ?:Verba
1063 2932 1187 2987 vine
1226 2945 1438 2991 (eterna:
1459 2939 1642 2992 habes.
1681 2940 1748 2994 Et
1789 2957 1881 2993 nos
1933 2943 2163 2997 credidi-

584 3034 725 3079 mus,
757 3031 807 3074 et
851 3025 1210 3091 cognovimus,
1240 3029 1366 3098 quia
1416 3038 1471 3082 tu
1495 3046 1547 3084 es
1581 3031 1823 3088 Christus
1855 3032 2031 3088 Filius
2064 3035 2158 3089 Dei

585 3111 922 3170 viventis"".
974 3115 1040 3171 Et
1101 3133 1296 3176 rursus
1339 3138 1570 3193 magnus
1603 3125 1795 3180 Petrus
1827 3127 1880 3180 in
1916 3126 2160 3198 Epistula

585 3218 708 3269 sua,
753 3202 1065 3263 Voluntaria
1090 3227 1304 3278 pascere
1334 3223 1550 3286 Oportet
1579 3232 1681 3269 non
1717 3228 1894 3272 coacte
1920 3219 1985 3274 ιι.

659 3464 1006 3536 Cognoscant
1043 3468 1272 3537 proinde
1304 3472 1399 3540 qui
1441 3472 1688 3528 nolentes
1732 3472 1782 3527 vi
1829 3474 2052 3528 trahunt
2089 3476 2158 3529 ad

592 3573 747 3613 suam
777 3562 1242 3626 communionem,
1274 3580 1332 3618 se
1353 3565 1592 3634 gentium
1625 3580 1776 3621 more
1801 3567 1903 3622 hoc
1934 3567 2115 3622 facere
2143 3587 2156 3624 :

592 3665 701 3703 non
751 3666 954 3721 corpus
1013 3652 1217 3708 Christi
1267 3655 1416 3724 quod
1472 3665 1667 3725 sponte
1735 3659 1978 3712 oblatum
2031 3668 2158 3723 est,

589 3743 957 3813 porrigentes,
982 3746 1076 3799 sed
1105 3756 1320 3810 contra,
1343 3748 1488 3817 quod
1513 3749 1746 3804 victima:
1776 3750 1936 3805 idolis
1966 3751 2162 3806 oblata

567 3834 826 3901 'spcciem
874 3834 1094 3902 habeat,
1131 3848 1293 3908 prout
1325 3851 1576 3896 coactum
1617 3850 1702 3897 est
1742 3843 2071 3898 sacriﬁcium
2103 3845 2158 3898 in

591 3926 949 3983 libationibus
969 3929 1203 3984 daemonii
1234 3933 1475 4001 acceptis
1498 3949 1621 4003 qua:
1650 3935 1795 4004 apud
1829 3934 1978 4004 ipsos
2000 3937 2157 3991 liunt.

589 4015 656 4071 Et
681 4033 842 4074 verus
869 4029 954 4074 est
994 4037 1196 4085 sermo,
1228 4033 1282 4078 et
1315 4025 1716 4080 demonstratio
1745 4029 2032 4096 perspicua
2062 4045 2075 4081 :
2103 4036 2160 4083 et

587 4124 751 4164 nemo
786 4111 956 4166 audit.
1005 4113 1110 4167 Sed
1141 4113 1330 4178 Parce,
1358 4115 1597 4183 Domine,
1645 4134 1802 4186 parce
1831 4133 1850 4172 :
1882 4128 1931 4172 et
1971 4135 2032 4172 ne
2068 4124 2158 4174 des

585 4202 946 4257 [nereditatem
1000 4215 1149 4260 tuam
1191 4208 1254 4260 in
1283 4209 1621 4277 opprobrium
1654 4212 2056 4281 perfectum”,
2103 4221 2162 4267 ut

589 4293 790 4348 alicubi
837 4295 917 4348 ait
959 4297 1182 4366 quidam
1230 4315 1260 4354 e
1291 4301 1598 4370 prophetis.
1637 4302 1778 4369 Quid
1822 4320 1950 4359 vero
2000 4305 2159 4362 nobis

2258 1833 2517 1902 Χριστοῦ.
2546 1835 2683 1902 Φησὶ
2708 1834 2815 1904 γὰρ
2841 1835 2868 1886 ὁ
2895 1833 3069 1902 μέγας
3121 1831 3440 1893 Ἀπόστολος
3469 1830 3599 1900 περὶ
3635 1829 3792 1882 αὑτοῦ
3811 1845 3824 1857 °

2265 1928 2368 1990 ’⁸ος
2395 1924 2676 1994 ἐνμορρῇ
2704 1924 2852 1978 Θεοῦ
2869 1923 3156 1993 ὑπάρχων
3195 1925 3307 1990 οὐχ
3341 1922 3666 1991 ἁρπαγμὸν
3689 1922 3824 1990 nrt}-

2259 2033 2408 2070 σατο
2467 2014 2617 2070 εἶναι
2680 2018 2786 2070 ἶσα
2844 2015 2966 2080 Θεῷ
3002 2031 3015 2046 ⁸
3071 2016 3210 2070 ἀλλ’
3265 2014 3486 2068 ἑαυτὸν
3535 2015 3824 2074 ἐκένωσε,

2253 2108 2497 2177 μορφὴν·
2525 2109 2751 2162 δούλου
2789 2109 2994 2162 λαΰὼν
3041 2107 3111 2160 ὲν
3151 2107 3472 2176 ὁμοιώματι
3510 2105 3832 2174 ἀνθρώπων

2260 2203 2601 2268 γενόμενος,
2633 2200 2734 2253 καί
2766 2198 3034 2269 σχήματι
3071 2200 3338 2267 εὑρεθεὶς
3372 2199 3454 2263 ὡς
3475 2197 3791 2266 ἅνθρωπος
3817 2212 3832 2226 ⁸

2259 2291 2663 2345 ἐταπείνωσεν
2706 2291 2945 2358 ἑαυτὸν,
2979 2293 3302 2360 γενόμενος
3350 2290 3626 2356 ὑπήκοος
3665 2289 3839 2358 μέχρι

2261 2381 2545 2447 θανάτου,
2577 2382 2838 2438 θανάτου
2854 2383 2923 2436 δὲ
2949 2383 3233 2451 σταυροῦ.
3283 2381 3438 2435 ’Errsl.
3467 2381 3563 2435 οὖν
3594 2383 3840 2434 ἐκουσιό-

2261 2475 2421 2529 θυτον
2478 2476 2573 2528 καὶ
2609 2476 2982 2529 ἐκουσιόδοτον
3040 2478 3156 2542 τοῖς
3213 2474 3515 2541 ἐθέλουσιν,
3540 2475 3662 2528 ἀλλ’
3713 2476 3836 2544 οὐχὶ

2259 2570 2376 2631 τοῖς
2416 2567 2491 2639 μὴ
2541 2567 2805 2622 ἐθέλουσι.
2832 2569 2943 2622 Καὶ
2975 2568 3086 2640 γὰρ
3119 2568 3283 2630 αὐτὸς
3319 2569 3348 2620 ὁ
3373 2568 3585 2638 Κύριος
3641 2571 3699 2620 ἐν
3731 2571 3840 2628 toi;

2262 2659 2618 2734 Εύαγγελίοις
2651 2660 2787 2728 φησλ⁸
2834 2659 2971 2731 πρὸς
3009 2661 3135 2721 τοὺς
3175 2660 3512 2723 ἀποστόλους
3543 2676 3557 2688 ο
3593 2659 3696 2727 Μὴ
3743 2662 3839 2712 καί

2260 2750 2428 2819 ὑμεῖς
2450 2751 2655 2805 θέλετε
2701 2751 3034 2817 ἀπελθεῐν;
3067 2752 3157 2806 διὰ
3188 2752 3318 2816 τοὺς
3363 2753 3463 2822 ἤδη
3500 2752 3839 2816 ἀπελθόντας

2261 2841 2356 2894 ἀπ’
2382 2841 2547 2894 αὐτοῦ
2573 2842 2679 2894 τῶν
2711 2843 3015 2897 δοκούντων
3042 2844 3338 2916 μαθητιᾷν.
3366 2846 3477 2898 Καὶ
3502 2847 3536 2916 ὴ
3561 2847 3715 2916 παρὰ
3747 2845 3839 2898 τοῦ

2265 2933 2502 3003 μεγάλου
2529 2933 2736 3004 Πέτρου
2761 2935 3056 3006 ἀπόκρισις
3082 2936 3260 2988 τοιάδε
3299 2949 3312 2962 ⁸
3339 2935 3496 3003 Πρὸς
3537 2937 3678 2988 τίνα
3729 2938 3840 2990 ἀπ-

2261 3026 2675 3093 ελευσόμεθα;
2704 3025 2961 3093 Ῥήματα
2999 3024 3147 3093 ζωῆς
3185 3029 3431 3081 αἰωνίου
3484 3026 3674 3095 ἔχεις.
3731 3027 3842 3082 Καὶ

2264 3115 2435 3184 ἡμεῖς
2480 3118 2983 3184 πεπιστεύκαμεν,
3024 3118 3120 3172 καὶ
3162 3119 3430 3188 ἔγνωμεν
3467 3120 3558 3174 ὅτι
3602 3121 3688 3173 σὺ
3711 3118 3771 3173 εἷ
3808 3125 3841 3172 ὁ

2263 3207 2518 3275 Χριστὸς
2541 3211 2574 3262 ό
2601 3209 2732 3274 Υἱὸς
2751 3209 2859 3263 τοῦ
2879 3209 3027 3263 Θεοῦ
3055 3209 3159 3264 τοῦ
3204 3209 3439 3276 ζῶντος.
3469 3213 3582 3264 Καὶ
3614 3213 3777 3266 πάλιν
3814 3216 3842 3266 ὁ

2267 3299 2440 3370 μέγας
2465 3299 2671 3370 Πέτρος
2716 3302 2774 3353 ἐν
2817 3304 2882 3371 τῇ
2929 3301 3108 3372 οἰκείᾳ
3165 3301 3447 3372 ἐπιστολῇ,
3511 3302 3841 3368 Ἑκουσίως

2263 3391 2598 3459 ποιμαίνειν
2629 3391 2738 3456 δεῖ,
2774 3393 2912 3446 ἀλλ’
2944 3394 3056 3447 οὐκ
3088 3393 3570 3463 ἀναγκαστικῶς.

2333 3482 2628 3536 Γνὼτωσαν
2656 3480 2749 3538 οὖν
2779 3485 2964 3538 λοιπὸν
2989 3487 3039 3538 οἱ
3070 3484 3369 3554 βιαστικῶς
3398 3488 3659 3550 ἕλκοντες
3699 3489 3840 3558 πρὸς

2261 3573 2363 3644 τὴν
2412 3575 2619 3627 ἑαυτῶν
2648 3575 2936 3628 κοινωνίαν
2957 3577 3084 3641 τοὺς
3115 3579 3191 3648 μὴ
3231 3578 3725 3649 προαιρουμένους,
3755 3579 3835 3641 ὡς

2262 3665 2612 3736 ἐλληνοειδῶς
2640 3665 2798 3720 τοῦτο
2823 3668 3154 3738 πράττουσιν
3178 3686 3192 3699 ·
3227 3671 3289 3723 ού
3315 3670 3476 3741 σῶμα
3496 3672 3736 3742 Χριστοῦ
3777 3673 3838 3725 τὸ

2261 3759 2575 3812 ἐθελόθυτον
2619 3761 2974 3830 παρέχοντες,
3006 3761 3142 3815 ἀλλὰ
3187 3764 3498 3817 τούναντίον
3549 3766 3838 3818 εἰδωλοθύο

2259 3868 2354 3905 του
2375 3851 2496 3922 ἕχον
2519 3852 2780 3922 ἔμφασιν,
2815 3854 2957 3907 κατὰ
2987 3855 3086 3922 τὴν
3116 3855 3377 3909 ἀκούσιον
3415 3856 3510 3910 τοῦ
3565 3857 3834 3926 θυομένου

2261 3945 2321 3996 ἐν
2347 3945 2468 4005 ταῖς
2487 3943 2608 3996 κατ’
2657 3943 2838 3998 αὐτῶν
2877 3944 3220 4015 φιλοδαίμοσι
3249 3947 3525 4010 σπονδαῖς.
3557 3949 3669 4000 Καὶ
3695 3949 3722 4000 ὁ
3749 3948 3836 4001 16-

2261 4051 2358 4103 γος
2399 4034 2632 4105 ἀληθὴς,
2663 4036 2758 4089 καὶ
2808 4036 3037 4107 ήδεῖξις
3078 4039 3335 4109 ἐναργὴς,
3391 4040 3488 4093 καὶ
3537 4041 3567 4093 ὁ
3619 4041 3833 4094 ἀκούων

2259 4127 2454 4190 οὐδείς.
2504 4127 2684 4191 Ἀλλὰ,
2709 4129 2935 4195 Φεῖσαι,
2957 4131 3155 4198 Κύριε,
3197 4132 3422 4201 φεῖσαι,
3451 4132 3551 4186 καὶ
3589 4133 3680 4203 μὴ
3719 4133 3832 4198 δῷς

2259 4219 2375 4287 τὴν
2399 4220 2803 4289 κληρονομίαν
2829 4235 2946 4274 σου
2977 4223 3066 4288 εἰς
3093 4221 3324 4289 ὄνειδος
3346 4223 3597 4288 τέλειον,
3633 4224 3712 4287 ὦς
3733 4223 3830 4276 πού

2258 4324 2343 4370 τις
2384 4307 2488 4377 ἔφη
2535 4309 2645 4362 τῶν
2700 4309 3021 4379 προφητῶν.
3048 4311 3113 4364 Τί
3171 4311 3230 4365 δέ
3275 4313 3435 4383 ἡμεῖς
3483 4308 3830 4380 πάθωμεδ,ὦ

587 4382 821 4450 eveniet,
847 4401 881 4439 ο
911 4386 1401 4458 desideratissime,
1433 4402 1486 4447 et
1519 4394 1587 4448 ab
1617 4396 1874 4452 onmihus
1907 4397 2157 4452 laudate?

2259 4397 2560 4468 τριπόθητε
2619 4400 2714 4451 καὶ
2769 4400 3126 4477 πανεύφημε;
3159 4382 3454 4473 Εἰρήσεται
3489 4406 3619 4475 γὰρ,
3651 4406 3718 4459 Εἰ
3743 4405 3829 4458 καὶ

589 4476 813 4532 Dicetur
861 4480 1007 4535 enim
1036 4483 1198 4538 nobis
1229 4502 1243 4538 :
1276 4483 1555 4555 Siquidem
1579 4490 1848 4557 asperius,
1881 4493 2160 4560 quomodo

587 4569 826 4624 amicitia
851 4572 974 4627 est?
1005 4573 1279 4630 Cedamus
1320 4577 1500 4632 adhuc
1535 4581 1789 4649 tempori.
1815 4580 2162 4638 Reformida-

587 4661 768 4718 bimus
802 4673 1125 4732 potestatem
1161 4669 1452 4740 plusquam
1495 4672 1781 4726 honestum
1814 4674 1932 4729 est?
1965 4676 2036 4728 'Et
2065 4676 2158 4730 ubi

587 4766 694 4805 vox
732 4752 949 4810 Domini
981 4775 1105 4828 quae
1148 4760 1400 4818 homines
1450 4763 1629 4818 timeri
1675 4773 1841 4830 vetat,
1879 4774 1934 4821 et
1969 4769 2160 4822 statuit

589 4852 646 4896 ut
673 4848 854 4913 potius
887 4850 1142 4907 timeatur
1181 4853 1322 4909 Deus
1351 4856 1522 4920 solus,
1559 4857 1616 4910 in
1641 4871 1753 4926 quo
1790 4859 1970 4914 omnis
2003 4869 2155 4928 pote-

589 4945 704 4989 stas
744 4944 798 4991 et
836 4940 1029 5007 virtus,
1057 4959 1165 5013 qua
1205 4954 1387 5016 potest
1425 4949 1670 5002 animum
1715 4958 1769 5004 et
1799 4965 2000 5020 corpus
2028 4967 2156 5021 pcr-

586 5026 718 5082 dere
748 5029 802 5083 in
830 5033 1134 5100 gehennam
1174 5038 1314 5108 ignis
1340 5041 1425 5092 "?
1468 5039 1582 5095 lleu
1621 5042 1873 5112 lapsum!
1921 5057 1954 5098 ο
1985 5045 2158 5114 trepi-

588 5118 896 5177 dationem!
953 5127 1010 5180 in
1064 5129 1306 5198 qualibet
1365 5148 1624 5202 persona,
1683 5143 1739 5190 et
1794 5135 2035 5190 maxime
2098 5136 2154 5190 in

585 5210 921 5269 Christiano.
966 5218 1350 5277 Verumtamen
1401 5226 1508 5281 huc
1547 5227 1676 5281 ades
1711 5227 1931 5291 iterum,
1980 5229 2154 5284 amice

587 5316 652 5357 ac
687 5302 910 5361 domine
951 5310 1180 5377 optime,
1219 5312 1542 5380 excitenmr,
1593 5316 1973 5384 paenitentiam
2023 5333 2153 5386 aga-

585 5411 731 5464 mus.
761 5396 938 5471 Prope
966 5411 1045 5456 est
1077 5401 1333 5457 Dominus
1362 5406 1715 5474 quwrentibus
1747 5407 1900 5460 illum
1922 5408 2022 5474 ²²*,
2059 5424 2160 5463 nec

660 5532 736 5613 νζ
779 5533 1010 5613 Philipp.
1042 5539 1250 5613 n._6-8.
1325 5543 1370 5572 ¹⁰
1409 5541 1569 5598 Joan.
1601 5559 1675 5609 Vl,
1705 5543 1794 5600 68.
1873 5543 1954 5578 ὀ*
1989 5545 2124 5600 ibid.
2156 5565 2157 5578 π

2323 5547 2366 5577 ²¹
2409 5545 2430 5600 Ι
2459 5547 2604 5602 Petr.
2641 5563 2694 5613 v,
2728 5547 2783 5603 9..

589 5600 670 5633 ”"
694 5603 838 5663 Psal.
871 5600 1051 5674 οὲιζιν,
1084 5611 1169 5666 18.

2261 4488 2614 4559 τραχύτερον,
2657 4489 2776 4552 πῶς
2817 4491 2972 4558 φιλία
3030 4493 3059 4544 ὁ
3087 4493 3282 4562 λόγοςς
3322 4495 3710 4566 ἁπαχθείημεν
3758 4499 3828 4568 τῷ

2259 4580 2438 4650 καιρῷ
2470 4581 2550 4634 ἔτι
2585 4596 2599 4611 °
2632 4581 3018 4653 ὑποπτήξομεν
3053 4584 3152 4655 τὴν
3177 4585 3430 4650 ἐξουσίαν
3463 4588 3628 4641 ⁶πλέον
3659 4589 3693 4659 ἦ
3727 4608 3819 4643 κα-

2259 4673 2367 4738 λῶς
2381 4673 2493 4744 ἔχει
2515 4691 2530 4740 ;
2551 4676 2646 4728 καὶ
2681 4675 2831 4746 ποῦή
2859 4678 3009 4747 φωνὴ
3041 4677 3133 4730 τοῦ
3162 4680 3369 4749 Κυρίου
3400 4681 3827 4750 ἀπαγορεύουσα

2257 4765 2350 4818 τὸν
2377 4765 2716 4836 ἀνθρώπινον
2747 4767 2930 4834 φόϐον,
2966 4768 3061 4820 καὶ
3101 4768 3305 4838 μᾶλλον
3345 4771 3718 4842 καθορίζουσα
3744 4773 3824 4825 τὸν

2259 4858 2392 4910 Θεὸν
2427 4858 2607 4928 μόνον,
2633 4861 2717 4928 ἐφ’
2804 4861 2837 4930 ἡ
2861 4861 3009 4912 πᾶσα
3031 4859 3272 4926 ἐξουσία,
3297 4862 3394 4916 καὶ
3418 4865 3452 4932 ἡ
3481 4863 3717 4934 δύναμις
3737 4863 3821 4916 τοῦ

2259 4950 2353 5002 καὶ
2384 4948 2562 5020 ψυχὴν
2587 4952 2681 5002 καὶ
2728 4951 2886 5020 σῶμα
2937 4950 3200 5018 ἐμϐαλεῖν
3237 4953 3318 5015 είς
3361 4953 3589 5022 γέενναν
3625 4953 3819 5021 πυρόςξ

2256 5042 2361 5094 Φεῦ
2416 5043 2516 5110 τῆς
2574 5041 2994 5111 συμπτώσεωςι
3050 5043 3239 5096 ’Λϐάλε
3278 5044 3378 5114 τῆς
3437 5043 3814 5113 ortam-ﬁgam!

2260 5135 2345 5203 ἐφ’
2381 5135 2489 5204 ὅτῳ
2523 5130 2617 5187 οὖν
2642 5133 2920 5205 προσώπῳ
2949 5134 3043 5186 καὶ
3076 5134 3312 5203 μάλιστά
3333 5150 3396 5200 γε
3421 5132 3813 5204 χριστιωνύμῳ.

2262 5227 2412 5296 Πλὴν
2443 5226 2782 5300 ὅμωςδεῦρο
2841 5225 3026 5289 πάλιν,
3055 5225 3176 5296 φίλε
3209 5226 3303 5278 καὶ
3334 5225 3493 5296 κύριε
3525 5224 3677 5287 καλέ,
3701 5225 3817 5277 ἀνα-

2263 5317 2571 5387 κληθῶμεν.
2621 5319 3111 5390 μεταμεληθῶμεν.
3159 5317 3368 5386 Ἐγγὺς
3434 5317 3652 5384 Κύριος
3703 5315 3814 5379 τοῖς

2265 5409 2547 5475 ζητοῦσιν
2567 5409 2775 5476 αὐτὸν,
2831 5411 2924 5463 καὶ
2957 5411 3018 5463 ού
3059 5407 3306 5478 βούλεται
3356 5409 3456 5477 μὲν
3492 5407 3591 5476 τὴν
3617 5406 3812 5459 πτῶσιν

2860 5547 2938 5581 ³⁸*
2972 5546 3088 5602 Joel
3119 5563 3182 5610 ιι,
3216 5545 3304 5601 17.
3383 5546 3428 5578 ’⁸
3473 5543 3607 5599 Luc.
3641 5559 3729 5608 xu,
3761 5540 3810 5594 Ei.

2094 5684 2318 5741 ΝΟΤᾸΞ.

662 5766 777 5857 (27)
818 5770 894 5827 "’i
931 5773 1337 5845 inscrilttioncm
1367 5793 1474 5835 non
1506 5777 1708 5838 habent
1740 5779 1954 5839 codices
1986 5794 2149 5851 mss.;
2196 5781 2291 5838 sed
2319 5782 2482 5843 istam
2519 5791 2871 5857 repraesentat
2894 5782 3063 5840 codex
3085 5773 3288 5852 Regius
3321 5778 3375 5834 in
3400 5777 3584 5835 Indice
3609 5775 3806 5849 Episto-

586 5836 784 5891 larum.
