4060 6374
276 413 414 477 1437

1467 421 2010 485 EPISTOLARUM
2066 425 2214 485 LIB.
2253 424 2337 486 II.

3377 426 3514 490 1438

273 529 434 601 ἡμῶν
475 527 622 584 κατά
659 547 713 583 τι
769 528 880 584 τῶν
931 531 1400 602 ἁμαρτανομένων
1435 547 1449 561 ·
1483 531 1752 597 πεσόντας
1785 534 1842 587 δὲ

1948 533 2062 588 vult
2107 534 2327 587 ruinam
2378 539 2625 585 nostram
2675 539 2903 601 propter
2956 531 3180 603 aliquod
3234 549 3522 606 perperam

273 624 374 695 ἐρᾷ
398 622 718 676 ἀνίστασθαι
745 624 892 694 ἡμᾶς
908 623 1119 687 θᾶττον,
1145 625 1238 677 καὶ
1270 624 1681 694 ἁμαρτάνοντας
1730 629 1851 681 ἐπι-

274 715 552 786 στρέφειν*
576 717 670 770 καὶ
695 715 852 769 τοῦτο
880 716 1068 779 ὁσάκις
1092 716 1158 770 ἂν
1182 719 1277 770 καὶ
1295 717 1534 788 συμϐαίη
1559 718 1700 772 κατά
1723 735 1849 773 τινα

272 809 627 879 περιπέτειαν
687 807 964 872 ἀϐουλίας.
1009 807 1168 862 Εἴποι
1214 809 1259 862 δ’
1305 809 1374 863 ἂν
1411 809 1576 880 τυχὸν
1614 813 1648 880 ὴ
1687 809 1846 881 τιμία

273 918 368 954 σου
389 900 558 971 ψυχή·
591 901 652 953 Ὃ
684 899 863 971 βαλὼν
893 900 987 953 καὶ
1033 900 1242 954 ἰάσεται
1266 917 1282 932 ο
1315 897 1540 954 καὶοῖον
1573 902 1635 954 τὸ
1663 902 1842 956 ἐπιτί-

273 1010 400 1065 μιον
425 1009 440 1024 ·
473 993 629 1047 οὐδὲν
659 992 769 1064 γὰρ
806 993 1159 1065 ἀνιάτρευτον
1181 993 1640 1064 θεραπευόμενον
1658 996 1718 1049 οὐ
1746 994 1845 1065 βαι

271 1087 370 1158 ρὺς
399 1086 528 1156 ὑμῖν
548 1089 576 1140 ό
594 1089 696 1157 τῆς
728 1085 973 1158 ἰατρείας
1002 1085 1184 1155 λόγος.

408 1289 557 1345 PAZ’
588 1289 815 1361 (28).ξ-
843 1291 1498 1362 Προκοπίῳμονὰζοντι.
1533 1293 1718 1367 [χιιδῌΙ

1951 625 2157 680 factum
2185 625 2268 679 ’δε
2301 624 2394 679 sed
2425 640 2548 678 cum
2583 625 2966 690 ceciderimus,
2995 634 3150 695 optat
3184 643 3286 684 nos
3333 645 3521 684 resur-

1950 732 2077 787 gere
2131 715 2455 782 confestim,
2507 724 2562 770 et
2604 727 2898 786 peccantes
2955 717 3200 772 converti
3235 729 3331 774 :ct
3385 720 3520 784 hoc,

1946 809 2388 878 quotiescunque
2438 809 2767 878 contigerit,
2824 824 2892 864 ex
2940 809 3183 879 qualibet
3233 813 3524 867 occasione

1945 900 2352 969 imprudentiae.
2413 899 2620 954 Dixerit
2675 910 2856 955 autem
2921 900 3158 957 fortasse
3217 904 3521 957 veneranda

1950 995 2136 1048 anima
2176 1007 2269 1048 tua
2301 1013 2315 1048 :
2343 995 2445 1059 Qui
2488 997 2763 1064 percussit
2786 1006 2840 1050 et
2875 997 3188 1051 sanabit'”
3213 1011 3228 1050 :
3257 1006 3311 1052 et
3343 998 3523 1067 possi-

1948 1086 2076 1140 bilis
2107 1095 2192 1141 est
2239 1087 2558 1156 paenitentia
2589 1106 2603 1142 :
2633 1087 2771 1140 nihil
2803 1088 2952 1141 enim
2997 1089 3305 1144 insanabile
3351 1089 3398 1144 si
3438 1105 3524 1144 cu-

1946 1188 2120 1234 retur.
2156 1177 2274 1233 Non
2307 1181 2489 1249 gravis
2520 1179 2676 1234 vobis
2705 1189 2789 1234 est
2827 1180 3115 1235 medicinae
3150 1181 3375 1236 mentio.

2241 1294 2549 1351 CXXXVII.
2581 1325 2651 1337 —-
2671 1293 2933 1364 Procopio
2963 1298 3236 1351 monacho.

1310 1404 1654 1468 Reprehendit
1677 1408 1807 1468 quod
1830 1411 1972 1458 extra
1995 1407 2274 1458 coenobium
2295 1409 2529 1472 degeret.

367 1513 507 1581 Αρτι
549 1512 856 1569 ἐπιστέλλω
901 1516 968 1585 τῇ
1022 1513 1302 1584 τιμιότητί
1355 1532 1472 1579 σου,
1522 1517 1685 1570 ὁπότε
1747 1517 1837 1572 τὸν

265 1601 514 1657 διάκονον
543 1602 638 1656 τοῦ
655 1605 984 1676 γράμματος
1023 1605 1155 1674 ἐμόν
1186 1621 1246 1657 τε
1291 1606 1386 1658 καὶ
1428 1607 1518 1657 σὺν
1557 1600 1735 1676 εὗρον,
1772 1607 1834 1659 οὐ

270 1695 380 1767 μὴν
408 1695 546 1750 ἀλλὰ
573 1696 669 1750 καὶ
720 1695 1162 1766 παρορμήσαντά
1199 1713 1266 1766 με
1293 1698 1372 1758 εἰς
1397 1697 1526 1749 αὐτὸ
1550 1696 1730 1763 τοῦτο,
1762 1697 1838 1760 ώς

268 1790 365 1843 καὶ
393 1789 495 1860 τῆς
525 1787 803 1852 εὐσεϐείας
836 1805 930 1841 σου
987 1788 1159 1852 οὕτως
1204 1789 1591 1860 ἐπιζητούσης,
1623 1790 1717 1843 καὶ
1746 1807 1836 1859 φι-

267 1879 487 1952 λούσης.
536 1879 695 1934 Ἀλλὰ
751 1882 928 1950 χαῖρε,
957 1874 1002 1934 ὧ
1030 1881 1282 1952 ἄνθρωπε
1324 1881 1417 1935 τοῦ
1448 1881 1605 1936 Θεοῦ.
1645 1883 1836 1953 Χαῖρε,

2018 1517 2213 1573 Scribo
2248 1533 2395 1574 nunc
2432 1517 2770 1573 excellentiae
2798 1502 2924 1582 tute,
2963 1516 3187 1586 quando
3212 1515 3518 1570 litterarum

1944 1611 2260 1665 ministrum
2317 1625 2500 1664 meum
2544 1618 2806 1679 tuumque
2863 1618 3057 1664 nactus
3103 1625 3248 1674 sum,
3307 1611 3400 1679 qui
3453 1611 3518 1664 ad

1945 1702 2051 1757 hoc
2095 1703 2272 1771 ipsum
2321 1702 2489 1756 etiam
2541 1717 2630 1755 me
2665 1701 2970 1770 instigavit,
3026 1701 3180 1771 quasi
3216 1703 3387 1771 pietas
3429 1713 3518 1756 tua

1941 1795 1996 1850 id
2023 1794 2208 1862 exigat
2247 1800 2302 1848 et
2349 1801 2514 1847 amet.
2559 1792 2718 1848 Salve
2749 1793 2936 1862 igitur,
2978 1792 3143 1845 homo
3171 1793 3287 1846 Dei.
3336 1792 3516 1856 Salve,

1944 1886 2248 1940 amicorum
2293 1885 2521 1954 Optime,
2559 1893 2613 1938 et
2645 1884 2864 1954 quidem
2911 1883 3296 1937 vetustiorum.
3333 1882 3516 1948 Salve,

269 1972 438 2040 φίλων
464 1972 674 2042 ἄριστε,
708 1975 802 2027 καὶ
827 1973 970 2044 μάλα
1008 1974 1118 2027 τῶν
1166 1974 1426 2046 ἀρχαίων.
1458 1977 1649 2046 Χαῖρε,
1685 1971 1730 2030 ὦ
1752 1977 1840 2030 εῦ-

1948 1975 2101 2046 cujus
2137 1976 2561 2044 circumspectio
2597 1985 2653 2029 et
2693 1975 2926 2030 scientia
2971 1975 3026 2028 in
3075 1989 3172 2030 ore
3209 1983 3262 2028 et
3291 1976 3524 2030 auribus

268 2064 464 2137 λαϐείᾳ
491 2064 642 2136 [Reg.
669 2073 783 2119 cod.
835 2067 863 2119 ό
893 2065 1194 2139 εὐλαϐείᾳ]
1254 2068 1600 2139 περιϐόητος,
1628 2069 1724 2122 καὶ
1779 2070 1837 2123 ὲν

267 2155 469 2222 γνώσει
522 2156 1028 2226 ὲξακουτιζόμενος.
1093 2158 1206 2212 Ποῦ
1269 2177 1400 2212 ποτε
1473 2159 1840 2224 ἀπολέλοιπας

268 2249 740 2318 ἡμᾶς,τοσούτοις
786 2251 1002 2320 χρόνοις
1046 2250 1372 2322 ὑποκρύψας
1423 2270 1514 2306 σου
1551 2253 1612 2306 τὸ
1659 2251 1840 2322 τίμιον

269 2340 561 2412 πρόσωπον
578 2359 601 2408 ;-
630 2343 727 2406 Τίς
749 2343 806 2395 δὲ
836 2343 864 2394 ὁ
888 2344 1090 2415 τρόπος
1115 2345 1210 2415 τῆς
1239 2343 1380 2398 κατὰ
1407 2344 1506 2413 τὴν
1528 2344 1710 2397 ἑστίαν
1740 2361 1841 2397 πε-

273 2433 559 2506 ριορίσεώς
581 2452 674 2488 σου
697 2475 711 2500 ,
751 2435 917 2506 μήπω
947 2436 1229 2506 προϊόντος
1261 2436 1356 2489 καὶ
1399 2434 1840 2507 ὲμφανιζομένου

267 2525 537 2596 δημοσίᾳ;
566 2525 661 2578 καὶ
691 2525 895 2596 τρίτον,
929 2525 1016 2579 ἵνα
1039 2525 1647 2598 παρρησιαστικώτερον
1663 2527 1842 2598 φήσω,

275 2615 478 2686 μᾶλλον
544 2616 644 2686 μὲν
709 2611 803 2670 οὗν
859 2617 1348 2690 ἀγαπητικώτερον
1377 2635 1392 2649 ·
1447 2619 1670 2688 ἀγάπης
1732 2617 1842 2689 γὰρ

275 2707 428 2771 ίδιον,
456 2707 517 2762 τὸ
670 2708 1095 2764 ὑποστέλλεσθαι
1137 2713 1196 2764 ὲν
1229 2713 1352 2775 ταῖς
1385 2710 1680 2781 ὠφελίμοις
1706 2709 1844 2782 πρὸς

271 2797 363 2850 τὸν
379 2797 576 2866 ἀγαπῶ
585 2817 748 2869 μενον
768 2801 1108 2874 ὑπομνήσεσι
1131 2819 1144 2832 ·
1158 2802 1243 2868 τίς
1261 2807 1292 2875 ἡ
1309 2804 1538 2875 ἐργασία
1559 2821 1652 2857 σου
1668 2803 1808 2874 αῦτη
1824 2821 1839 2835 ⁶

273 2891 608 2960 πεφευγότος
658 2892 864 2963 κόσμον
894 2895 980 2949 διὰ
1016 2895 1120 2966 τῆς
1158 2897 1460 2968 μοναχικῆς
1489 2897 1841 2960 τελειώσεως,

275 2983 373 3036 καὶ
395 2984 579 3038 οἶκαδε
609 2985 775 3040 πάλιν
803 2989 1244 3060 ἀναστρέψαντος
1276 3005 1290 3020 °
1323 2989 1576 3053 λυθέντος
1626 2989 1845 3057 δεσμῶν

273 3075 817 3145 προπαθείας,τοῦτο
846 3079 957 3150 γὰρ
987 3082 1020 3150 ἡ
1053 3079 1322 3151 ἀποταγὴ,
1353 3081 1447 3134 καὶ
1475 3077 1633 3145 αὖθις
1665 3078 1847 3133 δεθέν-

273 3180 369 3227 τος
386 3167 451 3236 τῇ
489 3168 801 3238 συνοικήσει
823 3171 924 3240 τῆς
949 3169 1146 3238 κυρίας
1171 3171 1272 3238 τῆς
1300 3169 1593 3240 ὁμοζύγου,
1615 3171 1709 3224 καὶ
1738 3169 1846 3223 τῶν

275 3257 661 3326 θεοφυλάκτων
690 3259 924 3327 τέκνων;
955 3262 1050 3315 καὶ
1098 3261 1126 3315 ὃ
1168 3260 1250 3315 ἔτι
1298 3261 1674 3335 ξενικώτερον,
1712 3263 1848 3316 ἀπο-

273 3350 576 3421 καρθέντος
611 3349 688 3422 τῷ
726 3352 828 3422 τῆς
868 3353 1078 3415 ἑνιαίας
1120 3351 1268 3423 ζωῆς
1319 3353 1706 3424 ίδιώματι,κα“ι
1759 3370 1849 3407 τε-

272 3444 587 3509 λειωθέντος
614 3445 693 3515 τῷ
722 3444 849 3516 θείῳ
899 3448 1392 3518 μυσταγωγήματι,
1426 3448 1521 3501 καὶ
1557 3444 1713 3510 αὖθις
1744 3465 1848 3501 κα-

277 3535 626 3606 ρηκομῶντος
672 3538 1043 3608 ἑρημικοειδεῖ
1098 3539 1458 3609 πολιτεύματι
1484 3557 1502 3608 ;
1529 3539 1846 3604 Ἕκαστος,

273 3624 412 3695 φησι
464 3626 494 3679 ό
566 3627 910 3692 Ἀπόστολος,
957 3629 1027 3684 ἐν
1073 3627 1149 3699 τῇ
1209 3631 1448 3697 κλήσει,
1504 3628 1543 3697 ᾗ
1595 3629 1847 3696 ἐκλήθη,

267 3721 517 3790 μενέτω.
544 3721 654 3774 Καὶ
687 3721 848 3776 πάλιν
886 3721 1114 3793 ἑτέρωθι
1135 3737 1152 3754 ο
1186 3723 1578 3790 Ἀπρόσκοποι
1610 3723 1852 3792 γίνεσθε

273 3811 381 3864 καὶ
419 3812 754 3880 Ἰουδαίοις,
777 3813 878 3867 καὶ
907 3813 1189 3880 Ἕλλησι.
1225 3813 1326 3868 καὶ
1386 3812 1462 3882 τῇ
1519 3814 1851 3883 Ἐκκλησία

270 3903 384 3958 τοῦ
418 3905 585 3961 Θεοῦ.
623 3907 733 3960 Καὶ
775 3907 1008 3977 ἀλλαχοῦ
1038 3909 1198 3960 πάλιν
1240 3906 1401 3970 αὐτὸς
1432 3906 1562 3976 περὶ
1610 3905 1806 3960 ἑαυτοῦ
1833 3923 1846 3938 ·

277 3999 363 4051 Οὐ
401 3997 483 4067 μὴ
535 3996 704 4069 φάγω
751 3997 896 4069 κρέα
948 4001 1036 4064 εἰς
1076 3999 1186 4053 τὸν
1223 3998 1430 4062 αἰῶνα,
1468 3999 1570 4052 ἵνα
1622 3997 1708 4068 μὴ
1743 3997 1851 4052 τὸν

271 4088 548 4158 ἀδελφόν
591 4108 712 4160 μου
753 4091 1166 4147 σκανδαλίσω.
1194 4093 1306 4144 Καὶ
1356 4091 1591 4154 ἕκαστος
1640 4091 1704 4152 ὲκ
1751 4086 1848 4143 τοῦ

279 4182 416 4236 ἰδίου
447 4185 729 4254 σχήματος
772 4183 1050 4257 γνώριμον
1090 4185 1283 4239 ἑαυτὸν
1324 4185 1638 4256 καθίστησι,
1677 4201 1847 4256 στρα-

269 4275 480 4346 τιώτης
511 4279 575 4332 ὲκ
608 4277 702 4330 τοῦ
752 4281 943 4348 φορεῖν
995 4277 1291 4350 μάχαιραν,
1330 4277 1555 4343 ἀστικὸς
1596 4277 1706 4331 ἀπὸ
1749 4277 1846 4330 τοῦ

273 4369 468 4436 φορεῖν
495 4367 862 4438 περιϐόλαιον.
904 4368 1017 4421 Καὶ
1046 4367 1232 4430 ἁπλῶς
1264 4367 1493 4431 ἕκαστος
1521 4367 1708 4438 σχεδὸν
1738 4367 1850 4420 τῶν

271 4461 333 4512 ἐν
357 4459 571 4530 ἀρχαῖς,
623 4459 657 4531 ἥ
706 4462 947 4532 τέχναις,
997 4452 1036 4533 if
1087 4461 1331 4532 μεθόδοις
1384 4461 1454 4514 τὰ
1503 4463 1850 4533 προσήκοντα

271 4551 426 4622 αὑτῷ
460 4553 627 4625 σκεύη
676 4554 1000 4625 ἐπιφέρεται
1035 4573 1048 4586 ο
1075 4553 1198 4607 οῦτε
1241 4554 1352 4624 γὰρ
1390 4553 1572 4625 ἰατρὸς
1624 4570 1853 4624 ποιμαν-

1940 2079 2026 2126 est
2067 2070 2338 2125 omnium.
2385 2068 2620 2123 Ubinam
2657 2069 2875 2122 tandem
2925 2083 3026 2122 nos
3077 2067 3390 2132 deseruisti,
3443 2077 3522 2123 tot

1942 2162 2102 2218 annis
2135 2162 2478 2218 abscondens
2528 2160 2907 2216 honorandam
2942 2159 3135 2215 faciem
3171 2161 3360 2214 tuam?
3387 2159 3522 2225 Quis

1942 2270 2109 2326 porro
2139 2254 2231 2310 hic
2263 2255 2482 2318 modus,
2523 2269 2635 2324 quo
2663 2263 2715 2309 te
2747 2253 2892 2308 intra
2921 2252 3147 2306 domum
3173 2253 3518 2313 conclusisti,

1943 2363 2215 2418 nusquam
2250 2348 2505 2417 prodiens
2528 2355 2583 2400 et
2627 2361 2896 2416 apparens
2926 2344 3183 2415 publice?
3211 2345 3289 2399 Ac
3335 2344 3526 2408 tertio,

1944 2446 2008 2492 ut
2040 2437 2266 2492 liberius
2302 2438 2519 2506 loquar,
2555 2436 2638 2489 vel
2672 2436 2880 2505 potius,
2932 2443 2990 2489 ut
3023 2435 3324 2499 amantius,
3361 2448 3517 2488 amo-

1945 2530 2022 2584 ris
2069 2528 2334 2599 siquidem
2380 2527 2662 2597 proprium
2695 2537 2800 2590 εει,
2845 2539 2954 2580 non
2997 2524 3326 2580 subtrahere
3368 2537 3428 2578 se
3462 2522 3519 2577 in

1945 2623 2267 2694 opportunis
2293 2636 2423 2690 erga
2454 2634 2579 2674 eum
2622 2634 2784 2688 quem
2826 2633 2978 2673 ames
3007 2616 3472 2672 admonitionibus
3502 2633 3516 2669 :

1943 2731 2196 2788 quaenam
2229 2723 2318 2769 tua
2357 2713 2548 2768 isthmc
2587 2711 2782 2781 agendi
2822 2711 2984 2775 ratio,
3035 2720 3092 2764 ut
3121 2710 3216 2780 qui
3253 2709 3517 2763 mundum

1945 2827 2044 2881 per
2094 2809 2456 2864 monasticam
2509 2805 2906 2876 perfectionem
2957 2803 3247 2872 elfugeras,
3295 2803 3526 2858 domum

1945 2905 2142 2960 iterum
2175 2904 2252 2959 sis
2273 2916 2528 2957 reversus
2561 2918 2574 2952 :
2603 2899 2698 2968 qui
2725 2898 3077 2953 affectionum
3103 2897 3320 2952 vincula
3351 2912 3521 2951 exue-

1944 3014 2073 3064 ras;
2104 2997 2208 3051 hoc
2240 2995 2385 3050 enim
2435 3003 2514 3049 est
2554 2991 2932 3057 renuntiatio;
2965 2991 3202 3046 domina:
3243 2989 3519 3060 conjugis,

1945 3101 2000 3146 et
2031 3091 2141 3146 Deo
2175 3089 2467 3145 charorum
2519 3085 2815 3140 liberorum
2870 3083 3276 3139 cohabitatione
3322 3084 3521 3138 iterum

1947 3179 2314 3251 astringaris?
2376 3177 2473 3240 Et,
2531 3176 2677 3246 quod
2736 3175 3064 3243 stupendum
3126 3174 3336 3242 magis,
3395 3173 3525 3241 qui,

1950 3274 2096 3346 quod
2125 3272 2382 3329 solitariae
2405 3270 2531 3324 vitae
2553 3268 2788 3338 insigne,
2821 3269 3087 3323 detonsus
3116 3267 3320 3334 fueras,
3353 3274 3406 3320 et
3444 3266 3523 3319 di-

1951 3369 2078 3424 vina
2133 3365 2442 3420 initiatione
2492 3372 2888 3426 consecratus,
2947 3360 3275 3431 promissam
3329 3373 3524 3412 rursus

1951 3473 2165 3513 comam
2198 3456 2314 3511 alas
2351 3455 2407 3509 in
2453 3469 2660 3509 morem
2709 3451 3104 3506 eremitarum?
3137 3448 3524 3520 Unusquisque,

1951 3550 2027 3604 ait
2073 3549 2390 3618 Apostolus,
2428 3547 2483 3600 in
2528 3562 2636 3617 qua
2665 3545 2939 3599 vocatione
2981 3551 3196 3596 vocatus
3237 3551 3338 3605 est,
3370 3541 3425 3594 in
3463 3557 3526 3594 ea

1949 3649 2254 3712 permaneat
2274 3640 2340 3694 “.
2363 3638 2428 3693 Et
2460 3639 2658 3693 iterum
2683 3637 2844 3691 alibi:
2871 3635 2997 3690 Sine
3020 3634 3308 3703 offensione
3338 3641 3522 3696 estote,

1950 3743 1998 3788 et
2027 3732 2250 3796 Iudaeis,
2303 3741 2354 3786 et
2383 3731 2643 3802 gentibus,
2691 3740 2742 3784 et
2783 3727 3026 3783 Ecclesia
3070 3727 3254 3780 Dei".
3304 3725 3369 3778 Et
3417 3725 3526 3778 alio

1951 3841 2174 3880 rursum
2211 3825 2332 3878 loco
2366 3824 2481 3892 ipse
2523 3823 2590 3877 de
2615 3821 2798 3892 seipso
2827 3838 2842 3874 :
2878 3819 3003 3873 Non
3045 3816 3376 3870 manducabo
3407 3832 3528 3868 car-

1952 3933 2069 3970 nem
2139 3917 2198 3970 in
2251 3925 2546 3981 cateruam,
2609 3922 2668 3966 ut
2731 3928 2832 3965 non
2889 3909 3249 3964 scandalizent
3305 3907 3525 3977 fratrem

1951 4025 2126 4064 meum
2147 4009 2216 4062 “.
2250 4007 2317 4062 Et
2348 4007 2730 4076 unusquisque
2755 4019 2821 4058 ex
2853 4002 3072 4073 propria
3104 4001 3282 4056 forma
3327 4015 3528 4070 cognov

1952 4103 2215 4158 scendum
2258 4117 2318 4156 se
2357 4100 2565 4170 praebet
2597 4117 2612 4153 :
2646 4097 2805 4152 miles
2846 4097 3089 4167 gladium
3144 4104 3396 4164 portans,
3435 4108 3527 4147 ur-

1952 4195 2128 4250 banus
2162 4202 2342 4264 togam
2377 4206 2592 4258 gerens.
2624 4191 2804 4259 Atque
2826 4189 2880 4242 in
2917 4202 3134 4242 summa
3169 4185 3370 4256 singuli
3396 4201 3527 4255 pro-

1950 4288 2268 4360 pemodum,
2305 4285 2400 4356 qui
2451 4284 2860 4354 magistratum,
2887 4281 2971 4334 vel
3013 4290 3212 4345 artem,
3243 4280 3323 4333 vel
3367 4279 3528 4349 opifi-

1953 4381 2098 4436 cium
2127 4379 2348 4450 aliquod
2380 4377 2726 4448 profitentur,
2758 4373 3113 4445 congruentia
3149 4371 3253 4426 sibi
3290 4371 3525 4440 insignia

1951 4471 2272 4546 praeferunt.
2307 4469 2420 4525 Nec
2467 4468 2614 4524 enim
2654 4466 3000 4538 pastoritiam
3030 4464 3241 4535 virgam
3281 4463 3527 4517 medicus

1953 4565 2274 4636 gestandam
2319 4560 2634 4631 sumpserit,
2685 4573 2789 4614 nec
2837 4566 3026 4628 pastor
3069 4554 3295 4625 proprio
3326 4553 3524 4608 medici

270 4643 434 4717 τικὴν
457 4645 651 4716 ῥάϐδον
682 4645 857 4700 ἕλοιτο
885 4646 1173 4718 βαστάζειν
1197 4663 1211 4678 ο
1239 4645 1363 4701 οὒτε
1408 4647 1617 4717 ποιμὴν
1671 4649 1846 4718 ἰατρι-

1957 4657 2330 4714 ξηειτυῐηοηῑο
2377 4669 2603 4708 manmn
2649 4648 2974 4707 admoverit.
3009 4647 3166 4714 Quod
3217 4647 3262 4702 si
3293 4644 3410 4700 haec
3453 4645 3524 4698 ita

252 4737 374 4810 ¹κδν
427 4738 660 4810 ὄργανον
711 4741 806 4793 ἐπὶ
863 4743 1023 4811 χεῖρα
1071 4741 1294 4810 έχοι.Εί
1337 4740 1393 4793 δὲ
1440 4741 1613 4794 ταῦτα
1649 4739 1848 4805 οὕτως,

274 4830 458 4902 πολλῷ
484 4848 549 4900 γε
596 4832 797 4903 μᾶλλον
827 4833 1058 4886 ἐπὶτῶν
1099 4833 1483 4904 πνευματικῶν
1542 4836 1635 4888 καὶ
1693 4834 1849 4905 μεγί-

275 4942 422 4978 στων
441 4925 542 4978 οὐκ
588 4926 792 4992 ὀφείλει
823 4944 906 4991 τις
945 4927 1096 4998 παρὰ
1129 4927 1196 4981 τὰ
1221 4928 1406 4980 οἰκεῖα
1438 4928 1536 4999 τῆς
1571 4928 1853 4981 καταστά-

225 5087 232 5092 .
278 5031 441 5078 σεως,
475 5014 600 5070 οὔτε
634 5016 734 5088 ζῇν
760 5017 886 5071 οὔτε
921 5018 1504 5090 μετασχηματίζεσθαι
1527 5037 1542 5050 ο
1579 5019 1666 5072 ἵνα
1691 5017 1765 5090 μὴ
1791 5017 1852 5070 τὺ

277 5107 665 5177 ἐπηρτημένον
690 5109 840 5179 παρὰ
854 5108 948 5162 τοῦ
970 5109 1176 5181 Κυρίου
1199 5112 1395 5181 κρῖμα,
1425 5109 1500 5175 ώς
1525 5109 1618 5164 τὸν
1647 5111 1852 5181 κόσμον

279 5197 657 5263 σκανδαλίζων
687 5201 890 5275 ἀποίσῃ
923 5219 937 5232 ·
989 5194 1052 5255 οὗ
1110 5205 1402 5274 φύγοιμεν,
1441 5198 1486 5256 ὦ
1515 5202 1810 5274 τριπόθητε
1835 5216 1851 5233 ⁸

276 5291 376 5343 καὶ
407 5291 642 5361 μάλιστα
671 5295 834 5365 ἡμεῖς
870 5296 919 5347 oi
938 5296 1032 5348 καὶ
1047 5295 1246 5364 γνώσει
1263 5296 1357 5349 καὶ
1380 5279 1478 5366 βαθ
1489 5294 1574 5366 μῷ
1594 5295 1702 5349 τῶν
1725 5295 1854 5348 πολ-

277 5379 392 5434 λῶν
420 5382 792 5457 διαφέροντες.
831 5386 1068 5454 Ἐπειδὴ
1083 5387 1284 5456 κρίσις
1309 5388 1608 5458 ἀπότομος
1637 5387 1707 5442 ἐν
1727 5387 1853 5451 τοῖς

276 5475 706 5546 ὑπερέχουσιν.
746 5479 800 5532 '0
827 5479 894 5533 δὲ
922 5479 1246 5549 ἐλάχιστος
1275 5480 1688 5552 συγγνωστὸς,
1709 5479 1852 5534 καθά

1955 4761 2016 4802 se
2061 4744 2282 4808 habent,
2317 4743 2489 4797 multo
2538 4757 2674 4797 sane
2717 4740 2893 4810 magis
2943 4739 2999 4792 in
3054 4737 3436 4806 spiritualibus
3472 4746 3527 4791 et

1956 4835 2216 4892 maximis
2257 4849 2363 4889 non
2401 4833 2563 4888 debet
2591 4819 3136 4902 quisquam,‘pra3ter
3171 4843 3234 4882 ea
3261 4842 3381 4898 qua:
3413 4835 3526 4880 sta-

1954 4939 2045 4986 tus
2081 4937 2213 4984 sunt
2238 4927 2482 4997 propria,
2514 4925 2601 4979 vel
2619 4916 2683 4978 in
2716 4925 2850 4990 vita,
2873 4922 2958 4978 vel
2988 4923 3042 4976 in
3073 4921 3263 4975 habitu
3298 4927 3527 4975 externo

1955 5035 2066 5091 prae
2106 5033 2166 5073 se
2215 5015 2382 5082 ferre,
2427 5030 2497 5070 ne
2547 5014 2868 5084 impendens
2907 5028 2939 5068 a
2984 5011 3218 5066 Domino
3257 5009 3525 5080 judicium

1959 5107 2236 5180 perferat,
2291 5115 2554 5178 tanquam
2597 5105 2862 5160 mundum
2909 5102 3314 5160 scandalizans.
3369 5099 3525 5166 Quod

1951 5199 2252 5268 fugiamus,
2304 5215 2338 5254 ο
2387 5197 2714 5253 cltarissime
2747 5215 2762 5252 :
2795 5211 2895 5251 nos
2939 5195 3267 5266 praesertim,
3303 5193 3396 5263 qui
3433 5207 3525 5248 co-

1951 5291 2196 5362 gnitione
2215 5299 2270 5344 et
2295 5289 2465 5360 gradu
2491 5289 2630 5344 alios
2655 5289 2818 5359 vulgo
2843 5287 3225 5358 pracellimus.
3259 5283 3524 5350 Quoniam

1943 5383 2214 5453 judicium
2253 5382 2602 5437 durissimum
2643 5381 2725 5436 his
2750 5382 2842 5452 qui
2881 5387 3138 5450 prazsunt,
3168 5377 3278 5446 ﬁet.
3313 5367 3524 5445 Exiguo

1952 5478 2093 5532 enim
2123 5475 2429 5530 conceditur
2457 5475 2852 5540 misericordia,
2895 5475 3041 5530 sicut
3069 5473 3336 5542 scriptum
3359 5469 3522 5526 est".

352 5677 399 5712 ”
419 5676 835 5746 Ezechanm,
870 5679 957 5734 li.
1033 5680 1112 5715 w‘
1132 5679 1435 5758 Osee'ytHl.
1511 5683 1557 5718 ’δ
1581 5681 1598 5738 1
1626 5682 1752 5740 Cor.
1784 5696 1846 5735 vt:

1948 5680 1999 5735 0.
2077 5679 2160 5737 "l
2192 5679 2316 5738 Cor.
2339 5695 2394 5750 χ,
2426 5677 2515 5736 52.
2590 5674 2677 5733 “1
2703 5676 2828 5734 Cor.
2849 5690 2965 5746 vni,
2997 5675 3084 5732 l5.
3157 5673 3202 5708 ’⁷
3228 5670 3356 5746 Sap.
3374 5688 3449 5742 v1,
3469 5671 3523 5728 6.

1778 5796 2008 5856 NOTAE.

355 5867 469 5940 (28)
503 5865 561 5925 lu
585 5866 708 5928 cod.
749 5869 885 5940 Reg.
917 5869 1050 5942 ρνβ’.
