4060 6374
525 412 683 479 ’1439

1731 416 1791 475 S.
1828 415 2223 476 THEODORI
2254 415 2603 476 STUDIT/E

3653 401 3794 466 1440

531 533 601 586 Ει
636 545 855 585 rursum
892 530 1158 584 Dominus
1189 548 1202 584 :
1234 529 1335 584 Cui
1375 530 1600 584 multum
1636 529 1820 584 datum
1861 542 1960 597 est,
1989 547 2107 586 am-

2224 534 2549 603 γέγραπται.
2571 528 2681 581 Καὶ
2708 526 2869 580 πάλιν
2888 526 2917 579 ό
2941 525 3144 598 Κύριος
3163 539 3178 554 °
3201 515 3276 593 ’.ρ
3292 518 3580 589 παρέθετο
3603 517 3790 579 πολὺ,

491 670 505 693 ,γ
531 622 674 692 ptius
718 622 1016 691 requiretur
1059 623 1124 675 ab
1178 638 1238 677 eo
1265 623 1331 677 ’⁸.
1375 620 1454 676 Ne
1493 638 1593 678 nos
1640 623 1828 693 igitur,
1855 624 2106 690 obsecro,

499 689 627 784 ‘qui
677 715 773 770 lux
835 730 961 771 esse
1019 715 1319 779 debemus,
1378 730 1574 770 eorum
1638 727 1832 770 contra
1887 717 1981 786 qui
2051 717 2106 770 in

532 806 777 862 tenebris
815 817 1128 870 versantur,
1161 822 1190 862 e
1225 821 1460 860 numero
1504 808 1677 862 simus
1708 825 1721 860 :
1751 822 1874 872 nec,
1907 807 2002 876 qui
2040 807 2106 879 ad

535 895 928 964 condiendum,
969 896 1126 965 juxta
1181 895 1632 964 Evangelium”,
1681 898 1965 952 constituti
2016 913 2111 952 su-

535 1003 698 1051 mus,
751 987 1086 1041 infatuemur
1133 999 1231 1054 per
1279 985 1802 1039 inconsiderantiam
1853 1002 1867 1038 :
1917 982 2111 1038 Omnia

441 1127 448 1134 .
535 1080 749 1134 honeste
781 1089 833 1133 et
877 1078 1160 1132 secundum
1211 1078 1451 1132 ordinem
1479 1077 1611 1146 [iant
1633 1077 1698 1141 ³ο,
1729 1077 1929 1131 clamat
1963 1079 2110 1147 Apo-

536 1172 718 1225 stolus
772 1188 786 1224 :
837 1170 1023 1224 omnia
1092 1170 1160 1224 ad
1210 1171 1502 1226 utilitatem
1562 1169 1818 1238 proximi,
1878 1183 1984 1222 non
2043 1169 2111 1223 ad

541 1263 828 1317 damnum.
884 1263 1104 1316 Etcum
1154 1263 1206 1316 in
1252 1263 1322 1316 iis
1371 1261 1528 1331 ipsis,
1568 1276 1690 1330 quae
1731 1260 1891 1314 nobis
1931 1259 2113 1314 indui-

541 1363 761 1422 gentur,
804 1352 1000 1408 scissio
1034 1354 1218 1417 fuerit,
1254 1352 1357 1406 hoc
1383 1367 1604 1403 rursum
1637 1350 1839 1404 clamat
1880 1363 2113 1418 magnus

536 1444 798 1512 Basilius,
829 1460 893 1498 ac
920 1453 1094 1498 totum
1138 1459 1362 1512 prorsus
1393 1444 1559 1498 Vetus
1583 1452 1637 1496 et
1668 1442 1875 1496 Novum
1923 1441 2113 1496 Testa-

535 1546 809 1602 mentum,
847 1538 901 1591 in
939 1538 1179 1608 pr0priis
1212 1553 1486 1607 quemque
1529 1537 1730 1590 linibus
1759 1551 1824 1590 ac
1861 1536 2114 1590 moribus

534 1643 858 1699 permanere
878 1629 1144 1698 prmcipit.
1173 1630 1358 1699 Neque
1389 1643 1518 1682 vero
1553 1644 1661 1693 me,
1681 1629 1926 1692 domine,
1960 1643 2115 1682 arro-

539 1730 732 1786 ganter
764 1722 818 1774 in
857 1730 909 1777 te
945 1722 1219 1777 invectum
1259 1722 1564 1783 existimes.
1611 1722 1704 1777 sed
1731 1721 1889 1776 valde
1918 1735 2114 1774 aman-

537 1823 620 1866 ter
671 1814 888 1883 potius,
951 1824 1008 1868 et
1056 1816 1350 1870 studiose:
1411 1826 1471 1869 ut
1513 1817 1612 1884 qui
1666 1830 1789 1884 qua:
1839 1823 1933 1867 tua
1983 1821 2114 1868 sunt

2210 623 2645 694 περισσότερον
2687 619 3120 684 ἀπαιτήσουσι.
3149 616 3242 686 Μὴ
3293 609 3410 680 οῦν,
3463 607 3790 682 παρακαλῶ,

2209 719 2374 788 ἡμεῖς
2403 715 2454 768 οἱ
2483 711 2792 783 ὀφείλοντες
2823 710 2941 780 φῶς
2964 705 3106 763 εῖναι
3134 707 3245 762 τῶν
3289 707 3348 759 ἐν
3395 706 3605 766 σκότει,
3669 701 3793 754 τού-

2211 808 2424 862 ναντίον
2451 800 2603 876 ὦμεν
2637 823 2652 836 ο
2691 803 2827 874 μηδὲ
2873 803 2923 855 οἱ
2969 802 3177 865 ἁλίζειν
3223 795 3600 866 εὖαγγελικῶς
3628 810 3793 846 τεταο

2210 899 2427 970 γμένοι,
2465 895 2887 970 μωρανθείημεν
2914 893 2972 958 ἐξ
2998 889 3336 963 ἀπροσεξίας
3363 906 3377 918 ·
3411 888 3620 942 Πάντα
3694 886 3796 938 εὑ-

2212 989 2536 1059 σχημόνως
2568 987 2667 1040 καί
2714 985 2865 1038 κατὰ
2918 982 3094 1047 τάξιν
3115 981 3394 1051 γενέσθω,
3430 979 3528 1049 βοᾷ
3567 979 3598 1030 ό
3639 975 3799 1030 Ἀπό-

2215 1081 2402 1143 στολος
2433 1093 2448 1108 ⁸
2482 1078 2660 1132 πάντα
2697 1077 2835 1146 πρὸς
2857 1073 3124 1144 ὠφέλειαν
3143 1071 3236 1125 τοῦ
3273 1071 3526 1140 πλησίον,
3547 1067 3686 1121 ἀλλά
3723 1067 3798 1136 μὴ

2213 1175 2352 1244 πρὸς
2377 1172 2602 1245 βλάϐην.
2662 1169 2778 1224 Κᾶν
2811 1168 2898 1220 ἐπ’
2925 1167 3106 1220 αὐτῶν
3134 1165 3241 1219 τῶν
3266 1161 3794 1231 συγκεχωρημένων

2213 1265 2347 1335 ἡμῖν
2388 1259 2718 1329 σκινδαλμὸς
2757 1247 2985 1324 γίνοιτο,
3017 1254 3178 1308 τοῦτο
3226 1251 3391 1305 πάλιν
3427 1251 3527 1321 βοᾷ
3553 1251 3584 1302 ὁ
3624 1250 3801 1319 μέγας

2214 1355 2514 1416 Βασίλειος,
2547 1351 2643 1404 καὶ
2683 1349 2833 1402 πᾶσα
2874 1346 3064 1410 ἁπλῶς
3095 1345 3130 1415 ἦ
3173 1360 3233 1396 τε
3283 1341 3502 1396 Παλαιὰ
3553 1343 3651 1393 καὶ
3681 1339 3799 1392 Νέα

2214 1449 2504 1518 Διαθήκη,
2560 1447 2618 1498 ἐν
2669 1443 2784 1506 τοῖς
2849 1439 3002 1504 ιδίοις
3047 1438 3196 1508 ὅροις
3252 1436 3347 1490 καὶ
3397 1435 3621 1505 τρόποις
3668 1431 3802 1483 ἐκα-

2216 1560 2340 1596 στον
2363 1539 2638 1610 διαμένειν
2662 1534 3047 1606 ἐγκελεύεται·
3095 1533 3191 1586 καὶ
3223 1532 3299 1601 μή
3333 1547 3401 1600 με
3420 1529 3674 1598 νομίσῃς,
3709 1527 3800 1579 δέ·

2215 1649 2410 1696 σποτα,
2452 1628 2876 1700 κατεπαρτικῶς
2903 1643 2983 1680 σοι
3012 1623 3305 1695 ἐνεχθῆναι
3328 1638 3343 1653 ·
3380 1621 3520 1675 ἀλλά
3548 1620 3648 1673 καὶ
3678 1617 3803 1670 λίαν

2214 1723 2581 1796 ἀγαπητικῶς
2602 1723 2698 1776 καὶ
2729 1719 3163 1789 πεπονημένωςο
3195 1714 3595 1784 ἀναδεχόμενον
3621 1711 3690 1762 τὰ
3735 1708 3803 1761 σὲ

2216 1819 2275 1871 ἐν
2298 1818 2440 1887 ἐμοὶ,
2465 1815 2606 1868 κατά
2633 1813 2735 1886 τὴν
2760 1811 2869 1880 τῆς
2904 1811 3130 1879 ἀγάπης
3156 1808 3484 1875 ἀνάκρασιν,
3519 1805 3619 1856 καὶ
3649 1800 3802 1870 ἐφιέ-

539 1902 598 1956 in
656 1917 744 1957 me
791 1903 1074 1973 recipiam,
1121 1903 1277 1972 juxta
1326 1905 1614 1959 charitatis
1654 1903 2114 1959 communicatio-

2224 1876 2382 1981 μενον
2424 1876 2487 1962 τὸ
2533 1876 2966 1976 σωτήριον-τῆς-
2995 1876 3185 1972 τιμίας
3227 1916 3321 1953 σου
3369 1897 3573 1967 ψυχῆς,
3603 1893 3684 1956 ὥς
3745 1893 3804 1946 τὸ

537 2006 700 2058 nem;
741 2002 796 2049 et
818 1995 1073 2064 pretiosa
1109 1996 1305 2050 anima:
1334 2004 1439 2050 tua:
1469 1995 1700 2051 salutem
1731 1995 1946 2064 cupiam
1989 2007 2115 2064 per-

539 2085 669 2140 inde
703 2101 768 2141 ac
804 2102 1006 2142 meam.
1039 2086 1196 2154 Quod
1245 2089 1292 2143 si
1331 2087 1470 2158 quid
1501 2097 1654 2143 extra
1700 2102 1865 2158 quam
1905 2086 2116 2148 deceat,

541 2191 571 2230 a
601 2191 689 2230 me
721 2177 926 2231 dictum
959 2187 1077 2243 est;
1121 2178 1313 2233 doceat
1346 2178 1528 2232 oratio
1559 2189 1675 2244 tua,
1706 2177 2118 2244 humilitatique

539 2280 746 2326 nostra:
774 2273 1124 2342 persuadeat,
1164 2273 1421 2327 decenter
1448 2280 1502 2328 te
1527 2287 1690 2343 agere
1717 2272 1774 2326 in
1803 2271 1872 2326 iis
1901 2284 2026 2340 quae
2053 2275 2117 2323 ut

539 2362 776 2420 absurda
809 2365 1144 2434 reprehensa
1172 2375 1330 2420 sunt.

759 2499 768 2508 ο
799 2470 1134 2529 CXXXVIII.
1164 2507 1236 2517 —
1261 2473 1558 2530 Theoctisto
1587 2475 1839 2530 eremitaz.

2217 2000 2457 2073 ἐμαυτοῦ
2485 2015 2502 2031 ο
2533 2001 2582 2054 εἰ
2613 1998 2671 2054 δέ
2699 2015 2754 2051 τι
2786 1997 2894 2062 ἔξω
2931 1993 3030 2048 τοῦ
3085 1993 3299 2054 εἰκότος
3333 1989 3363 2042 ὁ
3403 1989 3565 2056 λόγος
3603 1986 3741 2057 ἔχει.
3775 1989 3803 2038 ό

2218 2093 2372 2166 παρά
2419 2091 2515 2146 σοῦ
2561 2091 2724 2160 λόγος
2774 2087 3067 2153 διδαξάτω,
3097 2085 3193 2139 καὶ
3236 2081 3485 2138 πεισάτω
3535 2079 3638 2148 τὴν
3661 2079 3804 2148 ἐμὴν

2216 2183 2658 2250 ταπείνωσιν,τά
2703 2181 2889 2235 εἰκότα
2930 2196 2992 2233 σε
3030 2177 3294 2251 πράττειν
3323 2177 3382 2229 ἐν
3425 2175 3541 2237 τοῖς
3569 2171 3808 2238 ἀπελεγ-

2214 2277 2425 2348 χθεῖσιν
2455 2275 2704 2338 ἐκτόπως
2733 2273 2899 2344 ἔχειν.

2350 2471 2502 2524 Ριιιιο
2534 2469 2668 2541 (29).
2693 2499 2759 2511 --
2783 2469 3118 2535 Θεοκτίστῳ
3150 2450 3418 2540 έρημιτῃ.
3457 2458 3661 2538 ιχιιςε)

1692 2585 1944 2634 Revocare
1965 2597 1993 2632 a
2025 2595 2170 2643 prava
2199 2580 2432 2632 doctrina
2456 2581 2650 2631 nititur.

611 2683 931 2742 Mandatum
972 2685 1092 2753 Dei,
1125 2686 1274 2758 quod
1323 2688 1495 2759 exigit
1538 2697 1600 2744 ut
1633 2688 1868 2745 invicem
1916 2689 2114 2760 diliga-

2308 2689 2373 2743 'H
2414 2689 2510 2744 τοῦ
2544 2689 2680 2743 Θεοῦ
2725 2689 2912 2760 ἐντολὴ
2955 2690 2990 2760 ἡ
3032 2686 3342 2743 ἀπαιτοῦσα
3383 2687 3536 2759 ἡμᾶς
3580 2687 3807 2758 ἀγαπᾷν

541 2793 687 2842 llus,
728 2787 782 2832 et
812 2793 990 2848 usque
1028 2778 1186 2844 adeo,
1241 2787 1302 2833 ut
1340 2780 1580 2833 animam
1631 2779 1767 2834 alter
1796 2794 1897 2849 pro
1941 2779 2116 2833 altero

2224 2782 2508 2851 ἀλλήλους,
2543 2783 2639 2835 καὶ
2668 2781 2922 2836 τοσοῦτον
2944 2782 3070 2836 ὅσον
3091 2781 3192 2850 τὴν
3221 2779 3399 2851 ψυχὴν
3425 2779 3637 2833 τιθέναι
3665 2780 3804 2847 ὑπὲρ

541 2869 900 2938 ponamus”,
949 2868 1132 2941 adegit
1161 2885 1268 2935 me,
1315 2871 1618 2940 Spiritualis
1665 2870 1855 2937 frater,
1905 2881 1967 2926 ut
2013 2872 2120 2926 ite-

2224 2874 2488 2946 ἀλλήλων,
2519 2875 2798 2944 ἠνάγκασέ
2829 2891 2918 2945 με,
2949 2873 3146 2943 ἀδελφὲ
3176 2871 3538 2943 πνευματικὲ,
3565 2873 3664 2926 καὶ
3695 2873 3802 2925 πά-

541 2971 665 3016 rato
703 2961 770 3016 ad
819 2972 871 3016 te
910 2962 1171 3025 scribam,
1201 2964 1268 3018 de
1301 2965 1479 3019 salute
1514 2976 1607 3018 tua
1649 2973 1907 3033 satagens
1942 2982 1956 3018 :
1990 2979 2116 3022 cum

2225 2967 2309 3020 λιν
2338 2965 2639 3021 ἐπιστεῖλαί
2667 2983 2773 3032 σοι,
2802 2965 3070 3019 πονοῦντα
3100 2965 3229 3036 περὶ
3253 2963 3355 3032 τῆς
3385 2963 3665 3036 σωτηρίας
3688 2979 3804 3015 σοῦ’

543 3054 762 3108 audiam
794 3053 933 3108 inter
962 3070 1061 3109 vos
1081 3063 1136 3109 et
1157 3056 1296 3111 alios
1324 3055 1525 3111 fratres
1551 3056 1961 3111 schismaticam
1993 3071 2118 3112 esse

2224 3059 2319 3113 καὶ
2362 3058 2628 3112 ἀκούοντα
2679 3058 2942 3126 διαίρεσιν
2993 3053 3136 3111 εἶναι
3179 3055 3544 3128 σχισματικὴν
3596 3055 3805 3126 μεταξὺ

545 3146 891 3212 divisionem,
934 3161 1043 3200 non
1081 3147 1380 3217 vulgarent,
1418 3147 1513 3202 scd
1541 3147 1697 3203 valde
1745 3163 1996 3219 gravem,
2044 3148 2120 3202 ita

2228 3152 2384 3224 ὑμῶν
2426 3153 2521 3206 καὶ
2559 3151 2762 3223 ἐτέρων
2794 3149 3040 3220 ἀδελφῶν
3069 3149 3131 3204 οὐ
3173 3147 3275 3222 τὴν
3325 3145 3622 3219 τυχοῦσαν,
3665 3147 3806 3200 ἀλλά

545 3245 608 3291 ιιι
636 3238 690 3290 in
719 3238 856 3292 duas
887 3251 1066 3307 partes
1096 3239 1376 3308 oppositas
1411 3239 1623 3294 divulsa
1647 3239 1717 3294 sit
1755 3239 1940 3309 populi
1975 3239 2120 3293 mul-

2224 3221 2320 3298 καὶ
2356 3243 2476 3298 λίαν
2509 3221 2772 3315 χαλεπὴν,
2795 3241 2935 3296 ὥστε
2974 3241 3070 3296 καὶ
3104 3237 3586 3312 συναπορῤαγῆναι
3611 3238 3695 3302 είς
3713 3235 3809 3291 δύο

546 3329 748 3393 titudo,
796 3328 966 3383 altera
999 3329 1154 3384 alteri
1203 3331 1462 3393 instante,
1502 3331 1802 3400 proculque
1855 3345 1886 3384 a
1935 3338 2124 3384 mutua

2229 3335 2369 3406 μέρη
2397 3334 2754 3404 ἀντικείμενα
2779 3333 2872 3387 τδν
2911 3333 3163 3402 ἀγελαῖον
3194 3331 3344 3392 λαὸν,
3373 3330 3643 3400 ἐκατέρου
3676 3329 3808 3382 ἐκα-

547 3417 937 3472 communione
981 3417 1324 3472 abscedente.
1379 3416 1580 3473 Totum
1632 3417 1738 3473 hoc
1784 3425 1967 3470 autem
2025 3416 2124 3470 Sa-

2225 3427 2370 3497 τέρῳ
2414 3426 2836 3497 προσκειμένου,
2886 3425 2982 3479 καὶ
3035 3423 3225 3496 πόρῤω
3275 3422 3648 3492 ἀφισταμένου
3704 3425 3806 3492 τῆς

550 3518 715 3575 tante,
753 3509 961 3578 antiqui
1015 3509 1321 3576 homicidae,
1367 3519 1451 3564 est
1495 3525 1655 3580 opus,
1702 3519 1757 3564 et
1806 3509 2124 3564 scandalum

2227 3517 2558 3588 ἀλληλούχου
2614 3518 2928 3582 κοινωνίας·
2981 3517 3076 3571 καὶ
3127 3516 3288 3571 τοῦτο
3337 3515 3458 3570 ὅλον
3497 3515 3660 3586 ἔργον
3710 3515 3804 3568 τοῦ

552 3600 750 3670 ingens
781 3616 795 3652 :
829 3615 957 3654 cum
988 3615 1020 3654 a
1056 3599 1287 3655 Domino
1333 3601 1539 3656 dictum
1572 3602 1645 3657 sit
1673 3619 1687 3657 :
1727 3601 1817 3656 Vw
1852 3600 2052 3654 mundo
2094 3617 2124 3653 a

2229 3611 2443 3664 Σατανᾶ
2493 3609 2590 3664 τοῦ
2655 3610 2884 3682 ἀρχαίου
2943 3609 3392 3681 ἀνθρωποκτόνου
3418 3626 3432 3640 ο
3506 3609 3604 3662 καὶ
3649 3606 3808 3661 τοῦτο

551 3691 822 3747 scandatis
840 3691 926 3746 ³¹’.
973 3690 1039 3745 Et
1066 3708 1284 3746 rursum
1333 3691 1612 3763 :Esrpedit
1660 3702 1719 3746 ut
1770 3693 2124 3760 suspendatur

2232 3701 2529 3756 σκάνδαλον
2576 3702 2748 3772 μέγαο
2794 3701 2892 3756 καὶ
2936 3701 3185 3757 λέλεκται
3226 3701 3382 3772 παρά
3423 3698 3519 3755 τοῦ
3566 3699 3804 3770 Κυρίου·

551 3783 698 3838 mola
725 3783 970 3838 asinaria
996 3785 1050 3838 in
1082 3783 1219 3838 colla
1249 3785 1383 3852 ejus,
1416 3794 1464 3838 et
1493 3785 1829 3854 demergatur
1859 3785 1911 3840 in
1957 3801 2125 3849 mare,

553 3893 712 3948 quam
756 3885 814 3931 ut
846 3877 1176 3932 scandalizet
1220 3893 1386 3932 unum
1431 3879 1496 3932 de
1522 3879 1736 3947 pusillis
1787 3880 1908 3933 istis
1933 3880 1998 3933 ".
2031 3877 2131 3932 Mi-

551 3984 757 4038 rorque
786 3985 896 4038 quo
930 3979 1088 4038 pacto
1135 3971 1437 4026 reverentia
1469 3979 1578 4034 tua,
1617 3988 1736 4042 quae
1777 3981 1855 4026 tot
1876 3971 1988 4042 jam
2035 3989 2133 4026 an-

553 4077 752 4116 norum
790 4061 970 4132 spatio
1013 4073 1318 4130 exercetur,
1363 4063 1583 4134 Deoque
1613 4065 1875 4131 adhaeret,
1926 4066 1993 4120 de
2026 4066 2132 4120 hoc

554 4152 802 4222 periculo
846 4154 983 4208 nihil
1031 4154 1266 4210 sollicita
1319 4155 1435 4210 sit:
1472 4156 1639 4225 quod,
1689 4155 1796 4210 nisi
1845 4156 1991 4210 omni
2037 4164 2132 4209 tuo

554 4244 738 4301 studio
770 4261 836 4302 ac
869 4246 1150 4318 diligentia
1192 4247 1518 4317 corrigatur,
1563 4263 1672 4302 non
1711 4248 1875 4303 modo
1914 4247 2133 4302 inanem

553 4337 771 4408 penitus
814 4340 1262 4394 exercitationem
1310 4349 1458 4394 tuam
1493 4339 1698 4404 reddet,
1733 4355 1922 4394 verum
1966 4340 2131 4395 etiam
2166 4405 2178 4417 ο

555 4440 631 4500 te,
657 4433 802 4504 quod
833 4432 999 4495 absit,
1033 4432 1189 4502 longe
1232 4449 1261 4486 a
1300 4431 1410 4486 Deo
1457 4432 1822 4487 submovebit.
1861 4431 1983 4499 Quo
2035 4431 2136 4487 im-

2235 3797 2382 3850 Οὑαὶ
2411 3793 2490 3861 τῷ
2520 3796 2726 3864 κόσμῳ
2751 3795 2866 3848 ἀπὸ
2896 3792 3017 3847 τῶν
3044 3792 3427 3848 σκανδάλων.
3462 3791 3574 3847 Καὶ
3601 3791 3771 3846 πάλιν
3791 3807 3805 3821 ο

2233 3886 2527 3956 Συμφέρει
2556 3888 2656 3941 ἵνα
2679 3887 2875 3956 μύλος
2919 3886 3120 3952 ὀνικὸς
3155 3885 3300 3952 δεθῇ
3344 3883 3478 3954 περί
3518 3885 3627 3938 τὸν
3671 3884 3807 3951 τρά-

2231 3983 2428 4049 χηλον
2455 3979 2675 4042 αὑτοῦ,
2703 3978 2803 4032 καὶ
2821 3976 2974 4046 prmi
3002 3979 3090 4044 εἰς
3120 3975 3235 4044 τὴν
3261 3975 3609 4039 θάλασσαν,
3639 3974 3680 4042 ἢ
3709 3975 3808 4026 ἵνα

2232 4055 2619 4137 σκανδαλίσῃ
2669 4069 2778 4122 ἕνα
2838 4070 3066 4121 τούτων
3117 4066 3236 4121 τῶν
3283 4067 3645 4135 ἐλαχίστων.
3699 4067 3807 4118 Καὶ

2235 4158 2500 4229 θαυμάζω
2546 4159 2662 4222 πῶς
2705 4160 2739 4230 ἡ
2773 4159 3026 4228 τιμιότης
3068 4175 3184 4221 σου,
3230 4155 3475 4210 ἀσκοῦσα
3502 4156 3597 4208 καὶ
3636 4171 3804 4225 προσ-

2234 4251 2464 4320 κειμένη
2510 4249 2630 4321 Θεῷ
2663 4251 2720 4302 ἐν
2748 4249 3025 4313 τοσούτοις
3055 4249 3255 4317 ἔτεσιν,
3289 4245 3662 4320 ἀφροντίστως
3697 4247 3805 4316 ἔχει

2235 4343 2366 4415 περὶ
2409 4341 2504 4396 τοῦ
2549 4340 2798 4397 κινδύνου
2826 4341 3048 4396 τούτου·
3092 4341 3152 4404 ὃς
3186 4343 3234 4395 εί
3282 4339 3356 4412 μὴ
3400 4337 3686 4410 διωρθωθῇ
3724 4337 3806 4390 διὰ

2237 4435 2420 4506 πάσης
2450 4435 2688 4505 σπουδῆς
2719 4451 2811 4486 σου
2841 4434 2938 4487 καὶ
2967 4433 3286 4504 ἐπιμελείας
3311 4473 3327 4499 ,
3356 4433 3417 4486 οὐ
3447 4432 3607 4502 μόνον
3647 4429 3808 4500 κενὴν

558 4526 748 4597 pulsus
777 4523 964 4580 fratris
1001 4540 1214 4589 amans,
1248 4524 1438 4588 frater,
1476 4535 1601 4579 ante
1639 4534 1748 4579 tres
1781 4541 1972 4590 annos,
2005 4542 2124 4581 cum

2239 4528 2421 4583 πᾶσάν
2453 4543 2545 4580 σου
2579 4526 2679 4596 τὴν
2710 4525 2943 4595 ἄσκησιν
2977 4525 3270 4597 ἐργάσεται
3289 4565 3306 4591 ,
3337 4523 3472 4578 ἀλλά
3497 4524 3592 4576 καὶ
3625 4523 3808 4594 πόρρω

561 4620 790 4690 Smyrna
812 4618 1028 4674 rediens
1050 4619 1229 4673 isthuc
1245 4618 1792 4688 appropinquassem,
1815 4627 1868 4672 et
1891 4619 2124 4673 schisma

2237 4637 2296 4674 σε
2337 4618 2472 4673 Θεοῦ
2518 4620 2770 4688 ποιήσει,
2811 4617 2840 4670 ὃ
2873 4615 2949 4687 μὴ
2974 4617 3208 4686 γένοιτο.
3255 4616 3353 4669 Διά
3381 4613 3561 4681 τοῦτο,
3592 4613 3803 4682 ἀδελφέ,

559 4709 898 4776 didicissem,
925 4710 1121 4779 scripsi
1147 4710 1213 4764 ad
1231 4721 1282 4764 te
1306 4726 1426 4780 qua:
1450 4709 1753 4774 audieram,
1777 4718 1832 4763 et
1853 4711 2131 4779 quomodo

559 4801 628 4855 de
676 4802 904 4856 veritate
967 4803 1171 4856 sentire
1233 4811 1284 4856 te
1343 4809 1648 4872 Oporteret,
1717 4810 1771 4857 et
1817 4802 2135 4872 impendens

561 4891 810 4946 scandali
857 4891 1164 4962 periculum
1200 4892 1461 4964 eﬂ‘ugere.
1502 4889 1583 4945 Tu
1608 4906 1742 4946 vero
1786 4907 1897 4946 non
1939 4892 2136 4946 rescri-

559 4982 719 5054 psisti
754 4983 886 5038 milii
922 5003 935 5038 :
964 4991 1021 5039 et
1058 4985 1255 5040 iterum
1287 4983 1609 5056 signiﬁcavi,
1647 4991 1702 5038 et
1733 4984 1868 5039 mihi
1907 4999 2018 5038 non
2047 5000 2134 5039 re-

561 5075 857 5147 spondisti.
889 5076 1049 5144 Quod
1083 5078 1303 5148 quidem
1341 5075 1694 5132 manifestum
1733 5087 1817 5134 est
1844 5093 2142 5148 argumen-

565 5179 703 5233 tum,
741 5168 883 5224 nolle
909 5179 961 5224 te
988 5169 1099 5224 Deo
1129 5171 1357 5234 servire,
1388 5185 1488 5224 nec
1514 5169 1662 5224 circa
1690 5170 1974 5224 veritatem
1997 5179 2145 5223 recte

561 5261 840 5316 incedere.
880 5261 1110 5334 Ignosce
1154 5263 1314 5328 mihi,
1369 5279 1471 5319 nec
1510 5279 1653 5334 aagre
1682 5262 1828 5318 feras
1877 5279 1965 5317 me
1995 5262 2140 5332 quod

561 5369 753 5409 verum
801 5364 886 5411 est
930 5355 1134 5411 dicere.
1190 5353 1465 5426 Scriptum
1523 5365 1654 5411 est:
1697 5354 1887 5409 Palam
1947 5371 2138 5426 argues

562 5446 867 5516 proximum
905 5457 1078 5514 tuum,
1131 5456 1182 5501 et
1214 5463 1318 5502 non
1349 5447 1773 5518 coinquinaberis
1817 5457 2033 5517 peccato
2071 5446 2137 5501 il-

646 5634 697 5670 "
722 5633 858 5694 Luc.
897 5651 1000 5705 xu,
1031 5636 1124 5694 48.
1183 5637 1230 5670 ”
1252 5634 1444 5695 Matth.
1478 5652 1534 5705 v,
1563 5636 1651 5694 I3.
1727 5636 1772 5671 ³ο
1797 5635 1816 5691 I
1838 5634 1966 5693 Cor.
2003 5650 2119 5699 xxv,
2152 5631 2245 5688 40.
2307 5631 2529 5694 “Joan.
2564 5651 2652 5705 xv,
2684 5636 2770 5694 I2.

2232 4711 2567 4782 φιλαδέλφως
2615 4709 2858 4780 κινηθεὶς
2888 4708 2994 4779 πρὸ
3025 4708 3191 4781 τριῶν
3242 4707 3417 4773 ἐτῶν,
3446 4708 3609 4777 ἡνίκα
3645 4706 3804 4776 tm,

2233 4804 2397 4858 σίασα
2447 4805 2561 4867 τοῖς
2608 4801 2798 4856 αὐτόθι
2846 4801 2953 4855 ἀπὸ
3005 4800 3264 4872 Σμύρνης
3317 4799 3556 4855 ἐπανιὼν
3611 4801 3705 4852 καὶ
3747 4799 3804 4852 τὸ

2234 4895 2443 4966 σχίσμα
2475 4893 2830 4965 μεμαθηκὼς,
2863 4884 3078 4965 ἔγραψά
3123 4911 3205 4946 σοι
3248 4892 3394 4964 ἅπερ
3441 4894 3674 4962 ἀκήκοα,
3713 4895 3802 4944 καὶ

2231 4988 2308 5053 ὼς
2331 4987 2412 5040 δεῖ
2438 5003 2496 5039 σε
2525 4989 2743 5057 φρονεῖν
2775 4987 2904 5056 περὶ
2931 4986 3032 5056 τῆς
3072 4985 3351 5056 ἀληθείας,
3384 4985 3480 5040 καλ⁹
3506 4985 3583 5048 ὡς
3620 4985 3802 5052 φυγεῖν

2233 5080 2326 5134 τὸν
2360 5078 2744 5150 ἐπηρτημένον
2775 5079 3020 5133 κίνδυνον
3044 5077 3139 5132 τοῦ
3191 5079 3517 5133 σκανδάλου.
3562 5078 3671 5130 Καὶ
3707 5076 3800 5128 οὐκ

2235 5171 2578 5244 ἀντέγραψάς
2645 5187 2771 5244 μοι’
2825 5173 2921 5226 καὶ
2973 5172 3138 5227 πάλιν
3187 5171 3507 5243 δεδήλωκα,
3562 5171 3653 5224 καὶ
3706 5170 3798 5221 οὐκ

2237 5263 2547 5335 ἀπεκρίθης
2597 5279 2722 5335 μοι’
2760 5265 2850 5318 καὶ
2879 5265 3038 5319 τοῦτο
3080 5266 3383 5338 κατηγορία
3415 5264 3674 5335 ἐναργὴς,
3710 5260 3796 5314 τοῦ

2241 5353 2318 5425 μὴ
2343 5352 2519 5407 θέλειν
2545 5369 2603 5406 σε
2631 5353 2763 5407 Θεὸν
2790 5354 3138 5426 θεραπεύειν,
3173 5355 3310 5428 μηδὲ
3341 5341 3649 5426 ὀρθοποδείν
3675 5352 3794 5419 περὶ

2236 5445 2335 5518 τὴν
2362 5447 2644 5518 ἀλήθειαν.
2672 5448 2782 5501 Καὶ
2809 5447 3188 5521 συγχώρησον,
3215 5449 3290 5521 μὴ
3319 5446 3794 5519 καταγανακτὴσῃς

2883 5638 2951 5672 ³⁸·
2972 5634 3160 5724 Μειιιι.
3190 5650 3347 5706 xvut,
3376 5634 3462 5714 7.,
3510 5635 3553 5668 ⁸⁹
3575 5629 3700 5692 ibid.
3732 5627 3788 5686 6.

2080 5747 2310 5807 NOTAE.

641 5845 764 5919 (29)
790 5847 850 5904 In
878 5847 1000 5906 cod.
1043 5848 1172 5922 Reg.
1199 5851 1334 5921 ρνγ’.
