  <div class='ocr_page' id='page_1' title='image "/cluster/home/n/w/nwhite01/storage/ocr_20150623/99/hvd.32044024464356/728.png"; bbox 0 0 4060 6374; ppageno 0'>
   <div class='ocr_carea' id='block_1_1' title="bbox 275 339 410 406">
    <p class='ocr_par' dir='ltr' id='par_1_1' title="bbox 275 339 410 406">
     <span class='ocr_line' id='line_1_1' title="bbox 275 339 410 406; baseline 0.015 -2"><span class='ocrx_word' id='word_1_1' title='bbox 275 339 410 406; x_wconf 75' lang='lat' dir='ltr'><strong>M41-</strong></span> 
     </span>
    </p>
   </div>
   <div class='ocr_carea' id='block_1_2' title="bbox 1471 347 2337 413">
    <p class='ocr_par' dir='ltr' id='par_1_2' title="bbox 1471 347 2337 413">
     <span class='ocr_line' id='line_1_2' title="bbox 1471 347 2337 413; baseline -0.001 -5"><span class='ocrx_word' id='word_1_2' title='bbox 1471 349 2008 413; x_wconf 82' lang='lat' dir='ltr'><strong>EPISTOLARUM</strong></span> <span class='ocrx_word' id='word_1_3' title='bbox 2047 350 2209 410; x_wconf 70' lang='lat' dir='ltr'><strong>iLIB.</strong></span> <span class='ocrx_word' id='word_1_4' title='bbox 2249 347 2308 408; x_wconf 92' lang='lat' dir='ltr'>II</span> <span class='ocrx_word' id='word_1_5' title='bbox 2323 393 2337 408; x_wconf 95' lang='lat'><strong>.</strong></span> 
     </span>
    </p>
   </div>
   <div class='ocr_carea' id='block_1_3' title="bbox 3406 339 3542 403">
    <p class='ocr_par' dir='ltr' id='par_1_3' title="bbox 3406 339 3542 403">
     <span class='ocr_line' id='line_1_3' title="bbox 3406 339 3542 403; baseline 0 0"><span class='ocrx_word' id='word_1_6' title='bbox 3406 339 3542 403; x_wconf 72' lang='grc'>1442</span> 
     </span>
    </p>
   </div>
   <div class='ocr_carea' id='block_1_4' title="bbox 274 439 1849 534">
    <p class='ocr_par' dir='ltr' id='par_1_4' title="bbox 274 456 1849 534">
     <span class='ocr_line' id='line_1_4' title="bbox 274 456 1849 534; baseline 0.003 -22"><span class='ocrx_word' id='word_1_7' title='bbox 274 476 378 530; x_wconf 91' lang='grc' dir='ltr'><strong>μου</strong></span> <span class='ocrx_word' id='word_1_8' title='bbox 419 456 672 526; x_wconf 78' lang='grc' dir='ltr'>λέγοντος</span> <span class='ocrx_word' id='word_1_9' title='bbox 695 457 754 511; x_wconf 83' lang='grc' dir='ltr'><strong>τδ</strong></span> <span class='ocrx_word' id='word_1_10' title='bbox 776 456 995 530; x_wconf 84' lang='grc' dir='ltr'>ἀληθές.</span> <span class='ocrx_word' id='word_1_11' title='bbox 1015 457 1330 528; x_wconf 76' lang='grc' dir='ltr'>Γέγραπται</span> <span class='ocrx_word' id='word_1_12' title='bbox 1349 475 1362 490; x_wconf 74' lang='grc' dir='ltr'><strong><em>ο</em></strong></span> <span class='ocrx_word' id='word_1_13' title='bbox 1394 460 1652 532; x_wconf 71' lang='grc' dir='ltr'>Ἐλεγμῲ</span> <span class='ocrx_word' id='word_1_14' title='bbox 1684 464 1849 534; x_wconf 76' lang='grc' dir='ltr'><strong>ἑλέτ-</strong></span> 
     </span>
    </p>
   </div>
   <div class='ocr_carea' id='block_1_5' title="bbox 1951 439 3544 534">
    <p class='ocr_par' dir='ltr' id='par_1_5' title="bbox 1961 439 3544 530">
     <span class='ocr_line' id='line_1_5' title="bbox 1961 439 3544 530; baseline -0.003 -13"><span class='ocrx_word' id='word_1_15' title='bbox 1961 464 2068 519; x_wconf 85' lang='lat' dir='ltr'><strong>lius</strong></span> <span class='ocrx_word' id='word_1_16' title='bbox 2091 463 2156 518; x_wconf 86' lang='grc'><strong>³³.</strong></span> <span class='ocrx_word' id='word_1_17' title='bbox 2181 464 2258 516; x_wconf 88' lang='grc' dir='ltr'>Εη</span> <span class='ocrx_word' id='word_1_18' title='bbox 2289 475 2392 530; x_wconf 89' lang='lat' dir='ltr'><strong>ego</strong></span> <span class='ocrx_word' id='word_1_19' title='bbox 2423 457 2610 521; x_wconf 89' lang='lat' dir='ltr'><strong>miser,</strong></span> <span class='ocrx_word' id='word_1_20' title='bbox 2643 458 2860 514; x_wconf 92' lang='lat' dir='ltr'><strong>tametsi</strong></span> <span class='ocrx_word' id='word_1_21' title='bbox 2889 467 2940 514; x_wconf 91' lang='lat' dir='ltr'><strong>te</strong></span> <span class='ocrx_word' id='word_1_22' title='bbox 2969 439 3250 530; x_wconf 80' lang='lat' dir='ltr'><strong>nunquam</strong></span> <span class='ocrx_word' id='word_1_23' title='bbox 3277 456 3412 523; x_wconf 84' lang='lat' dir='ltr'><strong>vid-i,</strong></span> <span class='ocrx_word' id='word_1_24' title='bbox 3437 458 3544 512; x_wconf 87' lang='lat' dir='ltr'><strong>hoc</strong></span> 
     </span>
    </p>
   </div>
   <div class='ocr_carea' id='block_1_6' title="bbox 272 549 1858 621">
    <p class='ocr_par' dir='ltr' id='par_1_6' title="bbox 272 549 1858 621">
     <span class='ocr_line' id='line_1_6' title="bbox 272 549 1858 621; baseline 0.003 -16"><span class='ocrx_word' id='word_1_25' title='bbox 272 552 400 618; x_wconf 78' lang='grc' dir='ltr'>ξεις</span> <span class='ocrx_word' id='word_1_26' title='bbox 443 549 550 604; x_wconf 86' lang='grc' dir='ltr'>τὸν</span> <span class='ocrx_word' id='word_1_27' title='bbox 599 551 870 618; x_wconf 76' lang='grc' dir='ltr'><strong>πλησίον</strong></span> <span class='ocrx_word' id='word_1_28' title='bbox 909 565 1048 616; x_wconf 85' lang='grc' dir='ltr'>σου,</span> <span class='ocrx_word' id='word_1_29' title='bbox 1093 551 1192 604; x_wconf 74' lang='grc' dir='ltr'>καὶ</span> <span class='ocrx_word' id='word_1_30' title='bbox 1227 553 1300 606; x_wconf 90' lang='grc' dir='ltr'>οὐ</span> <span class='ocrx_word' id='word_1_31' title='bbox 1336 553 1508 621; x_wconf 69' lang='grc' dir='ltr'><strong>λήψῃ</strong></span> <span class='ocrx_word' id='word_1_32' title='bbox 1547 553 1622 607; x_wconf 85' lang='grc' dir='ltr'>δι’</span> <span class='ocrx_word' id='word_1_33' title='bbox 1668 555 1858 609; x_wconf 83' lang='grc' dir='ltr'>αὐτὸν</span> 
     </span>
    </p>
   </div>
   <div class='ocr_carea' id='block_1_7' title="bbox 269 640 1856 714">
    <p class='ocr_par' dir='ltr' id='par_1_7' title="bbox 269 640 1856 714">
     <span class='ocr_line' id='line_1_7' title="bbox 269 640 1856 714; baseline 0.002 -18"><span class='ocrx_word' id='word_1_34' title='bbox 269 643 587 712; x_wconf 78' lang='grc' dir='ltr'>ἁμαρτίαν.</span> <span class='ocrx_word' id='word_1_35' title='bbox 615 641 747 696; x_wconf 81' lang='grc' dir='ltr'>Ἰδοὺ</span> <span class='ocrx_word' id='word_1_36' title='bbox 773 640 883 709; x_wconf 80' lang='grc' dir='ltr'>ἐγὼ</span> <span class='ocrx_word' id='word_1_37' title='bbox 909 642 937 693; x_wconf 86' lang='grc' dir='ltr'>ὁ</span> <span class='ocrx_word' id='word_1_38' title='bbox 956 642 1145 705; x_wconf 82' lang='grc' dir='ltr'><strong>τάλας,</strong></span> <span class='ocrx_word' id='word_1_39' title='bbox 1172 641 1374 710; x_wconf 86' lang='grc' dir='ltr'>καίπερ</span> <span class='ocrx_word' id='word_1_40' title='bbox 1399 643 1472 714; x_wconf 83' lang='grc' dir='ltr'>μὴ</span> <span class='ocrx_word' id='word_1_41' title='bbox 1500 644 1622 697; x_wconf 85' lang='grc' dir='ltr'>ίδὼν</span> <span class='ocrx_word' id='word_1_42' title='bbox 1653 663 1711 699; x_wconf 89' lang='grc' dir='ltr'><strong>σε</strong></span> <span class='ocrx_word' id='word_1_43' title='bbox 1737 645 1856 699; x_wconf 86' lang='grc' dir='ltr'><strong>πώ-</strong></span> 
     </span>
    </p>
   </div>
   <div class='ocr_carea' id='block_1_8' title="bbox 269 733 1858 809">
    <p class='ocr_par' dir='ltr' id='par_1_8' title="bbox 269 733 1858 809">
     <span class='ocr_line' id='line_1_8' title="bbox 269 733 1858 809; baseline 0.003 -21"><span class='ocrx_word' id='word_1_44' title='bbox 269 753 438 800; x_wconf 84' lang='grc' dir='ltr'>ποτε,</span> <span class='ocrx_word' id='word_1_45' title='bbox 485 734 602 788; x_wconf 77' lang='grc' dir='ltr'>ἀλλ’</span> <span class='ocrx_word' id='word_1_46' title='bbox 632 734 714 787; x_wconf 85' lang='grc' dir='ltr'>ὅτι</span> <span class='ocrx_word' id='word_1_47' title='bbox 745 733 976 804; x_wconf 81' lang='grc' dir='ltr'>ἀδελφὸς</span> <span class='ocrx_word' id='word_1_48' title='bbox 1021 733 1164 787; x_wconf 78' lang='grc' dir='ltr'>κατὰ</span> <span class='ocrx_word' id='word_1_49' title='bbox 1208 733 1469 804; x_wconf 84' lang='grc' dir='ltr'>Χριστὸν,</span> <span class='ocrx_word' id='word_1_50' title='bbox 1512 737 1615 790; x_wconf 79' lang='grc' dir='ltr'><strong>οὐκ</strong></span> <span class='ocrx_word' id='word_1_51' title='bbox 1649 739 1858 809; x_wconf 69' lang='grc' dir='ltr'>ἤνεγκα</span> 
     </span>
    </p>
   </div>
   <div class='ocr_carea' id='block_1_9' title="bbox 269 825 1856 898">
    <p class='ocr_par' dir='ltr' id='par_1_9' title="bbox 269 825 1856 898">
     <span class='ocr_line' id='line_1_9' title="bbox 269 825 1856 898; baseline 0.003 -18"><span class='ocrx_word' id='word_1_52' title='bbox 269 828 370 895; x_wconf 79' lang='grc' dir='ltr'><strong>τὴν</strong></span> <span class='ocrx_word' id='word_1_53' title='bbox 417 825 588 896; x_wconf 83' lang='grc' dir='ltr'>ἀκοὴν</span> <span class='ocrx_word' id='word_1_54' title='bbox 620 825 804 896; x_wconf 77' lang='grc' dir='ltr'>φόϐῳ·</span> <span class='ocrx_word' id='word_1_55' title='bbox 848 826 1066 897; x_wconf 81' lang='grc' dir='ltr'>ἐλεγμῷ</span> <span class='ocrx_word' id='word_1_56' title='bbox 1118 826 1176 879; x_wconf 86' lang='grc' dir='ltr'>δὲ</span> <span class='ocrx_word' id='word_1_57' title='bbox 1218 826 1459 896; x_wconf 72' lang='grc' dir='ltr'>ἤλεγξαο</span> <span class='ocrx_word' id='word_1_58' title='bbox 1516 832 1856 898; x_wconf 82' lang='grc' dir='ltr'><strong>παρακαλῶν</strong></span> 
     </span>
    </p>
   </div>
   <div class='ocr_carea' id='block_1_10' title="bbox 271 918 1856 994">
    <p class='ocr_par' dir='ltr' id='par_1_10' title="bbox 271 918 1856 994">
     <span class='ocr_line' id='line_1_10' title="bbox 271 918 1856 994; baseline 0.002 -22"><span class='ocrx_word' id='word_1_59' title='bbox 271 919 648 990; x_wconf 86' lang='grc' dir='ltr'>παρεκάλεσα,</span> <span class='ocrx_word' id='word_1_60' title='bbox 679 918 1045 988; x_wconf 81' lang='grc' dir='ltr'><strong>ἀποδυόμενος</strong></span> <span class='ocrx_word' id='word_1_61' title='bbox 1067 918 1128 972; x_wconf 82' lang='grc' dir='ltr'><strong>τὸ</strong></span> <span class='ocrx_word' id='word_1_62' title='bbox 1161 921 1359 991; x_wconf 84' lang='grc' dir='ltr'>κρῖμα,</span> <span class='ocrx_word' id='word_1_63' title='bbox 1403 924 1498 973; x_wconf 77' lang='grc' dir='ltr'><strong>καὶ</strong></span> <span class='ocrx_word' id='word_1_64' title='bbox 1549 923 1720 990; x_wconf 81' lang='grc' dir='ltr'>φιλῶν</span> <span class='ocrx_word' id='word_1_65' title='bbox 1757 924 1856 994; x_wconf 83' lang='grc' dir='ltr'>τὴν</span> 
     </span>
    </p>
   </div>
   <div class='ocr_carea' id='block_1_11' title="bbox 273 1011 1858 1084">
    <p class='ocr_par' dir='ltr' id='par_1_11' title="bbox 273 1011 1858 1084">
     <span class='ocr_line' id='line_1_11' title="bbox 273 1011 1858 1084; baseline 0.003 -20"><span class='ocrx_word' id='word_1_66' title='bbox 273 1011 552 1082; x_wconf 77' lang='grc' dir='ltr'><strong>σωτηρίαν</strong></span> <span class='ocrx_word' id='word_1_67' title='bbox 583 1027 699 1064; x_wconf 90' lang='grc' dir='ltr'>σου.</span> <span class='ocrx_word' id='word_1_68' title='bbox 730 1011 854 1074; x_wconf 85' lang='grc' dir='ltr'><strong>Πῶς</strong></span> <span class='ocrx_word' id='word_1_69' title='bbox 882 1011 1048 1074; x_wconf 79' lang='grc' dir='ltr'>αὐτὸς</span> <span class='ocrx_word' id='word_1_70' title='bbox 1075 1013 1104 1064; x_wconf 88' lang='grc' dir='ltr'>ὁ</span> <span class='ocrx_word' id='word_1_71' title='bbox 1147 1011 1458 1083; x_wconf 75' lang='grc' dir='ltr'>ἐγκληθεὶς,</span> <span class='ocrx_word' id='word_1_72' title='bbox 1485 1014 1697 1067; x_wconf 73' lang='grc' dir='ltr'>καὶτοῦ</span> <span class='ocrx_word' id='word_1_73' title='bbox 1739 1015 1858 1084; x_wconf 79' lang='grc' dir='ltr'>σχί-</span> 
     </span>
    </p>
   </div>
   <div class='ocr_carea' id='block_1_12' title="bbox 271 1103 1855 1177">
    <p class='ocr_par' dir='ltr' id='par_1_12' title="bbox 271 1103 1855 1177">
     <span class='ocr_line' id='line_1_12' title="bbox 271 1103 1855 1177; baseline 0.002 -22"><span class='ocrx_word' id='word_1_74' title='bbox 271 1120 481 1173; x_wconf 85' lang='grc' dir='ltr'>σματος</span> <span class='ocrx_word' id='word_1_75' title='bbox 509 1103 726 1174; x_wconf 81' lang='grc' dir='ltr'>πατὴρ,</span> <span class='ocrx_word' id='word_1_76' title='bbox 753 1104 919 1166; x_wconf 80' lang='grc' dir='ltr'><strong>οἴσεις</strong></span> <span class='ocrx_word' id='word_1_77' title='bbox 960 1103 1021 1157; x_wconf 79' lang='grc' dir='ltr'>τὸ</span> <span class='ocrx_word' id='word_1_78' title='bbox 1063 1105 1274 1175; x_wconf 85' lang='grc' dir='ltr'>κρῖμα;</span> <span class='ocrx_word' id='word_1_79' title='bbox 1307 1104 1425 1169; x_wconf 87' lang='grc' dir='ltr'><strong>πῶς</strong></span> <span class='ocrx_word' id='word_1_80' title='bbox 1452 1105 1506 1157; x_wconf 88' lang='grc' dir='ltr'>δὲ</span> <span class='ocrx_word' id='word_1_81' title='bbox 1539 1105 1855 1177; x_wconf 80' lang='grc' dir='ltr'>ἀπολογήσῃ</span> 
     </span>
    </p>
   </div>
   <div class='ocr_carea' id='block_1_13' title="bbox 268 1193 1856 1265">
    <p class='ocr_par' dir='ltr' id='par_1_13' title="bbox 268 1193 1856 1265">
     <span class='ocr_line' id='line_1_13' title="bbox 268 1193 1856 1265; baseline 0.001 -18"><span class='ocrx_word' id='word_1_82' title='bbox 268 1195 350 1264; x_wconf 79' lang='grc' dir='ltr'>τῷ</span> <span class='ocrx_word' id='word_1_83' title='bbox 379 1194 600 1265; x_wconf 80' lang='grc' dir='ltr'>Χριστῷ</span> <span class='ocrx_word' id='word_1_84' title='bbox 635 1194 774 1264; x_wconf 82' lang='grc' dir='ltr'>ὑπὲρ</span> <span class='ocrx_word' id='word_1_85' title='bbox 797 1193 1056 1248; x_wconf 83' lang='grc' dir='ltr'>τοσούτου</span> <span class='ocrx_word' id='word_1_86' title='bbox 1093 1193 1226 1247; x_wconf 89' lang='grc' dir='ltr'>λαοῦ</span> <span class='ocrx_word' id='word_1_87' title='bbox 1254 1193 1611 1264; x_wconf 79' lang='grc' dir='ltr'>εὐθυνόμενος</span> <span class='ocrx_word' id='word_1_88' title='bbox 1625 1194 1856 1263; x_wconf 74' lang='grc' dir='ltr'><strong>;1’1ωάν-</strong></span> 
     </span>
    </p>
   </div>
   <div class='ocr_carea' id='block_1_14' title="bbox 268 1283 1858 1354">
    <p class='ocr_par' dir='ltr' id='par_1_14' title="bbox 268 1283 1858 1354">
     <span class='ocr_line' id='line_1_14' title="bbox 268 1283 1858 1354; baseline 0.001 -18"><span class='ocrx_word' id='word_1_89' title='bbox 268 1303 363 1340; x_wconf 89' lang='grc' dir='ltr'><strong>νου</strong></span> <span class='ocrx_word' id='word_1_90' title='bbox 390 1284 484 1337; x_wconf 87' lang='grc' dir='ltr'><strong>τοῦ</strong></span> <span class='ocrx_word' id='word_1_91' title='bbox 515 1284 826 1354; x_wconf 80' lang='grc' dir='ltr'>προδρόμου</span> <span class='ocrx_word' id='word_1_92' title='bbox 877 1285 926 1336; x_wconf 84' lang='grc' dir='ltr'>εἰ</span> <span class='ocrx_word' id='word_1_93' title='bbox 957 1283 1019 1336; x_wconf 84' lang='grc' dir='ltr'><strong>τὸ</strong></span> <span class='ocrx_word' id='word_1_94' title='bbox 1064 1283 1228 1354; x_wconf 75' lang='grc' dir='ltr'>ἔργον</span> <span class='ocrx_word' id='word_1_95' title='bbox 1261 1283 1428 1354; x_wconf 80' lang='grc' dir='ltr'><strong>ἔχοις,</strong></span> <span class='ocrx_word' id='word_1_96' title='bbox 1471 1283 1626 1337; x_wconf 88' lang='grc' dir='ltr'>κενόν</span> <span class='ocrx_word' id='word_1_97' title='bbox 1661 1300 1720 1336; x_wconf 90' lang='grc' dir='ltr'><strong>σε</strong></span> <span class='ocrx_word' id='word_1_98' title='bbox 1759 1288 1858 1354; x_wconf 81' lang='grc' dir='ltr'>τῆς</span> 
     </span>
    </p>
   </div>
   <div class='ocr_carea' id='block_1_15' title="bbox 271 1377 1856 1450">
    <p class='ocr_par' dir='ltr' id='par_1_15' title="bbox 271 1377 1856 1450">
     <span class='ocr_line' id='line_1_15' title="bbox 271 1377 1856 1450; baseline -0.001 -19"><span class='ocrx_word' id='word_1_99' title='bbox 271 1379 550 1448; x_wconf 77' lang='grc' dir='ltr'>βασιλείας</span> <span class='ocrx_word' id='word_1_100' title='bbox 577 1377 896 1447; x_wconf 77' lang='grc' dir='ltr'><strong>ἀποπέμψει</strong></span> <span class='ocrx_word' id='word_1_101' title='bbox 924 1377 1020 1430; x_wconf 85' lang='grc' dir='ltr'><strong>τοῦ</strong></span> <span class='ocrx_word' id='word_1_102' title='bbox 1053 1379 1210 1443; x_wconf 83' lang='grc' dir='ltr'>Θεοῦ,</span> <span class='ocrx_word' id='word_1_103' title='bbox 1234 1379 1283 1430; x_wconf 79' lang='grc' dir='ltr'>εἰ</span> <span class='ocrx_word' id='word_1_104' title='bbox 1311 1378 1385 1448; x_wconf 75' lang='grc' dir='ltr'>μὴ</span> <span class='ocrx_word' id='word_1_105' title='bbox 1419 1377 1856 1450; x_wconf 80' lang='grc' dir='ltr'>προκαταλάϐοις</span> 
     </span>
    </p>
   </div>
   <div class='ocr_carea' id='block_1_16' title="bbox 267 1462 1855 1540">
    <p class='ocr_par' dir='ltr' id='par_1_16' title="bbox 267 1462 1855 1540">
     <span class='ocr_line' id='line_1_16' title="bbox 267 1462 1855 1540; baseline -0.001 -18"><span class='ocrx_word' id='word_1_106' title='bbox 267 1469 690 1540; x_wconf 78' lang='grc' dir='ltr'>διορθώσασθαι.</span> <span class='ocrx_word' id='word_1_107' title='bbox 737 1469 833 1532; x_wconf 86' lang='grc' dir='ltr'>Τίς</span> <span class='ocrx_word' id='word_1_108' title='bbox 870 1469 926 1522; x_wconf 81' lang='grc' dir='ltr'><strong>δὲ</strong></span> <span class='ocrx_word' id='word_1_109' title='bbox 961 1470 995 1540; x_wconf 84' lang='grc' dir='ltr'>ἡ</span> <span class='ocrx_word' id='word_1_110' title='bbox 1027 1468 1346 1540; x_wconf 86' lang='grc' dir='ltr'>διόρθωσις;</span> <span class='ocrx_word' id='word_1_111' title='bbox 1393 1470 1442 1520; x_wconf 85' lang='grc' dir='ltr'>εἰ</span> <span class='ocrx_word' id='word_1_112' title='bbox 1491 1469 1589 1539; x_wconf 86' lang='grc' dir='ltr'><strong>μέν</strong></span> <span class='ocrx_word' id='word_1_113' title='bbox 1630 1462 1741 1522; x_wconf 83' lang='grc' dir='ltr'>οἷόν</span> <span class='ocrx_word' id='word_1_114' title='bbox 1772 1487 1855 1533; x_wconf 87' lang='grc' dir='ltr'><strong>τε,</strong></span> 
     </span>
    </p>
   </div>
   <div class='ocr_carea' id='block_1_17' title="bbox 269 1559 1855 1632">
    <p class='ocr_par' dir='ltr' id='par_1_17' title="bbox 269 1559 1855 1632">
     <span class='ocr_line' id='line_1_17' title="bbox 269 1559 1855 1632; baseline -0.001 -18"><span class='ocrx_word' id='word_1_115' title='bbox 269 1561 368 1614; x_wconf 87' lang='grc' dir='ltr'><strong>σοῦ</strong></span> <span class='ocrx_word' id='word_1_116' title='bbox 400 1561 568 1614; x_wconf 81' lang='grc' dir='ltr'>αὑτοῦ</span> <span class='ocrx_word' id='word_1_117' title='bbox 635 1561 930 1632; x_wconf 78' lang='grc' dir='ltr'>παρόντοςο</span> <span class='ocrx_word' id='word_1_118' title='bbox 983 1561 1031 1613; x_wconf 86' lang='grc' dir='ltr'><strong>εί</strong></span> <span class='ocrx_word' id='word_1_119' title='bbox 1073 1559 1132 1612; x_wconf 83' lang='grc' dir='ltr'><strong>δὲ</strong></span> <span class='ocrx_word' id='word_1_120' title='bbox 1173 1559 1278 1631; x_wconf 72' lang='grc' dir='ltr'>μὴ’,</span> <span class='ocrx_word' id='word_1_121' title='bbox 1313 1560 1380 1613; x_wconf 88' lang='grc' dir='ltr'>δι’</span> <span class='ocrx_word' id='word_1_122' title='bbox 1421 1560 1721 1613; x_wconf 83' lang='grc' dir='ltr'>ἀποστόλου</span> <span class='ocrx_word' id='word_1_123' title='bbox 1761 1577 1855 1613; x_wconf 92' lang='grc' dir='ltr'><strong>σου</strong></span> 
     </span>
    </p>
   </div>
   <div class='ocr_carea' id='block_1_18' title="bbox 268 1645 1852 1724">
    <p class='ocr_par' dir='ltr' id='par_1_18' title="bbox 268 1645 1852 1724">
     <span class='ocr_line' id='line_1_18' title="bbox 268 1645 1852 1724; baseline -0.001 -18"><span class='ocrx_word' id='word_1_124' title='bbox 268 1653 540 1723; x_wconf 74' lang='grc' dir='ltr'>ἀπολογία</span> <span class='ocrx_word' id='word_1_125' title='bbox 569 1654 934 1724; x_wconf 82' lang='grc' dir='ltr'>γραμματικῇ</span> <span class='ocrx_word' id='word_1_126' title='bbox 965 1653 1093 1722; x_wconf 72' lang='grc' dir='ltr'>περὶ</span> <span class='ocrx_word' id='word_1_127' title='bbox 1118 1645 1193 1704; x_wconf 80' lang='grc' dir='ltr'>ὧν</span> <span class='ocrx_word' id='word_1_128' title='bbox 1220 1652 1489 1723; x_wconf 86' lang='grc' dir='ltr'>πρότερον</span> <span class='ocrx_word' id='word_1_129' title='bbox 1530 1652 1852 1722; x_wconf 83' lang='grc' dir='ltr'>ὲνεκλήθης,</span> 
     </span>
    </p>
   </div>
   <div class='ocr_carea' id='block_1_19' title="bbox 268 1743 1853 1812">
    <p class='ocr_par' dir='ltr' id='par_1_19' title="bbox 268 1743 1853 1812">
     <span class='ocr_line' id='line_1_19' title="bbox 268 1743 1853 1812; baseline 0 -17"><span class='ocrx_word' id='word_1_130' title='bbox 268 1743 465 1796; x_wconf 88' lang='grc' dir='ltr'>ἀθωῶν</span> <span class='ocrx_word' id='word_1_131' title='bbox 497 1744 689 1797; x_wconf 81' lang='grc' dir='ltr'>ἑαυτὸν</span> <span class='ocrx_word' id='word_1_132' title='bbox 737 1744 825 1798; x_wconf 81' lang='grc' dir='ltr'>διὰ</span> <span class='ocrx_word' id='word_1_133' title='bbox 867 1744 971 1812; x_wconf 81' lang='grc' dir='ltr'>τῆς</span> <span class='ocrx_word' id='word_1_134' title='bbox 1002 1743 1326 1812; x_wconf 76' lang='grc' dir='ltr'>ἀπολογίας,</span> <span class='ocrx_word' id='word_1_135' title='bbox 1360 1744 1454 1796; x_wconf 73' lang='grc' dir='ltr'><strong>καὶ</strong></span> <span class='ocrx_word' id='word_1_136' title='bbox 1481 1743 1853 1800; x_wconf 82' lang='grc' dir='ltr'>ὑποδεικνύων</span> 
     </span>
    </p>
   </div>
   <div class='ocr_carea' id='block_1_20' title="bbox 1955 551 3544 627">
    <p class='ocr_par' dir='ltr' id='par_1_20' title="bbox 1955 551 3544 627">
     <span class='ocr_line' id='line_1_20' title="bbox 1955 551 3544 627; baseline -0.004 -17"><span class='ocrx_word' id='word_1_137' title='bbox 1955 571 2069 610; x_wconf 90' lang='lat' dir='ltr'><strong>uno</strong></span> <span class='ocrx_word' id='word_1_138' title='bbox 2105 554 2253 627; x_wconf 91' lang='lat' dir='ltr'><strong>quod</strong></span> <span class='ocrx_word' id='word_1_139' title='bbox 2283 552 2457 608; x_wconf 91' lang='lat' dir='ltr'><strong>frater</strong></span> <span class='ocrx_word' id='word_1_140' title='bbox 2491 553 2557 620; x_wconf 57' lang='lat' dir='ltr'><strong>,in</strong></span> <span class='ocrx_word' id='word_1_141' title='bbox 2590 551 2814 606; x_wconf 78' lang='lat' dir='ltr'><strong>Christo</strong></span> <span class='ocrx_word' id='word_1_142' title='bbox 2849 566 3010 607; x_wconf 89' lang='lat' dir='ltr'><strong>meus</strong></span> <span class='ocrx_word' id='word_1_143' title='bbox 3048 566 3130 613; x_wconf 89' lang='lat' dir='ltr'><strong>es,</strong></span> <span class='ocrx_word' id='word_1_144' title='bbox 3164 552 3310 619; x_wconf 89' lang='lat' dir='ltr'><strong>quod</strong></span> <span class='ocrx_word' id='word_1_145' title='bbox 3353 551 3544 604; x_wconf 84' lang='lat' dir='ltr'><strong>audie-</strong></span> 
     </span>
    </p>
   </div>
   <div class='ocr_carea' id='block_1_21' title="bbox 1957 641 3543 714">
    <p class='ocr_par' dir='ltr' id='par_1_21' title="bbox 1957 641 3543 714">
     <span class='ocr_line' id='line_1_21' title="bbox 1957 641 3543 714; baseline -0.004 -12"><span class='ocrx_word' id='word_1_146' title='bbox 1957 664 2071 703; x_wconf 84' lang='lat' dir='ltr'><strong>ram</strong></span> <span class='ocrx_word' id='word_1_147' title='bbox 2115 656 2264 702; x_wconf 85' lang='lat' dir='ltr'><strong>metu</strong></span> <span class='ocrx_word' id='word_1_148' title='bbox 2309 661 2419 700; x_wconf 92' lang='lat' dir='ltr'><strong>non</strong></span> <span class='ocrx_word' id='word_1_149' title='bbox 2471 645 2597 700; x_wconf 87' lang='lat' dir='ltr'><strong>silui</strong></span> <span class='ocrx_word' id='word_1_150' title='bbox 2630 662 2643 699; x_wconf 89' lang='lat'><strong>:</strong></span> <span class='ocrx_word' id='word_1_151' title='bbox 2673 644 2766 698; x_wconf 90' lang='lat' dir='ltr'><strong>sed</strong></span> <span class='ocrx_word' id='word_1_152' title='bbox 2797 659 3033 714; x_wconf 85' lang='lat' dir='ltr'><strong>arguens</strong></span> <span class='ocrx_word' id='word_1_153' title='bbox 3086 642 3266 714; x_wconf 80' lang='lat' dir='ltr'><strong>argui,</strong></span> <span class='ocrx_word' id='word_1_154' title='bbox 3317 641 3543 696; x_wconf 87' lang='lat' dir='ltr'><strong>hortans</strong></span> 
     </span>
    </p>
   </div>
   <div class='ocr_carea' id='block_1_22' title="bbox 1957 733 3540 804">
    <p class='ocr_par' dir='ltr' id='par_1_22' title="bbox 1957 733 3540 804">
     <span class='ocr_line' id='line_1_22' title="bbox 1957 733 3540 804; baseline -0.005 -10"><span class='ocrx_word' id='word_1_155' title='bbox 1957 739 2206 794; x_wconf 83' lang='lat' dir='ltr'><strong>hortatus</strong></span> <span class='ocrx_word' id='word_1_156' title='bbox 2240 752 2361 792; x_wconf 91' lang='lat' dir='ltr'><strong>sum</strong></span> <span class='ocrx_word' id='word_1_157' title='bbox 2385 736 2655 804; x_wconf 89' lang='lat' dir='ltr'><strong>judicium</strong></span> <span class='ocrx_word' id='word_1_158' title='bbox 2699 751 2932 797; x_wconf 80' lang='lat' dir='ltr'><strong>exuens,</strong></span> <span class='ocrx_word' id='word_1_159' title='bbox 2981 745 3037 788; x_wconf 90' lang='lat' dir='ltr'><strong>et</strong></span> <span class='ocrx_word' id='word_1_160' title='bbox 3071 749 3264 788; x_wconf 87' lang='lat' dir='ltr'><strong>amans</strong></span> <span class='ocrx_word' id='word_1_161' title='bbox 3298 733 3540 788; x_wconf 80' lang='lat' dir='ltr'><strong>salutem</strong></span> 
     </span>
    </p>
   </div>
   <div class='ocr_carea' id='block_1_23' title="bbox 1955 821 3539 894">
    <p class='ocr_par' dir='ltr' id='par_1_23' title="bbox 1955 821 3539 894">
     <span class='ocr_line' id='line_1_23' title="bbox 1955 821 3539 894; baseline -0.004 -14"><span class='ocrx_word' id='word_1_162' title='bbox 1955 836 2130 881; x_wconf 90' lang='lat' dir='ltr'><strong>tuam.</strong></span> <span class='ocrx_word' id='word_1_163' title='bbox 2169 825 2458 892; x_wconf 81' lang='lat' dir='ltr'><strong>Quomodo</strong></span> <span class='ocrx_word' id='word_1_164' title='bbox 2500 825 2615 894; x_wconf 86' lang='lat' dir='ltr'><strong>ipse</strong></span> <span class='ocrx_word' id='word_1_165' title='bbox 2644 824 2737 893; x_wconf 86' lang='lat' dir='ltr'><strong>qui</strong></span> <span class='ocrx_word' id='word_1_166' title='bbox 2785 824 3088 888; x_wconf 85' lang='lat' dir='ltr'><strong>accusaris,</strong></span> <span class='ocrx_word' id='word_1_167' title='bbox 3125 831 3180 876; x_wconf 88' lang='lat' dir='ltr'><strong>et</strong></span> <span class='ocrx_word' id='word_1_168' title='bbox 3215 821 3539 876; x_wconf 83' lang='lat' dir='ltr'><strong>schismatis</strong></span> 
     </span>
    </p>
   </div>
   <div class='ocr_carea' id='block_1_24' title="bbox 1955 914 3538 986">
    <p class='ocr_par' dir='ltr' id='par_1_24' title="bbox 1955 914 3538 986">
     <span class='ocr_line' id='line_1_24' title="bbox 1955 914 3538 986; baseline -0.006 -13"><span class='ocrx_word' id='word_1_169' title='bbox 1955 935 2014 973; x_wconf 87' lang='lat' dir='ltr'><strong>es</strong></span> <span class='ocrx_word' id='word_1_170' title='bbox 2055 927 2266 980; x_wconf 83' lang='lat' dir='ltr'><strong>auctor,</strong></span> <span class='ocrx_word' id='word_1_171' title='bbox 2305 915 2571 986; x_wconf 84' lang='lat' dir='ltr'><strong>judicium</strong></span> <span class='ocrx_word' id='word_1_172' title='bbox 2615 915 2951 969; x_wconf 85' lang='lat' dir='ltr'><strong>sustinebis?</strong></span> <span class='ocrx_word' id='word_1_173' title='bbox 2982 915 3270 979; x_wconf 83' lang='lat' dir='ltr'><strong>Quomodo</strong></span> <span class='ocrx_word' id='word_1_174' title='bbox 3319 914 3538 968; x_wconf 84' lang='lat' dir='ltr'><strong>Christo</strong></span> 
     </span>
    </p>
   </div>
   <div class='ocr_carea' id='block_1_25' title="bbox 1957 1003 3538 1080">
    <p class='ocr_par' dir='ltr' id='par_1_25' title="bbox 1957 1003 3538 1080">
     <span class='ocr_line' id='line_1_25' title="bbox 1957 1003 3538 1080; baseline -0.006 -16"><span class='ocrx_word' id='word_1_175' title='bbox 1957 1008 2352 1080; x_wconf 89' lang='lat' dir='ltr'><strong>respondebis,</strong></span> <span class='ocrx_word' id='word_1_176' title='bbox 2408 1021 2507 1077; x_wconf 91' lang='lat' dir='ltr'><strong>pro</strong></span> <span class='ocrx_word' id='word_1_177' title='bbox 2541 1015 2692 1060; x_wconf 89' lang='lat' dir='ltr'><strong>tanto</strong></span> <span class='ocrx_word' id='word_1_178' title='bbox 2746 1016 2891 1060; x_wconf 73' lang='lat' dir='ltr'><strong>cmtu</strong></span> <span class='ocrx_word' id='word_1_179' title='bbox 2941 1005 3211 1059; x_wconf 88' lang='lat' dir='ltr'><strong>rationem</strong></span> <span class='ocrx_word' id='word_1_180' title='bbox 3259 1003 3538 1058; x_wconf 83' lang='lat' dir='ltr'><strong>reddens?</strong></span> 
     </span>
    </p>
   </div>
   <div class='ocr_carea' id='block_1_26' title="bbox 1956 1097 3534 1168">
    <p class='ocr_par' dir='ltr' id='par_1_26' title="bbox 1956 1097 3534 1168">
     <span class='ocr_line' id='line_1_26' title="bbox 1956 1097 3534 1168; baseline -0.003 -14"><span class='ocrx_word' id='word_1_181' title='bbox 1956 1101 2106 1155; x_wconf 86' lang='lat' dir='ltr'><strong>Licet</strong></span> <span class='ocrx_word' id='word_1_182' title='bbox 2135 1099 2362 1154; x_wconf 83' lang='lat' dir='ltr'><strong>Joannis</strong></span> <span class='ocrx_word' id='word_1_183' title='bbox 2407 1098 2760 1168; x_wconf 69' lang='lat' dir='ltr'><strong>praecursoris</strong></span> <span class='ocrx_word' id='word_1_184' title='bbox 2805 1113 2967 1165; x_wconf 85' lang='lat' dir='ltr'><strong>opera</strong></span> <span class='ocrx_word' id='word_1_185' title='bbox 3036 1097 3262 1152; x_wconf 76' lang='lat' dir='ltr'><strong>fecisses</strong></span> <span class='ocrx_word' id='word_1_186' title='bbox 3302 1112 3534 1150; x_wconf 84' lang='lat' dir='ltr'><strong>vacuum</strong></span> 
     </span>
    </p>
   </div>
   <div class='ocr_carea' id='block_1_27' title="bbox 1955 1190 3534 1261">
    <p class='ocr_par' dir='ltr' id='par_1_27' title="bbox 1955 1190 3534 1261">
     <span class='ocr_line' id='line_1_27' title="bbox 1955 1190 3534 1261; baseline -0.004 -13"><span class='ocrx_word' id='word_1_187' title='bbox 1955 1201 2010 1248; x_wconf 91' lang='lat' dir='ltr'><strong>te</strong></span> <span class='ocrx_word' id='word_1_188' title='bbox 2037 1209 2069 1248; x_wconf 90' lang='lat' dir='ltr'><strong>a</strong></span> <span class='ocrx_word' id='word_1_189' title='bbox 2107 1207 2278 1261; x_wconf 82' lang='lat' dir='ltr'><strong>regno</strong></span> <span class='ocrx_word' id='word_1_190' title='bbox 2311 1192 2400 1246; x_wconf 87' lang='lat' dir='ltr'><strong>Dei</strong></span> <span class='ocrx_word' id='word_1_191' title='bbox 2436 1191 2775 1256; x_wconf 87' lang='lat' dir='ltr'><strong>amaudabit,</strong></span> <span class='ocrx_word' id='word_1_192' title='bbox 2809 1190 2916 1244; x_wconf 88' lang='lat' dir='ltr'><strong>nisi</strong></span> <span class='ocrx_word' id='word_1_193' title='bbox 2970 1199 3211 1244; x_wconf 90' lang='lat' dir='ltr'><strong>matures</strong></span> <span class='ocrx_word' id='word_1_194' title='bbox 3250 1190 3534 1244; x_wconf 84' lang='lat' dir='ltr'><strong>correctio-</strong></span> 
     </span>
    </p>
   </div>
   <div class='ocr_carea' id='block_1_28' title="bbox 1955 1281 3534 1354">
    <p class='ocr_par' dir='ltr' id='par_1_28' title="bbox 1955 1281 3534 1354">
     <span class='ocr_line' id='line_1_28' title="bbox 1955 1281 3534 1354; baseline -0.004 -15"><span class='ocrx_word' id='word_1_195' title='bbox 1955 1302 2101 1340; x_wconf 88' lang='lat' dir='ltr'><strong>nem.</strong></span> <span class='ocrx_word' id='word_1_196' title='bbox 2161 1286 2422 1353; x_wconf 75' lang='lat' dir='ltr'><strong>Quaenam</strong></span> <span class='ocrx_word' id='word_1_197' title='bbox 2475 1299 2642 1354; x_wconf 87' lang='lat' dir='ltr'><strong>porro</strong></span> <span class='ocrx_word' id='word_1_198' title='bbox 2699 1291 2784 1338; x_wconf 88' lang='lat' dir='ltr'><strong>est</strong></span> <span class='ocrx_word' id='word_1_199' title='bbox 2847 1281 3164 1337; x_wconf 82' lang='lat' dir='ltr'><strong>correctio?</strong></span> <span class='ocrx_word' id='word_1_200' title='bbox 3219 1281 3264 1336; x_wconf 91' lang='lat' dir='ltr'><strong>si</strong></span> <span class='ocrx_word' id='word_1_201' title='bbox 3315 1281 3534 1352; x_wconf 86' lang='lat' dir='ltr'><strong>quidem</strong></span> 
     </span>
    </p>
   </div>
   <div class='ocr_carea' id='block_1_29' title="bbox 1957 1373 3537 1446">
    <p class='ocr_par' dir='ltr' id='par_1_29' title="bbox 1957 1373 3537 1446">
     <span class='ocr_line' id='line_1_29' title="bbox 1957 1373 3537 1446; baseline -0.004 -14"><span class='ocrx_word' id='word_1_202' title='bbox 1957 1377 2071 1432; x_wconf 76' lang='lat' dir='ltr'><strong>fieri</strong></span> <span class='ocrx_word' id='word_1_203' title='bbox 2117 1383 2324 1446; x_wconf 76' lang='lat' dir='ltr'><strong>potest,</strong></span> <span class='ocrx_word' id='word_1_204' title='bbox 2370 1377 2547 1445; x_wconf 89' lang='lat' dir='ltr'><strong>teipso</strong></span> <span class='ocrx_word' id='word_1_205' title='bbox 2589 1383 2886 1444; x_wconf 56' lang='lat' dir='ltr'><strong>prasente;</strong></span> <span class='ocrx_word' id='word_1_206' title='bbox 2934 1373 3018 1429; x_wconf 91' lang='lat' dir='ltr'><strong>sin</strong></span> <span class='ocrx_word' id='word_1_207' title='bbox 3078 1374 3283 1438; x_wconf 90' lang='lat' dir='ltr'><strong>minus,</strong></span> <span class='ocrx_word' id='word_1_208' title='bbox 3330 1382 3390 1427; x_wconf 89' lang='lat' dir='ltr'><strong>ut</strong></span> <span class='ocrx_word' id='word_1_209' title='bbox 3439 1389 3537 1442; x_wconf 86' lang='lat' dir='ltr'><strong>per</strong></span> 
     </span>
    </p>
   </div>
   <div class='ocr_carea' id='block_1_30' title="bbox 1955 1463 3536 1534">
    <p class='ocr_par' dir='ltr' id='par_1_30' title="bbox 1955 1463 3536 1534">
     <span class='ocr_line' id='line_1_30' title="bbox 1955 1463 3536 1534; baseline -0.002 -14"><span class='ocrx_word' id='word_1_210' title='bbox 1955 1467 2233 1521; x_wconf 87' lang='lat' dir='ltr'><strong>hominem</strong></span> <span class='ocrx_word' id='word_1_211' title='bbox 2262 1468 2361 1519; x_wconf 91' lang='lat' dir='ltr'><strong>abs</strong></span> <span class='ocrx_word' id='word_1_212' title='bbox 2397 1475 2446 1520; x_wconf 88' lang='lat' dir='ltr'><strong>te</strong></span> <span class='ocrx_word' id='word_1_213' title='bbox 2474 1465 2698 1528; x_wconf 90' lang='lat' dir='ltr'><strong>misum,</strong></span> <span class='ocrx_word' id='word_1_214' title='bbox 2731 1465 3002 1520; x_wconf 91' lang='lat' dir='ltr'><strong>insontem</strong></span> <span class='ocrx_word' id='word_1_215' title='bbox 3029 1473 3080 1520; x_wconf 90' lang='lat' dir='ltr'><strong>te</strong></span> <span class='ocrx_word' id='word_1_216' title='bbox 3111 1465 3316 1534; x_wconf 88' lang='lat' dir='ltr'><strong>scripta</strong></span> <span class='ocrx_word' id='word_1_217' title='bbox 3347 1463 3536 1519; x_wconf 84' lang='lat' dir='ltr'><strong>defen-</strong></span> 
     </span>
    </p>
   </div>
   <div class='ocr_carea' id='block_1_31' title="bbox 1955 1557 3532 1628">
    <p class='ocr_par' dir='ltr' id='par_1_31' title="bbox 1955 1557 3532 1628">
     <span class='ocr_line' id='line_1_31' title="bbox 1955 1557 3532 1628; baseline -0.003 -14"><span class='ocrx_word' id='word_1_218' title='bbox 1955 1560 2111 1614; x_wconf 89' lang='lat' dir='ltr'><strong>sione</strong></span> <span class='ocrx_word' id='word_1_219' title='bbox 2145 1560 2472 1628; x_wconf 84' lang='lat' dir='ltr'><strong>comprobes</strong></span> <span class='ocrx_word' id='word_1_220' title='bbox 2503 1558 2553 1610; x_wconf 92' lang='lat' dir='ltr'><strong>in</strong></span> <span class='ocrx_word' id='word_1_221' title='bbox 2589 1557 2655 1612; x_wconf 91' lang='lat' dir='ltr'><strong>iis</strong></span> <span class='ocrx_word' id='word_1_222' title='bbox 2685 1557 2753 1611; x_wconf 89' lang='lat' dir='ltr'><strong>de</strong></span> <span class='ocrx_word' id='word_1_223' title='bbox 2777 1557 2978 1626; x_wconf 88' lang='lat' dir='ltr'><strong>quibus</strong></span> <span class='ocrx_word' id='word_1_224' title='bbox 3011 1557 3274 1612; x_wconf 85' lang='lat' dir='ltr'><strong>hactenus</strong></span> <span class='ocrx_word' id='word_1_225' title='bbox 3302 1572 3532 1611; x_wconf 86' lang='lat' dir='ltr'><strong>accusa-</strong></span> 
     </span>
    </p>
   </div>
   <div class='ocr_carea' id='block_1_32' title="bbox 1954 1649 3534 1718">
    <p class='ocr_par' dir='ltr' id='par_1_32' title="bbox 1954 1649 3534 1718">
     <span class='ocr_line' id='line_1_32' title="bbox 1954 1649 3534 1718; baseline -0.003 -13"><span class='ocrx_word' id='word_1_226' title='bbox 1954 1660 2044 1705; x_wconf 91' lang='lat' dir='ltr'><strong>tus</strong></span> <span class='ocrx_word' id='word_1_227' title='bbox 2071 1667 2150 1715; x_wconf 90' lang='lat' dir='ltr'><strong>es,</strong></span> <span class='ocrx_word' id='word_1_228' title='bbox 2190 1660 2394 1705; x_wconf 88' lang='lat' dir='ltr'><strong>rectam</strong></span> <span class='ocrx_word' id='word_1_229' title='bbox 2434 1650 2618 1714; x_wconf 90' lang='lat' dir='ltr'><strong>Iidem,</strong></span> <span class='ocrx_word' id='word_1_230' title='bbox 2659 1658 2984 1718; x_wconf 86' lang='lat' dir='ltr'><strong>rectumque</strong></span> <span class='ocrx_word' id='word_1_231' title='bbox 3016 1649 3070 1702; x_wconf 90' lang='lat' dir='ltr'><strong>in</strong></span> <span class='ocrx_word' id='word_1_232' title='bbox 3103 1649 3360 1702; x_wconf 90' lang='lat' dir='ltr'><strong>omnibus</strong></span> <span class='ocrx_word' id='word_1_233' title='bbox 3391 1649 3534 1701; x_wconf 89' lang='lat' dir='ltr'><strong>veri-</strong></span> 
     </span>
    </p>
   </div>
   <div class='ocr_carea' id='block_1_33' title="bbox 1955 1739 3530 1810">
    <p class='ocr_par' dir='ltr' id='par_1_33' title="bbox 1955 1739 3530 1810">
     <span class='ocr_line' id='line_1_33' title="bbox 1955 1739 3530 1810; baseline -0.003 -14"><span class='ocrx_word' id='word_1_234' title='bbox 1955 1743 2084 1798; x_wconf 82' lang='lat' dir='ltr'><strong>tatis</strong></span> <span class='ocrx_word' id='word_1_235' title='bbox 2123 1758 2436 1797; x_wconf 90' lang='lat' dir='ltr'><strong>sermonem</strong></span> <span class='ocrx_word' id='word_1_236' title='bbox 2484 1743 2800 1797; x_wconf 89' lang='lat' dir='ltr'><strong>ostendens.</strong></span> <span class='ocrx_word' id='word_1_237' title='bbox 2833 1739 3012 1810; x_wconf 82' lang='lat' dir='ltr'><strong>Atque</strong></span> <span class='ocrx_word' id='word_1_238' title='bbox 3049 1740 3154 1795; x_wconf 90' lang='lat' dir='ltr'><strong>hoc</strong></span> <span class='ocrx_word' id='word_1_239' title='bbox 3193 1739 3358 1794; x_wconf 91' lang='lat' dir='ltr'><strong>modo</strong></span> <span class='ocrx_word' id='word_1_240' title='bbox 3390 1739 3530 1793; x_wconf 68' lang='lat' dir='ltr'><strong>facta</strong></span> 
     </span>
    </p>
   </div>
   <div class='ocr_carea' id='block_1_34' title="bbox 266 1817 1849 1906">
    <p class='ocr_par' dir='ltr' id='par_1_34' title="bbox 266 1833 1849 1906">
     <span class='ocr_line' id='line_1_34' title="bbox 266 1833 1849 1906; baseline -0.001 -18"><span class='ocrx_word' id='word_1_241' title='bbox 266 1836 436 1906; x_wconf 84' lang='grc' dir='ltr'>ὀρθὴν</span> <span class='ocrx_word' id='word_1_242' title='bbox 483 1835 582 1906; x_wconf 83' lang='grc' dir='ltr'><strong>τὴν</strong></span> <span class='ocrx_word' id='word_1_243' title='bbox 627 1835 830 1896; x_wconf 88' lang='grc' dir='ltr'>πίστιν,</span> <span class='ocrx_word' id='word_1_244' title='bbox 880 1834 976 1888; x_wconf 69' lang='grc' dir='ltr'>καὶ</span> <span class='ocrx_word' id='word_1_245' title='bbox 1008 1835 1109 1905; x_wconf 83' lang='grc' dir='ltr'><strong>τὴν</strong></span> <span class='ocrx_word' id='word_1_246' title='bbox 1138 1835 1224 1902; x_wconf 74' lang='grc' dir='ltr'><strong>ἐφ’</strong></span> <span class='ocrx_word' id='word_1_247' title='bbox 1267 1833 1472 1888; x_wconf 81' lang='grc' dir='ltr'>ἅπασιν</span> <span class='ocrx_word' id='word_1_248' title='bbox 1519 1834 1849 1906; x_wconf 86' lang='grc' dir='ltr'>ὀρθοτομίαν</span> 
     </span>
    </p>
   </div>
   <div class='ocr_carea' id='block_1_35' title="bbox 1951 1817 3530 1906">
    <p class='ocr_par' dir='ltr' id='par_1_35' title="bbox 1956 1830 3530 1894">
     <span class='ocr_line' id='line_1_35' title="bbox 1956 1830 3530 1894; baseline -0.002 -9"><span class='ocrx_word' id='word_1_249' title='bbox 1956 1834 2006 1885; x_wconf 90' lang='lat' dir='ltr'><strong>in</strong></span> <span class='ocrx_word' id='word_1_250' title='bbox 2051 1833 2286 1888; x_wconf 90' lang='lat' dir='ltr'><strong>Domino</strong></span> <span class='ocrx_word' id='word_1_251' title='bbox 2341 1832 2656 1894; x_wconf 79' lang='lat' dir='ltr'><strong>concordia,</strong></span> <span class='ocrx_word' id='word_1_252' title='bbox 2719 1847 2826 1884; x_wconf 90' lang='lat' dir='ltr'><strong>non</strong></span> <span class='ocrx_word' id='word_1_253' title='bbox 2879 1831 3058 1884; x_wconf 87' lang='lat' dir='ltr'><strong>dicam</strong></span> <span class='ocrx_word' id='word_1_254' title='bbox 3109 1845 3236 1884; x_wconf 92' lang='lat' dir='ltr'><strong>cum</strong></span> <span class='ocrx_word' id='word_1_255' title='bbox 3293 1830 3398 1884; x_wconf 90' lang='lat' dir='ltr'><strong>hoc</strong></span> <span class='ocrx_word' id='word_1_256' title='bbox 3447 1834 3530 1883; x_wconf 76' lang='lat' dir='ltr'><strong>vel</strong></span> 
     </span>
    </p>
   </div>
   <div class='ocr_carea' id='block_1_36' title="bbox 264 1926 1847 2000">
    <p class='ocr_par' dir='ltr' id='par_1_36' title="bbox 264 1926 1847 2000">
     <span class='ocr_line' id='line_1_36' title="bbox 264 1926 1847 2000; baseline 0 -20"><span class='ocrx_word' id='word_1_257' title='bbox 264 1929 362 1980; x_wconf 87' lang='grc' dir='ltr'><strong>τοῦ</strong></span> <span class='ocrx_word' id='word_1_258' title='bbox 393 1928 553 1997; x_wconf 90' lang='grc' dir='ltr'>λόγου</span> <span class='ocrx_word' id='word_1_259' title='bbox 580 1929 678 2000; x_wconf 81' lang='grc' dir='ltr'>τῆς</span> <span class='ocrx_word' id='word_1_260' title='bbox 705 1928 983 1999; x_wconf 85' lang='grc' dir='ltr'>ἀληθείας.</span> <span class='ocrx_word' id='word_1_261' title='bbox 1029 1928 1138 1981; x_wconf 70' lang='grc' dir='ltr'>Καὶ</span> <span class='ocrx_word' id='word_1_262' title='bbox 1165 1926 1338 1990; x_wconf 81' lang='grc' dir='ltr'>οὕτως</span> <span class='ocrx_word' id='word_1_263' title='bbox 1381 1928 1680 1998; x_wconf 80' lang='grc' dir='ltr'>γενομένης</span> <span class='ocrx_word' id='word_1_264' title='bbox 1714 1930 1847 1997; x_wconf 83' lang='grc' dir='ltr'>ὁμο-</span> 
     </span>
    </p>
   </div>
   <div class='ocr_carea' id='block_1_37' title="bbox 265 2019 1845 2092">
    <p class='ocr_par' dir='ltr' id='par_1_37' title="bbox 265 2019 1845 2092">
     <span class='ocr_line' id='line_1_37' title="bbox 265 2019 1845 2092; baseline 0 -20"><span class='ocrx_word' id='word_1_265' title='bbox 265 2021 418 2084; x_wconf 84' lang='grc' dir='ltr'>νοίας</span> <span class='ocrx_word' id='word_1_266' title='bbox 450 2024 509 2074; x_wconf 83' lang='grc' dir='ltr'><strong>ὲν</strong></span> <span class='ocrx_word' id='word_1_267' title='bbox 558 2021 749 2092; x_wconf 81' lang='grc' dir='ltr'>Κυρίῳ</span> <span class='ocrx_word' id='word_1_268' title='bbox 776 2063 792 2087; x_wconf 87' lang='grc'><strong>,</strong></span> <span class='ocrx_word' id='word_1_269' title='bbox 833 2021 894 2074; x_wconf 82' lang='grc' dir='ltr'><strong>οὑ</strong></span> <span class='ocrx_word' id='word_1_270' title='bbox 932 2021 1078 2086; x_wconf 85' lang='grc' dir='ltr'>λέγω</span> <span class='ocrx_word' id='word_1_271' title='bbox 1130 2019 1267 2089; x_wconf 86' lang='grc' dir='ltr'><strong>μετά</strong></span> <span class='ocrx_word' id='word_1_272' title='bbox 1312 2019 1468 2072; x_wconf 85' lang='grc' dir='ltr'>τοῦδε</span> <span class='ocrx_word' id='word_1_273' title='bbox 1523 2021 1620 2073; x_wconf 77' lang='grc' dir='ltr'><strong>καὶ</strong></span> <span class='ocrx_word' id='word_1_274' title='bbox 1667 2019 1845 2084; x_wconf 87' lang='grc' dir='ltr'>τοῦδε,</span> 
     </span>
    </p>
   </div>
   <div class='ocr_carea' id='block_1_38' title="bbox 267 2108 1846 2183">
    <p class='ocr_par' dir='ltr' id='par_1_38' title="bbox 267 2108 1846 2183">
     <span class='ocr_line' id='line_1_38' title="bbox 267 2108 1846 2183; baseline -0.001 -19"><span class='ocrx_word' id='word_1_275' title='bbox 267 2111 412 2165; x_wconf 79' lang='grc' dir='ltr'>ἀλλὰ</span> <span class='ocrx_word' id='word_1_276' title='bbox 439 2111 558 2182; x_wconf 89' lang='grc' dir='ltr'>μετ’</span> <span class='ocrx_word' id='word_1_277' title='bbox 587 2111 722 2182; x_wconf 78' lang='grc' dir='ltr'>ἐμοῦ</span> <span class='ocrx_word' id='word_1_278' title='bbox 758 2112 922 2183; x_wconf 85' lang='grc' dir='ltr'>μόνου</span> <span class='ocrx_word' id='word_1_279' title='bbox 953 2108 1047 2164; x_wconf 88' lang='grc' dir='ltr'><strong>τοῦ</strong></span> <span class='ocrx_word' id='word_1_280' title='bbox 1081 2109 1363 2175; x_wconf 80' lang='grc' dir='ltr'>ταπεινοῦ,</span> <span class='ocrx_word' id='word_1_281' title='bbox 1407 2109 1548 2180; x_wconf 73' lang='grc' dir='ltr'>ἤρθη</span> <span class='ocrx_word' id='word_1_282' title='bbox 1579 2110 1640 2162; x_wconf 81' lang='grc' dir='ltr'>τὸ</span> <span class='ocrx_word' id='word_1_283' title='bbox 1680 2109 1846 2164; x_wconf 81' lang='grc' dir='ltr'>σκάν-</span> 
     </span>
    </p>
   </div>
   <div class='ocr_carea' id='block_1_39' title="bbox 265 2201 1849 2273">
    <p class='ocr_par' dir='ltr' id='par_1_39' title="bbox 265 2201 1849 2273">
     <span class='ocr_line' id='line_1_39' title="bbox 265 2201 1849 2273; baseline -0.001 -17"><span class='ocrx_word' id='word_1_284' title='bbox 265 2203 428 2257; x_wconf 85' lang='grc' dir='ltr'>δαλον</span> <span class='ocrx_word' id='word_1_285' title='bbox 456 2205 518 2256; x_wconf 78' lang='grc' dir='ltr'>ἐκ</span> <span class='ocrx_word' id='word_1_286' title='bbox 549 2205 752 2273; x_wconf 83' lang='grc' dir='ltr'>μέσου,</span> <span class='ocrx_word' id='word_1_287' title='bbox 803 2202 900 2256; x_wconf 67' lang='grc' dir='ltr'><strong>καὶ</strong></span> <span class='ocrx_word' id='word_1_288' title='bbox 943 2202 1191 2270; x_wconf 79' lang='grc' dir='ltr'>συνήφθη</span> <span class='ocrx_word' id='word_1_289' title='bbox 1233 2201 1303 2254; x_wconf 83' lang='grc' dir='ltr'>τὰ</span> <span class='ocrx_word' id='word_1_290' title='bbox 1351 2201 1646 2254; x_wconf 85' lang='grc' dir='ltr'>διεστῶτα·</span> <span class='ocrx_word' id='word_1_291' title='bbox 1687 2202 1783 2254; x_wconf 72' lang='grc' dir='ltr'><strong>καὶ</strong></span> <span class='ocrx_word' id='word_1_292' title='bbox 1820 2201 1849 2254; x_wconf 87' lang='grc' dir='ltr'><strong><em>ὁ</em></strong></span> 
     </span>
    </p>
   </div>
   <div class='ocr_carea' id='block_1_40' title="bbox 267 2293 1848 2366">
    <p class='ocr_par' dir='ltr' id='par_1_40' title="bbox 267 2293 1848 2366">
     <span class='ocr_line' id='line_1_40' title="bbox 267 2293 1848 2366; baseline 0 -20"><span class='ocrx_word' id='word_1_293' title='bbox 267 2293 474 2366; x_wconf 84' lang='grc' dir='ltr'>Κύριος</span> <span class='ocrx_word' id='word_1_294' title='bbox 517 2295 576 2346; x_wconf 78' lang='grc' dir='ltr'>ὲν</span> <span class='ocrx_word' id='word_1_295' title='bbox 622 2294 771 2364; x_wconf 81' lang='grc' dir='ltr'>μέσῳ</span> <span class='ocrx_word' id='word_1_296' title='bbox 797 2293 978 2364; x_wconf 83' lang='grc' dir='ltr'>ἡμῶν,</span> <span class='ocrx_word' id='word_1_297' title='bbox 1035 2295 1129 2348; x_wconf 76' lang='grc' dir='ltr'><strong>καὶ</strong></span> <span class='ocrx_word' id='word_1_298' title='bbox 1153 2294 1214 2347; x_wconf 80' lang='grc' dir='ltr'><strong>οὐ</strong></span> <span class='ocrx_word' id='word_1_299' title='bbox 1257 2293 1748 2365; x_wconf 82' lang='grc' dir='ltr'>βλασφημούμενον</span> <span class='ocrx_word' id='word_1_300' title='bbox 1785 2293 1848 2346; x_wconf 79' lang='grc' dir='ltr'>τὸ</span> 
     </span>
    </p>
   </div>
   <div class='ocr_carea' id='block_1_41' title="bbox 265 2388 1847 2462">
    <p class='ocr_par' dir='ltr' id='par_1_41' title="bbox 265 2388 1847 2462">
     <span class='ocr_line' id='line_1_41' title="bbox 265 2388 1847 2462; baseline -0.002 -19"><span class='ocrx_word' id='word_1_301' title='bbox 265 2390 436 2462; x_wconf 76' lang='grc' dir='ltr'>ὄνομα</span> <span class='ocrx_word' id='word_1_302' title='bbox 457 2390 620 2444; x_wconf 82' lang='grc' dir='ltr'>αὐτοῦ</span> <span class='ocrx_word' id='word_1_303' title='bbox 639 2390 706 2443; x_wconf 83' lang='grc' dir='ltr'>δι’</span> <span class='ocrx_word' id='word_1_304' title='bbox 726 2392 872 2461; x_wconf 80' lang='grc' dir='ltr'>ἡμᾶς</span> <span class='ocrx_word' id='word_1_305' title='bbox 893 2405 906 2418; x_wconf 91' lang='grc'><strong>·</strong></span> <span class='ocrx_word' id='word_1_306' title='bbox 927 2390 987 2443; x_wconf 80' lang='grc' dir='ltr'><strong>οὐ</strong></span> <span class='ocrx_word' id='word_1_307' title='bbox 1017 2389 1162 2458; x_wconf 86' lang='grc' dir='ltr'>λέγω</span> <span class='ocrx_word' id='word_1_308' title='bbox 1188 2391 1244 2442; x_wconf 82' lang='grc' dir='ltr'>ὲν</span> <span class='ocrx_word' id='word_1_309' title='bbox 1265 2392 1378 2453; x_wconf 84' lang='grc' dir='ltr'>τοῖς</span> <span class='ocrx_word' id='word_1_310' title='bbox 1403 2389 1631 2452; x_wconf 72' lang='grc' dir='ltr'>ἔθνεσιν,</span> <span class='ocrx_word' id='word_1_311' title='bbox 1651 2388 1764 2441; x_wconf 81' lang='grc' dir='ltr'>ἀλλ’</span> <span class='ocrx_word' id='word_1_312' title='bbox 1787 2389 1847 2440; x_wconf 81' lang='grc' dir='ltr'>ὲν</span> 
     </span>
    </p>
   </div>
   <div class='ocr_carea' id='block_1_42' title="bbox 264 2477 1845 2551">
    <p class='ocr_par' dir='ltr' id='par_1_42' title="bbox 264 2477 1845 2551">
     <span class='ocr_line' id='line_1_42' title="bbox 264 2477 1845 2551; baseline -0.001 -19"><span class='ocrx_word' id='word_1_313' title='bbox 264 2483 379 2542; x_wconf 77' lang='grc' dir='ltr'>τοῖς</span> <span class='ocrx_word' id='word_1_314' title='bbox 397 2482 440 2534; x_wconf 86' lang='grc' dir='ltr'>Χ</span> <span class='ocrx_word' id='word_1_315' title='bbox 449 2481 761 2551; x_wconf 85' lang='grc' dir='ltr'>ριστιανοῖς.</span> <span class='ocrx_word' id='word_1_316' title='bbox 781 2480 897 2534; x_wconf 80' lang='grc' dir='ltr'><strong>Κάν</strong></span> <span class='ocrx_word' id='word_1_317' title='bbox 913 2497 1058 2543; x_wconf 88' lang='grc' dir='ltr'>τινες</span> <span class='ocrx_word' id='word_1_318' title='bbox 1081 2479 1447 2550; x_wconf 81' lang='grc' dir='ltr'>διαφέρωνται</span> <span class='ocrx_word' id='word_1_319' title='bbox 1472 2477 1610 2548; x_wconf 86' lang='grc' dir='ltr'><strong>μετά</strong></span> <span class='ocrx_word' id='word_1_320' title='bbox 1629 2478 1728 2547; x_wconf 84' lang='grc' dir='ltr'>τὴν</span> <span class='ocrx_word' id='word_1_321' title='bbox 1765 2479 1845 2542; x_wconf 79' lang='grc' dir='ltr'>εἰς</span> 
     </span>
    </p>
   </div>
   <div class='ocr_carea' id='block_1_43' title="bbox 267 2570 1845 2644">
    <p class='ocr_par' dir='ltr' id='par_1_43' title="bbox 267 2570 1845 2644">
     <span class='ocr_line' id='line_1_43' title="bbox 267 2570 1845 2644; baseline 0 -20"><span class='ocrx_word' id='word_1_322' title='bbox 267 2571 533 2642; x_wconf 79' lang='grc' dir='ltr'>ἀλλήλους</span> <span class='ocrx_word' id='word_1_323' title='bbox 561 2572 881 2644; x_wconf 80' lang='grc' dir='ltr'>συμφωνίαν</span> <span class='ocrx_word' id='word_1_324' title='bbox 908 2570 1321 2644; x_wconf 82' lang='grc' dir='ltr'>διδαχθήσονται</span> <span class='ocrx_word' id='word_1_325' title='bbox 1350 2572 1446 2625; x_wconf 78' lang='grc' dir='ltr'><strong>καὶ</strong></span> <span class='ocrx_word' id='word_1_326' title='bbox 1472 2571 1845 2642; x_wconf 77' lang='grc' dir='ltr'>συναφθήσον-</span> 
     </span>
    </p>
   </div>
   <div class='ocr_carea' id='block_1_44' title="bbox 268 2663 1846 2738">
    <p class='ocr_par' dir='ltr' id='par_1_44' title="bbox 268 2663 1846 2738">
     <span class='ocr_line' id='line_1_44' title="bbox 268 2663 1846 2738; baseline -0.001 -19"><span class='ocrx_word' id='word_1_327' title='bbox 268 2684 360 2720; x_wconf 89' lang='grc' dir='ltr'><strong>ται</strong></span> <span class='ocrx_word' id='word_1_328' title='bbox 389 2666 458 2720; x_wconf 86' lang='grc' dir='ltr'>δι’</span> <span class='ocrx_word' id='word_1_329' title='bbox 489 2666 648 2738; x_wconf 79' lang='grc' dir='ltr'>ἡμῶν</span> <span class='ocrx_word' id='word_1_330' title='bbox 678 2665 856 2718; x_wconf 83' lang='grc' dir='ltr'>αὐτῶν</span> <span class='ocrx_word' id='word_1_331' title='bbox 881 2664 993 2718; x_wconf 89' lang='grc' dir='ltr'><strong>τῶν</strong></span> <span class='ocrx_word' id='word_1_332' title='bbox 1019 2664 1295 2718; x_wconf 84' lang='grc' dir='ltr'>ταπεινῶν</span> <span class='ocrx_word' id='word_1_333' title='bbox 1326 2663 1846 2734; x_wconf 79' lang='grc' dir='ltr'>ύπερασπιζομένων</span> 
     </span>
    </p>
   </div>
   <div class='ocr_carea' id='block_1_45' title="bbox 269 2754 1848 2828">
    <p class='ocr_par' dir='ltr' id='par_1_45' title="bbox 269 2754 1848 2828">
     <span class='ocr_line' id='line_1_45' title="bbox 269 2754 1848 2828; baseline -0.003 -17"><span class='ocrx_word' id='word_1_334' title='bbox 269 2775 354 2823; x_wconf 89' lang='grc' dir='ltr'><strong>σε,</strong></span> <span class='ocrx_word' id='word_1_335' title='bbox 399 2759 472 2823; x_wconf 85' lang='grc' dir='ltr'><strong>ὡς</strong></span> <span class='ocrx_word' id='word_1_336' title='bbox 519 2758 778 2828; x_wconf 74' lang='grc' dir='ltr'>ἐμαυτόν.</span> <span class='ocrx_word' id='word_1_337' title='bbox 812 2757 921 2810; x_wconf 74' lang='grc' dir='ltr'>Καὶ</span> <span class='ocrx_word' id='word_1_338' title='bbox 955 2757 1116 2819; x_wconf 80' lang='grc' dir='ltr'>ἵλεως</span> <span class='ocrx_word' id='word_1_339' title='bbox 1164 2755 1318 2810; x_wconf 78' lang='grc' dir='ltr'>ἔσται</span> <span class='ocrx_word' id='word_1_340' title='bbox 1352 2757 1504 2820; x_wconf 77' lang='grc' dir='ltr'>Θεὸς,</span> <span class='ocrx_word' id='word_1_341' title='bbox 1539 2756 1634 2808; x_wconf 70' lang='grc' dir='ltr'><strong>καὶ</strong></span> <span class='ocrx_word' id='word_1_342' title='bbox 1666 2758 1694 2808; x_wconf 84' lang='grc' dir='ltr'>ὁ</span> <span class='ocrx_word' id='word_1_343' title='bbox 1731 2754 1848 2825; x_wconf 84' lang='grc' dir='ltr'>βίος</span> 
     </span>
    </p>
   </div>
   <div class='ocr_carea' id='block_1_46' title="bbox 271 2845 1848 2920">
    <p class='ocr_par' dir='ltr' id='par_1_46' title="bbox 271 2845 1848 2920">
     <span class='ocr_line' id='line_1_46' title="bbox 271 2845 1848 2920; baseline -0.002 -18"><span class='ocrx_word' id='word_1_344' title='bbox 271 2866 367 2902; x_wconf 91' lang='grc' dir='ltr'><strong>σου</strong></span> <span class='ocrx_word' id='word_1_345' title='bbox 397 2850 538 2903; x_wconf 82' lang='grc' dir='ltr'>οὓτω</span> <span class='ocrx_word' id='word_1_346' title='bbox 572 2851 865 2920; x_wconf 87' lang='grc' dir='ltr'>μακάριος,</span> <span class='ocrx_word' id='word_1_347' title='bbox 892 2849 988 2902; x_wconf 78' lang='grc' dir='ltr'><strong>καὶ</strong></span> <span class='ocrx_word' id='word_1_348' title='bbox 1017 2847 1080 2901; x_wconf 83' lang='grc' dir='ltr'>τὸ</span> <span class='ocrx_word' id='word_1_349' title='bbox 1099 2847 1252 2911; x_wconf 80' lang='grc' dir='ltr'>τέλος</span> <span class='ocrx_word' id='word_1_350' title='bbox 1280 2865 1372 2900; x_wconf 84' lang='grc' dir='ltr'><strong>σου</strong></span> <span class='ocrx_word' id='word_1_351' title='bbox 1402 2847 1638 2913; x_wconf 85' lang='grc' dir='ltr'>αἰνετὸν,</span> <span class='ocrx_word' id='word_1_352' title='bbox 1657 2848 1753 2900; x_wconf 75' lang='grc' dir='ltr'><strong>καὶ</strong></span> <span class='ocrx_word' id='word_1_353' title='bbox 1778 2845 1848 2899; x_wconf 72' lang='grc' dir='ltr'><strong>τὰ</strong></span> 
     </span>
    </p>
   </div>
   <div class='ocr_carea' id='block_1_47' title="bbox 270 2939 1843 3013">
    <p class='ocr_par' dir='ltr' id='par_1_47' title="bbox 270 2939 1843 3013">
     <span class='ocr_line' id='line_1_47' title="bbox 270 2939 1843 3013; baseline -0.003 -17"><span class='ocrx_word' id='word_1_354' title='bbox 270 2941 758 3013; x_wconf 80' lang='grc' dir='ltr'>ἐγκαταλείμματά</span> <span class='ocrx_word' id='word_1_355' title='bbox 799 2959 894 2995; x_wconf 91' lang='grc' dir='ltr'><strong>σου</strong></span> <span class='ocrx_word' id='word_1_356' title='bbox 920 2943 978 2994; x_wconf 88' lang='grc' dir='ltr'>ὲν</span> <span class='ocrx_word' id='word_1_357' title='bbox 1007 2941 1343 3012; x_wconf 82' lang='grc' dir='ltr'>δικαιοσύνῃ.</span> <span class='ocrx_word' id='word_1_358' title='bbox 1382 2940 1514 2994; x_wconf 81' lang='grc' dir='ltr'>Ἰδοὺ</span> <span class='ocrx_word' id='word_1_359' title='bbox 1547 2939 1772 3010; x_wconf 86' lang='grc' dir='ltr'>δευτέρα</span> <span class='ocrx_word' id='word_1_360' title='bbox 1809 2941 1843 3011; x_wconf 78' lang='grc' dir='ltr'>ἡ</span> 
     </span>
    </p>
   </div>
   <div class='ocr_carea' id='block_1_48' title="bbox 270 3031 1847 3106">
    <p class='ocr_par' dir='ltr' id='par_1_48' title="bbox 270 3031 1847 3106">
     <span class='ocr_line' id='line_1_48' title="bbox 270 3031 1847 3106; baseline -0.004 -17"><span class='ocrx_word' id='word_1_361' title='bbox 270 3033 534 3106; x_wconf 81' lang='grc' dir='ltr'>ἐπιστολή</span> <span class='ocrx_word' id='word_1_362' title='bbox 571 3052 672 3104; x_wconf 90' lang='grc' dir='ltr'><strong>μου</strong></span> <span class='ocrx_word' id='word_1_363' title='bbox 715 3034 853 3104; x_wconf 75' lang='grc' dir='ltr'>αὕτη</span> <span class='ocrx_word' id='word_1_364' title='bbox 886 3034 918 3104; x_wconf 82' lang='grc' dir='ltr'>ἡ</span> <span class='ocrx_word' id='word_1_365' title='bbox 948 3033 1195 3102; x_wconf 80' lang='grc' dir='ltr'>εὐτελής.</span> <span class='ocrx_word' id='word_1_366' title='bbox 1239 3033 1350 3086; x_wconf 80' lang='grc' dir='ltr'>Καὶ</span> <span class='ocrx_word' id='word_1_367' title='bbox 1390 3033 1438 3085; x_wconf 87' lang='grc' dir='ltr'><strong>εί</strong></span> <span class='ocrx_word' id='word_1_368' title='bbox 1489 3031 1589 3102; x_wconf 79' lang='grc' dir='ltr'>μὲν</span> <span class='ocrx_word' id='word_1_369' title='bbox 1626 3031 1847 3102; x_wconf 83' lang='grc' dir='ltr'>δράσεις</span> 
     </span>
    </p>
   </div>
   <div class='ocr_carea' id='block_1_49' title="bbox 1949 1922 3531 1992">
    <p class='ocr_par' dir='ltr' id='par_1_49' title="bbox 1949 1922 3531 1992">
     <span class='ocr_line' id='line_1_49' title="bbox 1949 1922 3531 1992; baseline -0.003 -13"><span class='ocrx_word' id='word_1_370' title='bbox 1949 1925 2066 1992; x_wconf 91' lang='lat' dir='ltr'><strong>illo,</strong></span> <span class='ocrx_word' id='word_1_371' title='bbox 2112 1925 2204 1981; x_wconf 79' lang='lat' dir='ltr'><strong>se]</strong></span> <span class='ocrx_word' id='word_1_372' title='bbox 2238 1941 2362 1979; x_wconf 87' lang='lat' dir='ltr'><strong>cum</strong></span> <span class='ocrx_word' id='word_1_373' title='bbox 2413 1925 2531 1979; x_wconf 92' lang='lat' dir='ltr'><strong>solo</strong></span> <span class='ocrx_word' id='word_1_374' title='bbox 2575 1940 2662 1979; x_wconf 92' lang='lat' dir='ltr'><strong>me</strong></span> <span class='ocrx_word' id='word_1_375' title='bbox 2709 1923 2927 1989; x_wconf 91' lang='lat' dir='ltr'><strong>humili,</strong></span> <span class='ocrx_word' id='word_1_376' title='bbox 2982 1923 3203 1977; x_wconf 88' lang='lat' dir='ltr'><strong>tolletur</strong></span> <span class='ocrx_word' id='word_1_377' title='bbox 3232 1922 3300 1976; x_wconf 90' lang='lat' dir='ltr'><strong>de</strong></span> <span class='ocrx_word' id='word_1_378' title='bbox 3345 1923 3531 1976; x_wconf 90' lang='lat' dir='ltr'><strong>medio</strong></span> 
     </span>
    </p>
   </div>
   <div class='ocr_carea' id='block_1_50' title="bbox 1948 2010 3532 2086">
    <p class='ocr_par' dir='ltr' id='par_1_50' title="bbox 1948 2010 3532 2086">
     <span class='ocr_line' id='line_1_50' title="bbox 1948 2010 3532 2086; baseline -0.004 -13"><span class='ocrx_word' id='word_1_379' title='bbox 1948 2017 2288 2083; x_wconf 85' lang='lat' dir='ltr'><strong>scandalum,</strong></span> <span class='ocrx_word' id='word_1_380' title='bbox 2320 2026 2373 2071; x_wconf 90' lang='lat' dir='ltr'><strong>et</strong></span> <span class='ocrx_word' id='word_1_381' title='bbox 2399 2017 2710 2072; x_wconf 76' lang='lat' dir='ltr'><strong>coalescant</strong></span> <span class='ocrx_word' id='word_1_382' title='bbox 2738 2030 2860 2086; x_wconf 76' lang='lat' dir='ltr'><strong>qua:</strong></span> <span class='ocrx_word' id='word_1_383' title='bbox 2888 2013 3101 2069; x_wconf 82' lang='lat' dir='ltr'><strong>divulsa</strong></span> <span class='ocrx_word' id='word_1_384' title='bbox 3140 2021 3266 2067; x_wconf 92' lang='lat' dir='ltr'><strong>sunt</strong></span> <span class='ocrx_word' id='word_1_385' title='bbox 3296 2029 3309 2065; x_wconf 90' lang='lat'><strong>:</strong></span> <span class='ocrx_word' id='word_1_386' title='bbox 3343 2020 3397 2065; x_wconf 88' lang='lat' dir='ltr'><strong>et</strong></span> <span class='ocrx_word' id='word_1_387' title='bbox 3424 2010 3532 2066; x_wconf 86' lang='lat' dir='ltr'><strong>Do-</strong></span> 
     </span>
    </p>
   </div>
   <div class='ocr_carea' id='block_1_51' title="bbox 1949 2105 3531 2175">
    <p class='ocr_par' dir='ltr' id='par_1_51' title="bbox 1949 2105 3531 2175">
     <span class='ocr_line' id='line_1_51' title="bbox 1949 2105 3531 2175; baseline -0.004 -10"><span class='ocrx_word' id='word_1_388' title='bbox 1949 2111 2134 2165; x_wconf 89' lang='lat' dir='ltr'><strong>minus</strong></span> <span class='ocrx_word' id='word_1_389' title='bbox 2174 2109 2226 2163; x_wconf 90' lang='lat' dir='ltr'><strong>in</strong></span> <span class='ocrx_word' id='word_1_390' title='bbox 2271 2109 2454 2164; x_wconf 90' lang='lat' dir='ltr'><strong>medio</strong></span> <span class='ocrx_word' id='word_1_391' title='bbox 2487 2117 2732 2163; x_wconf 88' lang='lat' dir='ltr'><strong>nostrum</strong></span> <span class='ocrx_word' id='word_1_392' title='bbox 2763 2126 2778 2162; x_wconf 88' lang='lat'><strong>:</strong></span> <span class='ocrx_word' id='word_1_393' title='bbox 2808 2119 2866 2162; x_wconf 90' lang='lat' dir='ltr'><strong>et</strong></span> <span class='ocrx_word' id='word_1_394' title='bbox 2909 2121 3016 2160; x_wconf 88' lang='lat' dir='ltr'><strong>non</strong></span> <span class='ocrx_word' id='word_1_395' title='bbox 3061 2105 3531 2175; x_wconf 89' lang='lat' dir='ltr'><strong>blasphemabitur</strong></span> 
     </span>
    </p>
   </div>
   <div class='ocr_carea' id='block_1_52' title="bbox 1948 2199 3528 2272">
    <p class='ocr_par' dir='ltr' id='par_1_52' title="bbox 1948 2199 3528 2272">
     <span class='ocr_line' id='line_1_52' title="bbox 1948 2199 3528 2272; baseline -0.004 -16"><span class='ocrx_word' id='word_1_396' title='bbox 1948 2218 2150 2257; x_wconf 89' lang='lat' dir='ltr'><strong>nomen</strong></span> <span class='ocrx_word' id='word_1_397' title='bbox 2194 2202 2315 2272; x_wconf 85' lang='lat' dir='ltr'><strong>ejus</strong></span> <span class='ocrx_word' id='word_1_398' title='bbox 2357 2210 2580 2270; x_wconf 85' lang='lat' dir='ltr'><strong>propter</strong></span> <span class='ocrx_word' id='word_1_399' title='bbox 2630 2215 2755 2264; x_wconf 89' lang='lat' dir='ltr'><strong>nos,</strong></span> <span class='ocrx_word' id='word_1_400' title='bbox 2806 2215 2916 2254; x_wconf 88' lang='lat' dir='ltr'><strong>non</strong></span> <span class='ocrx_word' id='word_1_401' title='bbox 2962 2200 3086 2253; x_wconf 91' lang='lat' dir='ltr'><strong>dico</strong></span> <span class='ocrx_word' id='word_1_402' title='bbox 3133 2199 3278 2253; x_wconf 91' lang='lat' dir='ltr'><strong>inter</strong></span> <span class='ocrx_word' id='word_1_403' title='bbox 3319 2206 3528 2267; x_wconf 88' lang='lat' dir='ltr'><strong>gentes,</strong></span> 
     </span>
    </p>
   </div>
   <div class='ocr_carea' id='block_1_53' title="bbox 1949 2291 3628 2361">
    <p class='ocr_par' dir='ltr' id='par_1_53' title="bbox 1949 2291 3628 2361">
     <span class='ocr_line' id='line_1_53' title="bbox 1949 2291 3628 2361; baseline -0.004 -9"><span class='ocrx_word' id='word_1_404' title='bbox 1949 2297 2044 2352; x_wconf 88' lang='lat' dir='ltr'><strong>sed</strong></span> <span class='ocrx_word' id='word_1_405' title='bbox 2085 2297 2229 2350; x_wconf 87' lang='lat' dir='ltr'><strong>inter</strong></span> <span class='ocrx_word' id='word_1_406' title='bbox 2271 2295 2637 2350; x_wconf 82' lang='lat' dir='ltr'><strong>Christianos.</strong></span> <span class='ocrx_word' id='word_1_407' title='bbox 2689 2292 2847 2360; x_wconf 86' lang='lat' dir='ltr'><strong>Quod</strong></span> <span class='ocrx_word' id='word_1_408' title='bbox 2901 2292 2946 2347; x_wconf 91' lang='lat' dir='ltr'><strong>si</strong></span> <span class='ocrx_word' id='word_1_409' title='bbox 2981 2291 3071 2361; x_wconf 92' lang='lat' dir='ltr'><strong>qui</strong></span> <span class='ocrx_word' id='word_1_410' title='bbox 3103 2300 3227 2361; x_wconf 89' lang='lat' dir='ltr'><strong>post</strong></span> <span class='ocrx_word' id='word_1_411' title='bbox 3281 2303 3528 2346; x_wconf 89' lang='lat' dir='ltr'><strong>mutuam</strong></span> <span class='ocrx_word' id='word_1_412' title='bbox 3619 2309 3628 2316; x_wconf 66' lang='grc'><em>’</em></span> 
     </span>
    </p>
   </div>
   <div class='ocr_carea' id='block_1_54' title="bbox 1948 2381 3531 2462">
    <p class='ocr_par' dir='ltr' id='par_1_54' title="bbox 1948 2381 3531 2462">
     <span class='ocr_line' id='line_1_54' title="bbox 1948 2381 3531 2462; baseline -0.006 -18"><span class='ocrx_word' id='word_1_413' title='bbox 1948 2389 2299 2444; x_wconf 89' lang='lat' dir='ltr'><strong>concordiam</strong></span> <span class='ocrx_word' id='word_1_414' title='bbox 2350 2385 2732 2448; x_wconf 84' lang='lat' dir='ltr'><strong>dissenserint,</strong></span> <span class='ocrx_word' id='word_1_415' title='bbox 2774 2385 3136 2448; x_wconf 88' lang='lat' dir='ltr'><strong>docebuntur,</strong></span> <span class='ocrx_word' id='word_1_416' title='bbox 3179 2392 3234 2436; x_wconf 91' lang='lat' dir='ltr'><strong>et</strong></span> <span class='ocrx_word' id='word_1_417' title='bbox 3270 2381 3531 2462; x_wconf 80' lang='lat' dir='ltr'><strong>unientur</strong></span> 
     </span>
    </p>
   </div>
   <div class='ocr_carea' id='block_1_55' title="bbox 1947 2473 3532 2554">
    <p class='ocr_par' dir='ltr' id='par_1_55' title="bbox 1947 2473 3532 2554">
     <span class='ocr_line' id='line_1_55' title="bbox 1947 2473 3532 2554; baseline -0.006 -17"><span class='ocrx_word' id='word_1_418' title='bbox 1947 2499 2045 2554; x_wconf 90' lang='lat' dir='ltr'><strong>per</strong></span> <span class='ocrx_word' id='word_1_419' title='bbox 2089 2497 2190 2536; x_wconf 87' lang='lat' dir='ltr'><strong>nos</strong></span> <span class='ocrx_word' id='word_1_420' title='bbox 2222 2480 2483 2542; x_wconf 88' lang='lat' dir='ltr'><strong>humiles,</strong></span> <span class='ocrx_word' id='word_1_421' title='bbox 2519 2479 2612 2548; x_wconf 85' lang='lat' dir='ltr'><strong>qui</strong></span> <span class='ocrx_word' id='word_1_422' title='bbox 2655 2488 2706 2533; x_wconf 88' lang='lat' dir='ltr'><strong>te</strong></span> <span class='ocrx_word' id='word_1_423' title='bbox 2749 2478 2893 2532; x_wconf 86' lang='lat' dir='ltr'><strong>sicut</strong></span> <span class='ocrx_word' id='word_1_424' title='bbox 2936 2491 3039 2531; x_wconf 91' lang='lat' dir='ltr'><strong>nos</strong></span> <span class='ocrx_word' id='word_1_425' title='bbox 3095 2475 3247 2545; x_wconf 89' lang='lat' dir='ltr'><strong>ipsos</strong></span> <span class='ocrx_word' id='word_1_426' title='bbox 3274 2473 3532 2530; x_wconf 83' lang='lat' dir='ltr'><strong>defende-</strong></span> 
     </span>
    </p>
   </div>
   <div class='ocr_carea' id='block_1_56' title="bbox 1949 2567 3532 2644">
    <p class='ocr_par' dir='ltr' id='par_1_56' title="bbox 1949 2567 3532 2644">
     <span class='ocr_line' id='line_1_56' title="bbox 1949 2567 3532 2644; baseline -0.007 -13"><span class='ocrx_word' id='word_1_427' title='bbox 1949 2591 2096 2631; x_wconf 89' lang='lat' dir='ltr'><strong>mus.</strong></span> <span class='ocrx_word' id='word_1_428' title='bbox 2142 2573 2210 2627; x_wconf 87' lang='lat' dir='ltr'><strong>Et</strong></span> <span class='ocrx_word' id='word_1_429' title='bbox 2243 2574 2514 2644; x_wconf 87' lang='lat' dir='ltr'><strong>propitius</strong></span> <span class='ocrx_word' id='word_1_430' title='bbox 2562 2571 2668 2626; x_wconf 87' lang='lat' dir='ltr'><strong>erit</strong></span> <span class='ocrx_word' id='word_1_431' title='bbox 2706 2572 2872 2632; x_wconf 86' lang='lat' dir='ltr'><strong>Deus,</strong></span> <span class='ocrx_word' id='word_1_432' title='bbox 2907 2579 2962 2624; x_wconf 87' lang='lat' dir='ltr'><strong>et</strong></span> <span class='ocrx_word' id='word_1_433' title='bbox 2990 2569 3101 2623; x_wconf 80' lang='lat' dir='ltr'><strong>vita</strong></span> <span class='ocrx_word' id='word_1_434' title='bbox 3144 2576 3235 2622; x_wconf 89' lang='lat' dir='ltr'><strong>tua</strong></span> <span class='ocrx_word' id='word_1_435' title='bbox 3265 2567 3445 2633; x_wconf 88' lang='lat' dir='ltr'><strong>beata,</strong></span> <span class='ocrx_word' id='word_1_436' title='bbox 3477 2580 3532 2621; x_wconf 87' lang='lat' dir='ltr'><strong>et</strong></span> 
     </span>
    </p>
   </div>
   <div class='ocr_carea' id='block_1_57' title="bbox 1951 2658 3526 2731">
    <p class='ocr_par' dir='ltr' id='par_1_57' title="bbox 1951 2658 3526 2731">
     <span class='ocr_line' id='line_1_57' title="bbox 1951 2658 3526 2731; baseline -0.006 -10"><span class='ocrx_word' id='word_1_437' title='bbox 1951 2669 2075 2723; x_wconf 80' lang='lat' dir='ltr'><strong>finis</strong></span> <span class='ocrx_word' id='word_1_438' title='bbox 2113 2676 2242 2720; x_wconf 88' lang='lat' dir='ltr'><strong>tuus</strong></span> <span class='ocrx_word' id='word_1_439' title='bbox 2295 2664 2608 2729; x_wconf 87' lang='lat' dir='ltr'><strong>laudabilis,</strong></span> <span class='ocrx_word' id='word_1_440' title='bbox 2661 2671 2718 2717; x_wconf 91' lang='lat' dir='ltr'><strong>et</strong></span> <span class='ocrx_word' id='word_1_441' title='bbox 2764 2661 3008 2731; x_wconf 76' lang='lat' dir='ltr'><strong>reliquize</strong></span> <span class='ocrx_word' id='word_1_442' title='bbox 3051 2670 3155 2716; x_wconf 74' lang='lat' dir='ltr'><strong>tuae</strong></span> <span class='ocrx_word' id='word_1_443' title='bbox 3204 2660 3260 2714; x_wconf 91' lang='lat' dir='ltr'><strong>in</strong></span> <span class='ocrx_word' id='word_1_444' title='bbox 3287 2658 3526 2729; x_wconf 88' lang='lat' dir='ltr'><strong>justitia.</strong></span> 
     </span>
    </p>
   </div>
   <div class='ocr_carea' id='block_1_58' title="bbox 1948 2750 3532 2822">
    <p class='ocr_par' dir='ltr' id='par_1_58' title="bbox 1948 2750 3532 2822">
     <span class='ocr_line' id='line_1_58' title="bbox 1948 2750 3532 2822; baseline -0.006 -9"><span class='ocrx_word' id='word_1_445' title='bbox 1948 2759 2090 2816; x_wconf 88' lang='lat' dir='ltr'><strong>Ecce</strong></span> <span class='ocrx_word' id='word_1_446' title='bbox 2135 2759 2254 2814; x_wconf 84' lang='lat' dir='ltr'><strong>haec</strong></span> <span class='ocrx_word' id='word_1_447' title='bbox 2284 2757 2528 2813; x_wconf 89' lang='lat' dir='ltr'><strong>secunda</strong></span> <span class='ocrx_word' id='word_1_448' title='bbox 2572 2766 2655 2810; x_wconf 89' lang='lat' dir='ltr'><strong>est</strong></span> <span class='ocrx_word' id='word_1_449' title='bbox 2697 2769 2818 2809; x_wconf 86' lang='lat' dir='ltr'><strong>mea</strong></span> <span class='ocrx_word' id='word_1_450' title='bbox 2863 2754 3043 2808; x_wconf 89' lang='lat' dir='ltr'><strong>tenuis</strong></span> <span class='ocrx_word' id='word_1_451' title='bbox 3083 2752 3335 2822; x_wconf 88' lang='lat' dir='ltr'><strong>epistola.</strong></span> <span class='ocrx_word' id='word_1_452' title='bbox 3366 2750 3445 2806; x_wconf 87' lang='lat' dir='ltr'><strong>Ac</strong></span> <span class='ocrx_word' id='word_1_453' title='bbox 3483 2753 3532 2806; x_wconf 86' lang='lat' dir='ltr'><strong>si</strong></span> 
     </span>
    </p>
   </div>
   <div class='ocr_carea' id='block_1_59' title="bbox 1949 2847 3529 2925">
    <p class='ocr_par' dir='ltr' id='par_1_59' title="bbox 1949 2847 3529 2925">
     <span class='ocr_line' id='line_1_59' title="bbox 1949 2847 3529 2925; baseline -0.008 -16"><span class='ocrx_word' id='word_1_454' title='bbox 1949 2855 2174 2925; x_wconf 79' lang='lat' dir='ltr'><strong>quidem</strong></span> <span class='ocrx_word' id='word_1_455' title='bbox 2205 2869 2328 2923; x_wconf 83' lang='lat' dir='ltr'><strong>quae</strong></span> <span class='ocrx_word' id='word_1_456' title='bbox 2356 2851 2693 2907; x_wconf 88' lang='lat' dir='ltr'><strong>conveniunt</strong></span> <span class='ocrx_word' id='word_1_457' title='bbox 2738 2849 2936 2919; x_wconf 88' lang='lat' dir='ltr'><strong>egeris,</strong></span> <span class='ocrx_word' id='word_1_458' title='bbox 2982 2847 3268 2901; x_wconf 89' lang='lat' dir='ltr'><strong>declarans</strong></span> <span class='ocrx_word' id='word_1_459' title='bbox 3303 2859 3529 2914; x_wconf 83' lang='lat' dir='ltr'><strong>respon-</strong></span> 
     </span>
    </p>
   </div>
   <div class='ocr_carea' id='block_1_60' title="bbox 1949 2935 3531 3018">
    <p class='ocr_par' dir='ltr' id='par_1_60' title="bbox 1949 2935 3531 3018">
     <span class='ocr_line' id='line_1_60' title="bbox 1949 2935 3531 3018; baseline -0.009 -15"><span class='ocrx_word' id='word_1_460' title='bbox 1949 2949 2197 3018; x_wconf 83' lang='lat' dir='ltr'><strong>deusque</strong></span> <span class='ocrx_word' id='word_1_461' title='bbox 2235 2947 2304 3000; x_wconf 85' lang='lat' dir='ltr'><strong>de</strong></span> <span class='ocrx_word' id='word_1_462' title='bbox 2333 2945 2594 3001; x_wconf 85' lang='lat' dir='ltr'><strong>omnibus</strong></span> <span class='ocrx_word' id='word_1_463' title='bbox 2633 2958 2870 3012; x_wconf 90' lang='lat' dir='ltr'><strong>quorum</strong></span> <span class='ocrx_word' id='word_1_464' title='bbox 2914 2940 3275 3003; x_wconf 88' lang='lat' dir='ltr'><strong>insimularis,</strong></span> <span class='ocrx_word' id='word_1_465' title='bbox 3308 2935 3531 2993; x_wconf 86' lang='lat' dir='ltr'><strong>lucrifa-</strong></span> 
     </span>
    </p>
   </div>
   <div class='ocr_carea' id='block_1_61' title="bbox 1951 3026 3530 3098">
    <p class='ocr_par' dir='ltr' id='par_1_61' title="bbox 1951 3026 3530 3098">
     <span class='ocr_line' id='line_1_61' title="bbox 1951 3026 3530 3098; baseline -0.009 -2"><span class='ocrx_word' id='word_1_466' title='bbox 1951 3051 2070 3096; x_wconf 88' lang='lat' dir='ltr'><strong>ctus</strong></span> <span class='ocrx_word' id='word_1_467' title='bbox 2091 3055 2150 3094; x_wconf 88' lang='lat' dir='ltr'><strong>es</strong></span> <span class='ocrx_word' id='word_1_468' title='bbox 2183 3037 2354 3091; x_wconf 85' lang='lat' dir='ltr'><strong>frater</strong></span> <span class='ocrx_word' id='word_1_469' title='bbox 2383 3045 2591 3098; x_wconf 82' lang='lat' dir='ltr'><strong>n0ster,</strong></span> <span class='ocrx_word' id='word_1_470' title='bbox 2622 3045 2680 3088; x_wconf 91' lang='lat' dir='ltr'><strong>ut</strong></span> <span class='ocrx_word' id='word_1_471' title='bbox 2716 3031 2931 3086; x_wconf 88' lang='lat' dir='ltr'><strong>Domini</strong></span> <span class='ocrx_word' id='word_1_472' title='bbox 2965 3045 3096 3085; x_wconf 82' lang='lat' dir='ltr'><strong>voce</strong></span> <span class='ocrx_word' id='word_1_473' title='bbox 3128 3040 3348 3084; x_wconf 88' lang='lat' dir='ltr'><strong>utamur</strong></span> <span class='ocrx_word' id='word_1_474' title='bbox 3371 3026 3438 3093; x_wconf 73' lang='grc'>⁸⁵,</span> <span class='ocrx_word' id='word_1_475' title='bbox 3474 3034 3530 3082; x_wconf 87' lang='lat' dir='ltr'><strong>et</strong></span> 
     </span>
    </p>
   </div>
   <div class='ocr_carea' id='block_1_62' title="bbox 267 3116 1849 3221">
    <p class='ocr_par' dir='ltr' id='par_1_62' title="bbox 267 3116 1844 3196">
     <span class='ocr_line' id='line_1_62' title="bbox 267 3116 1844 3196; baseline -0.003 -16"><span class='ocrx_word' id='word_1_476' title='bbox 267 3128 338 3180; x_wconf 80' lang='grc' dir='ltr'>τὰ</span> <span class='ocrx_word' id='word_1_477' title='bbox 365 3126 574 3190; x_wconf 80' lang='grc' dir='ltr'>δέοντα,</span> <span class='ocrx_word' id='word_1_478' title='bbox 597 3124 774 3196; x_wconf 86' lang='grc' dir='ltr'>δηλῶν</span> <span class='ocrx_word' id='word_1_479' title='bbox 797 3125 892 3179; x_wconf 78' lang='grc' dir='ltr'><strong>καὶ</strong></span> <span class='ocrx_word' id='word_1_480' title='bbox 913 3123 1352 3195; x_wconf 85' lang='grc' dir='ltr'>ἀπολογούμενος</span> <span class='ocrx_word' id='word_1_481' title='bbox 1381 3139 1446 3176; x_wconf 90' lang='grc' dir='ltr'><strong>πε</strong></span> <span class='ocrx_word' id='word_1_482' title='bbox 1456 3124 1508 3194; x_wconf 76' lang='lat' dir='ltr'><strong>pl.</strong></span> <span class='ocrx_word' id='word_1_483' title='bbox 1531 3123 1749 3178; x_wconf 79' lang='grc' dir='ltr'>πάντων</span> <span class='ocrx_word' id='word_1_484' title='bbox 1769 3116 1844 3176; x_wconf 80' lang='grc' dir='ltr'>ὧν</span> 
     </span>
    </p>
   </div>
   <div class='ocr_carea' id='block_1_63' title="bbox 1951 3116 3528 3221">
    <p class='ocr_par' dir='ltr' id='par_1_63' title="bbox 1951 3121 3528 3197">
     <span class='ocr_line' id='line_1_63' title="bbox 1951 3121 3528 3197; baseline -0.01 -8"><span class='ocrx_word' id='word_1_485' title='bbox 1951 3134 2015 3189; x_wconf 89' lang='lat' dir='ltr'><strong>de</strong></span> <span class='ocrx_word' id='word_1_486' title='bbox 2071 3140 2126 3190; x_wconf 87' lang='lat' dir='ltr'><strong>te</strong></span> <span class='ocrx_word' id='word_1_487' title='bbox 2172 3130 2410 3186; x_wconf 87' lang='lat' dir='ltr'><strong>humiles</strong></span> <span class='ocrx_word' id='word_1_488' title='bbox 2455 3140 2787 3197; x_wconf 82' lang='lat' dir='ltr'><strong>magnopere</strong></span> <span class='ocrx_word' id='word_1_489' title='bbox 2841 3125 3165 3195; x_wconf 81' lang='lat' dir='ltr'><strong>gaudemus.</strong></span> <span class='ocrx_word' id='word_1_490' title='bbox 3221 3121 3317 3177; x_wconf 87' lang='lat' dir='ltr'><strong>Sin</strong></span> <span class='ocrx_word' id='word_1_491' title='bbox 3372 3136 3528 3186; x_wconf 85' lang='lat' dir='ltr'><strong>vero,</strong></span> 
     </span>
    </p>
   </div>
   <div class='ocr_carea' id='block_1_64' title="bbox 267 3214 1849 3298">
    <p class='ocr_par' dir='ltr' id='par_1_64' title="bbox 267 3215 1845 3289">
     <span class='ocr_line' id='line_1_64' title="bbox 267 3215 1845 3289; baseline -0.002 -18"><span class='ocrx_word' id='word_1_492' title='bbox 267 3217 518 3288; x_wconf 81' lang='grc' dir='ltr'>ἐγκαλῇ,</span> <span class='ocrx_word' id='word_1_493' title='bbox 555 3217 858 3289; x_wconf 83' lang='grc' dir='ltr'>ὲκερδήθης</span> <span class='ocrx_word' id='word_1_494' title='bbox 902 3218 933 3272; x_wconf 76' lang='grc' dir='ltr'>ὁ</span> <span class='ocrx_word' id='word_1_495' title='bbox 972 3217 1200 3287; x_wconf 77' lang='grc' dir='ltr'>ἀδελφὸς</span> <span class='ocrx_word' id='word_1_496' title='bbox 1248 3216 1429 3288; x_wconf 83' lang='grc' dir='ltr'>ἡμῶν,</span> <span class='ocrx_word' id='word_1_497' title='bbox 1478 3215 1845 3287; x_wconf 85' lang='grc' dir='ltr'>κυριολέκτως</span> 
     </span>
    </p>
   </div>
   <div class='ocr_carea' id='block_1_65' title="bbox 1951 3214 3529 3298">
    <p class='ocr_par' dir='ltr' id='par_1_65' title="bbox 1951 3214 3529 3298">
     <span class='ocr_line' id='line_1_65' title="bbox 1951 3214 3529 3298; baseline -0.008 -18"><span class='ocrx_word' id='word_1_498' title='bbox 1951 3225 2091 3298; x_wconf 84' lang='lat' dir='ltr'><strong>quod</strong></span> <span class='ocrx_word' id='word_1_499' title='bbox 2119 3223 2284 3287; x_wconf 89' lang='lat' dir='ltr'><strong>absit,</strong></span> <span class='ocrx_word' id='word_1_500' title='bbox 2327 3223 2380 3276; x_wconf 92' lang='lat' dir='ltr'><strong>in</strong></span> <span class='ocrx_word' id='word_1_501' title='bbox 2428 3221 2621 3277; x_wconf 87' lang='lat' dir='ltr'><strong>eodem</strong></span> <span class='ocrx_word' id='word_1_502' title='bbox 2654 3218 2872 3273; x_wconf 89' lang='lat' dir='ltr'><strong>silentio</strong></span> <span class='ocrx_word' id='word_1_503' title='bbox 2909 3225 2965 3272; x_wconf 90' lang='lat' dir='ltr'><strong>et</strong></span> <span class='ocrx_word' id='word_1_504' title='bbox 2995 3214 3369 3271; x_wconf 86' lang='lat' dir='ltr'><strong>inobedientia</strong></span> <span class='ocrx_word' id='word_1_505' title='bbox 3403 3229 3529 3284; x_wconf 84' lang='lat' dir='ltr'><strong>per-</strong></span> 
     </span>
    </p>
   </div>
   <div class='ocr_carea' id='block_1_66' title="bbox 267 3309 1843 3382">
    <p class='ocr_par' dir='ltr' id='par_1_66' title="bbox 267 3309 1843 3382">
     <span class='ocr_line' id='line_1_66' title="bbox 267 3309 1843 3382; baseline -0.001 -18"><span class='ocrx_word' id='word_1_506' title='bbox 267 3313 472 3376; x_wconf 82' lang='grc' dir='ltr'>είπεῖν,</span> <span class='ocrx_word' id='word_1_507' title='bbox 501 3312 595 3364; x_wconf 75' lang='grc' dir='ltr'><strong>καὶ</strong></span> <span class='ocrx_word' id='word_1_508' title='bbox 619 3311 882 3382; x_wconf 87' lang='grc' dir='ltr'>χαίρομεν</span> <span class='ocrx_word' id='word_1_509' title='bbox 913 3311 1006 3364; x_wconf 76' lang='grc' dir='ltr'><strong>ἐπὶ</strong></span> <span class='ocrx_word' id='word_1_510' title='bbox 1030 3310 1115 3364; x_wconf 76' lang='grc' dir='ltr'><strong>σοὶ</strong></span> <span class='ocrx_word' id='word_1_511' title='bbox 1139 3311 1284 3380; x_wconf 86' lang='grc' dir='ltr'>μέγα</span> <span class='ocrx_word' id='word_1_512' title='bbox 1309 3311 1360 3364; x_wconf 83' lang='lat' dir='ltr'><strong>oi</strong></span> <span class='ocrx_word' id='word_1_513' title='bbox 1385 3309 1652 3364; x_wconf 88' lang='grc' dir='ltr'>ταπεινοί.</span> <span class='ocrx_word' id='word_1_514' title='bbox 1676 3310 1738 3363; x_wconf 81' lang='lat' dir='ltr'><strong>Ei.</strong></span> <span class='ocrx_word' id='word_1_515' title='bbox 1763 3309 1843 3374; x_wconf 85' lang='grc' dir='ltr'><strong>δὲ,</strong></span> 
     </span>
    </p>
   </div>
   <div class='ocr_carea' id='block_1_67' title="bbox 265 3403 1847 3476">
    <p class='ocr_par' dir='ltr' id='par_1_67' title="bbox 265 3403 1847 3476">
     <span class='ocr_line' id='line_1_67' title="bbox 265 3403 1847 3476; baseline -0.001 -18"><span class='ocrx_word' id='word_1_516' title='bbox 265 3407 408 3476; x_wconf 82' lang='grc' dir='ltr'>ὅπερ</span> <span class='ocrx_word' id='word_1_517' title='bbox 441 3405 630 3475; x_wconf 80' lang='grc' dir='ltr'>ἀπείη,</span> <span class='ocrx_word' id='word_1_518' title='bbox 679 3404 945 3475; x_wconf 78' lang='grc' dir='ltr'>ὲμμείνῃς</span> <span class='ocrx_word' id='word_1_519' title='bbox 977 3405 1037 3456; x_wconf 83' lang='grc' dir='ltr'>ὲν</span> <span class='ocrx_word' id='word_1_520' title='bbox 1063 3406 1130 3475; x_wconf 78' lang='grc' dir='ltr'>τῇ</span> <span class='ocrx_word' id='word_1_521' title='bbox 1156 3405 1295 3474; x_wconf 74' lang='grc' dir='ltr'>αὐτῇ</span> <span class='ocrx_word' id='word_1_522' title='bbox 1325 3406 1501 3475; x_wconf 78' lang='grc' dir='ltr'>σιωπῇ</span> <span class='ocrx_word' id='word_1_523' title='bbox 1531 3403 1626 3457; x_wconf 79' lang='grc' dir='ltr'><strong>καὶ</strong></span> <span class='ocrx_word' id='word_1_524' title='bbox 1672 3403 1847 3457; x_wconf 88' lang='grc' dir='ltr'>ἀπει-</span> 
     </span>
    </p>
   </div>
   <div class='ocr_carea' id='block_1_68' title="bbox 267 3495 1844 3568">
    <p class='ocr_par' dir='ltr' id='par_1_68' title="bbox 267 3495 1844 3568">
     <span class='ocr_line' id='line_1_68' title="bbox 267 3495 1844 3568; baseline -0.003 -17"><span class='ocrx_word' id='word_1_525' title='bbox 267 3497 412 3568; x_wconf 64' lang='grc' dir='ltr'>θείᾳ.</span> <span class='ocrx_word' id='word_1_526' title='bbox 449 3498 738 3568; x_wconf 83' lang='grc' dir='ltr'>βαστάσοις</span> <span class='ocrx_word' id='word_1_527' title='bbox 769 3497 830 3549; x_wconf 86' lang='grc' dir='ltr'><strong>τδ</strong></span> <span class='ocrx_word' id='word_1_528' title='bbox 854 3498 1030 3566; x_wconf 87' lang='grc' dir='ltr'>κρῖμα</span> <span class='ocrx_word' id='word_1_529' title='bbox 1074 3495 1314 3559; x_wconf 81' lang='grc' dir='ltr'>αἰώνιον,</span> <span class='ocrx_word' id='word_1_530' title='bbox 1346 3497 1606 3566; x_wconf 81' lang='grc' dir='ltr'>ἄπρακτα</span> <span class='ocrx_word' id='word_1_531' title='bbox 1636 3495 1844 3560; x_wconf 79' lang='grc' dir='ltr'>ἀσκῶν,</span> 
     </span>
    </p>
   </div>
   <div class='ocr_carea' id='block_1_69' title="bbox 271 3585 1848 3660">
    <p class='ocr_par' dir='ltr' id='par_1_69' title="bbox 271 3585 1848 3660">
     <span class='ocr_line' id='line_1_69' title="bbox 271 3585 1848 3660; baseline -0.001 -19"><span class='ocrx_word' id='word_1_532' title='bbox 271 3590 476 3659; x_wconf 82' lang='grc' dir='ltr'>μᾶλλον</span> <span class='ocrx_word' id='word_1_533' title='bbox 503 3590 560 3642; x_wconf 86' lang='grc' dir='ltr'><strong>δὲ</strong></span> <span class='ocrx_word' id='word_1_534' title='bbox 601 3589 861 3660; x_wconf 80' lang='grc' dir='ltr'>ὀλεθρίως</span> <span class='ocrx_word' id='word_1_535' title='bbox 904 3589 1106 3659; x_wconf 76' lang='grc' dir='ltr'>σχίζων</span> <span class='ocrx_word' id='word_1_536' title='bbox 1131 3588 1223 3640; x_wconf 80' lang='grc' dir='ltr'>τὸν</span> <span class='ocrx_word' id='word_1_537' title='bbox 1257 3587 1385 3641; x_wconf 83' lang='grc' dir='ltr'>λαὸν</span> <span class='ocrx_word' id='word_1_538' title='bbox 1418 3587 1512 3641; x_wconf 87' lang='grc' dir='ltr'><strong>τοῦ</strong></span> <span class='ocrx_word' id='word_1_539' title='bbox 1547 3585 1683 3640; x_wconf 85' lang='grc' dir='ltr'>Θεοῦ</span> <span class='ocrx_word' id='word_1_540' title='bbox 1706 3627 1721 3650; x_wconf 90' lang='grc'><strong>,</strong></span> <span class='ocrx_word' id='word_1_541' title='bbox 1761 3587 1848 3640; x_wconf 83' lang='grc' dir='ltr'>διὰ</span> 
     </span>
    </p>
   </div>
   <div class='ocr_carea' id='block_1_70' title="bbox 267 3677 1847 3752">
    <p class='ocr_par' dir='ltr' id='par_1_70' title="bbox 267 3677 1847 3752">
     <span class='ocr_line' id='line_1_70' title="bbox 267 3677 1847 3752; baseline -0.002 -20"><span class='ocrx_word' id='word_1_542' title='bbox 267 3680 370 3748; x_wconf 80' lang='grc' dir='ltr'><strong>τῆς</strong></span> <span class='ocrx_word' id='word_1_543' title='bbox 397 3681 605 3744; x_wconf 76' lang='grc' dir='ltr'>οἰκείας</span> <span class='ocrx_word' id='word_1_544' title='bbox 638 3680 1007 3752; x_wconf 87' lang='grc' dir='ltr'>ίδιοπραγίας.</span> <span class='ocrx_word' id='word_1_545' title='bbox 1056 3679 1248 3748; x_wconf 81' lang='grc' dir='ltr'>Ἡμεῖς</span> <span class='ocrx_word' id='word_1_546' title='bbox 1293 3679 1348 3732; x_wconf 81' lang='grc' dir='ltr'>δὲ</span> <span class='ocrx_word' id='word_1_547' title='bbox 1396 3679 1734 3748; x_wconf 79' lang='grc' dir='ltr'>προσέξομεν</span> <span class='ocrx_word' id='word_1_548' title='bbox 1769 3677 1847 3748; x_wconf 80' lang='grc' dir='ltr'>τῷ</span> 
     </span>
    </p>
   </div>
   <div class='ocr_carea' id='block_1_71' title="bbox 279 3770 1850 3843">
    <p class='ocr_par' dir='ltr' id='par_1_71' title="bbox 279 3770 1850 3843">
     <span class='ocr_line' id='line_1_71' title="bbox 279 3770 1850 3843; baseline 0 -19"><span class='ocrx_word' id='word_1_549' title='bbox 279 3772 592 3843; x_wconf 78' lang='grc' dir='ltr'>’Δποστόλῳ</span> <span class='ocrx_word' id='word_1_550' title='bbox 616 3772 827 3840; x_wconf 88' lang='grc' dir='ltr'>λέγοντι</span> <span class='ocrx_word' id='word_1_551' title='bbox 849 3786 862 3802; x_wconf 86' lang='grc'><strong>·</strong></span> <span class='ocrx_word' id='word_1_552' title='bbox 880 3771 1190 3840; x_wconf 54' lang='lat' dir='ltr'><strong>Alpes/mor</strong></span> <span class='ocrx_word' id='word_1_553' title='bbox 1208 3771 1523 3838; x_wconf 81' lang='grc' dir='ltr'>ἄνθρωπον</span> <span class='ocrx_word' id='word_1_554' title='bbox 1539 3773 1689 3840; x_wconf 82' lang='grc' dir='ltr'>μετὰ</span> <span class='ocrx_word' id='word_1_555' title='bbox 1702 3770 1850 3838; x_wconf 81' lang='grc' dir='ltr'>μίαν</span> 
     </span>
    </p>
   </div>
   <div class='ocr_carea' id='block_1_72' title="bbox 264 3861 1852 3934">
    <p class='ocr_par' dir='ltr' id='par_1_72' title="bbox 264 3861 1852 3934">
     <span class='ocr_line' id='line_1_72' title="bbox 264 3861 1852 3934; baseline 0.001 -20"><span class='ocrx_word' id='word_1_556' title='bbox 264 3862 369 3915; x_wconf 80' lang='grc' dir='ltr'>καὶ</span> <span class='ocrx_word' id='word_1_557' title='bbox 395 3863 686 3934; x_wconf 77' lang='grc' dir='ltr'>δευτέραν</span> <span class='ocrx_word' id='word_1_558' title='bbox 716 3865 1045 3918; x_wconf 78' lang='grc' dir='ltr'>νουθεσίαν</span> <span class='ocrx_word' id='word_1_559' title='bbox 1073 3863 1387 3931; x_wconf 82' lang='grc' dir='ltr'>παραιτοῦ,</span> <span class='ocrx_word' id='word_1_560' title='bbox 1435 3862 1605 3928; x_wconf 77' lang='grc' dir='ltr'>εἰδὼς</span> <span class='ocrx_word' id='word_1_561' title='bbox 1635 3863 1723 3916; x_wconf 86' lang='grc' dir='ltr'>ὅτι</span> <span class='ocrx_word' id='word_1_562' title='bbox 1749 3861 1852 3926; x_wconf 66' lang='grc' dir='ltr'><strong>ἓξ-</strong></span> 
     </span>
    </p>
   </div>
   <div class='ocr_carea' id='block_1_73' title="bbox 263 3951 1852 4022">
    <p class='ocr_par' dir='ltr' id='par_1_73' title="bbox 263 3951 1852 4022">
     <span class='ocr_line' id='line_1_73' title="bbox 263 3951 1852 4022; baseline -0.001 -16"><span class='ocrx_word' id='word_1_563' title='bbox 263 3957 595 4020; x_wconf 81' lang='grc' dir='ltr'>ἐστραπται</span> <span class='ocrx_word' id='word_1_564' title='bbox 641 3957 675 4010; x_wconf 84' lang='grc' dir='ltr'><strong>ό</strong></span> <span class='ocrx_word' id='word_1_565' title='bbox 729 3954 1019 4019; x_wconf 81' lang='grc' dir='ltr'>τοιοῦτος,</span> <span class='ocrx_word' id='word_1_566' title='bbox 1049 3953 1151 4007; x_wconf 78' lang='grc' dir='ltr'><strong>καί</strong></span> <span class='ocrx_word' id='word_1_567' title='bbox 1191 3951 1511 4022; x_wconf 76' lang='grc' dir='ltr'>ἁμαρτάνει</span> <span class='ocrx_word' id='word_1_568' title='bbox 1552 3951 1642 4005; x_wconf 86' lang='grc' dir='ltr'>ὢν</span> <span class='ocrx_word' id='word_1_569' title='bbox 1676 3952 1852 4004; x_wconf 85' lang='grc' dir='ltr'>αὺτο-</span> 
     </span>
    </p>
   </div>
   <div class='ocr_carea' id='block_1_74' title="bbox 265 4045 643 4114">
    <p class='ocr_par' dir='ltr' id='par_1_74' title="bbox 265 4045 643 4114">
     <span class='ocr_line' id='line_1_74' title="bbox 265 4045 643 4114; baseline 0.011 -17"><span class='ocrx_word' id='word_1_570' title='bbox 265 4045 643 4114; x_wconf 79' lang='grc' dir='ltr'>κατάκριτος.</span> 
     </span>
    </p>
   </div>
   <div class='ocr_carea' id='block_1_75' title="bbox 429 4183 1684 4259">
    <p class='ocr_par' dir='ltr' id='par_1_75' title="bbox 429 4183 1684 4259">
     <span class='ocr_line' id='line_1_75' title="bbox 429 4183 1684 4259; baseline 0.001 -21"><span class='ocrx_word' id='word_1_571' title='bbox 429 4186 577 4240; x_wconf 83' lang='grc' dir='ltr'><strong>ΡΛΘ¹</strong></span> <span class='ocrx_word' id='word_1_572' title='bbox 608 4186 745 4259; x_wconf 81' lang='grc'><strong>(50).</strong></span> <span class='ocrx_word' id='word_1_573' title='bbox 768 4187 1132 4257; x_wconf 70' lang='grc' dir='ltr'>-Στεφάνφ</span> <span class='ocrx_word' id='word_1_574' title='bbox 1160 4185 1489 4255; x_wconf 71' lang='grc' dir='ltr'>ἡγουμένῳ.</span> <span class='ocrx_word' id='word_1_575' title='bbox 1523 4183 1684 4257; x_wconf 48' lang='lat' dir='ltr'><strong>[gl/ah]</strong></span> 
     </span>
    </p>
   </div>
   <div class='ocr_carea' id='block_1_76' title="bbox 1945 3307 3526 3385">
    <p class='ocr_par' dir='ltr' id='par_1_76' title="bbox 1945 3307 3526 3385">
     <span class='ocr_line' id='line_1_76' title="bbox 1945 3307 3526 3385; baseline -0.007 -12"><span class='ocrx_word' id='word_1_576' title='bbox 1945 3317 2174 3382; x_wconf 87' lang='lat' dir='ltr'><strong>stiteris,</strong></span> <span class='ocrx_word' id='word_1_577' title='bbox 2208 3313 2484 3385; x_wconf 89' lang='lat' dir='ltr'><strong>judicium</strong></span> <span class='ocrx_word' id='word_1_578' title='bbox 2522 3310 2764 3382; x_wconf 88' lang='lat' dir='ltr'><strong>perferes</strong></span> <span class='ocrx_word' id='word_1_579' title='bbox 2791 3309 3211 3378; x_wconf 85' lang='lat' dir='ltr'><strong>sempiternum,</strong></span> <span class='ocrx_word' id='word_1_580' title='bbox 3243 3307 3526 3362; x_wconf 88' lang='lat' dir='ltr'><strong>incassum</strong></span> 
     </span>
    </p>
   </div>
   <div class='ocr_carea' id='block_1_77' title="bbox 1948 3399 3526 3474">
    <p class='ocr_par' dir='ltr' id='par_1_77' title="bbox 1948 3399 3526 3474">
     <span class='ocr_line' id='line_1_77' title="bbox 1948 3399 3526 3474; baseline -0.007 -9"><span class='ocrx_word' id='word_1_581' title='bbox 1948 3419 2002 3465; x_wconf 89' lang='lat' dir='ltr'><strong>te</strong></span> <span class='ocrx_word' id='word_1_582' title='bbox 2031 3422 2321 3472; x_wconf 78' lang='lat' dir='ltr'><strong>exercens,</strong></span> <span class='ocrx_word' id='word_1_583' title='bbox 2361 3414 2458 3460; x_wconf 89' lang='lat' dir='ltr'><strong>aut</strong></span> <span class='ocrx_word' id='word_1_584' title='bbox 2501 3405 2683 3474; x_wconf 86' lang='lat' dir='ltr'><strong>potius</strong></span> <span class='ocrx_word' id='word_1_585' title='bbox 2711 3402 2944 3459; x_wconf 81' lang='lat' dir='ltr'><strong>exitiose</strong></span> <span class='ocrx_word' id='word_1_586' title='bbox 2985 3399 3234 3456; x_wconf 81' lang='lat' dir='ltr'><strong>dividens</strong></span> <span class='ocrx_word' id='word_1_587' title='bbox 3262 3400 3526 3470; x_wconf 82' lang='lat' dir='ltr'><strong>pOpulum</strong></span> 
     </span>
    </p>
   </div>
   <div class='ocr_carea' id='block_1_78' title="bbox 1948 3492 3527 3572">
    <p class='ocr_par' dir='ltr' id='par_1_78' title="bbox 1948 3492 3527 3572">
     <span class='ocr_line' id='line_1_78' title="bbox 1948 3492 3527 3572; baseline -0.006 -17"><span class='ocrx_word' id='word_1_588' title='bbox 1948 3501 2045 3557; x_wconf 89' lang='lat' dir='ltr'><strong>Dei</strong></span> <span class='ocrx_word' id='word_1_589' title='bbox 2069 3516 2167 3572; x_wconf 90' lang='lat' dir='ltr'><strong>per</strong></span> <span class='ocrx_word' id='word_1_590' title='bbox 2196 3500 2462 3569; x_wconf 87' lang='lat' dir='ltr'><strong>privatam</strong></span> <span class='ocrx_word' id='word_1_591' title='bbox 2495 3506 2644 3552; x_wconf 89' lang='lat' dir='ltr'><strong>tuam</strong></span> <span class='ocrx_word' id='word_1_592' title='bbox 2669 3497 2970 3551; x_wconf 88' lang='lat' dir='ltr'><strong>actionem.</strong></span> <span class='ocrx_word' id='word_1_593' title='bbox 2993 3492 3259 3549; x_wconf 83' lang='lat' dir='ltr'><strong>Nosvero</strong></span> <span class='ocrx_word' id='word_1_594' title='bbox 3284 3493 3527 3561; x_wconf 79' lang='lat' dir='ltr'><strong>Aposto-</strong></span> 
     </span>
    </p>
   </div>
   <div class='ocr_carea' id='block_1_79' title="bbox 1948 3585 3528 3653">
    <p class='ocr_par' dir='ltr' id='par_1_79' title="bbox 1948 3585 3528 3653">
     <span class='ocr_line' id='line_1_79' title="bbox 1948 3585 3528 3653; baseline -0.009 -4"><span class='ocrx_word' id='word_1_595' title='bbox 1948 3595 2062 3649; x_wconf 92' lang='lat' dir='ltr'><strong>lum</strong></span> <span class='ocrx_word' id='word_1_596' title='bbox 2097 3592 2389 3647; x_wconf 89' lang='lat' dir='ltr'><strong>audiemus</strong></span> <span class='ocrx_word' id='word_1_597' title='bbox 2419 3589 2686 3644; x_wconf 90' lang='lat' dir='ltr'><strong>dicentem</strong></span> <span class='ocrx_word' id='word_1_598' title='bbox 2715 3607 2730 3643; x_wconf 89' lang='lat'><strong>:</strong></span> <span class='ocrx_word' id='word_1_599' title='bbox 2764 3587 3090 3641; x_wconf 73' lang='lat' dir='ltr'><strong>Ilwreticum</strong></span> <span class='ocrx_word' id='word_1_600' title='bbox 3117 3585 3377 3638; x_wconf 82' lang='lat' dir='ltr'><strong>hominem</strong></span> <span class='ocrx_word' id='word_1_601' title='bbox 3407 3591 3528 3653; x_wconf 86' lang='lat' dir='ltr'><strong>post</strong></span> 
     </span>
    </p>
   </div>
   <div class='ocr_carea' id='block_1_80' title="bbox 1950 3677 3528 3751">
    <p class='ocr_par' dir='ltr' id='par_1_80' title="bbox 1950 3677 3528 3751">
     <span class='ocr_line' id='line_1_80' title="bbox 1950 3677 3528 3751; baseline -0.009 -9"><span class='ocrx_word' id='word_1_602' title='bbox 1950 3703 2110 3742; x_wconf 83' lang='lat' dir='ltr'><strong>unam</strong></span> <span class='ocrx_word' id='word_1_603' title='bbox 2148 3695 2198 3740; x_wconf 86' lang='lat' dir='ltr'><strong>et</strong></span> <span class='ocrx_word' id='word_1_604' title='bbox 2227 3684 2512 3740; x_wconf 85' lang='lat' dir='ltr'><strong>secundam</strong></span> <span class='ocrx_word' id='word_1_605' title='bbox 2558 3682 2935 3751; x_wconf 84' lang='lat' dir='ltr'><strong>correptionem</strong></span> <span class='ocrx_word' id='word_1_606' title='bbox 2963 3679 3158 3742; x_wconf 86' lang='lat' dir='ltr'><strong>devita,</strong></span> <span class='ocrx_word' id='word_1_607' title='bbox 3203 3677 3373 3732; x_wconf 87' lang='lat' dir='ltr'><strong>sciens</strong></span> <span class='ocrx_word' id='word_1_608' title='bbox 3403 3679 3528 3746; x_wconf 85' lang='lat' dir='ltr'><strong>quia</strong></span> 
     </span>
    </p>
   </div>
   <div class='ocr_carea' id='block_1_81' title="bbox 1951 3767 3529 3846">
    <p class='ocr_par' dir='ltr' id='par_1_81' title="bbox 1951 3767 3529 3846">
     <span class='ocr_line' id='line_1_81' title="bbox 1951 3767 3529 3846; baseline -0.008 -13"><span class='ocrx_word' id='word_1_609' title='bbox 1951 3778 2231 3833; x_wconf 75' lang='lat' dir='ltr'><strong>subversas</strong></span> <span class='ocrx_word' id='word_1_610' title='bbox 2268 3785 2344 3831; x_wconf 86' lang='lat' dir='ltr'><strong>est</strong></span> <span class='ocrx_word' id='word_1_611' title='bbox 2367 3777 2458 3846; x_wconf 87' lang='lat' dir='ltr'><strong>qui</strong></span> <span class='ocrx_word' id='word_1_612' title='bbox 2489 3773 2750 3843; x_wconf 82' lang='lat' dir='ltr'><strong>ejusmodi</strong></span> <span class='ocrx_word' id='word_1_613' title='bbox 2772 3781 2870 3834; x_wconf 86' lang='lat' dir='ltr'><strong>est,</strong></span> <span class='ocrx_word' id='word_1_614' title='bbox 2910 3779 2961 3825; x_wconf 80' lang='lat' dir='ltr'><strong>et</strong></span> <span class='ocrx_word' id='word_1_615' title='bbox 2996 3769 3276 3840; x_wconf 78' lang='lat' dir='ltr'><strong>delinquit,</strong></span> <span class='ocrx_word' id='word_1_616' title='bbox 3308 3784 3428 3822; x_wconf 87' lang='lat' dir='ltr'><strong>cum</strong></span> <span class='ocrx_word' id='word_1_617' title='bbox 3457 3767 3529 3821; x_wconf 81' lang='lat' dir='ltr'><strong>sit</strong></span> 
     </span>
    </p>
   </div>
   <div class='ocr_carea' id='block_1_82' title="bbox 1951 3865 2904 3942">
    <p class='ocr_par' dir='ltr' id='par_1_82' title="bbox 1951 3865 2904 3942">
     <span class='ocr_line' id='line_1_82' title="bbox 1951 3865 2904 3942; baseline -0.01 -15"><span class='ocrx_word' id='word_1_618' title='bbox 1951 3873 2167 3942; x_wconf 84' lang='lat' dir='ltr'><strong>proprio</strong></span> <span class='ocrx_word' id='word_1_619' title='bbox 2195 3870 2405 3940; x_wconf 85' lang='lat' dir='ltr'><strong>judicio</strong></span> <span class='ocrx_word' id='word_1_620' title='bbox 2433 3869 2814 3922; x_wconf 82' lang='lat' dir='ltr'><strong>condemnatus</strong></span> <span class='ocrx_word' id='word_1_621' title='bbox 2836 3865 2904 3917; x_wconf 81' lang='grc'><strong>³⁵.</strong></span> 
     </span>
    </p>
   </div>
   <div class='ocr_carea' id='block_1_83' title="bbox 2224 4172 3259 4246">
    <p class='ocr_par' dir='ltr' id='par_1_83' title="bbox 2224 4172 3259 4246">
     <span class='ocr_line' id='line_1_83' title="bbox 2224 4172 3259 4246; baseline -0.009 -9"><span class='ocrx_word' id='word_1_622' title='bbox 2224 4178 2507 4237; x_wconf 77' lang='lat' dir='ltr'><strong>CXXXIX.</strong></span> <span class='ocrx_word' id='word_1_623' title='bbox 2538 4209 2606 4220; x_wconf 89' lang='lat'><strong>-—</strong></span> <span class='ocrx_word' id='word_1_624' title='bbox 2641 4175 2905 4246; x_wconf 84' lang='lat' dir='ltr'><strong>Stephano</strong></span> <span class='ocrx_word' id='word_1_625' title='bbox 2953 4172 3259 4244; x_wconf 73' lang='lat' dir='ltr'><strong>prwposito.</strong></span> 
     </span>
    </p>
   </div>
   <div class='ocr_carea' id='block_1_84' title="bbox 784 4287 3009 4362">
    <p class='ocr_par' dir='ltr' id='par_1_84' title="bbox 784 4287 3009 4362">
     <span class='ocr_line' id='line_1_84' title="bbox 784 4287 3009 4362; baseline -0.007 -13"><span class='ocrx_word' id='word_1_626' title='bbox 784 4299 917 4349; x_wconf 88' lang='lat' dir='ltr'><strong>Nihil</strong></span> <span class='ocrx_word' id='word_1_627' title='bbox 942 4305 1113 4349; x_wconf 80' lang='lat' dir='ltr'><strong>vetare</strong></span> <span class='ocrx_word' id='word_1_628' title='bbox 1134 4299 1397 4362; x_wconf 85' lang='lat' dir='ltr'><strong>quominus</strong></span> <span class='ocrx_word' id='word_1_629' title='bbox 1429 4299 1616 4348; x_wconf 86' lang='lat' dir='ltr'><strong>mensis</strong></span> <span class='ocrx_word' id='word_1_630' title='bbox 1635 4297 1953 4358; x_wconf 88' lang='lat' dir='ltr'><strong>benedicant,</strong></span> <span class='ocrx_word' id='word_1_631' title='bbox 1986 4295 2072 4360; x_wconf 88' lang='lat' dir='ltr'><strong>qui</strong></span> <span class='ocrx_word' id='word_1_632' title='bbox 2105 4301 2216 4358; x_wconf 88' lang='lat' dir='ltr'><strong>post</strong></span> <span class='ocrx_word' id='word_1_633' title='bbox 2239 4295 2432 4356; x_wconf 88' lang='lat' dir='ltr'><strong>lapsum</strong></span> <span class='ocrx_word' id='word_1_634' title='bbox 2467 4287 2814 4355; x_wconf 78' lang='lat' dir='ltr'><strong>ptenitentiam</strong></span> <span class='ocrx_word' id='word_1_635' title='bbox 2838 4299 3009 4350; x_wconf 84' lang='lat' dir='ltr'><strong>egere.</strong></span> 
     </span>
    </p>
   </div>
   <div class='ocr_carea' id='block_1_85' title="bbox 355 4387 1849 4477">
    <p class='ocr_par' dir='ltr' id='par_1_85' title="bbox 355 4404 1848 4477">
     <span class='ocr_line' id='line_1_85' title="bbox 355 4404 1848 4477; baseline -0.001 -18"><span class='ocrx_word' id='word_1_636' title='bbox 355 4406 421 4459; x_wconf 82' lang='grc' dir='ltr'><strong>Ἦ</strong></span> <span class='ocrx_word' id='word_1_637' title='bbox 471 4405 733 4477; x_wconf 84' lang='grc' dir='ltr'>συχνότης</span> <span class='ocrx_word' id='word_1_638' title='bbox 770 4404 879 4460; x_wconf 84' lang='grc' dir='ltr'><strong>τῶν</strong></span> <span class='ocrx_word' id='word_1_639' title='bbox 918 4405 1262 4477; x_wconf 83' lang='grc' dir='ltr'>γραμμάτων</span> <span class='ocrx_word' id='word_1_640' title='bbox 1308 4405 1692 4475; x_wconf 86' lang='grc' dir='ltr'>πυκνουμένην</span> <span class='ocrx_word' id='word_1_641' title='bbox 1740 4405 1848 4459; x_wconf 82' lang='grc' dir='ltr'>δεί-</span> 
     </span>
    </p>
   </div>
   <div class='ocr_carea' id='block_1_86' title="bbox 1951 4387 3524 4477">
    <p class='ocr_par' dir='ltr' id='par_1_86' title="bbox 2019 4387 3524 4458">
     <span class='ocr_line' id='line_1_86' title="bbox 2019 4387 3524 4458; baseline -0.012 -1"><span class='ocrx_word' id='word_1_642' title='bbox 2019 4401 2299 4458; x_wconf 88' lang='lat' dir='ltr'><strong>Crebritas</strong></span> <span class='ocrx_word' id='word_1_643' title='bbox 2331 4400 2635 4452; x_wconf 89' lang='lat' dir='ltr'><strong>litterarum</strong></span> <span class='ocrx_word' id='word_1_644' title='bbox 2666 4401 3043 4449; x_wconf 81' lang='lat' dir='ltr'><strong>vehementem</strong></span> <span class='ocrx_word' id='word_1_645' title='bbox 3071 4387 3309 4444; x_wconf 85' lang='lat' dir='ltr'><strong>ostendit</strong></span> <span class='ocrx_word' id='word_1_646' title='bbox 3341 4387 3524 4441; x_wconf 89' lang='lat' dir='ltr'><strong>chari-</strong></span> 
     </span>
    </p>
   </div>
   <div class='ocr_carea' id='block_1_87' title="bbox 267 4497 1845 4570">
    <p class='ocr_par' dir='ltr' id='par_1_87' title="bbox 267 4497 1845 4570">
     <span class='ocr_line' id='line_1_87' title="bbox 267 4497 1845 4570; baseline -0.003 -17"><span class='ocrx_word' id='word_1_647' title='bbox 267 4516 428 4554; x_wconf 87' lang='grc' dir='ltr'>κνυσι</span> <span class='ocrx_word' id='word_1_648' title='bbox 451 4499 548 4570; x_wconf 83' lang='grc' dir='ltr'>τὴν</span> <span class='ocrx_word' id='word_1_649' title='bbox 576 4502 799 4569; x_wconf 80' lang='grc' dir='ltr'>ἀγάπην</span> <span class='ocrx_word' id='word_1_650' title='bbox 829 4502 927 4570; x_wconf 84' lang='grc' dir='ltr'>τῆς</span> <span class='ocrx_word' id='word_1_651' title='bbox 957 4498 1272 4569; x_wconf 83' lang='grc' dir='ltr'>τιμιότητός</span> <span class='ocrx_word' id='word_1_652' title='bbox 1303 4515 1425 4562; x_wconf 89' lang='grc' dir='ltr'>σου,</span> <span class='ocrx_word' id='word_1_653' title='bbox 1451 4497 1704 4568; x_wconf 84' lang='grc' dir='ltr'>πατρικῷ</span> <span class='ocrx_word' id='word_1_654' title='bbox 1731 4497 1845 4550; x_wconf 75' lang='grc' dir='ltr'>ἔθει</span> 
     </span>
    </p>
   </div>
   <div class='ocr_carea' id='block_1_88' title="bbox 268 4591 1846 4664">
    <p class='ocr_par' dir='ltr' id='par_1_88' title="bbox 268 4591 1846 4664">
     <span class='ocr_line' id='line_1_88' title="bbox 268 4591 1846 4664; baseline -0.003 -19"><span class='ocrx_word' id='word_1_655' title='bbox 268 4592 718 4664; x_wconf 78' lang='grc' dir='ltr'>ἐπερειδομένην.</span> <span class='ocrx_word' id='word_1_656' title='bbox 763 4593 1029 4654; x_wconf 84' lang='grc' dir='ltr'>Κάκεῖνος</span> <span class='ocrx_word' id='word_1_657' title='bbox 1054 4593 1162 4662; x_wconf 78' lang='grc' dir='ltr'><strong>γὰρ</strong></span> <span class='ocrx_word' id='word_1_658' title='bbox 1183 4593 1224 4644; x_wconf 64' lang='grc' dir='ltr'><strong>’ὁ</strong></span> <span class='ocrx_word' id='word_1_659' title='bbox 1260 4592 1528 4661; x_wconf 87' lang='grc' dir='ltr'>μακάριος</span> <span class='ocrx_word' id='word_1_660' title='bbox 1559 4591 1695 4660; x_wconf 84' lang='grc' dir='ltr'>πρὸς</span> <span class='ocrx_word' id='word_1_661' title='bbox 1731 4592 1846 4652; x_wconf 84' lang='grc' dir='ltr'>τοῖς</span> 
     </span>
    </p>
   </div>
   <div class='ocr_carea' id='block_1_89' title="bbox 265 4681 1844 4754">
    <p class='ocr_par' dir='ltr' id='par_1_89' title="bbox 265 4681 1844 4754">
     <span class='ocr_line' id='line_1_89' title="bbox 265 4681 1844 4754; baseline -0.001 -18"><span class='ocrx_word' id='word_1_662' title='bbox 265 4681 452 4744; x_wconf 75' lang='grc' dir='ltr'>ἄλλοις</span> <span class='ocrx_word' id='word_1_663' title='bbox 489 4682 654 4735; x_wconf 74' lang='grc' dir='ltr'>αὐτοῦ</span> <span class='ocrx_word' id='word_1_664' title='bbox 698 4681 1114 4754; x_wconf 84' lang='grc' dir='ltr'>κατορθώμασι,</span> <span class='ocrx_word' id='word_1_665' title='bbox 1156 4684 1252 4736; x_wconf 78' lang='grc' dir='ltr'><strong>καὶ</strong></span> <span class='ocrx_word' id='word_1_666' title='bbox 1276 4683 1412 4752; x_wconf 79' lang='grc' dir='ltr'>τῷδε</span> <span class='ocrx_word' id='word_1_667' title='bbox 1443 4681 1523 4752; x_wconf 81' lang='grc' dir='ltr'>τῷ</span> <span class='ocrx_word' id='word_1_668' title='bbox 1554 4681 1844 4751; x_wconf 78' lang='grc' dir='ltr'>ἐπιτηδεύ-</span> 
     </span>
    </p>
   </div>
   <div class='ocr_carea' id='block_1_90' title="bbox 270 4771 1845 4847">
    <p class='ocr_par' dir='ltr' id='par_1_90' title="bbox 270 4771 1845 4847">
     <span class='ocr_line' id='line_1_90' title="bbox 270 4771 1845 4847; baseline 0 -21"><span class='ocrx_word' id='word_1_669' title='bbox 270 4791 407 4843; x_wconf 86' lang='grc' dir='ltr'>ματι</span> <span class='ocrx_word' id='word_1_670' title='bbox 433 4773 780 4846; x_wconf 85' lang='grc' dir='ltr'>δημιουργῶν</span> <span class='ocrx_word' id='word_1_671' title='bbox 809 4771 876 4846; x_wconf 82' lang='grc' dir='ltr'>ἦν</span> <span class='ocrx_word' id='word_1_672' title='bbox 900 4775 1034 4847; x_wconf 79' lang='grc' dir='ltr'>πρὸς</span> <span class='ocrx_word' id='word_1_673' title='bbox 1053 4775 1179 4836; x_wconf 76' lang='grc' dir='ltr'>τοὺς</span> <span class='ocrx_word' id='word_1_674' title='bbox 1210 4773 1471 4841; x_wconf 70' lang='grc' dir='ltr'>ἀδελφοὺς</span> <span class='ocrx_word' id='word_1_675' title='bbox 1495 4773 1556 4826; x_wconf 82' lang='grc' dir='ltr'><strong>τὸ</strong></span> <span class='ocrx_word' id='word_1_676' title='bbox 1583 4774 1678 4842; x_wconf 82' lang='grc' dir='ltr'>τῆς</span> <span class='ocrx_word' id='word_1_677' title='bbox 1708 4772 1845 4840; x_wconf 84' lang='grc' dir='ltr'>ἀγά-</span> 
     </span>
    </p>
   </div>
   <div class='ocr_carea' id='block_1_91' title="bbox 271 4859 1844 4938">
    <p class='ocr_par' dir='ltr' id='par_1_91' title="bbox 271 4859 1844 4938">
     <span class='ocr_line' id='line_1_91' title="bbox 271 4859 1844 4938; baseline 0.001 -20"><span class='ocrx_word' id='word_1_678' title='bbox 271 4881 384 4936; x_wconf 86' lang='grc' dir='ltr'><strong>πης</strong></span> <span class='ocrx_word' id='word_1_679' title='bbox 418 4864 602 4921; x_wconf 89' lang='grc' dir='ltr'>καλόν.</span> <span class='ocrx_word' id='word_1_680' title='bbox 632 4866 815 4938; x_wconf 84' lang='grc' dir='ltr'>Γράφε</span> <span class='ocrx_word' id='word_1_681' title='bbox 847 4866 1050 4932; x_wconf 89' lang='grc' dir='ltr'>τοίνυν,</span> <span class='ocrx_word' id='word_1_682' title='bbox 1099 4859 1143 4920; x_wconf 83' lang='grc' dir='ltr'><strong>ὦ</strong></span> <span class='ocrx_word' id='word_1_683' title='bbox 1189 4867 1504 4938; x_wconf 86' lang='grc' dir='ltr'>τριπόθητε,</span> <span class='ocrx_word' id='word_1_684' title='bbox 1542 4867 1844 4938; x_wconf 75' lang='grc' dir='ltr'>πατρὼζων</span> 
     </span>
    </p>
   </div>
   <div class='ocr_carea' id='block_1_92' title="bbox 269 4956 1846 5030">
    <p class='ocr_par' dir='ltr' id='par_1_92' title="bbox 269 4956 1846 5030">
     <span class='ocr_line' id='line_1_92' title="bbox 269 4956 1846 5030; baseline 0.002 -20"><span class='ocrx_word' id='word_1_685' title='bbox 269 4959 331 5010; x_wconf 82' lang='grc' dir='ltr'>ὲν</span> <span class='ocrx_word' id='word_1_686' title='bbox 373 4956 582 5024; x_wconf 88' lang='grc' dir='ltr'>τούτῳ,</span> <span class='ocrx_word' id='word_1_687' title='bbox 624 4958 774 5028; x_wconf 79' lang='grc' dir='ltr'>ἡμᾶς</span> <span class='ocrx_word' id='word_1_688' title='bbox 819 4975 878 5010; x_wconf 90' lang='grc' dir='ltr'><strong>τε</strong></span> <span class='ocrx_word' id='word_1_689' title='bbox 925 4957 1109 5028; x_wconf 76' lang='grc' dir='ltr'>ἡδίους</span> <span class='ocrx_word' id='word_1_690' title='bbox 1158 4958 1326 5012; x_wconf 87' lang='grc' dir='ltr'>ποιῶν</span> <span class='ocrx_word' id='word_1_691' title='bbox 1371 4958 1449 5030; x_wconf 82' lang='grc' dir='ltr'>τῷ</span> <span class='ocrx_word' id='word_1_692' title='bbox 1494 4961 1708 5029; x_wconf 87' lang='grc' dir='ltr'>συνεχεί</span> <span class='ocrx_word' id='word_1_693' title='bbox 1751 4959 1846 5013; x_wconf 81' lang='grc' dir='ltr'><strong>τοῦ</strong></span> 
     </span>
    </p>
   </div>
   <div class='ocr_carea' id='block_1_93' title="bbox 271 5045 1849 5122">
    <p class='ocr_par' dir='ltr' id='par_1_93' title="bbox 271 5045 1849 5122">
     <span class='ocr_line' id='line_1_93' title="bbox 271 5045 1849 5122; baseline 0.004 -23"><span class='ocrx_word' id='word_1_694' title='bbox 271 5045 612 5116; x_wconf 82' lang='grc' dir='ltr'>φθέγματος.</span> <span class='ocrx_word' id='word_1_695' title='bbox 677 5049 769 5120; x_wconf 81' lang='grc' dir='ltr'><strong>Μὴ</strong></span> <span class='ocrx_word' id='word_1_696' title='bbox 840 5049 1026 5120; x_wconf 87' lang='grc' dir='ltr'>μέντοι</span> <span class='ocrx_word' id='word_1_697' title='bbox 1084 5051 1325 5116; x_wconf 78' lang='grc' dir='ltr'>ἐπαίνει,</span> <span class='ocrx_word' id='word_1_698' title='bbox 1394 5052 1526 5122; x_wconf 85' lang='grc' dir='ltr'>μηδὲ</span> <span class='ocrx_word' id='word_1_699' title='bbox 1587 5051 1849 5122; x_wconf 90' lang='grc' dir='ltr'>σύγκρινε</span> 
     </span>
    </p>
   </div>
   <div class='ocr_carea' id='block_1_94' title="bbox 270 5138 1846 5214">
    <p class='ocr_par' dir='ltr' id='par_1_94' title="bbox 270 5138 1846 5214">
     <span class='ocr_line' id='line_1_94' title="bbox 270 5138 1846 5214; baseline 0.002 -23"><span class='ocrx_word' id='word_1_700' title='bbox 270 5138 461 5208; x_wconf 81' lang='grc' dir='ltr'>χρυσῴ</span> <span class='ocrx_word' id='word_1_701' title='bbox 487 5139 760 5209; x_wconf 78' lang='grc' dir='ltr'>μόλιϐδον,</span> <span class='ocrx_word' id='word_1_702' title='bbox 794 5141 928 5211; x_wconf 81' lang='grc' dir='ltr'>μηδὲ</span> <span class='ocrx_word' id='word_1_703' title='bbox 960 5144 1275 5214; x_wconf 80' lang='grc' dir='ltr'>μαργαρίτῃ</span> <span class='ocrx_word' id='word_1_704' title='bbox 1307 5143 1500 5213; x_wconf 88' lang='grc' dir='ltr'>πηλόν.</span> <span class='ocrx_word' id='word_1_705' title='bbox 1535 5141 1846 5213; x_wconf 67' lang='grc' dir='ltr'>Προσεύχου</span> 
     </span>
    </p>
   </div>
   <div class='ocr_carea' id='block_1_95' title="bbox 268 5231 1847 5304">
    <p class='ocr_par' dir='ltr' id='par_1_95' title="bbox 268 5231 1847 5304">
     <span class='ocr_line' id='line_1_95' title="bbox 268 5231 1847 5304; baseline 0.003 -21"><span class='ocrx_word' id='word_1_706' title='bbox 268 5231 330 5283; x_wconf 80' lang='grc' dir='ltr'>δὲ</span> <span class='ocrx_word' id='word_1_707' title='bbox 377 5232 599 5297; x_wconf 82' lang='grc' dir='ltr'>μᾶλλον,</span> <span class='ocrx_word' id='word_1_708' title='bbox 648 5234 745 5287; x_wconf 80' lang='grc' dir='ltr'><strong>καὶ</strong></span> <span class='ocrx_word' id='word_1_709' title='bbox 783 5233 937 5304; x_wconf 84' lang='grc' dir='ltr'>ὑμῶν</span> <span class='ocrx_word' id='word_1_710' title='bbox 966 5234 1074 5287; x_wconf 81' lang='grc' dir='ltr'><strong>τῶν</strong></span> <span class='ocrx_word' id='word_1_711' title='bbox 1117 5235 1329 5288; x_wconf 82' lang='grc' dir='ltr'>ἐκείνου</span> <span class='ocrx_word' id='word_1_712' title='bbox 1371 5234 1586 5290; x_wconf 81' lang='grc' dir='ltr'>ὀπαδῶν</span> <span class='ocrx_word' id='word_1_713' title='bbox 1620 5235 1847 5288; x_wconf 88' lang='grc' dir='ltr'>κατόπιν</span> 
     </span>
    </p>
   </div>
   <div class='ocr_carea' id='block_1_96' title="bbox 273 5321 1846 5396">
    <p class='ocr_par' dir='ltr' id='par_1_96' title="bbox 273 5321 1846 5396">
     <span class='ocr_line' id='line_1_96' title="bbox 273 5321 1846 5396; baseline 0.003 -22"><span class='ocrx_word' id='word_1_714' title='bbox 273 5321 448 5375; x_wconf 88' lang='grc' dir='ltr'>ίέναι·</span> <span class='ocrx_word' id='word_1_715' title='bbox 476 5323 564 5376; x_wconf 68' lang='grc' dir='ltr'><strong>διὰ</strong></span> <span class='ocrx_word' id='word_1_716' title='bbox 594 5323 655 5377; x_wconf 73' lang='grc' dir='ltr'>τὸ</span> <span class='ocrx_word' id='word_1_717' title='bbox 692 5325 913 5396; x_wconf 82' lang='grc' dir='ltr'>ἀχρείόν</span> <span class='ocrx_word' id='word_1_718' title='bbox 959 5343 1025 5395; x_wconf 91' lang='grc' dir='ltr'><strong>με</strong></span> <span class='ocrx_word' id='word_1_719' title='bbox 1071 5321 1212 5379; x_wconf 82' lang='grc' dir='ltr'>εἶναι</span> <span class='ocrx_word' id='word_1_720' title='bbox 1243 5329 1301 5379; x_wconf 84' lang='grc' dir='ltr'>ἐν</span> <span class='ocrx_word' id='word_1_721' title='bbox 1337 5328 1504 5380; x_wconf 81' lang='grc' dir='ltr'>πᾶσι·</span> <span class='ocrx_word' id='word_1_722' title='bbox 1541 5326 1643 5379; x_wconf 78' lang='grc' dir='ltr'>κᾶν</span> <span class='ocrx_word' id='word_1_723' title='bbox 1681 5325 1846 5388; x_wconf 82' lang='grc' dir='ltr'>αὐτὸς</span> 
     </span>
    </p>
   </div>
   <div class='ocr_carea' id='block_1_97' title="bbox 270 5415 1845 5491">
    <p class='ocr_par' dir='ltr' id='par_1_97' title="bbox 270 5415 1845 5491">
     <span class='ocr_line' id='line_1_97' title="bbox 270 5415 1845 5491; baseline 0.001 -21"><span class='ocrx_word' id='word_1_724' title='bbox 270 5415 602 5485; x_wconf 81' lang='grc' dir='ltr'>ὠφελεῖσθαι</span> <span class='ocrx_word' id='word_1_725' title='bbox 629 5418 810 5488; x_wconf 78' lang='grc' dir='ltr'>λέγοις</span> <span class='ocrx_word' id='word_1_726' title='bbox 835 5421 972 5491; x_wconf 84' lang='grc' dir='ltr'>πρὸς</span> <span class='ocrx_word' id='word_1_727' title='bbox 995 5420 1154 5490; x_wconf 75' lang='grc' dir='ltr'>ἡμῶν</span> <span class='ocrx_word' id='word_1_728' title='bbox 1178 5420 1285 5476; x_wconf 88' lang='grc' dir='ltr'><strong>τῶν</strong></span> <span class='ocrx_word' id='word_1_729' title='bbox 1305 5419 1595 5489; x_wconf 70' lang='grc' dir='ltr'>ἀνωφελῶν</span> <span class='ocrx_word' id='word_1_730' title='bbox 1622 5421 1845 5491; x_wconf 86' lang='grc' dir='ltr'>ἀγαπη-</span> 
     </span>
    </p>
   </div>
   <div class='ocr_carea' id='block_1_98' title="bbox 1949 4488 3526 4556">
    <p class='ocr_par' dir='ltr' id='par_1_98' title="bbox 1949 4488 3526 4556">
     <span class='ocr_line' id='line_1_98' title="bbox 1949 4488 3526 4556; baseline -0.011 -7"><span class='ocrx_word' id='word_1_731' title='bbox 1949 4504 2112 4550; x_wconf 88' lang='lat' dir='ltr'><strong>tatem</strong></span> <span class='ocrx_word' id='word_1_732' title='bbox 2161 4491 2476 4547; x_wconf 66' lang='lat' dir='ltr'><strong>reverentia:</strong></span> <span class='ocrx_word' id='word_1_733' title='bbox 2517 4499 2642 4553; x_wconf 66' lang='lat' dir='ltr'><strong>tum,</strong></span> <span class='ocrx_word' id='word_1_734' title='bbox 2688 4488 2742 4541; x_wconf 93' lang='lat' dir='ltr'><strong>in</strong></span> <span class='ocrx_word' id='word_1_735' title='bbox 2793 4496 3022 4556; x_wconf 90' lang='lat' dir='ltr'><strong>paterno</strong></span> <span class='ocrx_word' id='word_1_736' title='bbox 3065 4497 3218 4536; x_wconf 91' lang='lat' dir='ltr'><strong>more</strong></span> <span class='ocrx_word' id='word_1_737' title='bbox 3267 4491 3526 4535; x_wconf 83' lang='lat' dir='ltr'><strong>constan—</strong></span> 
     </span>
    </p>
   </div>
   <div class='ocr_carea' id='block_1_99' title="bbox 1949 4578 3522 4653">
    <p class='ocr_par' dir='ltr' id='par_1_99' title="bbox 1949 4578 3522 4653">
     <span class='ocr_line' id='line_1_99' title="bbox 1949 4578 3522 4653; baseline -0.013 -5"><span class='ocrx_word' id='word_1_738' title='bbox 1949 4601 2079 4648; x_wconf 92' lang='lat' dir='ltr'><strong>tem.</strong></span> <span class='ocrx_word' id='word_1_739' title='bbox 2112 4591 2247 4645; x_wconf 77' lang='lat' dir='ltr'><strong>Nam</strong></span> <span class='ocrx_word' id='word_1_740' title='bbox 2277 4600 2331 4644; x_wconf 90' lang='lat' dir='ltr'><strong>et</strong></span> <span class='ocrx_word' id='word_1_741' title='bbox 2355 4590 2549 4644; x_wconf 91' lang='lat' dir='ltr'><strong>beatus</strong></span> <span class='ocrx_word' id='word_1_742' title='bbox 2573 4589 2684 4653; x_wconf 90' lang='lat' dir='ltr'><strong>ille,</strong></span> <span class='ocrx_word' id='word_1_743' title='bbox 2709 4587 2850 4640; x_wconf 90' lang='lat' dir='ltr'><strong>inter</strong></span> <span class='ocrx_word' id='word_1_744' title='bbox 2872 4585 2976 4638; x_wconf 89' lang='lat' dir='ltr'><strong>alia</strong></span> <span class='ocrx_word' id='word_1_745' title='bbox 3007 4581 3222 4652; x_wconf 85' lang='lat' dir='ltr'><strong>egregia</strong></span> <span class='ocrx_word' id='word_1_746' title='bbox 3254 4578 3522 4638; x_wconf 88' lang='lat' dir='ltr'><strong>facinora,</strong></span> 
     </span>
    </p>
   </div>
   <div class='ocr_carea' id='block_1_100' title="bbox 1947 4671 3527 4756">
    <p class='ocr_par' dir='ltr' id='par_1_100' title="bbox 1947 4671 3527 4756">
     <span class='ocr_line' id='line_1_100' title="bbox 1947 4671 3527 4756; baseline -0.013 -13"><span class='ocrx_word' id='word_1_747' title='bbox 1947 4689 2052 4742; x_wconf 90' lang='lat' dir='ltr'><strong>hoc</strong></span> <span class='ocrx_word' id='word_1_748' title='bbox 2085 4687 2249 4743; x_wconf 88' lang='lat' dir='ltr'><strong>etiam</strong></span> <span class='ocrx_word' id='word_1_749' title='bbox 2291 4685 2586 4756; x_wconf 87' lang='lat' dir='ltr'><strong>pulchrum</strong></span> <span class='ocrx_word' id='word_1_750' title='bbox 2635 4680 2922 4736; x_wconf 88' lang='lat' dir='ltr'><strong>charitatis</strong></span> <span class='ocrx_word' id='word_1_751' title='bbox 2955 4677 3196 4733; x_wconf 89' lang='lat' dir='ltr'><strong>studium</strong></span> <span class='ocrx_word' id='word_1_752' title='bbox 3235 4673 3375 4743; x_wconf 90' lang='lat' dir='ltr'><strong>apud</strong></span> <span class='ocrx_word' id='word_1_753' title='bbox 3414 4671 3527 4724; x_wconf 82' lang='lat' dir='ltr'><strong>fra-</strong></span> 
     </span>
    </p>
   </div>
   <div class='ocr_carea' id='block_1_101' title="bbox 1948 4763 3523 4844">
    <p class='ocr_par' dir='ltr' id='par_1_101' title="bbox 1948 4763 3523 4844">
     <span class='ocr_line' id='line_1_101' title="bbox 1948 4763 3523 4844; baseline -0.012 -10"><span class='ocrx_word' id='word_1_754' title='bbox 1948 4789 2059 4834; x_wconf 90' lang='lat' dir='ltr'><strong>tres</strong></span> <span class='ocrx_word' id='word_1_755' title='bbox 2109 4778 2342 4834; x_wconf 85' lang='lat' dir='ltr'><strong>fovebat.</strong></span> <span class='ocrx_word' id='word_1_756' title='bbox 2395 4777 2587 4831; x_wconf 86' lang='lat' dir='ltr'><strong>Scribe</strong></span> <span class='ocrx_word' id='word_1_757' title='bbox 2642 4774 2831 4844; x_wconf 79' lang='lat' dir='ltr'><strong>igitur,</strong></span> <span class='ocrx_word' id='word_1_758' title='bbox 2883 4769 3262 4832; x_wconf 83' lang='lat' dir='ltr'><strong>dilectissime,</strong></span> <span class='ocrx_word' id='word_1_759' title='bbox 3306 4763 3523 4817; x_wconf 91' lang='lat' dir='ltr'><strong>Patrem</strong></span> 
     </span>
    </p>
   </div>
   <div class='ocr_carea' id='block_1_102' title="bbox 1949 4855 3525 4939">
    <p class='ocr_par' dir='ltr' id='par_1_102' title="bbox 1949 4855 3525 4939">
     <span class='ocr_line' id='line_1_102' title="bbox 1949 4855 3525 4939; baseline -0.012 -13"><span class='ocrx_word' id='word_1_760' title='bbox 1949 4873 2173 4927; x_wconf 88' lang='lat' dir='ltr'><strong>imitans</strong></span> <span class='ocrx_word' id='word_1_761' title='bbox 2209 4871 2312 4925; x_wconf 88' lang='lat' dir='ltr'><strong>hac</strong></span> <span class='ocrx_word' id='word_1_762' title='bbox 2359 4870 2413 4924; x_wconf 90' lang='lat' dir='ltr'><strong>in</strong></span> <span class='ocrx_word' id='word_1_763' title='bbox 2448 4877 2624 4939; x_wconf 89' lang='lat' dir='ltr'><strong>parte,</strong></span> <span class='ocrx_word' id='word_1_764' title='bbox 2673 4880 2884 4934; x_wconf 89' lang='lat' dir='ltr'><strong>nosque</strong></span> <span class='ocrx_word' id='word_1_765' title='bbox 2928 4863 3245 4916; x_wconf 75' lang='lat' dir='ltr'><strong>exhilarans</strong></span> <span class='ocrx_word' id='word_1_766' title='bbox 3287 4855 3525 4912; x_wconf 84' lang='lat' dir='ltr'><strong>assidui-</strong></span> 
     </span>
    </p>
   </div>
   <div class='ocr_carea' id='block_1_103' title="bbox 1949 4946 3522 5017">
    <p class='ocr_par' dir='ltr' id='par_1_103' title="bbox 1949 4946 3522 5017">
     <span class='ocr_line' id='line_1_103' title="bbox 1949 4946 3522 5017; baseline -0.013 -1"><span class='ocrx_word' id='word_1_767' title='bbox 1949 4971 2062 5016; x_wconf 87' lang='lat' dir='ltr'><strong>tate</strong></span> <span class='ocrx_word' id='word_1_768' title='bbox 2104 4960 2397 5016; x_wconf 86' lang='lat' dir='ltr'><strong>sermonis.</strong></span> <span class='ocrx_word' id='word_1_769' title='bbox 2452 4961 2702 5013; x_wconf 78' lang='lat' dir='ltr'><strong>Attamen</strong></span> <span class='ocrx_word' id='word_1_770' title='bbox 2756 4970 2825 5009; x_wconf 90' lang='lat' dir='ltr'><strong>nc</strong></span> <span class='ocrx_word' id='word_1_771' title='bbox 2859 4952 3041 5016; x_wconf 88' lang='lat' dir='ltr'><strong>lauda,</strong></span> <span class='ocrx_word' id='word_1_772' title='bbox 3095 4964 3197 5004; x_wconf 88' lang='lat' dir='ltr'><strong>nec</strong></span> <span class='ocrx_word' id='word_1_773' title='bbox 3237 4946 3522 5017; x_wconf 90' lang='lat' dir='ltr'><strong>plumbum</strong></span> 
     </span>
    </p>
   </div>
   <div class='ocr_carea' id='block_1_104' title="bbox 1950 5036 3521 5118">
    <p class='ocr_par' dir='ltr' id='par_1_104' title="bbox 1950 5036 3521 5118">
     <span class='ocr_line' id='line_1_104' title="bbox 1950 5036 3521 5118; baseline -0.011 -10"><span class='ocrx_word' id='word_1_774' title='bbox 1950 5068 2078 5108; x_wconf 90' lang='lat' dir='ltr'><strong>cum</strong></span> <span class='ocrx_word' id='word_1_775' title='bbox 2125 5067 2260 5106; x_wconf 89' lang='lat' dir='ltr'><strong>auro</strong></span> <span class='ocrx_word' id='word_1_776' title='bbox 2309 5063 2590 5118; x_wconf 88' lang='lat' dir='ltr'><strong>compara,</strong></span> <span class='ocrx_word' id='word_1_777' title='bbox 2644 5062 2744 5101; x_wconf 87' lang='lat' dir='ltr'><strong>nec</strong></span> <span class='ocrx_word' id='word_1_778' title='bbox 2795 5045 2970 5099; x_wconf 91' lang='lat' dir='ltr'><strong>lutum</strong></span> <span class='ocrx_word' id='word_1_779' title='bbox 3018 5057 3144 5097; x_wconf 92' lang='lat' dir='ltr'><strong>cum</strong></span> <span class='ocrx_word' id='word_1_780' title='bbox 3205 5036 3521 5108; x_wconf 83' lang='lat' dir='ltr'><strong>margarita.</strong></span> 
     </span>
    </p>
   </div>
   <div class='ocr_carea' id='block_1_105' title="bbox 1950 5138 3526 5213">
    <p class='ocr_par' dir='ltr' id='par_1_105' title="bbox 1950 5138 3526 5213">
     <span class='ocr_line' id='line_1_105' title="bbox 1950 5138 3526 5213; baseline -0.01 -16"><span class='ocrx_word' id='word_1_781' title='bbox 1950 5145 2092 5212; x_wconf 91' lang='lat' dir='ltr'><strong>Quin</strong></span> <span class='ocrx_word' id='word_1_782' title='bbox 2134 5144 2316 5213; x_wconf 91' lang='lat' dir='ltr'><strong>potius</strong></span> <span class='ocrx_word' id='word_1_783' title='bbox 2372 5157 2468 5195; x_wconf 88' lang='lat' dir='ltr'><strong>ora</strong></span> <span class='ocrx_word' id='word_1_784' title='bbox 2527 5149 2586 5194; x_wconf 90' lang='lat' dir='ltr'><strong>ut</strong></span> <span class='ocrx_word' id='word_1_785' title='bbox 2632 5153 2730 5193; x_wconf 83' lang='lat' dir='ltr'><strong>vos</strong></span> <span class='ocrx_word' id='word_1_786' title='bbox 2781 5138 2929 5192; x_wconf 90' lang='lat' dir='ltr'><strong>illius</strong></span> <span class='ocrx_word' id='word_1_787' title='bbox 2966 5141 3328 5190; x_wconf 87' lang='lat' dir='ltr'><strong>assectatorcs</strong></span> <span class='ocrx_word' id='word_1_788' title='bbox 3381 5143 3526 5198; x_wconf 89' lang='lat' dir='ltr'><strong>pone</strong></span> 
     </span>
    </p>
   </div>
   <div class='ocr_carea' id='block_1_106' title="bbox 1951 5221 3521 5304">
    <p class='ocr_par' dir='ltr' id='par_1_106' title="bbox 1951 5221 3521 5304">
     <span class='ocr_line' id='line_1_106' title="bbox 1951 5221 3521 5304; baseline -0.012 -13"><span class='ocrx_word' id='word_1_789' title='bbox 1951 5237 2386 5304; x_wconf 85' lang='lat' dir='ltr'><strong>subsequamur;</strong></span> <span class='ocrx_word' id='word_1_790' title='bbox 2423 5232 2549 5302; x_wconf 89' lang='lat' dir='ltr'><strong>quia</strong></span> <span class='ocrx_word' id='word_1_791' title='bbox 2586 5230 2793 5285; x_wconf 89' lang='lat' dir='ltr'><strong>inutilis</strong></span> <span class='ocrx_word' id='word_1_792' title='bbox 2831 5244 2933 5300; x_wconf 86' lang='lat' dir='ltr'><strong>ego</strong></span> <span class='ocrx_word' id='word_1_793' title='bbox 2959 5242 3081 5283; x_wconf 90' lang='lat' dir='ltr'><strong>sum</strong></span> <span class='ocrx_word' id='word_1_794' title='bbox 3121 5226 3174 5280; x_wconf 91' lang='lat' dir='ltr'><strong>in</strong></span> <span class='ocrx_word' id='word_1_795' title='bbox 3218 5221 3475 5276; x_wconf 91' lang='lat' dir='ltr'><strong>omnibus</strong></span> <span class='ocrx_word' id='word_1_796' title='bbox 3507 5236 3521 5272; x_wconf 90' lang='lat'><strong>:</strong></span> 
     </span>
    </p>
   </div>
   <div class='ocr_carea' id='block_1_107' title="bbox 1952 5312 3524 5394">
    <p class='ocr_par' dir='ltr' id='par_1_107' title="bbox 1952 5312 3524 5394">
     <span class='ocr_line' id='line_1_107' title="bbox 1952 5312 3524 5394; baseline -0.012 -12"><span class='ocrx_word' id='word_1_797' title='bbox 1952 5327 2169 5382; x_wconf 87' lang='lat' dir='ltr'><strong>tametsi</strong></span> <span class='ocrx_word' id='word_1_798' title='bbox 2201 5325 2403 5380; x_wconf 88' lang='lat' dir='ltr'><strong>amoris</strong></span> <span class='ocrx_word' id='word_1_799' title='bbox 2433 5325 2483 5378; x_wconf 81' lang='lat' dir='ltr'><strong>vi</strong></span> <span class='ocrx_word' id='word_1_800' title='bbox 2524 5325 2802 5394; x_wconf 81' lang='lat' dir='ltr'><strong>abreptus,</strong></span> <span class='ocrx_word' id='word_1_801' title='bbox 2830 5323 3011 5393; x_wconf 80' lang='lat' dir='ltr'><strong>juvari</strong></span> <span class='ocrx_word' id='word_1_802' title='bbox 3044 5330 3096 5374; x_wconf 87' lang='lat' dir='ltr'><strong>te</strong></span> <span class='ocrx_word' id='word_1_803' title='bbox 3134 5319 3286 5373; x_wconf 90' lang='lat' dir='ltr'><strong>dicas</strong></span> <span class='ocrx_word' id='word_1_804' title='bbox 3315 5312 3524 5368; x_wconf 91' lang='lat' dir='ltr'><strong>inutili-</strong></span> 
     </span>
    </p>
   </div>
   <div class='ocr_carea' id='block_1_108' title="bbox 1952 5403 3523 5481">
    <p class='ocr_par' dir='ltr' id='par_1_108' title="bbox 1952 5403 3523 5481">
     <span class='ocr_line' id='line_1_108' title="bbox 1952 5403 3523 5481; baseline -0.008 -8"><span class='ocrx_word' id='word_1_805' title='bbox 1952 5419 2056 5473; x_wconf 86' lang='lat' dir='ltr'><strong>bus</strong></span> <span class='ocrx_word' id='word_1_806' title='bbox 2087 5416 2438 5473; x_wconf 85' lang='lat' dir='ltr'><strong>sermonibus</strong></span> <span class='ocrx_word' id='word_1_807' title='bbox 2477 5415 2702 5472; x_wconf 89' lang='lat' dir='ltr'><strong>nostris.</strong></span> <span class='ocrx_word' id='word_1_808' title='bbox 2748 5413 2903 5479; x_wconf 86' lang='lat' dir='ltr'><strong>Quod</strong></span> <span class='ocrx_word' id='word_1_809' title='bbox 2937 5413 2983 5468; x_wconf 91' lang='lat' dir='ltr'><strong>si</strong></span> <span class='ocrx_word' id='word_1_810' title='bbox 3033 5425 3139 5481; x_wconf 73' lang='lat' dir='ltr'><strong>qua</strong></span> <span class='ocrx_word' id='word_1_811' title='bbox 3176 5406 3270 5462; x_wconf 84' lang='lat' dir='ltr'><strong>libi</strong></span> <span class='ocrx_word' id='word_1_812' title='bbox 3315 5403 3523 5458; x_wconf 75' lang='lat' dir='ltr'><strong>utilitas</strong></span> 
     </span>
    </p>
   </div>
   <div class='ocr_carea' id='block_1_109' title="bbox 301 5516 1849 5610">
    <p class='ocr_par' dir='ltr' id='par_1_109' title="bbox 301 5516 1811 5610">
     <span class='ocr_line' id='line_1_109' title="bbox 301 5516 1811 5610; baseline 0.002 -16"><span class='ocrx_word' id='word_1_813' title='bbox 301 5529 304 5532; x_wconf 58' lang='grc'><strong>’</strong></span> <span class='ocrx_word' id='word_1_814' title='bbox 346 5516 581 5595; x_wconf 67' lang='grc' dir='ltr'><strong>³³Ὲοε1ἱ.</strong></span> <span class='ocrx_word' id='word_1_815' title='bbox 608 5556 722 5606; x_wconf 70' lang='grc' dir='ltr'>χιχ,</span> <span class='ocrx_word' id='word_1_816' title='bbox 759 5542 860 5610; x_wconf 85' lang='grc' dir='ltr'><strong>Π;</strong></span> <span class='ocrx_word' id='word_1_817' title='bbox 904 5557 1043 5607; x_wconf 79' lang='lat' dir='ltr'><strong>xxu,</strong></span> <span class='ocrx_word' id='word_1_818' title='bbox 1079 5542 1162 5598; x_wconf 78' lang='grc'><strong>15.</strong></span> <span class='ocrx_word' id='word_1_819' title='bbox 1193 5533 1200 5536; x_wconf 64' lang='grc'><em>’</em></span> <span class='ocrx_word' id='word_1_820' title='bbox 1240 5545 1286 5576; x_wconf 71' lang='lat'><strong>”</strong></span> <span class='ocrx_word' id='word_1_821' title='bbox 1309 5541 1499 5600; x_wconf 81' lang='lat' dir='ltr'><strong>Matth.</strong></span> <span class='ocrx_word' id='word_1_822' title='bbox 1533 5559 1684 5610; x_wconf 71' lang='lat' dir='ltr'><strong>XVIII,</strong></span> <span class='ocrx_word' id='word_1_823' title='bbox 1726 5543 1811 5597; x_wconf 81' lang='grc'><strong>15.</strong></span> 
     </span>
    </p>
   </div>
   <div class='ocr_carea' id='block_1_110' title="bbox 1951 5516 2336 5610">
    <p class='ocr_par' dir='ltr' id='par_1_110' title="bbox 1969 5538 2336 5607">
     <span class='ocr_line' id='line_1_110' title="bbox 1969 5538 2336 5607; baseline 0 -13"><span class='ocrx_word' id='word_1_824' title='bbox 1969 5540 2078 5598; x_wconf 91' lang='lat' dir='ltr'><strong>Tit.</strong></span> <span class='ocrx_word' id='word_1_825' title='bbox 2109 5555 2191 5607; x_wconf 85' lang='lat' dir='ltr'><strong>tu,</strong></span> <span class='ocrx_word' id='word_1_826' title='bbox 2221 5538 2308 5595; x_wconf 88' lang='lat' dir='ltr'><strong>l0.</strong></span> <span class='ocrx_word' id='word_1_827' title='bbox 2332 5544 2336 5548; x_wconf 73' lang='grc'><strong>’</strong></span> 
     </span>
    </p>
   </div>
   <div class='ocr_carea' id='block_1_111' title="bbox 1774 5660 2002 5717">
    <p class='ocr_par' dir='ltr' id='par_1_111' title="bbox 1774 5660 2002 5717">
     <span class='ocr_line' id='line_1_111' title="bbox 1774 5660 2002 5717; baseline 0.004 -2"><span class='ocrx_word' id='word_1_828' title='bbox 1774 5660 2002 5717; x_wconf 70' lang='lat' dir='ltr'><strong>NOTAE.</strong></span> 
     </span>
    </p>
   </div>
   <div class='ocr_carea' id='block_1_112' title="bbox 346 5774 1032 5849">
    <p class='ocr_par' dir='ltr' id='par_1_112' title="bbox 346 5774 1032 5849">
     <span class='ocr_line' id='line_1_112' title="bbox 346 5774 1032 5849; baseline 0.003 -19"><span class='ocrx_word' id='word_1_829' title='bbox 346 5774 458 5847; x_wconf 77' lang='lat'><strong>(30)</strong></span> <span class='ocrx_word' id='word_1_830' title='bbox 487 5775 545 5831; x_wconf 87' lang='lat' dir='ltr'><strong>In</strong></span> <span class='ocrx_word' id='word_1_831' title='bbox 577 5775 697 5835; x_wconf 81' lang='lat' dir='ltr'><strong>(od.</strong></span> <span class='ocrx_word' id='word_1_832' title='bbox 737 5776 868 5849; x_wconf 75' lang='lat' dir='ltr'><strong>Reg.</strong></span> <span class='ocrx_word' id='word_1_833' title='bbox 906 5783 1032 5849; x_wconf 84' lang='grc' dir='ltr'>ρνε’.</span> 
     </span>
    </p>
   </div>
  </div>
