4060 6374
511 359 649 424 1443
1710 354 1770 414 S.
1815 348 2208 412 THEODORI
2253 345 2602 409 STUDIT/E
3666 329 3801 394 1M4

511 477 724 546 obtigit,
760 473 872 529 Deo
933 471 1318 528 aseribendum
1365 476 1474 531 est,
1508 466 1602 539 qui
1643 481 1765 536 quae
1810 463 2099 535 profutura

2226 461 2368 526 τικῶς
2417 461 2744 531 φερόμενος.
2779 455 2842 511 Εἰ
2878 455 2938 508 δὲ
2969 451 3064 508 καί
3112 468 3166 506 τι
3209 447 3539 520 ὀνησιφόρον
3584 464 3681 501 σου
3717 447 3802 515 γί-

513 581 667 635 sunt,
714 571 856 624 inter
902 569 1007 623 hos
1055 567 1290 637 illosque
1332 574 1524 620 mutuo
1561 563 1867 631 dispensat.
1917 559 2100 628 Atque

511 667 630 722 haec
672 665 745 719 ita
783 664 914 720 sint.
965 661 1042 715 De
1095 676 1162 715 eo
1208 668 1404 713 autenr
1430 657 1577 727 quod
1624 657 1692 708 ab
1742 653 1812 709 iis
1858 652 1953 723 qui
2003 667 2102 722 per

2207 571 2373 617 νοιτο,
2397 552 2516 620 Θεῷ
2538 553 2598 606 τὸ
2624 550 2858 624 πρᾶγμα
2880 545 3199 607 ἀναθετέον,
3223 543 3304 613 τῷ
3336 541 3404 594 δι’
3429 540 3682 611 ἀλλήλων
3707 541 3803 592 καὶ

2209 647 2266 700 έν
2297 644 2550 714 ἀλλήλοις
2595 637 2974 709 οἰκονομοῦντι
3023 635 3094 689 τὰ
3122 634 3266 688 κατὰ
3313 632 3524 704 χρείαν.
3576 625 3702 684 Εἶεν
3738 629 3804 701 δὴ

513 759 891 829 ptenitentiam
937 755 1105 809 erecti
1157 761 1305 821 sunt,
1357 751 1575 820 signum
1641 747 1695 800 in
1751 761 1959 809 mensa,
2008 753 2106 800 aut

2226 739 2406 794 ταῦτα.
2457 737 2601 808 Πρὸς
2648 733 2706 788 δὲ
2753 733 2863 786 τῶν
2917 731 2981 784 ὲκ
3037 727 3327 800 μετανοίας
3372 725 3805 796 ἀνασφηλάντων

513 851 623 906 alia
670 851 929 922 quapiam
971 846 1265 902 occasione
1307 843 1434 898 fieri
1466 840 1891 911 approbaverint
1939 839 1976 894 ii
2009 838 2104 908 qui

513 943 728 1013 lapsum
753 944 864 1012 jam
891 945 1210 1000 evaserant;
1237 936 1351 1006 jam
1383 950 1410 988 a
1434 932 1640 988 sanctis
1662 931 1917 985 Patribus
1937 944 2108 999 prope

515 1035 751 1090 dixerim
782 1032 1041 1105 synodice
1063 1030 1395 1099 inquisitum
1429 1033 1482 1081 et
1515 1025 1798 1080 decretum
1829 1034 1929 1087 est,
1967 1021 2110 1076 bene

515 1124 737 1187 habere,
777 1126 822 1179 si
856 1129 912 1176 et
941 1137 1044 1177 nos
1077 1120 1316 1174 humiles
1361 1133 1475 1173 rem
1524 1117 1722 1172 merito
1766 1115 2106 1186 probandam

518 1216 922 1280 custodiamus,
955 1222 1010 1268 et
1050 1213 1174 1267 aliis
1202 1211 1508 1266 tradamus.

594 1391 651 1447 Si
683 1407 813 1463 ergo
847 1401 902 1446 et
932 1390 1046 1460 ipse
1077 1388 1160 1443 vis
1200 1387 1254 1442 id
1299 1399 1540 1450 servare,
1599 1391 1654 1438 et
1709 1381 2002 1436 laudamus
2061 1386 2116 1433 et

521 1485 888 1539 admittimus.
929 1481 1086 1548 Quod
1114 1480 1260 1535 enim
1288 1486 1526 1533 renuunt
1557 1477 1806 1546 quidam,
1836 1471 2111 1542 supersti-

523 1576 692 1629 tionis
745 1589 882 1642 opus
923 1581 1026 1634 est,
1066 1586 1230 1640 quam
1273 1568 1626 1640 reprehendit
1662 1565 1978 1636 Apostolus,
2021 1563 2117 1619 sed

523 1683 645 1738 quae
677 1682 778 1721 nec
822 1664 926 1734 legi
959 1672 1328 1718 consentanea
1380 1661 1469 1725 sit,
1521 1676 1623 1715 nec
1662 1658 1920 1712 fraterna:
1977 1655 2118 1710 dile-

523 1760 712 1816 ctioni.
754 1757 911 1812 Unde
953 1771 1190 1824 namque
1241 1764 1418 1809 tutum
1451 1753 1505 1808 id
1537 1769 1658 1808 esse
1681 1751 2112 1813 confirmahunt,

2215 830 2490 903 σφραγῖδα
2516 830 2608 882 ἐπὶ
2636 826 2944 898 τραπέζης,
2969 823 3002 894 ἢ
3043 821 3187 876 κατὰ
3215 820 3383 890 ἄλλην
3403 819 3529 873 τινὰ
3563 815 3803 888 περιπέ-

2213 940 2366 978 τειαν
2391 919 2639 990 δεδέχθαι
2661 918 2789 982 τοὺς
2817 916 2923 986 ἤδη
2964 911 3408 982 διαπεφευγότας
3445 909 3537 962 τὸν
3562 907 3802 961 ὄλισθον·

2214 1017 2318 1090 ἥδη
2365 1015 2458 1067 ἐπὶ
2513 1011 2775 1082 Πατέρων
2834 1007 3006 1076 ἁγίων
3047 1005 3234 1076 σχεδὸν
3280 1003 3457 1055 εἰπεῖν
3507 997 3808 1060 συνοδικῶς

2219 1104 2560 1175 συνεζητήθη
2589 1104 2685 1156 καὶ
2719 1097 3120 1171 συνεκροτήθη,
3154 1091 3213 1150 εὖ
3242 1095 3389 1165 ἔχειν
3414 1092 3509 1147 καὶ
3530 1093 3667 1162 ἡμῖν
3696 1093 3810 1153 τοῖς

2216 1200 2495 1260 ταπεινοῖς
2523 1195 2892 1250 εὐαπὸδεκτον
2915 1193 2976 1246 τὸ
3000 1191 3237 1261 πρᾶγμα
3260 1186 3696 1257 φυλαττόμενον,
3719 1183 3811 1236 καὶ

2219 1291 2402 1352 ἄλλοις
2430 1286 2868 1358 μεταδιδόμενον.

2291 1383 2357 1436 Εἰ
2387 1381 2482 1435 οῦν
2512 1381 2607 1433 καὶ
2633 1377 2799 1442 αὐτὸς
2833 1374 2979 1429 οὓτω
3009 1373 3223 1446 βούλοιο
3251 1373 3494 1444 κρατεῖν,
3521 1370 3617 1423 καὶ
3651 1373 3812 1422 ἐπαι-

2222 1474 2423 1545 νοῦμεν
2465 1472 2562 1526 καὶ
2606 1468 3005 1540 ἀποδεχόμεθα.
3053 1467 3128 1520 Τὸ
3168 1467 3280 1538 γάρ
3311 1481 3467 1527 τινας
3514 1461 3814 1515 ἀπαναίνε-

2227 1567 2372 1634 σθαι,
2413 1562 2871 1634 ὲθελοθρησκείας
2920 1560 3068 1613 ἐστὶν
3105 1557 3271 1628 ἔργον
3315 1551 3815 1626 κατηγορουμένης

2228 1660 2334 1713 ὑπὸ
2361 1659 2457 1712 τοῦ
2498 1655 2850 1718 Ἀποστόλου,
2881 1653 2997 1708 ἀλλ’
3027 1653 3128 1706 οὐκ
3152 1651 3385 1722 ἐχούσης
3411 1648 3537 1702 οὕτε
3569 1648 3630 1701 τὸ
3662 1648 3817 1699 ἒννο-

2232 1769 2352 1824 μον,
2385 1749 2512 1804 οὔτε
2554 1748 2616 1802 τὸ
2659 1747 3005 1819 φιλάδελφον.
3039 1742 3212 1797 Πόθεν
3255 1741 3364 1812 γὰρ
3413 1741 3720 1811 έρείδονται
3756 1736 3816 1790 τὸ

523 1869 649 1909 cum
679 1867 784 1906 nec
820 1865 998 1906 canon
1043 1854 1220 1904 exstet
1281 1848 1375 1916 qui
1425 1847 1684 1912 sanciat,
1740 1859 1843 1898 nec
1892 1844 2111 1899 divinus

2226 1845 2458 1916 ἅσφαλὲς
2491 1843 2636 1914 ἔχειν
2664 1885 2678 1906 ,
2719 1842 2862 1912 μήτε
2894 1839 3121 1902 κανόνος
3154 1834 3527 1900 θεσπίζοντος,
3551 1834 3696 1903 μήτε
3722 1830 3816 1884 τοῦ

525 1943 819 1999 hierarcha
884 1949 1070 1997 noster
1109 1940 1215 1994 hoc
1271 1939 1439 2008 recipi
1470 1955 1500 1992 a
1529 1939 1687 1992 nobis
1720 1935 1886 1991 velit?
1912 1937 2110 1990 Annon

524 2036 710 2106 potius
743 2033 974 2089 destruit
1004 2031 1404 2102 pmnitentiam,
1445 2039 1498 2085 et
1538 2029 1980 2098 desperationem
2027 2026 2111 2080 af-

527 2127 636 2184 fert
662 2126 898 2182 salutis?
929 2135 1008 2192 ut,
1040 2125 1128 2179 cui
1159 2131 1502 2178 sacramenta
1542 2121 1871 2192 participare
1917 2134 2116 2175 conce-

527 2208 698 2282 di'tur,
741 2228 795 2273 et
834 2221 1052 2288 signare
1104 2219 1348 2287 seipsum
1403 2231 1622 2270 crucem
1661 2214 1923 2284 imagine,
1985 2213 2114 2272 huic

529 2326 644 2364 non
685 2310 849 2364 liceat.
876 2309 1059 2364 cibum
1094 2322 1440 2362 communem
1479 2303 1564 2360 vel
1593 2305 1850 2374 privatim
1899 2305 1988 2360 vel
2012 2321 2116 2376 pu-

527 2403 672 2456 blice
703 2399 1034 2471 obsignare?
1079 2401 1161 2452 Au
1209 2399 1489 2452 nescimus
1541 2396 1748 2451 bonum
1795 2396 1966 2451 Deum
2020 2413 2118 2451 no-

530 2504 704 2551 strum
746 2503 800 2549 et
842 2492 1158 2556 Dominum,
1213 2491 1305 2560 qui
1358 2488 1512 2544 solus
1545 2503 1742 2559 expers
1773 2499 1858 2544 est
1887 2491 2116 2560 peccati,

531 2599 585 2643 et
610 2587 755 2641 tollit
787 2595 1070 2656 peceatum
1111 2584 1328 2650 mundi,
1362 2583 1657 2654 pertulisse
1701 2593 1760 2636 ut
1795 2582 2120 2638 immacula-

535 2694 620 2736 tos
653 2680 825 2752 ipsius
855 2679 1022 2748 pedes
1052 2677 1312 2732 meretrix
1346 2675 1604 2731 manibus
1630 2685 1901 2746 tangeret,
1946 2692 2120 2747 unge-

534 2783 726 2843 retque
785 2773 1042 2844 lacrymis
1097 2771 1302 2841 pariter
1337 2778 1392 2825 et
1427 2770 1742 2840 unguento?
1781 2769 1889 2825 Sed
1909 2778 1964 2825 et
1995 2785 2120 2824 cum

538 2867 846 2937 publicanis
905 2865 1222 2927 manducat,
1263 2871 1320 2917 et
1376 2863 1518 2932 apud
1555 2861 1903 2932 publicanos,
1943 2876 1997 2917 et
2019 2879 2123 2934 pu-

539 2960 786 3016 blicanos
815 2958 978 3013 habet
1018 2957 1322 3026 discipulos
1365 2971 1380 3010 :
1425 2956 1671 3027 nihilque
1701 2957 1780 3010 illi
1825 2956 1960 3012 adeo
1989 2956 2126 3012 cha-

464 3127 467 3130 _
542 3069 663 3108 rum
693 3061 794 3120 est,
826 3068 891 3107 ae
915 3053 1204 3107 conversio
1233 3067 1260 3104 a
1294 3059 1540 3121 peccato,
1587 3060 1638 3105 et
1669 3059 1858 3104 mutua
1883 3051 2123 3106 dilectio.

542 3148 670 3203 Inde
703 3157 757 3202 et
803 3145 1024 3215 agnosci
1077 3143 1380 3212 discipulos
1428 3156 1560 3196 suos
1601 3141 1887 3210 designat:
1924 3149 1980 3196 et
2004 3143 2129 3212 qui-

2193 1938 2508 1994 ιθεσπεσίου
2556 1935 2716 2006 ἡμῶν
2759 1932 3018 2004 ἱεράρχου
3056 1930 3418 2001 ἀπείργοντος
3461 1928 3614 1998 ἡμᾶς
3654 1922 3817 1977 τοῦτο

2218 2029 2500 2102 δέχεσθαις
2536 2028 2608 2081 Ἦ
2651 2026 2774 2096 οὐχὶ
2821 2023 3024 2094 μᾶλλον
3080 2019 3426 2090 ἁναιρετικόν
3475 2019 3597 2070 ἐστι
3649 2031 3818 2086 μετα·

2221 2125 2387 2187 νοίας,
2447 2121 2542 2175 καὶ
2591 2115 3010 2184 ἁπογνωστικόν
3071 2115 3190 2167 ἐστι
3240 2110 3546 2183 σωτηρίας;
3611 2107 3676 2161 τὸ
3727 2107 3820 2158 τὸν

2221 2214 2544 2282 ἀξιούμενον
2595 2207 2849 2280 μετέχειν
2876 2205 2986 2259 τῶν
3016 2203 3400 2274 ἁγιασμάτων,
3429 2200 3525 2254 καὶ
3551 2197 3820 2268 σημειοῦν

2223 2309 2416 2362 ἑαυτὸν
2439 2308 2506 2378 τῇ
2537 2303 2878 2374 σταυροειδεῖ
2905 2303 3077 2354 εἰκόνι
3102 2339 3118 2364 ,
3153 2299 3228 2368 μὴ
3260 2294 3465 2362 ἐξεῖναι
3488 2291 3819 2364 σφραγίζειν

2226 2399 2424 2472 βρῶμα
2456 2396 2658 2460 κοινὸν,
2692 2393 2801 2446 εἴτε
2834 2391 2940 2464 ἰδίᾳ
2969 2389 3084 2443 εἴτε
3110 2387 3346 2458 δημοσίᾳ
3372 2402 3387 2448 ;
3419 2386 3494 2438 Ἦ
3523 2385 3628 2437 οὐκ
3655 2382 3820 2452 ἴσμεν

2224 2493 2362 2547 ὅτιὸ
2395 2487 2598 2558 ἀγαθὸς
2645 2484 2802 2556 ἡμῶν
2847 2482 2982 2546 Θεὸς
3029 2481 3126 2534 καὶ
3159 2478 3387 2550 Κύριος,
3435 2475 3466 2528 ὁ
3518 2474 3684 2544 μόνος
3728 2474 3822 2525 ἁν-

2227 2585 2568 2653 αμάρτητος,
2618 2579 2712 2632 καὶ
2754 2577 2928 2646 αἴρων
2977 2572 3076 2645 τὴν
3120 2569 3397 2643 ἁμαρτίαν
3443 2565 3542 2621 τοῦ
3579 2566 3816 2635 κόσμου,

2228 2674 2334 2730 ὑπὸ
2399 2673 2606 2743 πόρνης
2651 2668 2781 2732 τοὺς
2826 2664 3134 2736 ἀχράντους
3185 2662 3356 2724 πόδας
3405 2658 3673 2729 ἠνέσχετο
3724 2654 3821 2708 καὶ

2227 2767 2666 2844 χειραπτεῖσθαι,
2713 2765 2811 2818 καὶ
2849 2759 3249 2830 ὑπαλείφεσθαι
3295 2756 3586 2826 δάκρυσιν,
3628 2752 3822 2819 ὥσπερ

2230 2843 2329 2922 ᾆξαι
2355 2864 2547 2936 μύρῳ;
2586 2861 2748 2914 Ἀλλὰ
2779 2858 2874 2912 καὶ
2908 2853 3050 2926 μετὰ
3073 2851 3323 2907 τελωνῶν
3351 2849 3522 2902 ἐσθίει
3547 2846 3646 2899 καί
3667 2843 3821 2914 παρὰ

2230 2957 2490 3020 τελώναις
2515 2995 2530 3018 ,
2569 2955 2664 3008 καὶ
2698 2949 2997 3024 μαθητεύει
3021 2944 3297 3009 τελώνας·
3339 2943 3434 2998 καὶ
3482 2940 3638 2994 οὐδὲν
3668 2936 3821 3004 αὐτῷ

2231 3047 2374 3101 οὕτω
2407 3044 2630 3116 φιλητὸν
2670 3041 2746 3105 ώς
2785 3039 2847 3094 τὸ
2888 3036 3281 3108 ὲπιτρεπτικδν
3310 3033 3370 3100 ἐξ
3405 3029 3682 3102 ἁμαρτίας
3723 3028 3822 3080 καὶ

2235 3135 2584 3209 ἀγαπητικὸν
2609 3135 2698 3188 ἐπ’
2723 3133 2996 3203 ἀλλήλοις.
3039 3127 3322 3184 Ἐντεῦθεν
3355 3126 3451 3179 καὶ
3479 3120 3824 3194 χαρακτηρίο

543 3239 669 3295 dem
702 3239 918 3292 beatum
947 3235 1189 3298 Petrum,
1223 3241 1344 3302 post
1375 3233 1747 3302 negationem,
1791 3203 2119 3302 reliquorum

2237 3203 2425 3296 ζεσθαι
2455 3229 2584 3291 τοὺς
2631 3224 2884 3298 μαθητὰς
2916 3221 3085 3276 αὐτοῦ
3131 3218 3470 3289 ὑπογράφει·
3501 3213 3598 3268 καί
3631 3229 3697 3281 γε
3733 3211 3824 3264 τὸν

546 3332 923 3399 apostolorum
955 3329 1256 3399 principem
1286 3327 1564 3382 renuntiat
1598 3339 1742 3396 :quo
1789 3325 1918 3395 quid
1950 3325 2129 3393 majus

546 3426 614 3480 ad
669 3425 746 3480 rei
821 3423 1114 3494 propositze
1199 3420 1707 3476 confirmationem?
1786 3419 1926 3487 Quid
1999 3434 2128 3475 vero

548 3517 856 3571 dementius
885 3516 954 3568 iis
983 3515 1221 3585 quieos,
1265 3514 1357 3586 qui
1401 3529 1467 3568 ex
1503 3515 1822 3582 pasnitentia
1873 3512 2128 3567 meliores

544 3610 659 3679 jam
690 3607 818 3664 facti
853 3619 1000 3670 sunt,
1032 3607 1249 3677 signare
1292 3614 1347 3659 et
1389 3619 1572 3669 orare,
1615 3604 1865 3674 imperite
1895 3614 1950 3658 et
1979 3618 2131 3658 arro-

551 3712 741 3773 ganter
779 3717 885 3756 non
915 3699 1253 3755 admittunt?
1277 3695 1388 3754 Nos
1417 3699 1601 3768 itaque
1623 3698 1860 3752 humiles
1888 3699 1972 3753 sic
2000 3713 2131 3753 sen-

553 3797 740 3860 timus,
791 3803 852 3849 ut
888 3793 1092 3848 dictum
1140 3805 1241 3858 est,
1278 3800 1333 3847 et
1370 3793 1526 3846 vobis
1578 3791 1630 3846 id
1669 3792 1988 3846 suademus.
2029 3791 2133 3846 Alii

552 3889 648 3960 qui
681 3888 840 3943 aliter
869 3887 1132 3951 sentiunt,
1157 3884 1224 3939 de
1247 3887 1351 3940 hoc
1379 3884 1659 3938 videbunt.
1689 3883 1799 3940 Nos
1827 3885 1895 3939 ad
1925 3900 1986 3938 ea
2013 3899 2136 3955 quae

555 3984 778 4038 Simeon
820 3979 992 4035 frater
1045 3989 1233 4035 noster
1283 3979 1644 4049 interrogavit
1690 3978 2073 4048 respondimus
2115 3995 2129 4031 :

553 4077 913 4148 cupimusque
945 4073 1220 4137 humiles,
1272 4081 1332 4126 ut
1374 4071 1555 4135 vobis,
1590 4071 1726 4127 viris
1773 4071 2132 4137 honorandis,

555 4171 624 4226 ad
653 4169 888 4240 quietem
920 4167 1112 4222 cedant
1145 4164 1198 4218 in
1223 4164 1480 4220 omnibus
1506 4181 1522 4231 ;
1561 4173 1617 4219 et
1649 4173 1900 4234 optamus
1934 4163 2134 4220 illaesos

556 4278 654 4318 vos
681 4262 733 4315 iu
764 4259 1024 4315 omnibus
1057 4255 1348 4313 custodiri.

811 4452 971 4510 C-XL.
1004 4481 1078 4497 —-
1105 4451 1437 4509 Catecltetica
1465 4449 1533 4504 ad
1559 4449 1870 4520 Cyzicenos.

2240 3323 2515 3395 μακάριον
2541 3321 2768 3392 Πέτρον,
2799 3316 2937 3389 μετὰ
2966 3315 3067 3385 τὴν
3096 3308 3696 3395 ἄρνησιν,ῌπρώταρχον
3716 3304 3825 3357 τῶν

2235 3413 2440 3467 λοιπῶν
2491 3409 2806 3465 ἀποστόλων
2848 3404 3256 3461 ἀναδείκνυσιν·
3299 3393 3363 3454 οῦ
3412 3399 3466 3451 τί
3516 3397 3704 3466 μεῖζον
3743 3396 3824 3455 εἰς

2233 3503 2580 3572 παράστασιν
2611 3498 2708 3552 τοῦ
2743 3494 3111 3568 προκειμένου
3150 3491 3344 3560 λόγου;
3372 3488 3425 3541 τί
3457 3487 3515 3540 δὲ
3546 3481 3823 3539 ἀσυνετώ-

2229 3612 2386 3666 τερον
2426 3594 2534 3648 τῶν
2577 3590 2811 3662 ἀμαθῶς
2840 3589 2934 3643 καὶ
2961 3584 3306 3658 οἰηματικῶς
3343 3582 3420 3652 μὴ
3450 3577 3826 3648 καταδεχομέ-

2231 3704 2362 3750 νων,
2397 3685 2726 3757 σφραγίζειν
2755 3683 2854 3735 καὶ
2885 3677 3290 3753 προσεύχεσθαι
3322 3676 3452 3738 τοὺς
3479 3672 3587 3744 ἤδη
3625 3674 3693 3739 τῇ
3725 3685 3825 3740 με-

2234 3777 2428 3847 τανοίᾳ
2462 3773 2896 3846 βελτιωθέντας;
2935 3772 3132 3840 Ἡμεῖς
3154 3765 3449 3838 τοιγαροῦν
3476 3765 3528 3819 οἱ
3577 3762 3828 3817 ταπεινοὶ

2232 3869 2408 3933 οὕτως
2436 3869 2658 3939 ἔχομεν,
2688 3867 2764 3929 ὼς
2788 3863 3140 3936 προείρηται,
3173 3862 3270 3915 καὶ
3293 3861 3426 3932 ὑμῖν
3461 3855 3830 3931 συμϐουλεύο-

2245 3981 2365 4035 μεν.
2399 3962 2585 4016 Ἀλλοι
2612 3961 2669 4014 δὲ
2698 3960 2873 4023 ἄλλως
2905 3957 3123 4027 ἔχοντες
3147 3997 3163 4020 ,
3191 3955 3416 4025 ὄψονται
3451 3953 3584 4025 περὶ
3611 3951 3822 4006 τούτου.

2241 4059 2389 4128 Πρὸς
2415 4056 2452 4112 ὃ.
2488 4057 2546 4110 δὲ
2590 4057 2619 4110 ὁ
2663 4053 2892 4122 ἁδελφὸς
2918 4051 3075 4123 ἡμῶν
3103 4049 3331 4120 Συμεὼν
3358 4047 3673 4119 ἠρώτησεν,
3717 4046 3826 4097 ἁπ-

2243 4148 2547 4219 εκρίθημεν
2595 4147 2691 4200 καὶ
2739 4143 3105 4214 ὲφιέμεθαζὲν
3155 4143 3289 4195 πᾶσι
3341 4138 3476 4210 πρὸς
3520 4136 3828 4191 ἀνάπαυσιν

2245 4241 2401 4312 ὑμῶν
2421 4236 2561 4294 εἶναι
2589 4239 2697 4292 τῶν
2723 4237 3037 4308 σεϐασμίων
3061 4236 3114 4288 oi
3131 4234 3381 4288 ταπεινοί
3401 4249 3414 4262 ·
3437 4233 3534 4285 καὶ
3559 4227 3826 4300 εὐχόμεθα

2169 4403 2172 4406 γ
2246 4337 2452 4398 ἀσινεῖς
2477 4335 2624 4405 ὑμᾶς
2655 4329 3118 4400 διαφυλάττεσθαι
3141 4330 3200 4381 ὲν
3231 4329 3420 4382 πᾶσιν.

2235 4451 2351 4506 PM'
2377 4445 2968 4522 (51).-Κατηχητικὴ
2994 4445 3142 4515 πρὸς
3160 4443 3303 4511 τοὺς
3319 4445 3390 4498 ἐν
3409 4436 3824 4513 Κυζίκῳ.

1357 4590 1434 4640 Ad
1455 4589 1878 4653 perseverantiam
1899 4597 1955 4641 et
1978 4589 2266 4641 monasticae
2294 4589 2412 4640 vitas
2435 4586 2802 4652 perfectionem
2833 4585 3084 4634 hortatur.

633 4707 888 4762 Libenter
914 4702 1154 4759 vidimus
1182 4716 1306 4755 cum
1352 4701 1420 4756 iis
1454 4700 1548 4772 qui
1590 4715 1699 4754 una
1729 4709 2018 4767 venerunt,
2053 4699 2119 4754 Si

2331 4700 2536 4762 Ἡδέως
2567 4698 2780 4768 εἴδομεν
2811 4694 2907 4748 τοῦ
2939 4691 3069 4762 ccepi.
3110 4691 3203 4744 τὸν
3231 4686 3457 4756 ἀδελφὸν
3485 4683 3716 4756 Συμεὼν
3743 4681 3824 4736 τὸν

563 4815 815 4855 meonem
859 4796 1126 4860 fratrem,
1177 4794 1270 4863 qui
1310 4794 1466 4850 vobis
1523 4804 1690 4864 caput
1725 4803 2016 4863 rectorque
2069 4809 2119 4850 es

2249 4793 2328 4856 εἰς
2359 4789 2602 4859 κεφαλὴν
2644 4785 2799 4857 ὑμῶν
2848 4782 3184 4853 τεταγμένον
3205 4795 3219 4808 ·
3251 4778 3314 4832 τὸ
3351 4777 3452 4848 μὲν
3483 4776 3575 4829 διὰ
3600 4775 3702 4844 τὴν
3737 4771 3823 4825 τοῦ

563 4891 894 4948 constitutus
923 4906 936 4940 :
971 4888 1167 4958 partim
1203 4887 1276 4941 ob
1307 4887 1627 4941 diuturnam
1668 4885 1998 4948 absentiam,
2024 4902 2119 4956 par

2251 4885 2446 4957 χρόνου
2475 4881 2782 4937 ἀπουσίαν·
2832 4877 2895 4932 τδ
2939 4877 2997 4930 δὲ
3039 4874 3128 4928 διὰ
3179 4873 3280 4942 τὴν
3329 4869 3501 4938 καλὴν
3534 4866 3821 4922 πολιτείαν.

566 4984 664 5039 tim
717 4983 786 5036 ob
827 4982 1102 5052 egregiam
1140 4982 1637 5036 conversationem.
1693 4979 1840 5034 Bona
1883 4955 2118 5050 siquidet

2252 4955 2468 5041 _’A‘{a0"q
2501 4969 2608 5040 γὰρ
2644 4966 2892 5022 πολιτεία
2918 4964 3016 5017 καὶ
3053 4961 3206 5031 αὐτῷ
3239 4960 3333 5014 καὶ
3360 4961 3526 5030 ἡμῖν·
3552 4958 3614 5010 τὸ
3651 4955 3824 5010 τοσού-

567 5076 919 5134 conversatio
951 5049 1005 5128 et
1043 5074 1148 5144 ipsi
1184 5083 1239 5128 et
1273 5073 1430 5127 nobis
1455 5116 1468 5138 ,
1543 5073 1688 5144 quod
1724 5083 1833 5127 tam
1897 5073 2055 5127 multi
2103 5073 2114 5126 i

2253 5081 2380 5128 τους
2420 5061 2687 5132 ἀδελφοὺς
2733 5058 2826 5112 ἐπὶ
2853 5057 2916 5110 τὸ
2945 5054 3076 5109 αὐτὸ
3129 5052 3304 5123 συζῇν
3353 5052 3411 5104 ἐν
3453 5049 3822 5118 δεδιωγμένοις

569 5184 738 5222 unum
755 5166 954 5220 fratres
975 5164 1138 5219 simul
1157 5164 1344 5217 vivant
1363 5165 1698 5234 temporibus
1729 5163 2119 5233 persecutionis

2263 5155 2695 5228 χρόνοις.”οπου
2725 5151 2834 5222 τὰρ
2863 5149 2974 5204 δύο
3003 5147 3040 5216 ἢ
3075 5145 3234 5214 τρεῖς
3256 5135 3622 5214 τυγχάνοιειῖ
3644 5141 3820 5203 ὄντες.

576 5259 677 5316 Ubi
733 5258 872 5312 enim
907 5258 1012 5308 duo
1040 5255 1118 5309 vel
1177 5264 1280 5308 (res
1337 5226 1647 5324 fuerint”,
1698 5226 1858 5310 laude
1919 5255 2119 5324 dignun

2260 5249 2485 5302 ἐπαίνου
2519 5246 2690 5311 ἄξιον,
2737 5245 2812 5308 ώς
2857 5241 2952 5295 τοῦ
2978 5235 3218 5312 Χριστοῦ
3263 5233 3660 5306 μεσιτεύοντος,
3697 5226 3822 5282 κατὰ

571 5363 658 5409 cst
682 5370 698 5420 ;
723 5366 844 5407 cum
861 5349 1116 5404 Christus
1134 5345 1186 5400 in
1206 5347 1388 5402 medio
1401 5349 1490 5414 sit,
1510 5347 1668 5417 juxta
1694 5323 2119 5418 promissionem

2259 5344 2357 5413 τὴν
2407 5337 2761 5408 ἐπαγγελίαν.
2797 5335 2872 5388 Τὸ
2913 5333 2970 5386 δὲ
3035 5331 3322 5391 τοσούτους
3384 5323 3527 5380 εἶναι
3570 5323 3688 5378 ὅλον
3733 5337 3818 5391 μο-

573 5445 818 5501 Tot‘vcro
836 5457 1065 5498 numero
1081 5455 1206 5496 esse
1227 5449 1400 5499 totum
1419 5444 1834 5506 monasterium,
1866 5455 2118 5511 magnam

2259 5434 2575 5504 ναστήριον,
2614 5431 2711 5484 καὶ
2754 5427 2996 5500 μεγάλην
3045 5422 3311 5484 συνοδίαν,
3345 5418 3736 5489 ἀναντίρρητον
3767 5411 3818 5463 τὸ

573 5555 679 5609 quo
729 5533 1227 5606 congregationem,
1277 5535 1585 5590 encomium
1643 5535 1878 5594 estsine
1927 5542 2119 5590 contro

2259 5502 2558 5598 ἐγκώμιον.
2585 5522 2700 5578 Καὶ
2727 5521 2888 5594 χάρις
2925 5516 3136 5590 Κυρίῳ,
3172 5514 3233 5580 ὃς
3265 5513 3466 5568 ἔδωκεν
3511 5511 3642 5582 ἡμῖν
3667 5508 3722 5561 ἐν
3747 5502 3817 5556 ἑνὶ

645 5654 690 5686 ³³
722 5652 912 5708 Matth.
944 5669 1104 5720 xvnt,
1139 5649 1230 5704 90.

2090 5735 2326 5794 NOT/E.

651 5840 762 5910 (3i)
789 5839 846 5894 In
875 5838 997 5894 cod.
1028 5838 1160 5908 Reg.
1197 5832 1337 5906 ρνς·’.
