4060 6374
240 343 383 410 14ι5
1428 345 1804 408 EPISTULA?

1913 342 1986 407 M3
2022 346 2173 407 LIB.
2231 346 2315 406 II.
3350 346 3488 410 1446

232 453 530 526 πνεύματι,
569 456 670 528 μιᾷ
693 453 840 528 ψυχῇ
871 453 1156 510 συναθλεῖν
1178 455 1247 528 τῇ
1287 453 1470 509 πίστει
1497 454 1803 523 τοῦοΕὐαγ-

1906 457 2106 509 versia.
2132 454 2199 510 Et
2218 455 2329 511 Deo
2350 455 2491 522 laus,
2525 455 2617 526 qui
2647 455 2806 512 nobis
2848 455 2999 512 dedit
3039 456 3095 512 in
3137 472 3250 514 uno
3269 460 3487 530 spiritu,

232 545 438 614 γελίοιι,
470 544 566 599 καὶ
592 545 873 617 διαφέρειν
922 547 982 601 ὲν
1019 546 1202 617 ταυτῷ
1228 545 1322 600 τὸν
1362 546 1659 616 ἀσκητικὸν
1693 547 1804 619 βίον

1907 547 2089 602 anima
2128 563 2237 603 una
2256 547 2596 605 collaborare
2649 548 2777 604 fidei
2826 547 3149 621 Evangelii;
3181 562 3237 608 et
3288 555 3490 610 asceti-

228 636 446 692 δίαθλον
489 636 585 690 καὶ
616 636 810 707 διαυγῆ
834 674 852 702 ,
891 637 989 692 καὶ
1019 635 1286 708 διαστεφῆ
1331 636 1519 705 ἀγῶνα
1543 638 1603 692 ὲν
1628 637 1804 710 τούτῳ

1906 654 2024 694 cam
2055 639 2223 695 vitam
2263 639 2429 695 simul
2474 639 2694 707 ducere,
2726 649 2781 696 et
2821 643 3144 712 praeclarum
3174 658 3490 717 coronaque

230 726 620 800 περαιοῦσθαι.
656 728 1020 799 Ἐϐουλόμεθα
1048 727 1106 782 δὲ
1134 729 1233 783 καὶ
1265 729 1415 798 ὑμᾶς
1443 729 1643 792 αὐτοὺς
1678 730 1804 795 τοὺς

231 820 477 883 ἀπόντας
504 820 628 873 κατ’
657 817 975 890 ὀφθαλμοὺς
1006 819 1156 885 ίδεῖν,
1209 822 1308 876 καὶ
1334 822 1806 895 συμπαρακληθῆ-

229 927 321 964 ναι
352 913 421 982 τῇ
451 909 712 982 κοινωνίᾳ
742 909 840 963 τοῦ
872 908 1183 982 πνεύματος
1201 914 1311 977 ’ὡς
1327 912 1394 969 ἂν
1417 914 1514 969 καὶ
1540 913 1800 986 τοῦνομα,

229 1003 328 1056 καὶ
359 1001 674 1074 πρόσωπον,
723 1001 820 1056 καὶ
865 996 1018 1074 ἦθος,
1051 1004 1149 1057 καί⁵
1186 1004 1380 1074 λόγους
1421 1006 1541 1071 ἐνὸς
1568 1007 1802 1061 ἑκάστου

231 1092 641 1164 κατεμάθομεν.
679 1091 824 1147 Ἀλλ’
863 1095 987 1169 ἐπεὶ
1018 1095 1178 1150 τοῦτο
1220 1096 1474 1168 ἠδυνάτει
1511 1099 1799 1168 γενέσθαιο

229 1185 446 1256 εἴδομεν
480 1185 626 1254 ὑμᾶς
669 1185 770 1258 ήδη
818 1186 907 1241 διά
952 1186 1048 1242 τοῦ
1093 1190 1507 1262 προηγουμένου
1553 1191 1653 1246 καὶ⁸
1693 1192 1803 1246 τῶν

226 1275 519 1346 ὁμοταγῶν
547 1276 725 1347 ὑμῶν,
767 1273 843 1331 ὧν
871 1280 905 1349 ἡ
936 1279 1037 1333 θέα
1077 1278 1306 1351 ἔθρεψεν
1332 1280 1493 1352 ήμῶν
1518 1282 1620 1345 τὰς
1660 1299 1800 1354 καρ-

226 1367 350 1433 δίας
380 1367 640 1440 εὐλαϐείᾳ
663 1373 1237 1446 κεχαρακτηρισμένῃ.
1269 1373 1335 1427 Τί
1360 1369 1454 1429 οὖν
1478 1377 1595 1428 ἐστι
1616 1373 1801 1429 λοιπὸν

228 1461 439 1528 είπείνς
469 1461 556 1516 ἵνα
594 1459 779 1525 καθὼς
807 1462 991 1534 χάριτι
1027 1463 1123 1517 τοῦ
1170 1464 1380 1536 Κυρίου
1410 1465 1568 1537 ἡμῶν
1623 1467 1799 1537 Ἰησοῦ

226 1552 467 1623 Χριστοῦ
538 1552 900 1627 ὴθροίσθητε,
951 1555 1048 1609 καὶ
1111 1555 1487 1627 συνηρτήθητε
1561 1556 1799 1630 ἁρμονίᾳ

227 1646 716 1718 πνευματικῇ,καὶ
735 1646 1018 1720 συμψυχίᾳ
1040 1649 1370 1720 ὁμονοητικῇ
1392 1648 1799 1720 διαλάμψαντες

227 1740 289 1792 ἐν
314 1740 428 1803 τοῖς
456 1737 644 1792 αὐτόθι
686 1737 938 1808 καθάπερ
962 1738 1107 1802 τινὲς
1145 1739 1378 1811 ἀστέρες
1405 1741 1464 1794 ὲν
1489 1741 1556 1811 τῇ
1591 1740 1798 1812 ζοφερᾷ

225 1826 328 1898 τῆς
371 1827 635 1899 αἱρέσεως
665 1831 842 1894 νυκτὶ,
887 1828 982 1883 καὶ
1009 1827 1147 1901 πρὸς
1172 1826 1234 1881 τὸ
1257 1828 1385 1899 ἑξῆς
1408 1828 1460 1882 οί
1491 1829 1646 1882 αὐτοὶ
1679 1828 1796 1885 δια-

230 1920 487 1989 μείνοιτε,
520 1917 818 1990 σύμψυχοι,
837 1918 902 1972 τδ
925 1918 985 1972 ἐν
1017 1919 1364 1990 φρονοῦντες,
1390 1918 1793 1990 ὁμογνώμονες,

226 2007 604 2074 ὐποτακτικοὶ,
633 2007 924 2080 πειθήνιοι,
956 2009 1196 2079 εὐήκοοι,
1233 2007 1569 2079 εὐχάριστοι,
1600 2008 1800 2081 εὐκλη..

224 2120 332 2171 τοι,
356 2102 666 2174 ,φίλαγνοι,
715 2102 1030 2175 σώφρονες,
1075 2104 1541 2176 ἁπαρρησίαστοι,
1593 2101 1794 2175 ἄρτιοι.

224 2198 654 2268 κατηρτισμένοι
685 2196 743 2251 ὲν
765 2197 931 2251 παντὶ
949 2196 1096 2267 ἔργῳ
1121 2195 1312 2267 ἀγαθῷ
1329 2211 1343 2226 ·
1362 2195 1445 2249 ἔτι
1467 2195 1797 2267 λάμποντες,

223 2286 309 2340 ἔτι
332 2287 785 2356 αὐγάζοντες,ετι
812 2288 1273 2358 φωτοϐολοῦντες,
1292 2287 1373 2343 ἔτι
1399 2288 1695 2355 ἀλίξοντες,
1723 2288 1800 2353 ὡς

225 2376 296 2431 ἂν
343 2378 593 2450 καὶπερὶ
635 2378 792 2451 ὐμῶν
817 2379 1043 2442 εἰκότως
1065 2378 1257 2450 ῥηθείη
1294 2377 1402 2432 ὑπὸ
1433 2377 1530 2433 τοῦ
1559 2378 1794 2449 Κυρίου’

237 2467 438 2540 Ὑμεῖς
456 2470 596 2525 ἐστε
616 2470 683 2525 τὸ
710 2469 837 2541 φῶς
860 2470 965 2526 τοῦ
988 2471 1222 2540 κόσμου
1244 2490 1258 2504 ο
1273 2470 1369 2524 καὶ
1385 2466 1544 2534 αὖθις
1559 2485 1573 2499 ο
1604 2470 1801 2541 Ὑμεῖς

224 2561 369 2617 ἐστε
395 2563 464 2618 τὸ
487 2563 641 2631 ἅλας
676 2563 791 2633 τῆς
816 2562 953 2634 τῆς.
984 2563 1139 2634 Τάχα
1160 2563 1217 2616 δὲ
1245 2562 1436 2635 ἐπειδὴ
1463 2563 1562 2637 τὴν
1585 2563 1800 2636 ὀρεινὴν

225 2655 579 2728 καταλλήλως
607 2657 862 2729 ἑπᾴδοιτο
892 2657 1116 2710 κάκεῖνο
1141 2673 1209 2710 πε
1217 2661 1273 2729 pi.
1300 2655 1455 2729 ὑμῶν
1472 2671 1486 2686 ⁸
1513 2658 1597 2712 Οὐ
1621 2656 1803 2710 δύνα-

225 2762 322 2800 ται
347 2747 529 2812 πόλις
554 2745 845 2815 κρυϐῆναι
888 2746 1090 2801 ἐπάνω
1120 2746 1299 2816 ὄρους
1333 2747 1608 2818 κειμένηο
1642 2747 1803 2819 ὅρους

225 2835 429 2908 δηλαδὴ
457 2837 668 2908 ὑψηλῆς
700 2838 1000 2903 πολιτείας,
1029 2839 1115 2909 ἐφ’
1145 2833 1180 2912 ᾖ
1209 2840 1259 2893 oi
1292 2838 1802 2910 ὲπιϐεϐηκότες,ὼς

227 2931 290 2985 ὲν
313 2930 549 3002 οὐρανῷ,
583 2931 680 2985 ἐπὶ
704 2931 808 3002 τῆς
833 2932 934 3002 γῆς
959 2931 1328 3004 διατρίϐουσιν
1347 2925 1468 2985 ’ὧν
1497 2931 1610 2985 οὐκ
1635 2929 1804 2997 ᾶξιος

228 3026 264 3077 ὀ
289 3023 538 3093 κόσμος,
564 3023 708 3079 κατά
730 3024 792 3079 τὸ
816 3023 1193 3088 ἀποστελικῶς
1227 3022 1540 3094 εἰρημένον.

300 3115 562 3181 Βλέπετε,
605 3118 774 3172 τέκνα
817 3118 915 3172 καὶ
960 3116 1205 3188 ἀδελφοὶ,
1250 3117 1402 3180 ὅπως
1427 3116 1573 3213 sua;
1600 3110 1738 3189 ἦρεν
1774 3116 1872 3213 ὁ(³

226 3205 390 3276 λόγος
429 3210 530 3280 τῆς
566 3207 846 3280 ἀληθείας,
887 3209 1000 3264 ἀνω
1025 3207 1139 3273 θεὶς
1178 3209 1295 3270 τοῖς
1327 3207 1663 3277 ἐγκωμίοις,
1703 3205 1802 3260 καὶ

229 3297 523 3366 ὑποδείξας
569 3298 861 3371 ἀληθινοὺς
908 3295 1053 3353 εἶναι
1115 3298 1409 3371 μοναστάς,
1461 3296 1803 3370 ὁμολογητάς

229 3390 496 3462 Χριστοῦ,
543 3392 791 3463 φυγάδας
838 3391 1068 3461 κόσμου,
1112 3391 1315 3465 ἄνδρας
1350 3388 1658 3463 ἀπιθυμιῶν
1692 3388 1804 3442 τῶν

230 3485 583 3557 κρειττόνων,
648 3484 853 3558 σαρκδς
904 3483 1305 3550 παθοκτόνους,
1358 3482 1689 3553 στεφανίτας
1744 3482 1805 3535 ὲν

230 3578 529 3648 πνεύματι.
560 3578 671 3633 Καὶ
691 3577 868 3632 ταῦτα
895 3578 994 3649 μὲν
1019 3577 1171 3647 λόγοι
1203 3576 1406 3647 γυμνοὶ
1433 3576 1536 3646 τῆς
1569 3576 1804 3631 ἀνταπο-

229 3671 436 3736 δόσεως
467 3670 614 3743 ἄρτι.
658 3671 785 3725 Ἐὰν
824 3669 883 3723 δὲ
911 3670 1006 3724 τὸν
1037 3670 1227 3739 ἀγῶνα
1265 3667 1422 3740 ὑμῶν
1448 3669 1549 3738 τῆς
1574 3683 1636 3721 τε
1675 3667 1808 3721 ὐπο-

227 3764 407 3834 ταγῆς
438 3765 535 3819 καὶ
575 3763 871 3834 ὁμολογίας
905 3763 1234 3834 ἑκτελέσητε
1274 3759 1627 3833 κυριώταταο
1660 3776 1812 3829 τηνι-

228 3856 415 3912 καῦτα
455 3857 878 3928 μεταϐαίνοντες
903 3855 1000 3910 τοῦ
1033 3855 1150 3927 βίου
1192 3854 1294 3925 τὴν
1325 3852 1436 3908 τῶν
1464 3852 1646 3925 ἔργων
1674 3854 1812 3905 am-

228 3949 470 4021 λήψεσθε
525 3950 937 4023 μακαριότητα,
995 3944 1066 4022 ἦς
1121 3948 1336 4017 γένοιτο
1384 3946 1595 4008 πάντας
1664 3944 1812 4016 ἡμᾶς

228 4046 528 4114 ἐπιτυχεῖν,
560 4045 745 4115 χάριτι
770 4043 865 4098 τοῦ
892 4042 1102 4114 Κυρίου
1133 4039 1292 4113 ἡμῶν
1335 4038 1512 4111 Ἰησοῦ
1548 4035 1811 4107 Χριστοῦ,

227 4126 275 4200 ᾦ
295 4133 330 4203 ἡ
359 4131 488 4199 δόξα
515 4133 690 4187 καὶτὸ
714 4132 917 4205 κράτος
942 4133 1025 4196 είς
1046 4132 1177 4195 τοὺς
1201 4129 1407 4194 αἰῶνας
1429 4128 1541 4183 τῶν
1570 4126 1803 4182 αίὼνων.

239 4222 437 4294 Ἀμήν.

514 4344 674 4400 PMA'
707 4344 847 4416 (se).
876 4372 946 4385 -
967 4342 1335 4414 Ἠγουμένῳ.
1369 4337 1528 4413 [oon]

1904 729 2132 802 dignum
2197 731 2303 785 hoc
2353 740 2630 787 certamen
2666 748 2945 805 peragere.
3007 736 3243 794 Animus
3301 748 3487 797 autem

1912 833 2036 877 erat
2056 837 2156 878 vus
2204 823 2368 878 etiam
2432 822 2602 895 ipsos,
2632 823 2728 894 qui
2768 824 2997 891 abestis,
3031 828 3212 884 oculis
3242 844 3489 894 cernere,

1903 922 1960 969 et
1993 914 2383 969 communione
2416 914 2641 984 spiritus
2668 916 2944 972 consolari
2992 935 3006 972 :
3049 928 3111 974 ut
3133 927 3189 974 et
3214 935 3413 976 nomen
3426 930 3493 977 et

1904 1021 2192 1077 personam
2224 1007 2676 1078 uniuscujusque,
2730 1015 2787 1063 et
2837 1023 3040 1077 mores,
3090 1019 3146 1066 et
3175 1026 3488 1068 sermonem

1902 1111 2379 1167 cognosceremus.
2407 1096 2513 1153 Sed
2552 1099 2681 1169 quia
2719 1099 2773 1155 id
2813 1100 2930 1156 fieri
2967 1118 3080 1158 non
3126 1112 3369 1174 poterat,
3410 1107 3491 1162 vi-

1901 1186 2084 1243 dimus
2102 1187 2216 1259 jam
2248 1205 2345 1245 vos
2371 1204 2467 1260 per
2494 1193 2842 1281 prmpoﬁsitnm
2884 1196 3213 1267 sodalesque
3247 1208 3487 1281 vestros,

1911 1290 2147 1346 quorum
2201 1287 2529 1348 conspectus
2594 1280 2808 1337 animos
2860 1293 3081 1339 nostros
3133 1280 3492 1356 expressione

1900 1367 2122 1439 pietatis
2173 1369 2382 1426 refecit.
2439 1369 2581 1437 Quid
2637 1388 2768 1444 ergo
2814 1383 2988 1430 restat
3035 1376 3385 1433 dicendum?
3427 1388 3492 1436 ut

1900 1459 2361 1528 quemadmodum
2403 1462 2575 1534 gratia
2614 1463 2837 1520 Domini
2886 1467 3062 1522 nostri
3100 1466 3232 1525 Jesu
3275 1469 3484 1528 Christi

1901 1551 2220 1620 congregati
2248 1553 2402 1618 estis,
2436 1562 2492 1608 et
2520 1556 2753 1610 connexi
2784 1567 3054 1612 concentu
3100 1561 3399 1629 spirituali,
3435 1573 3495 1619 et

1899 1641 2146 1696 unanimi
2162 1642 2455 1697 concordia
2475 1645 2780 1714 conspicui,
2800 1647 2918 1703 istis
2934 1648 2987 1702 in
3007 1649 3142 1705 locis
3158 1650 3306 1706 velut
3321 1652 3493 1708 stellae

1899 1729 2150 1801 quaedam
2173 1731 2227 1785 in
2252 1731 2549 1802 caliginosa
2568 1734 2792 1791 haeresis
2823 1747 2983 1793 nocte
3010 1739 3381 1812 refulgentes;
3407 1742 3491 1799 sic

1899 1823 2154 1894 deinceps
2182 1824 2345 1879 iidcm
2372 1827 2759 1895 permaneatis,
2789 1830 3100 1897 unanimes,
3126 1833 3365 1904 idipsum
3397 1852 3491 1893 sa-

1895 1917 2107 1988 pientes
2121 1917 2624 1985 ",consentientes,
2643 1920 2899 1990 subjecti,
2918 1924 3201 1995 morigeri,
3227 1927 3491 1985 obedien-

1898 2016 1999 2074 tes,
2017 2007 2177 2079 grati,
2203 2007 2333 2064 boni
2360 2008 2620 2076 nominis,
2636 2011 2795 2079 casti,
2815 2013 3006 2082 sobrii,
3040 2014 3239 2080 timidi,
3271 2018 3489 2089 integri,

1896 2096 2119 2166 perfecti
2168 2098 2225 2152 in
2248 2098 2398 2153 omni
2449 2112 2613 2169 opere
2654 2099 2835 2167 bono,
2870 2100 3052 2158 adhuc
3076 2103 3344 2171 lucentes,
3393 2107 3493 2162 ad-

1898 2186 2008 2242 huc
2031 2186 2399 2257 splendentes,
2433 2188 2613 2243 adhuc
2639 2190 2919 2247 radiantes
2940 2231 2956 2259 ,
3009 2193 3192 2250 adhuc
3223 2196 3493 2253 condien-

1898 2287 2022 2335 tes:
2051 2285 2186 2334 utet
2217 2279 2285 2334 de
2328 2279 2487 2334 vobis
2518 2281 2714 2336 merito
2739 2282 2947 2341 dictum
2994 2287 3067 2341 sit
3116 2300 3148 2341 a
3202 2285 3442 2343 Domino
3468 2305 3486 2344 :

1910 2370 2016 2426 Vos
2063 2372 2192 2426 estis
2239 2371 2333 2427 tua:
2379 2374 2564 2427 mundi
2590 2374 2667 2440 “;
2700 2385 2754 2431 et
2794 2392 3013 2432 rursum
3051 2394 3067 2431 :
3110 2377 3213 2435 Vas
3244 2381 3373 2437 estis
3402 2382 3492 2437 sui

1902 2474 2059 2518 terra:
2091 2463 2156 2518 ”.
2214 2462 2422 2519 Forsan
2473 2466 2663 2531 etiam,
2726 2468 2855 2538 quia
2917 2482 3176 2527 montana
3223 2473 3488 2541 incolitis,

1900 2564 2267 2626 congruenter
2288 2564 2343 2612 et
2371 2556 2506 2612 illud
2560 2557 2628 2614 de
2679 2562 2834 2617 vobis
2874 2563 3159 2619 occinatur
3192 2583 3207 2620 :
3243 2564 3367 2621 Non
3397 2583 3492 2637 po-

1903 2656 2001 2702 test
2040 2648 2231 2704 civitas
2269 2649 2524 2704 abscondi
2565 2667 2728 2718 supra
2757 2664 2985 2709 montem
3028 2657 3204 2721 posita
3224 2657 3303 2727 ‘°;
3335 2674 3494 2715 mon-

1901 2750 2008 2797 tem
2039 2741 2252 2798 scilicet
2289 2741 2518 2825 excelsa
2568 2748 3007 2804 conversationis
3036 2765 3051 2802 :
3080 2751 3149 2805 ad
3180 2766 3346 2823 quam
3393 2755 3491 2825 qui

1901 2820 2364 2902 conscenderunt,
2403 2836 2483 2891 sic
2512 2837 2569 2891 in
2604 2850 2748 2893 terra
2777 2847 3039 2911 tanquam
3082 2842 3136 2897 in
3164 2820 3307 2899 coelo
3338 2820 3492 2900 corn-

1902 2934 2224 2991 morantur;
2255 2926 2444 2996 quibus
2469 2927 2660 2998 dignus
2682 2945 2787 2983 non
2815 2938 2895 2985 est
2915 2937 3145 2987 mundus
3163 2934 3231 2999 “,
3254 2933 3400 2991 sicut
3422 2936 3493 2991 ab

1901 3016 2163 3088 Apostolo
2193 3017 2401 3073 dictum
2428 3028 2531 3076 est.

1974 3108 2203 3178 Videtis,
2232 3109 2327 3166 lilii
2356 3127 2422 3168 ac
2451 3111 2802 3187 fratres,quo
2831 3125 2989 3187 pacto
3015 3133 3113 3177 vos
3145 3134 3328 3177 sermo
3352 3123 3495 3179 veri-

1905 3205 2034 3259 tatis
2065 3204 2327 3272 evexerit,
2355 3205 2410 3260 iu
2444 3208 2664 3263 sublimi
2685 3210 2966 3268 collocans
2984 3213 3271 3282 encomiis,
3303 3230 3493 3273 veros-

1906 3313 2011 3369 que
2038 3300 2337 3355 monachos
2363 3313 2486 3356 csse
2520 3303 2834 3371 ostendens,
2866 3304 3216 3362 confessores
3263 3305 3491 3377 Christi,

1907 3389 2166 3463 fugitivos
2191 3392 2404 3456 mundi,
2434 3392 2830 3452 desideriorum
2858 3397 3007 3454 viros
3028 3398 3340 3468 meliorum,
3362 3416 3491 3457 car-

1908 3488 1997 3541 nis
2021 3483 2313 3541 aﬂ‘ectuum
2335 3493 2709 3557 peremptores
2736 3487 2793 3543 in
2827 3488 3025 3559 spiritu
3073 3501 3389 3549 coronatos.
3425 3492 3495 3551 Et

1910 3575 2027 3632 haec
2055 3575 2275 3647 quidem
2308 3576 2471 3633 verba
2499 3587 2630 3634 sunt
2675 3579 2857 3635 adhuc
2908 3584 3369 3640 remunerationis
3391 3599 3493 3641 ex-

1909 3668 2102 3739 pertia.
2143 3668 2441 3738 Postquam
2469 3684 2601 3726 vero
2632 3680 2877 3728 vestrum
2908 3674 3239 3731 obedientim
3270 3685 3326 3732 et
3352 3691 3495 3734 con-

1912 3758 2171 3816 fessionis
2217 3771 2493 3817 certamen
2523 3763 2744 3832 proprie
2776 3765 3100 3835 peregeritis
3130 3805 3148 3832 ,
3176 3775 3291 3822 tum
3319 3784 3351 3824 e
3383 3768 3496 3826 vita

1915 3852 2215 3922 migrantes
2264 3866 2491 3922 operum
2535 3852 2926 3910 beatitudinem
2978 3838 3275 3927 recipietis,
3326 3875 3493 3930 quam

1916 3945 2129 4001 utinam
2175 3945 2335 4000 nobis
2394 3945 2654 4002 omnibus
2696 3946 2928 4018 adipisci
2981 3950 3286 4022 contingat,
3317 3953 3495 4022 gratia

1919 4037 2136 4093 Domini
2164 4038 2338 4094 nostri
2362 4035 2493 4092 Jesu
2515 4037 2742 4106 Christi,
2772 4041 2861 4096 cui
2888 4040 3064 4113 gloria
3095 4052 3147 4098 et
3195 4042 3494 4115 imperium

1913 4132 1971 4187 in
2003 4130 2204 4187 saecula
2234 4130 2584 4186 saeculorum.
2607 4130 2805 4186 Amen.

2390 4331 2574 4391 CXLI.
2605 4365 2675 4377 συ-
2704 4334 3022 4407 Ρηιροιὶιο.

969 4458 1254 4510 Gratulatur
1280 4456 1345 4506 de
1366 4456 1609 4507 Ammone
1630 4465 1780 4516 quem
1802 4454 2000 4502 curator
2021 4449 2081 4500 ad
2102 4446 2459 4498 monasterium
2481 4451 2777 4501 reduxerat.

300 4542 578 4613 Μέγιστον
618 4543 791 4614 δῶρον
832 4542 1062 4599 δέδωκεν
1093 4545 1122 4597 ό
1159 4543 1292 4606 Θεὸς
1319 4545 1378 4597 ὲν
1405 4546 1471 4616 τῇ
1502 4543 1625 4598 καθ’
1665 4542 1804 4614 ἡμᾶς

1994 4537 2288 4595 Maximum
2317 4538 2461 4593 Deus
2486 4538 2782 4608 provinciae
2811 4548 3012 4595 nostra:
3037 4539 3239 4596 donum
3268 4540 3494 4614 largitus

229 4634 497 4706 ἐπαρχίᾳ,
526 4635 823 4706 τιμιώτατε
865 4635 1080 4705 ἀδελφὲ,
1118 4634 1210 4688 τὸν
1235 4634 1623 4690 εὐκλεέστατον
1670 4652 1802 4688 κου-

231 4729 481 4803 ράτωρα,
534 4728 630 4782 καὶ
673 4726 965 4800 κράτιστον
1007 4728 1067 4781 ὲν
1114 4725 1399 4797 εὐσεϐείᾳ·
1435 4726 1518 4780 ὅτι
1565 4723 1804 4797 Χριστοῦ

231 4821 452 4885 ἔκδικος
495 4819 757 4890 γεγονὼς,
788 4816 972 4875 εἷλκεν
1005 4819 1110 4874 ὐπὸ
1155 4821 1314 4891 χεῖρα
1360 4818 1452 4871 τὸν
1495 4816 1805 4889 λῃστρικῶς

231 4914 647 4985 πολιτευόμενον
683 4916 741 4968 ὲν
770 4915 882 4978 τοῖς
922 4913 1289 4984 Χριστιανοῖς,
1334 4910 1536 4982 καίπερ
1577 4908 1706 4963 ὄντα
1743 4906 1806 4960 τὸ

235 5008 502 5081 πρότερον
531 5005 786 5078 ἀνάθημα
827 5005 962 5060 Θεοῦ
988 5004 1083 5059 διάο
1102 5005 1200 5076 τῆς
1247 5002 1540 5076 μοναδικῆς
1581 4997 1803 5053 τελειώ-

236 5117 399 5164 σεως.
434 5099 679 5171 ’Δμμοῦν
700 5099 844 5168 λέγω
863 5098 957 5152 τόν
988 5113 1121 5150 ποτε
1145 5096 1414 5168 ἡμέτερον
1443 5092 1692 5162 ἀδελφὸν,
1708 5088 1806 5143 νῦν

232 5193 293 5246 δὲ
330 5193 437 5245 ὐπὸ
468 5191 627 5263 χεῖρά
667 5208 761 5245 σου
804 5188 1062 5244 τελοῦντα
1099 5189 1189 5243 διὰ
1222 5185 1504 5258 μεσιτείας
1539 5182 1634 5238 τοῦ
1689 5181 1808 5248 ἀξι-

236 5284 478 5354 αγάστου
507 5283 721 5356 ἀνδρὸς,
749 5285 816 5355 τῇ
846 5281 1067 5353 εὐδοκίᾳ
1091 5279 1257 5335 αὐτοῦ
1286 5278 1548 5352 Χριστοῦ,
1574 5278 1668 5332 τοῦ
1687 5278 1807 5349 χαί-

238 5393 429 5448 ροντος
456 5377 553 5430 ἐπὶ
585 5376 828 5448 σωτηρίᾳ
853 5374 947 5428 τοῦ
974 5372 1340 5436 ἀπολωλότος.
1373 5372 1461 5436 Ὠς
1492 5369 1809 5441 θαυμαστὸν

239 5469 402 5542 ἔργον
448 5468 723 5523 τετέλεται
771 5469 907 5539 πρὸς
950 5466 1044 5521 τοῦ
1092 5465 1371 5536 θεοφιλοῦς
1431 5464 1805 5537 κουράτωρος,

1909 4642 2015 4699 est,
2049 4631 2216 4687 frater
2263 4631 2710 4699 honoratissime,
2755 4633 3218 4701 gloriosissimum
3267 4644 3495 4693 curato~

1910 4741 2025 4781 rem
2046 4767 2063 4793 ,
2094 4733 2150 4781 et
2180 4723 2378 4795 pietate
2418 4724 2941 4794 praestantissimum
2972 4742 2988 4781 :
3019 4726 3115 4797 qui
3158 4725 3363 4783 Christi
3393 4728 3492 4785 de-

1911 4817 2097 4874 fensor
2134 4816 2353 4882 factus,
2414 4818 2519 4873 sub
2571 4827 2896 4888 potestatem
2952 4818 3161 4889 redegit
3196 4834 3344 4888 eum,
3395 4823 3491 4893 qui

1912 4912 2184 4985 praedonis
2218 4927 2369 4967 more
2397 4912 2538 4966 inter
2559 4911 2905 4968 Christianos
2926 4912 3270 4981 versabatur,
3299 4931 3491 4986 quam.

1910 5005 1994 5060 vis
2031 5013 2190 5059 antea
2221 5001 2331 5058 Deo
2357 5003 2572 5057 dicatus
2605 5000 2803 5058 fuisset
2845 5017 2942 5072 per
2972 5004 3336 5059 monasticam
3361 5021 3490 5075 per-

1911 5092 2221 5149 fectiunem.
2245 5093 2568 5146 Ammonem
2590 5092 2715 5147 dico
2752 5091 2882 5146 olim
2937 5090 3158 5146 fratrem
3212 5102 3486 5156 nostrum,

1910 5199 2060 5240 nunc
2123 5184 2429 5239 admirandi
2472 5183 2572 5237 viri
2617 5198 2785 5254 Opera
2834 5183 2927 5239 tibi
2970 5184 3248 5241 subditum
3294 5203 3309 5241 :
3358 5188 3489 5257 quia

1922 5278 2147 5333 Christo
2190 5277 2273 5333 sic
2336 5276 2517 5333 visum
2564 5285 2670 5342 est,
2705 5277 2771 5333 de
2818 5277 2966 5333 illius
3011 5278 3103 5348 qui
3133 5279 3370 5349 perierat
3397 5294 3489 5333 sa-

1914 5371 2027 5427 lute
2083 5370 2393 5443 gaudentis.
2462 5369 2637 5438 Quam
2697 5372 3075 5428 admirandum
3131 5386 3331 5443 opusa
3391 5370 3488 5425 Dei

1916 5472 2133 5520 amante
2187 5470 2439 5519 curatore
2491 5462 2790 5533 perfectum
2815 5472 2936 5530 est,
2982 5477 3256 5535 quamque
3316 5462 3491 5535 ipsius

312 5585 357 5618 ιν
395 5581 628 5655 Philipp.
660 5583 806 5652 ",2.
879 5583 926 5616 ιε
958 5581 1150 5638 Matth.
1176 5581 1343 5651 v,tt.
1420 5581 1463 5616 υ
1495 5581 1627 5638 ibid.
1662 5582 1746 5637 ιδ.

1906 5580 2024 5637 ιιήιι.
2099 5580 2141 5613 ⁸³
2174 5577 2338 5637 llcbr.
2375 5595 2451 5650 xl,
2482 5579 2572 5636 5i.

1759 5700 1992 5759 NOTAE.
2028 5757 2035 5763 .

319 5773 433 5843 (32)
460 5772 519 5829 in
545 5774 667 5830 cod.
698 5774 829 5845 Reg.
870 5772 1003 5844 952'.
