4060 6374
542 276 682 343 1447
1738 281 1801 343 S.
1839 278 2237 342 THEODORI
2272 280 2626 343 ΞΤΗΒΙΤᾸΞ
3683 267 3823 341 1ί48

535 389 744 444 virtute
786 384 1056 453 dignum;
1106 385 1202 443 sed
1230 394 1286 442 et
1316 393 1370 442 te
1396 386 1601 458 pariter
1640 386 1920 458 spirituali
1948 399 2128 460 patre,

2244 386 2328 440 ml
2373 386 2524 454 ἄξιον
2546 387 2650 457 τῆς
2683 383 2806 440 κατ’
2831 384 2997 439 αὑτὸν
3038 382 3241 455 ἀρετῆς
3261 396 3277 413 ·
3316 381 3379 437 οὗ
3413 382 3524 454 μὴν
3550 382 3693 439 ἀλλὰ
3730 388 3825 440 καὶ

538 479 634 551 (ιυί
668 478 939 549 perditum
971 477 1117 533 sicut
1138 479 1391 535 Christus
1425 478 1479 534 in
1509 478 1771 536 humeros
1820 479 2122 536 sustulisti!

2244 478 2333 533 σοῦ
2361 478 2458 533 τοῦ
2488 477 2863 549 πνευματικοῦ
2886 478 3133 548 πατρὸς,
3161 476 3256 533 καὶ
3281 475 3373 530 τὸν
3402 475 3731 530 ἀπολωλότα
3751 476 3826 542 ὡς

538 571 782 629 Lanatus
817 586 943 627 sum
964 571 1147 643 itaque
1181 572 1411 628 humilis
1441 587 1566 642 ego,
1585 581 1642 627 et
1666 572 1959 638 exsultavi,
1987 587 2133 643 quo-v

2244 568 2471 640 Χριστὸς
2506 570 2600 623 ἐπὶ
2625 569 2735 622 τῶν
2762 565 2931 639 ὤμων
2955 566 3342 631 ἀναλαϐόντος.
3370 567 3708 639 Εὑφράνθην
3733 568 3827 623 οὖν

539 666 690 721 niam
755 664 852 736 qui
883 665 1118 736 perierat
1149 664 1403 719 inventus
1426 670 1512 720 est
1530 704 1546 731 ,
1570 671 1624 719 et
1651 664 1745 734 qui
1769 664 1980 735 ejectus
2005 663 2127 719 fue-

2244 663 2265 716 ὁ
2296 660 2555 725 ταπεινὸς
2579 660 2710 730 ἐγὼ.
2739 660 2836 715 καὶ
2861 659 3310 731 ὴγαλλιασάμην,
3341 660 3424 714 ὅτι
3454 660 3518 714 τδ
3543 660 3830 725 ἀπολωλὸς

540 766 649 823 rat,
688 758 915 815 domum
969 757 1228 811 reductus
1258 754 1325 808 δ’.
1352 753 1415 809 Et
1434 755 1622 827 gratia,
1645 757 1899 826 potestati
1930 770 1996 811 ac
2022 754 2125 810 mi-

2244 748 2476 819 εὑρέθη,
2523 747 2585 801 τὸ
2638 748 2970 818 ἀπωσμένον
3004 749 3329 821 είσῳκίσθη.
3368 749 3485 804 Καὶ
3537 750 3707 821 χάρις
3750 749 3829 821 τῷ

543 849 858 905 sericordize
886 848 1074 919 gloriae
1102 847 1217 910 Dei,
1246 845 1342 916 qui
1364 856 1420 901 et
1468 846 1620 903 illius
1650 848 1911 902 misertus
1929 856 2034 911 est,
2069 856 2133 905 et‘

2244 841 2436 911 κράτει
2471 840 2567 899 καὶ
2599 841 2741 895 ἐλέει
2772 841 2875 910 τῆς
2901 838 2998 895 τοῦ
3044 839 3184 895 Θεοῦ
3228 840 3418 912 δόξης,
3447 841 3543 896 τοῦ
3573 844 3830 897 κάκεῖνον

543 959 632 998 me
676 942 941 997 humilem
991 954 1232 994 ηιοθτοτσ
1286 940 1557 995 liberavit.
1586 938 1883 995 Mmrebam
1910 940 2056 995 enim
2092 956 2127 995 a

2244 933 2585 1002 ὲλεήσαντος,
2616 932 2763 1003 κάμὲ
2787 932 2881 987 τὸν
2902 933 3161 988 ταπεινὸν
3188 933 3255 987 ὲκ
3286 932 3390 1003 τῆς
3418 933 3663 1005 ἀθυμίας
3690 934 3829 988 ἁνα-

544 1035 734 1089 multis
766 1033 926 1087 annis
947 1031 1019 1086 ob
1042 1030 1143 1085 tilii
1196 1031 1303 1085 mei
1354 1032 1598 1087 ruinam.
1646 1030 1729 1086 Tu
1763 1032 1930 1101 igitur
1973 1041 2130 1102 pater

2244 1027 2589 1096 κομίσαντος.
2630 1024 2908 1094 Ἠθύμουν
2928 1026 3048 1111 ,γὰρ
3080 1025 3189 1081 ἀπὸ
3222 1024 3434 1079 πολλῶν
3462 1024 3603 1079 ἐτῶν
3640 1025 3743 1079 ἐπὶ
3765 1029 3829 1097 τῇ

545 1122 694 1178 illius
730 1137 877 1176 nunc
900 1120 998 1175 Dei
1049 1122 1407 1176 miseratione
1433 1120 1610 1177 factus
1634 1136 1714 1181 es.
1746 1122 1873 1178 boni
1925 1123 2133 1178 media-

546 1213 684 1268 toris
703 1226 863 1281 opem
894 1211 1077 1267 ferens
1112 1230 1126 1265 :
1160 1220 1214 1265 et
1250 1221 1306 1265 tu
1362 1212 1516 1266 illum
1567 1212 1827 1282 deinceps
1858 1213 1924 1268 ad
1956 1211 2129 1267 Deum

544 1303 803 1359 adduces.
832 1301 974 1358 Ecce
1000 1303 1146 1359 enim
1172 1303 1329 1358 illum
1363 1304 1421 1358 in
1465 1312 1831 1367 manus‘tuas,
1862 1320 1927 1359 ac
1955 1307 2003 1359 si
2034 1319 2133 1358 co-

542 1411 659 1451 ram
691 1396 762 1451 ob
796 1397 1009 1461 oculos,
1050 1396 1374 1452 commendo
1404 1412 1424 1452 :
1448 1404 1504 1452 et
1547 1396 1849 1467 discipulus
1879 1403 2008 1451 tuus
2034 1412 2134 1451 vo-

543 1496 720 1552 cetur,
754 1496 812 1542 et
835 1503 866 1543 a
892 1498 946 1543 te
972 1487 1153 1543 discat
1177 1502 1351 1559 usque
1387 1489 1443 1543 in
1484 1489 1644 1543 tinem
1675 1506 1691 1544 :
1728 1498 1895 1558 tuque
1917 1504 2132 1545 merce-

544 1577 669 1633 dem
694 1578 844 1633 illius
871 1579 1141 1650 percipies
1165 1580 1216 1634 in
1245 1580 1655 1651 saecula.Atqne
1673 1581 1815 1636 banc
1844 1582 2131 1652 epistolam

543 1669 693 1739 leges
727 1669 854 1740 ipsi,
880 1680 941 1725 ut
963 1686 1195 1728 securus
1233 1670 1322 1737 sit,
1355 1672 1823 1742 quemadmodum
1856 1672 1960 1742 ipsi
1989 1672 2131 1727 seri-

2234 1117 2484 1187 ἀπωλείᾳ
2520 1118 2618 1171 τοῦ
2664 1115 2785 1170 υίοῦ
2833 1135 2956 1189 μου.
3007 1118 3082 1172 Συ
3124 1114 3217 1173 οὖν
3248 1118 3374 1189 ἄρτι
3433 1117 3621 1189 πατὴρ
3659 1116 3829 1171 αὐτοῦ

2234 1209 2378 1265 ἐλέει
2401 1210 2539 1266 Θεοῦ
2578 1211 3023 1284 κεχρημάτικας,
3054 1214 3124 1283 τῇ
3154 1212 3450 1283 ἐπικουρίᾳ
3481 1211 3579 1265 τοῦ
3618 1209 3831 1279 ἀγαθοῦ

2239 1307 2462 1373 μεσίτου
2485 1320 2500 1333 ·
2535 1306 2632 1359 καὶ
2654 1306 2718 1359 σὺ
2748 1306 2914 1359 αὑτὸν
2941 1305 3272 1374 προσάξειας
3287 1304 3408 1374 Θεῷ
3434 1304 3575 1374 πρὸς
3597 1304 3659 1357 τδ
3678 1302 3831 1373 ἑξῆς.

2248 1396 2382 1450 Ἰδοὺ
2408 1396 2518 1467 γὰρ
2546 1396 2899 1469 παραδίδωμι
2929 1398 3093 1452 αὐτὸν
3139 1399 3221 1461 εἰς
3248 1398 3437 1470 χεῖράς
3468 1414 3589 1463 σου,
3619 1397 3698 1460 ὡς
3728 1398 3835 1453 ἀπὸ

2237 1490 2504 1560 αὑτοψίας
2533 1490 2853 1562 ὀφθαλμῶν,
2885 1491 2983 1545 καὶ
3010 1491 3287 1547 καλείσθω
3314 1507 3410 1545 σου
3444 1491 3835 1563 μαθητὴς.κα“ι

2240 1583 2577 1654 μαθητεύσει
2608 1601 2691 1638 σοι
2721 1584 2827 1649 ἕως
2856 1584 3079 1647 τέλους·
3118 1583 3214 1665 καί
3260 1582 3705 1655 κληρονομήσας
3744 1582 3835 1637 τὸν

2242 1676 2438 1746 μισθὸν
2467 1675 2638 1732 αὐτοῦ
2685 1679 2767 1741 είς
2799 1678 2932 1741 τοὺς
2975 1676 3202 1740 αἰῶνας.
3236 1678 3350 1731 Καὶ
3376 1676 3539 1749 τήνδε
3567 1676 3671 1747 τὴν
3707 1677 3835 1731 ἑπι-

544 1761 670 1828 psi;
727 1769 783 1815 et
844 1770 904 1815 ut
958 1761 1247 1831 impleatur
1275 1763 1421 1833 quod
1468 1764 1538 1819 ab
1563 1764 1826 1833 Apostoln
1865 1763 2131 1833 scriptum

2244 1744 2435 1839 στολὴν
2473 1768 2886 1838 ὲπαναγνὼσεις
2913 1768 3086 1839 αὐτῷ,
3112 1769 3192 1835 ὡς
3226 1769 3293 1824 ἂν
3325 1744 3444 1840 ἔχοι
3470 1770 3535 1823 τὸ
3566 1744 3835 1840 ἀσφαλὲς,

545 1862 672 1907 est:
707 1851 859 1907 Alter
886 1853 1108 1909 alterius
1137 1871 1300 1909 onera
1331 1865 1566 1924 portate,
1600 1866 1650 1911 et
1672 1856 1749 1911 sic
1778 1856 2137 1926 adimplebitis

546 1943 717 2016 legem
746 1946 947 2000 Christi
971 1946 1060 2012 ⁵³;
1093 1947 1186 2018 qui
1213 1958 1265 2003 te
1296 1962 1423 2002 cum
1462 1949 1719 2004 universa
1758 1964 1787 2003 a
1818 1947 1928 2005 Deo
1964 1949 2138 2004 electa

547 2037 808 2093 societate
870 2048 962 2093 tua
1003 2039 1300 2105 custodiat,
1353 2039 1582 2096 meliora
1622 2055 1724 2112 pro
1763 2040 1927 2096 nobis
1968 2039 2135 2095 etiam

546 2129 936 2193 peccatoribus
961 2136 1231 2185 orantem.

894 2433 1101 2491 CXLII.
1124 2465 1196 2477 —-
1223 2434 1429 2490 Basilio
1459 2437 1766 2505 praeposito.

2234 1861 2382 1915 καθὰ
2411 1862 2655 1934 κάκείνῳ
2678 1863 2829 1934 αὐτῷ
2849 1864 3141 1936 γέγραφα·
3166 1866 3266 1919 καὶ
3292 1864 3631 1935 πληροὺσθω
3657 1864 3724 1918 τὺ
3742 1865 3835 1919 τοῦ

2246 1955 2574 2010 Ἀποστόλου
2594 1971 2609 1985 ·
2648 1957 2970 2023 Ἀλλήλων
3008 1958 3084 2013 τὰ
3112 1958 3279 2028 ,ϐάρη
3324 1959 3705 2025 βαστάζετε,
3736 1959 3835 2013 καί

2233 2047 2427 2114 οὕτως
2464 2049 2952 2117 ἀναπληρώσατε
2979 2050 3088 2104 τὸν
3123 2055 3319 2123 νόμον
3367 2052 3477 2107 τοῦ
3526 2052 3835 2121 Χριστοῦ·

2232 2141 2292 2206 ὃς
2324 2128 2582 2213 φυλάξειέ
2614 2162 2674 2198 σε
2711 2147 2851 2214 μετὰ
2883 2148 3068 2218 πάσης
3103 2150 3204 2218 τῆς
3253 2148 3541 2202 θεολέκτου
3578 2164 3678 2202 σου
3718 2165 3842 2201 συν-

2231 2235 2401 2300 οδίας,
2442 2239 2887 2309 προσευχόμενον
2921 2241 3019 2295 καὶ
3064 2241 3195 2313 περὶ
3226 2241 3386 2314 ήμῶν
3424 2241 3536 2295 τῶν
3570 2243 3842 2314 ἀμαρτω-

2232 2326 2341 2381 λῶν
2379 2328 2446 2381 τὰ
2485 2329 2797 2400 κρείττονα.

2347 2437 2506 2495 PMB’
2536 2442 2673 2514 (’55).
2703 2473 2776 2484 —
2810 2442 3110 2514 Βασιλείᾳ)
3132 2444 3469 2517 ἡγουμένῳ.
3513 2445 3719 2520 [gnat]

1223 2552 1425 2616 Arguit,
1450 2553 1583 2617 quod
1605 2552 1665 2603 ab
1700 2550 2008 2617 imperatore
2033 2554 2166 2607 haud
2204 2557 2325 2608 satis
2345 2560 2625 2611 orthodoxo
2649 2575 2855 2611 munera
2882 2561 3158 2626 acceperit.

619 2664 752 2731 Quae
781 2678 946 2732 supra
981 2662 1233 2719 meritum
1272 2674 1522 2719 nostrum
1558 2666 1951 2731 sintscribere,
1991 2682 2141 2723 sem-

546 2774 644 2830 per
681 2758 923 2814 t‘ratcrna
980 2757 1284 2815 reverentia
1325 2767 1417 2813 tua
1477 2761 1783 2823 consuevit.
1821 2761 2139 2817 tenuitatem

549 2862 796 2909 nostram
840 2851 1092 2907 laudibus
1129 2862 1185 2906 et
1221 2852 1488 2908 encomiis
1529 2868 1830 2918 exornans,
1871 2869 1972 2910 nos
2011 2870 2141 2910 vero

549 2944 789 3013 propriis
829 2942 1032 2998 ﬁnibus
1053 2958 1156 2999 nos
1189 2944 1475 2999 continere
1499 2944 1819 3009 didicimus,
1859 2955 1916 3001 et
1957 2946 2137 3023 nihili,

2310 2672 2394 2725 Τὰ
2430 2672 2572 2744 ὑπὲρ
2606 2671 2705 2742 τὴν
2754 2671 2916 2738 ἀξίαν
2949 2672 3110 2743 ἡμῶν
3142 2671 3378 2727 πάντοτε
3428 2673 3463 2742 ἡ
3510 2672 3726 2743 ἀδελφὴ
3765 2691 3844 2728 τι-

2242 2766 2433 2836 μιότης
2464 2782 2557 2818 σου
2589 2765 2938 2819 ἐπιστέλλειν
2972 2765 3158 2832 εἴωθε,
3181 2767 3375 2835 τιμαῖς
3406 2767 3504 2818 καὶ
3533 2765 3842 2837 εὐφημίαις

2238 2856 2695 2927 ἀποσεμνύνουσα
2734 2857 2836 2929 τὴν
2884 2857 3174 2912 οὗθένειαν
3208 2858 3392 2928 ἡμῶν·
3429 2859 3598 2929 ἡμεῖς
3626 2858 3687 2913 δὲ
3732 2858 3845 2912 τῶν

2236 2949 2456 3003 οἰκείων
2505 2950 2722 3021 μέτρων
2771 2949 2848 3022 μὴ
2889 2949 3212 3017 ἐξίστασθαι
3255 2949 3670 3021 δεδιδάγμεθα,
3725 2949 3844 3004 ἀλλ’

548 3035 699 3108 quod
737 3052 929 3095 sumus
963 3051 1067 3093 nos
1104 3037 1496 3093 testimare.Ac
1531 3037 1601 3093 de
1640 3039 1727 3094 his
1770 3039 1923 3096 satis.
1964 3037 2140 3094 Caete-

2244 3041 2495 3114 ήγεῖσθαι
2541 3042 2774 3106 ἑαυτοὺς
2821 3041 3002 3110 οὐθὲν,
3056 3043 3194 3114 ὅπερ
3241 3043 3432 3114 ἐσμέν.
3460 3043 3587 3097 Kal.
3632 3042 3847 3097 τούτων

550 3146 672 3185 rum
734 3130 964 3186 tarditas
994 3130 1391 3186 venerabilium
1432 3131 1738 3187 litterarum
1773 3140 1995 3188 tuarum
2035 3133 2140 3188 mi-

550 3225 704 3281 nime
743 3239 842 3280 nos
863 3224 1225 3281 contristavit.
1266 3225 1380 3281 Cur
1399 3224 1546 3279 enim
1573 3225 1596 3279 2
1620 3235 1717 3280 aut
1750 3240 1875 3296 qua:
1900 3224 2003 3281 fuit
2040 3241 2141 3281 ne-

555 3319 827 3375 cessitas?
873 3316 1236 3375 Contristavit
1267 3327 1450 3375 autem
1477 3317 1793 3390 (aperienda
1830 3318 1979 3373 enim
2016 3332 2141 3388 quas

553 3411 612 3467 in
636 3411 823 3466 animo
857 3410 1014 3481 sunt)
1048 3420 1139 3466 tua
1185 3410 1236 3466 in
1275 3410 1412 3466 urbe
1445 3411 1921 3475 commemoratio,
1980 3419 2035 3467 et
2070 3411 2140 3467 ad

555 3503 940 3574 imperatorem
980 3518 1182 3570 sermo,
1218 3503 1450 3573 ejusque
1497 3503 1785 3569 allocutio,
1828 3505 2138 3573 responsio,

554 3605 612 3652 et
649 3606 779 3652 tuus
804 3612 871 3652 ex
910 3596 1168 3652 mandato
1207 3595 1517 3664 discessus;
1550 3612 1675 3653 cum
1703 3597 1758 3651 in
1794 3596 1988 3655 iisdem
2036 3611 2140 3651 nos

556 3688 756 3744 iterum
794 3688 1156 3744 incommodis
1198 3703 1502 3753 versemus,
1560 3689 1666 3744 sub
1700 3704 1865 3744 manu
1917 3688 2140 3747 hetero-

555 3782 825 3837 doxorum
856 3781 1083 3836 detenti.
1136 3779 1441 3851 Adjecerim
1490 3791 1671 3836 autem
1709 3790 1765 3836 et
1815 3780 2139 3837 missionem

555 3887 848 3928 teconomo
882 3873 951 3926 ad
991 3871 1290 3941 principem
1319 3872 1597 3936 eumdem,
1633 3881 1689 3927 et
1734 3871 1845 3928 cibi
1882 3886 2140 3929 commu-

556 3966 802 4028 nionem,
854 3974 911 4020 et
946 3964 1352 4021 abductionem.
1400 3963 1528 4020 llaec
1564 3964 1749 4019 omnia
1788 3979 1891 4021 nos
1934 3963 2140 4021 contri-

559 4066 799 4125 starunt,
841 4058 1349 4113 reverendissime:
1394 4068 1448 4113 et
1494 4056 1706 4112 inhibet
1744 4073 1845 4112 nos
1891 4057 2139 4127 ignosce,

557 4149 808 4218 deceptio
844 4158 1044 4211 vestra.
1079 4149 1424 4220 congressio,
1457 4157 1512 4204 et
1551 4150 1918 4215 conversatio,
1950 4165 2143 4203 mune-

563 4261 684 4300 rum
725 4244 972 4312 exceptio
1022 4251 1076 4297 et
1108 4242 1352 4303 donatio.
1407 4250 1465 4298 et.
1524 4242 1572 4298 si
1613 4243 1705 4312 qui
1746 4242 2144 4298 benevolentia:

563 4336 762 4391 indicia
789 4335 896 4390 alia
937 4335 1189 4404 usurpari
1250 4343 1536 4400 consueta,
1596 4332 1665 4388 Ut
1700 4334 1829 4405 quid
1848 4335 2011 4397 enim,
2058 4335 2143 4389 iu-

2242 3134 2344 3204 μὲν
2371 3135 2513 3199 ἃλις.
2548 3135 2615 3190 Ἦ
2629 3136 2688 3191 δὲ
2709 3134 2986 3208 βραδύτης
3005 3134 3117 3189 τῶν
3140 3135 3341 3207 τιμίων
3365 3153 3463 3189 σου
3488 3135 3849 3209 γραμμάτων

2239 3227 2301 3282 οὐ
2349 3228 2415 3298 δή
2467 3246 2573 3282 που
2613 3228 2929 3300 λελύπηκεν
2970 3229 3143 3301 ἡμᾶς.
3173 3228 3275 3282 Διὰ
3321 3228 3377 3282 τί
3418 3228 3565 3299 γὰρς
3612 3229 3709 3281 καὶ
3758 3219 3848 3297 ἐφ’

2237 3312 2390 3390 ᾧτινι
2430 3322 2492 3377 τὸ
2529 3321 2878 3392 ἀναγκάζονς
2916 3322 3212 3394 Λελύπηκε
3248 3321 3307 3376 δὲ
3328 3362 3345 3387 ,
3389 3320 3502 3375 δεῖν
3530 3320 3642 3392 γὰρ
3670 3322 3850 3375 sxta.

2238 3412 2409 3484 λύψαι
2436 3413 2507 3469 τὰ
2532 3415 2946 3485 παριστάμενα,
2976 3416 3010 3486 ἠ
3042 3415 3103 3468 ἐν
3135 3413 3401 3492 τῷοᾶστει
3430 3412 3711 3484 διατριϐὴ,
3743 3413 3849 3466 καὶ

2241 3507 2275 3577 ἡ
2307 3507 2444 3578 πρὸς
2473 3506 2569 3561 τὸν
2605 3507 2912 3578 κρατοῦντα
2958 3508 3126 3575 φάσις
3168 3507 3267 3560 καὶ
3311 3505 3637 3577 ἀντίφασις,
3672 3506 3779 3560 καὶ
3812 3506 3849 3576 ἡ

2242 3597 2350 3651 ὑπὸ
2403 3599 2655 3655 κέλευσιν
2708 3598 2908 3665 ἔξοδος·
2958 3599 3055 3652 ἐπὶ
3082 3598 3193 3653 τῶν
3237 3598 3420 3665 αὐτῶν
3459 3599 3626 3652 πάλιν
3665 3598 3851 3652 ὄντων

2242 3690 2401 3759 ἡμῶν
2448 3691 2980 3762 πρακτικευμάτων,
3033 3691 3136 3761 τῆς
3168 3691 3489 3762 ὑποχειρίου
3516 3691 3629 3745 τῶν
3657 3692 3853 3763 ἑτερο-

2240 3780 2411 3848 δόξων
2457 3783 2693 3853 κατοχῆς
2721 3799 2736 3813 ·
2763 3782 3140 3854 προσθείημεν
3168 3783 3215 3836 δ’
3255 3782 3345 3848 ἂν,
3376 3782 3469 3836 καὶ
3496 3785 3532 3854 ἡ
3572 3783 3716 3854 πρὸς
3748 3782 3851 3836 τοῦ

2241 3869 2532 3938 οἰκονόμου
2572 3870 2663 3922 ἐπ’
2692 3870 2859 3925 αὐτοῦ
2909 3870 3002 3925 τοῦ
3073 3870 3312 3943 κράτους
3363 3869 3643 3941 ἀποστολὴ
3666 3911 3682 3935 ,
3718 3887 3853 3923 συν-

2242 3961 2489 4026 εστίασίς
2550 3980 2612 4016 τε
2662 3963 2757 4016 καὶ
2803 3964 3207 4033 συναπαγωγή.
3236 3962 3427 4017 Ταῦτα
3464 3963 3651 4016 πάντα
3688 3962 3854 4017 λελύ-

2244 4072 2421 4126 πηκεν
2447 4056 2594 4128 ἡμᾶς
2616 4096 2633 4121 ν
2679 4050 2727 4111 ὧ
2754 4054 3084 4127 τιμιώτατε,
3122 4057 3219 4111 καὶ
3267 4056 3446 4128 εἴργει
3488 4057 3679 4126 ἡμᾶς,
3710 4057 3851 4123 σύγ.

2244 4147 2417 4219 γνωθι
2438 4188 2454 4213 ,
2486 4149 2520 4219 ἡ
2550 4148 2689 4219 πρὸς
2717 4149 2866 4220 ὑμᾶς
2893 4150 3081 4221 ἀπάτη
3102 4189 3119 4211 ,
3152 4151 3248 4205 καὶ
3282 4150 3717 4221 συνανακραεις,
3746 4151 3851 4205 καὶ

2247 4240 2702 4311 συναναστροφὴ,
2741 4238 2907 4310 λῆψις
2935 4257 2997 4293 τε
3027 4241 3128 4297 καὶ
3153 4241 3302 4305 δόσις
3324 4282 3341 4307 ,
3394 4241 3491 4297 καὶ
3533 4242 3585 4295 εί
3632 4260 3688 4295 τι
3716 4241 3851 4296 ἄλλο

2248 4332 2358 4386 τῶν
2384 4331 2639 4399 φιλικῶν,
2682 4330 2778 4386 καὶ
2821 4331 2882 4397 ἐξ
2912 4331 3093 4397 ἔθους.
3123 4333 3258 4389 Ἵνα
3287 4334 3349 4387 τί
3377 4334 3513 4403 γὰρ,
3562 4335 3753 4405 φησιν,
3806 4335 3847 4401 ἠ

559 4429 702 4499 quit,
751 4424 970 4480 libertas
1014 4442 1129 4479 mea
1169 4425 1454 4494 judicatur
1505 4423 1570 4478 ab
1635 4424 1811 4479 aliena
1873 4428 2140 4479 conscien-

2245 4424 2557 4491 ἐλευθερία
2581 4441 2703 4494 μου
2729 4425 2996 4493 κρίνεται
3016 4423 3136 4480 ὑπὸ
3168 4425 3368 4492 ἄλλης
3389 4424 3851 4491 συνειδήσεως-ς

560 4514 742 4571 tia“?
774 4513 840 4567 Et
878 4512 1322 4587 quandoquidem
1359 4511 1593 4567 antehac
1637 4512 1774 4567 satis
1805 4511 2147 4582 dispensavi-

560 4624 710 4673 mus,
752 4607 942 4678 idque,
982 4615 1043 4661 ut
1083 4604 1226 4661 Deus
1258 4603 1410 4661 solus
1450 4603 1621 4671 novit,
1663 4620 1788 4658 cum
1830 4620 2030 4675 magno
2061 4603 2146 4659 af-

560 4700 709 4759 fectu
739 4711 796 4757 et
818 4699 1226 4764 misericordia;
1255 4713 1405 4753 nunc
1435 4697 1599 4753 etiam
1637 4698 1961 4768 dispensare
1983 4713 2147 4768 opor-

565 4804 663 4862 tet,
691 4804 745 4849 et
776 4810 885 4849 non
918 4802 1150 4862 utraque
1182 4808 1245 4847 ex
1279 4790 1834 4862 partedctrimeulum
1859 4791 1991 4861 pati,
2023 4806 2146 4857 nec,

563 4886 746 4941 aliena
787 4894 1122 4955 usurpantes
1163 4894 1402 4949 ;nosrra
1460 4882 1775 4937 inconsulto
1854 4882 2143 4955 projicere,

567 4980 884 5038 Scientibus
933 4983 1129 5052 loquor
1167 4997 1182 5034 :
1216 4979 1386 5035 Nemo
1433 4990 1600 5047 potest
1653 4979 1859 5033 duobus
1917 4978 2146 5033 dominis

564 5074 761 5130 servire
792 5072 863 5136 ⁸⁸,
903 5074 1107 5126 veritas
1172 5071 1569 5141 pronuntiavit.
1628 5069 1843 5124 Domini
1909 5068 2044 5123 estis
2093 5077 2149 5123 et

569 5168 686 5223 heri
717 5177 773 5223 et
813 5172 1056 5221 rectores
1088 5162 1432 5234 propriorum
1456 5162 1911 5217 monasteriorum
1936 5169 1991 5216 et
2017 5175 2150 5214 con-

567 5264 818 5320 siliorum
857 5278 871 5315 :
908 5274 1010 5313 nos
1047 5272 1177 5312 vero
1206 5256 1442 5312 humiles
1489 5266 1543 5310 et
1588 5254 1887 5311 errabundi
1921 5256 2067 5309 hunc
2092 5254 2144 5308 in

570 5357 752 5412 locum
813 5351 972 5422 ejecti
1012 5351 1084 5406 ob
1130 5351 1596 5422 persecutionem.
1649 5349 1944 5405 Concedite
2002 5349 2146 5402 hanc

2248 4518 2362 4571 Καὶ
2411 4517 2600 4587 ἐπειδὴ
2642 4518 2843 4581 ἱκανῶς
2881 4517 3321 4589 ᾠκονομήσαμεν
3364 4520 3424 4571 ὲν
3466 4520 3588 4581 τοῖς
3635 4518 3851 4588 προλαο

2251 4608 2443 4674 δοῦσι,
2478 4609 2608 4671 καὶ,
2660 4609 2737 4674 ὡς
2778 4608 2912 4673 Θεὸς
2956 4609 3122 4680 μόνος
3159 4607 3305 4675 οἶδε,
3346 4608 3448 4662 σὺν
3502 4607 3676 4678 πολλῇ
3722 4608 3851 4661 δια-

2250 4701 2399 4756 θέσει
2435 4704 2530 4757 καὶ
2556 4700 2923 4774 ἐλεημοσύνη·
2957 4702 3071 4755 δεῖν
3116 4700 3245 4772 ἄρτι
3296 4700 3394 4755 καὶ
3442 4700 3847 4772 οἰκοδομῆσαι.

2250 4793 2348 4849 καὶ
2391 4795 2469 4866 μὴ
2521 4795 2918 4866 ἀμφοτέρωθεν
2966 4794 3344 4866 ζημιοῦσθαι,
3397 4794 3539 4865 μήτε
3575 4793 3639 4847 τὸ
3683 4793 3850 4847 ἀλλό-

2252 4904 2405 4958 τριον
2459 4887 3052 4959 προλαμϐανομένους,
3106 4888 3203 4941 καὶ
3245 4887 3306 4940 τὸ
3373 4888 3580 4940 οἰκεῖον
3634 4886 3852 4952 ἀλόγως

2256 4980 2547 5052 προέσθαι.
2597 4980 2810 5035 Εἱδόσιν
2839 4983 2868 5034 ὁ
2897 4980 3058 5049 λόγος
3086 4995 3100 5009 ·
3129 4979 3343 5047 Οὐδείς
3404 4979 3659 5035 δύναται
3697 4977 3851 5031 δυσί

2256 5073 2487 5139 κυρίοις
2548 5071 2887 5133 δουλεύειν,
2946 5073 2981 5142 ή
3035 5072 3267 5143 ἀλήθεια
3334 5073 3679 5141 ἀπεφήνατο.
3722 5068 3849 5121 Κύ-

2259 5163 2365 5235 ριοί
2419 5164 2544 5217 ἐστε
2612 5164 2709 5217 καὶ
2781 5162 3043 5217 δεσπόται
3114 5165 3211 5217 καὶ
3276 5162 3681 5235 καθηγούμενοι
3726 5160 3849 5214 τῶν

2258 5256 2405 5310 ίδίων
2458 5254 2639 5326 μονῶν
2690 5256 2785 5309 καὶ
2827 5254 3242 5328 βουλευμάτων·
3286 5259 3452 5327 ἡμεῖς
3489 5256 3550 5308 δὲ
3592 5251 3851 5307 ταπεινοὶ

2253 5346 2349 5400 καί¹
2376 5347 2634 5419 ἁλήτιμοι
2671 5341 2775 5403 ὧδέ
2813 5364 2916 5402 που
2959 5348 3401 5420 παρερῤιμμὲνοι
3424 5348 3514 5402 διὰ
3559 5348 3649 5403 τὸν
3672 5344 3852 5415 διωγ-

645 5536 690 5569 ⁶¹
719 5535 853 5592 Luc.
879 5551 970 5602 xv,
996 5535 1088 5591 24.
1164 5535 1210 5569 “
1237 5534 1414 5592 Galat.
1439 5549 1519 5605 vr,
1548 5533 1604 5587 2.
1682 5532 1728 5566 ⁵⁵
1757 5516 1778 5587 l
1812 5532 1939 5591 Cor.
1969 5548 2023 5600 ς,
2053 5532 2140 5589 29.

2244 5531 2284 5565 "
2316 5530 2509 5591 Matth.
2540 5549 2618 5599 vr,
2639 5531 2733 5589 24.

2088 5648 2324 5710 ΝΟΤᾸΞ.

646 5746 762 5820 (55)
786 5746 845 5802 ln
869 5746 991 5807 cod.
1021 5745 1153 5815 Reg.
1198 5744 1332 5815 ρξβν.
