4060 6374
175 335 304 401 1449
1349 337 1615 398 ΕΡΙὸΤο
1629 338 1720 398 LA
1731 339 1764 397 Ε

1864 338 1906 396 il
1947 338 2094 398 LIB.
2154 339 2236 400 II.
3292 336 3428 400 1450

177 446 289 517 μόν.
328 445 640 517 Χαρίσασθε
707 448 840 517 ἡμῖν
887 447 987 518 τὴν
1024 445 1338 517 ἐλευθερίαν
1380 445 1607 517 ταύτην,
1641 448 1736 499 καὶ

1864 448 1998 502 ιοιιίε
2029 448 2358 514 libertatem,
2412 456 2471 502 ut
2525 447 2732 502 nostris
2774 448 3019 518 peccatis
3062 448 3424 504 indolcamus.

175 540 230 591 τὸ
277 540 386 602 τοῖς
428 540 652 603 οἰκείοις
701 541 1123 609 ὲπιστυγνὰζειν
1179 540 1565 611 ἁμαρτήμασι.
1637 540 1745 592 Καὶ

173 621 282 682 οῖδα
312 627 408 699 μὲν
434 628 517 681 ὅτι
552 627 795 699 λυπηρὸν
841 629 901 681 τὸ
930 629 1166 700 γράμμα
1195 631 1263 699 τῇ
1293 627 1572 698 τιμιότητί
1615 645 1744 693 σου,

175 720 355 792 ὥσπερ
404 719 500 774 καὶ
541 722 696 792 ἡμῖν,
736 721 875 774 ἀλλὰ
918 723 1016 792 τῆς
1044 719 1139 774 τοῦ
1174 719 1314 773 Θεοῦ
1347 720 1566 790 ἀγάπης
1595 719 1745 772 οὐδὲν

177 812 579 884 προτιμότερονο
607 813 674 867 δι’
715 815 781 885 ἢν
815 814 908 867 καὶ
946 817 1110 886 ἡμεῖς
1143 814 1239 866 σὺν
1276 814 1390 876 τοῖς
1424 813 1600 880 ἁγίοις
1628 812 1745 864 Πα-

176 904 357 977 τράσιν
398 905 556 976 ἡμῶν
606 907 703 960 ἐπὶ
736 909 802 978 τῇ
836 905 994 976 ὕϐρει
1035 904 1274 976 Χριστοῦ
1312 903 1671 976 ἠρνησάμεθα
1706 901 1744 956 ἃ.

177 996 544 1068 ἡρνησάμεθα,
575 999 670 1051 κα)⁵
695 997 1111 1070 προαιρούμεθα
1139 999 1177 1052 ἃ
1204 996 1601 1068 προῖσχόμεϋα.

456 1199 611 1256 ΡΜΓ⁹
657 1202 792 1271 (54).
835 1231 895 1242 —-
948 1199 1032 1268 Τῷ
1064 1196 1243 1267 αὐτῷ.
1282 1196 1482 1270 [ψιβη

1847 537 1913 593 Ει
1943 541 2058 594 scio
2108 541 2330 612 quidem
2374 539 2730 610 injucundam
2789 539 3109 594 reverentiae
3149 548 3256 594 tuae
3287 540 3430 594 hanc

1846 631 2136 699 epistolam
2167 631 2305 697 fore,
2339 633 2486 688 sicut
2518 642 2570 688 et
2627 632 2785 686 nobis
2819 649 2832 684 :
2862 631 2960 686 sed
2994 631 3133 685 nihil
3165 641 3249 687 est
3271 641 3430 688 ante-

1847 723 2161 792 ponendum
2195 723 2287 780 Dei
2320 726 2575 781 charitati
2605 743 2618 780 :
2657 733 2880 796 propter
2910 741 3074 796 quam
3094 735 3149 780 et
3181 741 3284 780 nos
3304 741 3428 780 cum

1846 815 2052 870 sanctis
2087 817 2344 873 Patribus
2373 818 2598 882 nostris,
2659 819 2726 873 ob
2775 819 2980 874 Christi
3017 817 3425 882 contumeliam,

1847 907 2166 974 negavimus
2203 923 2326 978 quae
2385 911 2727 981 negavimus,
2771 920 2825 966 et
2881 909 3262 980 amplectimur
3309 926 3432 978 (ιιιίιι

1853 996 2083 1066 professi
2107 1015 2315 1056 sumus.

2363 1200 2591 1256 CXLIII.
2623 1232 2694 1244 —-
2722 1204 2929 1258 Eidem.

778 1315 1080 1376 Gratulatur,
1099 1329 1208 1365 cum
1232 1313 1520 1373 audivisset,
1564 1311 1747 1373 ipsum,
1767 1301 1884 1355 ﬁdei
1933 1320 2099 1373 causa,
2121 1313 2185 1362 de
2211 1314 2533 1378 praepositum
2558 1317 2830 1367 decedere.

245 1421 420 1492 Βραχύ
454 1439 506 1475 τι
536 1421 904 1494 παρεμυθήθη
949 1423 1011 1476 τὸ
1044 1423 1174 1494 περὶ
1205 1423 1350 1492 ὑμᾶς
1378 1421 1504 1484 τοὺς
1550 1435 1747 1486 τιμιω-

178 1517 363 1576 τάτους
385 1513 627 1584 λυπηρὸν
654 1512 755 1583 τῆς
779 1512 957 1584 ψυχῆς
978 1514 1158 1584 ήμῶν·
1192 1513 1307 1580 είγε
1329 1511 1404 1574 ὡς
1430 1509 1746 1580 γεγράφατε

179 1606 305 1676 ἔχει,
320 1607 418 1658 καὶ
441 1605 779 1675 ὑποχωρείτε
800 1608 898 1677 τῆς
917 1607 1288 1675 ήγουμενικῆς
1308 1603 1574 1671 διακρατή
1585 1616 1742 1663 σεως.

181 1697 413 1766 Οὐδεμία
448 1698 555 1768 γὰρ
586 1696 861 1762 κοινωνία,
889 1691 934 1750 ὦ
963 1695 1208 1765 φιλότης,
1243 1693 1632 1791 δεδιωγμένοις.
1652 1691 1746 1744 καὶ
1777 1729 1827 1791 Β

180 1789 459 1851 ἀδιώκτοις
483 1829 499 1854 ,
529 1788 622 1841 καὶ
655 1789 713 1840 οὐ
761 1787 920 1858 μόνον
963 1785 1250 1848 ἀδιώκτοις
1274 1825 1289 1850 ,
1321 1784 1458 1837 ἀλλὰ
1491 1783 1583 1836 καὶ
1613 1784 1748 1834 ὑπο-

179 1882 386 1935 τελοῦσι
413 1885 525 1946 τοῖς
556 1882 810 1944 διώκταις
837 1877 1365 1950 καθηγεμονιώντων
1391 1872 1575 1948 ὧνπερ
1601 1877 1753 1940 ἔξου-

183 1975 423 2040 σιάζουσι
459 1973 859 2045 μοναστηρίωνο
887 1975 936 2024 εἰ
965 1971 1040 2042 μή
1063 1971 1171 2043 ἄρα
1200 1987 1285 2035 τις
1312 1970 1568 2024 κοινωνία
1600 1969 1748 2039 ὠμο-

181 2070 401 2140 λόγηται
431 2071 570 2140 φωτὶ
605 2072 740 2142 πρὸς
767 2070 979 2133 σκότος.
1031 2068 1170 2122 Ἀλλ’
1199 2070 1300 2122 οὐκ
1338 2069 1634 2138 ἐνδέχεται,
1675 2065 1755 2132 ὡς

181 2161 210 2213 ὁ
247 2159 390 2230 ἱερὸς
419 2160 575 2229 λόγος
607 2161 944 2232 ἀπεφήνατο.
975 2159 1049 2212 Τὸ
1082 2160 1192 2230 γὰρ
1223 2160 1328 2223 ἕως
1360 2159 1457 2211 τοῦ
1487 2159 1755 2228 παρόντος

183 2253 456 2307 ἐπιδοῦναι
503 2254 730 2316 ἑαυτοὺς
771 2255 829 2307 ἐν
877 2255 989 2316 τοῖς
1036 2251 1224 2306 ἁλοῦσι
1268 2250 1338 2304 δι’
1387 2249 1756 2311 ὑποπτώσεως

187 2345 437 2414 ἰατρικῆς
461 2385 476 2408 ,
509 2345 649 2398 κατὰ
686 2344 834 2398 τόνδε
861 2345 954 2398 τὸν
979 2344 1183 2416 τρόπον
1217 2343 1410 2411 γέγονε
1430 2382 1446 2407 ,
1475 2343 1540 2395 τὸ
1567 2342 1756 2396 λασεῖν

184 2440 328 2508 ἡμᾶς
369 2436 608 2505 ὲγγὺας,
668 2438 804 2507 μήτε
852 2437 1033 2506 λόγῳ,
1087 2438 1220 2506 μήτε
1257 2435 1439 2506 ἔργῳ,
1471 2434 1596 2488 καθ’
1644 2429 1757 2488 οἷον

182 2527 381 2600 δήποτε
401 2529 601 2602 τρόπον
644 2528 956 2599 ὑπαχθῆναι
1013 2528 1176 2581 πάλιν
1222 2531 1336 2592 τοῖς
1383 2527 1756 2595 ἑτεροδόξοις,

184 2623 278 2676 καὶ
329 2617 440 2676 οἷον
494 2626 552 2675 ὲν
597 2621 906 2692 μεταιχμίῳ
957 2623 1147 2676 ἑστᾶσι
1183 2621 1502 2691 κρατήσεως
1553 2619 1647 2673 καὶ
1695 2619 1757 2671 οῦ

185 2717 502 2787 κρατήσεως
533 2715 643 2769 τῶν
685 2715 886 2786 μονῶν·
919 2714 1015 2768 καὶ
1045 2716 1108 2768 τὸ
1135 2715 1256 2768 ὅλον
1293 2715 1492 2779 εἰπεῖν,
1527 2712 1602 2776 ὡς
1669 2711 1758 2766 νό-

189 2826 355 2880 μιμον
391 2809 646 2878 γενέσθαι
668 2810 768 2881 τὴν
796 2810 1088 2880 ὁμολογίαν
1110 2811 1200 2864 διὰ
1232 2811 1332 2880 τῆς
1361 2809 1470 2863 τῶν
1497 2809 1760 2864 ἐναντίων

185 2902 572 2972 ὑφελκύσεως,
625 2905 719 2958 καὶ
768 2903 878 2957 τῶν
936 2904 1307 2974 ἐνισταμένων
1359 2904 1758 2973 ἁντιπρόιξεως.

197 2993 317 3048 Ἐπ’
340 2992 408 3046 ἂν
431 2993 488 3046 δὲ
523 2994 714 3062 καιρὸς
741 2988 842 3064 ἧκε
879 2993 972 3047 τοῦ
1005 2994 1368 3064 ζητουμένου,
1415 2994 1509 3047 καὶ
1538 2994 1600 3047 τὸ
1629 2995 1762 3062 ὁμο-

1923 1415 2247 1476 Nonnullam
2275 1425 2710 1482 consolationem
2743 1427 3104 1498 capitanimm
3142 1439 3346 1483 nostra:
3368 1430 3436 1484 de

1852 1508 2008 1565 vobis
2054 1515 2526 1572 reverendissimis
2566 1519 2789 1574 tristitia
2815 1538 2828 1574 :
2853 1519 2898 1575 si
2940 1536 3130 1575 verum
3163 1531 3246 1576 est
3285 1525 3434 1590 quod

1853 1601 2157 1670 scripsistis
2177 1642 2194 1668 ,
2227 1615 2282 1660 et
2311 1609 2688 1677 praepositum
2734 1621 3010 1681 potestate
3036 1613 3251 1668 ceditis.
3278 1612 3433 1667 Nulla

1851 1693 2022 1756 enim,
2062 1697 2256 1764 amice,
2285 1703 2749 1769 persecutionem
2807 1705 2986 1774 passis
3009 1708 3324 1760 communio
3353 1716 3437 1760 est

1853 1799 1978 1840 cum
2009 1787 2076 1842 iis
2103 1788 2195 1858 qui
2230 1792 2380 1860 passi
2424 1807 2536 1847 non
2593 1792 2838 1859 fuerunt,
2877 1796 3077 1865 quique
3131 1811 3239 1850 non
3275 1799 3437 1850 modo

1851 1878 1994 1946 passi
2056 1893 2164 1934 non
2219 1891 2370 1946 sunt,
2410 1884 2503 1938 sed
2539 1893 2593 1938 et
2632 1885 2701 1938 iis
2745 1886 2839 1954 qui
2880 1887 3220 1940 insectantur
3259 1888 3436 1941 tribu-

1853 1979 1971 2025 tum
2013 1973 2262 2041 pendunt
2289 1977 2646 2044 praesidentes
2712 1979 3064 2034 monasteriis
3109 1995 3233 2049 quae
3255 1979 3438 2049 possi-

1853 2061 1986 2118 dent
2017 2079 2030 2115 :
2059 2063 2166 2118 nisi
2205 2063 2350 2121 forte
2383 2069 2620 2123 societas
2664 2069 2848 2139 aliqua
2894 2084 3018 2124 esse
3061 2069 3278 2125 dicatur
3329 2071 3436 2125 luci

1854 2150 1922 2205 ad
1945 2154 2195 2208 tenebras
2229 2153 2275 2186 “
2302 2174 2318 2210 -.
2345 2171 2467 2226 qua:
2499 2159 2647 2212 nulla
2665 2173 2788 2213 esse
2808 2167 3008 2229 potest,
3045 2169 3102 2214 ut
3129 2175 3310 2214 sermo
3349 2175 3440 2215 sa-

1856 2255 1950 2296 cer
1983 2245 2244 2299 ostendit.
2273 2244 2429 2312 Quod
2465 2248 2609 2302 enim
2661 2249 2924 2304 hactenus
2962 2249 3219 2319 propensi
3268 2250 3439 2305 fueri-

1858 2349 1982 2388 mus
2025 2351 2152 2406 erga
2191 2336 2374 2406 lapsos
2419 2354 2515 2408 per
2551 2340 2820 2394 medicam
2876 2340 3308 2411 indulgentiam;
3349 2356 3439 2397 res

1859 2426 1966 2481 hoc
2001 2431 2164 2482 modo
2189 2437 2339 2498 gesta
2378 2439 2481 2495 est,
2509 2432 2654 2501 quod
2686 2432 3020 2502 promissum
3073 2434 3228 2490 nobis
3271 2443 3438 2497 esset,

1859 2519 1982 2574 illos
2017 2537 2191 2589 neque
2217 2521 2401 2586 verbo,
2434 2539 2610 2594 neque
2640 2523 2786 2579 facto
2830 2527 3066 2596 amplius
3121 2528 3442 2584 adhmsuros

1861 2612 1975 2664 ullo
2011 2613 2176 2666 modo
2201 2613 2570 2680 heterodoxis,
2597 2625 2652 2670 et
2682 2617 2752 2671 iis
2777 2617 2870 2687 qui
2907 2628 3169 2689 tanquam
3233 2620 3290 2674 in
3324 2635 3440 2676 [DG-‘-

1860 2702 1950 2757 dio
1983 2705 2146 2773 positi
2173 2713 2350 2770 erant,
2383 2715 2442 2760 ut
2469 2723 2647 2776 neque
2678 2711 3019 2764 monasteria
3066 2694 3438 2782 possidereni,

1862 2810 2043 2864 neque
2079 2811 2189 2876 non
2219 2799 2586 2866 possiderent,
2617 2815 2682 2854 ac
2708 2800 2948 2873 denique
2983 2804 3058 2857 ita
3099 2814 3158 2857 ut
3199 2804 3442 2876 legitima

1861 2897 2008 2942 esset
2032 2875 2340 2956 concessio,
2388 2892 2762 2946 subtrahendo
2793 2909 2853 2948 se
2904 2896 2975 2950 ab
3001 2897 3352 2965 adversariis,
3391 2905 3444 2952 et

1863 2984 2302 3051 oppugnantibus
2334 2985 2660 3040 resistendo.
2709 2985 3004 3058 Postquam
3055 3005 3186 3044 vero
3227 2991 3446 3045 advenit

182 3087 415 3157 λογηθὲν
448 3086 550 3140 οὐκ
581 3084 846 3156 ὲξηνύσθη
883 3083 1114 3140 ἐνώπιον
1137 3084 1274 3138 Θεοῦ
1307 3087 1398 3138 καὶ
1437 3084 1762 3154 ἀνθρώπων,

1868 3076 1947 3129 rei
1969 3077 2262 3144 postulata:
2307 3087 2544 3146 tempus,
2583 3088 2698 3132 tum
2744 3095 2876 3135 vero
2935 3081 2989 3135 id
3032 3083 3178 3151 quod
3215 3093 3442 3151 pactum

186 3179 323 3250 πρὸς
351 3177 748 3248 ἀκριϐεστέραν
779 3179 880 3246 τῆς
904 3175 1178 3249 προτέρας
1211 3175 1581 3240 ὑποπτώσεως
1615 3173 1761 3241 ἐξία-

185 3283 294 3322 σιν·
325 3269 463 3322 ἁλλὰ
491 3269 653 3322 πάλιν
687 3271 980 3339 ἀπαγωγὴ,
1005 3268 1103 3322 καὶ
1133 3268 1296 3322 πάλιν
1328 3267 1680 3333 ἁπόπτωσις,
1706 3266 1762 3319 ἐν

181 3377 244 3414 τε
278 3361 458 3429 λόγοις
491 3362 582 3414 καὶ
611 3360 816 3432 ἔργοις*
853 3361 929 3424 ὡς
954 3360 1093 3416 αὐτὰ
1117 3360 1185 3414 τὰ
1215 3362 1518 3432 πράγματα
1551 3377 1764 3430 μαρτυ-

187 3443 312 3522 ρεῖ,
356 3455 468 3506 κάκ
517 3453 626 3506 τῶν
657 3453 876 3506 εἰδότων
919 3453 1258 3522 ἀκηκόαμεν·
1292 3455 1386 3505 καὶ
1429 3451 1594 3504 πάλιν
1628 3453 1763 3506 καθ-

182 3545 454 3616 ηγεμόνες
493 3545 954 3614 ἁπαρασάλευτοι,
977 3544 1064 3598 διὰ
1092 3545 1191 3614 τῆς
1225 3543 1348 3614 ἄρτι
1371 3544 1478 3598 ὑπὸ
1498 3544 1594 3598 τοῦ
1625 3546 1765 3614 κρά-

179 3653 316 3698 τους
366 3637 636 3708 ὑποδοχῆς
694 3638 790 3690 καὶ
851 3636 1176 3706 ἀποστολῆς.
1240 3635 1298 3689 '0
1342 3635 1501 3703 λόγος
1548 3636 1604 3690 δὲ
1675 3639 1766 3690 ἐπὶ

181 3729 409 3782 πάντων
434 3729 544 3782 τῶν
574 3729 746 3791 οὕτως
783 3727 1148 3799 πεπραχότων
1169 3743 1184 3759 ·
1219 3729 1318 3780 καὶ
1359 3727 1568 3797 γελοῖόν
1618 3731 1768 3782 ἐστιν

182 3819 316 3890 ἄρτι
349 3821 410 3872 τὸ
437 3822 720 3892 ἐπιτιμᾷν,
748 3822 947 3891 μᾶλλον
973 3821 1032 3876 δὲ
1059 3822 1454 3894 φρενοϐλάϐεια
1493 3823 1602 3878 τῶν
1643 3825 1769 3878 ἑπι-

181 3912 497 3983 τιμὼντων,
524 3915 616 3967 καὶ
646 3914 970 3984 σκινδαλμὸς
995 3915 1104 3968 τῶν
1138 3914 1530 3978 εὐσεϐούντων,
1562 3915 1766 3986 σύγχυσ

185 4007 276 4069 σίς
321 4023 382 4058 τε
417 4007 512 4060 καὶ
549 4006 780 4076 ἀδλεψία
824 4009 917 4061 ἐπὶ
947 4010 1013 4079 τῇ
1051 4008 1288 4078 Χριστοῦ
1327 4007 1606 4079 ὁμολογίᾳ.
1648 4010 1772 4062 Δεῖν

181 4097 284 4150 τοῦ
343 4099 670 4151 ’Δποστόλου
703 4097 934 4152 ἀκοῦσαι
966 4098 1218 4168 λέγοντος
1239 4116 1253 4130 ·
1287 4103 1578 4156 Στέλλετε
1615 4100 1772 4172 ὑμᾶς

181 4187 313 4243 ἀπὸ
363 4188 590 4254 παντὸς
629 4188 900 4258 ἀδελφοῦ
935 4189 1206 4256 ἀτάκτως
1254 4192 1727 4260 περιπατοῦντος
1753 4235 1770 4260 ,

181 4279 294 4332 καὶ
325 4279 412 4348 μὴ
434 4279 584 4334 κατὰ
613 4281 728 4347 τὴν
753 4281 1116 4350 παράδοσιν,
1149 4281 1228 4350 ἢν
1265 4283 1609 4352 παρέλαϐον
1636 4285 1773 4354 παρ’

183 4375 388 4442 ἡμῶν·
429 4374 630 4442 μᾶλλον
671 4375 730 4428 δὲ
766 4377 870 4428 ὑπὸ
900 4376 996 4430 τοῦ
1031 4377 1164 4430 Θεοῦ
1208 4378 1297 4430 διὰ
1341 4379 1436 4431 τοῦ
1488 4383 1771 4449 προφήτου

185 4466 451 4535 βοῶντος
500 4466 798 4530 Ἐξέλθετε
828 4468 898 4522 ἐκ
931 4469 1128 4538 μέσου
1173 4469 1394 4535 αὐτῶν,
1437 4473 1536 4526 καὶ
1567 4474 1773 4542 ἀφορί-

183 4562 403 4624 σθητε,
438 4559 538 4610 καὶ
583 4559 922 4628 ἀκαθάρτου
952 4560 1040 4630 μὴ
1079 4561 1362 4616 ἅπτεσθεο
1395 4563 1551 4632 κάγὼ
1589 4565 1772 4618 εἰσδέ-

184 4649 364 4719 ξομαι
394 4649 572 4719 ὑμᾶς,
611 4652 739 4714 τοὺς
780 4651 953 4715 οὕτως
982 4653 1463 4725 διαστελλομένους
1487 4657 1732 4726 δηλονότι
1756 4698 1772 4722 ,

183 4742 291 4794 καὶ
328 4740 403 4811 μὴ
431 4741 762 4811 συγχέοντας
799 4744 900 4814 τὴν
929 4745 1171 4815 Χριστοῦ
1208 4745 1522 4816 ὁμολογίαν.
1555 4748 1622 4800 Τί
1667 4747 1778 4818 γὰρ

181 4836 492 4903 φήσουσιν,
525 4829 571 4888 ὦ
605 4835 924 4902 τιμιώτατε,
948 4838 977 4890 ὅ
1001 4853 1062 4890 τε
1097 4837 1206 4890 τῶν
1231 4839 1436 4909 κωμῶν
1475 4839 1778 4909 ἡγούμενος

183 4924 296 4977 καὶ
325 4927 356 4978 ό
382 4925 476 4979 τοῦ
507 4925 789 4992 Γουλαίου,
824 4927 920 4981 σὺν
949 4931 1062 4990 τοῖς
1091 4929 1294 4994 ὁμοίως
1328 4929 1453 4998 ἄρτι
1471 4928 1778 4998 διωχθεῖσιν

183 5015 256 5066 ἐν
298 5017 369 5084 τῇ
415 5015 704 5070 ἐνστάσειο
747 5016 906 5087 εἴπερ
939 5017 1139 5088 ὁρῶσιν
1169 5019 1314 5088 ὑμᾶς
1359 5022 1486 5084 τοὺς
1519 5021 1781 5092 προδοσίᾳ

182 5107 301 5174 τῆς
335 5107 593 5177 ἀληθείας
621 5109 954 5179 κατέχοντας
979 5111 1049 5162 τὰ
1096 5112 1443 5181 μοναστήρια
1466 5152 1482 5176 ,
1509 5113 1606 5166 καὶ⁸
1631 5113 1780 5183 ἡμᾶς

186 5199 338 5267 ὑμῖν
371 5201 878 5268 συναπαγομένουςς
907 5199 960 5252 τί
993 5200 1050 5253 δὲ
1075 5201 1125 5253 οἱ
1148 5203 1206 5253 ὲν
1234 5204 1346 5264 τοῖς
1377 5202 1528 5274 ὄρεσι
1567 5201 1779 5272 τληπαο

184 5289 430 5352 θοῦντες
479 5291 618 5343 κατὰ
651 5290 712 5342 τὸ
749 5290 840 5344 τοῦ
887 5291 1128 5362 διωγμοῦ
1164 5296 1670 5366 στενοχωρητικόν;
1719 5298 1780 5350 οὐ

185 5381 557 5446 στενάξουσιν
579 5400 594 5449 ;
613 5383 713 5436 οὐκ
740 5382 1088 5454 οἰμώξουσινς
1115 5384 1214 5455 οὐχ
1235 5388 1534 5457 ἡγήσονται
1557 5389 1783 5444 παιδιὰν

1865 3166 2064 3230 fuerat,
2091 3167 2369 3236 expletum
2393 3184 2500 3223 non
2542 3171 2644 3224 iuit
2667 3185 2851 3225 coram
2882 3171 2992 3227 Deo
3022 3184 3076 3228 et
3104 3173 3444 3238 hominibus,

1865 3258 1935 3313 ad
1976 3259 2376 3315 accuratiorem
2429 3261 2676 3330 pristina:
2717 3264 2892 3318 ruinae
2944 3265 3320 3333 curationem;
3352 3266 3445 3320 sed

1865 3365 2083 3404 rursum
2139 3350 2419 3418 ahductio,
2465 3368 2688 3408 rursum
2719 3356 2902 3422 ruina,
2932 3358 3056 3412 etin
3089 3357 3274 3412 verbis
3310 3367 3366 3410 et
3394 3357 3446 3408 in

1867 3441 2048 3508 factis,
2078 3442 2226 3498 sicut
2254 3459 2341 3499 res
2387 3446 2519 3514 ipsa:
2577 3455 2870 3512 testantur,
2903 3463 3116 3518 nosque
3160 3450 3321 3504 abiis
3353 3449 3449 3518 qui

1867 3534 2124 3588 viderunt
2181 3537 2539 3609 accepimus:
2574 3546 2630 3593 et
2677 3539 2952 3609 praepositi
3003 3556 3225 3596 rursum
3261 3541 3450 3598 incon-

1867 3627 2041 3690 cussi,
2102 3636 2395 3698 postquam
2442 3637 2497 3684 et
2529 3633 2739 3700 accepti
2773 3632 3006 3702 benigne
3035 3650 3064 3687 ιι
3097 3633 3364 3705 principe,
3396 3647 3452 3692 et

1869 3718 2083 3774 remissi
2115 3718 2364 3775 fuerunt.
2384 3721 2459 3775 De
2487 3723 2746 3778 omnibus
2775 3739 2959 3778 sermo
2985 3727 3197 3796 ρει,ᾳυὶ
3223 3727 3306 3782 sic
3327 3743 3452 3800 ege-

1870 3821 2036 3865 runt:
2072 3826 2138 3866 ac
2168 3812 2461 3866 ridiculum
2509 3821 2594 3868 est
2653 3829 2870 3884 pmnam
2924 3816 3084 3870 modo
3116 3818 3396 3887 imponere
3434 3835 3447 3870 :

1872 3903 1984 3958 imo
2015 3903 2067 3957 id
2097 3904 2212 3956 licri
2253 3919 2360 3956 non
2403 3916 2582 3972 potest
2605 3906 2725 3960 sine
2758 3907 3154 3975 imponentium
3186 3911 3450 3976 amentia,

1870 4000 1925 4044 et
1949 3991 2160 4059 piorum
2189 3991 2338 4045 inani
2373 3993 2608 4062 argutia,
2642 4005 2697 4049 et
2719 3998 3148 4065 perturbatione,
3167 4007 3222 4053 et
3255 3999 3453 4054 incon-

1873 4083 2176 4138 siderantia
2221 4085 2275 4138 in
2311 4083 2516 4140 Christi
2576 4086 2949 4144 confessione.
2981 4091 3186 4146 Audire
3236 4102 3456 4159 oportet

1873 4175 2195 4244 Apostolum
2249 4176 2652 4246 praecipientem
2689 4180 3040 4236 :Subtrahite
3071 4198 3161 4237 vos
3201 4183 3265 4238 ab
3309 4187 3452 4238 omni

1876 4265 2042 4335 fratre
2079 4266 2386 4322 ambulante
2414 4269 2715 4324 inordinate
2739 4281 2788 4324 et
2830 4287 2933 4324 non
2962 4273 3250 4326 secundum
3276 4275 3453 4328 tradi-

1881 4361 2092 4426 tionem,
2161 4378 2319 4432 quam
2385 4373 2698 4432 acceperunt
2759 4381 2791 4418 a
2848 4366 2998 4420 nobis
3023 4366 3067 4397 ⁴⁷
3097 4385 3110 4421 :
3144 4367 3227 4421 vel
3271 4369 3453 4437 potius

1886 4453 2055 4509 Deum
2111 4456 2290 4524 ipsum
2341 4457 2434 4525 qui
2481 4473 2577 4527 per
2635 4459 2957 4528 prophetam
3011 4460 3262 4514 clamat:
3294 4459 3454 4515 Exite

1870 4544 1934 4597 de
1963 4544 2136 4600 medio
2165 4562 2369 4608 eorum,
2395 4557 2448 4601 et
2479 4549 2727 4614 recedite,
2755 4561 2806 4604 et
2848 4551 3110 4620 pollutum
3142 4555 3306 4607 nolite
3333 4563 3454 4607 tan-

1872 4653 1990 4707 gere
2021 4637 2107 4703 ‘8;
2139 4647 2195 4692 et
2245 4654 2345 4709 ego
2377 4641 2639 4710 recipiam
2676 4657 2813 4709 vos;
2840 4658 2937 4698 eos
2969 4643 3218 4700 videlicet
3267 4645 3364 4716 qui
3396 4661 3458 4700 se

1877 4733 1982 4786 hoc
2005 4731 2170 4786 modo
2204 4732 2554 4797 subtrahunt,
2580 4744 2635 4787 et
2676 4733 3083 4792 confessionem
3110 4736 3316 4792 Christi
3345 4753 3457 4793 non

1877 4824 2390 4892 confundunt.Quid
2412 4828 2558 4882 enim
2598 4828 2802 4892 dicent,
2833 4829 3314 4898 reverendissi-me,
3343 4841 3457 4886 tum

1879 4920 2127 4974 vicorum
2157 4922 2503 4990 praepositus,
2541 4929 2658 4974 tum
2685 4929 2740 4974 et
2771 4920 2962 4989 Guliei,
3003 4939 3127 4978 cum
3175 4924 3298 4980 aliis
3339 4925 3456 4996 qui,

1880 5015 2024 5084 quod
2061 5015 2404 5080 resisterent,
2460 5013 2715 5068 similiter
2766 5017 2946 5070 vexati
2995 5017 3159 5072 modo
3189 5029 3361 5086 sunt;
3411 5019 3459 5072 si

1881 5107 2103 5162 videant
2155 5120 2253 5161 vos
2293 5105 2552 5168 veritatis
2584 5106 2894 5176 proditione
2939 5108 3268 5163 monasteria
3323 5109 3460 5163 reti-

1882 5219 2034 5266 nere,
2075 5211 2129 5257 et
2158 5217 2258 5258 nos
2300 5201 2582 5258 vobiscum
2621 5201 2825 5271 pariter
2852 5201 3070 5272 abripi?
3099 5202 3238 5270 Quid
3273 5211 3458 5255 autem

1887 5296 1926 5350 ii
1952 5295 2048 5364 qui
2080 5293 2135 5348 in
2165 5293 2443 5350 montibus
2463 5295 2599 5348 dura
2639 5293 2922 5364 patiuntur
2960 5294 3033 5349 ob
3057 5291 3459 5362 persecutionis

1885 5387 2271 5458 asperitatem?
2297 5385 2415 5444 Non
2441 5387 2746 5458 lugebant?
2766 5403 2872 5443 non
2907 5384 3205 5456 plangant?
3230 5401 3338 5438 non
3372 5383 3458 5437 lu-

217 5498 280 5532 ⁶⁸
324 5497 369 5553 ll
399 5498 529 5552 Cor.
586 5514 656 5564 νι,
709 5495 796 5553 ιι.
851 5500 896 5531 ⁸⁷
930 5498 975 5552 ll
1020 5500 1214 5557 Thess.
1275 5519 1358 5567 ιιι,
1391 5503 1443 5557 6.
1517 5505 1560 5536 ⁸⁸
1591 5505 1694 5560 lsa.
1738 5521 1835 5570 LII,
1865 5505 1952 5558 11.

1727 5659 1960 5720 ΝυΤᾸΕ.

277 5771 396 5843 (5i)
426 5771 482 5826 In
509 5771 631 5827 cod.
663 5769 791 5842 Reg.
833 5771 966 5844 ρξγ’.

499 5867 776 5930 ΡΔτιιοι.
809 5871 928 5930 Gn.
949 5868 1161 5932 XCIX.

2966 5853 3040 5914 106
