4060 6374
644 354 777 420 11-51

1829 368 1891 428 S.
1931 367 2324 430 THEOle
2365 373 2712 436 STUDIT/E

3771 385 3912 453 1452

632 493 838 546 uici-am
896 493 1291 550 existimabunt
1348 496 1754 552 confessionem
1794 501 2041 556 Christi?
2077 501 2177 567 Qui

2279 484 2418 556 ιτὴν
2443 487 2733 557 ὁμολογίαν
2759 488 2856 542 τοῦ
2895 491 3166 562 Χριστοῦ;
3202 491 3268 546 Τί
3291 494 3349 548 δὲ
3381 495 3432 548 οί
3456 497 3908 568 ἡγουμενεύσαν-

629 601 758 639 vero
785 585 1260 656 quimonasteriis
1290 600 1448 642 antea
1484 589 1836 659 praefuerunt,
1891 603 1947 646 et
1993 604 2177 662 propte

2319 591 2412 638 τες
2442 575 2553 630 τῶν
2583 581 2961 650 μοναστηρίων
2985 583 3241 653 ἀπαρχῆς
3259 625 3274 650 ,
3304 587 3398 638 καὶ
3425 585 3516 641 διὰ
3547 588 3789 661 Χριστὸν
3811 592 3903 644 δε-

628 678 908 734 Christum
941 680 1228 735 nobiscum
1252 682 1462 751 expulsi
1496 686 1658 736 sunt?
1697 681 1891 739 Nanne
1916 687 2210 740 confirma-

2316 667 2608 739 διωγμένοι
2665 673 2764 725 σὺν
2819 675 2986 744 ὴμῖν;
3062 676 3123 728 οὐ
3185 681 3775 749 κατασφραγίσονται,
3828 683 3906 748 ὡς

629 769 764 824 hunt
815 771 1089 826 ludicrum
1151 773 1412 842 quiddam
1461 789 1586 828 esse
1643 774 1696 830 id
1743 776 1889 846 quod
1927 778 2170 846 patimur

2315 763 2646 830 παιγνιῶδές
2691 782 2744 818 τι
2797 767 3120 837 πασχόντων
3154 770 3355 840 ἡμῶν;
3407 773 3504 839 Μὴ
3551 774 3902 842 πλανᾶσθε,

626 859 810 916 Nolite
839 878 1049 929 errare,
1098 863 1277 934 inquit
1331 865 1645 935 Apostolus,
1699 867 1837 922 Deus
1874 885 1977 923 non
2011 869 2206 924 irride-

623 962 710 1004 tur
742 953 809 1007 “.
863 953 1066 1008 Christi
1122 955 1394 1010 confessio
1458 959 1745 1027 profanata
1795 975 1904 1016 non
1960 969 2065 1025 est,
2101 961 2205 1016 etsi

620 1045 873 1099 nonnulli
903 1045 1062 1100 aliter
1092 1049 1300 1104 sentire
1333 1058 1387 1104 et
1412 1050 1559 1121 loqui
1591 1053 1998 1108 existimantur.
2021 1052 2204 1120 Quare

616 1137 663 1190 si
703 1139 805 1201 vis,
837 1137 1035 1193 dilecte
1079 1137 1286 1205 frater,
1320 1142 1604 1197 nobiscum
1636 1144 1938 1200 humilibus
1957 1146 2197 1211 censeri,

616 1230 810 1284 secede
845 1245 874 1283 a
907 1231 1226 1285 monasterii
1264 1234 1636 1301 possessione,
1678 1234 1821 1290 sicut
1851 1237 2195 1305 promisisti:

613 1324 718 1376 hoc
774 1322 918 1376 enim
951 1331 1004 1377 te
1043 1324 1374 1380 hortamur:
1428 1326 1499 1381 ob
1524 1327 1667 1383 hanc
1693 1343 1919 1383 causam
1946 1344 2194 1396 oramus,

613 1425 672 1468 ut
729 1414 874 1469 sicut
930 1415 1185 1484 interius,
1239 1417 1314 1472 ita
1359 1417 1528 1472 etiam
1573 1419 1815 1475 exterius
1870 1419 1948 1476 sis
2004 1422 2195 1476 ortho-

609 1508 808 1570 doxus,
853 1523 1080 1563 servans
1155 1509 1452 1578 pretiosam
1499 1509 1740 1566 animam
1787 1520 1961 1577 tuam,
2026 1527 2191 1579 quam

607 1600 946 1669 aequiparare
987 1599 1123 1654 nihil
1157 1610 1334 1669 potest
1352 1615 1542 1656 eorum
1573 1618 1696 1672 qua:
1743 1603 1918 1658 oculis
1955 1617 2192 1658 cernuu-

607 1701 716 1746 tur.
760 1692 1028 1747 Dominus
1084 1692 1527 1764 archiepiscopus
1561 1694 1855 1764 plurimum
1905 1706 1956 1750 te
1995 1695 2186 1751 nobis-

597 1802 728 1839 cum
757 1785 982 1848 salutat,
1029 1785 1268 1840 salutem
1302 1799 1448 1841 tuam
1478 1802 1674 1844 amans
1707 1789 1993 1859 impense;
2029 1788 2182 1843 item-

603 1895 707 1948 que
731 1879 920 1934 caeteri
957 1877 1182 1933 fratres.

931 1989 1160 2046 CXLIV.
1191 2020 1260 2031 -—
1291 1990 1564 2048 Theodoro
1595 1996 1842 2063 patricio.

2314 855 2482 924 φησὶν
2527 858 2555 910 ὁ
2621 857 2944 922 Ἀπόστολος
2971 901 2986 925 ,
3025 861 3172 928 Θεὸς
3226 864 3300 916 οὐ
3342 865 3792 934 μυκτηρίζεται.
3836 870 3904 923 Ἢ

2310 945 2568 1016 ὁμολογία
2600 948 2838 1019 Χριστοῦ
2873 949 2936 1002 οὐ
2982 952 3326 1006 κεκοίνωταιο
3359 956 3460 1009 κᾶν
3488 972 3637 1020 τινες
3675 960 3901 1013 οἴωνται

2310 1038 2486 1103 ἄλλως
2514 1042 2735 1112 φρονεῖν
2777 1041 2872 1096 καὶ
2921 1042 3121 1111 λέγειν.
3154 1043 3318 1098 ’Ὥστε
3362 1047 3411 1098 εἰ
3456 1047 3661 1117 βούλει,
3695 1051 3900 1120 ἀδελφὲ

2307 1129 2656 1202 ἡγαπημένε,
2681 1131 2801 1201 μεθ’
2835 1133 2994 1203 ἡμῶν
3015 1133 3124 1186 τῶν
3145 1136 3419 1189 ταπεινῶν
3442 1139 3736 1210 τετάχθαι,
3767 1143 3900 1195 ὐπο-

2304 1222 2558 1294 χώρησον
2587 1225 2684 1293 τῆς
2709 1225 2948 1296 κατοχῆς
2976 1226 3072 1279 τοῦ
3124 1230 3492 1300 μοναστηρίου
3513 1272 3528 1294 ,
3577 1233 3770 1297 καθὼς
3799 1235 3898 1287 καὶ

2304 1317 2579 1388 ὑπέσχουο
2617 1318 2778 1372 τοῦτο
2811 1320 2921 1389 γὰρ
2971 1321 3560 1395 καὶπαρακαλοῦμεν·
3605 1328 3688 1390 εἰς
3732 1329 3897 1382 τοῦτο

2301 1408 2397 1462 καὶ
2443 1409 2880 1480 προσευχόμεθα·
2924 1411 3012 1464 ἴνα
3041 1412 3116 1476 ὼς
3145 1413 3206 1466 τὸ
3250 1415 3442 1480 ἐντὸς,
3490 1415 3666 1482 οὕτως
3703 1420 3802 1472 καὶ
3831 1420 3895 1472 τὺ

2300 1502 2458 1565 ἐκτὸς
2489 1501 2770 1572 ὀρθόδοξος
2793 1504 3066 1574 ὕπάρχῃς,
3098 1505 3198 1573 τὴν
3227 1508 3416 1576 τιμίαν
3441 1526 3536 1562 σου
3563 1510 3748 1582 ψυχὴν
3780 1511 3888 1564 σώ-

2299 1593 2429 1662 ζων,
2473 1589 2542 1666 ἧς
2580 1595 2734 1648 οὐδὲν
2771 1596 3021 1662 ἀντάξιον
3070 1597 3182 1650 τῶν
3214 1601 3531 1671 ὁρωμένων.
3593 1603 3653 1655 '0
3695 1603 3891 1673 κύριος

2295 1687 2730 1757 ἁρχιεπίσκοπος
2773 1689 2869 1741 σὺν
2917 1691 3051 1758 ἡμῖν
3101 1689 3329 1745 πλεῖστα
3364 1694 3766 1764 προσαγορεύει
3797 1714 3885 1761 σε,

2295 1778 2466 1848 φιλῶν
2499 1780 2598 1849 τὴν
2639 1778 2914 1849 σωτηρίαν
2969 1797 3064 1832 σου
3113 1781 3276 1850 ἄγαν,
3318 1785 3440 1836 ἐπεὶ
3489 1787 3586 1838 καὶ
3623 1787 3674 1838 oi
3705 1785 3889 1840 λοιποὶ

2222 1877 2262 1932 Β
2292 1872 2533 1940 ἀδελφοί.

2430 1986 2584 2041 PMA’
2626 1984 2761 2056 (55).
2796 2015 2862 2026 --
2894 1985 3170 2055 Θεοδώρῳ
3199 1987 3506 2056 πατρικίῳ.
3535 1986 3737 2060 [ψκιικ]

1884 2111 2175 2162 Consolatur
2209 2111 2263 2161 in
2280 2105 2420 2158 obitu
2443 2099 2631 2152 uxoris.

673 2212 806 2264 Sera
837 2210 1002 2264 nimis
1025 2210 1255 2280 epistola
1284 2211 1416 2267 :sed
1443 2211 1570 2281 quia
1603 2213 1779 2268 serius
1819 2215 2070 2271 nuntium
2102 2215 2183 2272 fe-

599 2303 770 2356 ralem
800 2302 1118 2372 accepimus
1139 2303 1206 2357 de
1231 2303 1542 2358 calamitate
1577 2320 1698 2374 qua:
1739 2306 1966 2364 domino
1995 2320 2185 2365 nostro

598 2394 817 2449 accidit.
879 2393 924 2449 Ο
973 2395 1372 2464 gemebundam
1417 2397 1830 2454 narrationem!
1880 2399 2184 2472 Dereliquit

600 2500 700 2540 nos
731 2485 1108 2540 desiderabilis
1153 2485 1410 2551 domina;
1459 2487 1683 2544 avulsus
1735 2503 1795 2545 es
1849 2490 1918 2545 ab
1965 2492 2184 2564 egregia

599 2575 870 2646 conjuge;
901 2575 1167 2646 abruptus
1212 2592 1244 2631 a
1291 2578 1510 2632 laudata
1557 2594 1758 2647 carne,
1801 2583 1942 2638 sicut
2001 2599 2183 2640 sermo

599 2685 756 2732 sacer
805 2670 1090 2737 loquitur:
1129 2669 1302 2724 Erunt
1339 2677 1446 2725 duo
1487 2672 1542 2726 in
1568 2689 1725 2728 carne
1764 2691 1870 2730 una
1900 2677 1968 2731 ".
2021 2676 2182 2744 Quod

599 2761 643 2814 si
680 2760 842 2830 plane
869 2773 1000 2813 caro
1033 2774 1140 2814 una
1166 2798 1182 2820 ,
1235 2759 1383 2814 haud
1433 2761 1594 2816 dubie
1643 2765 1918 2833 separatio
1973 2775 2178 2822 tantam

599 2852 812 2922 plagam
846 2850 1010 2906 infert
1051 2851 1118 2906 iis
1147 2851 1240 2921 qui
1277 2861 1625 2921 separantur,
1663 2865 1926 2925 quantam
1965 2857 2181 2928 gladius

594 2944 776 3010 ellicit,
810 2941 1086 2997 hominem
1109 2957 1278 2998 unum
1302 2942 1355 2997 in
1383 2944 1521 3000 duas
1555 2953 1739 3014 partes
1767 2961 1979 3004 secans.
2011 2951 2179 3006 Acer-

598 3035 664 3087 ha
700 3048 932 3104 prorsus
965 3034 1173 3088 sectio:
1201 3033 1430 3104 fluitque
1457 3037 1863 3106 quodammodo
1893 3039 1962 3095 ab
2001 3041 2179 3099 oculis

595 3126 793 3181 vestris
825 3125 1047 3196 sanguis
1077 3142 1090 3178 :
1125 3142 1224 3181 nec
1247 3135 1329 3181 est
1353 3127 1624 3198 malagma
1665 3129 1812 3200 quod
1841 3131 2176 3202 imponatur,

595 3233 699 3272 nec
734 3218 900 3272 fascia
929 3232 1051 3286 quae
1079 3218 1446 3288 circumliget,
1475 3229 1741 3290 quantum
1775 3224 1843 3277 ad
1867 3239 2026 3294 opem
2074 3225 2176 3280 hu-

594 3325 812 3363 manam
839 3310 1051 3363 attinet.
1085 3308 1452 3379 Przeterquam
1469 3313 1616 3382 quod
1651 3328 1774 3384 qua:
1795 3314 1950 3381 obiit,
1973 3317 2174 3387 couqu

592 3409 715 3455 erat
747 3416 852 3453 non
890 3400 1133 3468 vulgaris
1158 3401 1341 3470 pretii,
1374 3403 1468 3457 sed
1501 3405 1777 3460 laudanda
1806 3407 1959 3463 valde
1992 3418 2048 3463 et
2069 3409 2172 3465 ad-

2361 2208 2570 2282 Βραδὺς
2591 2205 2687 2259 τοῦ
2727 2203 2921 2275 καιροῦ
2953 2203 3016 2258 τὸ
3042 2207 3444 2276 γραμματεῖον,
3491 2205 3610 2258 ἀλλ’
3649 2207 3737 2260 ὃτι
3783 2208 3880 2261 καὶ

2285 2300 2506 2372 βράδιον
2546 2296 2952 2368 ἠκουτίσθημεν
3003 2295 3107 2366 τὴν
3156 2298 3503 2350 ἁπευκταίαν
3552 2299 3734 2370 ἀκοὴν
3782 2300 3880 2369 τῆς

2281 2391 2621 2458 ἐπελθούσης
2652 2390 2939 2459 συμφορᾶς
2970 2387 3048 2458 τῷ
3097 2389 3355 2460 ἡμετέρῳ
3389 2389 3653 2460 δεσπότῃ.
3693 2393 3807 2444 Καὶ
3833 2391 3880 2444 ῶ

2280 2482 2381 2552 τῆς
2413 2481 2777 2549 στενακτικῆς
2815 2479 3192 2549 ἀπαγγελίαςί
3237 2482 3626 2536 Ἀπολέλοιπεν
3659 2485 3816 2555 ἡμᾶς
3843 2487 3875 2552 ἡ

2281 2574 2496 2646 ποθητὴ
2525 2573 2714 2645 κυρία·
2747 2573 2997 2644 ὲτμήθης
3020 2573 3120 2643 τῆς
3164 2573 3336 2644 καλῆς
3367 2574 3671 2643 ὁμοζύγουο
3703 2577 3876 2646 ἁπερ-

2282 2666 2459 2738 ράγης
2483 2666 2586 2734 τῆς
2610 2664 3008 2735 ἐπαινουμένης
3037 2665 3259 2736 σαρκὸς,
3288 2660 3432 2738 ᾖπέρ
3459 2682 3632 2736 φησιν
3665 2669 3698 2721 ό
3734 2669 3876 2739 ἱερὸς

2279 2760 2458 2828 λόγος’
2491 2761 2780 2814 Ἔσονται
2806 2761 2861 2812 οἱ
2891 2757 3001 2812 δύο
3033 2761 3120 2825 είς
3165 2758 3368 2827 σάρκα
3389 2760 3560 2827 μίαν.
3592 2761 3659 2812 El
3690 2761 3754 2813 δὲ
3777 2759 3874 2831 μία

2281 2850 2897 2932 σὰρξχὸμολογουμένως
2917 2891 2934 2916 ,
2963 2850 3209 2920 δηλονότι
3245 2851 3274 2903 ό
3309 2850 3689 2922 διαχωρισμὸς
3718 2851 3872 2920 τηλι-

2279 2944 2488 3015 καύτην
2537 2943 2637 3015 τὴν
2677 2943 2896 3014 πληγὴν
2929 2942 3116 3014 ,ἐνίησι
3163 2944 3277 3005 τοῖς
3325 2941 3705 3013 χωρισθεῖσιν,
3752 2944 3874 2996 οταν

2279 3039 2429 3092 ποιεῖ
2463 3038 2709 3109 μάχαιρα
2732 3035 3007 3106 τέμνουσα
3032 3037 3112 3098 εἰς
3144 3035 3239 3088 δύο
3285 3034 3380 3088 τὸν
3421 3035 3519 3088 ἕνα
3547 3035 3868 3106 ἄνθρωπον.

2289 3129 2545 3200 ’Δλγεινὴ
2574 3130 2608 3200 ἡ
2631 3129 2773 3198 τομὴ
2794 3127 2870 3198 τῷ
2899 3127 3036 3193 ὄντι,
3061 3127 3156 3179 καὶ
3183 3127 3243 3178 τὸ
3263 3121 3405 3196 αἷμα
3425 3126 3592 3178 οἱονεὶ
3628 3128 3720 3196 ῥεῖ
3748 3125 3871 3180 κατ’

2275 3222 2591 3294 ὀφθαλμοὺς
2635 3220 2812 3291 ὑμῶν’
2843 3221 2937 3274 καὶ
2972 3219 3072 3272 οὐκ
3102 3220 3219 3272 εστι
3263 3218 3531 3290 μάλαγμα
3566 3219 3867 3284 ἐπιθεῖναι,

2275 3315 2398 3370 οὐδὲ
2443 3313 2859 3383 καταδέσμους,
2907 3311 3054 3364 ὅσον.
3079 3309 3139 3377 ἐξ
3189 3309 3538 3380 ἀνθρωπείας
3582 3309 3867 3379 βοηθειας.

2278 3406 2492 3468 Ἀλλως
2519 3404 2601 3458 ὅτι
2648 3403 2743 3456 καὶ
2777 3403 2810 3471 ὴ
2839 3399 3220 3464 ἀπολιποῦσα,
3267 3401 3372 3470 οὐχ
3413 3399 3490 3464 ὡς
3534 3400 3698 3470 ἔτυχε
3755 3401 3871 3455 τῶν

595 3491 866 3546 miranda.
907 3489 1153 3546 Primum
1198 3492 1418 3563 quidem
1474 3494 1600 3549 fidei
1657 3495 1914 3566 pietatem
1963 3499 2172 3558 habens

2279 3494 2582 3566 δμοζύγων,
2614 3491 2752 3545 ἀλλὰ
2803 3490 2899 3544 καὶ
2947 3489 3069 3544 λίαν
3118 3491 3382 3559 ἐπαινετὴ
3425 3493 3522 3542 καὶ
3551 3489 3864 3559 θαυμασία.

593 3583 828 3646 ﬁrmam,
861 3581 1077 3652 virique
1105 3597 1372 3651 amorem,
1404 3585 1450 3640 si
1470 3600 1594 3655 qua:
1611 3585 1718 3641 alia
1740 3603 1754 3640 :
1775 3589 1919 3658 quod
1943 3601 2170 3648 sanctus

590 3679 887 3748 Apostolus
933 3686 1062 3733 ante
1101 3677 1284 3733 omnia
1314 3679 1548 3750 requirit
1568 3679 1624 3734 in
1649 3681 1920 3753 coniugiis
1944 3683 2011 3734 ἰ.
2041 3681 2172 3740 lnde

589 3782 642 3827 et
678 3787 776 3842 pro
807 3771 910 3825 viri
947 3771 1126 3841 capite
1147 3785 1340 3841 preces
1369 3771 1546 3842 ipsius
1566 3781 1622 3829 et
1647 3773 1928 3831 orationes
1957 3775 2169 3831 clamo-

589 3880 809 3935 resque,
849 3872 904 3919 et
956 3863 1254 3920 assiduitas
1283 3864 1428 3934 apud
1467 3864 1681 3934 Deum;
1735 3881 1863 3922 cum
1898 3878 2168 3926 nocturna

587 3958 785 4010 itinera
817 3954 982 4012 nudis
1003 3955 1234 4026 pedibus
1274 3957 1434 4012 iniret
1461 3955 1618 4012 beata
1649 3957 1867 4025 mulier,
1921 3967 1982 4014 ut
2025 3962 2168 4018 Deus

588 4046 676 4100 his
697 4043 863 4099 rebus
888 4041 954 4097 ad
987 4042 1424 4099 misericordiam
1453 4043 1784 4103 flecteretur.
1813 4047 1955 4114 Quid
1981 4058 2164 4104 autem

586 4151 718 4191 cura
743 4135 982 4191 domus?
1011 4134 1149 4207 quid;
1200 4135 1497 4190 liberorum
1539 4136 1835 4192 educatio?
1866 4138 1997 4209 quid
2041 4155 2168 4210 pro-

587 4229 754 4283 tectio
777 4227 1108 4282 servorum?
1151 4242 1368 4282 morum
1416 4228 1647 4293 candor,
1694 4239 1748 4285 et
1800 4231 1974 4302 gratia
2021 4232 2166 4302 apud

585 4319 841 4374 amicos?
875 4320 1092 4390 generis
1107 4318 1464 4374 conciliatio?
1494 4320 1641 4374 nulla
1669 4320 1933 4378 adversus
1957 4322 2165 4379 honore

585 4426 746 4480 pares
783 4409 1028 4465 invidia?
1056 4411 1112 4464 in
1136 4410 1301 4466 rebus
1331 4417 1516 4464 autem
1544 4411 1802 4468 omnibus
1836 4414 2076 4484 gravitas
2109 4424 2164 4470 et

584 4491 855 4558 modestia
875 4502 899 4556 Ἰ
919 4517 1045 4573 qua
1068 4517 1166 4572 pro
1195 4501 1498 4557 monilibus
1523 4503 1730 4569 aureis,
1766 4503 2164 4576 ordinibusque

583 4595 1024 4664 margaritarum,
1057 4604 1111 4649 et
1143 4593 1388 4650 vestibus
1414 4593 1672 4664 pretiosis
1721 4594 2160 4654 laudatissimam

581 4685 840 4741 feminam
871 4701 1060 4742 revera
1099 4685 1389 4751 ornabant,
1448 4693 1503 4740 et
1546 4685 1692 4741 domi
1745 4698 2074 4754 manentem,
2105 4698 2160 4746 et

2273 3586 2498 3655 Πρῶτον
2522 3584 2622 3655 μὲν
2647 3579 2743 3638 οὖν
2766 3581 2968 3653 ἔχουσα
2986 3583 3048 3636 τὸ
3069 3581 3296 3644 εὐσεϐὲς
3314 3581 3417 3652 τῆς
3439 3582 3680 3645 πίστεως
3710 3582 3868 3635 ἀκλι-

2271 3679 2382 3744 νὲς,
2413 3679 2475 3732 τὸ
2503 3677 2811 3748 φίλανδρον,
2838 3677 2888 3730 εί
2917 3675 3011 3730 καί
3035 3692 3120 3738 τις
3142 3674 3299 3745 ἄλλη·
3335 3675 3474 3745 ὅπερ
3503 3675 3734 3728 ἀπαιτεῖ
3755 3673 3866 3746 πρὸ

2270 3775 2491 3828 πάντων
2517 3775 2576 3826 ὲν
2605 3774 2726 3834 ταῖς
2766 3769 3056 3840 συζυγίαις
3099 3772 3128 3823 ό
3172 3770 3320 3840 ἱερὸς
3357 3769 3705 3830 ’Δπόστολος.
3768 3769 3860 3834 Ἐξ

2268 3861 2330 3922 οὗ
2362 3866 2458 3920 καὶ
2482 3865 2624 3936 ὑπὲρ
2652 3863 2753 3935 τῆς
2782 3862 3025 3933 κεφαλῆς
3057 3862 3272 3932 δεήσεις
3299 3877 3361 3914 τε
3405 3861 3500 3914 καὶ
3523 3862 3857 3930 προσευχαὶ,

2269 3960 2490 4029 βοήσεις
2520 3973 2580 4010 τε
2610 3958 2706 4010 καὶ
2736 3954 3054 4025 προσεδρίαι
3081 3953 3224 4022 Θεῷ,
3265 3951 3722 4022 γυμνοποδούσης
3753 3953 3860 4020 τῆς

2269 4048 2550 4120 μακαρίας
2588 4050 2647 4102 ὲν
2693 4049 2814 4109 ταῖς
2851 4045 3277 4115 νυκτοπορίαις,
3307 4043 3384 4106 ὡς
3425 4042 3492 4096 ἂν
3541 4042 3858 4114 κάντεῦθεν

2264 4142 2574 4212 κάμπτοιτο
2601 4138 2738 4210 πρὸς
2773 4137 2924 4191 ἔλεον
2965 4137 3117 4200 Θεός.
3156 4135 3224 4188 Τί
3265 4135 3322 4188 δὲ
3361 4135 3424 4188 τὸ
3463 4134 3754 4204 οἰκουρὰν;
3797 4133 3856 4187 τί

2263 4234 2320 4288 δὲ
2349 4234 2412 4288 τὸ
2446 4230 2839 4303 τεκνοτρεφές;
2875 4230 2930 4283 τί
2972 4229 3030 4283 δὲ
3062 4229 3126 4282 τὸ
3165 4227 3302 4296 πρὸς
3332 4228 3459 4289 τοὺς
3487 4227 3713 4290 δούλους
3743 4243 3850 4280 πε-

2265 4325 2640 4397 ριποιητικόν;
2687 4323 2750 4377 τό
2786 4339 2850 4376 τε
2888 4321 3094 4376 ἁπλοῦν
3135 4319 3232 4374 τοῦ
3279 4320 3475 4392 ἦθους,
3511 4319 3608 4371 καὶ
3648 4319 3850 4388 χαρίεν

2262 4418 2400 4489 πρὸς
2463 4419 2591 4481 τοὺς
2643 4415 2872 4486 φίλους;
2922 4414 3018 4468 καὶ
3068 4412 3402 4468 συναπτικδν
3453 4411 3548 4465 τοῦ
3603 4413 3843 4479 γένουςς

2260 4507 2492 4577 ἄφθονόν
2513 4524 2574 4560 τε
2603 4507 2740 4576 πρὸς
2763 4506 2860 4568 τὰς
2895 4504 3200 4568 ἰσοκλεεῖςς
3236 4505 3331 4558 καὶ
3377 4503 3438 4556 τὸ
3482 4504 3615 4574 περὶ⁵
3659 4503 3844 4556 πάντα

2261 4599 2642 4670 σεμωπρεπὲς
2667 4615 2728 4651 τε
2759 4597 2853 4651 καὶ
2885 4597 3148 4667 κόσμιον;
3183 4597 3328 4666 ἅπερ
3356 4595 3496 4665 ὑπὲρ
3521 4595 3840 4664 ἐμπλοκίων

2259 4693 2506 4764 χρυσέων
2543 4693 2640 4744 καὶ
2675 4690 3092 4761 διακοσμήσεων
3135 4688 3514 4760 μαργαριτῶν,
3544 4687 3646 4741 καὶ
3672 4687 3838 4758 suos.

581 4778 729 4834 foras
759 4779 1162 4850 procedentem,
1203 4787 1258 4833 et
1288 4793 1414 4834 cum
1439 4777 1495 4832 in
1526 4776 1692 4848 regiis
1717 4779 1936 4850 palatiis
1964 4795 2156 4839 cerne-

2279 4802 2365 4839 των
2393 4783 2723 4849 πολυτελῶν,
2754 4783 3034 4853 διεκόσμει
3074 4782 3247 4844 δντως
3282 4782 3382 4852 τὴν
3410 4780 3663 4852 ἀοίδιμον
3691 4779 3832 4833 ὲκεί-

581 4871 706 4924 hatu
716 4886 758 4924 r.
780 4871 1031 4925 Attamen
1047 4869 1300 4925 abierunt
1319 4870 1436 4926 haec
1459 4869 1664 4933 omnia,
1687 4869 1927 4940 factique
1941 4887 2152 4939 sumus,

2256 4892 2376 4947 νην,
2421 4877 2518 4930 καὶ
2549 4875 2688 4930 οῐκοι
2722 4875 3015 4945 μένουσαν,
3060 4873 3156 4928 καὶ
3189 4873 3446 4944 προόδους
3476 4872 3831 4943 ποιουμένην,

581 4973 638 5017 ut
667 4977 735 5017 ex
769 4963 1075 5018 vehementi
1107 4961 1306 5019 affectu
1339 4962 1554 5035 loquar,
1580 4963 1885 5020 semineces
1902 4973 1960 5022 et
1985 4965 2154 5021 abru-

2279 4969 2351 5024 ιαὶ
2377 4970 2434 5022 ὲν
2465 4967 2752 5040 βασιλείοις
2778 4968 2970 5032 αὐλαῖς
2999 4967 3306 5038 ὁρωμένην.
3345 4964 3485 5019 Ἀλλ’
3511 4967 3665 5036 ὅμως
3689 4967 3831 5035 οἶχε-

577 5056 689 5125 pti;
725 5057 808 5110 vel
846 5066 908 5111 ut
951 5072 1076 5112 cum
1107 5057 1334 5127 psalmis
1369 5058 1556 5129 potius
1581 5057 1786 5126 dicam,
1821 5060 1958 5115 sicut
1979 5062 2153 5131 ηειοεὶ-

2255 5080 2345 5117 ται
2370 5061 2542 5116 ταῦτα
2574 5061 2774 5128 πάντα,
2801 5060 2898 5115 καὶ
2928 5059 3252 5130 ἐγενόμεθα,
3272 5059 3594 5131 περιπαθῶς
3635 5060 3826 5118 εἰπεῖν,

577 5166 741 5204 corax
774 5151 826 5204 in
853 5149 1148 5214 domicilio,
1197 5160 1246 5206 et
1291 5151 1429 5205 sicut
1459 5167 1644 5221 passer
1679 5151 1953 5208 sofitarius
1985 5155 2043 5210 in
2075 5164 2153 5210 te-

2279 5154 2507 5227 ιμιθνεῖς
2536 5154 2631 5208 καὶ
2657 5151 3068 5224 ἀπερῤωγότες·
3101 5151 3302 5222 μᾶλλον
3333 5151 3412 5216 δὲ,
3434 5151 3722 5222 ψαλμικῶς
3749 5151 3827 5202 εἰ·

576 5245 737 5313 (παρ’,
763 5244 987 5299 domum
1009 5243 1413 5314 conspicientes
1434 5245 1666 5315 praeside
1688 5261 1788 5302 sua
1811 5245 2148 5315 destitutam,

577 5350 742 5409 atque
776 5337 831 5393 in
861 5337 1037 5394 oculis
1066 5337 1264 5394 vestris
1299 5336 1523 5402 liberos,
1555 5337 1650 5409 qui
1679 5352 1779 5392 vos
1806 5338 2148 5408 amplectun-

2253 5251 2396 5307 πεῖν.
2423 5245 2567 5301 ὡσεὶ
2594 5245 2957 5315 νυκτικόραε
2983 5245 3054 5300 ἐν
3075 5245 3387 5311 οίκοπέόφ,
3409 5245 3492 5311 ὡς
3511 5244 3826 5314 στρουθιον

2241 5337 2504 5410 por-Mor
2532 5338 2634 5392 ἐπὶ
2677 5337 2933 5408 δώματιο
2970 5337 3208 5409 ὁρῶντες
3243 5337 3348 5408 τὴν
3391 5337 3571 5392 οίκίαν
3625 5336 3826 5407 ἔρημον

576 5441 663 5486 tur
694 5439 748 5486 et
787 5446 925 5502 quos
953 5428 1370 5500 amplectimini,
1396 5443 1503 5484 non
1529 5429 1797 5486 habentes
1829 5429 1922 5484 ubi
1957 5443 2148 5485 eorum

2279 5425 2349 5493 ἧς
2397 5425 2842 5497 προστατούσηςο
2874 5425 2943 5481 τὰ
2980 5426 3150 5481 τέκνα
3193 5427 3302 5499 πρὸ
3331 5426 3630 5497 ὀφθαλμῶν
3675 5423 3826 5495 ὑμῶν

646 5616 688 5644 δ’
719 5611 896 5664 Galat.
923 5625 999 5673 vt,
1037 5611 1089 5664 7.
1165 5611 1209 5644 ⁵⁸
1237 5609 1371 5668 Gen.
1407 5626 1462 5676 ιι,
1491 5610 1584 5667 24.
1663 5610 1706 5642 "
1738 5608 1845 5664 Tit.
1885 5623 1946 5674 tt,
1980 5609 2034 5665 4.
2111 5608 2156 5640 ⁵⁸
2189 5606 2330 5666 Psal.
2370 5628 2443 5677 cr,
2481 5613 2532 5668 7.
2619 5677 2638 5692 ο

2073 5721 2307 5782 NOTAE.

635 5813 754 5884 (55)
786 5815 841 5869 lu
866 5815 986 5870 cod.
1026 5815 1155 5883 Reg.
1185 5815 1309 5884 ρξε’.
