4060 6374
160 406 279 472 1453

1333 410 1871 472 EPISTOLARUM
1909 404 2076 476 iLIB.
2119 409 2203 470 II.

3268 401 3406 470 1454

153 523 567 599 περικυκλοῦντα
595 529 689 580 καὶ
727 527 1222 598 περικυκλούμενα,
1249 529 1350 581 οὐκ
1387 527 1581 598 ἔχοντα
1612 526 1718 579 τεοῦ

1847 543 2020 584 nanus
2044 521 2370 592 in’nitantur,
2399 525 2543 580 unde
2569 525 2761 580 matris
2785 524 2997 588 oscula,
3025 524 3254 580 lacteam
3286 530 3410 580 vitae

152 617 451 690 ἀπερείσεις
492 619 592 681 τὰς
620 618 816 690 χεῖρας
835 657 852 684 ,
883 619 1007 673 ὅθεν
1030 619 1249 674 λάϐοιεν
1286 621 1553 691 μητρικὸν
1579 637 1724 672 ποπ-

154 710 372 781 πυσμὸν,
416 708 746 780 γαλουχικὺν
793 710 1128 782 ἐμψύχωμαο
1182 713 1384 782 στεγνὴ
1434 713 1468 783 ἡ
1535 709 1726 773 ἑστία,

151 802 297 855 οἱονεὶ
318 801 473 872 ἡλίου
501 799 673 871 αὐτὴν
711 801 1098 866 ἀπολιπόντοςο
1135 801 1350 856 κελαδεῖ
1373 802 1431 856 δὲ
1457 801 1635 866 οὐδεὶς
1665 800 1725 855 ἓν

150 910 204 945 τε
229 895 331 956 τοῖς
365 892 469 945 ὠσὶ
511 891 608 946 σοῦ
639 909 700 946 τε
733 893 826 947 καὶ
857 891 968 946 τῶν
1011 894 1218 948 τέκνων
1245 894 1338 947 καὶ
1368 893 1587 947 πάντων
1616 892 1728 946 τῶν

152 981 488 1055 ὑποχειρίων,
516 982 768 1055 ἀπούσης
788 984 1006 1056 ἐκείνης
1030 984 1132 1055 τῆς
1161 985 1330 1049 ὅντως
1353 985 1727 1054 καλλοφὼνου,

151 1077 238 1127 καὶ
256 1071 558 1144 τερπούσης
575 1071 706 1136 τοὺς
731 1074 1026 1136 ὲπαῒοντας
1054 1077 1120 1147 τῇ
1150 1075 1224 1140 ὡς
1255 1075 1474 1148 ἀληθῶς
1501 1073 1731 1147 ὲμμελεῖ

149 1164 367 1230 διαλέξει
394 1182 452 1218 τε
476 1165 572 1218 καὶ
603 1165 926 1236 ὑπαντήσει.
954 1165 1199 1220 Ἑλεεινὲι
1221 1166 1394 1219 ταῦτα
1417 1167 1607 1230 ὅντως,
1634 1166 1730 1220 καὶ

153 1257 487 1318 στενακτικὶι,
535 1258 631 1311 καὶ
660 1258 1179 1329 τροπολογούμενα,
1217 1259 1312 1312 καὶ
1346 1256 1726 1327 διανοούμένα.

232 1351 385 1404 Ἀλλά
415 1349 469 1404 τί
503 1349 791 1421 πάθωμεν,
823 1345 870 1405 ὦ
922 1351 1198 1414 δέσποτα;
1229 1350 1366 1404 Θεοῦ
1400 1352 1733 1423 πρόσταγμά

153 1446 281 1508 ἐστι,
315 1443 512 1514 μᾶλλον
541 1441 598 1496 δὲ
637 1443 941 1514 ἀπόφασις,
987 1443 1077 1498 διὰ
1116 1442 1212 1498 τοῦ
1244 1443 1388 1497 θείου
1415 1443 1578 1498 Δαυῒδ
1607 1444 1732 1516 ᾅδο-

157 1555 268 1608 ρεν·
325 1540 444 1592 οὐκ
495 1537 670 1591 ἐστιν
718 1537 1034 1606 ἄνθρωπος
1083 1535 1154 1603 ὃς
1199 1535 1443 1604 ζήσεται
1476 1535 1574 1590 καί
1620 1537 1734 1590 οὐκ

155 1631 351 1700 ὄψεται
375 1629 657 1684 θάνατον.
695 1627 856 1685 Οὕτω
881 1631 993 1693 πᾶς
1022 1647 1108 1694 τις
1137 1630 1246 1682 ἀπὸ
1287 1629 1460 1700 Ἀδὰμ
1487 1629 1582 1682 τοῦ
1606 1645 1735 1698 προ-

154 1725 380 1797 πάτορος
429 1723 587 1794 ἡμῶν
637 1722 804 1794 μέχρι
855 1721 952 1775 τοῦ
999 1721 1162 1793 δεῦρο
1215 1721 1474 1776 εἰσελθὼν
1521 1723 1603 1786 εἰς
1643 1723 1736 1776 τὸν

154 1816 347 1885 κόσμον
379 1811 466 1868 διὰ
495 1815 836 1887 γεννήσεως,
885 1813 1052 1868 πάλιν
1099 1814 1265 1880 ἔξεισι
1307 1815 1378 1869 δι’
1423 1813 1735 1879 ἀναλύσεως

49 1901 56 1908 ’
154 1911 230 1972 εἰς
261 1909 348 1962 τὸν
376 1907 557 1962 ἐκεῖσε
584 1910 789 1978 κόσμον
820 1906 1155 1978 ὑψηλότερόν
1191 1925 1251 1960 τε
1281 1908 1376 1961 καὶ
1405 1907 1734 1962 θεοειδέστε-

157 2018 262 2072 ρον.
291 1998 598 2067 Σπείρεται
631 1998 762 2068 γὰρ,
800 1999 988 2070 φησιν,
1019 1999 1090 2052 ἐν
1117 1995 1332 2068 φθορᾷ,
1355 1996 1642 2066 ἐγείρεται
1667 1997 1738 2049 ἐν

153 2089 468 2160 ἁφθαρσίςιο
495 2091 807 2159 σπείρεται
826 2091 898 2145 ἐν
920 2091 1144 2159 ἀτιμίᾳ,
1167 2091 1454 2160 ἐγείρεται
1479 2091 1548 2144 ἐν
1563 2089 1732 2158 δόξῃ·

153 2183 452 2250 σπείρεται
500 2183 570 2236 ἐν
619 2184 946 2252 ἀσθενείᾳ,
1002 2184 1292 2254 ἐγείρεται
1340 2184 1410 2238 ἐν
1462 2181 1735 2253 δυνάμει·

153 2277 453 2346 σπείρεται
492 2276 665 2344 σῶμα
692 2277 984 2349 ψυχικὸν,
1016 2278 1304 2349 ἐγείρεται
1334 2274 1508 2342 σῶμα
1551 2292 1738 2332 πνευ-

148 2368 417 2439 ματικόν.
453 2368 755 2438 ’ἰσάγγελοι
789 2367 899 2440 γὰρ
929 2368 1194 2440 ἐσόμεθα,
1220 2368 1318 2422 καὶ
1351 2369 1460 2422 υἱοὶ
1487 2367 1589 2438 τῆς
1609 2369 1740 2422 ἁνα-

155 2461 412 2525 στάσεως,
447 2458 543 2512 τοῦ
595 2459 792 2530 θνητοῦ
833 2459 938 2514 ὑπὸ
970 2460 1071 2530 τῆς
1110 2459 1261 2530 ζωῆς
1305 2459 1736 2523 καταποθέντος.

165 2553 346 2624 Ὁρᾷς,
379 2544 424 2606 ὦ
475 2553 738 2617 δέσποτα,
773 2552 857 2608 ὅτι
892 2555 940 2607 εἰ
979 2554 1073 2607 καὶ
1105 2553 1464 2608 ἀπολέλοιπεν
1509 2554 1657 2624 ἡμᾶς
1705 2554 1740 2622 ἡ

153 2647 353 2720 κυρία,
397 2648 512 2702 ἀλλ’
565 2649 644 2712 εἰς
682 2647 799 2717 φῶς
846 2646 1166 2719 ἐξελήλυθεν
1209 2646 1318 2701 ἀπὸ
1357 2647 1618 2712 σκότους,
1650 2647 1743 2700 καὶ

151 2741 262 2795 ἀπὸ
289 2742 433 2813 ζωῆς
459 2742 728 2813 ὲπικήρου
758 2742 840 2806 εἰς
883 2741 1156 2796 ἀθάνατον
1179 2739 1335 2811 λῆξιν
1361 2756 1376 2806 ;
1415 2741 1536 2793 ἐκεῖ
1572 2740 1742 2808 αὐτὴν

152 2832 272 2904 (riae;
301 2833 498 2904 μικρὸν
552 2831 802 2906 ὕστερον,
847 2831 1196 2904 μεταϐαίνων
1225 2832 1322 2885 καὶ
1358 2831 1546 2894 αὐτός.
1581 2830 1743 2882 Ὥστε

148 2925 234 2996 μὴ
259 2926 582 2996 λυπώμεθα
614 2925 810 2993 καθὼς
842 2927 942 2980 καὶ
983 2927 1038 2980 οἱ
1064 2925 1269 2980 λοιποί
1297 2926 1353 2979 οἱ
1377 2923 1465 2994 μὴ
1496 2924 1745 2994 ἔχοντες

150 3017 392 3072 ἐλπίδα·
438 3015 751 3082 ἐλπίζοντες
778 3019 847 3088 τῇ
893 3016 1196 3070 ἀναστάσει
1252 3013 1616 3086 βελτιωθῆναι
1664 3013 1746 3076 είς

151 3109 269 3181 ἀπή
279 3126 415 3167 μονα
437 3110 605 3181 ζωήν.
635 3109 731 3173 Ei;
757 3110 983 3174 ἑαυτοὺς
1007 3108 1066 3162 δὲ
1085 3107 1746 3180 μᾶλλον,ὑπομιμνήσκω,

1827 617 2240 689 inspirationem
2270 617 2542 673 hauriant.
2569 609 2761 674 Mmsta
2802 618 3020 683 domus,
3050 626 3110 672 ut
3131 633 3292 688 quam
3327 619 3409 673 sol

1826 711 2133 767 deseruerit
2163 731 2176 768 :
2212 728 2314 768 nec
2350 706 2494 766 ullus
2519 728 2658 768 sono
2696 712 2900 766 mulcet
2931 718 3056 766 tuas
3080 720 3176 765 aut
3204 702 3378 764 libero

1828 821 1950 861 rum
1971 805 2388 862 subditorumve
2413 801 2662 860 omnium
2684 821 2868 868 aures,
2887 805 3113 860 absente
3143 804 3234 858 illa
3252 802 3412 872 cujus

1828 911 1939 954 vox
1973 913 2101 954 vere
2144 897 2428 968 praeclara,
2489 906 2545 952 et
2601 913 2724 968 qua:
2761 897 3048 953 audientes
3106 897 3414 952 oblectabat

1829 989 2100 1046 concinno
2138 1003 2370 1060 prorsus
2407 989 2629 1060 eloquio
2687 996 2743 1044 ct
2787 1003 3042 1049 occursu.
3103 977 3414 1044 Miseranda

1829 1084 2056 1140 omnino
2100 1085 2217 1139 haec
2243 1083 2453 1150 omnia,
2480 1092 2537 1138 et
2567 1081 2974 1154 ingemiscenda
2997 1125 3013 1148 ,
3061 1097 3158 1139 seu
3184 1080 3416 1153 figurate

1829 1178 2105 1242 dicantur,
2133 1192 2231 1232 seu
2271 1176 2609 1246 cogitentur.

1907 1355 2014 1411 Sed
2044 1355 2174 1426 quid
2206 1354 2444 1426 agimus,
2472 1351 2737 1408 domine?
2774 1349 2869 1404 Dei
2921 1360 3006 1406 est
3053 1335 3415 1420 praeceptum,

1834 1463 1930 1508 aut
1962 1452 2146 1522 potius
2195 1449 2486 1512 sententia,
2547 1463 2646 1518 per
2688 1447 2934 1500 divinum
2988 1460 3208 1515 quoque
3248 1443 3414 1498 David

1834 1547 2160 1600 decantata:
2193 1541 2318 1596 Non
2350 1551 2425 1595 est
2457 1539 2611 1594 homo
2661 1540 2753 1610 qui
2788 1539 2938 1602 vivet,
2980 1546 3030 1592 et
3079 1553 3182 1590 non
3224 1536 3420 1590 videbit

1835 1650 2059 1694 mortem
2087 1637 2154 1692 ⁸³.
2222 1635 2315 1691 Sic
2362 1635 2677 1705 quicunque
2735 1632 2804 1686 ab
2845 1632 3016 1685 Adam
3069 1631 3419 1701 progenitore

1838 1741 2029 1788 nostro
2061 1732 2126 1786 ad
2164 1730 2306 1785 hanc
2338 1743 2514 1798 usque
2553 1727 2721 1789 diem,
2762 1724 3038 1781 nascendo
3069 1724 3122 1778 in
3151 1723 3417 1779 mundum

1838 1825 2164 1895 ingreditur,
2194 1836 2387 1876 rursus
2421 1836 2517 1890 per
2543 1818 2822 1873 interitum
2846 1817 3042 1887 migrat
3065 1816 3118 1870 in
3152 1816 3418 1870 mundum

1841 1918 1992 1972 illum
2023 1922 2078 1970 et
2118 1913 2503 1970 sublimiorem
2536 1920 2591 1966 et
2618 1909 3075 1981 praestantiorem.
3113 1905 3423 1962 Seminatur

1837 2009 2000 2070 enim,
2041 2006 2152 2070 ait,
2209 2006 2267 2059 in
2305 2004 2660 2074 corruptione,
2698 2000 2868 2071 surgit
2902 2001 2957 2053 in
2982 1999 3422 2067 incorruptione:

1839 2103 2137 2158 seminatur
2161 2101 2215 2154 in
2255 2098 2610 2170 ignobilitate,
2642 2097 2811 2166 surgit
2846 2095 2904 2148 in
2931 2093 3106 2164 gloria
3138 2109 3156 2147 :
3187 2093 3420 2147 semina-

1841 2205 1928 2248 tur
1958 2208 2146 2262 corpus
2173 2189 2429 2256 animale,
2469 2187 2639 2258 surgit
2677 2201 2864 2254 camus
2893 2181 3173 2253 spirituale
3199 2181 3266 2232 “.
3317 2178 3423 2234 Pa-

1839 2303 1928 2344 res
1961 2287 2109 2341 enim
2164 2283 2377 2354 angelis
2405 2285 2647 2346 erimus,
2704 2290 2760 2335 et
2820 2278 2915 2333 ﬁlii
2975 2273 3422 2337 resurrectionis,

1839 2395 1964 2434 cum
2003 2376 2234 2433 mortale
2273 2375 2379 2429 hoc
2429 2372 2748 2442 absorptum
2811 2367 2978 2423 fuerit
3009 2384 3038 2420 a
3071 2366 3206 2421 vita.
3237 2363 3424 2430 Vides,

1841 2470 2100 2533 domine,
2126 2469 2274 2539 quod
2304 2466 2406 2522 etsi
2449 2463 2670 2534 reliquit
2710 2477 2812 2518 nos
2843 2459 3089 2524 domina,
3139 2459 3193 2512 in
3243 2457 3423 2512 lucem

1842 2574 2024 2620 tamen
2055 2562 2192 2616 abiit
2214 2577 2281 2616 ex
2313 2559 2574 2622 tenebris,
2611 2565 2668 2612 et
2696 2573 2763 2611 ex
2792 2555 2903 2610 vita
2945 2551 3165 2609 mortali
3197 2551 3263 2607 ad
3303 2566 3427 2605 sor-

1845 2670 1952 2716 tem
1984 2654 2401 2713 immortalem?
2430 2652 2509 2707 lbi
2533 2651 2683 2704 illum
2719 2647 3069 2720 postmodum
3095 2642 3426 2715 conspicies.

1844 2752 2120 2822 emigrans
2147 2757 2203 2804 et
2225 2749 2363 2819 ipse.
2389 2745 2572 2812 Quare
2599 2761 2704 2798 non
2751 2741 3130 2796 contristamur
3159 2739 3298 2792 sicut
3322 2752 3428 2792 ca:-

1847 2848 1947 2902 tcri
1981 2845 2072 2916 qui
2115 2859 2260 2913 spem
2307 2857 2414 2895 non
2467 2838 2658 2892 habent
2688 2839 2774 2902 5';
2821 2851 2944 2892 cum
2991 2845 3277 2903 speremus
3329 2844 3430 2899 per

1848 2938 2333 2998 resurrectionem,
2391 2948 2490 2988 nos
2519 2931 2573 2987 in
2612 2930 2892 2985 meliorem
2926 2936 3124 2984 statum
3166 2925 3433 2996 migratu—

1846 3047 1940 3088 ros
1979 3031 2100 3085 vitae
2124 3028 2292 3084 nullis
2315 3027 2475 3081 malis
2522 3024 2794 3080 obnoxiae.
2823 3021 2966 3088 Quin
2993 3021 3060 3076 ad
3093 3035 3195 3075 nos
3223 3018 3428 3089 potius,

1847 3125 2072 3188 suadeo,
2087 3122 2398 3184 redeamus,
2421 3125 2477 3174 et
2505 3118 2729 3174 domum
2764 3125 3038 3178 tueamur,
3057 3122 3112 3168 et
3135 3113 3431 3168 liberorum

150 3203 480 3275 γενώμεθα,
535 3203 630 3258 καὶ
684 3205 785 3274 τῆς
821 3201 1000 3266 οἰκίας
1037 3199 1434 3273 ἀντεχώμεθα,
1476 3200 1575 3253 καὶ
1634 3197 1743 3252 τῶν

1848 3233 2037 3274 curam
2068 3230 2346 3287 geramus,
2402 3221 2458 3268 et
2489 3227 2599 3282 prae
2637 3210 2894 3265 omnibus
2931 3207 3183 3278 pretiosa:
3235 3204 3434 3259 animse

151 3297 366 3351 παίδων
399 3295 800 3367 φροντίσωμεν,
835 3295 931 3349 καὶ
975 3293 1083 3368 πρό
1133 3311 1197 3364 γε
1245 3294 1485 3359 πάντων,
1532 3293 1634 3362 τῆς
1668 3291 1741 3344 οἰ-

153 3389 314 3452 κείας
363 3389 550 3459 τιμίας
597 3387 809 3459 ψυχῆς,
845 3389 964 3443 κατ’
1011 3385 1226 3458 ἐκείνην
1273 3386 1373 3457 τὴν
1429 3385 1734 3458 μακαρίαν,

152 3485 382 3556 ἀρεταῖς
411 3481 802 3554 κοσμούμενοι,
825 3483 922 3536 καὶ
949 3480 1125 3553 τούτῳ
1151 3481 1460 3552 χαίροντες,
1488 3481 1572 3534 ὅτι
1597 3497 1741 3551 παρ-

151 3572 488 3644 επέμψαμεν
548 3570 816 3643 ὁμόζυγον
859 3571 1068 3626 ἱκέτιδα
1101 3571 1239 3642 πρὸς
1268 3571 1424 3637 Θεὸν,
1467 3569 1566 3624 καὶ
1609 3571 1742 3625 ὑπό·

148 3666 360 3736 δειγμα.
409 3664 576 3719 καλοῦ
618 3664 758 3734 βίου,
803 3666 1170 3735 ὲπαφήσασαν
1209 3665 1343 3734 ἡμῖν
1371 3679 1434 3716 τε
1463 3663 1561 3716 καὶ
1603 3663 1739 3716 πᾶσι

146 3761 274 3822 τοῖς
312 3759 638 3830 γνωρίμοις.

148 3873 326 3929 PME'
354 3873 489 3944 (36).
511 3902 581 3913 -—
611 3871 688 3941 Τῇ
753 3872 1214 4014 Τουρῷιὲέῆἰσσῃ
1256 3870 1368 3940 τῆς
1429 3871 1745 3937 Ἑλλάδος.

893 3950 1038 4012 φιβ’-

1850 3311 2106 3384 propriae,
2144 3307 2465 3371 virtutibus,
2519 3305 2586 3361 ad
2619 3305 2790 3359 beatae
2825 3301 2970 3357 illius
3001 3301 3197 3363 instar,
3229 3298 3430 3362 ornati,

1848 3415 1904 3461 et
1951 3404 2059 3458 hoc
2088 3399 2315 3456 nomine
2354 3397 2676 3467 gaudentes.
2711 3394 2857 3465 quod
2902 3407 3129 3447 uxorem
3165 3387 3434 3460 praemisi-

1850 3511 1975 3552 mus
2001 3509 2124 3566 qum
2139 3492 2283 3564 apud
2305 3490 2475 3548 Deum
2504 3487 2792 3559 supplicet,
2814 3494 3008 3553 etquae
3021 3483 3146 3536 vita:
3164 3481 3436 3551 praeclarae

1849 3587 2158 3657 exemplum
2186 3584 2345 3640 nobis
2368 3592 2422 3640 et
2447 3583 2591 3638 notis
2617 3580 2875 3636 omnibus
2904 3576 3149 3646 reliquit.

2138 3867 2344 3923 CXLV.
2376 3898 2446 3908 —
2484 3862 2876 3918 Turmachissm
2911 3857 3150 3913 Graeciae.

1161 4057 1455 4110 Consolatur
1471 4056 1536 4106 de
1556 4062 1718 4112 morte
1738 4053 1847 4113 ﬁlii,
1877 4053 1931 4103 in
1957 4051 2096 4101 bello
2114 4045 2447 4108 .interempti.

224 4166 406 4220 Ὅσον
473 4165 583 4219 ἀπὸ
631 4164 791 4234 λόγου
839 4164 1239 4236 άσυνοψίσεως,
1283 4166 1384 4219 οὐκ
1448 4164 1753 4236 ἐμέλλομεν

140 4259 505 4317 ἐπιστέλλειν
553 4262 622 4332 τῇ
673 4261 950 4332 τιμιότητί
1000 4277 1130 4320 σου.
1181 4260 1455 4329 ἄγνωστοι
1503 4257 1755 4330 ἀλλήλοις

140 4358 252 4410 καί
293 4353 616 4424 ἀσυνήθεις.
661 4351 801 4405 Ἀλλ’
831 4353 1023 4424 ἐπειδὴ
1050 4355 1117 4406 ὲκ
1145 4351 1428 4422 θεοφιλοῦς
1455 4351 1752 4425 προσώπου

1923 4159 2038 4215 Ηοε
2069 4171 2159 4212 me
2197 4155 2530 4210 deteruisset
2557 4165 2588 4205 a
2615 4146 2911 4205 scribendo
2939 4143 3280 4201 excellentia:
3305 4151 3436 4204 tuae,

1852 4251 2001 4323 quod
2019 4249 2251 4306 invicem
2272 4246 2445 4318 ignoti
2475 4257 2652 4314 neque
2673 4255 2914 4311 unquam
2934 4235 3212 4308 congressi
3243 4235 3440 4292 simus.

1855 4344 1958 4400 Sed
1990 4349 2280 4414 postquam
2330 4353 2362 4392 a
2415 4335 2668 4406 religiosa
2705 4345 2938 4404 persona
2975 4328 3243 4398 nobisque
3285 4335 3438 4392 nota,

138 4464 246 4501 και
301 4419 656 4515 ἐγνωσμένου
693 4446 852 4516 ἡμῖν,
875 4419 1022 4510 λέγω
1059 4443 1124 4514 δὴ
1174 4419 1278 4513 τῆς
1323 4419 1743 4514 ἀγχιστευρύσης

1862 4438 2192 4511 propinqua,
2221 4434 2468 4516 inquam,
2490 4425 2927 4492 tua,clarissima
2963 4420 3190 4493 patricia
3221 4463 3237 4487 ,
3292 4427 3348 4474 et
3374 4419 3444 4474 ab

138 4555 238 4592 σοι
279 4536 653 4606 πανευφήμου
683 4534 1006 4604 Πατρικίας,
1051 4532 1146 4586 καὶ
1187 4537 1290 4605 τῆς
1319 4533 1524 4603 ταύτης
1562 4533 1760 4605 κυρίας

135 4627 546 4700 εὐλογημένης
591 4626 893 4697 θυγατρὸς,
949 4627 983 4698 ἡ
1036 4625 1347 4698 προτροπὴ,
1405 4622 1524 4679 εἶτα
1563 4626 1658 4678 καὶ
1702 4624 1762 4689 ἐξ

133 4719 330 4775 αὑτοῦ
361 4718 459 4772 τοῦ
492 4717 969 4788 γραμματηφόρου
1021 4715 1306 4784 Ἰγνατίου,
1338 4715 1433 4768 τοῦ
1463 4733 1764 4786 πνευματι-

133 4810 254 4866 κοῦ
302 4810 470 4881 ἡμῶν
521 4806 662 4872 υἱοῦ,
701 4808 736 4876 ἡ
788 4807 926 4879 πρὸς
961 4807 1113 4877 ἡμᾶς
1163 4823 1255 4860 σου
1298 4805 1427 4870 τοὺς
1467 4804 1762 4867 ταπεινοὺς

132 4902 517 4974 προσηγορία
537 4901 802 4970 ἐγεγόνει·
827 4901 1138 4969 ἀναγκαίως
1160 4898 1402 4972 ἦλθομεν
1425 4899 1518 4952 ἐπὶ
1547 4899 1607 4952 τὸ
1627 4898 1762 4968 γρά-

129 4997 250 5067 ψαι
280 4994 454 5063 λόγον
479 4993 886 5064 παρακλήσεως
921 4994 988 5064 τῇ
1019 4991 1412 5064 τετρυχωμένῃ
1451 5008 1547 5044 σου
1585 4991 1757 5060 ψυχῇ,

128 5093 213 5143 ἐκ
239 5087 349 5142 τοῦ
391 5086 770 5158 συμπεσόντος
795 5087 935 5157 αὐτῇ
968 5084 1268 5148 τεθνεῶτος
1303 5085 1364 5137 ὲν
1408 5083 1486 5155 τῷ
1515 5082 1757 5154 πολέμῳ.

142 5180 343 5234 Ἀλλὰ
375 5181 531 5233 ποῖον
558 5179 624 5232 ἂν
671 5179 768 5232 καὶ
797 5177 1108 5249 ὲξευρεθείη
1153 5179 1445 5250 φάρμακον
1495 5195 1756 5248 παραμυ-

128 5272 280 5332 θίας
321 5270 412 5332 εἰς
463 5267 608 5322 ἴασιν
635 5269 734 5338 τῆς
771 5268 1030 5321 δυσιάτου
1075 5267 1324 5335 π).ηγῆς;
1359 5268 1426 5319 Ὢ
1455 5267 1554 5336 τῆς
1578 5267 1673 5319 καὶ
1704 5266 1762 5316 ὲν

123 5365 300 5433 ἀκοῇ
334 5360 482 5432 μόνῃ
511 5359 951 5430 ὲξηγορουμένης
983 5359 1299 5430 συμφορᾶςί
1337 5357 1510 5429 ὤχετο
1547 5357 1764 5426 ἔντιμον

125 5457 428 5528 σπέρμα,
463 5453 718 5526 μητρῷος
759 5452 1062 5524 ὀφθαλμὸς,
1100 5453 1389 5524 ἐγκάρδιον
1434 5451 1762 5520 σπλάγχνον,

121 5547 369 5609 κλάδος
402 5545 614 5616 εὐφυὴς
635 5585 652 5610 ,
686 5543 808 5598 ὅλον
849 5543 918 5596 δι’
953 5543 1079 5598 ὃλου
1110 5543 1208 5614 τῆς
1235 5541 1501 5611 τεκούσης
1533 5539 1593 5592 τὺ
1625 5538 1762 5607 φῶς,

1865 4493 2032 4601 iiujus
2065 4493 2314 4582 domina;-
2333 4493 2778 4584 illa—benedicta,
2816 4515 3160 4579 mandatum,
3197 4526 3261 4568 ac
3286 4511 3444 4567 dein-

1865 4625 1932 4679 de
1979 4637 2076 4691 per
2105 4619 2288 4690 ipsum
2320 4616 2415 4687 qui
2467 4615 2680 4670 litteras
2717 4611 2918 4674 attulit,
2961 4607 3230 4679 lgnatium
3277 4603 3445 4675 spiri-

1864 4713 2069 4769 tualem
2111 4712 2283 4766 tilium
2313 4717 2562 4764 nostrum
2583 4745 2598 4767 .
2635 4716 2728 4759 tua
2761 4700 2926 4758 simul
2959 4697 3260 4754 humilibus
3284 4694 3446 4750 nobis

1865 4806 2030 4861 allata
2063 4813 2148 4858 cst
2180 4800 2475 4866 salutatio;
2515 4795 2832 4852 necessario
2863 4790 3082 4847 adducti
3132 4805 3326 4846 sumus
3377 4788 3446 4842 ad

1865 4895 2211 4954 scribendam
2264 4889 2695 4947 consolationem
2744 4885 2944 4940 anima!
2975 4889 3083 4938 tua:
3113 4881 3326 4936 aﬂlicta:
3375 4880 3449 4935 ob

1865 5002 2167 5045 aerumnam
2201 5001 2323 5056 qua:
2349 4983 2453 5054 ipsi
2484 4981 2733 5052 contigit,
2763 4995 2828 5034 ex
2862 4977 3006 5033 beati
3059 4975 3153 5031 ﬁlii
3183 4975 3358 5038 obitu,
3389 4973 3448 5028 in

1866 5083 2009 5139 bello
2041 5079 2376 5149 interempti.
2417 5075 2622 5132 Verum
2671 5072 2951 5144 quodnam
2996 5069 3216 5125 tandem
3265 5067 3448 5124 solatii

1867 5173 2169 5231 remedium
2221 5170 2452 5226 inveniri
2509 5175 2674 5240 queat
2714 5165 2964 5221 sanando
2999 5163 3253 5228 vulneri,
3289 5161 3450 5232 cujus

1867 5266 2181 5323 diﬂicillima
2221 5275 2306 5320 est
2347 5262 2596 5318 curatio?
2632 5260 2678 5316 Ο
2705 5276 2828 5330 qua:
2853 5258 2936 5314 vel
2974 5257 3162 5312 auditu
3208 5256 3325 5311 solo
3359 5255 3452 5309 de-

1869 5361 2112 5416 claratur
2133 5357 2449 5413 calamitas!
2482 5354 2652 5410 Periit
2670 5370 2854 5410 semen
2879 5352 3232 5412 honoratum,
3255 5349 3452 5402 oculus

1869 5462 2173 5520 maternus,
2202 5468 2331 5524 pars
2353 5451 2536 5508 cordis
2560 5449 2772 5514 intima,
2801 5463 2988 5502 ramus
3023 5445 3327 5508 virescens,
3364 5451 3451 5496 to-

1872 5549 1983 5598 tum
2015 5560 2244 5614 prorsus
2267 5545 2453 5602 lumen
2482 5541 2779 5615 genitricis,
2814 5549 3070 5612 paternas
3091 5537 3144 5591 in
3171 5549 3230 5591 se
3255 5547 3452 5604 gerens

213 5684 272 5714 ⁸³
312 5683 481 5738 Psal.
507 5696 774 5748 Lxxxvm,
803 5682 893 5738 49.
971 5679 1063 5734 “l
1098 5680 1226 5737 Cor.
1262 5696 1354 5747 xv,
1385 5678 1475 5735 42.
1557 5681 1602 5711 ⁵⁵
1645 5677 1661 5730 Ι
1699 5678 1895 5735 Thess.
1930 5697 2003 5748 Iv,
2046 5683 2130 5738 l2.

1686 5791 1909 5849 ΝΟΤΛΞ.

221 5865 368 5939 (36)
404 5866 466 5922 In
499 5867 621 5922 cod.
652 5865 785 5936 Reg.
823 5865 962 5938 ρλς¹.
