4060 6374
584 401 719 466 1455

1764 399 1824 457 8.
1865 393 2261 457 ΤΗΕΟΒΟΗΙ
2288 391 2637 453 STUDsz‘E

3699 383 3830 447 1456

577 522 757 576 notas,
788 518 842 565 et
863 509 1141 565 viduitatis
1170 507 1541 568 solitudinem,
1566 505 1748 576 quoad
1775 505 1890 560 ﬁeri
1921 513 2152 576 poterat,

2264 504 2422 574 φέρον
2467 503 2599 566 τοὺς
2649 501 2936 572 πατρῴους
2971 504 3030 554 ἐν
3085 499 3260 570 ἐαυτῷ
3302 499 3694 573 χαρακτῆραςο
3743 504 3832 554 καὶ

576 605 898 668 sublevans,
931 603 1026 675 qui
1067 602 1233 658 totius
1266 601 1391 656 vita:
1420 601 1674 655 solatium
1712 608 1851 663 erat,
1888 610 2002 654 tum
2025 612 2152 667 erga

578 695 856 766 propriam
905 695 1154 757 domum,
1201 703 1315 747 tum
1349 707 1478 762 erga
1508 692 1970 762 consanguineos.
2011 688 2154 756 Quid

579 797 762 843 autem
799 789 998 842 factum
1029 795 1113 840 est
1136 783 1375 838 avolavit
1403 797 1470 838 ex
1497 783 1672 838 oculis
1700 783 1981 846 maternis,
2007 781 2156 836 exci-

579 895 676 934 sus
723 888 808 933 est
844 893 876 933 a
911 879 1052 934 bona
1089 877 1274 930 radice
1315 893 1330 930 :
1371 891 1437 930 ac
1487 891 1662 945 neque
1708 874 1762 930 in
1796 875 1968 931 oculis
2003 887 2154 928 mors

579 969 840 1040 contigit;
877 966 1021 1021 unde
1052 965 1484 1021 consolationem
1525 980 1591 1020 ex
1625 965 1937 1020 novissimis
1975 964 2156 1019 verbis

579 1071 635 1116 et
663 1075 728 1114 ex
755 1067 942 1115 sancta
966 1057 1250 1128 sepultura
1281 1055 1504 1126 capiunt
1531 1055 1625 1126 qui
1655 1056 1982 1111 domesticos
2016 1071 2156 1126 prae-

579 1152 824 1206 mittunt.
856 1147 1015 1204 Nunc
1047 1163 1196 1214 vero,
1249 1157 1445 1217 praeter
1465 1146 1571 1201 alia
1593 1187 1608 1210 ,
1643 1146 1748 1202 hoc
1793 1147 1955 1202 etiam
2003 1145 2154 1200 leva-

545 1248 766 1296 -mento
800 1239 979 1294 orbati
1007 1255 1234 1304 sumus;
1265 1238 1470 1292 eximio
1505 1239 1728 1294 surculo
1762 1239 1956 1310 gladiis
1985 1240 2158 1295 hosti-

577 1330 724 1386 libus
749 1328 958 1383 exciso.
1008 1327 1053 1383 Ο
1100 1329 1463 1382 miserandam
1512 1330 1864 1399 tragoediam!
1899 1345 1932 1384 0
1965 1346 2154 1385 casum

579 1423 1069 1478 inconsolabilem!
1124 1421 1378 1477 Fluctuat
1419 1438 1564 1478 nunc
1597 1424 1817 1479 animus
1854 1424 2154 1494 haeretque,

578 1529 878 1568 aerumnam
910 1513 1265 1568 considerans
1288 1553 1302 1577 ,
1343 1513 1436 1567 ubi
1469 1522 1522 1568 et
1551 1516 1828 1583 quomodo
1877 1531 1966 1571 rcs
2006 1527 2156 1586 gesta

581 1606 675 1672 sit,
707 1621 872 1676 quam
915 1605 970 1660 in
998 1607 1246 1675 corporis
1280 1618 1486 1676 partem
1518 1614 1740 1662 cruenta
1773 1621 1972 1660 manus
2001 1607 2158 1661 incu-

580 1696 778 1762 buerit,
825 1711 934 1767 quo
965 1695 1086 1750 loco
1143 1696 1259 1766 ipse
1305 1697 1507 1752 cadens
1545 1700 1781 1752 animam
1825 1696 2018 1751 eillarit
2049 1714 2062 1750 :
2088 1712 2156 1751 an

581 1789 766 1844 subito
799 1805 814 1856 ;
848 1803 918 1842 an
951 1803 1060 1842 uno
1089 1787 1159 1843 ab
1197 1789 1350 1855 ictu;
1383 1803 1450 1842 an
1478 1789 1759 1858 quidpiam
1781 1788 1995 1843 etfatus.
2041 1787 2157 1844 Heu

581 1879 993 1950 spectaculum!
1027 1877 1172 1933 Proh
1220 1878 1410 1932 horam
1445 1879 1628 1933 illam!
1662 1877 2002 1934 Thesaurum
2031 1895 2158 1934 cum

579 1972 724 2027 bona
749 1987 846 2043 spe
874 1971 1203 2036 dimisimus,
1231 1983 1286 2025 et
1317 1971 1526 2026 luctum
1554 1970 1957 2029 ineluctabilem
1990 1971 2160 2027 colle-

581 2079 783 2133 gimus.

655 2239 722 2294 Et
755 2240 882 2310 quis
919 2231 1219 2295 rerumnain
1249 2242 1541 2312 deplorans
1563 2284 1579 2308 ,
1611 2243 1834 2313 dignum
1861 2246 2160 2316 quidquam

583 2333 766 2403 eloqui
800 2333 1015 2403 possit?
1043 2332 1300 2390 Fortasse
1332 2347 1387 2390 et
1426 2335 1508 2391 sol
1539 2336 1655 2406 ipse
1681 2337 1948 2404 insuavis,
1984 2349 2039 2394 et
2074 2340 2162 2394 in-

585 2423 738 2478 visus
777 2438 893 2488 aer,
946 2431 1000 2477 et
1023 2438 1172 2476 mare
1201 2424 1582 2493 injucundum,
1612 2433 1669 2478 et
1696 2433 1840 2479 terra
1869 2441 1977 2480 non
2006 2435 2164 2496 opta-

584 2517 731 2583 bilis,
753 2525 809 2570 et
830 2515 1028 2571 emtum
1047 2515 1320 2578 odiosum,
1344 2515 1761 2571 intellectualem
1779 2518 1989 2572 stellam
2016 2526 2162 2572 tuam

585 2621 694 2660 non
729 2606 956 2660 habens.
991 2604 1115 2658 llaac
1170 2613 1332 2674 atque
1387 2605 1476 2660 his
1535 2607 1688 2676 plura
1732 2607 1972 2660 animam
2014 2616 2162 2662 tuam

585 2697 956 2753 concutientia
976 2735 993 2763 ,
1025 2711 1123 2752 cor
1148 2697 1599 2766 constringentia,
1632 2705 1687 2751 et
1723 2699 1963 2752 calentes
1992 2697 2167 2767 laciy-

586 2813 705 2852 mas
730 2795 1037 2864 fundentia,
1071 2807 1124 2850 et
1145 2795 1380 2864 ejulatus
1402 2795 1714 2861 edentia,et
1747 2797 1814 2851 ad
1849 2798 1973 2851 vita:
2006 2795 2166 2851 istius

583 2890 808 2944 taedium
844 2889 1164 2960 redigentia.
1227 2888 1425 2944 Verum
1463 2905 1582 2958 age,
1619 2890 1864 2955 domina,
1907 2904 2027 2960 age,
2079 2903 2167 2943 re-

586 2983 837 3048 valesce;
892 2991 1108 3054 tempus
1157 2991 1240 3036 est
1305 2989 1361 3034 ut
1421 2984 1662 3035 animum
1719 2982 1954 3036 relicias.
2003 2981 2166 3050 Aperi

589 3090 772 3138 aures,
812 3073 1026 3129 divinas
1049 3089 1214 3130 voces
1236 3072 1554 3127 exaudiens.
1590 3071 1764 3127 Homo
1786 3073 1923 3126 sicut
1949 3073 2126 3142 [cuum
2146 3087 2165 3126 :

588 3167 700 3221 dies
747 3166 860 3235 ejus
901 3176 1152 3236 tauquam
1213 3169 1310 3233 ﬂos
1346 3167 1484 3235 agri,
1544 3166 1620 3218 sic
1661 3165 1961 3234 deﬂorescet
1992 3165 2058 3218 ⁸⁸.
2093 3194 2163 3208 --
2189 3192 2231 3251 c

593 3256 717 3310 Non
742 3257 842 3310 erit
876 3259 1029 3309 homo
1081 3259 1170 3328 qui
1203 3260 1354 3319 vivet,
1393 3267 1442 3309 et
1479 3272 1583 3309 nou
1611 3257 1799 3309 videbit
1848 3265 2070 3310 mortem
2094 3258 2162 3313 ⁸⁷.

589 3377 662 3386 —
700 3345 760 3401 Si
788 3346 1052 3400 credimus
1091 3347 1229 3414 quod
1272 3344 1430 3400 Iesus
1459 3355 1694 3400 mortuus
1723 3354 1798 3399 est
1838 3354 1889 3398 et
1933 3362 2169 3400 resurre—

491 3503 494 3506 ,
590 3442 670 3494 xit
693 3455 714 3506 ;
744 3441 820 3493 ita
843 3448 891 3493 et
909 3439 1048 3494 Deus
1076 3455 1162 3492 eos
1189 3439 1277 3507 qui
1297 3439 1622 3492 dormierunt
1650 3454 1742 3508 per
1760 3435 1967 3502 Iesum,
1997 3438 2170 3491 addu-

589 3543 669 3585 cet
708 3547 827 3585 cum
858 3545 918 3584 eo
943 3530 1010 3584 ⁸⁸.
1040 3529 1158 3585 Non
1199 3531 1362 3600 igitur
1391 3545 1620 3600 prorsus
1644 3529 1931 3584 amisimus
1960 3528 2166 3595 ﬁlium;

593 3623 686 3678 sed
722 3622 886 3692 paulo
927 3629 1096 3692 post,
1149 3637 1273 3676 cum
1309 3621 1614 3675 insonuerit
1669 3621 1968 3677 novissima
2017 3621 2168 3687 tuba,

592 3723 843 3786 resurget
874 3715 927 3768 in
959 3729 1246 3769 occursum
1286 3712 1496 3767 Domini
1536 3714 1588 3766 in
1639 3729 1789 3778 aera,
1824 3723 1878 3767 et
1917 3713 1989 3768 ibi
2017 3713 2167 3768 illum

591 3807 899 3862 videbimus
921 3806 988 3861 ”.
1021 3805 1230 3860 Lethali
1276 3807 1430 3876 plaga
1471 3805 1593 3860 istic
1627 3821 1803 3860 czesus
1841 3816 1927 3861 est
1957 3822 1971 3859 :
2007 3816 2064 3860 at
2097 3806 2171 3860 ibi

592 3913 830 3952 interere
853 3896 1186 3967 sempiterno
1217 3912 1324 3950 non
1359 3895 1640 3961 allicietur,
1692 3895 1917 3951 Christo
1947 3897 2171 3952 induttts

592 4005 690 4058 per
717 3989 1074 4057 baptismum,
1110 3987 1381 4057 ﬁdemque
1429 3988 1790 4042 orthodoxam
1828 3989 2170 4058 complexus,

593 4093 659 4134 ac
687 4078 876 4135 saeculi
907 4077 1072 4148 hujus
1100 4078 1472 4147 voluptatibus
1497 4078 1716 4132 vixdum
1745 4094 1964 4134 summo
2001 4079 2172 4150 digito

594 4186 691 4240 per
717 4168 1012 4240 iuvenilem
1045 4179 1261 4224 aetatem
1289 4169 1614 4240 degustatis.
1647 4169 1822 4235 Quam
1855 4169 1926 4224 ob
1943 4185 2169 4226 causam

595 4261 870 4316 credimus
902 4259 1055 4314 illum
1079 4259 1294 4314 veniam
1324 4275 1517 4316 eorum
1545 4299 1559 4324 ,
1592 4276 1713 4330 qua:
1747 4269 1806 4314 ut
1843 4260 2006 4316 homo
2035 4277 2173 4330 prae-

595 4353 830 4409 termisit
854 4351 939 4406 vel
969 4351 1192 4406 admisit
1217 4391 1232 4416 ,
1289 4367 1384 4420 per
1433 4352 1782 4406 immaturam
1821 4361 1876 4408 et
1910 4352 2171 4424 injustam

593 4447 738 4502 hanc
768 4454 1002 4499 mortem
1047 4443 1486 4514 impetraturum.
1540 4443 1715 4509 Quam
1767 4444 1954 4500 multis
1997 4447 2170 4510 enim,

2252 595 2353 668 τὴν
2381 595 2622 667 ἐρημίαν
2659 597 2758 664 τῆς
2783 595 3013 665 χηρείας
3066 593 3189 651 καθ’
3227 596 3353 650 ὅσον
3385 588 3498 648 οἷόν
3530 610 3593 647 τε
3633 594 3831 646 ὑποτε-

2258 688 2554 759 μνόμενον,
2588 687 2683 741 καὶ
2708 687 2832 741 ὅλου
2851 686 2946 740 τοῦ
2973 685 3091 756 βίου
3119 686 3178 740 ὃν
3209 686 3582 758 παραμύθιον,
3615 687 3762 738 κατά
3780 703 3835 738 τε

2252 780 2352 851 τὴν
2385 780 2524 833 ἰδίαν
2553 781 2759 845 ἐστίαν,
2799 781 2894 833 καὶ
2925 780 3053 843 τοὺς
3086 777 3179 848 ἀφ’
3213 779 3468 850 αίματος.
3501 778 3618 833 Καὶ
3647 778 3703 830 τί
3751 777 3839 844 γέο

2253 889 2444 942 γονεν,
2473 872 2718 944 Ἀπέπτη
2763 873 2872 926 τῶν
2919 872 3203 944 μητρικῶν
3239 870 3558 943 ὀφθαλμῶν,
3600 871 3840 938 ἐξεκόπη

2253 967 2353 1036 τῆς
2381 963 2596 1033 ἀγαθῆς
2638 964 2793 1034 ῥίζης
2807 981 2823 996 ⁹
2869 965 2964 1020 καὶ
2995 964 3115 1017 οὐδὲ
3154 965 3277 1018 κατ’
3316 962 3636 1032 ὀφθαλμοὺς
3663 964 3694 1013 ὁ
3743 959 3838 1011 θά-

2255 1073 2416 1119 νατος
2440 1071 2454 1086 ⁸
2492 1055 2579 1125 ἐφ’
2607 1049 2652 1124 ᾧ
2699 1056 2796 1110 καὶ
2844 1057 3192 1127 παρηγορίαν
3214 1056 3304 1110 διὰ
3340 1055 3449 1110 τῶν
3478 1053 3705 1120 ἐξοδίων
3742 1056 3840 1122 ρη-

2259 1149 2468 1220 μάτων,
2524 1149 2620 1202 καὶ
2661 1148 2762 1213 τῆς
2808 1149 2964 1212 ὁσίας
3013 1153 3191 1218 ταφῆς
3236 1148 3578 1220 ἐρανίζονται
3623 1149 3673 1198 οἱ
3718 1147 3840 1209 τοὺς

2255 1240 2491 1302 οἰκείους
2534 1240 2976 1311 προπέμποντες.
3017 1239 3132 1293 Νῦν
3167 1239 3260 1304 δὲ,
3313 1239 3452 1308 μετά
3482 1239 3602 1291 τῶν
3631 1237 3839 1298 ἄλλων,

2257 1331 2618 1403 ἀφῃρέθημεν
2647 1331 2742 1384 καὶ
2768 1331 2933 1399 τῆσδε
2961 1329 3062 1402 τῆς
3105 1329 3530 1401 παρακλήσεως,
3557 1326 3657 1380 τοῦ
3701 1330 3840 1394 ἀγαο

2257 1422 2354 1477 θοῦ
2397 1422 2587 1491 ἔρνους
2635 1421 2885 1491 μίίικειίρξι
2927 1419 3201 1490 πολεμικῇ
3243 1418 3567 1488 τμηθέντος·
3630 1417 3698 1468 ὀ
3745 1418 3840 1484 τῆς

2257 1511 2500 1580 ἐλεεινῆς
2538 1511 2882 1582 τραγῳδίαςί
2911 1511 2956 1563 ὢ
2999 1511 3100 1580 τῆς
3141 1509 3534 1580 ἀπαρακλήτου
3580 1509 3842 1577 συμπτώ-

2261 1603 2433 1667 σεωςί
2495 1603 2744 1656 Ἀστατεί
2783 1601 2909 1674 ἄρτι
2941 1603 2970 1655 ὀ
3013 1601 3139 1666 νοῦς
3180 1599 3510 1672 ἀναθεωρῶν
3536 1599 3604 1652 τὸ
3632 1599 3838 1658 πάθος.

2261 1696 2363 1752 ποῦ
2403 1697 2498 1750 καὶ
2547 1697 2666 1760 πῶς
2709 1695 2992 1768 ὑπήρχθη,
3039 1695 3181 1749 κατά
3226 1697 3381 1748 ποῖον
3417 1693 3582 1764 μέλος
3612 1695 3645 1762 ή
3683 1692 3841 1760 gavia

2260 1792 2383 1862 χεὶρ
2419 1790 2608 1861 ἐτάθη,
2663 1789 2808 1842 κατά
2845 1789 2968 1843 τίνα
3005 1789 3172 1842 τόπον
3203 1787 3385 1840 πεσὼν
3424 1787 3692 1840 ἀπέπνει’
3735 1781 3837 1852 ἆρα

2263 1882 2453 1935 θᾶττον
2478 1899 2493 1912 ο
2525 1877 2636 1952 ἆρα
2669 1883 2734 1934 ἐκ
2773 1881 2904 1949 μιᾶς
2937 1879 3186 1950 πληγῆςο
3209 1874 3322 1950 ἆρά
3343 1895 3400 1930 τι
3436 1876 3708 1930 ἐπειπών.
3735 1875 3835 1927 Φεῦ

2259 1976 2360 2045 τῆς
2396 1974 2669 2043 ἱστορίαςί
2717 1973 2914 2027 ’Λϐάλε
2953 1973 3054 2042 τῆς
3085 1971 3237 2042 ὥρας
3265 1971 3509 2041 ἐκείνηςι
3557 1971 3836 2024 Ἀπεστείο

2260 2065 2434 2136 λαμεν
2476 2064 2596 2135 μετ’
2660 2065 2876 2128 ἐλπίδος
2929 2067 3174 2136 χρηστῆς
3224 2063 3316 2117 τὸν
3379 2063 3692 2135 θησαυρὸν,
3750 2063 3838 2114 καὶ

2260 2158 2650 2228 ἐτρυγήσαμεν
2677 2155 3121 2227 ἀπαραμύθητον
3147 2155 3404 2226 ὀδυρμόν.

2333 2247 2444 2300 Καὶ
2471 2247 2524 2300 τί
2559 2247 2623 2300 ἄν
2651 2264 2735 2310 τις
2762 2248 2907 2302 είποι
2925 2247 3076 2313 ἀξιον
3107 2247 3339 2318 θρήνους
3360 2246 3750 2314 ἐλεεινολογῶν
3783 2249 3843 2300 τὸ

2262 2337 2430 2402 πάθος
2452 2355 2468 2406 ;
2497 2339 2650 2408 Τάχα
2687 2355 2767 2391 σοι
2796 2343 2890 2392 καὶ
2910 2341 2938 2391 ὁ
2959 2337 3109 2408 ἥλιος
3131 2338 3378 2406 στυγνὸς,
3398 2339 3494 2390 καὶ
3518 2339 3546 2390 ὁ
3584 2339 3697 2407 ἀὴρ
3718 2354 3842 2388 κατι

2261 2428 2430 2496 ηφὴς,
2462 2425 2558 2480 καὶ
2587 2428 2618 2496 ἡ
2655 2425 2900 2480 θάλασσα
2925 2428 3026 2497 οὐχ
3054 2428 3229 2498 ήδεία,
3263 2429 3406 2498 καὶὴ
3431 2430 3504 2496 γῆ
3529 2428 3636 2481 οὐκ
3657 2427 3842 2497 apati},

2263 2521 2358 2572 καὶ
2405 2521 2433 2572 ὁ
2464 2519 2693 2590 οὐρανὸς
2736 2521 3003 2591 ἐπαχθὴς,
3043 2521 3144 2573 οὐκ
3179 2520 3320 2591 ἔχων
3369 2535 3464 2573 σου
3515 2519 3613 2573 τὸν
3662 2521 3845 2589 νοητὸν

2263 2611 2493 2681 ἀστέρα.
2529 2611 2778 2664 Τοσαῦτα
2812 2612 2906 2664 καὶ
2925 2610 3008 2665 ἔτι
3044 2611 3214 2664 πλείω
3248 2608 3456 2664 τοίιτων
3499 2611 3572 2664 τά
3620 2611 3848 2681 κραδαίσ

2263 2703 2424 2756 νοντά
2453 2719 2547 2756 σου
2577 2702 2675 2773 τὴν
2720 2701 2916 2773 ψυχὴν,
2957 2703 3054 2756 καὶ
3099 2704 3394 2775 συνέχοντα
3440 2704 3539 2776 τὴν
3592 2705 3849 2775 καρδίαν,

2265 2793 2362 2846 καὶ
2423 2793 2728 2865 προχέοντα
2780 2795 2851 2848 τὰ
2902 2794 3082 2870 θερμά
3121 2795 3358 2867 δάκρυα,
3428 2796 3526 2850 καὶ
3590 2797 3855 2868 ἀναπέμ-

2266 2902 2438 2941 ποντα
2455 2885 2556 2951 τάς
2584 2886 2854 2958 οἰμωγὰς,
2895 2891 2992 2942 καὶ
3021 2887 3402 2960 ἐξαποροῦντα
3433 2890 3526 2942 καὶ
3552 2889 3733 2943 αὐτοῦ
3759 2889 3854 2942 τοῦ

2267 2977 2389 3050 ζῇν.
2432 2977 2595 3032 Ἀλλά
2616 2977 2797 3050 δεῦρο,
2844 2979 3033 3052 κυρία,
3071 2980 3255 3052 δεῦρο,
3293 2979 3655 3052 ἀναψύχησον
3681 2998 3693 3010 ·
3727 2999 3858 3037 και-

2271 3069 2362 3141 ρὸς
2390 3069 2500 3141 γάρ
2530 3071 2880 3140 ἀνακλήσεως
2898 3088 2912 3104 ο
2938 3071 3152 3137 ἄνοιξον
3169 3089 3263 3126 σου
3293 3071 3364 3126 τά
3390 3065 3527 3135 ὦτα,
3562 3077 3860 3143 "erantpate-

2273 3161 2414 3232 μένη
2459 3161 2568 3216 τῶν
2607 3162 2766 3216 θείων
2809 3165 3023 3232 φωνῶν.
3060 3165 3398 3232 Ἀνθρωπος
3451 3163 3599 3218 ὡσεὶ
3637 3165 3861 3234 χόρτος

2267 3255 2327 3308 αἱ
2346 3252 2562 3323 ἡμέραι
2600 3253 2788 3309 αὑτοῦ
2810 3269 2826 3286 '
2862 3254 3006 3308 ὡσεὶ
3051 3254 3236 3321 ἄνθος
3284 3255 3392 3310 τοῦ
3416 3255 3640 3324 ἀγροῦ,
3665 3257 3858 3323 οὕτως

2265 3345 2814 3412 ἐξανθήσει.-Οῠκ
2835 3347 3009 3401 ἐστιν
3033 3346 3344 3415 ἄνθρωπος
3371 3346 3440 3414 ὃς
3471 3347 3742 3414 ζήσεται,
3759 3350 3857 3402 καὶ

2266 3439 2379 3492 οὐκ
2397 3437 2608 3506 ὄψεται
2639 3437 3061 3492 θάνατοι-ΕΙ
3088 3438 3451 3508 πιστεύομεν
3478 3438 3573 3492 ὅτι
3607 3439 3858 3506 Ἰησοῦς

2266 3527 2532 3583 ἀπέθανε
2559 3527 2657 3580 καὶ
2689 3527 2940 3595 ἀνέστη,
2963 3526 3155 3594 οὕτως
3184 3528 3283 3582 καὶ
3311 3531 3344 3582 ό
3383 3529 3527 3594 Θεὸς
3547 3529 3698 3594 τοὺς
3727 3546 3856 3583 κοι-

2262 3619 2564 3690 μηθέντας
2591 3619 2690 3674 διὰ
2719 3619 2825 3673 τοῦ
2861 3619 3067 3687 Ἰησοῦ
3111 3619 3243 3684 ἄξει
3269 3619 3392 3674 σὺν
3418 3620 3602 3686 αὐτῷ.
3627 3623 3704 3675 Οὔ
3737 3621 3858 3674 τοί-

2268 3725 2366 3763 νυν
2390 3709 2578 3763 λοιπὸν
2617 3709 2988 3782 ἀπολώλαμεν
3009 3711 3098 3764 τὸν
3132 3711 3247 3765 υίόν
3269 3727 3284 3743 ·
3307 3711 3440 3765 ἀλλά
3470 3713 3677 3782 μικρὸν
3697 3711 3860 3764 ὕστε-

2273 3819 2385 3874 ρον,
2422 3803 2586 3872 ἡνίκα
2616 3805 2649 3874 ή
2676 3803 2882 3873 ἐσχάτη
2911 3803 3148 3872 σάλπιγξ
3178 3805 3438 3874 φωνήσει,
3477 3805 3862 3876 ἀναστήσεται

2269 3895 2348 3958 είς
2381 3895 2687 3966 ἀπάντησιν
2733 3894 2830 3949 τοῦ
2881 3897 3088 3966 Κυρίου
3134 3899 3214 3959 είς
3264 3896 3438 3966 ἀέρα·
3475 3899 3644 3950 κάκεῖ
3689 3897 3860 3950 αὑτὸν

2268 3985 2535 4057 ὀψόμεθα.
2594 3986 2839 4057 Ἐπλήγη
2887 3988 3111 4059 καιρίαν
3159 3987 3392 4040 ἐνταῦθα
3431 3987 3692 4058 πληγὴν,
3740 3987 3860 4041 ἀλλ’

2269 4076 2450 4130 ἐκεῖσε
2483 4077 2643 4140 ἀνίας
2665 4078 2890 4132 αἰωνίου
2939 4079 3002 4131 οὐ
3051 4077 3465 4150 πειραθήσεται,
3500 4080 3745 4150 Χριστὸν
3765 4082 3858 4134 ὲν-

2268 4165 2562 4236 δεδυμένος
2603 4166 2692 4220 διά
2731 4167 2826 4222 τοῦ
2867 4167 3264 4242 βαπτίσματος,
3309 4169 3407 4240 τήν
3447 4186 3510 4222 τε
3542 4171 3730 4224 πίστιν
3753 4171 3858 4241 dp-

2272 4255 2488 4322 θόδοξον
2530 4258 2800 4331 ἐσχηκὼς,
2844 4261 2940 4316 καὶ
2989 4261 3142 4316 οὔπω
3189 4261 3526 4332 ἐμπλησθεὶς
3573 4263 3688 4317 τῶν
3723 4267 3860 4335 τῇδε

2271 4347 2464 4418 ἡδέων,
2491 4349 2616 4406 ὅσον
2640 4349 2798 4422 ἄκρῳ
2827 4350 2906 4422 τῷ
2936 4351 3186 4422 δακτύλῳ
3205 4351 3622 4420 ἀπογεύσασθαι
3643 4354 3730 4408 διά
3753 4354 3858 4424 τὴν

2272 4441 2528 4512 νεότητα.
2556 4436 2632 4498 Οῦ
2665 4443 2830 4516 χάριν
2867 4443 3198 4513 πιστεύομεν
3227 4443 3323 4498 καὶ
3341 4443 3449 4496 τῶν
3467 4444 3544 4507 ὡς
3569 4444 3858 4516 ἀνθρώπῳ

593 4540 847 4603 dotuina,
881 4537 935 4592 in
965 4551 1129 4591 carne
1173 4551 1422 4596 manens.
1453 4536 1795 4590 exercendus
1817 4536 1979 4592 malis
2007 4538 2164 4592 erati

2272 4531 2422 4604 αὑτῷ
2448 4532 2896 4604 παρεωραμένων
2926 4535 3022 4588 καὶ
3053 4534 3631 4605 πεπλημμελημένων,
3653 4535 3740 4588 διά
3757 4538 3856 4588 τὶν

593 4633 790 4684 Annon
821 4627 917 4682 tibi
948 4627 1163 4682 videtur
1200 4626 1314 4681 haec
1341 4627 1450 4679 vita
1480 4624 1689 4680 homini
1716 4627 1783 4679 ad
1813 4626 2169 4682 tentationem

593 4719 900 4774 attributa?
938 4717 1224 4788 coujugem
1277 4718 1547 4788 accipere,
1604 4717 1806 4774 liberos
1853 4733 2168 4788 procreare,

593 4813 790 4876 servis,
819 4810 1049 4880 aliisque
1077 4810 1242 4864 rebus
1283 4809 1351 4864 ad
1386 4811 1551 4864 vitam
1583 4809 1808 4865 utilibus
1841 4810 2122 4866 abundare
2152 4829 2167 4867 :

596 4902 895 4958 addiderim
941 4911 998 4957 et
1051 4908 1280 4956 terrena:
1315 4901 1502 4972 gloria:
1530 4916 1900 4974 progressum.
1959 4901 2170 4969 Quibus

593 4995 850 5050 omnibus
881 4993 1187 5064 expeditus,
1239 5007 1492 5062 magnam
1530 4993 1819 5050 habiturus
1847 5004 1934 5050 est
1972 4996 2170 5050 animae

595 5085 925 5150 libertatem,
956 5082 1070 5139 Deo
1093 5084 1440 5149 coniunctus,
1487 5090 1542 5138 et
1570 5083 1732 5140 salsis
1761 5085 1882 5140 vita:
1912 5083 2168 5140 ﬂuctibus

581 5177 836 5244 animam
874 5175 1066 5230 leviter
1091 5189 1372 5246 aspersus.

2271 4625 2514 4679 τοιοῦτον
2549 4627 2728 4697 ἄωρον
2753 4626 2850 4679 καὶ
2886 4627 3072 4682 ἄδικον
3106 4628 3335 4683 θάνατον
3365 4629 3718 4700 συγχώρησιν
3754 4629 3858 4700 λιξ-

2271 4716 2493 4788 ψεσθαι.
2524 4717 2715 4772 Πὸσων
2745 4719 2854 4789 γὰρ
2877 4719 3122 4790 ἔμελλεν,
3154 4715 3200 4774 ὦ
3233 4722 3418 4792 κυρία,
3451 4722 3736 4791 ἐπιμένων
3779 4724 3854 4792 τῇ

2273 4817 2442 4882 σαρκὶ
2487 4811 2874 4882 ἐμφορηθῆναι
2899 4813 3087 4872 κακῶν
3109 4829 3126 4881 ;
3152 4813 3186 4884 ἢ
3216 4815 3278 4868 οὐ
3299 4813 3449 4868 δοκεῖ
3477 4832 3561 4868 σοι
3585 4817 3673 4869 ὅτι
3694 4819 3723 4869 ὀ
3747 4819 3854 4885 τῇ-

2269 4901 2329 4954 δε
2361 4901 2475 4971 βίος
2535 4903 2896 4975 πειρατήριον
2940 4903 3018 4976 τῷ
3052 4904 3323 4976 ἀνθρώπῳ
3377 4905 3730 4976 metasque;
3757 4923 3858 4957 συ-

2271 4991 2439 5061 ζύγου
2471 4993 2656 5064 λῆψις,
2685 4993 2892 5048 τέκνων
2922 4995 3138 5067 κτῆσις,
3162 4996 3366 5051 δούλων
3398 4999 3495 5050 καὶ
3532 4998 3710 5053 ἄλλων
3735 4998 3860 5050 τῶν

2269 5085 2412 5138 κατὰ
2454 5085 2547 5138 τὸν
2581 5085 2695 5156 βίον
2717 5087 3166 5159 χρησιμευόντων
3190 5090 3480 5158 περιουσία
3505 5104 3521 5119 ο
3549 5091 3858 5161 προσθεεην

2269 5174 2314 5226 δ’
2363 5176 2428 5228 ἂν
2479 5178 2574 5230 καὶ
2617 5181 2867 5247 ἐπιγείου
2916 5180 3111 5245 κλέους
3160 5182 3404 5252 πρόοδος.
3439 5175 3541 5233 Ὧν
3589 5183 3860 5235 ἁπάντων

594 5269 954 5338 ἀπαλλαγεὶς,
986 5267 1187 5338 πολλὴν
1241 5265 1352 5331 ἕξει
1382 5265 1480 5336 τῆς
1507 5265 1689 5339 ψυχῆς
1740 5269 1840 5338 τὴν
1873 5265 2209 5336 ἐλευθερίαν,
2244 5265 2323 5336 τῷ
2356 5266 2476 5338 Θεῷ
2513 5270 3025 5342 προσοικειούμενος
3046 5287 3060 5302 ·
3091 5272 3184 5326 κα)⁸
3213 5273 3370 5341 ὀλίγα
3426 5273 3732 5342 ραντισθεὶς
3787 5277 3862 5327 ἐκ

580 5362 695 5433 ’τῆς
720 5361 969 5431 ἁλμυρᾶς
997 5359 1090 5412 τοῦ
1120 5358 1236 5427 βίου
1279 5356 1574 5428 τρικυμίας
1615 5359 1714 5429 τὴν
1740 5360 1936 5430 ψυχήν.

667 5453 804 5507 Hinc
825 5452 988 5521 igitur
1016 5451 1232 5505 remitte
1272 5466 1335 5502 ac
1362 5450 1593 5518 depone,
1635 5451 1878 5516 domina,
1908 5455 2164 5510 inconso-

595 5543 812 5598 labilem
845 5542 1087 5597 dolorem
1119 5556 1133 5592 :
1165 5549 1344 5593 statue
1397 5539 1689 5594 terminum
1725 5557 1982 5596 aerumna:
2027 5560 2164 5598 con-

596 5645 877 5707 gruentem
909 5652 922 5688 :
953 5633 1179 5687 Immola
1205 5633 1308 5688 Deo
1329 5633 1552 5686 hostiam
1584 5632 1910 5687 laudationis
1935 5635 2002 5702 ⁸ο,
2028 5650 2164 5691 ροη-

666 5810 714 5842 ⁵⁶
745 5809 890 5866 Psal.
923 5825 1017 5878 cn,
1051 5811 1137 5866 15.
1215 5812 1258 5846 ⁸⁷
1302 5811 1447 5870 Psal.
1489 5825 1717 5878 Lxxxtn,
1750 5811 1839 5867 49.
1916 5812 1962 5844 ⁸⁸
1994 5811 2238 5872 lTltess.
2275 5832 2349 5880 tv,
2389 5815 2475 5872 1³5.

2362 5450 2645 5506 Ἐντεῦθεν
2663 5449 2976 5522 τοιγαροῦν,
2995 5453 3138 5518 ἄνες,
3156 5453 3312 5521 ἄφες,
3329 5454 3604 5518 δέσποινα,
3624 5457 3682 5509 τὸ
3698 5458 3866 5510 ἁπα-

2280 5543 2583 5612 ρηγόρητον
2616 5539 2879 5611 λυπηρὸν,
2909 5541 3078 5611 πῆξεν
3105 5543 3230 5611 ὅρον
3270 5543 3350 5613 τῷ
3396 5544 3559 5597 πάθει
3608 5545 3824 5616 διαρκῆ
3845 5562 3862 5575 ·

2276 5635 2478 5690 Θῦσον
2495 5632 2570 5700 τῷ
2591 5632 2712 5699 Θεῷ
2736 5637 2957 5690 θυσίαν
2997 5634 3303 5702 αἰνέσεως,
3341 5635 3868 5708 ἀνθομολογήσεως.

2552 5816 2596 5848 ⁸⁸
2627 5814 2759 5871 ibid.
2797 5815 2885 5875 l5.
2959 5816 3004 5848 ⁶⁰
3032 5813 3177 5871 Psal.
3211 5831 3356 5881 χιιι,
3388 5816 3476 5872 Η.
