4060 6374
240 294 378 361 1457

1418 282 1974 356 ἙΡΙΞΤΟΙΑΑΒΙΙΜ
2013 293 2164 354 LIB.
2208 293 2297 354 ll.

3361 288 3496 357 1458

239 406 371 463 Εἰπὲ
397 405 538 478 μετὰ
559 407 655 463 τοῦ
684 405 960 481 μακαρίου
1001 401 1158 458 Ἰώδο
1204 400 1269 455 '0
1295 400 1509 470 Κύριος
1528 399 1819 465 ἐδωκεν,ό

1928 397 2198 455 fessionis.
2267 395 2364 454 Dic
2415 413 2539 453 teum
2603 397 2765 454 beato
2823 395 2971 453 Job:
3002 398 3259 454 Dominus
3328 402 3496 465 dedit.

235 501 451 569 Κύριος
475 499 757 569 ἀφείλετο
775 499 885 565 ’ὡς
904 493 1189 564 τῷΚυρίῳ
1208 491 1442 556 ἔδοξεν,
1470 490 1659 559 οὕτως
1709 490 1811 546 καί

233 592 488 664 ἐγένετο.
521 591 756 661 Φθέγξαι
813 591 883 645 τὰ
926 587 1136 643 ’Δαυῖδηο
1182 585 1602 655 Ἐπίστροφον,
1636 578 1811 655 ψυχή

230 703 372 757 μου,
390 688 477 755 εις
499 683 617 752 τὴν
657 682 1011 739 ἀνάπαυσιν
1031 694 1173 734 σου.
1197 678 1362 749 Ψυχὴ
1388 677 1498 749 γάρ
1521 693 1640 743 σου,
1663 678 1700 749 ἡ
1714 676 1811 731 τοῦ

233 779 353 834 υίοῦ
384 777 705 842 ἀποδίωσιςο
732 775 870 846 πρὸς
890 774 947 828 δὲ
994 772 1095 845 τὴν
1140 769 1373 845 χηρείαν
1428 769 1812 825 ἀνασλέπουσα

237 869 259 943 [
264 869 400 940 Reg.
438 868 564 925 cod.
613 863 1051 937 duoﬁiézoooal,
1083 861 1412 937 ἀνακραξον·
1442 863 1658 931 Κύριος
1681 860 1813 933 ἐμοὶ

227 962 460 1032 ,ϐοηθός
484 978 496 992 ο
526 961 601 1015 οὐ
633 957 1050 1030 φοϐηθήσομαι
1075 957 1133 1011 rt
1157 957 1401 1023 ποιήσει
1438 973 1542 1026 μοι
1590 955 1815 1024 ἅνθρω-

233 1069 372 1120 πος.
412 1050 570 1107 Οὐτω
603 1051 713 1122 γὰρ
761 1047 1114 1121 διατιθεμένη
1162 1047 1389 1118 ἑαυτὴν,
1445 1045 1664 1119 πρῶτον
1713 1045 1814 1117 μὲν

231 1144 368 1199 Θεὸν
380 1143 675 1215 εὐφρανεῖς
691 1141 768 1204 ὡς
787 1136 1129 1211 αὐθαιρέτως
1141 1137 1356 1201 θυσίαν,
1375 1137 1519 1192 κατὰ
1540 1132 1813 1208 ’Ᾱσραὰμ,

231 1236 326 1291 τὸν
354 1234 468 1289 υίδν
499 1233 908 1306 προσφέρουσα.
946 1225 1083 1286 Εἶτα
1122 1229 1223 1285 καὶ
1275 1229 1429 1300 αὐτῷ
1460 1228 1540 1298 τῷ
1572 1227 1817 1300 φιλτάτῳ

232 1328 412 1399 τέκνῳ
441 1326 644 1401 χαρίσῃ
672 1327 743 1380 τὰ
792 1326 1090 1399 κράτιστα,
1135 1322 1332 1395 ὁρῶντί
1383 1338 1444 1376 σε
1476 1319 1817 1395 εὐχαρίστως

233 1420 534 1492 φέρουσαν.
571 1419 697 1482 Τοῖς
726 1435 788 1471 τε
822 1416 1003 1481 ἄλλοις
1037 1414 1244 1471 ἅπασιν
1276 1413 1582 1486 ὑπόδειγμα
1611 1414 1818 1484 ὑπομο-

232 1511 337 1581 νῆς
360 1510 575 1582 ἀγαθῆς
600 1509 1005 1582 καταστήσειας
1038 1507 1099 1561 ὲν
1122 1505 1347 1577 Χριστῷ
1390 1504 1569 1576 Ἰησοῦ
1596 1504 1676 1577 τῷ
1698 1506 1816 1560 κυ-

236 1602 344 1675 ρίῳ
358 1604 393 1677 ἠ
402 1603 519 1673 μῶν
536 1618 551 1633 ο
570 1602 632 1656 ὃν
653 1599 926 1671 εὐχόμεθα
946 1597 1225 1669 ἁψάμενόν
1254 1615 1351 1652 σου
1376 1592 1477 1666 τῆς
1495 1598 1725 1669 καρδίας
1748 1599 1821 1654 ἐν

233 1691 394 1747 ἐλέει
415 1693 508 1746 καί
526 1691 872 1761 οἱκτιρμοῒς,
887 1688 1186 1763 ἐμποιῆσαι
1202 1704 1288 1742 σοι
1300 1687 1415 1758 φῶς
1430 1688 1819 1763 εὐπαρηγόρη-

1915 490 2174 546 Dominus
2205 491 2466 554 abstulit;
2510 490 2648 545 sicut
2692 489 2919 547 Domino
2948 493 3191 561 placuit,
3221 494 3300 548 ita
3329 502 3381 549 et
3408 495 3499 565 {a-

1913 597 2056 641 ctum
2083 596 2162 641 est
2188 587 2256 640 θ’.
2288 584 2468 641 Effare
2497 585 2629 640 illud
2665 585 2882 641 Davidis
2910 604 2926 641 :
2955 586 3287 656 Convertere,
3312 590 3498 647 anima

1914 696 2052 746 mea,
2085 681 2141 735 in
2164 680 2392 751 requiem
2424 680 2654 734 tuam“.
2688 679 2882 733 Anima
2921 681 3066 735 enim
3105 690 3219 748 tua,
3255 681 3352 737 filii
3383 682 3500 737 obi-

1913 781 2025 831 tus.
2054 772 2142 837 Ad
2175 771 2494 827 viduitatem
2538 787 2668 827 vero
2715 772 3032 843 respiciens.
3063 774 3306 830 exclama
3341 791 3357 830 :
3389 774 3500 830 Do-

1916 866 2090 920 minus
2139 865 2267 919 mihi
2303 863 2523 934 adjutor
2548 877 2569 919 .'
2598 876 2703 919 non
2750 864 2940 921 timebo
2972 864 3100 937 quid
3148 865 3315 937 faciat
3366 866 3497 921 mihi

1917 961 2073 1016 homo
2097 960 2165 1016 ⁸⁸.
2208 960 2301 1015 Sic
2328 961 2481 1016 enim
2532 975 2869 1032 componens
2924 962 3153 1031 teipsem
3181 1000 3198 1028 ,
3256 959 3497 1031 primum

1916 1053 2136 1124 quidem
2172 1052 2339 1107 Deum
2362 1051 2685 1116 obiectabis,
2725 1060 2985 1120 tanquam
3011 1050 3315 1107 voluntarie
3341 1048 3499 1106 victi-

1919 1159 2085 1209 mam,
2117 1144 2259 1200 sicut
2284 1142 2582 1209 Abraham,
2602 1142 2770 1198 lilium
2797 1141 3054 1198 offerens.
3093 1140 3293 1197 Deinde
3309 1148 3367 1197 et
3394 1141 3498 1211 ipsi

1916 1235 2366 1293 cltarissimoiilio
2378 1233 2748 1307 gratissimam
2773 1248 2886 1289 rem
2909 1231 3238 1299 facies,cum
3265 1241 3318 1287 te
3340 1241 3498 1302 grato

1917 1326 2106 1383 animo
2146 1323 2413 1381 ferentem
2453 1324 2702 1394 aspiciet.
2736 1322 2965 1380 Ceteris
3017 1322 3182 1378 etiam
3238 1320 3499 1377 omnibus

1916 1417 2225 1488 exemplum
2242 1425 2447 1474 sanctae
2466 1416 2741 1487 patientiae
2763 1413 3031 1486 praebebis
3054 1415 3111 1469 in
3124 1412 3343 1470 Christo
3367 1410 3496 1469 Jesu

1918 1509 2156 1565 Domino
2182 1518 2411 1574 nostro;
2438 1522 2599 1577 quem
2627 1518 2853 1562 oramus
2883 1514 2942 1560 ιιι
2972 1520 3070 1562 eor
3094 1515 3245 1561 tuum
3270 1514 3500 1576 tangens

1918 1602 1977 1657 in
2002 1600 2369 1657 misericordia
2393 1608 2443 1656 et
2484 1599 2911 1655 miserationibus
2931 1599 3003 1665 ⁸⁸,
3036 1599 3220 1654 lumen
3248 1596 3503 1657 consola-

1920 1695 2089 1753 tionis
2124 1694 2224 1750 tibi
2265 1692 2538 1757 infundat,
2564 1707 2630 1748 ac
2654 1692 2823 1747 vitam
2852 1691 3209 1762 tranquillam
3242 1703 3503 1761 peragere

233 1801 350 1850 τον,
378 1774 686 1838 διατελέσαι
708 1799 770 1836 τε
791 1780 891 1854 τὴν
911 1780 1061 1850 ζωήν
1085 1797 1180 1836 σου
1219 1779 1609 1852 είρηνεύουσαν
1633 1795 1649 1812 ⁸
1685 1784 1819 1838 κάν-

1928 1785 2228 1852 eoncedat;
2261 1785 2483 1854 vitaque
2519 1784 2624 1839 hac
2672 1782 2975 1839 secundum
3024 1781 3198 1839 Deum
3258 1789 3501 1850 peracta,

232 1879 417 1935 ταῦθα
444 1879 731 1952 ἀραμένην
761 1876 981 1949 θεοτελῆ
1019 1875 1132 1948 βίον
1155 1874 1492 1943 καταξιῶσαι
1517 1878 1620 1949 τῆς
1640 1894 1701 1933 τε
1722 1881 1817 1937 τοῦ

234 1975 358 2033 υἱοῦ
388 1994 481 2030 σου
515 1972 869 2046 συνοψίσεως,
918 1974 1014 2028 καὶ
1053 1972 1524 2043 συναγαλλιάσεως
1549 1976 1790 2033 αἰωνίου.

308 2091 483 2163 ΡΜετ
514 2089 812 2165 (57).-Τῇ
832 2089 1197 2161 ἀδελφότητι
1221 2090 1590 2159 Πελεκήτης.
1611 2091 1822 2165 [ψκςθλ

1927 1881 2022 1937 lilii
2054 1880 2136 1937 tui
2173 1889 2522 1951 conspectus,
2548 1888 2604 1936 et
2629 1888 2848 1934 eterna:
2873 1892 2999 1935 cum
3024 1888 3092 1933 eo
3121 1875 3504 1933 exsultationis

1929 1984 2235 2049 compotem
2268 1976 2455 2034 faciat.

2208 2092 2438 2150 CXLVI.
2462 2126 2531 2136 --
2562 2092 2918 2148 Frateruitati
2943 2092 3223 2151 Pclecetes.

1372 2209 1439 2260 Ut
1471 2223 1601 2261 novo
1624 2211 1892 2275 praeposito
1916 2213 2016 2264 rite
2043 2212 2415 2276 obtemperent.

310 2316 571 2392 Δυπηρδν
618 2319 717 2390 μὲν
760 2318 822 2374 τδ
866 2316 1215 2390 συμϐεϐηκὸς
1247 2318 1313 2389 τῇ
1338 2317 1616 2389 τιμιότητι
1642 2317 1819 2389 ὑμῶν,

236 2414 460 2484 ἀδελφοὶ
506 2413 601 2466 καὶ
647 2410 912 2481 Πατέρες.
946 2411 1070 2475 Πῶς
1125 2408 1236 2482 γὰρ
1293 2407 1355 2463 οὐ
1385 2427 1401 2477 ;
1430 2411 1513 2465 ὅτι
1566 2409 1659 2464 τὸν
1703 2427 1823 2465 ποι-

243 2509 386 2578 μένα
417 2504 572 2576 ὐμῶν
593 2503 1032 2575 ἀποϐεϐλήκατε,
1064 2501 1159 2556 καὶ
1190 2501 1444 2571 ἐγένεσθε
1468 2501 1544 2565 ὼς
1568 2501 1823 2572 ποίμνιον

234 2598 616 2673 Ιίιπορνημὲνον,
646 2598 742 2679 καὶ
767 2597 938 2651 ταῦτα
965 2597 1023 2650 ὲν
1049 2594 1283 2666 ἡμέραις
1308 2592 1612 2661 τοιαύταις,
1631 2595 1717 2665 ἐφ’
1734 2590 1824 2658 αἶς

234 2689 399 2744 λύκοι
426 2688 615 2760 βαρεῖς
642 2687 736 2740 ἐπὶ
786 2684 856 2739 τὰ
899 2684 1128 2756 ποίμνια
1177 2682 1275 2738 τοῦ
1317 2682 1560 2754 Χριστοῦ
1599 2685 1825 2756 ὲπερχόυ

241 2798 421 2853 μενοι,
465 2781 560 2834 καὶ
611 2777 956 2847 συλαγωγεῐν
1012 2776 1195 2848 ψυχὰς
1259 2772 1631 2846 σοφιζόμενοι.
1685 2775 1826 2853 ‘Ali.’

234 2873 394 2942 ὅμως
424 2869 614 2942 ἐπειδὴ
644 2869 796 2939 παρὰ
820 2867 960 2921 Θεοῦ
991 2866 1052 2920 τὸ
1086 2865 1323 2937 συμϐὰν,
1355 2867 1452 2921 καὶ
1498 2864 1629 2939 παρ’
1656 2865 1823 2921 αὐτοῦ

240 2959 600 3032 προσελήφθη
629 2959 659 3011 6
686 2958 895 3029 ποιμὴν
926 2956 1100 3028 ὑμῶν,
1140 2956 1264 3011 καθ’
1291 2955 1353 3010 ὃν
1377 2956 1569 3028 καιρὸν
1608 2952 1727 3028 ᾔδει
1764 2956 1826 3011 τὸ

1993 2319 2172 2376 Triste
2209 2320 2344 2376 illud
2374 2321 2596 2392 quidem
2640 2323 2788 2391 quod
2845 2319 3006 2377 vobis
3041 2319 3282 2385 accidit,
3332 2319 3507 2374 bono-

1922 2413 2079 2468 randi
2107 2412 2309 2468 fratres
2329 2412 2652 2484 Patresque.
2684 2412 2789 2480 Qui
2841 2414 2988 2469 enim
3021 2412 3222 2468 secus?
3258 2425 3385 2467 cum
3416 2426 3510 2483 pa-

1923 2515 2125 2560 storem
2152 2514 2396 2561 vestrum
2427 2505 2729 2561 amiseritis
2744 2544 2763 2572 ,
2790 2504 3034 2576 factique
3052 2504 3174 2560 sitis
3192 2503 3342 2560 velut
3365 2503 3508 2558 ovile

1925 2595 2274 2662 destitutum,
2295 2596 2461 2667 idque
2487 2596 2542 2652 in
2573 2596 2662 2653 his
2684 2597 2899 2664 diebus,
2922 2612 3019 2667 per
3047 2612 3186 2667 quos
3213 2596 3327 2668 lupi
3357 2604 3509 2652 atro-

1929 2703 2021 2745 ces
2053 2689 2257 2745 Christi
2298 2689 2486 2745 caulas
2513 2689 2917 2762 ingrediuntur,
2973 2699 3027 2746 et
3055 2691 3269 2745 animas
3300 2689 3508 2760 deprec-

1929 2781 2048 2836 dari
2085 2789 2265 2837 avent.
2297 2780 2577 2848 Attamen,
2603 2784 2862 2853 quoniam
2890 2798 2921 2838 a
2952 2780 3061 2838 Deo
3080 2792 3164 2838 est
3193 2781 3342 2851 quod
3373 2796 3508 2837 con-

1931 2873 2071 2946 tigit,
2102 2874 2173 2929 ab
2198 2890 2376 2946 eoque
2409 2883 2727 2944 assumptus
2759 2884 2846 2930 est
2876 2883 3069 2944 pastor
3115 2881 3298 2928 vester
3321 2912 3337 2937 ,
3396 2887 3509 2943 quo

1931 2973 2176 3033 tempore
2203 2965 2453 3035 utrisque
2478 2964 2736 3033 expedire
2758 2972 3010 3027 noverat,
3064 2964 3158 3033 qui
3212 2962 3398 3017 omnia
3452 2960 3507 3014 in

245 3053 529 3124 συμφέρον
559 3051 911 3122 ἀμφοτέρων,
939 3051 969 3104 ὁ
1004 3048 1076 3102 τὰ
1098 3047 1281 3103 πάντα
1297 3050 1356 3102 ὲν
1394 3052 1462 3119 τῇ
1483 3048 1648 3103 αὐτοῦ
1670 3051 1827 3122 σοφίᾳ

1933 3054 2201 3124 sapientia
2222 3069 2323 3111 sua
2348 3056 2588 3126 disponit
2620 3054 2917 3119 Dominus;
2953 3054 3158 3124 gratias
3182 3067 3344 3123 agere
3375 3067 3510 3107 con—

237 3144 466 3198 διοικῶν
491 3145 698 3216 Κύριος
721 3158 735 3172 ·
766 3142 1214 3214 εὐχαριστητέον,
1251 3142 1349 3196 καὶ
1373 3141 1477 3195 οὐκ
1510 3142 1825 3211 ἀγανακτηο

237 3236 390 3291 τέον.
423 3235 597 3299 Δύτδς
622 3234 733 3306 γὰρ
765 3233 1015 3301 ἔδωκεν,
1050 3233 1215 3298 αὐτὸς
1259 3234 1357 3288 καὶ
1387 3232 1822 3303 προσελάϐετο,

238 3328 347 3382 καὶ
377 3329 457 3393 ὡς
479 3325 560 3391 τῷ
588 3326 789 3394 Κυρίῳ
841 3324 1081 3392 ἔδοξεν,
1107 3325 1296 3393 οὕτως
1339 3325 1440 3381 καὶ
1468 3326 1731 3398 ἐγένετο.
1761 3325 1828 3380 Τί

238 3415 343 3472 οὖν
395 3419 511 3470 εστι
550 3415 615 3471 τὺ
673 3414 1103 3486 ἐπιζητούμενον
1129 3433 1145 3485 ;
1172 3415 1294 3469 Ἵνα
1326 3417 1406 3479 είς
1446 3416 1672 3480 ἑαυτοὺς
1703 3416 1829 3489 ἄρτι

239 3510 480 3582 γένησθε
499 3528 513 3543 ο
543 3511 638 3564 καὶ
672 3507 857 3572 καθὼς
893 3507 1223 3580 ᾑρετίσασθε
1246 3507 1462 3562 ἑλέσθαι
1482 3508 1719 3580 ποιμένα
1739 3508 1831 3563 τὸν

240 3601 438 3674 κύριον
453 3602 675 3673 Σέργιον
689 3599 781 3654 τὸν
797 3599 1192 3653 εὐλαὸέστατον
1211 3598 1439 3668 ἀδελφὸν
1460 3599 1639 3670 ήμῶνο
1674 3602 1833 3669 είπερ

245 3696 329 3766 μή
360 3695 478 3747 ὲστί
499 3710 556 3748 τι
588 3693 725 3765 πρὸς
747 3692 841 3746 τὸν
873 3690 1063 3761 κύριον
1094 3691 1387 3763 Μακάριον
1415 3692 1509 3746 τὸν
1531 3708 1835 3762 πνευματι-

238 3789 346 3843 κὸν
373 3786 530 3858 ἡμῶν
564 3772 784 3857 Πατέρα
803 3783 1077 3848 ἐνδοιάζον
1095 3799 1110 3814 ο
1134 3783 1457 3854 ἑπιμείνητε
1476 3783 1833 3857 εὐθυνόμενοι

239 3881 347 3935 καὶ
384 3878 679 3951 ἀρχόμενοι
704 3878 796 3931 ὑπ’
826 3875 1016 3942 αὐτοῦ,
1037 3869 1099 3931 οὗ
1122 3862 1440 3944 ἐξελέξασθε
1458 3875 1832 3948 πνευματικοῦ

242 3972 481 4045 πατρὸς,
512 3974 593 4036 εἰς
627 3970 984 4025 ἐπισύστασιν
1035 3969 1192 4040 ὐμῶν
1253 3969 1585 4035 θεόσωστον,
1619 3969 1716 4024 καὶ
1754 3969 1839 4032 είς

239 4065 669 4136 ἀποπεραὶωσιν
694 4063 812 4134 βίου
842 4061 1156 4126 θεοκλινοῦς
1185 4076 1200 4092 ο
1226 4061 1301 4125 ὡς
1321 4061 1389 4116 ἂν
1411 4060 1512 4133 τὴν
1539 4060 1712 4132 ζάλην
1731 4062 1839 4115 τῶν

242 4157 549 4228 αἱρετικῶν
577 4155 908 4226 πνευμάτων
938 4153 1277 4224 διαφύγοιτε,
1295 4155 1392 4209 καὶ
1418 4155 1498 4218 είς
1515 4153 1712 4225 λιμένα
1734 4169 1840 4207 σω-

243 4251 450 4323 τηρίας
477 4247 865 4321 ὲμὸιϐάζοισθε
884 4264 899 4279 ο
929 4249 1011 4312 είς
1041 4247 1102 4302 τὸ
1148 4245 1225 4319 μὴ
1275 4245 1738 4319 βλασφημηθῆναι
1770 4244 1838 4298 δι’

243 4342 401 4411 ὑμᾶς
419 4339 480 4394 τὸ
499 4339 672 4410 ὄνομα
685 4337 781 4393 τοῦ
802 4337 961 4404 Θεοῦ,
983 4337 1183 4408 μᾶλλον
1204 4337 1264 4392 δὲ
1306 4337 1639 4409 δοξασθῆναι
1653 4354 1668 4369 ο
1698 4337 1841 4391 κατὰ

241 4433 355 4502 τὴν
384 4433 847 4502 προκρατήσασαν
878 4429 1057 4500 εὐαγῆ
1072 4429 1354 4502 διαγωγὴν
1374 4429 1473 4495 τῆς
1493 4428 1639 4500 ζωῆς
1658 4428 1690 4483 it
1697 4428 1835 4499 μῶν.

246 4525 329 4578 Σὺ
363 4523 443 4588 δὲ,
477 4521 676 4592 ἁδελφὲ
718 4520 990 4591 ἀγαπητὲ,
1026 4522 1127 4575 οὐκ
1150 4520 1257 4587 ἔξω
1276 4519 1371 4574 τοῦ
1395 4520 1607 4585 εἰκότος
1623 4519 1839 4590 πέπρα-

246 4631 379 4688 χας,
403 4615 491 4667 ἐπ’
544 4613 612 4667 ἂν
660 4611 835 4675 οὕτως
872 4611 1115 4681 ἐγένετο,
1177 4609 1563 4683 κατεληλυθὼς
1621 4612 1686 4664 ἐκ
1736 4608 1838 4679 τῆς

245 4707 396 4778 ὀπῆς
436 4705 538 4776 τῆς
592 4705 821 4775 πέτρας,
861 4704 954 4758 καὶ
996 4701 1345 4775 ἡγησάμενος
1415 4703 1524 4756 τῶν
1564 4700 1835 4769 ἀδελφῶν.

248 4798 372 4854 Καὶ
396 4797 506 4868 γὰρ
585 4795 789 4866 Κύριος
820 4794 979 4866 ἡμῶν
1021 4793 1228 4864 Ἰησοῦς
1267 4792 1504 4865 Χριστὸς
1564 4808 1839 4860 συγκατα-

246 4892 416 4945 (idmst
445 4890 817 4960 χρησάμενος,
840 4888 903 4939 τὸ
946 4886 1046 4957 τῆς
1092 4884 1409 4958 οἰκονομίας
1435 4884 1709 4951 ἐξετέλεσε
1740 4900 1839 4953 μυ·-

252 4984 483 5054 στήριον
513 4984 606 5037 ἐπὶ
641 4981 889 5053 σωτηρίᾳ
923 4979 1019 5033 τοῦ
1046 4980 1269 5044 παντός.
1330 4981 1494 5050 Στῆθι
1534 4976 1655 5046 οὖν,
1704 4977 1840 5032 καθὸ

250 5073 549 5142 κέκρικας,
583 5071 678 5123 καὶ
711 5071 964 5141 κέκριται
987 5069 1094 5122 ὐπὸ
1123 5069 1233 5123 τῶν
1272 5069 1540 5139 ἀδελφῶν,
1564 5070 1669 5133 ἓως
1698 5068 1838 5140 ὴμέ-

255 5181 366 5239 ρας
403 5162 730 5228 ἀναδείξεως
756 5161 849 5217 τοῦ
872 5161 1020 5227 ἱεροῦ
1046 5160 1205 5232 ήμῶν
1234 5163 1539 5235 ἀρχιερέως
1558 5179 1572 5193 ·
1599 5162 1696 5216 καὶ
1716 5161 1841 5214 τότε

253 5259 555 5329 γενήσεται
575 5254 605 5307 δ
627 5255 711 5308 δεῖ
737 5252 1002 5323 γενέσθαι
1028 5255 1409 5328 νομιμώτερόν
1447 5272 1509 5308 τε
1547 5255 1641 5309 καὶ
1679 5271 1843 5307 κανο-

250 5348 576 5420 νικιὶιτερον.
611 5348 759 5411 Ἕως
815 5344 876 5399 δὲ
930 5345 998 5400 ἂν
1035 5347 1111 5418 μὴ
1158 5351 1307 5421 παρῇ
1386 5347 1578 5420 καιρὸς
1648 5345 1845 5416 ἐπιζη-

326 5527 376 5562 ⁶¹
408 5524 513 5583 Job
534 5543 571 5592 l,
601 5528 695 5583 21.
769 5528 812 5561 ⁶¹
846 5524 992 5582 Psal.
1022 5540 1169 5590 cxtv,
1211 5523 1263 5579 'l.
1351 5524 1395 5556 “
1428 5522 1574 5578 l’sal.
1609 5538 1776 5589 cum,
1807 5520 1861 5576 6.

1924 3144 2093 3208 venit,
2131 3158 2241 3198 non
2282 3158 2427 3215 aegre
2470 3143 2605 3200 fere.
2636 3142 2755 3215 Ipse
2787 3158 3025 3215 namque
3051 3143 3217 3209 dedit,
3243 3143 3362 3215 ipse
3386 3142 3510 3197 abs-

1927 3234 2088 3300 tulit;
2127 3244 2184 3290 et
2216 3236 2357 3290 sicut
2398 3235 2627 3291 Domino
2659 3237 2861 3306 placuit
2896 3238 2975 3291 ita
3010 3245 3063 3291 et
3095 3237 3297 3307 factum
3325 3244 3406 3291 est
3438 3233 3505 3288 ⁸⁸.

1926 3323 2067 3391 Quid
2093 3339 2226 3398 ergo
2255 3328 2644 3391 exspectatur?
2670 3335 2731 3383 ut
2758 3330 2824 3382 ad
2850 3342 2949 3384 vos
2980 3328 3126 3399 ipsos
3140 3338 3287 3382 nunc
3318 3324 3512 3381 redea-

1926 3417 2000 3473 tis
2029 3435 2044 3472 :
2076 3433 2311 3488 cumque
2336 3418 2491 3475 vobis
2528 3418 2709 3474 visum
2746 3418 2819 3474 sit
2858 3427 3131 3489 pastorem
3179 3417 3383 3488 eligere
3412 3416 3513 3473 do-

1928 3510 2139 3565 minum
2158 3507 2436 3581 Sergium,
2456 3509 2936 3581 religiosissimum
2967 3509 3190 3565 fratrem
3217 3516 3466 3565 nostrum
3489 3523 3509 3575 ;

1930 3597 2038 3654 nisi
2060 3596 2422 3654 dubitationis
2445 3598 2653 3669 aliquid
2670 3614 2702 3654 a
2734 3598 2961 3654 domino
2986 3597 3223 3654 Macario
3243 3598 3510 3669 spirituali

1930 3687 2097 3747 Patre
2133 3699 2327 3747 nostro
2358 3691 2695 3758 intercedat;
2732 3691 2973 3762 pergulis
3010 3690 3080 3747 ab
3127 3691 3223 3746 illo
3266 3692 3424 3763 dirigi
3459 3702 3517 3746 ct

1932 3782 2266 3853 gubernari,
2302 3797 2465 3854 quem
2500 3783 2801 3854 spiritalem
2843 3782 3061 3840 Patrem
3109 3784 3353 3854 elegistis
3376 3823 3393 3844 .
3443 3786 3510 3838 ad

1934 3875 2233 3932 salutarem
2266 3876 2632 3931 constantiam
2665 3883 2905 3932 vestram
2929 3918 2946 3943 ,
2995 3884 3051 3931 et
3080 3877 3511 3932 consummatio-

1936 3982 2059 4023 nem
2086 3965 2211 4022 vitae
2242 3968 2355 4023 Deo
2402 3966 2656 4033 devotae;
2707 3978 2769 4022 ut
2796 3968 3094 4038 procellam
3129 3967 3513 4039 hereticorum

1935 4059 2231 4129 spirituum
2277 4059 2569 4124 devitetis,
2597 4066 2655 4114 et
2697 4057 2752 4113 in
2794 4057 2989 4115 salutis
3021 4069 3241 4130 portum
3285 4059 3516 4115 inveba~

1936 4152 2073 4208 mini
2107 4170 2121 4207 :
2152 4167 2223 4207 ne
2272 4150 2687 4222 blasphemetur
2737 4162 2962 4221 propter
2994 4165 3092 4206 vos
3145 4166 3348 4205 nomen
3400 4150 3516 4215 Dei,

1940 4245 2035 4303 sed
2064 4244 2250 4316 potius
2272 4242 2628 4317 gloriﬁcetur,
2655 4242 2811 4314 juxta
2840 4257 2959 4298 eam
2985 4257 3110 4313 qua:
3137 4251 3298 4297 antea
3326 4241 3516 4314 viguit,

1942 4339 2066 4393 vitae
2093 4348 2287 4394 vestrae
2325 4344 2572 4392 sanctam
2599 4334 3023 4391 institutionem.
3055 4334 3138 4392 Tu
3162 4351 3314 4399 vero,
3350 4334 3521 4393 frater

1943 4428 2288 4494 charissime,
2318 4442 2429 4483 non
2463 4428 2764 4498 incongrue
2791 4427 2986 4494 iecisti,
3025 4426 3248 4499 quando
3299 4427 3375 4482 ita
3432 4442 3522 4482 res

1939 4521 2128 4588 cessit,
2168 4521 2314 4592 quod
2344 4534 2413 4575 ex
2442 4520 2597 4591 rupis
2626 4535 2859 4575 caverna
2888 4519 3160 4591 prodiisti,
3198 4533 3264 4575 ac
3287 4516 3519 4574 fratrum

1939 4611 2323 4684 praefecturam
2381 4612 2698 4682 suscepisti.
2730 4609 2866 4665 Nam
2912 4619 2971 4666 et
3019 4609 3287 4667 Dominus
3334 4615 3522 4665 noster

1936 4704 2098 4762 Jesus
2124 4705 2380 4760 Christus
2400 4701 2887 4760 condescendendo
2905 4701 3299 4759 incarnationis
3314 4710 3519 4773 myste-

1939 4797 2083 4855 rium
2107 4797 2176 4854 ad
2219 4797 2451 4853 salutem
2501 4796 2889 4853 universorum
2918 4795 3149 4866 peregit.
3192 4793 3289 4850 Sta
3331 4794 3519 4865 igitur,

1943 4889 2409 4961 quemadmodum
2456 4889 2772 4954 decrevisti,
2814 4889 3205 4959 decretumque
3221 4896 3308 4943 est
3336 4903 3371 4944 a
3409 4885 3524 4943 fra—

1943 4982 2158 5048 tribus,
2205 4982 2387 5053 quoad
2420 4981 2742 5054 designetur
2770 4992 3000 5039 sanclus
3023 4981 3256 5039 antistes
3292 4987 3523 5047 noster;

1942 5083 1999 5129 et
2024 5080 2158 5128 tunc
2198 5072 2450 5129 exactius
2483 5074 2617 5129 fient
2641 5088 2764 5145 quae
2790 5072 2949 5144 juxta
2988 5074 3134 5146 leges
3176 5080 3235 5129 et
3286 5083 3526 5126 canones

1944 5164 2249 5234 praestanda
2271 5173 2420 5221 sunt.
2444 5163 2630 5221 Donec
2652 5181 2785 5221 vero
2799 5166 2944 5221 absit
2965 5173 3187 5236 tempus
3202 5160 3523 5232 expetituro,

1940 5263 2143 5325 praesto
2195 5254 2482 5324 fratribus,
2528 5265 2582 5314 et
2615 5271 2938 5328 prosperare
2970 5255 3026 5311 in
3058 5254 3295 5311 Domino
3319 5291 3336 5319 ,
3401 5260 3527 5304 tan-

1941 5361 2107 5417 quam
2136 5362 2236 5418 pro
2257 5346 2553 5405 animabus
2592 5348 2814 5404 illorum
2845 5348 3117 5405 rationem
3172 5343 3519 5403 redditurus,

1940 5522 1985 5554 “
2018 5521 2162 5583 l’sal.
2189 5540 2284 5593 cn,
2310 5524 2364 5580 4.
2434 5523 2478 5557 ⁸⁸
2500 5523 2603 5581 Job
2638 5542 2675 5590 l,
2719 5524 2808 5580 ει.

1783 5661 2019 5720 ΝΟΤΑΕ.

328 5739 445 5811 (57)
474 5738 534 5795 in
567 5739 687 5796 cod.
713 5737 844 5810 Reg.
872 5744 968 5809 po’.
