4060 6374
18 0 28 84 ἓ

18 1845 20 1854 ι

18 2093 20 2110 Ι

18 2121 20 2128 ι

18 2255 20 2270 Ι

565 324 707 436 ιιεοῖ
1752 371 1813 428 s.
1855 363 2250 427 THEODORI
2289 365 2635 427 STUDIT/E
3698 361 3834 426 usa

559 487 654 542 sed
681 492 735 541 et
758 491 1019 553 tanquam
1053 481 1584 546 mercedem,eorum
1608 495 1794 543 causa,
1811 487 2145 549 recepturus.

2274 476 2533 546 τούμενος,
2565 473 2703 546 ἡγοῦ
2733 471 2840 526 τῶν
2873 471 3143 542 ἀδελφῶν,
3175 472 3271 526 καὶ
3297 469 3592 526 κατευοδοῦ
3621 473 3682 526 ἐν
3719 475 3832 526 Κυ-

560 581 780 648 Quanto
806 578 954 635 enim
993 577 1172 649 majus
1202 583 1287 633 est
1317 575 1510 647 iugum
1553 574 1890 645 praefectura:
1920 614 1936 638 ,
1987 581 2141 628 tanto

2274 569 2372 640 ιίῳ,
2403 568 2478 631 ὡς
2501 567 2664 636 λόγον
2699 565 3000 620 ἀποδώσων
3046 565 3190 635 ὑπὲρ
3235 564 3345 619 τῶν
3375 565 3569 636 ψυχῶν
3632 565 3838 619 αὐτῶν.

571 687 784 729 merces
809 671 1104 743 copiosior.

2274 659 2420 713 Αλλὰ
2443 659 2539 712 καὶ
2582 660 2660 722 ὡς
2691 658 2786 713 τὸν
2812 657 2954 730 ὑπὲρ
2987 657 3168 711 αὐτῶν
3219 657 3411 728 μισθὸν
3445 658 3839 729 κομιούμενος.

2245 751 2388 805 Καθ’
2419 751 2544 805 ὅσον
2572 749 2684 822 γὰρ
2719 750 2895 821 μέγας
2969 749 3138 819 ζυγὸς
3172 750 3272 821 τῆς
3304 751 3675 821 προστασίας,
3704 755 3846 805 κατὰ

2247 841 2508 898 τοσοῦτον
2540 841 2640 896 καὶ
2663 841 2800 896 πολύ
2809 840 3021 912 μισθος.

633 937 874 992 Tantum
905 934 1100 990 oculos
1131 932 1275 989 habe
1304 939 1366 988 ut
1410 930 1626 996 videas,
1666 937 1722 986 et
1757 941 1919 984 aures
1943 924 2145 997 quibus

2315 934 2493 990 Μόνον
2545 932 2638 1004 ἔχε
2690 931 3005 1004 ὀφθαλμοὺς
3062 931 3156 986 τοῦ
3203 933 3358 1004 όρᾷν,
3408 934 3506 987 καὶ
3565 925 3688 987 ὦτα
3755 932 3853 986 τοῦ

562 1027 778 1092 audias,
831 1041 929 1082 cor
983 1024 1220 1095 vigilans
1252 1034 1308 1080 et
1353 1023 1524 1079 Deum
1560 1035 1833 1094 quaerens,
1891 1018 2146 1074 affectum

2274 1028 2490 1094 ικούειν,
2518 1026 2749 1096 καρδίαν
2772 1025 3051 1096 ἄγρυπνον
3076 1026 3172 1080 κα)⁸
3195 1024 3547 1096 θεοζήτητον,
3579 1025 3701 1091 ἓξιν
3735 1043 3856 1080 ποι⁸

562 1120 915 1194 pastoralem,
945 1134 1255 1176 sermonem
1279 1127 1467 1189 aptum
1501 1116 1568 1172 ad
1605 1114 1933 1176 docendum,
1964 1124 2147 1166 mores

2274 1119 2541 1191 ιαντικὴν,
2593 1118 2754 1189 λόγον
2786 1117 3194 1183 διδασκαλικὸν,
3230 1116 3509 1188 εὕρυθμον
3542 1113 3708 1188 ἦθος,
3765 1115 3854 1170 εὕ-

565 1211 924 1281 compositos,
953 1217 1159 1266 statum
1189 1219 1245 1264 et
1260 1208 1537 1264 incessum
1569 1205 1746 1261 fausta
1768 1204 2144 1260 denotantem.

2274 1229 2426 1284 ίημον
2455 1213 2646 1266 στάσιν
2679 1211 2775 1266 καὶ
2805 1209 2963 1282 βάσιν
2982 1227 2997 1240 ·
3025 1210 3054 1263 ὁ
3075 1210 3232 1279 λόγος
3253 1211 3322 1264 δι’
3349 1211 3472 1265 ὅλου
3498 1211 3608 1264 ὑπὸ
3637 1209 3743 1263 τοῦ
3772 1210 3859 1263 λό-

565 1304 886 1359 Sermonem
907 1301 1060 1358 omni
1086 1316 1154 1356 ex
1191 1308 1347 1372 parte
1381 1299 1525 1355 ratio
1563 1298 1820 1354 observet
1861 1308 1928 1350 ac
1973 1302 2146 1364 regat.

2274 1321 2350 1368 rou
2383 1304 2822 1376 συντηρούμενος
2860 1305 2957 1358 καὶ
3003 1303 3438 1374 διευθυνόμενος.
3489 1304 3607 1358 Καὶ
3665 1303 3855 1374 μακά-

563 1398 642 1452 Ac
675 1396 870 1452 beatus
899 1410 981 1462 es,
1037 1393 1398 1465 apostolicum
1450 1406 1590 1462 opus
1636 1403 1922 1461 peragens.
1958 1385 2150 1442 Domi~

2274 1411 2368 1459 no;
2400 1389 2452 1448 εἴ
2497 1394 2859 1449 ἀποστολικὸν
2889 1395 3050 1466 ἔργον
3071 1394 3353 1454 διατελῶν.
3381 1396 3494 1450 Καὶ
3524 1395 3640 1468 γὰρ
3677 1398 3711 1450 ὁ
3739 1397 3856 1452 Κῦ-

565 1505 672 1546 nus
700 1487 994 1559 siquidem,
1030 1485 1366 1558 praecipuam
1404 1483 1612 1538 amoris
1661 1495 1791 1551 erga
1845 1481 2024 1550 ipsum
2053 1478 2150 1533 de-

2274 1504 2370 1552 ιιος
2404 1486 2685 1555 ἀπόδειξιν
2705 1487 2804 1559 τῆς
2833 1489 2915 1552 εἰς
2943 1488 3109 1542 αὑτὸν
3135 1487 3321 1558 φιλίας
3359 1488 3717 1560 προῦχουσαν
3745 1491 3854 1544 ὐπ-

565 1579 1021 1636 monstrationem
1061 1593 1206 1643 esse,
1238 1576 1401 1632 Petro
1442 1575 1736 1648 coryphazo
1773 1569 2148 1643 apostolorum

2274 1577 2422 1646 Ξδειξε
2459 1577 2538 1650 τῷ
2570 1577 2861 1650 κορυφαίῳ
2875 1577 2989 1632 τῶν
3014 1579 3333 1633 ἀποστόλων
3349 1579 3568 1652 Πέτρῳ,
3601 1582 3710 1653 τὴν
3737 1600 3860 1636 ποι-

567 1673 829 1738 ostendit,
888 1672 1096 1743 virgam
1153 1669 1488 1743 pastoralem
1529 1686 1544 1724 :
1581 1665 1845 1736 Sidiligis
1903 1680 2006 1729 me,
2066 1663 2152 1718 in-

2274 1670 2526 1741 ιαντικὴν
2551 1669 2780 1741 ῥάϐδον·
2810 1671 2883 1724 Εἰ
2917 1669 3117 1740 φιλεῖς
3162 1687 3241 1741 με
3285 1671 3418 1742 γὰρ,
3460 1673 3623 1743 φησὶ.
3664 1673 3864 1727 πλέον

566 1765 708 1836 quit,
727 1764 844 1834 plus
859 1763 962 1829 his,
991 1761 1171 1826 Patre,
1197 1777 1354 1828 pasce
1381 1775 1498 1814 oves
1519 1775 1661 1813 meas
1687 1758 1754 1810 “.
1783 1757 1954 1812 Pasce
1985 1754 2153 1826 igitur

2274 1763 2503 1826 τούτων,
2555 1763 2766 1834 Πέτρε,
2824 1765 3107 1834 ποίμαινε
3142 1764 3214 1818 τὰ
3258 1765 3525 1833 πρόϐατά
3550 1783 3701 1836 μου.
3733 1767 3862 1820 Ποί-

566 1874 700 1914 oves
736 1857 993 1924 Domini;
1025 1864 1178 1911 tutas
1211 1855 1336 1910 illas
1373 1863 1642 1924 praestans
1693 1851 1749 1905 in
1782 1840 2012 1906 mandra
2051 1863 2148 1903 or-

2274 1871 2419 1908 ιαινε
2439 1849 2532 1910 οὖν
2555 1857 2626 1910 τὰ
2653 1855 2909 1928 πρόϐατα
2951 1856 3184 1927 Κυρίου.
3227 1856 3694 1930 ’Δσφαλιζόμενος
3720 1859 3860 1912 αὐτὰ

565 1951 822 2008 thodoxa
881 1949 1026 2014 ﬁdei,
1091 1949 1337 2003 nutriens
1392 1946 1517 2002 illas
1565 1944 1813 2016 gramine
1852 1942 2145 1998 mandato-

2274 1965 2315 2000 ιν
2339 1947 2424 2018 τῇ⁶
2441 1947 2656 2020 μάνδρᾳ
2683 1949 2783 2018 τῆς
2818 1947 3150 2020 όρθοδοξίας,
3181 1950 3275 2003 καὶ
3305 1950 3592 2022 ἐκτρέφων
3615 1951 3760 2006 αὐτὰ
3777 1952 3858 2005 εἰς

568 2059 690 2097 rum
718 2042 862 2112 ejus,
893 2049 948 2096 et
977 2041 1254 2097 collocans
1292 2054 1460 2110 prope
1499 2053 1700 2108 aquam
1743 2036 2009 2108 requietis
2053 2049 2150 2091 vo—

2274 2040 2421 2111 (λόην
2453 2040 2562 2094 τῶν
2591 2041 2822 2094 ἐιτολῶν
2848 2040 3037 2106 αὐτοῦ,
3079 2043 3176 2096 καὶ⁹
3209 2043 3573 2114 κατασκηνῶν
3613 2045 3710 2098 ἐπὶ
3741 2045 3862 2099 ὓδα-

567 2135 800 2191 luntatis
827 2134 968 2206 ejus.
1007 2131 1144 2188 Vide
1167 2147 1236 2188 ne
1266 2143 1363 2187 aut
1401 2131 1698 2202 abripiaris
1739 2130 1878 2200 ipse,
1917 2138 2012 2184 aut
2045 2128 2154 2183 ulla

569 2228 755 2282 ovium
797 2236 1038 2291 tuarum,
1071 2226 1140 2281 ab
1169 2224 1441 2280 haereticis
1467 2223 1691 2280 belluis.
1727 2221 2016 2278 Suﬂiciunt
2038 2235 2161 2292 quae

573 2321 843 2376 hactenus
890 2319 1189 2388 contigere.
1238 2315 1396 2373 Nunc
1459 2332 1654 2373 secure
1708 2314 2059 2370 ambulemus
2101 2324 2157 2369 et

573 2413 694 2469 sine
723 2411 879 2484 lapsu
913 2429 926 2466 :
968 2411 1104 2466 nulli
1135 2410 1212 2465 rei
1246 2418 1555 2480 parcentes,
1578 2409 1624 2466 si
1651 2424 1742 2465 res
1766 2408 2032 2478 postulat,
2056 2420 2158 2461 nec

572 2508 710 2582 ipsis
739 2507 904 2562 etiam
953 2505 1300 2575 corporibus,
1352 2503 1554 2561 nedum
1602 2501 1762 2557 alteri
1797 2500 2040 2572 cuipiam
2075 2499 2155 2554 rei

574 2583 938 2669 corruptibili,
973 2611 1070 2667 pro
1110 2595 1404 2651 dilectione
1457 2593 1584 2661 Dei;
1617 2593 1776 2663 cujus
1804 2607 1913 2663 pax
1967 2599 2159 2662 regnet

575 2689 631 2744 in
661 2687 925 2744 cordibus
978 2688 1178 2742 vestris
1196 2695 1252 2742 et
1276 2686 1329 2740 in
1361 2684 1796 2755 cogitationibus
1825 2682 2050 2746 vestris,
2099 2689 2157 2736 et

575 2779 778 2852 dirigat
798 2779 940 2838 viam
961 2787 1200 2843 vestram
1225 2777 1279 2831 in
1307 2776 1526 2834 Christo
1553 2775 1679 2832 Jesu
1703 2773 1936 2831 Domino
1955 2783 2162 2830 nostro.

704 3091 958 3151 CXLVII.
989 3121 1060 3132 —
1099 3091 1444 3148 Catechetica
1483 3091 1552 3150 ad
1585 3106 1710 3146 suos
1741 3091 2050 3160 discipulos.

2267 2150 2363 2196 τος
2389 2131 2752 2205 ἀναπαύσεως
2771 2133 2866 2187 τοῦ
2893 2133 3202 2206 θελήματος
3229 2134 3420 2190 αὐτοῦ.
3451 2135 3635 2190 Βλέπε
3656 2139 3734 2208 μή
3761 2155 3861 2192 που

2268 2224 2667 2297 ὖφαρπαγῇςῆ
2705 2226 2960 2298 αὐτὸς,ἢ
3014 2225 3124 2280 τῶν
3180 2227 3378 2281 σαυτοῦ
3430 2245 3488 2281 τι
3541 2229 3861 2300 προϐάτων,

2268 2319 2374 2372 ὑπὸ
2405 2318 2515 2372 τῶν
2539 2317 2832 2388 αἱρετικῶν
2865 2317 3070 2391 θηρῶν.
3114 2320 3302 2390 ’Δρκεῖ
3331 2321 3402 2374 τὰ
3432 2319 3787 2392 προλαϐόντα
3806 2325 3866 2377 ἐν

2264 2413 2379 2475 τοῖς
2410 2410 2769 2482 προλαϐοῦσι.
2807 2409 2921 2465 Νῦν
2965 2411 3025 2466 δὲ
3059 2412 3323 2482 ἀσφαλῶς
3365 2400 3863 2487 περιπατήσωμεν,

2263 2503 2360 2556 καὶ
2389 2501 2764 2574 ἁνεμπτώτως
2787 2520 2802 2535 ο
2841 2503 3020 2559 πάντα
3052 2503 3288 2576 δεύτερα
3323 2506 3654 2577 ἡγούμενοι,
3672 2507 3864 2576 καιροῦ

2268 2593 2586 2660 καλοῦντος,
2627 2595 2725 2648 καὶ
2748 2595 2979 2651 αὐτὰτὰ
3024 2595 3278 2667 σώματα,
3313 2597 3390 2670 μὴ
3429 2599 3516 2651 ὅτι
3565 2616 3635 2669 γε
3659 2600 3794 2655 ἄλλο
3816 2618 3867 2654 τι

2259 2687 2368 2741 τῶν
2402 2687 2800 2758 φθειρομένων,
2832 2689 2974 2760 ὑπὲρ
3007 2688 3108 2759 τῆς
3141 2690 3368 2761 ἀγάπης
3405 2692 3506 2746 τοῦ
3538 2691 3685 2746 Θεοῦ
3713 2711 3726 2724 ·
3749 2689 3867 2766 oili]

2271 2782 2464 2853 εἰρήνη
2499 2780 2794 2852 βραϐεύσει
2824 2781 2928 2846 τὰς
2973 2782 3203 2852 καρδίας
3249 2784 3427 2852 ὑμῶν,
3468 2787 3569 2839 καὶ
3607 2787 3681 2839 τέι
3734 2790 3866 2857 vei;-

2275 2889 2422 2942 ματα
2453 2872 2610 2942 ὑμῶν
2629 2889 2642 2903 ·
2673 2873 2770 2926 καὶ
2806 2873 3138 2928 κατευθύναι
3167 2875 3264 2945 τὴν
3285 2875 3406 2929 ὁδὸν
3445 2877 3607 2948 ὑμῶν
3641 2881 3705 2932 ἐν
3738 2880 3872 2951 Χρι-

2277 2963 2386 3033 στῷ
2427 2963 2607 3034 Ἰησοῦ
2636 2962 2714 3036 τῷ
2749 2965 2940 3037 Κυρίῳ
2967 2966 3147 3038 ἡμῶν.

2336 3079 2491 3132 PMZ'
2511 3078 2722 3149 (58).—
2737 3080 3126 3154 Katnxntmﬂ
3149 3082 3298 3154 πρὸς
3327 3082 3472 3148 τοὺς
3495 3082 3728 3138 ἑαυτοῦ
3753 3100 3869 3154 μα’

2839 3151 3044 3220 θητάς.
3078 3151 3277 3225 mea]

1140 3285 1204 3335 Ut
1227 3285 1668 3346 Quadragesimam
1690 3290 1862 3336 sancte
1885 3292 2122 3348 peragant
2149 3301 2161 3334 :
2191 3300 2248 3336 ac
2267 3286 2520 3351 praecipue
2538 3285 2808 3337 mulierum
2829 3287 3079 3351 colloquia
3101 3289 3310 3351 fugiant.

653 3391 898 3448 Instante
935 3405 1098 3447 sacra
1125 3390 1584 3461 Quadragesima,
1639 3399 2008 3462 opportunum
2039 3390 2169 3446 duxi

2343 3392 2459 3462 Τῆς
2491 3393 2644 3464 ίερᾶς
2664 3393 3128 3465 Τεσσαρακοστῆς
3155 3393 3256 3466 ἤδη
3279 3392 3568 3466 ἐπιούσης,
3601 3394 3872 3466 εὔκαιρον

581 3485 776 3557 paucis
800 3499 900 3540 vos
933 3483 1116 3550 aﬁari,
1138 3483 1238 3538 ﬁlii
1278 3483 1621 3549 charissimi,
1659 3484 1967 3555 fratresque
1997 3484 2174 3540 hono-

583 3577 846 3634 ratissimi
897 3593 912 3632 :
946 3586 1003 3633 et
1030 3578 1252 3648 quidem
1284 3578 1354 3633 ab
1409 3577 1676 3649 Apostolo
1721 3577 2036 3634 admonitus
2069 3578 2173 3633 ob-

583 3686 826 3737 secrare,
876 3687 1133 3742 arguere,
1223 3671 1530 3742 increpare,
1580 3680 1906 3742 Opportune,
1967 3672 2175 3742 impor-

587 3775 725 3819 tune
746 3763 814 3818 ".
845 3761 1004 3818 Nunc
1042 3776 1172 3818 vero
1192 3761 1391 3832 jejunii
1417 3771 1631 3832 tempus
1673 3777 1772 3832 per
1803 3762 2046 3832 seipsum
2074 3761 2174 3818 ad-

589 3856 956 3913 hortationem
987 3855 1172 3923 habet,
1196 3856 1398 3928 quippe
1430 3857 1577 3926 quod
1601 3856 1754 3911 novit
1772 3856 1938 3910 etiam
1971 3855 2172 3910 durum

588 3963 656 4005 ac
695 3945 1047 4018 praefractum
1103 3961 1496 4016 compungere.
1526 3945 1806 4018 Suscipite
1835 3947 2024 4018 igitur,
2055 3945 2171 4002 fra-

589 4052 723 4108 tres,
743 4039 931 4096 libenti
959 4039 1146 4095 animo
1175 4039 1294 4096 dies
1315 4038 1552 4103 laetitiae;
1581 4040 1962 4108 unusquisque
1984 4039 2041 4092 in
2062 4051 2173 4108 quo

586 4135 895 4192 diversorio
949 4132 1282 4204 bospitatur,
1314 4147 1436 4202 quae
1492 4132 1664 4186 moris
1718 4141 1849 4187 sunt
1904 4145 2173 4202 peragens

589 4247 691 4304 pro
716 4230 960 4295 viribus,
990 4236 1049 4282 ut
1073 4242 1169 4297 per
1217 4226 1496 4280 silentium
1529 4223 1820 4294 victusque
1853 4223 2171 4292 parcitatem

587 4341 684 4382 cor
717 4337 1040 4394 purgemus,
1087 4321 1332 4374 animam
1362 4317 1687 4379 evehamus.
1715 4317 1847 4371 vitia
1879 4315 2172 4372 conculce-

589 4431 736 4471 mus.
769 4412 885 4469 Hoc
921 4414 1067 4468 enim
1088 4411 1385 4482 jejunium,
1417 4410 1523 4464 hoc
1549 4409 1854 4473 silentium,
1879 4409 1983 4463 hoc
2014 4424 2172 4463 man-

587 4511 776 4563 datum
807 4507 978 4577 exigit
1014 4521 1028 4558 :
1054 4506 1162 4560 hoc
1185 4504 1378 4562 salutis
1401 4512 1602 4559 nostrae
1630 4510 1715 4558 est
1744 4511 1943 4572 caput;
1973 4517 2038 4556 ex
2063 4516 2175 4570 quo

587 4609 645 4655 et
687 4599 757 4656 ad
797 4597 1181 4670 participanda
1241 4609 1590 4652 sacramenta
1641 4595 1820 4650 facilis
1852 4595 2039 4670 _nobis
2071 4593 2184 4648 erit

2275 3487 2576 3558 ἡγησάμην
2605 3485 2818 3558 βραχέα
2841 3485 3184 3556 φθέγξασθαι
3213 3487 3353 3560 πρὸς
3381 3487 3553 3560 ὑμᾶς’,
3607 3482 3656 3542 ὦ
3699 3490 3874 3543 τέκνα

2273 3580 2638 3650 ἠγαπημένα,
2670 3581 2767 3634 καὶ
2791 3579 3020 3651 ἀδελφοὶ
3047 3579 3375 3648 τιμιώτατοι
3401 3599 3417 3614 ο
3466 3582 3720 3651 καίτοιγε
3765 3583 3874 3636 ὑπὸ

2273 3671 2370 3725 τοῦ
2417 3673 2750 3726 Ἀποστόλου
2772 3671 3136 3744 παρακαλεῖν,
3163 3672 3431 3744 ἐλέγχειν,
3450 3674 3742 3745 ἐπιτιμᾷν,
3778 3675 3873 3727 εὖ-

2274 3763 2506 3836 καίρως,
2539 3765 2793 3838 ἀκαίρως
2842 3767 3312 3838 προτρεπόμενος.
3353 3765 3469 3818 Νῦν
3501 3765 3560 3819 δὲ
3587 3767 3618 3819 ὁ
3651 3766 3754 3835 τῆς
3777 3785 3874 3837 νη-

2277 3857 2464 3921 στείας
2512 3858 2708 3930 καιρὸς
2739 3857 3128 3912 αὐτοδίδακτον
3179 3858 3296 3930 ἔχει
3341 3861 3442 3930 τὴν
3487 3859 3868 3930 παράκλησιν,

2274 3947 2642 4004 κατανύσσειν
2677 3947 2855 4012 ἐἰδὼς
2915 3950 3009 4002 καὶ
3047 3950 3142 4003 τὸν
3178 3949 3517 4020 ἀτεράμονα.
3564 3950 3870 4018 ’Υποδέξα-

2275 4039 2373 4094 σθε
2406 4035 2522 4107 οὖν,
2552 4034 2599 4093 ὧ
2627 4039 2870 4109 ἀδελφοὶ,
2907 4040 3140 4110 ἄσμενοι
3179 4040 3278 4103 τὰς
3328 4039 3572 4111 ίλαρίους
3601 4039 3828 4110 ἡμέρας
3848 4058 3866 4075 ο

2273 4133 2506 4196 ἕκαστος
2534 4133 2593 4186 ἐν
2619 4131 2697 4204 τῷ
2731 4133 3080 4203 καταλύματι
3107 4125 3154 4202 ᾧ
3183 4132 3474 4200 ξενίζεται,
3525 4130 3595 4186 τὰ
3629 4132 3866 4185 εἰωθότα

2275 4225 2418 4279 κατὰ
2441 4224 2673 4295 δύναμιν
2707 4223 2973 4280 ἐπιτελῶν
2996 4241 3010 4256 '
3051 4224 3129 4288 ὡς
3159 4224 3228 4279 ἂν
3261 4224 3352 4279 διὰ
3383 4223 3485 4294 τῆς
3510 4225 3748 4296 ἡσυχίας
3771 4225 3867 4277 καὶ

2275 4318 2694 4392 μετριοτροφίας
2727 4317 3062 4390 καθάρωμεν
3083 4317 3337 4389 καρδίαν,
3356 4317 3629 4390 πτερώσω
3636 4336 3738 4388 μεν
3761 4322 3866 4387 ψυ-

2282 4411 2408 4482 χὴν,
2435 4411 2816 4483 πτερνίσωμεν
2844 4409 3014 4481 πάθη.
3039 4409 3214 4464 Τοῦτο
3235 4410 3345 4481 γάρ
3370 4412 3405 4481 ἡ
3435 4411 3687 4481 νηστεία·
3703 4410 3865 4464 τοῦτο

2273 4503 2476 4574 ἡσυχία
2497 4520 2513 4536 ·
2551 4501 2714 4557 τοῦτο
2753 4504 2786 4574 ἡ
2819 4502 3010 4573 ἐντολὴ
3036 4499 3374 4570 ἐπιζητοῦσα
3400 4517 3416 4532 ·
3444 4501 3606 4554 τοῦτο
3638 4501 3736 4571 τῆς
3759 4519 3864 4554 σω-

2273 4596 2470 4667 τηρίας
2491 4594 2651 4666 ἡμῶν
2690 4595 2987 4666 κεφάλαιον
3007 4611 3021 4625 ’
3049 4593 3112 4659 ἐξ
3135 4586 3198 4648 οὗ
3229 4594 3323 4648 καὶ
3357 4593 3421 4647 τδ
3451 4594 3709 4664 μετέχειν
3755 4595 3864 4646 τῶν

590 4692 799 4755 aditus,
823 4702 988 4760 atque
1014 4689 1151 4743 adeo
1179 4690 1306 4742 vitae
1344 4698 1561 4743 aeternae
1591 4687 1872 4741 viaticum.
1909 4684 2012 4752 Qui
2034 4686 2169 4740 enim

2277 4686 2642 4756 ἁγιασμάτων
2666 4685 2754 4758 εἴη
2784 4687 2850 4741 ἂν
2880 4687 3012 4757 ἡμῖν
3037 4685 3383 4757 εὐπρόσιτον,
3417 4684 3624 4755 μᾶλλον
3645 4686 3703 4739 δὲ
3719 4685 3864 4754 ζωῆς

590 4784 881 4837 manducet
903 4759 954 4837 et
985 4782 1114 4836 bibit
1134 4782 1367 4851 indigne,
1394 4782 1501 4835 hoc
1523 4791 1628 4846 est,
1656 4795 1764 4835 non
1793 4795 1950 4849 pure,
1989 4780 2169 4848 quoad

2276 4776 2496 4830 αἰωνίου
2521 4779 2750 4848 ἐφόδιον.
2791 4780 2848 4832 Ὁ
2863 4779 2973 4850 γὰρ
2986 4779 3209 4834 ἐσθίων
3225 4780 3326 4834 καὶ
3361 4782 3558 4834 πίνων
3574 4781 3860 4844 ἀναξίως,

591 4873 788 4927 humili
811 4882 1021 4927 natum
1044 4879 1250 4926 nostra:
1271 4871 1418 4939 licet,
1441 4871 1711 4940 judicium
1749 4870 1852 4924 sibi
1883 4869 2169 4922 manducat

591 4977 642 5022 et
668 4967 818 5033 bibit,
846 4966 1004 5036 juxta
1051 4965 1382 5020 sententiam
1421 4963 1801 5034 apostolicam,
1826 4978 1930 5015 ηυη
1961 4961 2169 5030 dijudi-

592 5072 721 5112 cans
752 5071 943 5124 corpus
983 5055 1200 5108 Domini
1231 5055 1298 5110 ⁸⁸.
1328 5053 1676 5124 Quapmpter
1716 5052 1848 5107 eniti
1886 5052 2170 5119 debemus,

592 5150 792 5205 fratres
809 5148 938 5211 mei,
971 5157 1031 5200 ut
1061 5147 1129 5201 ab
1152 5147 1425 5202 indecenti
1466 5145 1760 5209 desiderio,
1789 5154 1845 5199 et
1875 5145 1944 5199 ab
1970 5144 2172 5199 invidia

590 5257 716 5313 quae
751 5240 993 5294 animam
1040 5238 1240 5303 exedit,
1272 5239 1420 5294 etab
1468 5236 1700 5291 avaritia
1757 5250 1880 5304 quae
1930 5241 2169 5288 mentem

564 5385 568 5390 .
594 5333 920 5404 submergit,
946 5341 1001 5388 et
1023 5332 1092 5387 ab
1121 5332 1308 5388 acedia
1342 5347 1465 5402 quae
1501 5331 1698 5385 animae
1721 5328 1884 5383 oculo
1914 5326 2171 5382 tenebras

593 5428 848 5496 ollundit,
881 5444 1050 5499 puros
1080 5443 1180 5484 nos
1225 5427 1604 5483 custodiamus
1637 5465 1653 5489 ,
1708 5437 1927 5494 semper
1973 5435 2170 5490 exspe-

594 5531 806 5578 ctantes
833 5521 1083 5592 corporis
1128 5522 1357 5584 exitum,
1416 5534 1526 5588 quo
1556 5517 1687 5573 vitia
1716 5523 2066 5578 exarescant,
2116 5521 2172 5568 et

667 5642 711 5674 ⁶⁶
738 5641 895 5696 Joan.
929 5656 1040 5705 xxI,
1082 5641 1169 5693 l5.
1206 5639 1249 5669 ⁸⁷
1278 5637 1321 5692 ll
1357 5638 1499 5694 Tim.
1527 5656 1600 5704 tv,
1634 5637 1688 5692 “2.
1724 5638 1768 5670 ⁵⁸
1804 5636 1824 5692 l
1856 5636 2077 5692 Comm.
2108 5633 2198 5689 9.9.

2278 4873 2445 4942 ἤγουν
2474 4871 2549 4943 μὴ
2580 4871 2860 4942 καθαρῶς,
2891 4874 3018 4927 ὅσον
3041 4873 3315 4944 ἐνδέχεται
3345 4877 3411 4945 τῇ
3437 4877 3673 4944 ταπεινῇ
3703 4875 3862 4944 ἡμῶν

2279 4963 2462 5033 φύσει,
2519 4965 2696 5035 κρῖμα
2741 4964 2934 5031 ἐαυτῷ
2992 4966 3182 5020 ἐσθίει
3226 4966 3324 5020 καί
3371 4967 3554 5032 πίνει,
3584 4967 3728 5019 κατὰ
3763 4964 3860 5036 τὴν

2280 5051 2646 5124 ἀποστολικὴν
2683 5054 2981 5123 ἀπόφασιν,
3008 5053 3096 5127 μὴ
3118 5055 3442 5125 διακρίνων
3461 5056 3531 5109 τὸ
3558 5056 3735 5126 σῶμα
3756 5057 3861 5109 τοῦ

2281 5146 2524 5212 Κυρίου.
2569 5146 2671 5200 Διά
2711 5146 2866 5200 τοῦτο
2903 5147 3257 5217 ἀγωνιστέον,
3307 5147 3531 5217 ἀδελφοί
3586 5166 3716 5219 μου,
3763 5147 3861 5200 καὶ

2279 5235 2390 5290 ἀπὸ
2418 5237 2715 5308 ἐπιθυμίας
2744 5237 3004 5304 ἐκτόπου,
3044 5239 3142 5293 καὶ
3171 5237 3286 5292 ἀπὸ
3313 5238 3510 5308 φθόνου
3546 5239 3862 5294 κατεσθίω-

2277 5344 2368 5390 τος
2392 5327 2594 5401 ψυχὴν,
2625 5331 2721 5385 καὶ
2747 5331 2857 5384 ἀπὸ
2903 5330 3272 5403 φιλαργυρίας
3330 5329 3660 5404 βυθιζοὺσης
3709 5330 3860 5396 νοῦν,

2278 5424 2372 5474 καὶ
2401 5421 2509 5474 ἀπὸ
2531 5422 2763 5494 ἁκηδίας
2793 5423 3150 5496 σκοτιζούσης
3173 5423 3454 5495 ὀφθαλμὸν
3471 5423 3670 5495 ψυχῆς,
3696 5423 3862 5477 x394-

2280 5515 2408 5585 ροὺς
2469 5517 2699 5582 ἑαυτοὺς
2740 5518 3040 5590 διατηρεῖν,
3093 5517 3565 5591 προσδεχομένους
3619 5516 3706 5570 ἀεὶ
3753 5511 3860 5584 τὴν

2117 5749 2341 5804 NOTAE.

668 5847 780 5921 (58)
809 5848 866 5902 ιιι
898 5847 1018 5903 cod.
1053 5845 1184 5919 Rig.
1226 5846 1354 5919 ροβ’.
