4060 6374
272 348 408 416 1161

1459 354 1998 417 EPISTOLARUM
2053 357 2203 416 LIB.
2247 356 2333 418 ll.

3389 359 3525 426 1462

267 463 366 516 τοῦ
397 460 649 532 σώματος
677 461 877 529 ἔξοδον,
904 463 988 532 ἐφ’
1083 463 1310 534 τήκεται
1331 461 1400 517 τὰ
1416 465 1586 534 πάθη.
1612 466 1705 519 καὶ
1725 483 1834 520 νευ·

1953 466 2136 521 anima
2189 465 2600 522 corroboratur.
2653 464 2902 522 Claudite
2947 466 3172 534 auditus
3222 467 3522 526 vitiorum:

269 555 460 626 ροῦται
488 553 660 626 ψυχή.
695 555 922 608 Κλείετε
945 557 1044 620 τάς
1071 554 1314 618 εἰσόδους
1339 555 1449 609 τῶν
1464 555 1654 610 παθῶν
1677 571 1691 586 ο
1713 555 1846 624 φεύη

264 661 392 712 γετε
421 646 547 707 τοὺς
574 643 685 698 τῶν
712 645 1028 716 πτωμάτων
1078 645 1279 708 τόπους
1307 659 1322 675 ·
1357 645 1591 714 φεύγετε
1617 646 1719 710 τάς
1747 663 1847 715 γυ-

262 737 516 801 ναικείας
538 736 758 808 ὁμιλίας
785 737 877 790 καὶ
911 737 1338 807 συνδιαιτήσεις.
1367 736 1494 802 Πῶς
1522 738 1631 811 γὰρ
1655 738 1722 793 ἂν
1752 739 1848 794 καὶ

265 830 346 900 μὴ
379 828 638 900 φλεχθείη
667 830 889 901 καρδία,
915 829 1118 901 μᾶλλον
1147 829 1206 883 δὲ
1235 829 1628 903 ὲμπυρισθείη,
1655 831 1848 901 λόγους

262 919 486 974 διδοῦσα
511 920 605 974 καὶ
630 920 986 991 λαμϐάνουσα
1017 919 1156 990 μετά
1200 919 1470 991 παρθένου
1495 939 1508 984 ;
1547 922 1688 991 μετά
1708 921 1848 992 ψαλ-

263 1011 501 1086 λούσης;
537 1013 658 1085 μεθ’
704 1013 822 1077 οἵας
861 1013 1061 1085 δήποτε
1113 1013 1411 1083 γυναικός;
1460 1014 1619 1079 Πῶς,
1673 1015 1846 1086 φησὶ,

264 1103 596 1174 θεολογικῶς
626 1105 822 1169 εἰπεῖν,
858 1102 1023 1158 σώσει
1054 1105 1086 1176 ἡ
1122 1103 1381 1175 ἀλλοτρία
1407 1103 1468 1159 δν
1501 1105 1785 1159 ἀπώλεσεν
1813 1107 1847 1178 η

267 1195 376 1248 ίδία
403 1213 416 1261 ;
448 1195 553 1250 κᾶν
569 1196 678 1266 γὰρ
703 1195 1106 1267 πραγματικῶς
1130 1196 1303 1262 δόξειέ
1337 1215 1422 1262 τις
1443 1196 1810 1268 φυλάττεσθαι
1829 1214 1844 1229 ·

262 1289 407 1342 ἀλλά
431 1305 495 1358 γε
527 1286 844 1360 καρδιακῶς
869 1289 930 1341 οὐ
961 1288 1222 1361 διασωθῇ,
1249 1289 1390 1343 κατὰ
1433 1289 1532 1362 τὴν
1573 1289 1848 1360 ἀπόφασιν

263 1378 360 1432 τοῦ
388 1379 616 1448 Κυρίου.

349 1469 408 1524 '0
431 1468 671 1540 διωγμὸς
695 1465 792 1524 οῦν
836 1471 898 1524 ού
929 1471 998 1524 δι’
1035 1470 1336 1537 ἀπώλειαν,
1375 1469 1514 1525 ἀλλὰ
1543 1471 1634 1527 διὰ
1669 1490 1847 1544 σωτη-

262 1559 406 1630 ρίαν·
420 1561 540 1614 οὐδὲ
555 1561 790 1631 τοσαύτη
805 1561 1018 1632 ἀνάγκη
1035 1563 1437 1632 κατεπείγουσα
1451 1563 1600 1628 είςτὺ
1617 1565 1850 1619 συνδιαι-

260 1653 460 1705 τᾶσοαι
490 1668 734 1721 γυναικι,
763 1651 946 1718 καθὼς
977 1655 1036 1708 ὲν
1065 1656 1178 1718 τοῖς
1205 1655 1452 1724 Πατράσι
1495 1656 1556 1708 τὸ
1587 1672 1847 1726 περιστα-

259 1742 414 1796 τικὸν
441 1745 752 1814 ἠνάγκασεν
793 1745 898 1798 ὑπὸ
929 1745 1188 1817 παρθένῳ
1211 1746 1304 1800 τὸν
1341 1747 1588 1819 ἀοίδιμον
1627 1747 1849 1803 ’Δθανάο

1949 559 2322 615 offensionum
2356 558 2474 613 loca
2502 556 2707 628 fugite:
2741 557 2912 629 fugite
2927 531 3218 616 muliebria
3254 563 3523 634 colloquia

1947 658 2001 707 et
2021 651 2408 707 contubernia.
2437 650 2558 716 Quo
2580 651 2728 706 enim
2753 660 2914 721 pacto
2936 666 3054 706 non
3078 653 3266 709 ardeat
3295 670 3414 720 cor,
3444 659 3526 712 vel

1948 741 2132 812 potius
2157 757 2264 796 non
2290 742 2556 812 ignescet,
2599 750 2822 796 mutuos
2843 756 3131 798 sermones
3149 758 3274 797 eum
3315 744 3527 816 virgine

1947 834 2106 902 dans,
2142 843 2198 889 et
2216 834 2530 904 accipiens?
2557 849 2682 889 cum
2709 835 2974 905 psallente
2990 833 3020 888 ἓ
3035 849 3163 890 cum
3196 851 3530 908 quacunque

1947 925 2170 981 demum
2204 925 2468 981 muliere?
2490 924 2796 993 Quomodo,
2823 935 2881 980 ut
2905 925 3144 998 theologi
3174 927 3358 982 verbis
3383 938 3526 991 utar,

1949 1019 2183 1077 salvabit
2224 1019 2435 1087 aliena,
2476 1036 2642 1092 quem
2684 1021 2907 1092 propria
2951 1019 3224 1091 perdidit?
3262 1019 3530 1088 Quamvis

1947 1113 2094 1168 enim
2121 1112 2302 1184 reipsa
2328 1114 2582 1170 videatur
2603 1113 2876 1185 quispiam
2907 1113 3018 1170 sibi
3041 1127 3241 1169 cavere
3262 1132 3277 1182 ;
3296 1123 3352 1170 at
3376 1116 3528 1170 cordi

1948 1205 2262 1262 consultum
2331 1208 2469 1263 satis
2532 1221 2642 1262 non
2703 1206 2840 1271 erit,
2893 1205 3050 1277 juxta
3117 1205 3333 1262 Domini
3396 1206 3529 1262 eﬂ‘a-

1949 1303 2062 1351 tum
2095 1296 2158 1348 “.

2021 1475 2210 1546 itaque
2235 1474 2550 1546 persecutio
2572 1490 2680 1531 non
2720 1475 2788 1530 ad
2835 1475 3088 1540 exitium,
3133 1475 3228 1531 sed
3277 1475 3341 1530 ad
3378 1477 3529 1528 salu-

1949 1575 2058 1620 tem
2097 1583 2111 1620 :
2153 1582 2332 1637 neque
2363 1575 2510 1622 tanta
2544 1576 2627 1624 est
2678 1567 3003 1631 necessitas,
3054 1577 3115 1621 ut
3151 1583 3276 1620 cum
3327 1565 3529 1619 ft'ttlitttl

1947 1661 2163 1716 versari
2193 1670 2373 1732 cogat,
2408 1661 2553 1716 sicut
2583 1661 2726 1716 inter
2746 1659 2937 1715 Patres
2963 1659 3260 1730 gloriosum
3289 1660 3530 1712 Athana-

1949 1754 2090 1808 sium
2120 1753 2423 1824 adegerunt
2443 1753 2728 1823 angustiae,
2754 1760 2816 1807 ut
2837 1761 3046 1823 septem
3079 1767 3254 1807 annos
3285 1751 3389 1806 sub
3421 1751 3531 1804 vir-

261 1853 377 1891 σιον
408 1839 775 1907 ἑπταετῆσαι·
807 1839 840 1910 ἢ
872 1839 1026 1892 τόνδε
1069 1839 1165 1894 καὶ
1211 1839 1364 1893 τόνδε
1405 1818 1498 1893 τὸν
1542 1841 1702 1910 ἅγιον
1739 1842 1834 1896 ὑπὲ

1951 1841 2096 1913 ginis
2123 1818 2256 1898 cura
2279 1818 2644 1912 transigeret;
2681 1850 2779 1896 aut
2801 1818 2948 1896 hunc
2969 1841 3053 1896 vel
3079 1841 3232 1894 illum
3252 1848 3526 1902 sanctum,

260 1929 525 1998 γυναικὸς
551 1929 1052 2002 ὲξυπηρετηθῆναι.
1094 1929 1257 1983 Ἀλλὰ
1283 1929 1379 1984 νῦν
1409 1933 1506 1984 καὶ
1535 1932 1720 1996 πόλεις
1750 1934 1846 1986 καὶ

261 2020 437 2092 χῶραι
460 2024 520 2074 τλι
557 2021 869 2093 ἐλευθέριον
895 2021 1103 2092 ἔχουσι,
1136 2023 1240 2093 τῆς
1271 2021 1631 2095 ἀσυνδυάστῳ
1657 2025 1846 2097 τρόπῳ

260 2115 478 2184 γυναιξὶ
504 2115 702 2180 ξενίας.
740 2115 813 2169 Σὺ
839 2114 896 2169 δὲ
925 2115 1089 2188 δῆθεν
1116 2114 1412 2185 ὁμολογίας
1459 2117 1554 2171 καὶ
1600 2117 1843 2188 διωγμοῦ

260 2207 358 2261 τοῦ
391 2208 531 2278 ὑπὲρ
559 2206 800 2278 Χριστοῦ
833 2207 975 2261 κατὰ
999 2208 1093 2262 τοῦ
1123 2208 1365 2279 Χριστοῦ
1395 2209 1718 2280 κινούμενος
1742 2210 1845 2264 οὐκ

259 2301 570 2372 ἐπαισθάνῃ
652 2300 870 2370 γυναιξὶ
934 2301 1157 2366 πυκνῶς
1209 2302 1448 2374 ὁμιλῶνο
1511 2301 1843 2373 συμψάλλων

261 2396 393 2458 iam;
413 2411 428 2425 ο
468 2393 608 2464 τάχα
623 2394 680 2446 δὲ
703 2393 800 2446 καὶ
824 2393 1169 2466 συνεσθίωνῆ
1190 2396 1284 2448 καὶ
1312 2395 1577 2449 συνοικῶν
1593 2413 1608 2426 ·
1644 2393 1842 2449 ἐσθίων

253 2486 357 2556 τὴν
393 2484 516 2556 ὄψιν
551 2487 655 2554 τῆς
703 2485 978 2548 συνοίκου,
1021 2486 1117 2540 καὶ
1163 2487 1478 2558 ἑσθιόμενος
1522 2486 1627 2541 ὑπὸ
1677 2485 1841 2558 τῆσδε

256 2577 521 2648 ὀλεθρίως
547 2594 562 2644 ;
593 2575 803 2644 Φύγετε
833 2575 910 2640 ὡς
938 2577 1048 2630 ἀπὸ
1070 2577 1241 2649 πυρὸς
1277 2579 1372 2632 καὶ
1398 2579 1446 2631 οἱ
1498 2579 1690 2648 ἄνδρες
1730 2577 1841 2631 ἀπὸ

253 2667 552 2737 γυναικῶν,
580 2668 675 2721 καὶ
729 2669 785 2720 ai
830 2670 1083 2736 γυναῖκες
1127 2668 1237 2724 ἀπὸ
1281 2669 1392 2722 τῶν
1437 2669 1681 2740 ἀνδρῶν’
1707 2671 1756 2722 εἰ
1781 2671 1839 2724 δὲ

255 2763 354 2815 καὶ
384 2759 660 2832 σύμϐασιν
689 2761 771 2814 δεῖ
797 2760 1073 2830 γενέσθαι,
1107 2760 1365 2816 τοσοῦτον
1391 2762 1517 2815 ὅσον
1552 2765 1586 2834 ἡ
1618 2763 1834 2833 ἀνάγκη

254 2852 352 2906 καὶ
381 2854 414 2922 ἡ
439 2851 598 2923 χρεία
637 2851 924 2922 ἀπαιτοίη,
975 2850 1483 2923 διαδιδράσκοντες,
1530 2855 1624 2907 καὶ
1667 2854 1728 2908 τὸ
1753 2873 1838 2907 τι·-

253 2943 407 2998 θέναι
437 2943 736 2998 σκάνδαλον
776 2943 980 3008 ἄλλοις.
1017 2943 1157 2997 Ἵνα
1195 2945 1253 2997 τί
1274 2943 1386 3014 γὰρ
1436 2946 1475 3013 ἠ
1525 2946 1839 3015 ἐλευθερία

245 3054 390 3106 μου,
419 3037 573 3108 φησὶ,
595 3038 859 3106 κρίνεται
879 3036 997 3092 ὑπὸ
1014 3036 1212 3104 ἄλλης
1227 3036 1642 3108 συνειδήσεως
1661 3055 1683 3104 ;
1700 3039 1832 3101 Καὶ,

249 3129 555 3224 Εἱᾼβρῶμα
584 3129 969 3224 σκανδαλίζει
1001 3130 1108 3224 τόιθ
1133 3129 1403 3224 ἁδειῐςρᾴν
1439 3148 1560 3200 μου
1580 3171 1596 3196 ,
1645 3133 1717 3186 οὐ
1745 3131 1834 3202 μὴ
1862 3178 1880 3224 ί

248 3222 417 3292 φάγω
443 3223 586 3290 κρέα
603 3224 691 3288 εὶς
712 3223 819 3277 τὸν
846 3223 1052 3288 αἰῶνα,
1069 3223 1171 3276 ἵνα
1191 3223 1276 3292 μὴ
1303 3223 1410 3276 τὸν
1434 3224 1705 3292 ἀδελφόν
1715 3241 1836 3294 μου

247 3313 665 3368 σκανδαλίσω.
718 3313 1188 3377 ’Λσκανδαλίστως
1235 3309 1330 3369 οὖν
1379 3314 1753 3382 πολιτεύεσθε,
1787 3310 1834 3370 ὦ

246 3405 438 3470 τέκνα,
466 3407 566 3460 καί
593 3406 1021 3474 ἀπροσκόπως,
1062 3406 1162 3459 καὶ
1194 3405 1528 3474 Ἰουδαίοις,
1555 3407 1654 3462 καὶ
1687 3409 1834 3464 Ἕλ-

245 3501 418 3566 λησι,
445 3498 545 3552 καὶ
567 3497 641 3568 τῇ
684 3500 1009 3566 Ἐκκλησία
1060 3493 1378 3564 toi/8805,
1414 3499 1598 3563 καθὼς
1621 3499 1826 3569 γέγραο

246 3607 421 3644 πται·
452 3591 796 3654 ἐπινοοῦντες
847 3591 941 3645 καὶ
987 3591 1052 3644 τὸ
1095 3589 1288 3662 ἄδηλον
1333 3590 1428 3645 τοῦ
1466 3591 1698 3646 θανάτου
1728 3593 1832 3665 ἥδη

247 3681 495 3753 παρῆλθε
522 3682 616 3736 καὶ
647 3684 676 3735 6
701 3681 926 3751 ἀδελφὸς
966 3681 1154 3747 Σίλας,
1202 3681 1297 3734 κα)⁸
1337 3683 1446 3753 πρό
1477 3700 1544 3752 γε
1582 3684 1772 3738 τούτου
1803 3686 1834 3738 6

245 3773 423 3835 ἀϐὁᾶς
449 3772 781 3836 Θεόσωστος,
815 3771 910 3825 καί
939 3785 1002 3840 γε
1021 3773 1050 3825 6
1097 3770 1330 3840 ἀδελφὸς
1377 3773 1705 3843 Προκόπιος,
1736 3774 1833 3827 καὶ

241 3864 425 3928 οὐδεὶς
449 3865 723 3935 ὲπιμενεί.
757 3864 868 3916 Καὶ
902 3863 1176 3934 μακάριος
1200 3865 1228 3916 6
1267 3863 1470 3917 συνιῶν
1497 3863 1825 3934 ἀκαταγνὼ-

245 3973 392 4018 στως
434 3956 722 4028 παρελθεῖν
765 3955 856 4009 τὸν
889 3955 1017 4027 τῇδε
1071 3955 1206 4025 βίον.
1275 3954 1650 4026 Προσεύχεσθε
1699 3957 1827 4027 περὶ

241 4048 406 4120 ἡμῶν
475 4050 586 4102 τῶν
663 4048 937 4101 ταπεινῶν
1009 4049 1423 4120 ἀνεπιλήστως,
1475 4047 1563 4102 ἵνα
1629 4046 1823 4113 σωζοί-

243 4138 411 4209 μεθα.

426 4254 591 4308 PMH’
615 4251 751 4325 (59).
783 4281 852 4292 —
873 4253 1180 4322 Δημητρίῳ
1207 4250 1428 4317 ὑπάτῳ.
1465 4249 1660 4324 [tl/106.}

1947 1941 2010 1988 ut
2046 1933 2302 1988 muliebri
2359 1933 2668 1988 ministerio
2707 1939 2992 1987 uterentur
3015 1932 3082 1986 7°.
3139 1929 3245 1986 Sed
3282 1945 3429 1985 nunc
3474 1939 3531 1983 et

1946 2026 2112 2082 urbes
2152 2035 2209 2082 et
2240 2026 2493 2096 regiones
2526 2025 2760 2080 liberum
2799 2023 3044 2095 przebent
3075 2023 3372 2094 hospitium
3401 2062 3416 2085 ,
3452 2022 3528 2075 ita

1945 2127 2008 2174 ut
2029 2132 2254 2174 necesse
2281 2133 2389 2173 non
2433 2117 2506 2173 sit
2535 2133 2641 2172 una
2670 2133 2796 2174 cum
2831 2117 3162 2172 mulieribus
3189 2116 3418 2172 versari.
3444 2113 3528 2169 Tu

1944 2224 2076 2264 vero
2103 2224 2212 2265 non
2247 2209 2643 2265 animadvertis
2681 2209 2894 2264 scilicet
2938 2219 2990 2264 te
3022 2208 3428 2265 confessionem
3471 2219 3529 2262 et

1945 2300 2382 2370 persecutionem
2421 2313 2521 2370 pro
2579 2297 2833 2364 Christo,
2919 2299 3184 2354 adversus
3240 2298 3526 2354 Christum

1944 2399 2282 2455 convertere,
2318 2390 2448 2445 dum
2479 2389 2794 2460 frequenter
2822 2390 3157 2458 colloqueris
3181 2406 3307 2446 cum
3337 2390 3528 2446 mulie-

1945 2483 2135 2548 ribus;
2165 2499 2272 2538 una
2294 2481 2752 2553 psallisfortasse,
2785 2499 2851 2538 ac
2883 2483 3120 2540 fortasse
3145 2483 3312 2538 simul
3336 2498 3524 2538 come-

1941 2575 2050 2639 dis,
2089 2586 2144 2631 et
2199 2575 2364 2630 simul
2419 2576 2656 2640 habitas,
2693 2576 2814 2630 visu
2848 2585 2899 2632 te
2932 2591 3163 2646 pascens
3206 2575 3522 2646 huiusmodi

1941 2666 2353 2721 contubernalis
2373 2706 2388 2730 ,
2423 2681 2490 2721 ac
2518 2666 2668 2720 illam
2707 2667 2992 2721 obiectans
3031 2666 3300 2720 exitiose?
3330 2665 3523 2737 Fugite

1943 2767 2201 2829 tanquam
2231 2758 2299 2812 ab
2329 2757 2462 2828 igni,
2497 2767 2551 2813 et
2593 2758 2697 2812 viri
2741 2774 2770 2813 a
2801 2757 3144 2829 mulieribus,
3169 2768 3223 2812 et
3263 2760 3523 2816 mulieres

1940 2867 1970 2908 a
1998 2852 2153 2906 viris.
2183 2851 2339 2918 Quod
2363 2851 2410 2906 si
2437 2851 2733 2907 convenire
2785 2851 3091 2920 Oportebit,
3152 2851 3204 2905 id
3254 2853 3524 2922 tantisper

1938 2947 2034 3000 ﬁat
2061 2954 2327 3016 quantum
2351 2959 2484 3001 usus
2506 2945 2674 3016 exigit
2702 2959 2768 3000 ae
2788 2945 3091 3000 necessitas
3125 2963 3139 2999 :
3167 2944 3423 3014 fugiendo
3466 2945 3522 3001 id

1937 3051 2102 3092 omne
2130 3035 2277 3106 quod
2299 3037 2422 3092 aliis
2451 3037 2772 3093 scandalum
2809 3038 3049 3107 praebere
3067 3047 3249 3107 queat.
3293 3035 3361 3090 Ut
3391 3035 3520 3107 quid

1937 3129 2078 3181 enim
2105 3127 2323 3182 libertas
2359 3145 2475 3182 mea
2513 3128 2818 3198 judicatur,
2859 3129 3059 3199 inquit,
3089 3127 3155 3182 ab
3186 3129 3366 3183 aliena
3396 3146 3522 3183 cou-

1885 3205 1906 3229 ’
1941 3220 2166 3274 scientia
2197 3220 2263 3274 ".
2295 3219 2384 3284 Et,
2420 3219 2480 3274 Si
2516 3236 2636 3274 esca
2673 3220 3008 3274 scandalizat
3057 3221 3278 3290 fratrem
3323 3237 3518 3285 meum,

1940 3329 2045 3366 non
2087 3311 2416 3366 manducabo
2459 3328 2674 3366 carnem
2723 3311 2778 3364 in
2828 3321 3105 3378 retentum,
3165 3327 3228 3365 ne
3297 3311 3518 3382 fratrem

1941 3422 2114 3460 meum
2142 3403 2505 3459 scandalizem
2535 3406 2598 3459 7’.
2633 3404 2766 3460 Sine
2805 3405 3066 3460 scandalo
3094 3405 3264 3474 igitur
3285 3422 3518 3462 conver-

1937 3497 2159 3561 samini,
2187 3512 2221 3550 ο
2244 3497 2428 3559 filii,et
2449 3497 2561 3550 sine
2587 3496 2894 3566 offensione,
2926 3506 2976 3550 et
3011 3493 3245 3560 Judtcis,
3281 3509 3330 3550 et
3365 3496 3518 3553 Cra:-

1933 3590 2032 3654 cis,
2067 3599 2116 3644 et
2143 3588 2397 3644 Ecclesia:
2425 3588 2546 3653 Dei,
2592 3591 2742 3644 sicut
2775 3590 3042 3660 scriptum
3091 3601 3176 3646 est
3203 3593 3288 3657 ⁷³;
3339 3592 3518 3647 inccr-

1933 3691 2047 3736 tum
2073 3697 2293 3751 quoque
2322 3681 2521 3736 mortis
2565 3689 2781 3750 tempus
2813 3694 3148 3752 reputantes.
3183 3685 3300 3736 Jan:
3326 3700 3520 3740 exces-

1932 3773 2008 3827 sit
2028 3781 2084 3826 et
2115 3771 2286 3826 frater
2325 3771 2492 3838 Silas,
2522 3783 2578 3826 et
2605 3779 2733 3827 ante
2777 3772 2923 3826 hunc
2953 3773 3122 3827 abbas
3152 3773 3513 3836 Theosostus,

1934 3862 2104 3918 frater
2134 3863 2322 3918 itidem
2348 3862 2656 3934 Procopius
2681 3882 2696 3919 :
2728 3879 2842 3934 nec,
2866 3865 3014 3920 ullus
3043 3866 3096 3919 in
3123 3865 3229 3918 vita
3254 3874 3517 3934 perpetuo

1933 3954 2288 4009 manebit.At
2318 3955 2514 4010 beatus
2531 3957 2622 4026 qui
2646 3956 2801 4012 novit
2852 3957 2974 4014 sine
3039 3973 3180 4011 noxa
3219 3959 3516 4027 transigere

1932 4047 2077 4102 hanc
2105 4046 2296 4102 vitam.
2321 4044 2614 4120 Nunquam
2640 4047 3046 4104 obliviscamini
3100 4064 3260 4104 mare
3284 4065 3381 4119 pro
3414 4066 3514 4105 uo—

1931 4139 2020 4194 bis
2040 4138 2370 4203 humilibus,
2399 4148 2460 4194 ut
2479 4139 2617 4194 salvi
2647 4140 2844 4196 simus.

2250 4249 2529 4306 CXLVIII.
2551 4283 2621 4292 —
2647 4251 2913 4307 Demetrio
2943 4253 3167 4306 consuli.

1329 4365 1397 4415 Ut
1422 4364 1628 4429 gemino
1659 4363 1950 4427 magistratu
1981 4364 2138 4429 probe
2173 4364 2426 4428 fungatur.

327 4469 390 4523 Ἦ
423 4469 662 4524 ἀπουσία
686 4468 782 4523 τοῦ
825 4470 1076 4544 σώματος
1103 4471 1224 4526 τίνα
1253 4471 1420 4544 ἄλλην
1449 4471 1600 4544 εὖροι
1637 4489 1819 4544 παρα-

1991 4473 2258 4528 Absentia
2281 4474 2532 4544 corporis
2546 4489 2775 4545 ecquam
2795 4475 3224 4530 consolationem
3246 4476 3506 4536 inveniat.

239 4563 466 4636 μυθίαν,
497 4563 530 4634 ἢ
563 4563 662 4634 τὴν
691 4562 780 4616 διὰ
819 4563 915 4616 τοῦ
953 4565 1281 4634 γράμματος
1315 4566 1612 4636 συνάφειαν
1637 4582 1652 4630 ;
1676 4563 1820 4616 Ταύ-

234 4673 310 4726 τῃ
345 4655 659 4728 τοιγαροῦν,
693 4650 738 4709 ὧ
782 4655 950 4725 φίλων
1010 4655 1223 4728 ἄριστε,
1281 4657 1666 4728 συναπτόμεθά
1723 4674 1818 4711 σου

232 4753 306 4822 τῇ
336 4751 527 4822 ἀγάπῃ
569 4752 616 4804 oi
660 4751 910 4804 ταπεινοὶ
957 4751 1019 4804 τὸ
1051 4751 1247 4824 παρὸν,
1305 4749 1818 4823 προσπτυσσὸμενοί

233 4860 298 4897 σε
326 4842 404 4912 τῷ
427 4842 720 4912 πνεύματι,
760 4845 856 4897 καὶ
885 4843 1245 4917 γνωρίζοντες
1273 4846 1354 4899 ὅτι
1397 4845 1518 4915 οὐχὶ
1559 4845 1594 4914 ἠ
1644 4845 1816 4897 ἀπου-

232 4936 328 4990 σία
352 4933 592 5000 διέζευξε
623 4936 722 5006 τὴν
751 4935 976 5008 ἀγάπην
1009 4953 1022 4965 ·
1069 4936 1206 4992 ἀλλὰ
1230 4939 1324 4990 καὶ
1383 4936 1583 5007 μᾶλλον
1639 4937 1808 4988 ἐκκα-

229 5030 410 5084 λεῖται
456 5029 626 5102 αὐτὴν
657 5029 904 5100 διψῶσαν
937 5028 999 5084 τὸ
1053 5029 1294 5102 φίλτρον,
1330 5030 1584 5098 καθάπερ
1635 5030 1686 5082 οἱ
1726 5029 1808 5082 δι-

226 5121 447 5193 ψαλέως
475 5121 689 5192 ἔχοντες
733 5121 1086 5194 ἐπιτρέχουσι
1141 5123 1277 5195 πρὸς
1315 5123 1412 5188 τὰς
1459 5122 1644 5194 πηγὰς
1697 5123 1808 5174 τῶν

230 5213 466 5268 ὑδάτων.
514 5214 674 5268 ’Λλλά
723 5213 784 5267 τὸ
818 5215 918 5284 μὲν
942 5213 1043 5283 τῆς
1071 5213 1294 5286 ἀγάπης
1315 5213 1582 5268 δεικτικὸν
1613 5211 1806 5266 τοσοῦ-

224 5317 342 5355 τον.
380 5299 502 5362 Πῶς
539 5301 596 5353 δὲ
624 5301 787 5366 αὐτὸς
812 5301 1112 5372 διατελοίης
1132 5303 1188 5354 ἐν
1219 5306 1286 5373 τῇ
1315 5302 1667 5375 πιστευθείσῃ
1696 5319 1805 5357 πα-

228 5391 304 5466 ρά
331 5393 440 5446 τῶν
472 5392 737 5464 βασιλέων
766 5395 934 5466 ἀρχῇ,
981 5393 1284 5465 ἀγνοοῦμεν
1309 5411 1325 5426 ·
1376 5395 1576 5465 μᾶλλον
1626 5395 1684 5448 δὲ
1713 5393 1810 5447 καὶ

1921 4575 2116 4638 praeter
2149 4582 2506 4638 congressum
2545 4583 2641 4638 per
2668 4568 2880 4622 litteras
2906 4567 2929 4620 ?
2955 4567 3050 4620 lllo
3083 4568 3269 4638 igitur,
3297 4567 3478 4622 amico
3506 4597 3508 4600 ν

1919 4677 2040 4716 rum
2075 4661 2300 4731 optime,
2344 4670 2449 4716 tuae
2486 4674 2634 4716 nunc
2669 4659 2924 4716 charitati
2955 4659 3189 4715 humiles
3219 4659 3510 4729 conjungi-

1919 4769 2065 4819 mur,
2106 4753 2494 4823 amplectentes
2539 4763 2592 4808 te
2631 4753 2848 4824 spiritu,
2893 4762 2948 4808 et
2978 4754 3267 4808 certiorem
3302 4752 3507 4807 facien-

1921 4855 2024 4910 tes,
2075 4846 2394 4901 charitatem
2441 4846 2687 4900 absentia
2726 4861 2834 4901 non
2870 4861 2993 4901 esse
3034 4845 3379 4907 dissolutam,
3409 4845 3504 4899 sed

1918 4939 2100 5009 potius
2137 4939 2288 4993 illam
2323 4940 2596 4994 sitientem
2624 4939 2822 4994 attrahi
2854 4937 3055 5009 philtro
3093 4956 3108 5004 ;
3144 4939 3504 5008 quemadmo-

1915 5029 2044 5081 dum
2069 5028 2163 5098 qui
2193 5027 2282 5084 siti
2311 5039 2566 5095 uruntur,
2593 5034 2889 5083 accurrunt
2910 5027 2975 5080 ad
3000 5026 3182 5082 fontes
3210 5042 3501 5097 aquarum.

1923 5119 2118 5174 Verum
2160 5120 2427 5176 hactenus
2479 5120 2547 5176 de
2598 5119 2882 5176 charitatis
2938 5117 3338 5175 testiﬁcatione.
3383 5117 3503 5184 Quo

1913 5218 2093 5265 autem
2121 5219 2278 5279 pacto
2304 5210 2686 5265 demandatam
2713 5209 2810 5264 tibi
2836 5209 2904 5264 ab
2927 5210 3345 5280 imperatoribus
3379 5222 3504 5276 pro-

1912 5303 2148 5358 vinciam
2170 5318 2357 5372 gerere
2374 5317 2586 5374 pergas,
2605 5303 2939 5374 ignoramus;
2963 5311 3058 5356 aut
3077 5301 3254 5372 potius
3271 5297 3417 5353 anxii
3447 5306 3503 5352 et

1917 5395 2137 5450 solliciti
2162 5410 2355 5450 sumus
2389 5413 2402 5449 :
2435 5395 2691 5466 quoniam
2725 5393 3001 5459 audimus,
3032 5401 3224 5463 praeter
3259 5390 3496 5460 priorem

311 5508 574 5584 f’lltatth.
610 5527 680 5584 _v,
719 5511 807 5565 28.
849 5511 894 5544 '°
921 5511 1215 5568 Sozomen.
1273 5511 1364 5566 lib.
1399 5527 1448 5578 v,
1469 5527 1586 5584 cap.
1649 5511 1709 5578 6;
1735 5519 1788 5566 et
1826 5507 2035 5564 Pallad.
2072 5509 2127 5564 in
2156 5507 2407 5564 Lausiac.
2449 5509 2492 5540 ⁷³
2521 5507 2536 5560 l
2567 5508 2690 5564 Cur.
2742 5524 2794 5568 x,
2860 5506 2946 5561 29.
2991 5506 3032 5538 ⁷³
3065 5503 3082 5558 l
3112 5503 3236 5558 Cor.
3280 5501 3492 5568 νιιι,15.

225 5580 277 5614 ⁷³
311 5577 329 5633 I
360 5581 486 5636 (Sor.
522 5597 576 5644 x,
607 5581 694 5636 δὲ.

1579 5729 1585 5736 ,
1685 5665 1916 5723 more.

305 5787 418 5860 (ὃν)
452 5789 510 5844 lu
544 5792 664 5846 cod.
694 5791 825 5860 Reg.
864 5795 996 5860 ρογ’.
