4060 6374
14 83 24 124 ll

533 313 678 390 1463
1060 396 1065 402 ι
1735 318 1796 379 S.
1836 313 2233 376 THEODORI
2267 313 2618 378 STUDIT/E
3675 310 3816 376 1464

527 428 884 502 provinciam,
897 429 1210 501 impositam
1233 429 1329 486 tibi
1347 430 1571 488 alteram
1597 428 1787 497 fuisse,
1805 444 1914 484 non
1940 428 2124 483 volen-

2229 427 2589 499 ἐμμερίμνως
2644 424 2880 496 ἔχομεν’
2939 425 3130 495 ἐπειδὴ
3179 423 3276 478 καὶ
3340 423 3691 496 μανθάνομεν
3744 429 3816 496 τῇ

529 521 591 580 ti,
625 520 718 575 sed
753 520 996 590 principe
1021 517 1102 577 sic
1121 520 1350 590 jubente
1376 539 1389 576 :
1410 531 1573 592 atque
1600 521 1761 583 hanc,
1784 536 1910 576 cum
1933 520 2120 591 priore

527 611 600 666 sit
639 609 902 665 remotior
927 611 1165 668 vicinam
1198 627 1320 667 esse
1363 611 1624 668 Barbaris
1653 628 1670 678 ;
1699 611 1935 681 ideoque
1971 619 2117 666 metu

525 702 682 770 allici,
718 713 777 758 ut
798 703 978 770 aiunt,
1009 711 1354 772 praestantem
1379 705 1621 760 animam
1649 712 1798 760 tuam
1838 721 1851 758 :
1888 713 1948 758 ut
1984 719 2112 774 quas

527 810 630 859 nec
659 797 810 863 velit,
841 812 943 853 nec
982 811 1259 868 propensa
1299 797 1372 853 sit
1397 798 1462 852 ad
1493 797 1819 868 gestandum
1849 797 2113 868 gladium,

529 887 847 959 bellumque
877 889 960 944 vel
1015 888 1362 944 inferendum
1401 890 1488 944 vel
1516 890 1923 946 sustinendum.
1989 887 2116 946 llaec

524 983 706 1036 omnia
739 998 840 1038 nos
873 985 1036 1038 etiam
1065 992 1453 1053 permoverunt
1483 984 1551 1039 ad
1583 998 1774 1054 preces
1806 984 2116 1038 orationes-

524 1091 632 1144 que
660 1075 987 1140 t‘undendas,
1032 1085 1094 1132 ut
1125 1078 1203 1132 sis
1235 1077 1288 1131 in
1332 1089 1570 1148 utroque
1618 1077 1940 1146 magistratu
1967 1078 2120 1132 inco-

523 1169 708 1222 lumis.
751 1167 818 1222 Et
861 1183 992 1224 vero
1035 1185 1324 1240 speramus
1368 1171 1578 1226 salvum
1634 1181 1687 1226 te
1739 1168 1895 1236 fore,
1930 1170 1976 1225 si
2013 1184 2122 1240 prae

522 1260 696 1314 oculis
730 1260 931 1315 habeas
963 1261 1214 1315 timorem
1248 1259 1363 1326 Dei,
1395 1269 1450 1316 et
1483 1260 1630 1331 quod
1667 1260 1795 1315 inde
1821 1261 2122 1316 advocatur

523 1353 811 1415 auxilium.
852 1351 956 1408 Ubi
1007 1354 1153 1408 enim
1217 1353 1360 1408 Deus
1409 1353 1660 1423 adjutor,
1704 1352 1853 1408 illinc
1889 1353 2126 1410 facesset

523 1461 686 1500 omne
717 1446 944 1502 malum.
997 1446 1255 1501 Immittet
1302 1445 1450 1501 enim
1497 1446 1730 1518 ,augelus
1780 1445 2016 1511 Domini,
2041 1447 2128 1501 in-

521 1539 660 1607 quit,
696 1539 752 1592 in
804 1539 1035 1592 circuitu
1077 1540 1372 1593 timentium
1413 1554 1554 1604 eum,
1582 1547 1632 1592 et
1682 1538 1867 1607 eripiet
1912 1554 2000 1592 eos
2047 1538 2124 1592 τι.

2225 521 2468 593 προτέρᾳ
2491 521 2637 592 ἀρχῇ
2669 519 2765 572 καὶ
2793 518 2989 591 ἑτέραν
3038 518 3360 588 ἐπιτεθῆναί
3399 536 3482 572 σοι
3539 518 3641 572 οὐκ
3696 519 3820 572 ἐθέ-

2224 616 2394 678 λοντι,
2426 613 2566 668 ἀλλὰ
2619 611 3053 684 προστάσσοντος
3081 613 3175 666 τοῦ
3203 611 3534 684 κρατοῦντος
3554 629 3567 643 ⁸
3613 613 3711 666 καὶ
3733 615 3816 668 ὅτι

2225 706 2564 779 πορρωτέρω
2618 705 2720 776 τῆς
2746 705 3020 777 προτέρας
3067 701 3256 768 οὖσαν,
3297 703 3509 774 ἐγγίζει
3541 706 3658 768 τοῖς
3685 704 3822 776 βαρ-

2225 802 2418 870 ϐάροις
2443 818 2457 834 ο
2491 802 2576 870 ἐφ’
2607 793 2652 868 ᾧ
2675 801 2770 854 καὶ
2793 800 2910 863 δέος
2936 800 3227 870 ἐσχηκέναι
3258 801 3359 870 τὴν
3379 799 3572 870 τιμίαν
3594 817 3691 852 σου
3715 799 3823 867 ψυ-

2225 891 2346 962 χὴν,
2395 889 2470 953 ὣς
2499 907 2652 960 φασι,
2686 891 2827 962 μήτε
2875 889 3186 952 ἐθέλουσαν,
3235 891 3374 960 μήτε
3433 889 3826 961 ἐξηρτημένην

2223 986 2305 1048 είς
2337 983 2397 1036 τὸ
2423 985 2610 1053 φορεῖν
2635 983 2936 1055 μάχαιραν,
2969 984 3064 1036 καὶ
3093 983 3356 1054 πολεμεῖν
3402 984 3500 1035 καὶ
3561 983 3828 1050 πολεμεῖ-

2225 1077 2373 1130 σθαι.
2405 1075 2594 1130 Ταῦτα
2629 1077 2852 1130 ἅπαντα
2878 1077 3201 1147 συνεκίνησε
3244 1079 3341 1130 καὶ
3394 1077 3547 1146 ἡμᾶς
3599 1075 3827 1144 δεήσεις

2225 1170 2320 1226 καὶ
2361 1167 2672 1239 προσευχὰς
2707 1167 2978 1222 ποιεῖσθαι
3024 1169 3166 1239 ὑπὲρ
3191 1167 3285 1222 τοῦ
3321 1168 3584 1239 ἀπήμονα
3614 1184 3677 1220 σε
3715 1184 3825 1236 φυ-

2226 1261 2518 1316 λάττεσθαι
2544 1263 2602 1315 ὲν
2634 1262 2976 1334 ἀμφοτέραις
3015 1265 3135 1328 ταῖς
3185 1264 3410 1334 ἀρχαῖς.
3465 1261 3576 1315 Καί
3602 1277 3671 1328 γε
3729 1275 3827 1312 πι-

2221 1351 2485 1424 στεύομεν
2501 1354 2878 1426 διατηρεῖσθαί
2905 1372 2964 1408 σε
2991 1355 3149 1421 σῶον,
3168 1354 3361 1426 ἔχοντα
3387 1354 3494 1425 πρὸ
3520 1353 3828 1423 ὀφθαλμῶν

2219 1444 2312 1498 τὸν
2343 1447 2510 1515 φόὸον
2559 1447 2652 1502 τοῦ
2686 1447 2848 1515 Θεοῦ,
2884 1450 2981 1503 καὶ
3007 1448 3109 1522 τὴν
3162 1448 3373 1502 ἐκεῖθεν
3403 1447 3829 1516 ὲκκαλουμὲνην

2223 1538 2499 1610 βοήθειαν.
2539 1537 2616 1596 Οὗ
2639 1542 2750 1612 γὰρ
2789 1542 2922 1606 Θεὸς
2950 1542 3264 1614 ἐπίκουρος,
3285 1544 3404 1596 ἐκεῖ
3427 1539 3679 1600 ἐκποδὼν
3710 1540 3826 1592 πᾶν

523 1636 689 1689 κακὸν
714 1636 938 1704 γίνοιτο.
981 1635 1359 1706 Παρεμϐαλεῖ
1389 1635 1498 1706 γὰρ
1557 1634 1815 1705 ἄγγελος
1869 1636 2117 1704 Κυρίου,
2155 1637 2310 1706 φησὶ,
2378 1637 2588 1703 κύκλῳ
2647 1637 2768 1691 τῶν
2813 1637 3202 1708 φοϐουμένων
3255 1639 3466 1703 αὐτὸν,
3495 1636 3597 1691 καί
3629 1637 3828 1701 ῥύσει»

521 1743 616 1784 ται
650 1730 895 1796 αὐτούς.

591 1822 742 1879 Talis
775 1824 943 1894 igitur
972 1831 1094 1878 esto
1114 1833 1168 1878 et
1196 1835 1277 1890 tu,
1311 1824 1534 1880 domine
1561 1834 1750 1882 noster
1785 1824 2115 1886 desiderate,

2293 1820 2550 1885 Τοιοῦτος
2577 1817 2670 1875 οῦν
2699 1822 2791 1875 ἒσο
2825 1824 2918 1874 καὶ
2942 1823 3127 1885 αὐτὸς,
3157 1821 3396 1875 δέσποτα
3421 1821 3587 1893 ἡμῶν
3622 1821 3828 1874 ἐπιπό-

523 1932 616 1984 per
644 1917 906 1986 pietatem
965 1925 1112 1970 tuam
1164 1916 1417 1986 bonaque
1468 1931 1669 1987 opera,
1719 1917 1824 1973 sub
1875 1915 2118 1971 custodis

530 2011 654 2067 vine
687 2020 797 2065 tua:
832 2010 1010 2080 angeli
1038 2010 1315 2080 praesidio.
1343 2009 1518 2079 Vigila
1552 2011 1607 2064 in
1634 2010 2003 2074 orationibus,
2034 2018 2118 2064 at-

523 2101 688 2156 tende
722 2099 1000 2172 precibus,
1027 2100 1242 2170 justum
1277 2095 1460 2170 profe’r
1487 2100 1788 2170 judicium,
1821 2099 2118 2172 benignum

523 2193 743 2264 pauperi
772 2193 992 2247 oculum
1036 2191 1254 2253 exhibe,
1301 2191 1560 2246 defensor
1597 2201 1718 2248 esto
1773 2205 1967 2247 eorum
2025 2190 2122 2262 qui

525 2285 785 2355 injuriam
818 2285 1120 2354 patiuntur,
1145 2283 1197 2337 in
1221 2283 1346 2338 cibo
1376 2293 1618 2353 potuqne
1643 2283 1866 2337 modum
1896 2283 2073 2338 retine
2101 2301 2116 2338 :

525 2378 944 2448 intemperantia
1007 2376 1210 2448 quippe
1266 2376 1538 2430 malorum
1600 2384 1794 2431 mater.
1836 2374 1894 2430 Si
1931 2375 2124 2431 ludant

525 2470 619 2528 alii
652 2480 706 2526 et
725 2469 977 2534 redeant,
1023 2469 1247 2524 domine
1284 2469 1382 2534 mi,
1406 2468 1532 2523 audi
1556 2467 1846 2523 Dominum
1873 2469 2121 2523 omnium

526 2564 802 2618 dicentem
831 2581 846 2618 :
883 2561 974 2618 νας
1006 2561 1326 2627 ridentibus,
1357 2564 1484 2632 quia
1537 2563 1788 2633 lugebunt
1843 2563 1912 2618 ’⁸.
1942 2561 1998 2618 Si
2027 2563 2122 2618 alii

527 2655 706 2727 turpia
745 2655 1057 2726 loquantur,
1091 2664 1168 2719 tu,
1205 2655 1459 2721 obsecro,
1505 2671 1668 2711 aures
1709 2655 1824 2725 sepi
1859 2671 1875 2722 ;
1909 2671 2120 2712 sermo-

526 2761 626 2802 nes
651 2746 800 2801 enim
835 2745 902 2800 ad
931 2759 1020 2800 res
1045 2745 1192 2816 ipsas
1222 2745 1365 2799 viam
1396 2753 1670 2800 sternunt.
1702 2746 1760 2800 Si
1793 2746 1884 2801 alii
1925 2761 2122 2802 mune-

527 2835 685 2891 ribus
723 2837 948 2890 dextras
1009 2851 1140 2890 suas
1175 2835 1403 2904 implent
1433 2853 1448 2902 ;
1483 2845 1539 2890 tu
1569 2836 1665 2906 qui
1717 2835 1889 2891 Deum
1947 2852 2154 2900 amas,.

525 2937 818 2987 Contentus
846 2929 923 2982 sis
945 2929 1194 2984 obsoniis
1218 2969 1233 2994 ,
1273 2937 1332 2982 ut
1361 2945 1488 2984 cum
1513 2927 1812 2999 Evangelia
1836 2931 2031 2999 loquar
2053 2931 2121 2994 ⁷⁸,

525 3037 650 3091 qua:
691 3037 843 3076 more
873 3023 1100 3092 antiquo
1129 3021 1246 3077 dari
1288 3021 1488 3078 solent.
1526 3021 1583 3076 Si
1611 3021 1776 3092 impie
1813 3030 1978 3093 agant
2005 3022 2123 3087 alii,

528 3123 584 3168 tu
619 3112 742 3183 pius
777 3121 896 3168 esto
931 3130 947 3180 ;
979 3113 1291 3168 snbduccns
1323 3121 1407 3178 te,
1441 3111 1623 3182 quoad
1671 3113 1786 3167 ﬁeri
1843 3121 2045 3182 potest,
2093 3129 2122 3166 a

528 3207 758 3262 nefariis
796 3207 1136 3262 hominibus.
1167 3205 1320 3262 Nosti
1357 3207 1501 3262 enim
1527 3207 1797 3266 mundum
1837 3207 2008 3272 hunc,
2037 3207 2124 3261 in-
2151 3184 2193 3242 C

529 3312 644 3356 star
677 3302 902 3366 somnii,
931 3301 1186 3372 decipere
1220 3302 1344 3356 illos
1369 3303 1462 3372 qui
1490 3301 1594 3371 ipsi
1625 3299 1965 3356 serviunt.Et
1999 3301 2126 3372 quid

527 3395 765 3464 proderit
788 3395 1012 3460 homini,
1037 3396 1085 3448 si
1110 3395 1368 3448 mundum
1392 3395 1696 3448 universum
1725 3393 1979 3456 lucretur,
2009 3395 2126 3447 ani-

529 3504 632 3547 ma?
655 3505 774 3542 vero
811 3505 926 3543 sua:
964 3490 1342 3544 detrimentum
1401 3489 1644 3560 patiatur
1677 3490 1721 3522 '"
1746 3489 1770 3542 ἲ
1797 3487 1952 3556 Quod
1985 3490 2127 3544 absit

529 3583 599 3636 de
658 3581 980 3636 excellentia
1039 3590 1134 3636 tua
1188 3582 1637 3652 cogitarc?quae
1679 3581 1905 3638 insitam
1965 3583 2129 3638 habet

528 3675 814 3740 virtutem,
857 3673 1078 3744 Deoque
1142 3675 1351 3730 servire
1414 3684 1586 3740 amat,
1641 3675 1736 3746 qui
1759 3691 1825 3730 ex
1871 3675 2044 3730 nihilo
2075 3685 2128 3731 te

529 3766 813 3836 produxit,
841 3781 908 3821 ac
945 3767 1112 3820 vitam
1143 3767 1342 3838 ipsam,
1375 3775 1430 3821 et
1460 3776 1696 3827 motum,
1719 3776 1775 3821 et
1804 3767 2127 3837 respiratio-

529 3871 656 3918 nem
685 3857 852 3911 dedit.
911 3856 1094 3923 Quare
1156 3859 1466 3927 depositum
1509 3861 1656 3928 quod
1707 3859 1989 3915 commisit
2029 3858 2126 3913 tibi

529 3965 628 4020 per
654 3949 919 4020 Spiritum
952 3961 1232 4016 sanctum,
1271 3952 1564 4022 ﬁdemque,
1599 3961 1654 4006 et
1677 3961 1883 4007 rectam
1931 3967 2130 4022 opera-

532 4045 759 4110 tionem,
792 4045 944 4110 vide,
977 4057 1036 4101 ut
1066 4047 1276 4110 salvam
1331 4047 1407 4102 illi
1452 4047 1650 4102 reddas
1683 4047 1738 4100 in
1778 4048 1959 4102 exitus
1992 4055 2130 4101 tem-

534 4144 682 4208 pore,
714 4139 1008 4196 auditurus
1035 4141 1105 4194 ab
1135 4141 1255 4210 ipso
1290 4159 1304 4196 :
1339 4139 1487 4211 Euge
1507 4156 1651 4195 serve
1677 4142 1804 4193 bone
1827 4150 1878 4194 et
1910 4139 2128 4210 ﬁdelis;

531 4249 688 4302 super
709 4251 884 4303 pauca
947 4235 1101 4304 fuisti
1133 4235 1308 4305 ﬁdelis
1341 4251 1360 4290 :
1404 4251 1563 4303 super
1625 4233 1798 4288 multa
1846 4242 1895 4287 te
1927 4234 2129 4288 consti-

534 4337 722 4391 tuam;
747 4328 892 4380 intra
911 4327 967 4380 in
995 4328 1251 4398 gaudium
1277 4328 1493 4382 Domini
1517 4326 1680 4380 tui".
1711 4327 1888 4396 Atque
1918 4327 2128 4382 utinam

425 4481 429 4484 I
532 4419 628 4472 tibi
650 4419 1100 4488 contingathnnc
1130 4434 1318 4474 vocem
1351 4419 1566 4476 audire.
1591 4427 1790 4474 etcum
1819 4426 1933 4472 tota
1963 4419 2128 4475 domo

533 4511 760 4576 salvari,
797 4511 850 4564 in
881 4509 1103 4568 Christo
1131 4508 1260 4564 Jesu
1299 4507 1532 4563 Domino
1562 4508 1788 4562 nostro!
1822 4505 2020 4561 Amen.

2222 1914 2375 1986 Θητε,
2411 1914 2500 1968 διὰ
2530 1915 2631 1985 τῆς
2657 1913 2940 1978 εὐσεϐείας
2974 1932 3068 1966 σου
3126 1915 3218 1968 καὶ
3261 1915 3659 1984 ἀγαθοεργίας,
3717 1913 3828 1965 ὑπὸ

2220 2008 2315 2062 τοῦ
2363 2007 2606 2077 φύλακος
2629 2009 2731 2078 τῆς
2760 2006 2908 2077 ζωῆς
2941 2024 3036 2060 σου
3088 2006 3322 2075 ἀγγέλου
3377 2007 3822 2078 φρουρούμενος.

2222 2100 2491 2172 Γρηγόρει
2524 2105 2582 2156 ἐν
2621 2103 2977 2172 προσευχαῖς,
3007 2102 3145 2172 νῆφε
3189 2103 3246 2155 ὲν
3283 2101 3558 2170 δεήσεσιν,
3615 2101 3826 2171 ἔκφερε

2221 2193 2430 2247 ἔνδικον
2464 2197 2662 2266 κρῖμα,
2709 2193 3056 2248 ὲπιδείκνυσο
3096 2195 3327 2265 εὐμενὲς
3372 2195 3531 2266 ὄμμα
3590 2194 3826 2264 πτωχῷ,

2227 2287 2612 2357 προασπιστὴς
2667 2285 2830 2355 γενοῦ
2879 2286 2992 2340 τῶν
3037 2287 3430 2357 ἀδικουμένων.
3484 2289 3830 2360 μετριότητα

2223 2379 2281 2431 ἕν
2331 2396 2392 2431 τε
2417 2379 2620 2450 βρώσει
2651 2379 2744 2431 καὶ
2769 2379 2927 2432 πόσει
2957 2379 3140 2450 φέρων
3167 2395 3182 2408 ·
3219 2381 3252 2452 ἡ
3277 2381 3386 2452 γὰρ
3413 2381 3690 2451 ἀκρασία,
3715 2381 3827 2434 τῶν

2223 2470 2412 2525 κακῶν
2438 2471 2648 2542 μήτηρ.
2702 2471 2801 2524 Ἂν
2861 2471 3013 2526 ἄλλοι
3064 2472 3303 2536 παίζωσι
3331 2472 3426 2526 καὶ
3483 2472 3750 2540 γελῶσιν,
3799 2475 3830 2527 ό

2222 2565 2414 2634 κύριός
2459 2582 2583 2636 μου.
2643 2565 2809 2619 ἄκουε
2855 2565 2952 2619 τοῦ
3003 2565 3209 2637 Κυρίου
3269 2567 3490 2621 πάντων
3541 2567 3828 2634 λέγοντοςο

2227 2657 2376 2710 θὺαὶ
2407 2659 2461 2710 οἱ
2490 2656 2804 2727 γελῶντες,
2835 2656 2926 2712 ὅτι
2959 2660 3355 2713 κλαύσονται.
3400 2659 3500 2712 Ἂν
3529 2659 3688 2712 ἄλλοι.
3739 2664 3828 2712 αι-

2228 2749 2598 2820 σχρολογῶσιν
2633 2789 2648 2814 ,
2697 2750 2896 2815 αὐτὸς,
2955 2751 3302 2820 παρακαλῶ,
3364 2750 3708 2822 ἐπιφράξαιο
3760 2754 3829 2805 τὰ

2225 2835 2359 2896 ὦτα.
2409 2842 2556 2906 Ὁδὸς
2601 2843 2712 2913 γὰρ
2741 2845 2834 2896 ἐπὶ
2857 2843 2930 2897 τὰ
2959 2845 3264 2915 πράγματα
3309 2846 3362 2898 οἱ
3411 2844 3563 2912 λόγοι
3612 2845 3832 2916 τυγχά-

2227 2951 2431 2987 νουσιν.
2465 2935 2564 2988 ’Ὰν
2593 2934 2742 2990 ἄλλοι
2766 2934 3019 3006 πληρῶσι
3044 2935 3232 3006 δώρων
3272 2937 3372 3000 τὰς
3405 2936 3590 3002 δεξιὰς
3613 2937 3830 3002 αὐτῶν,

2227 3024 2256 3076 ὁ
2299 3022 2546 3092 φιλόθεος
2575 3041 2702 3095 μου,
2735 3024 3075 3096 ἀρκούμενος
3119 3026 3240 3096 εἴης
3264 3029 3379 3090 τοῖς
3418 3027 3704 3096 ὀψωνίοις,
3739 3028 3834 3080 εύο

2227 3113 2540 3184 αγγελικῶς
2610 3118 2808 3183 εἰπεῖν,
2857 3120 2971 3182 τοῖς
3021 3119 3166 3173 κατὰ
3233 3119 3522 3191 συνήθειαν
3573 3123 3834 3191 ἀρχικῶς

2225 3207 2544 3277 διδομένοις.
2581 3210 2680 3262 "Av
2709 3211 2858 3265 ἄλλοι
2877 3211 3173 3275 ἀσεϐῶσιν,
3198 3215 3361 3277 αὐτὸς
3386 3214 3604 3267 εὐσέϐει
3639 3230 3657 3248 ·
3700 3217 3835 3269 ὅσον

2227 3296 2338 3355 οἶόν
2383 3319 2444 3354 τε
2506 3304 2860 3375 στελλόμενος
2907 3306 3018 3359 τῶν
3062 3308 3385 3363 ἁτασθάλων
3449 3309 3690 3381 ἀνδρῶν.
3739 3305 3839 3362 υἷε.

2231 3393 2334 3446 οθα
2381 3394 2492 3464 γὰρ
2522 3397 2604 3448 ὃτι
2655 3399 2685 3450 ὁ
2711 3397 2824 3467 βίος
2855 3393 3008 3462 οὗτος
3036 3399 3244 3469 ὀνείρου
3271 3400 3430 3471 δίκην
3454 3403 3835 3470 παραπέμπει

2227 3491 2356 3553 τοὺς
2377 3489 2831 3561 λειτουργοῦντας
2883 3492 3054 3562 αὐτῷ.
3097 3493 3209 3546 Καὶ
3265 3493 3324 3546 τι
3356 3492 3665 3562 ὠφελήσει
3725 3494 3838 3547 ἇν-

2229 3586 2484 3650 θρωπος,
2517 3584 2627 3638 ἐὰν
2671 3584 2822 3638 ὅλον
2848 3585 2956 3638 τὸν
2983 3587 3219 3655 κόσμον
3252 3587 3559 3656 κερδήσει,
3607 3588 3734 3655 τὴν
3761 3587 3836 3642 δὲ

2228 3677 2446 3746 ψυχὴν
2492 3679 2682 3732 αὐτοῦ
2736 3677 3042 3748 (nmmo-ﬁ;
3093 3679 3273 3750 Ὅπερ
3330 3681 3495 3751 ἀπείη
3550 3682 3683 3750 περὶ
3729 3684 3836 3750 τῆς

2227 3769 2544 3838 τιμιότητός
2583 3787 2678 3824 σου
2710 3771 2913 3825 ἐννοεῖν
2933 3785 2948 3799 ⁸
2982 3771 3213 3844 ἐχούσης
3240 3772 3484 3842 ἔμφυτον
3503 3773 3563 3825 τὸ
3589 3773 3836 3840 ἀγαθὸν,

2232 3863 2326 3914 καὶ
2356 3857 2621 3932 φιλούσης
2655 3861 2790 3915 Θεὸν
2823 3863 3174 3932 Θεραπεύειν,
3207 3863 3300 3915 τὸν
3330 3865 3395 3915 ἐκ
3424 3861 3517 3915 τοῦ
3557 3863 3636 3932 μὴ
3667 3863 3837 3926 liv-.0;

2229 3955 2312 4016 εἰς
2355 3956 2418 4008 τὸ
2465 3949 2606 4007 εἶναι
2637 3956 3032 4024 παραγαγόντα
3073 3971 3154 4019 σε,
3187 3955 3285 4008 καὶ
3315 3955 3447 4008 αὐτὸ
3470 3956 3534 4007 τὸ
3589 3956 3694 4025 ζῇν
3743 3957 3836 4008 δι-

2229 4045 2409 4111 δόντα,
2442 4047 2538 4100 καὶ
2579 4046 2646 4098 τὸ
2664 4046 2954 4113 κινεῖσθαι,
3010 4047 3107 4101 καὶ
3171 4049 3452 4101 ἀναπνεῖν.
3513 4048 3679 4100 Ὥστε
3727 4049 3837 4119 τὴν

2230 4139 2564 4212 παραθήκην
2597 4139 2668 4209 ἢν
2699 4138 2972 4209 παρέθετό
3033 4155 3116 4192 σοι
3147 4139 3237 4192 διὰ
3289 4138 3609 4209 Πνεύματος
3636 4141 3832 4206 ἁγίου,

2229 4228 2330 4297 τήν
2357 4245 2417 4280 τε
2461 4229 2644 4281 πίστιν
2674 4229 2770 4280 καὶ
2795 4227 2895 4299 τὴν
2941 4227 3124 4293 δεξιὰν
3152 4228 3352 4298 πρᾶξιν
3400 4227 3640 4297 φυλάξαι
3688 4230 3837 4282 ἁπο-

2229 4319 2414 4376 δοῦναι
2443 4317 2594 4388 αὐτῷ
2639 4316 2784 4372 σώαν
2833 4320 2893 4371 ὲν
2929 4319 3108 4389 καιρῷ
3131 4319 3339 4386 ἐξόδου,
3393 4319 3648 4372 ἀκούσων
3692 4322 3836 4390 παρ’

2231 4411 2398 4464 αὐτοῦ
2431 4428 2447 4444 ⁸
2476 4407 2564 4466 Εὖ
2598 4411 2785 4466 δοῦλε
2813 4413 3000 4480 ἀγαθὲ
3030 4413 3131 4466 καί
3157 4412 3360 4480 πιστὲ,
3383 4415 3484 4467 ἐπὶ
3540 4416 3720 4484 ὀλίγα
3754 4412 3836 4483 ἧς

2231 4504 2476 4572 πιστὸς,
2535 4503 2636 4558 ἐπὶ
2691 4503 2941 4560 πολλῶν
2993 4521 3070 4560 σε
3114 4506 3479 4574 καταστήσω
3518 4524 3534 4539 ’
3584 4509 3836 4562 εἴσελθε

529 4609 617 4673 είς
647 4606 763 4676 τὴν
786 4608 984 4677 χαρὰν
1013 4605 1122 4660 τοῦ
1167 4605 1390 4674 Κυρίου
1415 4619 1556 4658 σου.
1603 4602 1716 4657 Καὶ
1763 4601 1973 4670 γένοιτό
2035 4617 2120 4654 σοι
2157 4600 2361 4673 ταύτης
2409 4604 2508 4672 τῆς
2576 4605 2764 4676 φωνῆς
2820 4604 3153 4670 ὑπακοῦσαι,
3185 4605 3280 4658 καὶ
3315 4605 3562 4676 σωθῆναι
3603 4604 3832 4660 πανοικὶ

530 4703 590 4754 ὲν
619 4699 842 4773 Χριστῷ
889 4698 1066 4770 Ἰησοῦ
1092 4698 1174 4772 τῷ
1201 4697 1394 4770 Κυρίῳ
1421 4696 1601 4768 ἡμῶν.
1641 4695 1838 4766 Ἀμήν.

886 4821 1120 4878 CXLIX.
1153 4850 1222 4861 -—-
1261 4819 1484 4892 Lycosto
1536 4817 1764 4873 consuli.

2436 4815 2595 4869 PMB’
2625 4812 3142 4883 (40).-Λυκάστῳ
3161 4813 3388 4885 ὑπάτῳ.
3421 4813 3610 4888 [ψλδκ]

1430 4936 1726 4988 Consolatur
1745 4933 1809 4984 de
1835 4931 2027 4995 uxoris,
2049 4931 2146 4996 piae
2175 4929 2436 4983 admodum
2475 4928 2724 4990 mulieris,
2757 4927 2918 4978 obitu.

601 5051 704 5118 Qui
736 5049 1078 5105 excellentiae
1128 5055 1237 5110 tuae
1269 5047 1480 5102 litteras
1535 5047 1739 5112 attulit,
1780 5046 1924 5101 idem
1959 5043 2122 5100 nobis

2309 5041 2484 5103 Αὐτὸς
2521 5040 2551 5092 ὁ
2587 5039 2650 5092 τὸ
2689 5038 3045 5110 γραμμάτιον
3083 5039 3490 5110 ἐπιφερόμενος
3529 5045 3596 5114 τῇ
3646 5044 3830 5114 τιμιό-

531 5143 897 5202 calamitatem
935 5157 1056 5212 qua:
1109 5141 1208 5196 tibi
1240 5140 1514 5195 acciderat
1565 5141 1838 5196 nuntiavit
1872 5156 1888 5206 ;
1931 5153 1996 5194 ac
2031 5148 2116 5192 te-

533 5236 655 5304 tigit
687 5247 787 5287 nos
838 5231 1084 5300 profecto
1143 5229 1298 5283 dolor
1331 5238 1479 5282 tuus.
1529 5227 1682 5283 Tuus
1707 5229 1854 5286 enim
1888 5243 2032 5291 sum,
2067 5233 2126 5280 et

531 5327 898 5397 propinquus,
933 5333 989 5379 et
1047 5323 1216 5378 simul
1261 5323 1524 5394 antiquus
1555 5323 1790 5386 amicus,
1823 5331 1876 5376 et
1923 5331 2125 5377 comta—

532 5436 672 5482 ncus
699 5418 966 5488 :ﬁerique
999 5431 1108 5472 non
1130 5423 1311 5487 potest
1335 5417 1467 5487 quin
1491 5416 1538 5472 is
1572 5417 1665 5486 qui
1704 5415 1918 5472 sincere
1954 5422 2123 5481 amat,

2229 5138 2354 5206 τητί
2387 5154 2505 5202 σου,
2539 5137 2877 5208 ἀπήγγειλεν
2906 5137 3038 5208 ἡμῖν
3068 5137 3167 5207 τὴν
3195 5137 3538 5214 ἐπελθοῦσάν
3578 5156 3662 5192 σοι
3689 5157 3830 5211 συμ-

2232 5231 2428 5300 φορὰν,
2458 5229 2554 5282 καὶ
2582 5229 2659 5300 τῷ
2696 5229 2810 5283 ὄντι
2832 5229 3119 5302 καθήψατο
3149 5229 3310 5300 ήμῶν
3338 5231 3372 5300 ἡ
3407 5232 3536 5302 περὶ
3573 5233 3633 5285 σὲ
3654 5233 3826 5302 λύπη.

2237 5325 2398 5387 Ἰδιος
2428 5325 2538 5394 γάρ
2569 5341 2654 5378 σοι
2683 5324 2783 5378 καὶ
2816 5323 3176 5394 ὰγχιστέυων,
3231 5321 3370 5394 ὁμοῦ
3413 5340 3474 5376 τε
3510 5323 3664 5393 φίλος
3713 5324 3825 5397 ἆρ-

2233 5417 2387 5486 χαῖος
2419 5415 2515 5468 καὶ
2547 5413 2947 5486 συνηλικιώτης
2966 5430 2980 5444 ·
3017 5413 3115 5468 καὶ
3141 5412 3245 5467 οὐκ
3273 5412 3390 5467 ἐστι
3418 5414 3512 5468 τὸν
3558 5413 3824 5484 φιλοῦντα

602 5563 646 5593 ’⁷⁸
684 5561 829 5618 Psal.
867 5559 1148 5625 xxxm,'8.
1181 5559 1227 5590 ⁷⁸
1260 5556 1396 5618 Luc.
1427 5572 1504 5622 vt,
1530 5557 1621 5611 25.
1700 5557 1745 5588 ⁷⁶
1789 5553 1922 5610 Luc.
1951 5570 2009 5620 χ,
2033 5553 2088 5615 7,
2131 5552 2185 5607 8.
2263 5553 2310 5585 ⁷⁷
2336 5553 2530 5612 Matth.
2563 5570 2676 5622 va,
2716 5553 2810 5614 26.
2885 5553 2930 5586 ⁷⁸
2969 5551 3162 5608 Matth.
3192 5570 3323 5622 xxv,
3355 5553 3448 5608 25.

2100 5663 2333 5726 ΝΟἹῈ.

609 5796 724 5868 (ill)
763 5793 820 5856 In
849 5791 973 5847 cod.
1010 5790 1142 5860 Reg.
1180 5785 1304 5867 ροᾶ.
