4060 6374
223 269 360 334 1465

1406 255 1943 320 EPISTOLARUM
1996 257 2147 318 LIB.
2195 257 2272 322 II.

3330 262 3465 328 1466

221 375 461 449 γνησίως
501 371 577 444 μὴ
610 369 954 442 συμπάσχειν
977 367 1058 438 τῷ
1087 367 1395 439 φιλουμένῳ
1415 383 1428 398 ο
1458 368 1534 430 ὡς
1567 367 1661 420 καὶ
1699 365 1798 435 ἔμ-

1916 365 1949 418 :i
1980 381 2142 436 quem
2179 375 2327 422 amat
2362 367 2731 437 compatiatur
2762 387 2776 423 :
2804 377 2864 423 ut
2884 378 3100 434 contra,
3129 372 3174 427 si
3206 371 3259 428 in
3287 373 3472 432 latitia

222 468 386 523 παλιν
421 465 514 519 ἐπὶ
559 468 625 534 τῇ
654 464 816 534 χαρᾷ.
867 461 1006 515 Ἀλλ’
1035 459 1081 512 ὣ
1109 460 1208 529 τῆς
1236 457 1574 521 ἀπευκταίας
1623 457 1796 525 ἀγγε-

220 559 366 620 λίαςί
413 556 790 613 Ἀπολὲλοιπεν
813 555 960 625 ἡμᾶς
1006 555 1041 624 ή
1088 541 1251 622 κυρία
1310 551 1605 614 ὐπάτισσα,
1652 549 1714 602 τὸ
1735 550 1800 619 δὴ

221 650 535 720 λεγόμενον.
565 648 702 718 γυνή
762 645 872 699 τῶν
923 645 1350 714 ἐπαινουμένων,
1397 645 1472 706 ὡς
1520 643 1614 696 καὶ
1668 642 1798 711 παρ’

223 743 398 798 ἄλλων
444 739 785 810 ἀκηκόαμεν,
823 738 916 790 καὶ
938 735 1094 790 αὐτοὶ
1120 737 1282 805 ἡμεῖς
1341 734 1643 803 ὀφθαλμοῖς
1693 733 1800 786 ὐπ-

225 833 514 902 ελὰὃομεν.
546 830 770 900 Πρῶτον
839 829 938 898 μὲν
994 827 1076 882 δτι
1103 827 1424 898 φίλανδροςο
1462 825 1492 878 δ
1543 824 1648 879 ὐπὸ
1701 823 1797 877 τοῦ

238 923 562 978 ’Λποστόλου
577 921 947 976 ὐποτυποῦται
979 920 1267 974 κάλλιστον
1288 915 1428 972 εἶναι
1453 921 1512 973 ἑν
1541 919 1796 990 συζυγίᾳ·

225 1017 512 1087 φρόνιμος,
528 1013 796 1083 οἰκουρὸς,
818 1012 1214 1082 εὐαπάντητος,
1225 1011 1654 1084 εὐπροσήγορος,
1676 1011 1801 1082 φιλ-

225 1108 480 1178 ευσεὸὴς,
515 1106 852 1175 φιλόπτωχος
875 1123 889 1137 ο
923 1104 988 1158 τὸ
1032 1103 1250 1174 μεῖζον,
1300 1102 1624 1175 σωφροσύνῃ
1671 1121 1803 1158 κατ-

229 1199 596 1271 ηγλαῖσμένη,
619 1198 713 1250 καὶ
733 1195 1010 1267 ὀρθοδοξίᾳ
1026 1211 1298 1266 περιηργυ
1308 1195 1545 1265 ρωμὲνη’
1559 1189 1624 1265 ἦς
1640 1193 1732 1248 καὶ
1755 1195 1804 1247 οἱ

225 1291 436 1363 καρποὶ
463 1289 714 1344 τὰτέκνα
749 1285 1048 1358 μαρτύριον
1101 1287 1202 1356 τῆς
1263 1287 1590 1357 ἀμφοτέρων
1646 1284 1803 1355 ὐμῶν

223 1382 482 1446 εὐζωῖας.
542 1380 650 1431 Καὶ
675 1377 784 1447 γὰρ
811 1375 996 1447 ὥσπερ
1024 1377 1090 1427 ὲκ
1119 1373 1214 1428 τοῦ
1244 1373 1460 1442 καρποῦ
1491 1373 1555 1426 τὸ
1587 1372 1805 1442 δένδρον

223 1471 676 1540 ἐπιγινώσκεται,
704 1468 882 1532 οὕτως
905 1469 1016 1521 κάκ
1036 1468 1146 1520 τῶν
1195 1467 1400 1519 παίδων
1431 1469 1480 1519 οἱ
1532 1465 1806 1533 φύσαντες

222 1566 399 1618 ὁποῖοί
440 1565 546 1616 εἰσι
574 1565 668 1615 καὶ
711 1560 914 1631 ἡλίκοι.
961 1560 1073 1612 Καὶ
1127 1558 1280 1612 οὔπω
1343 1559 1563 1629 βαθεῖαν
1610 1560 1806 1628 πεῖραν

220 1653 476 1724 ἐσχηκὼς
522 1654 621 1723 τῆς
646 1652 922 1722 μακαρίας
971 1650 1207 1720 ἐκείνης,
1249 1648 1368 1714 πῶς
1423 1650 1492 1704 ἂν
1539 1649 1806 1718 δυναίμην

223 1747 509 1800 ὲκθειάσαι
543 1745 614 1799 τὰ
636 1746 756 1800 κατ’
783 1745 999 1813 αὐτήν;
1031 1743 1068 1814 ἢ
1122 1743 1286 1812 μόνον
1345 1743 1430 1801 δὶς
1479 1743 1617 1812 αὐτῇ
1681 1759 1808 1794 συν-

224 1835 502 1905 οψισθεὶς,
533 1835 627 1888 καὶ
656 1837 736 1896 είς
769 1834 987 1901 ὁμιλίαν
1012 1833 1204 1899 ἐλθὼν,
1251 1835 1422 1901 ἔγνων
1463 1834 1546 1886 ὅτι
1573 1835 1808 1902 γυναῖκα

220 1927 516 1999 ἐχαρίσατό
549 1944 632 1980 σοι
656 1929 686 1981 6
712 1927 843 1988 Θεὸς
869 1926 946 1997 τῷ
979 1926 1095 1980 ὄντι
1131 1925 1352 1996 βοηθόν·
1407 1925 1468 1978 οὐ
1505 1924 1649 1978 κατὰ.
1707 1924 1808 1995 τὴν

219 2022 395 2076 πάλαι
427 2021 776 2091 προμήτορα,
810 2018 1029 2090 ἀπάτης
1058 2018 1226 2083 αἰτία,
1256 2017 1399 2071 ἀλλὰ.
1429 2035 1493 2085 γε
1530 2019 1809 2090 σωτηρίας

219 2113 484 2174 ὑπόθεσις
516 2111 812 2182 γενηθεῖσὰ
864 2128 948 2164 σοι
996 2110 1082 2164 διὰ
1139 2111 1344 2173 παντὸς
1403 2109 1496 2162 τοῦ
1525 2109 1664 2180 βίου.

301 2207 368 2258 Ὢ
410 2206 509 2274 τῆς
540 2204 825 2274 συμφορᾶς
850 2204 863 2258 l
895 2203 1067 2274 ᾤχετο
1095 2201 1494 2273 αὓτηιάπέπτη
1523 2201 1582 2267 ἑξ
1605 2201 1808 2270 ὀφθαλ-

224 2298 346 2370 μῶν
386 2297 540 2366 ὐμῶν
561 2313 574 2326 ο
600 2295 959 2364 ἐγκατέλιπεν
991 2296 1136 2364 ὑμᾶς
1164 2295 1412 2367 ήμιθνετς
1459 2293 1808 2366 ἀπορραγέν-

218 2405 324 2448 cn;
351 2387 447 2456 τῆς
472 2385 642 2454 καλῆς
667 2385 959 2454 ὁμοζύγου.
995 2387 1110 2440 Οὐκ
1134 2385 1327 2456 ἔχομεν
1356 2384 1655 2455 ὀφθαλμοῖς
1675 2385 1806 2454 όρᾷν

219 2482 288 2533 τὸ
317 2481 458 2551 ὑπὲρ
498 2482 680 2532 πᾶσαν
720 2477 992 2548 θυμηδίαν
1029 2478 1418 2550 παραμύθιον·
1489 2479 1548 2531 οὐ
1593 2481 1692 2547 τὴν
1746 2479 1808 2531 ἑν

223 2575 442 2643 θλίψεσι
479 2572 824 2643 παράκλησιν
848 2587 862 2602 ο
902 2572 962 2626 οὐ
993 2571 1092 2642 τὴν
1122 2573 1179 2624 ἑν
1207 2574 1512 2643 συμφοραῖς
1559 2588 1808 2642 παρηγο-

227 2667 386 2737 ρίαν·
420 2665 482 2719 οὐ
515 2664 614 2735 τὴν
648 2667 704 2716 ἑν
729 2663 904 2717 ἅπασι
923 2666 1035 2726 τοῖς
1080 2663 1450 2733 ὀφειλομένοις
1497 2664 1806 2734 ὑπόμνησιν

230 2759 334 2812 καὶ⁹
364 2757 648 2828 συνεργὸν,
681 2756 774 2809 καὶ
803 2755 1137 2824 σύμπραξιν.
1177 2754 1235 2808 ’0
1290 2755 1440 2826 ἥλιος
1475 2755 1573 2824 τῆς
1623 2755 1806 2818 ἑστίας

227 2852 350 2903 ἔδυ·
385 2851 469 2912 τίς
500 2850 528 2902 6
559 2849 923 2918 ὐπαντήσων;
954 2847 1036 2910 τίς
1060 2849 1088 2900 ό
1110 2845 1506 2916 χαριούμενος;
1533 2846 1620 2909 τίς
1650 2848 1678 2900 6
1701 2863 1808 2900 πα·

230 2941 557 3015 ρακαλέσων
580 2957 596 3006 ;
627 2941 727 3012 ἤδη
755 2937 1098 3008 ἐγενήθημεν
1113 2940 1188 3003 ὼς
1213 2938 1364 3008 μόλις
1391 2939 1804 3009 ἀποκειραμένη

1905 458 1996 514 sit.
2030 458 2134 514 Sed
2157 475 2191 513 ο
2225 459 2434 515 tristem
2465 461 2714 515 nuntium
2747 461 3084 534 lDereliquit
3111 481 3214 522 nos
3251 466 3476 524 domina

1899 553 2235 614 consulissa,
2269 560 2326 606 ut
2357 550 2499 606 fama
2525 564 2610 609 est
2640 573 2654 610 :
2679 555 2878 610 mulier
2908 556 3218 622 laudabilis,
3245 561 3388 616 sicut
3422 572 3474 618 et

1901 643 1972 696 ab
2009 643 2132 698 aliis
2179 643 2512 709 audivimus,
2558 655 2612 700 et
2665 646 2768 714 ipsi
2824 647 2998 701 oculis
3066 651 3474 716 usurpavimus.

1906 737 2148 792 Primum
2188 738 2430 806 quidem,
2478 737 2607 807 quia
2643 737 2742 791 viri
2789 754 3002 802 amans,
3035 739 3178 806 quod
3213 742 3280 794 ab
3328 741 3477 810 Apo-

1907 831 2048 885 stolo
2074 832 2118 867 "
2157 840 2414 901 tanquam
2439 831 2840 901 pulcherrimus
2860 835 2914 886 in
2937 833 3191 903 conjugio
3224 834 3478 905 designa-

1908 929 2040 977 tur:
2073 923 2346 992 prudens,
2383 922 2578 977 domus
2615 939 2798 977 curam
2854 924 3081 986 habens,
3114 928 3305 990 comis,
3344 928 3474 981 alfa-

1908 1013 2052 1079 bilis,
2085 1013 2194 1082 pia,
2233 1027 2530 1083 pauperum
2562 1015 2793 1068 amatrix
2824 1032 2838 1082 ;
2871 1026 2944 1076 et,
2991 1018 3136 1085 quod
3166 1017 3346 1087 majus
3375 1030 3478 1086 est,

1903 1107 2154 1161 castitate
2195 1105 2447 1168 illustris,
2485 1115 2540 1161 et
2567 1107 2867 1161 orthodoxa
2913 1107 3016 1162 ﬁde
3046 1120 3233 1163 ornata
3268 1127 3282 1173 ;
3322 1112 3480 1180 cujus

1904 1199 2068 1250 etiam
2104 1196 2332 1262 fructus,
2364 1196 2536 1261 liberi,
2566 1205 2724 1250 rectae
2752 1197 3035 1266 utriusque
3075 1211 3312 1253 vestrum
3357 1201 3484 1254 vita:

1908 1289 2071 1344 ﬁdem
2105 1289 2338 1344 faciunt.
2377 1288 2585 1344 Etenim
2619 1290 2760 1345 sicut
2785 1292 2948 1344 arbor
2970 1306 3035 1346 ex
3067 1291 3244 1346 l‘ructu
3273 1307 3482 1362 cogno-

1907 1383 2085 1437 scitur
2116 1422 2132 1443 ,
2188 1383 2269 1437 sic
2300 1398 2366 1436 ex
2405 1383 2593 1438 liberis
2644 1391 2919 1451 parentes,
2976 1385 3166 1453 quales
3191 1393 3246 1438 et
3294 1384 3482 1453 quanti

1909 1473 2040 1529 sint.
2077 1474 2216 1528 Cum
2247 1484 2428 1529 autem
2475 1475 2644 1530 beatae
2677 1476 2824 1530 illius
2855 1491 2960 1528 non
2997 1492 3247 1544 magnam
3272 1477 3486 1530 habue-

1909 1565 2012 1620 rim
2045 1565 2293 1619 notitiam
2326 1583 2343 1631 ;
2373 1565 2465 1634 qui
2503 1565 2706 1634 possim
2741 1580 2828 1620 res
2857 1566 2979 1632 ejus
3020 1566 3282 1621 extollere
3305 1566 3485 1622 laudi-

1910 1655 2060 1711 bus?
2099 1657 2203 1710 nisi
2263 1656 2408 1726 quod
2453 1657 2537 1710 bis
2586 1665 2794 1709 tantum
2842 1656 2910 1709 ab
2929 1671 2991 1709 ea
3048 1666 3398 1726 conspectus,
3433 1666 3488 1712 et

1907 1752 2234 1815 collocutus,
2306 1748 2664 1804 anlmadverti
2723 1763 2754 1802 a
2809 1750 2916 1802 Deo
2963 1748 3144 1802 datam
3191 1748 3286 1802 tibi
3318 1749 3491 1803 fuisse

1907 1843 2198 1912 conjugem
2223 1842 2400 1911 reipsa
2431 1839 2778 1909 adjutricem,
2807 1855 2930 1908 quae
2959 1854 3088 1901 non,
3115 1849 3173 1892 ut
3194 1839 3282 1892 illa
3305 1851 3489 1908 quon-

1907 1937 2040 1990 dam
2069 1934 2248 2002 prima
2295 1948 2514 2003 parens,
2549 1931 2886 2001 deceptionis
2934 1945 3122 1991 causa,
3156 1930 3250 1984 sed
3297 1931 3488 1986 salutis

1911 2027 2011 2082 tibi
2045 2042 2139 2096 per
2164 2034 2334 2080 totam
2364 2025 2532 2078 vitam
2560 2023 2782 2078 occasio
2836 2021 3021 2076 fuerit.

1975 2201 2024 2257 Ο
2049 2201 2415 2256 calamitatem
2434 2202 2450 2255 ί
2470 2199 2603 2254 abiit
2636 2199 2724 2252 illa
2745 2217 2760 2253 :
2781 2199 2956 2254 oculis
2991 2197 3192 2252 vestris
3215 2197 3446 2252 evolavit
3471 2213 3488 2251 :

1907 2294 2128 2362 reliquit
2157 2307 2251 2348 vos
2275 2293 2682 2356 semimortuus,
2708 2291 2778 2344 ab
2815 2291 3030 2360 egregia
3059 2289 3294 2358 conjuge
3330 2290 3492 2343 abre-

1906 2400 2044 2460 plus.
2064 2388 2186 2443 1am
2229 2405 2342 2444 non
2365 2404 2658 2458 possumus
2697 2388 2872 2443 oculis
2911 2401 3140 2441 cernere
3172 2386 3304 2438 illud
3340 2385 3492 2439 omni

1907 2483 2176 2537 suavitate
2211 2482 2390 2551 majus
2419 2481 2709 2545 solatium;
2735 2496 2841 2534 non
2866 2494 2985 2532 eam
3006 2494 3128 2548 quae
3149 2481 3202 2532 in
3235 2477 3494 2531 omnibus

1905 2574 2164 2627 aerumnis
2189 2573 2550 2626 levamentum
2573 2580 2690 2625 erat
2707 2590 2722 2637 ;
2740 2587 2844 2624 non
2869 2586 2987 2624 eam
3017 2585 3138 2639 qua!
3156 2571 3493 2624 calamitates

1906 2663 2160 2727 leniebat,
2193 2672 2248 2716 et
2277 2677 2397 2729 quae
2422 2661 2475 2714 in
2504 2662 2780 2722 omnibus,
2819 2660 3134 2727 ubicunqe
3162 2673 3299 2728 opus
3329 2657 3491 2720 foret,

1904 2755 2154 2819 consilio,
2191 2763 2249 2808 et
2273 2769 2460 2823 Opera,
2483 2765 2536 2808 et
2568 2756 2722 2809 factis
2749 2753 2955 2807 auxilio
2983 2762 3120 2810 erat.
3153 2751 3245 2806 Sol
3276 2751 3496 2805 familia:

1903 2847 2122 2901 occidit:
2136 2846 2260 2914 quis
2271 2845 2482 2899 obviam
2498 2843 2779 2898 occurret?
2797 2844 2922 2912 quis
2934 2840 3494 2914 graliticabi-tur‘lquis

1906 2939 2236 2993 hortabitur?
2255 2939 2374 2992 lant
2394 2937 2521 2992 facti
2539 2953 2728 2992 sumus
2748 2944 2806 2990 u‘t
2825 2938 3020 2991 civitas
3039 2941 3362 2990 ornamento
3391 2946 3495 2987 suo

226 3035 323 3088 τὸν
358 3032 560 3103 ἑαυτῆς
593 3031 800 3101 κόσμον
828 3047 842 3062 ο
885 3030 980 3095 Ὠς
1017 3032 1342 3096 στρουθίον
1395 3029 1652 3099 μονάζον
1711 3031 1808 3084 ἐπὶ

1916 3033 2142 3103 spoliata
2191 3030 2593 3098 :Sicutpassér
2641 3031 2920 3085 solitarius
2965 3028 3266 3093 intecto“,
3293 3035 3492 3081 utcum

225 3122 476 3190 δώματι,
510 3121 816 3185 Δαυῖτικῶς
840 3123 1034 3174 εἰπεῖν.
1076 3119 1140 3174 Τί
1161 3115 1635 3188 οὗν;λυπηθῶμεν
1667 3121 1810 3190 πέρα

227 3216 328 3269 τοῦ
363 3217 600 3288 μὲτρους
639 3215 733 3270 κα)⁵
749 3212 1194 3285 περιϐαλούμεθα
1219 3211 1652 3284 ἀπαραμύθητον
1682 3215 1812 3266 πέν-

231 3307 355 3372 θος;
393 3306 658 3377 Οὐδαμῶς
680 3303 793 3370 οὖν,
823 3303 1096 3374 οὐδαμῶς,
1126 3297 1172 3356 ὦ
1195 3303 1511 3374 τριπόθητε,
1541 3305 1657 3359 ἀλλ’
1680 3305 1817 3358 εἰδό-

231 3415 329 3462 Ιιες
361 3400 442 3452 ὅτι
467 3399 495 3450 6
523 3398 647 3461 δοὺς
670 3400 802 3467 ήμῖν
831 3396 1002 3466 αὐτὴν
1035 3395 1168 3459 Θεὸς
1197 3395 1268 3448 τὰ
1295 3396 1489 3466 πρῶτα
1518 3397 1598 3458 εἰς
1627 3413 1817 3449 κοινωτ-

234 3489 360 3544 νίαν
392 3488 532 3559 βίου,
564 3489 725 3552 αὐτός
760 3490 906 3541 ἑστιν
935 3489 964 3539 ὁ
1003 3487 1100 3540 νῦν
1132 3487 1622 3558 προσλαϐόμενος,,
1658 3488 1817 3540 οἴσω-

238 3598 346 3650 μεν
378 3580 717 3651 εὐχαρίστως
747 3580 808 3631 τὸ
842 3577 1080 3647 συμϐὰν,
1120 3577 1451 3646 μιμούμενοι
1503 3578 1600 3648 τὴν
1639 3596 1820 3648 μακα-

238 3671 366 3742 ρίαν
397 3671 610 3741 ἐκείνην
637 3670 844 3739 φωνὴν,
878 3668 944 3738 ῆν
977 3670 1185 3731 ἐκεῖνος
1207 3668 1307 3721 οὐκ
1339 3669 1430 3720 ἑπὶ
1457 3669 1698 3742 ἀποϐολῇ
1720 3688 1818 3738 γυ-

235 3761 450 3824 ναικὸς,
483 3761 597 3813 ἀλλ’
631 3761 724 3812 ἐπὶ
750 3763 910 3813 παισὶ
965 3760 1098 3813 δέκα
1144 3761 1282 3830 ὁμοῦ
1344 3760 1654 3832 τεθνηκόσι,
1723 3764 1822 3816 σύν

233 3853 363 3914 ταῖς
386 3849 736 3922 προτεραίαις
764 3849 873 3902 τῶν
909 3851 1064 3913 ἐκτὸς
1081 3849 1298 3904 πάντων
1325 3851 1653 3920 ἀφαιρέσεσι
1676 3869 1691 3882 ο
1725 3851 1824 3904 καὶ

235 3944 381 4012 αὐτῇ
410 3946 478 4012 τῇ
514 3939 778 4012 ὑστεραίᾳ
806 3939 987 4010 πληγῇ
1016 3939 1110 3992 τοῦ
1146 3941 1432 4010 σώματος’
1469 3943 1562 3994 ἐπὶ
1591 3942 1824 4012 κοπρίας

237 4036 269 4089 6
303 4035 435 4102 πρὶν
467 4033 722 4104 βασιλεὺς
752 4031 1088 4102 καθήμενος,
1126 4033 1220 4086 καὶ
1257 4032 1390 4097 ξέων
1440 4035 1564 4097 τούς
1620 4034 1824 4104 ἰχῶρας

237 4126 354 4180 τῶν
383 4125 576 4180 ἑαυτοῦ
600 4124 819 4194 σαρκῶν
853 4123 1073 4193 βώλαξι,
1109 4124 1234 4177 τάδε
1270 4125 1436 4195 φησίν
1460 4143 1474 4156 ·
1523 4126 1586 4178 Ὀ
1608 4127 1826 4193 Κύριος

239 4219 494 4282 ἔδωκεν.
517 4221 550 4273 ό
578 4217 793 4286 Κύριος
817 4217 1098 4285 ἀφείλετο
1119 4231 1133 4245 ·
1157 4217 1238 4282 ὼς
1257 4215 1336 4282 τῷ
1365 4218 1560 4286 Κυρίῳ
1588 4217 1822 4284 ἔδοξεν,

239 4314 438 4378 οὕτως
473 4311 575 4365 καὶ
599 4311 860 4380 ἐγένετο.

331 4491 458 4544 Ἐἀν
478 4485 572 4544 οὖν
598 4488 795 4556 ταῦτα,
823 4482 869 4542 ὧ
905 4489 1146 4560 φιλότης,
1185 4491 1270 4559 ἐφ’
1299 4491 1518 4554 ἑαυτοῖς
1551 4491 1644 4544 καὶ
1706 4492 1824 4546 δια·-

244 4582 474 4654 θώμεθα
525 4582 619 4634 καὶ
660 4580 1042 4650 φθεγξώμεθα,
1105 4580 1167 4634 οὐ
1230 4581 1447 4651 μακρὰν
1502 4583 1694 4653 εἴημεν
1723 4585 1826 4654 τῆς

247 4675 469 4746 μερίδος
503 4673 728 4727 ἐκείνων
761 4689 775 4702 ’
816 4674 950 4726 ἀλλὰ
1003 4674 1112 4742 γὰρ
1163 4674 1257 4727 καὶ
1295 4677 1361 4745 τῇ
1415 4678 1660 4746 μακαρίᾳ
1681 4677 1826 4729 ὲκεί-

244 4784 328 4841 νῃ,
374 4766 532 4822 τοῦτο
591 4765 757 4819 καλὸν
816 4766 1102 4834 ἐπιτάφιον
1175 4767 1571 4837 ποιησαίμεθαο
1637 4771 1838 4840 αὐτούς

244 4876 312 4912 τε
343 4859 470 4920 τούς
501 4859 565 4912 ἑκ
591 4857 728 4911 Θεοῦ
759 4856 1011 4920 δοθέντας
1035 4858 1172 4928 ἡμῖν
1195 4857 1427 4920 κλάδους
1479 4859 1838 4919 ὐποτυπωσό-

254 4951 401 5018 μεθα
425 4949 491 5003 δι’
532 4949 748 5004 ἑαυτῶν
772 4951 852 5012 εἰς
889 4951 1073 5003 είκόνα
1099 4949 1428 5020 θεοτερποῦς
1456 4950 1726 5022 βιώσεωςο
1746 4958 1841 5011 καὶ

251 5043 436 5098 πάντα
489 5044 618 5113 ὑμῖν
661 5042 911 5096 ἐντεῦθεν
945 5046 1024 5104 είς
1049 5043 1216 5096 καλὸν
1247 5045 1572 5114 ἀπαντήσοι.
1614 5048 1682 5099 "A
1733 5050 1840 5120 γὰρ

253 5137 283 5188 ὁ
315 5134 450 5198 Θεὸς
503 5137 532 5188 6
556 5136 774 5200 αἰώνιος
803 5137 830 5189 6
863 5137 971 5188 τῶν
998 5135 1255 5189 ἁπάντων
1283 5137 1562 5208 Δεσπότης
1592 5140 1760 5193 ποιῶν
1782 5143 1840 5193 ἑν

253 5228 393 5297 ἡμῖν
425 5225 635 5297 εὐροιεν
665 5227 910 5296 εὐμενῶς
938 5226 1262 5297 δεχομένους
1284 5243 1297 5256 °
1338 5228 1456 5291 πῶς
1495 5232 1597 5283 οὐκ
1623 5231 1688 5285 ἂν
1742 5233 1839 5286 καὶ

255 5320 329 5372 τὰ
360 5320 604 5389 παρόντα
633 5320 766 5390 ἡμῖν
797 5316 855 5373 εὖ
896 5319 1170 5389 διάθηται,
1212 5322 1280 5390 τῇ
1337 5322 1680 5394 παρακλήσει
1741 5323 1838 5377 τοῦ

259 5411 422 5480 ἁγίου
464 5411 629 5466 αὐτοῦ
664 5413 976 5483 Πνεύματος
1003 5430 1016 5444 ο
1051 5415 1145 5468 καὶ
1199 5413 1266 5467 τὰ
1301 5414 1560 5484 μέλλοντα
1611 5418 1836 5487 ἑτοιμά-

263 5519 412 5558 σειεν
443 5502 857 5573 ἀπολαυστήρια
884 5505 942 5556 ἑν
975 5503 1168 5557 αἰῶσιν
1199 5504 1449 5576 ἀπείροις
1468 5523 1483 5572 ;
1505 5505 1691 5560 Ταῦτα
1724 5507 1834 5576 ἐγὼ

335 5683 383 5715 ⁷⁸
417 5681 521 5736 Tit.
561 5699 615 5743 ll,
647 5693 699 5734 Il.

779 5682 825 5713 ¹¹¹⁰
859 5681 1003 5736 Psal.
1042 5697 1114 5746 (Il,
1161 5683 1226 5736 5,
1295 5684 1333 5713 "'
1377 5681 1478 5738 Job
1528 5700 1563 5744 ι.
1595 5684 1684 5738 2i.

1913 3125 2114 3180 Davide
2143 3125 2454 3194 loquamur.
2494 3123 2631 3190 Quid
2665 3124 2924 3192 ergoian
2958 3122 3299 3176 tzristabimur
3321 3119 3495 3174 ultra-

1913 3217 2166 3284 modnm',
2197 3228 2249 3273 et
2274 3233 2509 3274 mter-ore
2548 3215 2924 3271 inconsolabili
2965 3211 3493 3269 conliciemurlNe-

1915 3327 2185 3381 quaquam
2210 3311 2418 3379 utique,
2440 3323 2806 3378 nequaquam,
2826 3321 2860 3360 ο
2881 3303 3375 3369 ᾱοεὶὼιτσιὶεείηιθ;
3397 3301 3494 3357 sed

1916 3404 2152 3458 scientes
2186 3401 2376 3467 Deum,
2407 3401 2499 3470 qui
2534 3401 2674 3454 hanc
2723 3397 2882 3468 prius
2910 3397 2976 3450 ad
3013 3397 3136 3449 vitae
3170 3394 3490 3449 societatem

1919 3495 2078 3550 nobis
2109 3494 2352 3556 dederat,
2387 3493 2565 3561 ipsum
2589 3506 2710 3546 esse
2740 3491 2836 3560 qui
2865 3491 3005 3542 hanc
3039 3501 3184 3542 nunc
3225 3483 3494 3551 abstulit;

1919 3602 2044 3640 eum
2075 3585 2382 3653 gratiarum.
2404 3584 2626 3638 actione
2653 3596 2843 3636 casum
2875 3580 3022 3634 hunc
3051 3578 3314 3641 feramus,
3345 3575 3494 3630 cele-

1920 3677 2218 3731 berrimum
2261 3674 2364 3730 Job
2397 3675 2692 3738 imitantes,
2725 3673 3049 3739 beatamque
3083 3668 3229 3722 illam
3263 3668 3385 3735 ejus
3407 3680 3497 3720 vo-

1921 3784 2039 3823 cem
2074 3778 2426 3836 usurpantes,
2461 3781 2626 3834 quam
2687 3764 2796 3828 ille,
2840 3777 2948 3816 non
2985 3760 3217 3830 conjuge
3268 3759 3492 3825 amissa,

1922 3861 2016 3914 sed
2045 3874 2168 3912 cum
2199 3859 2385 3913 decem
2417 3857 2511 3910 lilii
2533 3871 2598 3910 ac
2623 3855 2747 3909 lilia:
2797 3853 2958 3908 simul
2985 3853 3326 3906 interiisseut
3349 3889 3365 3914 ,
3403 3864 3496 3904 or-

1925 3953 2193 4020 batusque
2225 3959 2381 4004 antea
2415 3947 2572 4002 bonis
2602 3946 2860 4001 omnibus
2892 3943 3136 3999 externis
3193 3942 3407 4007 fuisset,
3432 3955 3499 3996 ac

1924 4043 2224 4098 novissime
2280 4039 2529 4109 corporis
2565 4038 2719 4107 plaga
2795 4050 3113 4106 Oppressus,
3150 4033 3204 4088 in
3257 4033 3496 4100 sterqui-

1925 4135 2080 4200 linio,
2127 4134 2218 4203 qui
2254 4146 2347 4186 rex
2391 4143 2515 4185 ante
2545 4129 2747 4194 fuerat,
2806 4128 3032 4198 iaceret,
3069 4126 3388 4193 saniemque
3431 4139 3500 4177 ex

1925 4227 2202 4282 ulceribus
2257 4224 2374 4279 suis
2424 4230 2735 4276 manantem
2787 4229 2923 4274 testa
2952 4217 3191 4280 raderet,
3229 4214 3498 4286 protulit:

1932 4319 2190 4374 Dominus
2209 4319 2376 4379 dedit,
2404 4315 2659 4370 Dominus
2683 4313 2901 4367 abstulit
2931 4328 2950 4366 :
2972 4312 3112 4366 sicut
3137 4309 3363 4364 Domino
3384 4293 3502 4378 pla-

1852 4389 1900 4446 D
1926 4411 2056 4470 cuit,
2081 4411 2157 4462 ita
2191 4409 2390 4478 factum
2415 4417 2494 4460 est
2523 4406 2590 4460 ".

2005 4499 2060 4555 Si
2091 4516 2220 4569 ergo
2259 4501 2374 4555 haec
2419 4499 2560 4568 apud
2610 4513 2732 4565 nos,
2766 4512 2799 4551 ο
2826 4496 3019 4562 amice,
3051 4492 3506 4550 constituerimus

1931 4604 1986 4650 et
2010 4595 2354 4658 dixerimus;
2391 4593 2460 4647 ab
2511 4592 2730 4646 illorum
2763 4601 2912 4645 sorte
2955 4604 3064 4644 non
3100 4587 3291 4658 procul
3324 4585 3506 4641 aberi-

1932 4703 2102 4752 tnus;
2134 4685 2229 4740 sed
2281 4695 2338 4740 et
2377 4687 2548 4740 beata:
2582 4685 2658 4738 illi
2692 4683 2980 4753 pulchrum
3035 4683 3140 4736 hoc
3166 4679 3504 4749 epitaphium

1935 4778 2333 4834 confecerimus
2365 4779 2658 4848 ;ipsosque
2683 4793 2712 4830 a
2745 4776 2857 4830 Deo
2886 4775 3046 4830 datos
3069 4774 3229 4828 nobis
3253 4773 3512 4828 surculos

1934 4871 2354 4926 informabimus
2384 4885 2480 4939 per
2511 4883 2609 4923 nos
2654 4867 2800 4936 ipsos
2827 4867 2902 4921 ad:
2941 4865 3232 4934 imaginem
3270 4862 3380 4916 Deo
3408 4876 3504 4916 ac-

1935 4973 2105 5034 ceptae
2129 4964 2254 5017 vitae
2285 4981 2298 5016 ε
2327 4970 2381 5016 et
2413 4961 2598 5014 omnia
2632 4959 2758 5013 inde
2791 4957 2946 5011 vobis
2991 4969 3254 5026 prospere
3311 4969 3514 5009 succe-

1935 5055 2084 5109 dent.
2122 5054 2179 5108 Si
2227 5053 2373 5108 enim
2420 5051 2562 5108 Deus
2613 5061 2874 5111 attentus,
2918 5049 3172 5104 omnium
3219 5048 3514 5111 Dominus,

1940 5160 2061 5213 quae
2091 5145 2253 5200 nobis
2277 5144 2496 5210 iecerit,
2513 5159 2576 5199 ea
2604 5144 2831 5198 libenter
2879 5151 3224 5209 acceptanles
3262 5142 3504 5208 viderit,

1939 5236 2219 5306 quomodo
2268 5252 2374 5290 non
2428 5247 2483 5290 et
2535 5239 2820 5306 praesentia
2857 5235 3017 5291 nobis
3049 5243 3192 5291 recte
3225 5232 3509 5303 dispertiet

1939 5326 2248 5381 interventu
2279 5328 2450 5382 sancti
2481 5326 2654 5397 ipsius
2690 5325 2944 5396 Spiritus,
2969 5335 3022 5381 et
3050 5325 3264 5380 futuras
3295 5324 3512 5394 parabit

1937 5418 2159 5474 delicias
2202 5419 2257 5474 in
2302 5418 2518 5476 saeculis
2575 5420 2941 5476 interminatis
2988 5419 3013 5473 ?
3063 5417 3190 5472 Haec
3245 5431 3366 5487 ego,
3405 5412 3508 5468 etsi

1937 5525 2129 5579 pauca,
2159 5519 2337 5567 tamen
2369 5520 2428 5568 ut
2461 5522 2584 5570 tuus
2606 5512 2659 5568 in
2689 5512 2974 5579 charitate,
3000 5519 3056 5568 ct
3075 5509 3271 5581 scripsi
3293 5547 3309 5574 ,
3333 5515 3389 5564 et
3408 5504 3511 5563 ad-
