4060 6374
575 339 710 408 1467
890 407 897 408 ,
1764 346 1826 406 S.
1865 342 2266 406 THEODORI
2287 343 2640 407 STUDITE
3704 325 3840 392 1468

571 456 820 507 hortatus
849 467 994 510 sum.
1022 451 1104 510 Tu
1130 469 1282 522 vero,
1314 447 1565 519 Domine,
1593 452 1743 524 ipsos
1775 453 1978 509 liberos
2020 462 2146 511 tuos

2257 453 2350 523 μὲν
2381 455 2431 508 εί
2471 453 2564 507 καὶ
2595 448 2827 524 βραχέα,
2859 445 3014 517 ὅμως
3059 441 3136 507 ὡς
3165 440 3257 504 σὸς
3286 439 3577 534 Marciam;
3597 439 3700 534 καὶ
3753 437 3846 506 γέο

570 542 864 616 preclaros
894 547 1078 604 verbis
1122 546 1324 603 nostris
1353 545 1597 602 salutare
1627 557 1696 598 ne
1725 543 1997 616 graveris.

2257 562 2441 616 γραφα
2514 544 2612 598 καὶ
2670 539 3050 614 παρεκάλεσα.
3118 534 3294 594 Δύτὸς
3346 531 3427 598 δὲ,
3473 527 3522 587 ὦ
3555 531 3842 593 δέσποτα,

2253 634 2398 689 αὑτά
2458 634 2530 690 τά
2577 633 2739 706 τίμιά
2789 648 2886 686 σου
2908 629 3080 684 τέκνα
3125 627 3452 699 προσειπεῖν
3502 625 3642 695 scapi.
3689 623 3848 694 ἡμῶν

2253 727 2512 794 ἀξίωσον.

2399 842 2506 896 PN'
2539 839 2674 914 (ιι).
2699 870 2772 884 -
2793 839 3160 911 Εὐφροσύνῃ
3179 833 3510 910 ἡγουμένῃ.
3552 829 3748 906 [ψλεόΙ

1248 957 1315 1008 Ut
1333 955 1780 1008 sanctimonialium
1809 957 2155 1020 praefecturam
2182 973 2278 1022 qua
2297 974 2387 1024 par
2419 968 2499 1012 est
2515 959 2782 1025 diligentia
2805 958 3142 1010 administret.

641 1067 798 1134 Quod
830 1083 978 1122 cura}
1013 1067 1175 1124 nobis
1217 1067 1288 1122 sit
1333 1069 1640 1123 reverentia
1686 1077 1802 1136 tua,
1857 1070 2016 1126 testis
2065 1079 2151 1126 est

2327 1072 2452 1126 Ὀτι
2487 1072 2642 1142 μέλει
2669 1073 2804 1144 ἡμῖν
2831 1069 2964 1142 περὶ
2988 1069 3091 1141 τῆς
3115 1063 3439 1138 τιμιόητός
3461 1079 3586 1127 σου,
3632 1061 3850 1132 μαρτύ-

573 1168 762 1215 nostra
806 1159 920 1214 haec
949 1159 1129 1216 tenuis
1177 1159 1434 1230 epistola.
1467 1159 1605 1215 Cum
1666 1161 1811 1215 enim
1841 1160 2014 1217 beatas
2070 1163 2149 1218 illi

2259 1179 2370 1236 ριον
2385 1163 2450 1217 τὸ
2476 1163 2602 1234 τῇδε
2633 1163 2793 1234 ἡμῶν
2819 1161 3082 1217 ταπεινὸν
3131 1159 3386 1232 γράμμα.
3439 1155 3579 1209 Οὐδὲ
3632 1154 3750 1225 γάρ
3794 1152 3853 1206 ὃν

573 1257 882 1320 sanctaque
911 1251 1071 1304 matri
1101 1249 1324 1320 polliciti
1353 1251 1530 1306 simus
1551 1250 1734 1307 verbis
1764 1253 1992 1315 nostris,
2031 1251 2151 1308 fore

2257 1255 2410 1324 λόγον
2436 1253 2790 1325 ὑπεσχόμεθα
2833 1255 2901 1325 τῇ
2939 1249 3192 1324 μακαρίᾳ
3222 1248 3411 1318 ἐκείνῃ
3443 1248 3538 1301 καὶ
3571 1243 3714 1315 ἁγίᾳ
3745 1260 3853 1313 μη-

574 1351 636 1396 υι
667 1342 988 1413 dignitatem
1037 1350 1210 1407 tuam,
1236 1341 1418 1412 quoad
1448 1340 1564 1397 fieri
1594 1351 1798 1412 posset,
1831 1341 2146 1401 foveremus

2257 1347 2366 1420 τρὶ,
2397 1347 2491 1402 ἐπὶ
2537 1347 2598 1402 τὸ
2631 1345 2915 1418 περιέπειν
2947 1345 3098 1417 ἡμᾶς
3127 1341 3229 1414 τὴν
3259 1338 3714 1412 σεμνοπρέπειάν
3757 1353 3851 1387 σου

570 1436 876 1499 visitando,
927 1436 1043 1490 sive
1079 1435 1318 1506 longius,
1347 1435 1460 1490 sive
1503 1436 1728 1506 propius
1778 1437 2100 1493 abessemus
2131 1454 2146 1504 ;

2257 1445 2315 1498 ὲν
2341 1446 2410 1514 τῇ
2433 1441 2523 1496 διά
2553 1442 2716 1511 λόγου
2746 1439 3062 1510 ἐπισκέψει,
3094 1437 3218 1492 καθ’
3245 1437 3371 1490 ὅσον
3393 1428 3505 1488 οἷόν
3523 1449 3609 1498 τε,
3643 1429 3853 1502 μακρό-

572 1525 762 1582 fallere
791 1524 944 1582 nefas
978 1524 1162 1580 fuerit.
1192 1523 1258 1579 Et
1301 1539 1451 1590 vero,
1485 1526 1702 1582 etiamsi
1734 1527 1875 1582 ratio
1916 1543 2019 1583 nos
2061 1529 2153 1584 illa

2258 1534 2413 1606 θενῆ
2451 1533 2683 1604 ἐγγύθεν
2709 1533 2895 1601 ὄντας,
2958 1535 3106 1588 ὅσιον
3167 1525 3590 1600 διαψεύσασθαι.
3657 1524 3852 1578 Καίτοι

923 840 1103 898 CL.—-
1115 840 1479 911 Euphrosynaa
1515 839 1830 910 praposilw.

573 1632 690 1672 non
731 1628 997 1682 moveret,
1027 1617 1143 1688 ipsa
1175 1627 1265 1672 tua
1291 1617 1360 1672 de
1403 1617 1564 1673 nobis
1601 1618 1901 1674 humilibus
1933 1618 2151 1686 fiducia,

2260 1641 2325 1694 γε
2355 1627 2405 1680 εί
2437 1625 2534 1679 καὶ
2564 1626 2640 1696 μὴ
2692 1625 2908 1680 ἐκεῖθεν
2940 1625 3164 1695 εἴχομεν
3188 1621 3282 1676 τδν
3304 1620 3487 1690 λόγον,
3510 1617 3618 1684 κάξ
3681 1615 3853 1685 αὐτῆς

576 1719 781 1779 tuaque
812 1725 940 1780 erga
965 1725 1067 1764 nos
1101 1710 1294 1765 merita
1318 1709 1732 1780 persuaderent,
1766 1720 1824 1764 ut
1845 1711 1941 1767 tibi
1965 1727 2154 1767 curam

2261 1691 2356 1772 σου
2392 1691 2689 1790 μόνηςγτῆς
2709 1719 2841 1790 περὶ
2870 1691 3026 1789 ἡμᾶς
3034 1691 3164 1781 τοὺς
3192 1713 3437 1778 εὐτελεῖς
3463 1707 3852 1780 πεποιθήσξώς

576 1816 671 1873 per
695 1803 906 1858 litteras
933 1802 1392 1872 impenderemus.
1416 1801 1577 1858 Salve
1593 1803 1782 1873 igitur,
1799 1803 2001 1860 femina
2021 1805 2157 1861 mihi

574 1891 1022 1958 honoratissima,
1059 1903 1113 1948 et
1139 1909 1389 1964 gregem,
1421 1910 1582 1962 quem
1618 1895 1714 1949 tibi
1743 1905 1930 1951 sancta
1961 1904 2157 1962 mater,

577 1993 673 2038 aut
692 1985 873 2054 potius
904 1983 1050 2040 Deus
1082 2000 1177 2056 per
1207 1987 1354 2040 illam
1373 1987 1672 2052 commisit,
1691 2003 1818 2058 rege
1846 2003 2158 2059 congruen-

577 2084 659 2132 ter
718 2079 826 2132 Deo
875 2093 938 2133 ac
979 2078 1231 2134 sollicite.
1277 2079 1428 2136 Scito
1458 2081 1758 2136 maximum
1788 2097 1914 2138 esse
1957 2097 2156 2138 munus

577 2166 921 2237 praefecturae
968 2185 1132 2240 quam
1193 2171 1503 2241 suscepisti.
1562 2173 1811 2243 Agnosce
1848 2172 2157 2230 animarum

577 2273 700 2328 quae
724 2258 827 2313 sub
853 2273 1017 2336 manu
1048 2267 1139 2314 tua
1156 2261 1690 2317 suntconditionem.
1723 2261 2158 2332 Receptaculum

577 2351 777 2420 quippe
807 2359 891 2406 est
929 2365 1254 2418 sponsarum
1296 2350 1462 2424 Regis
1510 2354 1800 2421 cmlorum,
1828 2355 2001 2412 solius
2030 2371 2158 2424 spe-

577 2443 714 2497 ciosi
736 2454 790 2498 et
815 2443 1140 2500 immortalis
1165 2444 1365 2514 Sponsi
1389 2444 1592 2501 Christi
1627 2465 1640 2502 :
1669 2447 1764 2517 qui
1795 2463 1906 2502 non
1938 2449 2156 2505 unicam

581 2533 678 2588 tibi
710 2549 964 2604 sponsam
1016 2536 1267 2602 credidit,
1301 2537 1354 2590 in
1397 2536 1540 2592 diem
1574 2537 2014 2608 desponsationis
2045 2556 2159 2610 sua:

579 2642 675 2698 per
702 2627 1141 2697 conjunctionem
1191 2628 1246 2682 in
1299 2627 1509 2698 Spiritu
1551 2639 1788 2697 sancto;
1827 2632 1920 2686 sed
1949 2639 2030 2686 tot
2054 2648 2158 2686 nu-

579 2733 732 2773 mero
765 2727 898 2788 quot
933 2719 1100 2774 habes
1133 2734 1298 2774 :cum
1341 2729 1398 2774 tu
1427 2720 1565 2790 ipsa,
1605 2721 1782 2790 prima
1819 2721 1897 2777 sis
1925 2737 2153 2792 sponsa.

579 2808 891 2880 Despondet
909 2811 1054 2865 enim
1079 2808 1240 2866 Jesus
1265 2811 1428 2866 etiam
1455 2827 1578 2881 qua:
1605 2811 1750 2867 sicut
1781 2823 1836 2866 tu
1863 2811 1932 2868 de
1951 2814 2156 2868 saeculo

580 2911 892 2968 venerunt;
937 2911 1196 2972 tanquam
1250 2903 1546 2958 multarum
1601 2911 1763 2973 atque
1813 2903 2155 2958 infinitarum

2258 1826 2320 1863 τε
2347 1810 2442 1863 καὶ
2472 1809 2879 1880 περιποιήσεως
2908 1805 3243 1877 ὲπειθόμεθα
3281 1805 3349 1860 ἂν
3375 1803 3465 1858 διὰ
3507 1800 3610 1856 τοῦ
3669 1800 3853 1870 γράμο

2262 1916 2437 1971 ματος
2467 1899 2782 1972 προσοίσειν
2810 1898 3158 1970 ἐπιμέλειαν.
3196 1896 3442 1966 Ὑγίαινε
3467 1891 3739 1964 τοιγαροῦ
3751 1883 3851 1952 2.1.7»

2257 1994 2566 2066 τιμιωτάτη
2617 2009 2733 2063 μοι,
2764 1993 2860 2046 καὶ
2892 1991 3049 2060 ἀγοιο
3072 1989 3135 2044 τὸ
3179 1989 3456 2060 ποίμνιον,
3511 1986 3541 2040 ὃ
3583 1983 3852 2056 παρέθετο

2260 2104 2346 2141 σοι
2377 2088 2412 2157 ἡ
2447 2086 2580 2155 ἁγία
2606 2084 2822 2157 ἀμμάς,
2861 2083 3062 2156 μᾶλλον
3098 2082 3156 2138 δὲ
3184 2082 3252 2136 δι’
3283 2081 3454 2152 αὐτῆς
3474 2082 3503 2134 ὁ
3551 2078 3693 2141 Θεὸς
3735 2076 3854 2129 θεο-

2259 2178 2488 2252 πρεπῶς
2514 2177 2611 2233 καὶ
2637 2176 2935 2248 ἐπιμελῶς.
2965 2175 3108 2228 Ἰσθι
3133 2173 3210 2237 ὡς
3231 2173 3493 2245 μέγιστον
3507 2170 3572 2223 τδ
3592 2169 3696 2240 τῆς
3719 2185 3856 2236 προ-

2260 2275 2494 2336 στασίας
2533 2289 2630 2326 σου
2662 2272 2993 2342 ἐγχείρημα.
3033 2267 3210 2322 Γνῶθι
3225 2267 3336 2320 τῶν
3367 2265 3475 2318 ὑπὸ
3531 2261 3706 2334 χεῖρά
3761 2278 3854 2315 σου

2257 2367 2448 2438 ψυχῶν
2478 2364 2540 2419 τδ
2578 2363 2846 2436 θεώρημα
2867 2379 2882 2393 ο
2928 2363 3012 2416 ὅτι
3035 2356 3593 2431 νυμφοφυλακτήριόν
3623 2356 3744 2408 ἐστι
3762 2352 3856 2407 τοῦ

2262 2458 2532 2531 βασιλέως
2565 2456 2676 2512 τῶν
2712 2443 2986 2526 οὐρανῶν,
3015 2453 3109 2508 τοῦ
3150 2453 3317 2523 μόνου
3344 2449 3557 2521 ὡραίου
3596 2448 3697 2501 καὶ⁵
3753 2448 3857 2515 ἁφ-

2259 2553 2459 2625 θάρτου
2489 2551 2744 2622 Νυμφίου
2775 2548 3042 2619 Χριστοῦ.
3080 2549 3178 2611 Ὃς
3200 2547 3260 2600 ού
3294 2545 3424 2617 μίαν
3479 2544 3708 2613 νύμφην
3777 2558 3858 2595 σοι

2257 2646 2532 2717 παρέθετο
2559 2647 2641 2709 είς
2673 2643 2890 2717 ἡμέραν
2919 2640 3279 2713 νυμφεύσεως
3306 2635 3498 2698 αὑτοῦ,
3543 2636 3637 2690 διὰ
3667 2634 3778 2704 τῆς
3801 2635 3859 2685 ἐν

2256 2739 2398 2810 ἀγίῳ
2429 2737 2711 2810 Πνεύματι
2744 2735 3042 2804 συναφείας
3067 2749 3080 2762 ·
3115 2732 3253 2786 ἀλλὰ
3296 2729 3574 2790 τοσαύτας
3599 2729 3741 2789 ὅσας
3795 2742 3860 2794 γε

2257 2836 2356 2890 καὶ
2380 2833 2526 2904 ἔχοις
2545 2849 2559 2863 ⁸
2609 2832 2704 2887 σοῦ
2732 2849 2795 2885 τε
2825 2829 3002 2900 αὐτῆς
3028 2825 3430 2896 πρωτονύμφου
3447 2819 3858 2892 τυγχανούσης.

2257 2925 2618 2998 Νυμφεύεται
2647 2924 2759 2997 γὰρ
2799 2921 3010 2995 Ἰησοῦς
3042 2919 3138 2974 καὶ
3194 2918 3296 2979 τὰς
3339 2916 3418 2980 ὡς
3472 2915 3536 2968 σὺ
3590 2915 3686 2967 διὰ
3743 2911 3861 2982 βίου

591 2988 863 3060 Sponsus,
901 3006 1203 3061 omnesque
1255 3001 1369 3046 tum
1403 2991 1646 3046 virorum
1700 3001 1815 3048 tum
1862 2995 2155 3049 mulierum

2259 2988 2602 3090 ὲλτίλύθυίας,
2629 2988 2706 3082 ως
2727 2988 3098 3086 ’πολύνυμφος
3127 3013 3224 3067 καὶ
3278 3009 3725 3082 ἀπειρόνυμφος,
3767 3007 3864 3058 καὶ

580 3082 795 3140 animas
848 3083 1092 3152 copulari
1145 3083 1251 3140 sibi
1308 3083 1668 3141 desiderans:
1721 3085 1788 3140 ad
1820 3086 2156 3156 implendum

583 3190 885 3246 supernum
919 3177 1196 3245 conclave,
1236 3176 1292 3231 in
1331 3192 1442 3246 quo
1500 3177 1682 3233 multa:
1715 3179 2028 3235 mansiones
2065 3193 2160 3234 ve-

582 3269 666 3324 lut
703 3269 924 3324 thalami
959 3269 1180 3340 quidam
1204 3285 1234 3324 a
1269 3269 1427 3324 Patre
1457 3270 1630 3338 parati
1667 3271 1982 3339 animabus,
2036 3287 2160 3342 quin

581 3361 760 3431 dignae
787 3361 984 3415 habita:
1040 3359 1243 3415 fuerint
1292 3377 1387 3431 per
1447 3362 1613 3416 vitam
1644 3377 1834 3430 puram
1864 3402 1880 3426 ,
1914 3371 1967 3418 et
1995 3364 2158 3419 fidem

581 3451 878 3516 sinceram,
910 3449 1003 3517 ut,’
1038 3465 1162 3506 cum
1196 3461 1409 3522 tempus
1430 3455 1693 3510 adventus
1726 3453 1924 3524 Sponsi
1957 3455 2154 3522 aderit,

583 3551 709 3616 post
737 3544 887 3599 illum
917 3554 1183 3610 currant,
1211 3553 1266 3600 et
1313 3545 1477 3600 simul
1529 3547 1734 3602 intrent
1779 3547 1835 3602 in
1875 3547 2158 3612 conclave.

583 3637 882 3708 laetitiaque
908 3637 998 3693 illa
1027 3647 1226 3694 aeterna
1248 3638 1595 3709 perfruantur
1620 3640 1677 3696 in
1699 3639 1897 3697 sarcula
1926 3638 2158 3696 saeculo-

583 3731 785 3787 lorum.

653 3923 794 3982 Ecce
821 3925 1253 3984 demonstratum
1297 3929 1390 3986 tibi
1424 3939 1506 3986 est
1551 3928 1913 3985 ministerium
1943 3931 2090 4001 quod
2124 3947 2156 3986 a

584 4011 815 4068 Domino
861 4015 1160 4085 accepisti,
1193 4028 1247 4073 et
1299 4034 1580 4091 magnum,
1618 4027 1672 4074 et
1709 4019 1875 4075 multa
1906 4019 1961 4074 in
2004 4021 2158 4077 caelis

583 4107 834 4162 mercede
891 4111 1354 4178 compensandum
1390 4128 1406 4178 ;
1440 4120 1500 4166 ut
1543 4127 1652 4166 non
1706 4121 1758 4167 te
1807 4113 2004 4178 solam,
2061 4113 2158 4169 sed

582 4199 784 4257 multas
819 4210 1024 4257 aeterno
1067 4202 1281 4272 Sponso
1332 4203 1562 4274 sponsas
1602 4206 1841 4261 adducas
1871 4223 1886 4273 ;
1917 4223 2014 4274 pro
2033 4205 2157 4277 qui-

582 4291 689 4347 bus
715 4302 921 4363 quanta
969 4302 1026 4350 et
1051 4295 1230 4365 qualis
1265 4295 1600 4352 retributio?
1635 4295 1938 4353 Collocabit
1989 4307 2039 4353 te
2069 4298 2158 4354 in-

2262 3111 2442 3175 πάσας
2467 3109 2646 3182 ψυχὰς
2673 3106 2885 3179 ἀνδρῶν
2918 3123 2979 3161 τε
3007 3105 3106 3160 καὶ
3129 3102 3410 3174 γυναικῶν
3463 3099 3610 3170 ὲρῶν
3679 3095 3864 3182 ἀρμῷ⁹

2263 3200 2474 3267 ζεσθαι,
2506 3202 2588 3265 είς
2614 3201 2676 3253 τδ
2707 3198 3005 3270 πληρῶσαι
3041 3197 3133 3250 τὸν
3189 3196 3303 3251 ἄνω
3358 3191 3634 3264 νυμφῶνα
3658 3209 3672 3222 ο
3707 3192 3771 3242 ἐν
3817 3181 3864 3256 ᾧ

2262 3294 2458 3348 πολλαὶ
2505 3294 2562 3346 αἱ
2593 3292 2758 3364 μοναὶ
2785 3285 2875 3347 οἷά
2911 3308 3058 3353 τινες
3088 3288 3326 3359 θάλαμοι
3353 3285 3503 3357 παρά
3523 3283 3622 3337 τοῦ
3636 3283 3864 3354 [ἰατρὸς

2261 3382 2677 3455 ἡτοιμάσθησαν
2700 3385 2824 3446 ταῖς
2847 3380 3320 3453 ἁξιωθησομέναις
3347 3377 3576 3449 ψυχαῖς,
3609 3375 3704 3429 διά
3735 3374 3862 3446 βίου

2261 3474 2505 3548 καθαροῦ
2537 3476 2634 3530 καὶ
2661 3475 2908 3538 πίστεως
2937 3471 3270 3545 εἰλικρινοῦς
3300 3489 3314 3502 ο
3346 3469 3512 3541 ἡνίκα
3563 3468 3775 3534 φθάσει
3829 3469 3864 3521 ὁ

2260 3567 2451 3640 καιρὸς
2476 3568 2576 3638 τῆς
2600 3566 2998 3638 ἀποκαλύψεως
3023 3565 3117 3620 τοῦ
3149 3563 3434 3635 Νυμφίου,
3467 3562 3652 3617 ὀπίσω
3678 3562 3860 3617 αὑτοῦ

2259 3659 2494 3732 δραμεῖν
2531 3661 2629 3714 καὶ
2659 3658 3028 3713 συνεισελθεῖν
3058 3658 3118 3711 ὲν
3150 3655 3231 3727 τῷ
3259 3653 3535 3727 νυμφῶνι,
3611 3654 3714 3708 καὶ
3753 3655 3860 3724 τῆς

2259 3757 2566 3828 ἀπεράντου
2595 3757 2772 3828 χαρᾶς
2797 3753 3013 3826 ἐκείνης
3041 3751 3354 3808 ἀπολαῦσαι
3383 3751 3462 3814 είς
3478 3749 3687 3813 αἰῶνας
3719 3746 3862 3801 uitii-

2259 3865 2388 3904 νων.

2343 3941 2476 3996 Ἰδοὺ
2505 3941 2882 3997 ὑποδέδεικταί
2910 3958 3003 3995 σου
3027 3941 3062 4012 ἡ
3119 3939 3364 3994 διακονία
3407 3938 3476 4009 ἥν
3533 3937 3856 4008 παρέλαὸες

2261 4034 2414 4104 παρὰ
2443 4034 2676 4104 Κυρίου,
2714 4032 2928 4105 μεγάλη
2953 4049 3036 4096 τε,
3069 4032 3165 4086 καὶ
3196 4031 3410 4086 πολλῶν
3433 4028 3706 4100 ἀμοιϐαία
3755 4048 3851 4098 μι-

2262 4125 2406 4179 σθῶν
2437 4124 2706 4196 οὐρανίων
2732 4141 2747 4155 ’
2769 4124 2846 4188 ὡς
2882 4125 2956 4195 μὴ
2990 4123 3150 4196 μόνον
3178 4122 3266 4188 σὲ,
3321 4121 3458 4176 ἀλλὰ
3498 4124 3594 4174 καὶ
3640 4120 3856 4183 πολλὰς

2261 4215 2480 4287 νύμφας
2504 4218 2792 4286 προσοίσαι
2817 4214 2895 4286 τῷ
2931 4214 3188 4286 ἀθανάτῳ
3250 4212 3523 4283 Νυμφίῳο
3579 4211 3727 4281 ὑπὲρ
3777 4204 3857 4264 ὧν

2261 4307 2360 4377 ὅση
2387 4307 2484 4362 καὶ
2505 4307 2666 4380 ἡλίκη
2696 4309 2730 4379 ἡ
2759 4307 3145 4371 ἀνταπόδοσιςῐ
3177 4304 3462 4371 τετάξεταί
3491 4321 3554 4359 σε
3579 4304 3643 4356 ὲν
3671 4304 3853 4373 πρού-

582 4395 666 4442 ter
694 4387 1062 4457 praecellentes
1113 4403 1342 4458 sponsas
1365 4431 1380 4455 ,
1417 4389 1556 4444 inter
1592 4391 1794 4447 electas
1833 4392 2152 4448 adolescen-

2257 4396 2477 4469 χούσαις
2503 4397 2762 4467 νύμφαις,
2788 4397 2846 4450 ὲν
2870 4396 3154 4460 ὲκλεκταῖς
3170 4396 3406 4450 νεάνισιν
3425 4412 3440 4428 ο
3467 4394 3752 4465 ὲμπλόκιά
3769 4409 3853 4448 σοι

583 4476 772 4541 ιιιιαε,ο;
804 4477 1027 4532 monilia
1049 4477 1143 4534 tibi
1164 4479 1462 4546 exhibebit,
1483 4480 1738 4550 perennia
1767 4482 2004 4552 Spiritus
2020 4483 2151 4539 cha-

580 4568 830 4634 rismata,
869 4570 1193 4626 vestimenta
1221 4570 1419 4637 lucida,
1450 4571 1965 4643 incorruptibilitate
1987 4590 2152 4630 coru-

579 4661 788 4716 scantia
820 4679 835 4717 :
867 4661 1153 4716 coronabit
1207 4669 1262 4718 te
1323 4676 1525 4718 corona
1571 4663 1795 4733 iustitia:
1843 4665 2152 4722 :choream

579 4767 709 4821 ages
741 4752 1195 4819 indissolubilem,
1225 4753 1482 4825 angelicae
1514 4769 1723 4824 parem,
1752 4770 1877 4811 cum
1909 4757 2154 4812 exsulta-

579 4841 728 4896 tione
753 4843 1101 4912 sempiterna.
1133 4841 1289 4910 Quod
1321 4843 1592 4914 reliquum
1645 4852 1749 4910 est,
1788 4845 1932 4914 vide,
1967 4845 2152 4902 domi-

579 4947 671 4998 ita,
698 4941 753 4988 et
790 4934 1007 4989 attende
1056 4935 1154 4990 tibi
1189 4935 1293 5005 ipsi
1331 4953 1347 5004 ;
1383 4937 1697 5009 Christique
1746 4955 1980 5010 sponsas
2025 4957 2151 4997 cum

577 5039 709 5080 cura
739 5027 950 5081 custodi
984 5044 998 5080 :
1023 5028 1146 5083 ciba
1175 5028 1298 5084 illas
1324 5044 1462 5099 puro
1501 5046 1642 5100 pane
1666 5033 1928 5088 doctrina:
1962 5034 2153 5089 ortho-

577 5112 732 5172 doxae
765 5130 780 5166 :
811 5125 936 5183 pota
984 5115 1190 5172 fluento
1227 5118 1385 5174 bonae
1421 5123 1798 5192 operationis;
1832 5134 1891 5179 ut
1925 5125 2153 5196 pingues

577 5205 690 5261 sint
715 5212 770 5260 et
807 5207 1085 5276 speciosae,
1114 5207 1183 5263 de
1215 5212 1416 5266 anima:
1453 5214 1855 5283 pulchritudine
1880 5225 1934 5271 ct
1969 5215 2152 5285 specie

578 5298 794 5368 loquor,
823 5314 985 5369 quam
1026 5305 1389 5372 concupiscit,
1425 5306 1564 5362 sicut
1598 5307 1883 5378 pollicetur
1925 5317 2149 5364 sanctus

578 5387 769 5458 David,
795 5391 1046 5449 Christus
1090 5393 1233 5450 Deus
1287 5405 1488 5452 noster.
1530 5398 1622 5454 Sic
1649 5399 1794 5456 enim
1827 5401 1937 5455 ait:
1983 5400 2148 5467 Audi,

579 5479 714 5550 ﬁlia,
745 5492 797 5538 et
825 5485 960 5552 vide,
995 5494 1045 5540 et
1077 5486 1274 5540 inclina
1313 5505 1492 5544 aurem
1545 5501 1693 5547 tuam
1726 5510 1745 5559 ;
1775 5503 1822 5549 et
1847 5493 2149 5551 obliviscere

2247 4489 2544 4561 παράσχοι.
2575 4489 2645 4543 τά
2691 4488 2785 4542 τοῦ
2820 4488 3139 4560 Πνεύματος
3167 4487 3317 4542 ἀΐδια
3345 4487 3687 4559 χαρίσματα·
3722 4487 3853 4539 ἐπι-

2249 4581 2348 4653 ὁλή
2355 4599 2502 4652 ματα
2518 4580 2802 4653 φωτοειδῆ,
2817 4577 3126 4652 ἀφθαρσίαν
3143 4581 3540 4652 ἀστράπτοντα·
3562 4575 3854 4648 στεφανώ-

2249 4689 2333 4726 σει
2362 4691 2422 4726 σε
2442 4673 2522 4744 τῷ
2545 4675 2646 4745 τῆς
2663 4672 3012 4744 δικαιοσύνης
3027 4672 3297 4743 στεφάνῳ·
3319 4671 3604 4742 χορεύσεις
3623 4673 3850 4743 χορείαν

2247 4763 2462 4832 ἄλυτον,
2493 4765 2581 4818 ῐσα
2627 4767 2722 4820 καὶ
2761 4764 3034 4836 ἀγγέλοις,
3084 4766 3182 4818 σὺν
3223 4764 3540 4832 ἀγαλλιάσει
3579 4765 3849 4836 ἀκηράτῳ

2256 4856 2400 4931 (cod.
2426 4857 2884 4932 Βθε.ἀμηρύτῳ].
2903 4859 3078 4913 Βλέπε
3105 4857 3312 4925 λοιπὸν,
3343 4857 3529 4928 κυρία,
3556 4857 3657 4910 καὶ
3677 4859 3849 4928 πρόσ-

2255 4964 2347 5020 εχε
2375 4952 2570 5021 σαυτῇ,
2599 4949 2807 5013 καὶτὰς
2819 4952 3037 5021 νύμφας
3049 4947 3144 5004 τοῦ
3163 4947 3405 5020 Χριστοῦ
3421 4947 3720 5018 φυλάττοιο
3746 4964 3846 5000 πι-

2260 5040 2605 5111 ριμερίμνως
2628 5055 2645 5070 °
2673 5041 2899 5111 τρέφοις
2925 5040 3098 5104 αὐτὰς
3117 5039 3198 5110 τῷ
3222 5038 3452 5110 καθαρῷ
3467 5039 3620 5108 ἄρτῳ
3632 5039 3730 5107 τῆς
3749 5039 3845 5108 ὀρ-

2255 5128 2499 5196 θοδοξίας
2523 5146 2538 5163 ⁸
2569 5133 2808 5198 ποτίζοις
2834 5131 2914 5203 τῷ
2941 5132 3148 5204 νάματι
3186 5130 3288 5202 τῆς
3321 5129 3652 5200 εὐπραξίας,
3682 5129 3756 5193 ὡς
3775 5129 3844 5183 ἂν

2256 5217 2367 5276 εἷεν
2389 5224 2594 5289 πίονες,
2624 5224 2956 5298 ὠραιοειδείς
2982 5241 2997 5257 ο
3032 5224 3171 5296 πρὸς
3201 5223 3265 5277 τὸ
3305 5221 3504 5285 κάλλος
3531 5222 3636 5292 τῆς
3662 5221 3841 5292 ψυχῆς

2255 5317 2283 5368 ὁ
2308 5315 2465 5385 λόγος
2489 5332 2503 5346 ’
2567 5312 2630 5372 οὗ
2683 5319 2777 5372 καὶ
2831 5317 3112 5390 ἐπιθυμεῖ,
3175 5317 3363 5383 καθὼς
3383 5316 3756 5387 ,ὑπισχνεῖται
3811 5317 3841 5366 ὁ

2252 5403 2407 5474 ἅγιος
2431 5404 2614 5474 Δαυτδ,
2642 5407 2914 5479 Χριστδςὸ
2930 5408 3062 5472 Θεὸς
3088 5408 3267 5479 ἡμῶν.
3290 5409 3427 5480 Φησὶ
3439 5407 3552 5476 γάρ
3577 5422 3593 5437 ·
3621 5407 3840 5460 Ἀκουο

2259 5513 2395 5564 σον,
2429 5499 2703 5570 θύγατερ,
2732 5501 2831 5557 καὶ
2852 5499 2963 5558 ἴδε.
2991 5502 3088 5557 καί
3119 5500 3331 5556 κλῖνον
3357 5499 3424 5556 τὸ
3447 5494 3559 5565 οὖς
3577 5513 3713 5563 σου,
3733 5492 3840 5550 καὶ

2098 5683 2339 5744 NOTAE.

650 5785 765 5860 (41)
796 5790 853 5846 In
883 5795 1008 5850 cod.
1041 5795 1174 5869 Reg.
1214 5804 1338 5870 ροε’.
