4060 6374
231 337 370 431 1469

1414 359 1949 426 EPISTOLARUM
1987 361 2137 423 LIB.
2193 362 2278 423 II.

3329 363 3469 430 1470

226 458 519 511 ἐπιλάθου
547 457 652 511 τοῦ
689 457 843 515 λαοῦ
876 473 1017 526 σου,
1049 457 1150 512 καὶ
1182 459 1289 513 τοῦ
1325 459 1496 514 οῑκου
1532 457 1642 513 τοῦ
1685 468 1826 513 πω.

1902 459 2150 523 populum
2183 466 2353 519 tuum,
2389 462 2442 510 et
2468 455 2683 510 domum
2712 455 2883 525 patris
2916 457 3017 522 tui,
3046 466 3098 512 et
3140 462 3472 529 concupiscet

224 551 363 618 τρός
377 565 514 615 σου,
533 548 632 603 καὶ
655 549 1012 620 ἐπιθυμήσει
1032 551 1376 616 ὀβασιλεὺς
1389 551 1498 605 τοῦ
1526 550 1797 618 κάλλους

224 656 344 696 σου
367 655 384 672 ⁸
415 640 506 694 ὅτι
530 642 715 708 αὐτός
739 643 872 696 ἐστι
901 643 1115 711 Κύριός
1133 656 1274 707 σου,
1309 642 1410 698 καὶ
1451 641 1799 712 προσκυνή-

223 745 358 796 σεις
371 729 552 796 αὐτῷ.
585 731 749 803 Ὁρᾷς
774 733 855 786 ὅτι
879 735 936 786 ὲν
965 733 1042 803 τῷ
1059 733 1406 788 ἐπιλαθέσθαι
1429 733 1596 804 ὑμᾶς,
1627 733 1800 804 ηγουν

222 819 602 886 ἀποτάξασθαι
627 822 899 892 γονεῦσιν,
941 824 1189 894 ἀδελφοῖς
1241 841 1303 879 τε
1355 825 1452 880 καὶ
1485 823 1795 894 συγγενέσι,

223 913 403 984 φίλοις
440 932 500 968 τε
550 916 646 970 καὶ
676 919 810 971 πᾶσι
839 920 952 982 τοῖς
987 918 1125 972 κατὰ
1151 918 1245 972 τὸν
1273 917 1405 988 βίον,
1453 917 1799 989 ἐπεθύμησεν

220 1008 251 1060 ὑ
260 1008 380 1077 μῶν
421 1009 450 1062 ὁ
479 1007 732 1080 βασιλεὺς
753 1010 849 1064 τοῦ
881 1011 1112 1075 κάλλους
1132 1011 1231 1082 τῆς
1249 1012 1430 1084 ψυχῆς
1449 1013 1530 1077 είς
1551 1013 1801 1084 νυμφίω-

221 1117 340 1168 σιν;
373 1101 446 1155 Τὸ
473 1101 549 1168 δὲ,
573 1103 763 1169 Αὐτός
786 1103 918 1158 ἐστι
945 1105 1162 1172 Κύριός
1191 1117 1330 1172 σου,
1397 1104 1497 1159 καί
1530 1119 1800 1175 προσκυ-

217 1189 435 1258 νήσεις
463 1191 646 1258 αὐτῷ,
677 1195 969 1265 γενήσεται
997 1195 1128 1266 ὑμῖν
1166 1196 1225 1249 ἐν
1241 1198 1309 1267 τῇ
1341 1195 1527 1268 ἡμέρᾳ
1556 1196 1656 1267 τῆς
1678 1197 1802 1250 ἐπι-

218 1282 454 1352 φανείας
487 1283 675 1340 αὐτοῦ.

297 1374 382 1440 Ὠ,
414 1372 482 1440 ὣ,
517 1369 630 1428 οἷον
662 1375 1004 1448 ἐφρονήσατε
1033 1376 1424 1449 ὲπιλαθόμεναι
1464 1378 1576 1432 τῶν
1626 1379 1801 1433 ἀπάν-

215 1468 350 1519 τωνὶ
379 1465 573 1531 Βαϐαὶ,
602 1467 916 1538 βαὸαὶ,οἴου
944 1467 1237 1538 ἐπετύχετε
1263 1469 1516 1541 Νυμφίου
1543 1471 1556 1525 l
1581 1471 1803 1541 Κροτή-

218 1575 372 1613 cate
394 1559 598 1629 xeipac
621 1558 967 1624 ἀλαλάξατε
1002 1559 1086 1626 τῷ
1131 1559 1252 1626 Θεῷ
1279 1563 1349 1616 ἐν
1399 1562 1570 1632 φωνῇ
1624 1564 1802 1633 ἀταλ-

218 1645 485 1712 λιὰσεως
514 1661 528 1676 ·
557 1647 640 1700 ὅτι
669 1647 810 1719 ὑπὲρ
852 1648 1036 1712 πάσας
1088 1649 1188 1713 τὰς
1221 1649 1315 1703 ὲπὶ
1363 1651 1470 1719 γῆς
1519 1651 1800 1722 βασιλείας

219 1737 474 1810 ὐψὼθητε
499 1755 515 1771 ο
548 1740 688 1811 ὑπὲρ
719 1741 897 1795 πάντα
921 1740 990 1794 τὰ
1004 1740 1180 1812 ὡραῖα
1200 1741 1300 1808 τῆς
1329 1743 1434 1814 γῆς
1462 1743 1794 1814 ὠραῖσθητε.

1894 561 1989 600 rea:
2012 545 2250 602 decorem
2278 555 2428 601 tuum
2450 562 2470 602 :
2489 547 2740 618 quoniam
2771 549 2884 617 ipse
2915 555 2993 602 est
3031 548 3291 604 Dominus
3324 560 3472 616 tuus,

1895 651 1946 696 et
1976 641 2225 697 adorabis
2251 656 2372 695 eum
2401 641 2466 695 ⁸³.
2504 639 2665 696 Vides
2721 642 2864 713 quod
2908 682 2923 709 ,
2953 641 3086 696 dum
3144 643 3328 697 oblita:
3373 659 3474 700 vos

1895 740 2052 798 estis,
2092 733 2198 789 hoc
2226 740 2332 800 est,
2368 735 2724 792 renuntiastis
2773 735 3114 805 parentibus,
3176 735 3471 791 fratribus-

1897 838 2006 896 que
2074 834 2130 881 et
2205 827 2471 896 cognatis,
2529 827 2830 896 amicisque
2904 835 2962 884 et
3023 827 3236 883 cunctis
3310 827 3474 896 hujus

1898 916 2082 973 saeculi
2118 917 2305 981 rebus,
2335 919 2652 989 concupivit
2669 934 2761 974 rex
2790 918 3248 988 pulchritudinem
3277 920 3474 974 animae

1899 1019 2094 1065 vestra:
2143 1011 2210 1064 ad
2236 1009 2712 1081 desponsatiouem
2763 1010 2787 1065 ?
2838 1008 2974 1064 Illud
3035 1025 3207 1066 vero:
3239 1013 3366 1077 Ipse
3395 1020 3473 1066 est

1899 1101 2160 1156 Dominus
2191 1110 2312 1156 tuus
2335 1141 2352 1168 ,
2401 1111 2452 1158 et
2490 1103 2738 1158 adorabis
2787 1118 2906 1157 eum
2933 1101 2981 1134 ⁸³
3009 1117 3025 1168 ;
3064 1101 3244 1170 vobis,
3299 1103 3353 1157 in
3385 1103 3477 1159 die

1899 1193 2168 1250 adventus
2206 1194 2378 1266 ipsius
2403 1194 2676 1250 Obveniet.

1971 1371 2039 1438 0,
2055 1387 2089 1428 ο
2103 1388 2266 1444 quam
2287 1373 2563 1444 sapienter
2581 1374 2770 1444 egistis
2784 1375 3165 1431 obliviscentes
3189 1378 3432 1431 omnium
3457 1377 3472 1431 !

1899 1462 2080 1534 Papai,
2103 1479 2276 1535 papae,
2313 1465 2528 1534 qualem
2560 1463 2831 1534 Sponsum
2864 1467 3072 1536 adeptae
3116 1468 3270 1522 estis!
3306 1467 3478 1522 Plau-

1899 1559 2009 1626 dite
2052 1558 2318 1622 manibus,
2345 1556 2574 1627 jubilate
2602 1557 2705 1612 Deo
2733 1560 2788 1613 in
2831 1574 2952 1614 voce
2977 1559 3356 1614 exsultationis
3387 1560 3472 1616 ⁸⁶ι

1899 1665 1967 1706 eo
2003 1650 2150 1720 quod
2177 1665 2346 1721 super
2376 1650 2560 1704 omnia
2592 1660 2748 1705 terrae
2796 1665 2962 1719 regna
3005 1651 3256 1705 exaltatae
3296 1651 3472 1706 estis:

1903 1755 2068 1810 super
2093 1741 2277 1795 omnia
2330 1740 2577 1810 speciosa
2623 1750 2781 1796 terrae
2826 1741 3090 1810 speciosae
3125 1739 3282 1796 factae
3317 1743 3473 1797 estis.

215 1807 503 1884 Αἰδοῦνται
524 1807 669 1903 ὑμᾶς
697 1833 793 1885 καὶ
816 1807 1068 1902 ἄγγελοι,
1094 1807 1450 1905 περιέπουσιν
1507 1807 1652 1906 υμᾶς
1699 1807 1800 1890 καὶ

1903 1831 2243 1887 Revereatur
2269 1847 2368 1886 vos
2406 1832 2568 1888 etiam
2624 1832 2824 1900 angeli,
2870 1831 3231 1887 circumstant
3277 1848 3376 1888 vos
3421 1843 3476 1888 et

215 1925 552 1996 ἀρχάγγελοι
571 1941 585 1956 ο
613 1925 946 1998 προῦχουσαι
971 1927 1129 1999 ὑμεῖς
1143 1927 1412 1998 βασιλίδες
1443 1930 1502 1983 ὲν
1525 1929 1795 2000 οὐρανοῖς,

218 2015 480 2085 ὑπεράνω
512 2016 707 2073 πασῶν
743 2017 994 2090 μητέρων
1036 2019 1130 2072 καὶ
1158 2017 1475 2090 θυγατέρων
1523 2020 1630 2074 τῶν
1689 2021 1800 2076 ἀπὸ

219 2109 427 2177 σαρκὸς
471 2109 797 2179 ἐρχομένων.
831 2108 1039 2164 Οὐκοῦν
1061 2110 1302 2182 χαίρετε,
1330 2112 1426 2165 καὶ
1472 2113 1798 2183 συγχαίρετε

217 2199 500 2268 ἀλλήλαις·
532 2200 602 2252 τὰ
633 2199 868 2253 ἐπίπονα
893 2199 1144 2254 ἐντεῦθεν
1181 2202 1282 2272 τῆς
1331 2203 1642 2268 ἀσκήσεως,
1697 2204 1796 2258 εἶτ’

215 2285 317 2342 οὖν
369 2288 779 2358 θαλαμεύσεως,
811 2290 1072 2362 φέρουσαι
1120 2291 1405 2364 εὐψύχως*
1461 2294 1677 2351 εἰδυῖαι
1709 2296 1799 2351 ὅτι

216 2378 393 2436 πᾶσα
423 2381 581 2448 σὰρξ
635 2382 852 2450 χόρτος
874 2398 888 2414 ο
937 2380 1109 2438 πᾶσα
1153 2382 1306 2448 δόξα
1348 2384 1664 2453 ἀνθρώπου
1719 2387 1800 2453 ὡς

215 2475 406 2541 ἄνθος
431 2476 652 2544 χόρτου
675 2491 690 2506 ο
723 2475 896 2529 πᾶσαί
919 2493 979 2530 τε
1011 2477 1296 2548 ἐπιθυμίαι
1323 2476 1417 2531 τοῦ
1447 2477 1642 2542 αἰῶνος
1674 2479 1800 2532 τού-

213 2585 317 2622 του
369 2571 434 2622 ὲκ
463 2569 668 2640 φθορᾶς
693 2568 789 2624 καὶ
815 2572 895 2633 είς
923 2569 1131 2642 φθορὰν
1163 2571 1569 2643 καταλήγουσαι
1592 2589 1607 2604 ’
1638 2574 1800 2644 μόνον

214 2661 281 2715 δὲ
314 2661 469 2732 ὑμῶν
495 2663 526 2715 ό
552 2661 693 2734 ἔρως
718 2663 814 2716 καὶ
839 2664 872 2732 ἡ
902 2665 1172 2734 ἐπιθυμία
1208 2665 1436 2736 ἄπειρος
1465 2667 1562 2720 καὶ
1587 2665 1802 2736 ἄφθαρ-

215 2771 336 2816 τος.
372 2753 584 2823 Μικρὸν
609 2753 798 2808 λοιπὸν
849 2755 976 2808 ὅσον
1023 2757 1380 2826 ἀναμείνατε,
1441 2757 1796 2828 ὑπομείνατε,

219 2846 664 2917 ὑποτασσόμεναι
696 2847 794 2917 μὲν
837 2847 995 2918 ὑμεῖς
1025 2850 1092 2919 τῇ
1121 2849 1290 2920 κυρίᾳ
1319 2851 1384 2922 τῇ
1415 2851 1800 2922 πρωτονύμφῳ

217 2936 407 2999 καλῶς
437 2935 536 2989 καὶ
567 2935 832 3006 εὐηκόως,
863 2936 932 2991 τὰ
957 2937 1051 2992 τοῦ
1083 2939 1338 3010 Νυμφίου
1368 2939 1609 3011 Χριστοῦ
1659 2941 1800 3014 ὲρω-

215 3030 354 3084 ma
398 3028 664 3100 ἰδιώματα
691 3031 786 3084 καὶ
815 3030 1143 3100 φυλάγματα
1192 3031 1560 3104 ὲπιταττούσῃ
1585 3048 1601 3064 ο
1661 3030 1800 3101 αὑτὴ

1899 1922 2209 1994 archangeli
2238 1941 2252 1978 :
2295 1923 2662 1994 praecellentes
2691 1924 2746 1976 in
2780 1923 2933 1978 caelis
2955 1925 3158 1994 reginae
3205 1938 3303 1978 vos
3341 1925 3476 1978 estis

1898 2030 2063 2085 supra
2113 2030 2306 2070 omnes
2363 2023 2566 2070 matres
2608 2030 2673 2070 ac
2705 2015 2846 2070 tilias
2883 2031 3006 2086 qua
3048 2031 3114 2071 ex
3168 2030 3333 2070 carne
3369 2031 3472 2069 ua-

1899 2116 2149 2163 scuntur.
2178 2105 2519 2177 Quapropter
2567 2107 2814 2177 gaudete,
2861 2115 2914 2162 et
2943 2107 3281 2177 congaudete
3335 2107 3478 2160 invi-

1897 2215 2014 2255 cem
2041 2219 2055 2254 :
2083 2200 2295 2254 labores
2325 2200 2450 2255 inde
2479 2199 2732 2254 asceticae
2759 2199 2904 2262 vitae,
2933 2208 3194 2268 tanquam
3233 2198 3324 2253 illa
3356 2198 3476 2253 tha-

1901 2295 2078 2348 lamus
2111 2293 2183 2348 sit
2225 2291 2401 2359 vobis,
2437 2290 2669 2348 ferentes
2725 2292 3010 2358 alacriter;
3052 2291 3287 2346 scientes
3326 2292 3474 2360 quod

1901 2388 2071 2440 omnis
2105 2403 2228 2441 caro
2263 2387 2483 2456 fenum:
2508 2387 2678 2442 omnis
2731 2386 2901 2456 gloria
2939 2385 3166 2438 hominis
3197 2384 3334 2438 sicut
3377 2385 3478 2453 ﬂos

1899 2479 2086 2549 feni";
2103 2489 2156 2534 et
2169 2479 2351 2534 omnia
2371 2479 2534 2548 hujus
2550 2477 3016 2533 saeculi-desideria
3039 2493 3104 2532 ex
3122 2477 3476 2547 corruptione

1900 2573 1954 2627 in
1984 2573 2391 2642 corruptionem
2415 2571 2704 2636 desinunt;
2733 2570 2882 2624 solus
2898 2583 3028 2623 vero
3044 2585 3200 2622 amor
3217 2577 3398 2624 vester
3423 2576 3479 2623 et

1901 2663 2230 2719 desiderium
2253 2678 2449 2734 expers
2463 2671 2549 2719 est
2570 2662 2694 2717 linis
2719 2669 2773 2717 et
2801 2661 3185 2732 corruptionis.
3208 2660 3476 2716 Pusillum

1899 2756 2044 2826 quod
2071 2763 2244 2810 restat
2270 2761 2603 2824 exspectate,
2633 2752 2897 2808 sustinete
2924 2767 2939 2805 :
2963 2766 3058 2806 vos
3101 2750 3320 2820 quidem
3355 2765 3478 2819 quae

1905 2847 1973 2902 ad
2006 2847 2212 2903 Christi
2248 2844 2448 2916 Sponsi
2503 2859 2747 2900 amorem
2801 2843 3209 2900 conciliandum
3247 2851 3302 2897 et
3344 2857 3478 2897 con-

1901 2941 2226 2996 servandum
2261 2939 2490 3004 faciunt,
2526 2937 2818 3008 imperanti
2846 2936 3160 2992 obedientes
3183 2944 3239 2988 ut
3279 2935 3480 3002 decet;

1904 3033 2020 3104 ipsa
2064 3047 2196 3088 vero
2231 3031 2477 3096 domina,
2520 3039 2580 3084 ut
2635 3027 2908 3099 Sponsum
2960 3035 3378 3098 repraesentans,
3427 3035 3483 3082 et

217 3123 281 3177 δὲ
312 3123 479 3192 κυρία
503 3121 579 3184 ὡς
605 3120 995 3192 νυμφιοφόρος,
1023 3121 1117 3174 καὶ
1146 3120 1245 3194 τὴν
1265 3121 1442 3192 ψυχὴν
1471 3121 1792 3192 προϊεμένη,

1913 3124 2150 3178 animam
2184 3137 2491 3193 exponens,
2547 3135 2618 3176 ne
2673 3120 2781 3175 alia
2835 3119 3037 3184 dicam,
3073 3119 3142 3174 ad
3176 3118 3480 3188 puellarum

225 3215 305 3285 μὴ
331 3215 414 3267 ὅτι
449 3213 512 3282 γέ
547 3231 601 3266 τι
649 3212 758 3267 τῶν
785 3212 984 3278 ἄλλων,
1018 3212 1100 3276 είς
1120 3213 1472 3285 περιποίησιν
1500 3213 1610 3267 τῶν
1673 3231 1800 3270 νεα-

222 3307 407 3371 νίδων,
443 3307 506 3360 οὐ
543 3306 686 3374 λέγω
720 3304 901 3377 ψυχῆς
928 3306 1118 3376 μόνης,
1180 3306 1317 3360 ἀλλὰ
1374 3308 1468 3360 καὶ
1513 3305 1763 3378 σώματος
1786 3323 1800 3337 ⁸

221 3398 511 3469 πληροῦσα
538 3398 597 3450 τὸ
633 3398 738 3450 ὑπὸ
766 3397 859 3451 τοῦ
903 3399 1224 3452 Ἀποστόλου
1254 3399 1544 3468 εἰρημένον
1568 3415 1584 3429 ⁸
1633 3399 1803 3468 Ἰμει-

211 3487 465 3558 ρόμενοι
491 3487 862 3557 εὐδοκοῦμεν
877 3488 1244 3557 μεταδοῦναι
1273 3488 1438 3556 ὑμῖν,
1488 3491 1560 3544 οὺ
1607 3491 1799 3558 μόνον

217 3573 292 3634 τὸ
323 3578 695 3648 Εὑατγέλιον
722 3579 826 3632 τοῦ
867 3578 1036 3647 Θεοῦ,
1087 3579 1248 3634 ἀλλὰ
1297 3582 1396 3634 καὶ
1433 3579 1541 3647 τὰς
1571 3580 1802 3635 ἑαυτῶν

219 3670 454 3740 ψυχὰς,
485 3671 545 3724 ὲν
575 3669 800 3740 Χριστῷ
843 3668 1018 3741 Ἰησοῦ
1047 3669 1125 3739 τῷ
1157 3668 1348 3740 Κυρίῳ
1372 3669 1528 3740 ἡμῶν
1548 3686 1563 3701 ·
1597 3670 1657 3722 ὃν
1706 3673 1802 3725 καὶ

219 3765 360 3833 περὶ
386 3765 421 3835 ή
429 3763 544 3834 μῶν
571 3763 808 3817 αἰτεῖσθε
820 3761 920 3834 τὴν
949 3762 1223 3833 σωτηρίαν
1235 3763 1333 3832 τῆς
1351 3762 1612 3832 ταπεινῆς
1640 3763 1800 3834 ἡμῶν

217 3854 403 3925 ψυχῆς
427 3870 441 3885 ·
468 3856 552 3907 ἵνα
592 3848 674 3916 οἷς
704 3852 1138 3922 ἐνουθετήσαμεν
1193 3851 1650 3924 νενουθετήμεθα.
1707 3857 1800 3910 καὶ

221 3944 540 4016 σωζοίμεθα
589 3945 790 4008 πάντες
818 3944 927 4000 ἀπὸ
957 3943 1051 3998 τοῦ
1074 3943 1344 4016 Πονηροῦ.

219 4059 381 4116 PNA’
419 4059 554 4132 (42).
591 4085 662 4098 —-
695 4055 1040 4127 Σευηριανῷ
1089 4056 1198 4124 υἱῷ
1237 4059 1618 4128 πνευματικῷ
1659 4061 1794 4134 (45).

1905 3216 2276 3272 defensionem
2327 3233 2342 3281 ;
2386 3228 2563 3284 neque
2605 3213 2800 3268 animae
2857 3220 3065 3266 tantum
3099 3253 3116 3278 ,
3163 3211 3258 3267 sed
3316 3213 3480 3266 etiam

1904 3309 2153 3378 corporis
2201 3329 2215 3365 :
2273 3308 2505 3378 implens
2551 3305 2696 3376 quod
2748 3305 2882 3361 dicit
2913 3304 3206 3374 Apostolus
3243 3302 3480 3373 :Cupide

1903 3403 2206 3458 volebamus
2229 3401 2436 3456 tradere
2456 3401 2621 3464 vobis,
2653 3414 2756 3452 non
2784 3397 2956 3453 solum
2985 3395 3328 3466 Evangelium
3360 3395 3480 3460 Dei,

1904 3497 1994 3551 sed
2020 3497 2182 3550 etiam
2203 3495 2412 3548 animas
2439 3503 2651 3548 nostras
2669 3491 2735 3557 ³⁸,
2759 3491 2814 3545 in
2839 3488 3062 3544 Christo
3093 3486 3222 3542 Jesu
3244 3485 3480 3541 Domino

1905 3595 2096 3644 nostro
2128 3605 2142 3655 ;
2181 3603 2211 3642 a
2241 3603 2351 3656 quo
2377 3596 2432 3642 et
2471 3602 2568 3641 vos
2622 3600 2720 3655 pro
2761 3584 2924 3639 nobis
2979 3580 3212 3638 salutem
3259 3580 3484 3635 humilis

1907 3682 2104 3736 animae
2161 3691 2362 3736 nostrae
2404 3679 2570 3750 petite
2604 3697 2618 3732 :
2649 3687 2710 3734 ut
2741 3678 2807 3733 de
2834 3677 3035 3747 quibus
3069 3675 3208 3730 alios
3267 3673 3486 3728 monui-

1909 3787 2053 3838 mus,
2090 3786 2282 3828 eorum
2323 3770 2737 3827 meminerimus
2775 3768 2913 3839 ipsi,
2953 3775 3008 3822 et
3035 3781 3066 3820 a
3091 3765 3237 3820 malo
3289 3777 3484 3818 omnes

1903 3863 2221 3920 liberemur.

2135 4061 2265 4120 CLI.
2300 4091 2372 4102 —-
2405 4060 2690 4117 Severiano
2721 4060 2836 4129 ﬁlio
2873 4056 3150 4130 spirituali
3173 4056 3258 4129 (').

613 4171 756 4233 Quod
778 4184 948 4234 neque
969 4170 1192 4224 Christus
1221 4169 1276 4222 in
1306 4187 1393 4223 sua
1417 4172 1633 4238 imagine
1651 4175 1832 4226 colitur
1862 4177 2040 4239 latria;
2076 4189 2241 4240 neque
2276 4175 2436 4239 imago
2469 4173 2650 4227 Christi
2671 4173 2813 4224 latria
2839 4173 3066 4246 colenda.

295 4261 462 4314 Ὅσον
507 4257 776 4328 εὔφρανεν
817 4257 962 4328 ἡμᾶς
997 4258 1032 4326 ή
1085 4258 1259 4329 μικρὰ
1291 4259 1573 4330 ἐπιστολὴ,
1591 4260 1802 4326 τέκνον,

217 4352 484 4409 τοσοῦτον
507 4350 778 4420 ἐλύπησεν
801 4351 836 4419 ὴ
876 4349 1098 4418 μείζων.
1145 4351 1234 4414 Ὠς
1266 4350 1378 4420 γὰρ
1419 4352 1494 4422 μή
1516 4370 1605 4406 πω
1643 4355 1802 4425 κινή-

1980 4264 2197 4328 Quanto
2229 4276 2328 4316 nos
2355 4259 2558 4331 gaudio
2589 4257 2845 4313 aliecerat
2877 4249 3058 4310 brevis
3101 4252 3332 4324 epistola
3362 4261 3480 4312 tua,

1911 4355 2008 4416 illi,
2034 4363 2246 4410 tantum
2283 4353 2490 4409 doloris
2511 4367 2576 4434 es
2611 4351 2907 4420 prolixiore
2942 4347 3209 4417 cepimus.
3245 4345 3481 4402 Perinde

222 4443 425 4504 σαντός
489 4457 584 4494 σου
615 4439 772 4507 λόγον
787 4440 928 4510 ,περὶ
963 4437 1074 4491 τῶν
1115 4439 1174 4492 ὲν
1219 4441 1357 4510 αὐτῇ
1407 4443 1801 4514 ἐμφερομένων

1908 4448 2050 4502 enim
2080 4462 2145 4502 ac
2173 4447 2219 4502 si
2250 4446 2316 4500 de
2347 4443 2621 4500 contentis
2648 4443 2704 4496 in
2728 4457 2789 4497 ea
2821 4438 3294 4512 propositionibus
3338 4453 3481 4491 non-

221 4535 584 4608 προτάσεωνο
623 4529 761 4602 μήτε
794 4528 1097 4600 ἀκηκοότος
1140 4529 1279 4602 πρὸς
1323 4531 1482 4602 ἡμῶν
1528 4533 1592 4586 τὸ
1637 4533 1796 4588 δέον·

219 4627 401 4700 ἧχθης
431 4625 526 4680 νῦν
572 4626 850 4695 προτεῖναι
893 4622 994 4686 τὰς
1038 4623 1243 4691 φωνὰς,
1293 4623 1454 4693 δῆθεν
1509 4628 1608 4696 μὲν
1657 4627 1803 4700 ἄλλῳ

227 4719 543 4792 μαχόμενος
575 4713 895 4787 προσώπῳ,
932 4711 1134 4783 μᾶλλον
1183 4714 1280 4784 μὲν
1312 4709 1408 4769 οὖν
1452 4718 1518 4787 τῇ
1574 4717 1804 4791 ἀληθείᾳ

221 4810 751 4878 ἀντικαθιστάμενος
778 4823 794 4838 ο
850 4806 1028 4860 καίτοι
1089 4805 1166 4877 μὴ
1209 4806 1442 4875 ὀφείλων
1489 4809 1762 4866 διδάσκειν
1787 4828 1802 4843 ⁸

221 4905 289 4958 οὐ
322 4903 464 4972 λέγω
485 4900 744 4955 τοσοῦτον
773 4898 862 4952 διὰ
894 4899 955 4951 τὸ
983 4897 1275 4968 ὑφειμένον
1301 4916 1361 4951 σε
1403 4895 1542 4954 εἶναι
1569 4918 1583 4931 ο
1613 4903 1708 4956 καί
1739 4921 1803 4973 γε

226 4999 364 5065 φέρε
398 4992 771 5064 μακροθύμως
797 5005 812 5020 ⁸
847 4987 984 5041 ἀλλὰ
1012 4989 1122 5058 γὰρ
1148 4989 1242 5042 καὶ¹
1261 4989 1350 5042 διὰ
1381 4991 1445 5044 τὸ
1475 4993 1604 5056 τοὺς
1645 4993 1804 5048 ἁλόν-

225 5107 328 5154 τας
365 5091 434 5159 τῇ
489 5087 740 5157 αἱρετικῇ
787 5081 1068 5153 κοινωνίᾳ,
1098 5081 1157 5148 ἐξ
1201 5074 1276 5135 ὧν
1307 5075 1390 5145 εἷς
1430 5083 1520 5148 σὺ,
1555 5084 1631 5156 μὴ
1656 5085 1806 5156 ἔχειν

224 5181 546 5254 παρρησίαν
572 5179 809 5248 ἀνοίγειν
836 5177 898 5230 τὸ
942 5176 1117 5244 στόμα
1143 5191 1157 5205 ·
1193 5175 1378 5244 μένειν
1412 5175 1469 5228 δὲ
1506 5177 1568 5230 ὲν
1600 5179 1805 5253 ἡσυχίᾳ

231 5273 573 5344 καθηκούσῃ,
619 5271 716 5324 καὶ
764 5267 1031 5323 αἰτεῖσθαι
1076 5266 1410 5340 συγγνώμην
1471 5267 1636 5339 μέχρι
1682 5269 1800 5340 βίου

303 5391 350 5423 ⁸⁸
379 5389 525 5445 Psal.
558 5401 704 5450 κων,
737 5383 824 5448 ll,
867 5382 955 5436 12.
983 5381 1030 5412 ⁸³
1059 5379 1193 5436 ibid.
1252 5381 1340 5434 12.

1906 4537 2036 4591 dum
2062 4537 2223 4591 verba
2253 4535 2446 4590 feceris
2471 4573 2488 4599 ,
2549 4549 2725 4604 neque
2777 4548 2808 4587 a
2858 4531 3016 4587 nobis
3054 4531 3199 4601 quod
3235 4543 3334 4599 par
3363 4536 3484 4582 erat

1909 4630 2223 4696 audiveris;
2258 4629 2315 4684 in
2351 4629 2485 4684 istas
2529 4644 2678 4683 nunc
2711 4641 2872 4682 voces
2901 4625 3168 4695 erumpis,
3226 4638 3322 4693 per
3351 4636 3480 4691 spe-

1905 4722 2043 4778 ciem
2080 4722 2298 4792 quidem
2327 4719 2484 4790 quasi
2517 4735 2642 4775 cum
2672 4719 2779 4773 alio
2817 4717 3090 4773 dimicans
3112 4754 3126 4780 ,
3171 4716 3348 4783 reipsa
3376 4728 3478 4766 au-

1908 4824 2017 4870 tem
2067 4815 2282 4870 veritati
2321 4826 2632 4884 repugnans
2666 4828 2679 4865 :
2713 4810 2966 4880 quamvis
3013 4810 3214 4864 docere
3251 4805 3478 4861 omnino

1905 4907 2003 4962 tibi
2034 4923 2141 4962 non
2173 4906 2352 4961 liceat.
2389 4903 2496 4959 Nec
2522 4903 2701 4958 solum
2727 4902 2798 4956 ob
2835 4900 3156 4956 tenuitatem
3195 4910 3343 4954 tuam
3371 4896 3479 4950 hoc

1911 4999 2056 5068 (lico,
2086 4999 2354 5068 patienter
2378 4995 2610 5058 sustine,
2641 4995 2735 5049 sed
2763 4993 2894 5064 quia
2917 4991 3012 5062 qui
3040 4990 3294 5045 haeretica
3321 5002 3476 5042 com-

1913 5065 2175 5146 munione
2205 5087 2455 5144 obstricti
2487 5095 2770 5148 tenentur,
2797 5098 3031 5154 quorum
3075 5097 3106 5138 e
3152 5095 3381 5136 numero
3418 5089 3475 5132 tu

1912 5196 2056 5237 unus
2079 5195 2158 5247 es,
2180 5178 2294 5234 oris
2322 5176 2599 5232 reserandi
2633 5175 2942 5230 facultatem
2973 5188 3080 5229 non
3111 5172 3315 5227 habent
3341 5188 3355 5222 :
3383 5167 3476 5224 sed

1912 5273 1968 5328 in
2001 5269 2346 5328 convenienti
2373 5268 2594 5324 silentio
2622 5282 2844 5322 manere
2870 5306 2887 5331 ,
2933 5282 3000 5322 ac
3043 5264 3256 5320 veniam
3295 5270 3478 5331 petere

1440 5381 1490 5414 “
1512 5381 1659 5440 Psal.
1705 5402 1828 5443 nvi
1861 5428 1876 5452 ,
1913 5389 1969 5446 2.
2043 5389 2092 5422 ⁸⁸
2133 5387 2240 5443 lsa.
2269 5402 2358 5454 xu,
2390 5384 2445 5442 6.
2519 5385 2566 5418 ⁸⁸
2599 5385 2621 5438 l
2654 5379 2854 5440 TheSs.
2876 5395 2936 5447 tl,
2961 5379 3016 5434 8ο

1746 5476 1974 5536 NOTAE.

304 5577 420 5646 (42)
444 5575 504 5646 In
525 5572 808 5646 codaﬂcg.
828 5569 928 5641 ρδ’.

307 5639 422 5718 (45)
443 5645 565 5718 llaec
585 5639 1040 5718 epistola,et_quae
1066 5647 1371 5718 sequuntur
1391 5653 1562 5709 usque
1586 5639 1652 5694 ad
1677 5639 1801 5702 174,

236 5710 446 5772 ἰιιόοᾶ.
486 5710 653 5784 Regio
680 5710 1224 5784 separatiniscriptge
1279 5720 1408 5762 sunt
1465 5720 1593 5784 ante
1647 5725 1808 5784 supe-

240 5790 407 5844 riores
455 5779 642 5842 οιιιιῖυδ
669 5823 684 5850 ,
724 5779 885 5852 atque
933 5780 1126 5837 ibidem
1166 5779 1421 5833 dicuntur
1461 5781 1528 5835 ad
1587 5780 1803 5834 tertium

1909 5570 2185 5628 Theodori
2242 5569 2496 5625 exsilium
2548 5568 2862 5637 pertinere,
2913 5561 3220 5629 habentque
3259 5557 3480 5615 titulum

1911 5642 2278 5712 hunc,i’Apxh
2305 5640 2399 5712 τοῦ
2437 5635 2659 5710 πρώτου
2689 5635 2918 5707 βιϐλίου.

1985 5711 2048 5784 (⁸)
2079 5711 2409 5782 Dogmalica.
