4060 6374
562 321 694 388 1471

1755 321 1817 381 S.
1853 316 2249 380 THEODOBI
2281 315 2631 377 STUDlT/E

3695 306 3835 370 1472

559 439 677 486 tota
706 427 818 484 vita
853 427 1074 484 debent.
1101 427 1362 492 Accedit,
1394 427 1540 498 quod
1572 440 1680 482 non
1714 435 1867 482 tanta
1902 425 2141 481 scientia:

2247 425 2474 483 παντός.
2513 424 2771 486 Ἔπειτα,
2804 419 2926 474 οὐδὲ
2945 417 3184 491 τοσαύτη
3201 435 3284 473 σοι
3317 417 3606 490 εὐτεχνίας
3625 416 3839 488 δογμαρ

559 522 884 594 dugmatiea:
920 521 1116 594 peritia
1145 530 1230 576 est
1263 520 1382 585 tibi,
1407 528 1468 576 ut
1496 527 1751 576 accurate
1783 519 1933 589 loqui
1961 517 2139 573 scias:

559 628 685 668 cum
715 627 818 668 nec
848 613 1290 683 grammaticam,
1311 626 1412 666 nec
1427 609 1833 681 philosomiiam
1857 608 2139 680 attigeris:

559 721 798 776 cumque
831 706 867 760 ii
901 705 1068 761 etiam
1112 705 1206 776 qui
1253 705 1305 758 in
1345 705 1431 760 his
1466 703 1714 775 apprime
1749 704 1953 758 versati
1991 710 2139 770 sunt,

560 801 628 855 de
662 799 770 854 Deo
799 800 1080 870 proprium
1113 799 1312 869 dogma
1353 798 1564 853 nullum
1605 797 1840 853 ati'erant
1870 797 1994 868 ipsi,
2046 796 2142 852 sed

561 892 874 947 divinorum
925 893 1169 946 virorum
1231 892 1478 960 vestigiis
1530 891 1808 946 insistant.
1855 889 2140 945 Undenam

561 999 694 1055 ergo
737 983 869 1050 tibi,
920 999 1129 1054 quaeso,
1165 984 1334 1038 subiit
1362 984 1585 1038 dicere:
1619 982 1722 1036 Per
1762 980 2142 1036 habitudinem

562 1091 670 1129 non
699 1077 960 1130 adoratur
987 1076 1166 1144 imago
1192 1075 1437 1129 Christi?
1464 1077 1547 1128 An
1598 1076 1742 1128 nosti
1768 1073 1900 1143 quid
1940 1073 2012 1127 sit
2039 1072 2141 1126 ha-

562 1167 800 1221 bitudo?
832 1165 1104 1220 llabitndo
1143 1182 1332 1220 eorum
1357 1175 1441 1221 est
1470 1181 1591 1236 qua:
1621 1175 1752 1220 sunt
1787 1166 1855 1219 ad
1885 1164 2094 1234 aliquid
2123 1182 2138 1219 :

563 1260 629 1313 ad
660 1258 867 1328 aliquid
902 1273 1034 1312 vero
1068 1267 1414 1329 prototypnm
1435 1298 1450 1319 ,
1501 1268 1556 1312 et
1585 1258 1730 1327 quod
1765 1257 1890 1312 inde
1919 1271 2144 1325 expres-

565 1361 685 1406 Snm
719 1358 849 1406 est:
890 1350 1040 1404 verbi
1075 1351 1284 1420 gratia,
1335 1349 1589 1404 Christus
1637 1359 1693 1403 et
1747 1349 1868 1414 eius
1913 1349 2139 1418 imago:

563 1443 694 1512 quia
733 1451 1028 1511 utrumque
1051 1441 1103 1494 iu
1138 1451 1372 1509 utroque
1401 1440 1652 1503 habetur,
1683 1453 1782 1494 nec
1807 1439 2141 1509 disiunctum

563 1544 647 1588 est
680 1533 764 1588 vel
791 1533 1053 1602 potentia,
1094 1533 1184 1587 vel
1219 1532 1414 1600 gloria.
1441 1529 1603 1593 Ecce,
1631 1531 1904 1600 imperite,
1937 1531 2140 1597 neseis,

563 1636 726 1696 atque
743 1629 852 1698 hoc
872 1643 1142 1698 usurpare
1166 1629 1292 1682 licet
1314 1645 1327 1682 :
1353 1625 1475 1681 Vidi
1508 1626 1854 1696 iniquitatem
1877 1625 1982 1681 sub
2001 1627 2140 1691 sole,

561 1719 740 1772 virum
795 1721 888 1790 qui
941 1720 1046 1774 sibi
1097 1735 1291 1790 sapere
1328 1719 1648 1786 videbatur;
1702 1727 1778 1785 et,
1805 1719 1952 1789 quod
1985 1718 2143 1790 pejus

562 1823 667 1875 est,
698 1813 833 1867 alios
867 1813 1067 1868 docere
1100 1813 1428 1867 conabatur.

634 1905 822 1971 Qualis
847 1921 1014 1976 porro
1044 1913 1129 1959 est
1168 1906 1404 1960 secunda
1445 1916 1534 1958 tua
1564 1905 1868 1975 propositio
1887 1909 1912 1959 ἲ
1954 1905 2139 1960 Latria

563 1997 766 2063 colitur
797 1997 850 2050 in
897 1997 1135 2066 imagine
1165 2015 1261 2053 sua
1296 1998 1549 2054 Christus
1577 2017 1590 2052 :
1630 2000 1814 2068 itaque
1848 1999 2002 2052 latria
2034 1999 2140 2053 coli

564 2089 1118 2160 debetctiamimago.
1156 2089 1310 2145 Unde
1347 2091 1422 2144 vel
1453 2106 1608 2159 aquo
1631 2091 1870 2146 didicisti
1896 2091 1997 2145 ista
2019 2107 2142 2162 quae

564 2181 732 2236 doces
767 2180 790 2234 ?
824 2181 960 2236 Nam
1011 2192 1330 2238 sanctorum
1392 2183 1574 2240 nullus
1616 2184 1717 2240 hoc
1752 2184 1970 2250 dixerit,
2021 2186 2139 2252 sed,

564 2274 783 2328 adorari
847 2274 899 2328 in
953 2274 1188 2346 imagine
1246 2289 1344 2330 sua
1376 2274 1677 2341 Christum,
1710 2285 1765 2332 et
1805 2277 2142 2332 adorandam

565 2382 689 2421 esse
723 2368 1040 2438 imaginem,
1073 2369 1124 2422 id
1157 2376 1262 2435 est,
1305 2368 1707 2433 honorandam,
1743 2385 1845 2424 seu.
1873 2386 2144 2426 veneran-

563 2461 688 2512 dam
722 2461 1030 2528 (amborum
1076 2460 1221 2514 enim
1269 2459 1412 2515 idem
1457 2470 1541 2515 est
1573 2461 1874 2532 sensus)'et
1904 2464 2140 2518 merito:

563 2552 824 2619 quoniam
854 2551 1034 2613 latria,
1087 2551 1230 2606 sicut
1264 2562 1318 2607 et
1348 2550 1506 2619 tides,
1534 2553 1636 2608 soli
1667 2563 1870 2608 sanctae
1890 2552 2142 2609 Trinitati

565 2643 867 2711 competit:
899 2643 1004 2698 alia
1027 2659 1158 2700 vero
1196 2646 1342 2710 aliis,
1373 2645 1530 2700 Matri
1565 2646 1680 2711 Dei,
1727 2657 1930 2702 sanctae
1968 2648 2140 2714 cruci,

565 2733 795 2794 sanctis.
825 2735 1153 2790 veneranda:
1180 2736 1402 2807 imagini
1427 2736 1653 2801 Christi,
1672 2745 1727 2791 et
1743 2737 1866 2793 aliis
1885 2739 2144 2794 omnibus

565 2826 797 2882 sacratis
825 2827 1201 2895 imaginibus:
1235 2836 1398 2899 atque
1459 2829 1516 2882 in
1565 2838 1812 2895 tantum,
1878 2839 2142 2901 quantum

565 2916 978 2987 supereminent
1022 2928 1308 2990 prototypa
1348 2920 1418 2975 iis
1464 2935 1588 2990 qua:
1629 2935 1695 2974 ex
1743 2921 1850 2975 illis
1885 2937 2144 2990 expressa

563 3021 713 3067 sunt.
748 3011 906 3078 Quod
934 3013 980 3067 si
1010 3013 1169 3068 latria
1199 3014 1421 3075 colitur,
1443 3023 1503 3066 ut
1529 3013 1630 3075 ais,
1651 3013 1704 3067 in
1727 3013 2144 3085 intagineChri-

2241 515 2402 586 τικῆς
2429 515 2738 585 ἐπιστήμη,
2782 513 2859 577 ὡς
2908 513 3110 566 εἰδέναι
3155 512 3402 583 ἀκριϐῶς
3447 510 3838 579 φθέγγεσθαι,

2247 610 2388 680 μήτε
2447 608 2868 679 γραμματικῆς,
2947 607 3088 678 μήτε
3152 605 3473 676 φιλοσοφίας
3521 605 3836 675 ἁψαμένῳ·

2243 701 2404 754 ὁπότε
2428 700 2526 753 καὶ
2557 700 2608 754 ot
2633 699 2840 753 τούτων
2875 699 3242 768 ἐπιστήμονες
3257 698 3404 752 κατὰ
3418 697 3556 750 Θεὸν
3578 698 3683 751 οὐκ
3701 696 3839 750 ἴδιόν

2242 809 2296 843 τι
2333 790 2772 860 δογματίζουσιν.
2791 790 2907 844 ἀλλ’
2934 789 3218 859 ἑπομένως
3239 792 3351 854 τοῖς
3391 789 3705 860 θεοφόροις.
3731 788 3842 841 Πό-

2244 885 2334 939 θεν
2367 879 2461 938 οὖν
2486 901 2569 938 σοι
2618 882 2877 953 ἐπῆλθεν,
2939 881 3150 953 ἐρωτῶ,
3196 880 3402 949 λέγειν’
3439 881 3516 934 Οὐ
3567 881 3840 950 σχετικῶς

2243 978 2633 1047 προσκυνεῖται
2678 976 2711 1044 ή
2769 972 2933 1026 εἰκὼν
2975 971 3072 1024 τοῦ
3122 970 3400 1042 Χριστοῦ;
3433 965 3583 1034 οἶδας
3630 971 3744 1039 γὰρ
3785 969 3838 1022 τί

2243 1071 2359 1124 ἐστι
2383 1070 2568 1140 σχέσις
2591 1085 2607 1135 ;
2649 1068 2712 1122 Ἦ
2729 1068 2915 1138 σχέσις
2943 1068 3053 1121 τῶν
3076 1067 3214 1138 πρός
3241 1067 3295 1120 τί
3325 1068 3444 1120 ἐστι
3467 1083 3480 1095 ·
3513 1064 3654 1137 πρός
3675 1082 3732 1118 τι
3756 1064 3837 1130 δὲ,

2241 1162 2305 1216 τὸ
2333 1162 2694 1234 πρωτότυπον
2719 1162 2816 1216 καὶ
2839 1162 3177 1231 παράγωγον
3195 1178 3210 1192 ο
3247 1161 3370 1232 ἦτοι
3397 1159 3426 1211 ὁ
3469 1158 3714 1228 Χριστὸς
3741 1159 3841 1211 καὶ

2243 1255 2277 1324 ἡ
2307 1253 2472 1308 αὐτοῦ
2501 1254 2686 1317 εἰκὼν,
2720 1255 2802 1308 ὅτι
2830 1253 3015 1324 ἔχεται
3047 1256 3105 1306 ὲν
3129 1252 3383 1323 ἐκατέρῳ
3418 1252 3712 1321 ἑκάτερον,
3741 1249 3842 1303 καὶ

2241 1347 2340 1399 οὐκ
2361 1347 2687 1416 ἀπέσχισται
2721 1344 2847 1399 οὔτε
2877 1345 2956 1415 τῷ
2986 1345 3204 1417 κράτει,
3234 1343 3360 1397 οὔτε
3391 1346 3460 1413 τῇ
3489 1342 3643 1414 δόξῃ.
3675 1342 3836 1405 Ἰδοὺ,

2241 1439 2583 1508 ἀμαθαίνων,
2602 1440 2664 1494 οὐ
2683 1435 2862 1506 οἶσθα,
2891 1439 2988 1492 καὶ
3017 1438 3200 1501 καλῶς
3227 1438 3377 1491 ἔστιν
3407 1439 3592 1490 ἐκεῖνο
3619 1437 3834 1488 εἰπεῖν·

2243 1526 2398 1584 Εἶδον
2421 1531 2654 1602 ἀνομίαν
2676 1532 2781 1585 ὑπὸ
2792 1532 2885 1584 τὸν
2904 1532 3078 1603 ἥλιον,
3097 1531 3267 1602 ἄνδρα
3288 1528 3522 1595 δόξαντα
3545 1529 3680 1599 παρ’
3707 1530 3839 1582 ἑαυ-

2243 1622 2320 1693 τῷ
2351 1624 2514 1692 σοφὸν
2547 1619 2707 1688 εἶναι,
2771 1624 2884 1688 καὶ,
2925 1623 2954 1677 ὃ
3000 1622 3196 1677 τούτου
3247 1622 3661 1694 χαλεπώτερον,
3699 1639 3836 1674 παι-

2243 1714 2422 1769 δεύειν
2452 1715 2646 1780 ἄλλους
2674 1715 3116 1785 φιλονεικοῦντα.

2313 1909 2439 1969 Οἴον
2461 1915 2516 1969 δέ
2541 1933 2636 1970 σου
2671 1917 2768 1970 καὶ
2793 1916 2860 1971 τὸ
2883 1915 3142 1987 δεύτερον
3167 1917 3465 1988 πρόϐλημα
3491 1933 3509 1983 ;
3551 1917 3838 1987 Δατρεύε-

2243 2023 2333 2060 ται
2371 2008 2398 2058 ὁ
2431 2008 2670 2079 Χριστὸς
2703 2010 2765 2063 ὲν
2820 2009 2887 2081 τῇ
2938 2009 3106 2062 αὑτοῦ
3144 2010 3313 2062 εἰκόνι
3337 2024 3353 2040 ⁸
3391 2009 3538 2063 ὥστε
3569 2011 3668 2064 καὶ
3693 2012 3730 2082 ἡ
3758 2011 3833 2063 el-

2245 2097 2356 2154 κὼν
2377 2099 2675 2172 λατρευτή.
2707 2101 2878 2154 Πόθεν
2905 2100 3120 2172 τοῦτοῆ
3152 2104 3302 2172 παρὰ
3332 2103 3480 2164 τίνος
3503 2101 3704 2173 μαθὼν
3752 2104 3839 2156 δο-

2243 2192 2566 2262 γματίζεις;
2595 2193 2772 2256 οὐδεὶς
2797 2193 2906 2266 γάρ
2937 2209 3027 2247 πω
3071 2193 3184 2246 τῶν
3237 2195 3412 2261 ἁγίων
3439 2195 3604 2249 τοῦτο
3657 2197 3795 2265 φαίη
3819 2213 3836 2227 ·

2244 2283 2382 2349 ἀλλ’,
2415 2285 2497 2338 ὅτι
2524 2287 2914 2357 προσκυνεῖται
2948 2287 3006 2338 ὲν
3026 2288 3092 2357 τῇ
3135 2287 3305 2341 αὑτοῦ
3355 2289 3530 2342 εἰκόνι
3571 2288 3838 2359 Χριστὸς,

2245 2377 2339 2428 καὶ
2369 2376 2722 2449 προσκυνητὴ
2761 2381 2794 2448 ἡ
2825 2377 3020 2443 εἰκὼν,
3054 2375 3266 2433 εἴτόῦν
3293 2380 3586 2451 τιμητικὴ.
3615 2379 3722 2432 εἴτ’
3745 2373 3840 2432 οὖν

2246 2467 2484 2536 σεὸαστή
2511 2485 2526 2500 ·
2558 2469 2847 2541 ἀμφότερα
2882 2470 2995 2543 γὰρ
3023 2472 3104 2535 είς
3132 2472 3326 2525 ταυτὸν
3353 2473 3510 2544 φέρει
3539 2471 3639 2526 τὸν
3670 2470 3800 2525 νοῦν
3819 2488 3840 2502 ·

2245 2561 2340 2614 καὶ
2363 2561 2590 2626 εἰκότως
2609 2577 2623 2591 ⁸
2651 2563 2841 2633 ἐπειδὴ
2874 2565 2907 2632 ἡ
2943 2563 3193 2634 λατρεία.
3224 2564 3413 2635 ὥσπερ
3435 2564 3530 2617 καὶ
3561 2565 3597 2633 ἠ
3629 2562 3836 2626 πίστις,

2243 2656 2310 2721 τῇ
2347 2653 2482 2726 ἁγία
2521 2655 2714 2726 Τριάδι
2771 2656 2908 2727 μόνῃ
2948 2656 3318 2727 ἀναφέρεται.
3365 2658 3432 2710 τὰ
3461 2657 3506 2710 δ»
3539 2657 3684 2713 ἄλλα
3727 2661 3842 2720 τοῖς

2245 2745 2448 2810 ἄλλοις,
2486 2748 2553 2818 τῇ
2589 2747 2780 2819 Μητρὶ
2807 2747 2902 2800 τοῦ
2933 2747 3091 2811 θεοῦ,
3141 2748 3219 2819 τῷ
3260 2751 3402 2820 ἁγίῳ
3435 2749 3688 2821 σταυρῷ,
3728 2753 3843 2814 tot;

2244 2835 2443 2903 ἁγίοις,
2477 2839 2542 2908 τῇ
2572 2840 2743 2909 σεπτῇ
2777 2839 2948 2892 εἰκόνι
2980 2840 3240 2911 Χριστοῦ,
3272 2842 3370 2895 καὶ⁸
3396 2843 3606 2904 πάσαις
3643 2842 3843 2904 ἄλλαις

2247 2929 2566 2996 ἁγιωτικαῖς
2604 2931 2779 2984 εἰκόσι
2801 2946 2818 2963 °
2843 2932 2939 2986 καὶ
2990 2931 3244 2986 τοσοῦτον
3275 2935 3402 2987 ὅσον
3454 2935 3728 3003 ὑπερέχει
3774 2934 3843 2986 τὰ

2248 3019 2588 3089 πρωτὸτυπα
2631 3022 2743 3075 τῶν
2787 3024 2930 3078 κατὰ
2975 3025 3148 3077 ταῦτα
3203 3026 3581 3094 παραγώγων.
3627 3027 3697 3080 El
3749 3022 3843 3080 οῦν

563 3115 684 3162 stus
716 3124 731 3160 :
760 3121 884 3162 cum
914 3105 1206 3160 Trinitatis
1233 3106 1513 3176 proprium
1545 3110 1617 3162 sit
1647 3107 1802 3161 latria
1833 3109 1961 3171 col-it,
1985 3109 2140 3162 Iatria

2245 3111 2590 3180 λατρεύεται,
2613 3113 2690 3176 ὡς
2723 3115 2851 3184 φὴς,
2881 3115 2942 3168 ἐν
2984 3118 3052 3186 τῇ
3099 3119 3272 3170 είκὸνι
3320 3118 3564 3187 Χριστός
3588 3133 3602 3148 ⁸
3641 3119 3842 3188 ἐπειδὴ

564 3199 732 3254 simul
761 3199 964 3254 colitur
1005 3199 1060 3252 in
1096 3197 1334 3268 imagine
1361 3207 1416 3252 et
1445 3198 1605 3254 Pater
1627 3209 1680 3254 et
1713 3200 1972 3270 Spiritus.
2001 3200 2142 3267 Quid

564 3302 748 3346 autem
777 3290 904 3346 inde
939 3291 1271 3346 coniicitur?
1299 3291 1364 3346 Et
1394 3290 1608 3346 Patrem
1634 3301 1688 3348 et
1719 3292 1980 3361 Spiritum
2022 3310 2144 3350 car-

563 3398 689 3437 nem
719 3383 965 3438 induisse
989 3401 1002 3437 :
1023 3397 1132 3452 quo
1159 3383 1388 3452 quidem
1417 3384 1643 3454 impium
1675 3385 1848 3456 magis
1879 3387 1982 3442 dici
2013 3387 2146 3457 quid

564 3476 789 3546 possit?
819 3475 882 3528 Et
905 3490 1098 3530 rursus
1128 3494 1142 3530 :
1177 3475 1472 3540 Quoniam,
1513 3485 1574 3531 ut
1598 3477 1703 3544 ais,
1761 3479 1914 3532 Iatria
1956 3479 2144 3536 itidem

563 3567 795 3623 colenda
829 3577 911 3623 est
939 3569 1117 3638 imago
1134 3567 1338 3624 Christi
1361 3587 1374 3634 ;
1392 3584 1735 3640 consequens
1756 3581 1840 3626 est
1865 3582 1924 3626 ut
1950 3572 2144 3628 Tetra-

564 3659 678 3713 dita
725 3658 1154 3729 deprehendaris
1184 3698 1201 3725 ,
1256 3661 1416 3715 latria
1462 3661 1649 3718 colens
1703 3679 1828 3718 cum
1876 3663 2146 3722 Trinitate

565 3752 860 3823 imaginem
883 3753 1114 3808 Christi.
1155 3751 1225 3808 At
1261 3769 1391 3809 vero
1418 3756 1464 3810 si
1493 3755 1619 3825 quis
1649 3753 1974 3814 Trinitatem
2006 3759 2144 3814 ado-

566 3858 672 3913 ret,
710 3863 924 3905 necnon
955 3857 1007 3903 et
1029 3849 1347 3918 imaginem,
1413 3865 1523 3904 non
1572 3850 1712 3905 idem
1761 3862 2022 3921 sequetur
2046 3852 2146 3908 ab-

567 3943 818 3998 surdum.
854 3941 1066 3996 Dictum
1096 3948 1181 3996 est
1212 3942 1382 4007 enim,
1414 3942 1676 3998 honorem
1699 3952 1751 3998 et
1765 3943 2142 4000 adorationem

566 4035 962 4092 communicari
995 4035 1160 4090 etiam
1195 4036 1403 4090 homini
1455 4036 1690 4106 simplici
1719 4057 1734 4092 :
1767 4054 1876 4094 non
1905 4055 2037 4095 vero
2078 4040 2144 4094 ﬁ-

566 4133 689 4186 dem
721 4141 776 4184 et
803 4130 1044 4185 latriam.
1083 4129 1558 4196 Quemadmodum
1607 4131 1754 4185 enim
1801 4131 2144 4187 solummodo

566 4225 621 4278 in
645 4223 858 4278 Patrem
882 4221 1152 4278 etFilium
1191 4231 1246 4277 et
1271 4219 1533 4291 Spiritum
1555 4232 1804 4278 sanctum
1835 4224 2140 4279 credimus:

565 4317 648 4372 sic
675 4327 731 4370 et
753 4314 972 4370 latriam
997 4315 1342 4370 exhibemus.
1385 4313 1480 4367 llis
1521 4329 1681 4369 aures
1706 4314 1955 4383 praebens
1992 4330 2142 4370 rece-

565 4410 655 4476 de,
693 4409 884 4472 frater,
924 4423 1045 4473 oro,
1093 4424 1125 4462 a
1159 4407 1473 4476 vaniloqnio
1523 4407 1751 4463 heresis
1805 4406 2136 4479 szcalicae;

565 4503 682 4558 sive
710 4499 1132 4565 Centucladicae,
1188 4515 1310 4569 quae
1358 4513 1424 4553 ex
1477 4497 1746 4554 diametro
1774 4509 1980 4570 pugnat
2014 4517 2139 4560 cum

565 4591 1006 4648 lcunomachica.
1044 4590 1139 4645 Sin
1173 4594 1380 4655 autem,
1421 4590 1564 4660 quod
1615 4591 1778 4654 absit,
1813 4593 2141 4661 perstiteris,

567 4687 709 4742 scito
737 4696 791 4741 te
817 4685 1132 4750 nobiscum,
1184 4683 1268 4738 vel
1297 4682 1477 4753 potius
1507 4699 1630 4736 cum
1663 4684 1920 4740 omnibus
1950 4687 2143 4742 ortho-

568 4780 747 4842 doxis,
776 4789 986 4849 partem
1018 4793 1124 4833 non
1152 4778 1374 4834 habere.
1397 4775 1626 4833 Nonnisi
1653 4793 1795 4848 aegre
1825 4780 1968 4836 hanc
1992 4779 2062 4836 ad
2091 4789 2144 4836 te

567 4871 854 4943 epistolam
883 4871 1107 4927 dictavi.

870 5067 1027 5124 CLII.
1069 5101 1138 5112 -
1169 5069 1438 5127 Theodoro
1469 5072 1727 5128 monacho
1756 5073 1841 5142 (')~.

2245 3205 2348 3276 τῆς
2378 3207 2680 3279 Τριάδοςτὸ
2705 3207 3092 3279 λατρεύεσθαι,
3124 3211 3550 3281 συλλατρεύεται
3571 3211 3634 3266 ἐν
3662 3216 3732 3283 τῇ
3765 3213 3843 3264 εί-

2245 3299 2362 3352 κόνι
2395 3302 2492 3353 καὶ
2517 3301 2545 3353 ὁ
2573 3299 2782 3372 Πατὴρ,
2815 3302 2910 3355 καὶ
2941 3301 3005 3355 τὺ
3035 3301 3280 3374 Πνεῦμα.
3307 3304 3422 3357 Καὶ
3451 3303 3503 3356 τί
3551 3305 3616 3356 τὺ
3645 3304 3842 3358 ἐντεῦ-

2245 3391 2339 3445 θεν
2368 3391 2765 3462 συναγόμενον;
2789 3392 2873 3458 τὸ,
2905 3393 3108 3446 καὶτὸν
3134 3393 3357 3464 Πατέρα
3388 3395 3485 3448 καὶ
3512 3394 3580 3447 τὸ
3599 3393 3834 3464 Πνεῦμα

2248 3481 2630 3552 σεσαρκῶσθαι
2655 3499 2671 3512 ·
2711 3479 2774 3536 οὗ
2800 3484 2853 3535 τί
2881 3483 2947 3536 ἂν
2976 3485 3186 3552 γένοιτο
3217 3485 3620 3556 ἀσεϐέστερονς
3653 3487 3841 3540 Ἐπει-

2244 3573 2308 3644 δὴ
2337 3574 2394 3627 δὲ
2425 3569 2582 3638 αὖθις
2626 3575 2752 3646 φὴς,
2804 3575 3087 3648 Λατρευτὴ
3135 3578 3228 3629 καὶ
3275 3578 3308 3648 ὴ
3347 3576 3587 3646 Χριστοῦ
3627 3576 3838 3630 είκών·

2247 3666 2386 3719 κατὰ
2421 3666 2480 3718 τδ
2513 3664 2830 3732 ἀκόλουθον,
2864 3667 3020 3720 οὐδὲν
3072 3667 3260 3739 ἂλλοῆ
3290 3668 3629 3739 Τετραδίτης
3672 3671 3837 3738 εὐρε-

2247 3756 2390 3828 θήσῃ
2414 3797 2427 3824 ,
2468 3757 2752 3828 λατρεύων
2801 3758 2940 3829 μετὰ
2990 3758 3092 3828 τῆς
3133 3760 3366 3830 Τριὰδος
3404 3763 3500 3814 καὶ
3536 3764 3608 3831 τῇ
3660 3762 3837 3814 εἰκόνι

2244 3847 2510 3918 Χριστοῦ.
2543 3850 2619 3903 Οὐ
2654 3849 2784 3921 μὴν,
2818 3851 2900 3904 ὅτι
2934 3850 3028 3904 καὶ
3071 3851 3469 3921 προσκυνοῦντι
3500 3855 3571 3924 τῇ
3615 3853 3837 3923 Τριάδι,

2245 3941 2433 4007 ἐπειδὴ
2463 3940 2560 3994 καὶ
2580 3944 2646 4013 τῇ
2685 3941 2878 4002 εἰκόνι,
2925 3941 2987 3994 τὸ
3018 3942 3154 3994 αὐτὸ
3189 3943 3549 4014 ἀκολουθήσει
3601 3944 3832 3998 ἄτοπον.

2245 4032 2476 4104 Εἴρηται
2516 4033 2646 4104 γὰρ.
2676 4035 2758 4087 ὅτι
2790 4035 2823 4104 ἡ
2859 4033 2994 4105 τιμὴ
3017 4037 3114 4088 καὶ
3154 4037 3188 4106 ἡ
3232 4036 3611 4107 προσκύνησις
3656 4055 3837 4091 κοινοο

2245 4124 2527 4178 ποιοῦνται
2551 4125 2710 4198 μέχρι
2740 4125 2836 4179 καὶ⁴
2863 4127 2958 4180 τοῦ
2992 4127 3247 4197 τυχόντος
3262 4127 3551 4199 ἀνθρώπου
3584 4145 3600 4158 ο
3635 4131 3698 4182 οὐ
3729 4130 3834 4200 μὴν

2245 4217 2278 4286 ἠ
2307 4217 2490 4282 πίστις
2517 4221 2612 4272 καὶ
2640 4220 2673 4290 ἡ
2706 4219 2956 4290 λατρεία.
2994 4221 3212 4290 Ὥσπερ
3235 4220 3344 4288 γὰρ
3379 4221 3724 4292 πιστεύομεν
3756 4225 3834 4285 εἰς

2244 4310 2468 4382 Πατέρα
2514 4311 2612 4364 καὶ
2637 4311 2794 4365 υΥίὸν
2837 4311 2934 4365 καὶ
2984 4313 3140 4380 ἆγιον
3182 4312 3408 4383 Πνεῦμα
3447 4313 3615 4385 μόνον
3641 4327 3658 4342 '
3691 4314 3833 4368 οῦτω

2245 4405 2341 4458 καὶ
2371 4403 2729 4475 λατρεύομεν.
2761 4404 2946 4457 Ταῦτα
2979 4404 3293 4469 ὲνωτισθεὶς
3321 4404 3591 4474 ἀπόσχου,
3613 4405 3830 4475 ἁδελφὲ,

2245 4497 2568 4568 παρακαλῶ,
2595 4498 2696 4567 τῆς
2729 4499 3068 4568 κενοφωνίας
3106 4501 3199 4553 καὶ
3230 4499 3603 4570 Τζυκαλικῆς,
3665 4501 3832 4571 ἤγουν

2243 4589 2717 4662 Κεντουκλαδικῆς
2751 4590 3036 4662 αἱρέσεως,
3071 4593 3194 4663 ἥτις
3235 4593 3302 4646 ὲκ
3336 4592 3642 4663 διαμέτρου
3697 4592 3832 4662 πρὸς

2240 4683 2339 4754 τὴν
2364 4684 2802 4755 Είκονομαχικὴν
2834 4685 3213 4755 ἀντιφέρεται.
3247 4687 3312 4738 Εἰ
3342 4686 3422 4751 δὲ,
3451 4687 3596 4757 ὅπερ
3629 4688 3707 4757 μὴ
3747 4685 3832 4754 γέ-

2241 4793 2409 4840 νοιτο,
2437 4779 2736 4848 ὲπιμενείς,
2761 4777 2998 4846 γίνωσκε
3026 4778 3193 4848 μέρος
3223 4779 3345 4846 μεθ’
3363 4779 3524 4846 ἡμῶν
3559 4778 3642 4848 μὴ
3664 4780 3826 4848 ἔχειν,

2242 4869 2445 4941 μᾶλλον
2477 4869 2534 4922 δὲ
2562 4869 2696 4939 μηδὲ
2735 4869 2874 4938 μετὰ
2906 4870 3108 4932 παντὸς
3134 4868 3441 4939 ὁρθοδὸξου.
3469 4870 3632 4922 Μετὰ
3654 4870 3817 4922 πόνου

2255 4977 2346 5030 μοι
2373 4960 2503 5031 περὶ
2525 4959 2621 5014 σοῦ
2659 4959 3016 5032 ὑπηγορεύθη
3048 4963 3080 5032 ἡ
3109 4960 3372 5032 ἐπιστολὴ
3399 4962 3562 5032 αὕτη.

2340 5073 2480 5126 ΡΝΒ
2523 5071 2657 5143 (44).
2695 5107 2765 5116 -
2815 5073 3092 5143 Θεοδώρῳ
3155 5073 3496 5144 μονάζογτι.
3539 5075 3734 5148 [χκζἏ]

569 5181 647 5235 De
678 5183 1016 5233 sacerdotibus
1041 5190 1090 5234 et
1113 5183 1330 5235 diaconis
1369 5185 1517 5248 lapsis
1538 5200 1629 5250 per
1659 5184 2080 5298 subscriptionemi
2105 5190 2158 5298 tit
2179 5182 2574 5296 coguntttnionem
2602 5183 2912 5235 haereticam:
2941 5191 2995 5235 et
3021 5187 3086 5236 de
3119 5184 3366 5236 Eccl‘esiis
3387 5199 3501 5248 quae
3533 5185 3594 5235 ab
3616 5184 3818 5235 haereti-

1959 5263 2032 5298 Cls
2085 5261 2116 5298 e
2143 5260 2225 5297 me
2263 5259 2322 5294 an
2349 5259 2426 5296 ur.

1959 5263 2032 5298 ClS
2051 5259 2378 5298 detmenamu
2384 5259 2426 5296 ι’.

639 5349 932 5422 Voluptate
979 5367 1087 5406 non
1118 5353 1368 5410 molestia
1413 5371 1503 5411 me
1537 5357 1835 5415 aﬂ‘ecerunt
1859 5371 1923 5414 ea
1939 5357 2140 5428 quibus

571 5460 660 5503 me
706 5445 1076 5516 perstrinxisti
1103 5488 1119 5513 ,
1169 5447 1256 5503 vir
1304 5451 1619 5506 reverende.
1659 5449 1778 5507 Non
1837 5451 1980 5506 cnim
2017 5463 2136 5503 sum

2327 5349 2618 5422 Ἧδύνθην,
2644 5353 2744 5408 οὐκ
2789 5353 3042 5425 ὲδάχθην,
3074 5355 3163 5424 ἐφ’
3184 5349 3268 5419 οἷς
3287 5355 3522 5426 καθήψω
3574 5375 3699 5426 μου,
3742 5374 3817 5409 τιο

2249 5444 2508 5514 μιώτατε.
2556 5446 2692 5500 Οὐδὲ
2741 5445 2848 5520 γὰρ
2905 5446 3080 5512 οὕτως
3106 5447 3469 5521 ἁνουθέτητός
3500 5449 3636 5519 εἰμι,
3659 5448 3733 5513 ὡς
3759 5449 3813 5500 ὲν

2071 5653 2296 5712 NOT/E.

641 5813 705 5880 (Ἴ
729 5809 1061 5882 Dogmatica.

2327 5809 2439 5883 (ti)
2469 5809 2528 5866 In
2559 5809 2683 5867 cod.
2716 5809 2850 5882 Reg.
2877 5810 2994 5884 ps".
