  <div class='ocr_page' id='page_1' title='image "/cluster/home/n/w/nwhite01/storage/ocr_20150623/99/hvd.32044024464356/744.png"; bbox 0 0 4060 6374; ppageno 0'>
   <div class='ocr_carea' id='block_1_1' title="bbox 217 359 1822 437">
    <p class='ocr_par' dir='ltr' id='par_1_1' title="bbox 217 369 1822 437">
     <span class='ocr_line' id='line_1_1' title="bbox 217 369 1822 437; baseline -0.001 -3"><span class='ocrx_word' id='word_1_1' title='bbox 217 369 358 437; x_wconf 68' lang='grc'><strong>1473</strong></span> <span class='ocrx_word' id='word_1_2' title='bbox 1413 373 1822 434; x_wconf 73' lang='lat' dir='ltr'><strong>EPISTOLAE</strong></span> 
     </span>
    </p>
   </div>
   <div class='ocr_carea' id='block_1_2' title="bbox 1923 359 3482 437">
    <p class='ocr_par' dir='ltr' id='par_1_2' title="bbox 1923 359 3482 435">
     <span class='ocr_line' id='line_1_2' title="bbox 1923 359 3482 435; baseline -0.004 -3"><span class='ocrx_word' id='word_1_3' title='bbox 1923 375 1954 434; x_wconf 70' lang='lat' dir='ltr'><strong>l1</strong></span> <span class='ocrx_word' id='word_1_4' title='bbox 2010 373 2159 435; x_wconf 87' lang='lat' dir='ltr'><strong>LIB.</strong></span> <span class='ocrx_word' id='word_1_5' title='bbox 2201 372 2292 433; x_wconf 86' lang='lat' dir='ltr'><strong>II.</strong></span> <span class='ocrx_word' id='word_1_6' title='bbox 3345 359 3482 426; x_wconf 66' lang='grc'><strong>1474</strong></span> 
     </span>
    </p>
   </div>
   <div class='ocr_carea' id='block_1_3' title="bbox 214 477 1822 554">
    <p class='ocr_par' dir='ltr' id='par_1_3' title="bbox 214 482 1797 554">
     <span class='ocr_line' id='line_1_3' title="bbox 214 482 1797 554; baseline -0.004 -12"><span class='ocrx_word' id='word_1_7' title='bbox 214 491 339 550; x_wconf 79' lang='grc' dir='ltr'>ταῖς</span> <span class='ocrx_word' id='word_1_8' title='bbox 371 485 743 554; x_wconf 81' lang='grc' dir='ltr'>ἀγαπητικαῖς</span> <span class='ocrx_word' id='word_1_9' title='bbox 807 483 1176 553; x_wconf 78' lang='grc' dir='ltr'>ὑποκρούσεσι</span> <span class='ocrx_word' id='word_1_10' title='bbox 1217 482 1620 554; x_wconf 79' lang='grc' dir='ltr'><strong>δυσχεραίνειν.</strong></span> <span class='ocrx_word' id='word_1_11' title='bbox 1653 483 1797 537; x_wconf 88' lang='grc' dir='ltr'>Εἰδέ</span> 
     </span>
    </p>
   </div>
   <div class='ocr_carea' id='block_1_4' title="bbox 1923 477 3484 554">
    <p class='ocr_par' dir='ltr' id='par_1_4' title="bbox 1923 477 3484 550">
     <span class='ocr_line' id='line_1_4' title="bbox 1923 477 3484 550; baseline -0.005 -12"><span class='ocrx_word' id='word_1_12' title='bbox 1923 484 2041 538; x_wconf 79' lang='lat' dir='ltr'><strong>ideo</strong></span> <span class='ocrx_word' id='word_1_13' title='bbox 2081 481 2356 542; x_wconf 86' lang='lat' dir='ltr'><strong>indocilis,</strong></span> <span class='ocrx_word' id='word_1_14' title='bbox 2411 489 2467 533; x_wconf 91' lang='lat' dir='ltr'><strong>nt</strong></span> <span class='ocrx_word' id='word_1_15' title='bbox 2521 477 2729 534; x_wconf 88' lang='lat' dir='ltr'><strong>amicas</strong></span> <span class='ocrx_word' id='word_1_16' title='bbox 2794 479 3207 550; x_wconf 83' lang='lat' dir='ltr'><strong>objurgationes</strong></span> <span class='ocrx_word' id='word_1_17' title='bbox 3245 479 3484 547; x_wconf 77' lang='lat' dir='ltr'><strong>graviter</strong></span> 
     </span>
    </p>
   </div>
   <div class='ocr_carea' id='block_1_5' title="bbox 218 573 1802 650">
    <p class='ocr_par' dir='ltr' id='par_1_5' title="bbox 218 573 1802 650">
     <span class='ocr_line' id='line_1_5' title="bbox 218 573 1802 650; baseline -0.004 -15"><span class='ocrx_word' id='word_1_18' title='bbox 218 579 476 650; x_wconf 83' lang='grc' dir='ltr'>ἐδάχθην,</span> <span class='ocrx_word' id='word_1_19' title='bbox 507 576 568 630; x_wconf 84' lang='grc' dir='ltr'><strong>οὐ</strong></span> <span class='ocrx_word' id='word_1_20' title='bbox 597 577 685 630; x_wconf 75' lang='grc' dir='ltr'><strong>διὰ</strong></span> <span class='ocrx_word' id='word_1_21' title='bbox 715 576 816 646; x_wconf 84' lang='grc' dir='ltr'>τὴν</span> <span class='ocrx_word' id='word_1_22' title='bbox 869 576 1197 646; x_wconf 84' lang='grc' dir='ltr'>ὑπόμνησιν.</span> <span class='ocrx_word' id='word_1_23' title='bbox 1227 575 1364 628; x_wconf 78' lang='grc' dir='ltr'>ἀλλὰ</span> <span class='ocrx_word' id='word_1_24' title='bbox 1409 574 1497 628; x_wconf 79' lang='grc' dir='ltr'><strong>διὰ</strong></span> <span class='ocrx_word' id='word_1_25' title='bbox 1541 574 1640 645; x_wconf 84' lang='grc' dir='ltr'><strong>τὴν</strong></span> <span class='ocrx_word' id='word_1_26' title='bbox 1671 573 1802 628; x_wconf 84' lang='grc' dir='ltr'>ἐκά-</span> 
     </span>
    </p>
   </div>
   <div class='ocr_carea' id='block_1_6' title="bbox 219 660 1800 739">
    <p class='ocr_par' dir='ltr' id='par_1_6' title="bbox 219 660 1800 739">
     <span class='ocr_line' id='line_1_6' title="bbox 219 660 1800 739; baseline -0.002 -14"><span class='ocrx_word' id='word_1_27' title='bbox 219 689 351 725; x_wconf 83' lang='grc' dir='ltr'><strong>στου</strong></span> <span class='ocrx_word' id='word_1_28' title='bbox 379 669 593 739; x_wconf 81' lang='grc' dir='ltr'>αῐρεσιν</span> <span class='ocrx_word' id='word_1_29' title='bbox 613 683 628 698; x_wconf 79' lang='grc'><strong><em>⁸</em></strong></span> <span class='ocrx_word' id='word_1_30' title='bbox 664 667 725 734; x_wconf 78' lang='grc' dir='ltr'><strong>ἐξ</strong></span> <span class='ocrx_word' id='word_1_31' title='bbox 757 660 823 738; x_wconf 86' lang='grc' dir='ltr'>ἦς</span> <span class='ocrx_word' id='word_1_32' title='bbox 854 666 1122 737; x_wconf 78' lang='grc' dir='ltr'><strong>τέτμηται</strong></span> <span class='ocrx_word' id='word_1_33' title='bbox 1151 665 1211 718; x_wconf 86' lang='grc' dir='ltr'>τὸ</span> <span class='ocrx_word' id='word_1_34' title='bbox 1239 667 1398 736; x_wconf 84' lang='grc' dir='ltr'>σῶμα</span> <span class='ocrx_word' id='word_1_35' title='bbox 1425 666 1524 720; x_wconf 76' lang='grc' dir='ltr'>τοῦ</span> <span class='ocrx_word' id='word_1_36' title='bbox 1558 667 1800 739; x_wconf 79' lang='grc' dir='ltr'><strong>Χριστοῦ</strong></span> 
     </span>
    </p>
   </div>
   <div class='ocr_carea' id='block_1_7' title="bbox 223 752 1804 829">
    <p class='ocr_par' dir='ltr' id='par_1_7' title="bbox 223 752 1804 829">
     <span class='ocr_line' id='line_1_7' title="bbox 223 752 1804 829; baseline 0 -18"><span class='ocrx_word' id='word_1_37' title='bbox 223 762 306 822; x_wconf 85' lang='grc' dir='ltr'><strong>είς</strong></span> <span class='ocrx_word' id='word_1_38' title='bbox 331 757 529 829; x_wconf 89' lang='grc' dir='ltr'>μυρίας</span> <span class='ocrx_word' id='word_1_39' title='bbox 569 755 728 822; x_wconf 78' lang='grc' dir='ltr'>δόξας</span> <span class='ocrx_word' id='word_1_40' title='bbox 779 754 1180 825; x_wconf 72' lang='grc' dir='ltr'>διαιρούμενον.</span> <span class='ocrx_word' id='word_1_41' title='bbox 1230 752 1373 824; x_wconf 86' lang='grc' dir='ltr'><strong>Ἐγὼ</strong></span> <span class='ocrx_word' id='word_1_42' title='bbox 1415 756 1594 809; x_wconf 77' lang='grc' dir='ltr'>τοίνυν</span> <span class='ocrx_word' id='word_1_43' title='bbox 1628 756 1714 810; x_wconf 82' lang='grc' dir='ltr'><strong>ἵνα</strong></span> <span class='ocrx_word' id='word_1_44' title='bbox 1737 757 1804 812; x_wconf 86' lang='grc' dir='ltr'><strong>ἐκ</strong></span> 
     </span>
    </p>
   </div>
   <div class='ocr_carea' id='block_1_8' title="bbox 221 846 1803 920">
    <p class='ocr_par' dir='ltr' id='par_1_8' title="bbox 221 846 1803 920">
     <span class='ocr_line' id='line_1_8' title="bbox 221 846 1803 920; baseline 0 -18"><span class='ocrx_word' id='word_1_45' title='bbox 221 849 474 920; x_wconf 78' lang='grc' dir='ltr'>βαλϐίδος</span> <span class='ocrx_word' id='word_1_46' title='bbox 504 848 880 918; x_wconf 84' lang='grc' dir='ltr'>ἀφηγησωμαι</span> <span class='ocrx_word' id='word_1_47' title='bbox 924 846 1024 915; x_wconf 86' lang='grc' dir='ltr'>(δεῖ</span> <span class='ocrx_word' id='word_1_48' title='bbox 1071 846 1178 914; x_wconf 83' lang='grc' dir='ltr'><strong>γάρ</strong></span> <span class='ocrx_word' id='word_1_49' title='bbox 1238 863 1304 916; x_wconf 83' lang='grc' dir='ltr'><strong>με</strong></span> <span class='ocrx_word' id='word_1_50' title='bbox 1355 847 1803 919; x_wconf 84' lang='grc' dir='ltr'>ἀπολογήσασθαι</span> 
     </span>
    </p>
   </div>
   <div class='ocr_carea' id='block_1_9' title="bbox 220 937 1806 1014">
    <p class='ocr_par' dir='ltr' id='par_1_9' title="bbox 220 937 1806 1014">
     <span class='ocr_line' id='line_1_9' title="bbox 220 937 1806 1014; baseline -0.003 -17"><span class='ocrx_word' id='word_1_51' title='bbox 220 941 612 1014; x_wconf 83' lang='grc' dir='ltr'>ἐγκληθέντα),</span> <span class='ocrx_word' id='word_1_52' title='bbox 653 940 772 1003; x_wconf 76' lang='grc' dir='ltr'>δοὺς</span> <span class='ocrx_word' id='word_1_53' title='bbox 797 938 1076 1008; x_wconf 83' lang='grc' dir='ltr'>ἐπιτίμιον</span> <span class='ocrx_word' id='word_1_54' title='bbox 1126 937 1674 1008; x_wconf 77' lang='grc' dir='ltr'><strong>καταναγκαζόμενος</strong></span> <span class='ocrx_word' id='word_1_55' title='bbox 1698 938 1806 992; x_wconf 79' lang='grc' dir='ltr'>ἀπὸ</span> 
     </span>
    </p>
   </div>
   <div class='ocr_carea' id='block_1_10' title="bbox 221 1029 1806 1106">
    <p class='ocr_par' dir='ltr' id='par_1_10' title="bbox 221 1029 1806 1106">
     <span class='ocr_line' id='line_1_10' title="bbox 221 1029 1806 1106; baseline -0.004 -17"><span class='ocrx_word' id='word_1_56' title='bbox 221 1033 451 1106; x_wconf 80' lang='grc' dir='ltr'><strong>πρώτης</strong></span> <span class='ocrx_word' id='word_1_57' title='bbox 483 1034 714 1104; x_wconf 62' lang='grc' dir='ltr'>ἡμέρας,</span> <span class='ocrx_word' id='word_1_58' title='bbox 749 1034 842 1086; x_wconf 82' lang='grc' dir='ltr'><strong>καὶ</strong></span> <span class='ocrx_word' id='word_1_59' title='bbox 885 1030 1043 1084; x_wconf 83' lang='grc' dir='ltr'>τοῦτο</span> <span class='ocrx_word' id='word_1_60' title='bbox 1088 1029 1196 1084; x_wconf 82' lang='grc' dir='ltr'><strong>ἀπὸ</strong></span> <span class='ocrx_word' id='word_1_61' title='bbox 1239 1029 1486 1098; x_wconf 80' lang='grc' dir='ltr'><strong>φυλακῆς</strong></span> <span class='ocrx_word' id='word_1_62' title='bbox 1508 1029 1595 1084; x_wconf 75' lang='grc' dir='ltr'>διὰ</span> <span class='ocrx_word' id='word_1_63' title='bbox 1623 1046 1806 1101; x_wconf 87' lang='grc' dir='ltr'>γραμ-</span> 
     </span>
    </p>
   </div>
   <div class='ocr_carea' id='block_1_11' title="bbox 224 1119 1806 1196">
    <p class='ocr_par' dir='ltr' id='par_1_11' title="bbox 224 1119 1806 1196">
     <span class='ocr_line' id='line_1_11' title="bbox 224 1119 1806 1196; baseline -0.005 -17"><span class='ocrx_word' id='word_1_64' title='bbox 224 1127 448 1196; x_wconf 85' lang='grc' dir='ltr'><strong>μάτων⁹</strong></span> <span class='ocrx_word' id='word_1_65' title='bbox 483 1125 566 1177; x_wconf 84' lang='grc' dir='ltr'>ὅτι</span> <span class='ocrx_word' id='word_1_66' title='bbox 617 1124 713 1175; x_wconf 76' lang='grc' dir='ltr'>καὶ</span> <span class='ocrx_word' id='word_1_67' title='bbox 763 1121 850 1174; x_wconf 74' lang='grc' dir='ltr'><strong>διὰ</strong></span> <span class='ocrx_word' id='word_1_68' title='bbox 897 1121 1223 1191; x_wconf 81' lang='grc' dir='ltr'><strong>γράμματος</strong></span> <span class='ocrx_word' id='word_1_69' title='bbox 1255 1119 1290 1190; x_wconf 81' lang='grc' dir='ltr'>ἡ</span> <span class='ocrx_word' id='word_1_70' title='bbox 1329 1119 1609 1190; x_wconf 80' lang='grc' dir='ltr'><strong>ἐξαίτησις</strong></span> <span class='ocrx_word' id='word_1_71' title='bbox 1641 1136 1806 1189; x_wconf 90' lang='grc' dir='ltr'>μονα-</span> 
     </span>
    </p>
   </div>
   <div class='ocr_carea' id='block_1_12' title="bbox 223 1211 1810 1285">
    <p class='ocr_par' dir='ltr' id='par_1_12' title="bbox 223 1211 1810 1285">
     <span class='ocr_line' id='line_1_12' title="bbox 223 1211 1810 1285; baseline -0.006 -11"><span class='ocrx_word' id='word_1_72' title='bbox 223 1218 427 1282; x_wconf 78' lang='grc' dir='ltr'>ζόντων</span> <span class='ocrx_word' id='word_1_73' title='bbox 458 1234 518 1269; x_wconf 85' lang='grc' dir='ltr'><strong>τε</strong></span> <span class='ocrx_word' id='word_1_74' title='bbox 549 1215 641 1270; x_wconf 71' lang='grc' dir='ltr'><strong>καὶ</strong></span> <span class='ocrx_word' id='word_1_75' title='bbox 683 1214 995 1285; x_wconf 77' lang='grc' dir='ltr'><strong>ἱερωμένων</strong></span> <span class='ocrx_word' id='word_1_76' title='bbox 1018 1230 1030 1242; x_wconf 83' lang='lat'><strong><em>°</em></strong></span> <span class='ocrx_word' id='word_1_77' title='bbox 1069 1211 1226 1266; x_wconf 79' lang='grc' dir='ltr'>τοῦτο</span> <span class='ocrx_word' id='word_1_78' title='bbox 1246 1211 1552 1284; x_wconf 76' lang='grc' dir='ltr'>ἀπεκρίθην</span> <span class='ocrx_word' id='word_1_79' title='bbox 1585 1212 1661 1276; x_wconf 88' lang='grc' dir='ltr'><strong>ώς</strong></span> <span class='ocrx_word' id='word_1_80' title='bbox 1708 1213 1810 1283; x_wconf 79' lang='grc' dir='ltr'><strong>οὐχ</strong></span> 
     </span>
    </p>
   </div>
   <div class='ocr_carea' id='block_1_13' title="bbox 225 1303 1813 1382">
    <p class='ocr_par' dir='ltr' id='par_1_13' title="bbox 225 1303 1813 1382">
     <span class='ocr_line' id='line_1_13' title="bbox 225 1303 1813 1382; baseline -0.005 -18"><span class='ocrx_word' id='word_1_81' title='bbox 225 1309 544 1382; x_wconf 85' lang='grc' dir='ltr'>ὁριστικῶς,</span> <span class='ocrx_word' id='word_1_82' title='bbox 573 1306 710 1360; x_wconf 79' lang='grc' dir='ltr'>ἀλλὰ</span> <span class='ocrx_word' id='word_1_83' title='bbox 745 1305 1225 1376; x_wconf 79' lang='grc' dir='ltr'>συμϐουλευτικῶς</span> <span class='ocrx_word' id='word_1_84' title='bbox 1264 1303 1400 1375; x_wconf 83' lang='grc' dir='ltr'>πρὸς</span> <span class='ocrx_word' id='word_1_85' title='bbox 1445 1303 1580 1374; x_wconf 79' lang='grc' dir='ltr'>ἐμοῦ</span> <span class='ocrx_word' id='word_1_86' title='bbox 1609 1303 1670 1356; x_wconf 85' lang='grc' dir='ltr'><strong>τὸ</strong></span> <span class='ocrx_word' id='word_1_87' title='bbox 1693 1305 1813 1356; x_wconf 78' lang='grc' dir='ltr'>ἐπι-</span> 
     </span>
    </p>
   </div>
   <div class='ocr_carea' id='block_1_14' title="bbox 225 1391 1808 1470">
    <p class='ocr_par' dir='ltr' id='par_1_14' title="bbox 225 1391 1808 1470">
     <span class='ocr_line' id='line_1_14' title="bbox 225 1391 1808 1470; baseline -0.004 -18"><span class='ocrx_word' id='word_1_88' title='bbox 225 1399 430 1470; x_wconf 86' lang='grc' dir='ltr'>τίμιον.</span> <span class='ocrx_word' id='word_1_89' title='bbox 465 1396 566 1450; x_wconf 86' lang='grc' dir='ltr'>Διά</span> <span class='ocrx_word' id='word_1_90' title='bbox 599 1394 690 1459; x_wconf 60' lang='lat' dir='ltr'><strong>si;</strong></span> <span class='ocrx_word' id='word_1_91' title='bbox 722 1395 805 1448; x_wconf 84' lang='grc' dir='ltr'>ὅτι</span> <span class='ocrx_word' id='word_1_92' title='bbox 829 1395 929 1464; x_wconf 85' lang='grc' dir='ltr'><strong>οὐχ</strong></span> <span class='ocrx_word' id='word_1_93' title='bbox 982 1394 1244 1466; x_wconf 86' lang='grc' dir='ltr'>ἱεράρχης</span> <span class='ocrx_word' id='word_1_94' title='bbox 1297 1391 1428 1462; x_wconf 87' lang='grc' dir='ltr'>ἐγὼ,</span> <span class='ocrx_word' id='word_1_95' title='bbox 1467 1392 1582 1446; x_wconf 86' lang='grc' dir='ltr'>ἀλλ’</span> <span class='ocrx_word' id='word_1_96' title='bbox 1609 1392 1808 1458; x_wconf 73' lang='grc' dir='ltr'>ἱερεὺς,</span> 
     </span>
    </p>
   </div>
   <div class='ocr_carea' id='block_1_15' title="bbox 226 1486 1810 1561">
    <p class='ocr_par' dir='ltr' id='par_1_15' title="bbox 226 1486 1810 1561">
     <span class='ocr_line' id='line_1_15' title="bbox 226 1486 1810 1561; baseline -0.001 -18"><span class='ocrx_word' id='word_1_97' title='bbox 226 1492 368 1561; x_wconf 72' lang='grc' dir='ltr'>πρὸς</span> <span class='ocrx_word' id='word_1_98' title='bbox 405 1488 502 1559; x_wconf 81' lang='grc' dir='ltr'>μὲν</span> <span class='ocrx_word' id='word_1_99' title='bbox 552 1488 681 1551; x_wconf 71' lang='grc' dir='ltr'>τοὺς</span> <span class='ocrx_word' id='word_1_100' title='bbox 725 1487 961 1550; x_wconf 74' lang='grc' dir='ltr'><strong>οἰκείους</strong></span> <span class='ocrx_word' id='word_1_101' title='bbox 1001 1487 1250 1559; x_wconf 75' lang='grc' dir='ltr'>μαθητάς</span> <span class='ocrx_word' id='word_1_102' title='bbox 1291 1486 1620 1550; x_wconf 86' lang='grc' dir='ltr'>νουθετικῶς</span> <span class='ocrx_word' id='word_1_103' title='bbox 1648 1486 1810 1559; x_wconf 82' lang='lat' dir='ltr'><strong>[Reg.</strong></span> 
     </span>
    </p>
   </div>
   <div class='ocr_carea' id='block_1_16' title="bbox 228 1577 1814 1650">
    <p class='ocr_par' dir='ltr' id='par_1_16' title="bbox 228 1577 1814 1650">
     <span class='ocr_line' id='line_1_16' title="bbox 228 1577 1814 1650; baseline -0.003 -14"><span class='ocrx_word' id='word_1_104' title='bbox 228 1582 357 1636; x_wconf 75' lang='lat' dir='ltr'><strong>rod.</strong></span> <span class='ocrx_word' id='word_1_105' title='bbox 415 1577 810 1650; x_wconf 86' lang='grc' dir='ltr'>νομοθετικῶς]</span> <span class='ocrx_word' id='word_1_106' title='bbox 849 1581 1118 1650; x_wconf 83' lang='grc' dir='ltr'><strong>ἀγόμενος</strong></span> <span class='ocrx_word' id='word_1_107' title='bbox 1141 1595 1157 1611; x_wconf 84' lang='grc'>⁶</span> <span class='ocrx_word' id='word_1_108' title='bbox 1195 1579 1331 1650; x_wconf 81' lang='grc' dir='ltr'>πρὸς</span> <span class='ocrx_word' id='word_1_109' title='bbox 1362 1580 1416 1634; x_wconf 83' lang='grc' dir='ltr'>δὲ</span> <span class='ocrx_word' id='word_1_110' title='bbox 1469 1579 1663 1644; x_wconf 84' lang='grc' dir='ltr'>ἄλλους</span> <span class='ocrx_word' id='word_1_111' title='bbox 1716 1581 1814 1650; x_wconf 81' lang='grc' dir='ltr'>οὐχ</span> 
     </span>
    </p>
   </div>
   <div class='ocr_carea' id='block_1_17' title="bbox 224 1669 1815 1740">
    <p class='ocr_par' dir='ltr' id='par_1_17' title="bbox 224 1669 1815 1740">
     <span class='ocr_line' id='line_1_17' title="bbox 224 1669 1815 1740; baseline -0.002 -15"><span class='ocrx_word' id='word_1_112' title='bbox 224 1671 401 1735; x_wconf 72' lang='grc' dir='ltr'>οὕτως</span> <span class='ocrx_word' id='word_1_113' title='bbox 431 1686 456 1720; x_wconf 75' lang='grc' dir='ltr'><strong>ο.</strong></span> <span class='ocrx_word' id='word_1_114' title='bbox 483 1670 599 1723; x_wconf 90' lang='grc' dir='ltr'>ἁλλ’</span> <span class='ocrx_word' id='word_1_115' title='bbox 625 1670 701 1733; x_wconf 88' lang='grc' dir='ltr'><strong>ώς</strong></span> <span class='ocrx_word' id='word_1_116' title='bbox 739 1669 976 1740; x_wconf 73' lang='grc' dir='ltr'>εἴρηται,</span> <span class='ocrx_word' id='word_1_117' title='bbox 1019 1669 1348 1739; x_wconf 79' lang='grc' dir='ltr'>ἀναθέμενος</span> <span class='ocrx_word' id='word_1_118' title='bbox 1397 1669 1489 1722; x_wconf 79' lang='grc' dir='ltr'>τὸν</span> <span class='ocrx_word' id='word_1_119' title='bbox 1535 1669 1690 1738; x_wconf 84' lang='grc' dir='ltr'>λόγον</span> <span class='ocrx_word' id='word_1_120' title='bbox 1719 1669 1815 1722; x_wconf 82' lang='grc' dir='ltr'>αὐ·-</span> 
     </span>
    </p>
   </div>
   <div class='ocr_carea' id='block_1_18' title="bbox 230 1759 1812 1833">
    <p class='ocr_par' dir='ltr' id='par_1_18' title="bbox 230 1759 1812 1833">
     <span class='ocr_line' id='line_1_18' title="bbox 230 1759 1812 1833; baseline -0.002 -17"><span class='ocrx_word' id='word_1_121' title='bbox 230 1764 346 1820; x_wconf 81' lang='grc' dir='ltr'>τοῖς</span> <span class='ocrx_word' id='word_1_122' title='bbox 375 1763 480 1823; x_wconf 82' lang='grc' dir='ltr'>ἓως</span> <span class='ocrx_word' id='word_1_123' title='bbox 512 1759 704 1832; x_wconf 80' lang='grc' dir='ltr'>καιροῦ</span> <span class='ocrx_word' id='word_1_124' title='bbox 729 1761 973 1831; x_wconf 81' lang='grc' dir='ltr'><strong>εἰρήνης,</strong></span> <span class='ocrx_word' id='word_1_125' title='bbox 1011 1761 1108 1815; x_wconf 77' lang='grc' dir='ltr'>καὶ</span> <span class='ocrx_word' id='word_1_126' title='bbox 1133 1761 1437 1832; x_wconf 76' lang='grc' dir='ltr'>τηνικαῦτα</span> <span class='ocrx_word' id='word_1_127' title='bbox 1481 1763 1618 1833; x_wconf 84' lang='grc' dir='ltr'>ὅπερ</span> <span class='ocrx_word' id='word_1_128' title='bbox 1647 1761 1812 1832; x_wconf 67' lang='grc' dir='ltr'>διοριιι</span> 
     </span>
    </p>
   </div>
   <div class='ocr_carea' id='block_1_19' title="bbox 1903 569 3486 642">
    <p class='ocr_par' dir='ltr' id='par_1_19' title="bbox 1903 569 3486 642">
     <span class='ocr_line' id='line_1_19' title="bbox 1903 569 3486 642; baseline -0.006 -11"><span class='ocrx_word' id='word_1_129' title='bbox 1903 574 2103 631; x_wconf 82' lang='lat' dir='ltr'><strong>feram.</strong></span> <span class='ocrx_word' id='word_1_130' title='bbox 2138 573 2297 639; x_wconf 83' lang='lat' dir='ltr'><strong>Quod</strong></span> <span class='ocrx_word' id='word_1_131' title='bbox 2346 571 2391 627; x_wconf 90' lang='lat' dir='ltr'><strong>si</strong></span> <span class='ocrx_word' id='word_1_132' title='bbox 2437 587 2543 642; x_wconf 86' lang='lat' dir='ltr'><strong>qua</strong></span> <span class='ocrx_word' id='word_1_133' title='bbox 2574 570 2825 625; x_wconf 76' lang='lat' dir='ltr'><strong>molestia</strong></span> <span class='ocrx_word' id='word_1_134' title='bbox 2873 569 2998 635; x_wconf 85' lang='lat' dir='ltr'><strong>fuit,</strong></span> <span class='ocrx_word' id='word_1_135' title='bbox 3051 584 3116 624; x_wconf 87' lang='lat' dir='ltr'><strong>ea</strong></span> <span class='ocrx_word' id='word_1_136' title='bbox 3156 584 3264 624; x_wconf 92' lang='lat' dir='ltr'><strong>non</strong></span> <span class='ocrx_word' id='word_1_137' title='bbox 3300 570 3486 639; x_wconf 88' lang='lat' dir='ltr'><strong>utique</strong></span> 
     </span>
    </p>
   </div>
   <div class='ocr_carea' id='block_1_20' title="bbox 1905 662 3482 733">
    <p class='ocr_par' dir='ltr' id='par_1_20' title="bbox 1905 662 3482 733">
     <span class='ocr_line' id='line_1_20' title="bbox 1905 662 3482 733; baseline -0.006 -10"><span class='ocrx_word' id='word_1_138' title='bbox 1905 668 1977 723; x_wconf 89' lang='lat' dir='ltr'><strong>ob</strong></span> <span class='ocrx_word' id='word_1_139' title='bbox 2001 664 2508 730; x_wconf 74' lang='lat' dir='ltr'><strong>commonitionem,</strong></span> <span class='ocrx_word' id='word_1_140' title='bbox 2541 663 2636 720; x_wconf 83' lang='lat' dir='ltr'><strong>sed</strong></span> <span class='ocrx_word' id='word_1_141' title='bbox 2668 663 2738 718; x_wconf 92' lang='lat' dir='ltr'><strong>ob</strong></span> <span class='ocrx_word' id='word_1_142' title='bbox 2771 662 3039 733; x_wconf 81' lang='lat' dir='ltr'><strong>cujusque</strong></span> <span class='ocrx_word' id='word_1_143' title='bbox 3069 662 3341 726; x_wconf 68' lang='lat' dir='ltr'><strong>haeresim,</strong></span> <span class='ocrx_word' id='word_1_144' title='bbox 3377 677 3482 731; x_wconf 89' lang='lat' dir='ltr'><strong>qua</strong></span> 
     </span>
    </p>
   </div>
   <div class='ocr_carea' id='block_1_21' title="bbox 1905 751 3486 826">
    <p class='ocr_par' dir='ltr' id='par_1_21' title="bbox 1905 751 3486 826">
     <span class='ocr_line' id='line_1_21' title="bbox 1905 751 3486 826; baseline -0.008 -10"><span class='ocrx_word' id='word_1_145' title='bbox 1905 758 2107 816; x_wconf 88' lang='lat' dir='ltr'><strong>Christi</strong></span> <span class='ocrx_word' id='word_1_146' title='bbox 2133 770 2336 826; x_wconf 88' lang='lat' dir='ltr'><strong>corpus</strong></span> <span class='ocrx_word' id='word_1_147' title='bbox 2378 755 2670 818; x_wconf 73' lang='lat' dir='ltr'><strong>scinditur,</strong></span> <span class='ocrx_word' id='word_1_148' title='bbox 2710 753 2892 808; x_wconf 86' lang='lat' dir='ltr'><strong>varias</strong></span> <span class='ocrx_word' id='word_1_149' title='bbox 2929 753 2984 806; x_wconf 89' lang='lat' dir='ltr'><strong>in</strong></span> <span class='ocrx_word' id='word_1_150' title='bbox 3035 752 3326 822; x_wconf 88' lang='lat' dir='ltr'><strong>opiniones</strong></span> <span class='ocrx_word' id='word_1_151' title='bbox 3347 751 3486 804; x_wconf 85' lang='lat' dir='ltr'><strong>divi-</strong></span> 
     </span>
    </p>
   </div>
   <div class='ocr_carea' id='block_1_22' title="bbox 1905 847 3488 917">
    <p class='ocr_par' dir='ltr' id='par_1_22' title="bbox 1905 847 3488 917">
     <span class='ocr_line' id='line_1_22' title="bbox 1905 847 3488 917; baseline -0.006 -9"><span class='ocrx_word' id='word_1_152' title='bbox 1905 866 2051 908; x_wconf 87' lang='lat' dir='ltr'><strong>sum.</strong></span> <span class='ocrx_word' id='word_1_153' title='bbox 2085 848 2280 905; x_wconf 83' lang='lat' dir='ltr'><strong>Verum</strong></span> <span class='ocrx_word' id='word_1_154' title='bbox 2320 856 2379 902; x_wconf 88' lang='lat' dir='ltr'><strong>ut</strong></span> <span class='ocrx_word' id='word_1_155' title='bbox 2410 864 2440 901; x_wconf 92' lang='lat' dir='ltr'><strong>a</strong></span> <span class='ocrx_word' id='word_1_156' title='bbox 2473 847 2743 917; x_wconf 85' lang='lat' dir='ltr'><strong>principio</strong></span> <span class='ocrx_word' id='word_1_157' title='bbox 2780 861 2894 901; x_wconf 90' lang='lat' dir='ltr'><strong>rem</strong></span> <span class='ocrx_word' id='word_1_158' title='bbox 2925 860 3195 915; x_wconf 83' lang='lat' dir='ltr'><strong>exponam</strong></span> <span class='ocrx_word' id='word_1_159' title='bbox 3222 861 3237 908; x_wconf 88' lang='lat'><strong>;</strong></span> <span class='ocrx_word' id='word_1_160' title='bbox 3270 852 3488 914; x_wconf 80' lang='lat' dir='ltr'><strong>oportet</strong></span> 
     </span>
    </p>
   </div>
   <div class='ocr_carea' id='block_1_23' title="bbox 1908 936 3484 1008">
    <p class='ocr_par' dir='ltr' id='par_1_23' title="bbox 1908 936 3484 1008">
     <span class='ocr_line' id='line_1_23' title="bbox 1908 936 3484 1008; baseline -0.006 -8"><span class='ocrx_word' id='word_1_161' title='bbox 1908 942 2055 1000; x_wconf 85' lang='lat' dir='ltr'><strong>enim</strong></span> <span class='ocrx_word' id='word_1_162' title='bbox 2110 948 2170 995; x_wconf 89' lang='lat' dir='ltr'><strong>ut</strong></span> <span class='ocrx_word' id='word_1_163' title='bbox 2216 947 2504 994; x_wconf 75' lang='lat' dir='ltr'><strong>accusatus</strong></span> <span class='ocrx_word' id='word_1_164' title='bbox 2549 937 2820 1008; x_wconf 82' lang='lat' dir='ltr'><strong>meipsum</strong></span> <span class='ocrx_word' id='word_1_165' title='bbox 2875 936 3198 1002; x_wconf 79' lang='lat' dir='ltr'><strong>defendam;</strong></span> <span class='ocrx_word' id='word_1_166' title='bbox 3260 937 3408 1006; x_wconf 91' lang='lat' dir='ltr'><strong>quod</strong></span> <span class='ocrx_word' id='word_1_167' title='bbox 3453 951 3484 990; x_wconf 90' lang='lat' dir='ltr'><strong>a</strong></span> 
     </span>
    </p>
   </div>
   <div class='ocr_carea' id='block_1_24' title="bbox 1907 1027 3484 1108">
    <p class='ocr_par' dir='ltr' id='par_1_24' title="bbox 1907 1027 3484 1108">
     <span class='ocr_line' id='line_1_24' title="bbox 1907 1027 3484 1108; baseline -0.002 -23"><span class='ocrx_word' id='word_1_168' title='bbox 1907 1035 2084 1108; x_wconf 85' lang='lat' dir='ltr'><strong>prima</strong></span> <span class='ocrx_word' id='word_1_169' title='bbox 2117 1031 2206 1086; x_wconf 91' lang='lat' dir='ltr'><strong>die</strong></span> <span class='ocrx_word' id='word_1_170' title='bbox 2239 1044 2428 1100; x_wconf 72' lang='lat' dir='ltr'><strong>pmnas</strong></span> <span class='ocrx_word' id='word_1_171' title='bbox 2476 1029 2724 1100; x_wconf 86' lang='lat' dir='ltr'><strong>irrogare</strong></span> <span class='ocrx_word' id='word_1_172' title='bbox 2753 1036 2978 1084; x_wconf 85' lang='lat' dir='ltr'><strong>coactus</strong></span> <span class='ocrx_word' id='word_1_173' title='bbox 3036 1028 3151 1091; x_wconf 88' lang='lat' dir='ltr'><strong>fui,</strong></span> <span class='ocrx_word' id='word_1_174' title='bbox 3201 1027 3364 1098; x_wconf 86' lang='lat' dir='ltr'><strong>idque</strong></span> <span class='ocrx_word' id='word_1_175' title='bbox 3417 1043 3484 1082; x_wconf 82' lang='lat' dir='ltr'><strong>ex</strong></span> 
     </span>
    </p>
   </div>
   <div class='ocr_carea' id='block_1_25' title="bbox 1908 1121 3484 1194">
    <p class='ocr_par' dir='ltr' id='par_1_25' title="bbox 1908 1121 3484 1194">
     <span class='ocr_line' id='line_1_25' title="bbox 1908 1121 3484 1194; baseline -0.003 -14"><span class='ocrx_word' id='word_1_176' title='bbox 1908 1139 2128 1180; x_wconf 82' lang='lat' dir='ltr'><strong>carcere</strong></span> <span class='ocrx_word' id='word_1_177' title='bbox 2153 1137 2248 1194; x_wconf 90' lang='lat' dir='ltr'><strong>per</strong></span> <span class='ocrx_word' id='word_1_178' title='bbox 2277 1122 2487 1177; x_wconf 85' lang='lat' dir='ltr'><strong>litteras</strong></span> <span class='ocrx_word' id='word_1_179' title='bbox 2512 1138 2528 1187; x_wconf 87' lang='lat'><strong>;</strong></span> <span class='ocrx_word' id='word_1_180' title='bbox 2557 1123 2819 1191; x_wconf 89' lang='lat' dir='ltr'><strong>quoniam</strong></span> <span class='ocrx_word' id='word_1_181' title='bbox 2851 1123 3054 1191; x_wconf 85' lang='lat' dir='ltr'><strong>pariter</strong></span> <span class='ocrx_word' id='word_1_182' title='bbox 3093 1136 3186 1189; x_wconf 90' lang='lat' dir='ltr'><strong>per</strong></span> <span class='ocrx_word' id='word_1_183' title='bbox 3221 1121 3484 1186; x_wconf 71' lang='lat' dir='ltr'><strong>St&#39;ripluttl</strong></span> 
     </span>
    </p>
   </div>
   <div class='ocr_carea' id='block_1_26' title="bbox 1910 1212 3486 1283">
    <p class='ocr_par' dir='ltr' id='par_1_26' title="bbox 1910 1212 3486 1283">
     <span class='ocr_line' id='line_1_26' title="bbox 1910 1212 3486 1283; baseline -0.004 -11"><span class='ocrx_word' id='word_1_184' title='bbox 1910 1215 2167 1272; x_wconf 85' lang='lat' dir='ltr'><strong>monachi</strong></span> <span class='ocrx_word' id='word_1_185' title='bbox 2200 1225 2254 1270; x_wconf 89' lang='lat' dir='ltr'><strong>et</strong></span> <span class='ocrx_word' id='word_1_186' title='bbox 2286 1214 2599 1270; x_wconf 84' lang='lat' dir='ltr'><strong>sacerdotes</strong></span> <span class='ocrx_word' id='word_1_187' title='bbox 2633 1229 2733 1283; x_wconf 90' lang='lat' dir='ltr'><strong>pro</strong></span> <span class='ocrx_word' id='word_1_188' title='bbox 2752 1229 2813 1268; x_wconf 88' lang='lat' dir='ltr'><strong>se</strong></span> <span class='ocrx_word' id='word_1_189' title='bbox 2845 1215 3122 1283; x_wconf 85' lang='lat' dir='ltr'><strong>deprecati</strong></span> <span class='ocrx_word' id='word_1_190' title='bbox 3161 1222 3322 1277; x_wconf 89' lang='lat' dir='ltr'><strong>sunt;</strong></span> <span class='ocrx_word' id='word_1_191' title='bbox 3355 1212 3486 1267; x_wconf 89' lang='lat' dir='ltr'><strong>illud</strong></span> 
     </span>
    </p>
   </div>
   <div class='ocr_carea' id='block_1_27' title="bbox 1909 1305 3488 1378">
    <p class='ocr_par' dir='ltr' id='par_1_27' title="bbox 1909 1305 3488 1378">
     <span class='ocr_line' id='line_1_27' title="bbox 1909 1305 3488 1378; baseline -0.003 -15"><span class='ocrx_word' id='word_1_192' title='bbox 1909 1324 2010 1378; x_wconf 90' lang='lat' dir='ltr'><strong>ego</strong></span> <span class='ocrx_word' id='word_1_193' title='bbox 2048 1324 2156 1362; x_wconf 91' lang='lat' dir='ltr'><strong>non</strong></span> <span class='ocrx_word' id='word_1_194' title='bbox 2183 1316 2443 1376; x_wconf 84' lang='lat' dir='ltr'><strong>tauquam</strong></span> <span class='ocrx_word' id='word_1_195' title='bbox 2467 1305 2749 1362; x_wconf 80' lang='lat' dir='ltr'><strong>definirem</strong></span> <span class='ocrx_word' id='word_1_196' title='bbox 2775 1305 2982 1374; x_wconf 88' lang='lat' dir='ltr'><strong>aliquid</strong></span> <span class='ocrx_word' id='word_1_197' title='bbox 3005 1343 3020 1368; x_wconf 95' lang='lat'><strong>,</strong></span> <span class='ocrx_word' id='word_1_198' title='bbox 3085 1306 3178 1359; x_wconf 81' lang='lat' dir='ltr'><strong>sed</strong></span> <span class='ocrx_word' id='word_1_199' title='bbox 3224 1312 3488 1372; x_wconf 88' lang='lat' dir='ltr'><strong>tanquant</strong></span> 
     </span>
    </p>
   </div>
   <div class='ocr_carea' id='block_1_28' title="bbox 1911 1395 3491 1467">
    <p class='ocr_par' dir='ltr' id='par_1_28' title="bbox 1911 1395 3491 1467">
     <span class='ocr_line' id='line_1_28' title="bbox 1911 1395 3491 1467; baseline -0.005 -11"><span class='ocrx_word' id='word_1_200' title='bbox 1911 1399 2200 1456; x_wconf 86' lang='lat' dir='ltr'><strong>consilium</strong></span> <span class='ocrx_word' id='word_1_201' title='bbox 2236 1398 2373 1452; x_wconf 89' lang='lat' dir='ltr'><strong>dans</strong></span> <span class='ocrx_word' id='word_1_202' title='bbox 2411 1397 2664 1467; x_wconf 85' lang='lat' dir='ltr'><strong>respondi</strong></span> <span class='ocrx_word' id='word_1_203' title='bbox 2699 1395 2844 1450; x_wconf 91' lang='lat' dir='ltr'><strong>circa</strong></span> <span class='ocrx_word' id='word_1_204' title='bbox 2885 1410 3076 1466; x_wconf 84' lang='lat' dir='ltr'><strong>poenas</strong></span> <span class='ocrx_word' id='word_1_205' title='bbox 3101 1410 3129 1448; x_wconf 90' lang='lat' dir='ltr'><strong>a</strong></span> <span class='ocrx_word' id='word_1_206' title='bbox 3163 1410 3249 1449; x_wconf 90' lang='lat' dir='ltr'><strong>me</strong></span> <span class='ocrx_word' id='word_1_207' title='bbox 3280 1396 3491 1464; x_wconf 79' lang='lat' dir='ltr'><strong>irroga-</strong></span> 
     </span>
    </p>
   </div>
   <div class='ocr_carea' id='block_1_29' title="bbox 1911 1487 3488 1559">
    <p class='ocr_par' dir='ltr' id='par_1_29' title="bbox 1911 1487 3488 1559">
     <span class='ocr_line' id='line_1_29' title="bbox 1911 1487 3488 1559; baseline -0.002 -13"><span class='ocrx_word' id='word_1_208' title='bbox 1911 1500 2015 1546; x_wconf 90' lang='lat' dir='ltr'><strong>tas.</strong></span> <span class='ocrx_word' id='word_1_209' title='bbox 2049 1492 2162 1545; x_wconf 67' lang='lat' dir='ltr'><strong>Cur</strong></span> <span class='ocrx_word' id='word_1_210' title='bbox 2184 1491 2298 1552; x_wconf 89' lang='lat' dir='ltr'><strong>ita?</strong></span> <span class='ocrx_word' id='word_1_211' title='bbox 2333 1489 2592 1559; x_wconf 89' lang='lat' dir='ltr'><strong>quoniam</strong></span> <span class='ocrx_word' id='word_1_212' title='bbox 2627 1504 2727 1559; x_wconf 84' lang='lat' dir='ltr'><strong>ego</strong></span> <span class='ocrx_word' id='word_1_213' title='bbox 2757 1488 3047 1558; x_wconf 89' lang='lat' dir='ltr'><strong>episcopus</strong></span> <span class='ocrx_word' id='word_1_214' title='bbox 3082 1503 3188 1540; x_wconf 91' lang='lat' dir='ltr'><strong>non</strong></span> <span class='ocrx_word' id='word_1_215' title='bbox 3225 1503 3366 1551; x_wconf 88' lang='lat' dir='ltr'><strong>sum,</strong></span> <span class='ocrx_word' id='word_1_216' title='bbox 3395 1487 3488 1542; x_wconf 88' lang='lat' dir='ltr'><strong>sed</strong></span> 
     </span>
    </p>
   </div>
   <div class='ocr_carea' id='block_1_30' title="bbox 1913 1577 3488 1649">
    <p class='ocr_par' dir='ltr' id='par_1_30' title="bbox 1913 1577 3488 1649">
     <span class='ocr_line' id='line_1_30' title="bbox 1913 1577 3488 1649; baseline -0.004 -13"><span class='ocrx_word' id='word_1_217' title='bbox 1913 1582 2169 1636; x_wconf 84' lang='lat' dir='ltr'><strong>sacerdos</strong></span> <span class='ocrx_word' id='word_1_218' title='bbox 2191 1619 2206 1642; x_wconf 97' lang='lat'><strong>,</strong></span> <span class='ocrx_word' id='word_1_219' title='bbox 2235 1581 2329 1649; x_wconf 86' lang='lat' dir='ltr'><strong>qui</strong></span> <span class='ocrx_word' id='word_1_220' title='bbox 2361 1579 2611 1648; x_wconf 87' lang='lat' dir='ltr'><strong>proprios</strong></span> <span class='ocrx_word' id='word_1_221' title='bbox 2647 1579 2870 1648; x_wconf 86' lang='lat' dir='ltr'><strong>quidem</strong></span> <span class='ocrx_word' id='word_1_222' title='bbox 2922 1577 3225 1647; x_wconf 88' lang='lat' dir='ltr'><strong>discipulos</strong></span> <span class='ocrx_word' id='word_1_223' title='bbox 3256 1578 3488 1646; x_wconf 83' lang='lat' dir='ltr'><strong>castigo,</strong></span> 
     </span>
    </p>
   </div>
   <div class='ocr_carea' id='block_1_31' title="bbox 1914 1669 3491 1734">
    <p class='ocr_par' dir='ltr' id='par_1_31' title="bbox 1914 1669 3491 1734">
     <span class='ocr_line' id='line_1_31' title="bbox 1914 1669 3491 1734; baseline -0.003 -8"><span class='ocrx_word' id='word_1_224' title='bbox 1914 1672 2053 1727; x_wconf 89' lang='lat' dir='ltr'><strong>alios</strong></span> <span class='ocrx_word' id='word_1_225' title='bbox 2085 1686 2214 1726; x_wconf 88' lang='lat' dir='ltr'><strong>vero</strong></span> <span class='ocrx_word' id='word_1_226' title='bbox 2251 1685 2359 1724; x_wconf 91' lang='lat' dir='ltr'><strong>non</strong></span> <span class='ocrx_word' id='word_1_227' title='bbox 2388 1671 2541 1732; x_wconf 92' lang='lat' dir='ltr'><strong>item,</strong></span> <span class='ocrx_word' id='word_1_228' title='bbox 2563 1669 2656 1726; x_wconf 85' lang='lat' dir='ltr'><strong>sed</strong></span> <span class='ocrx_word' id='word_1_229' title='bbox 2683 1670 3030 1733; x_wconf 87' lang='lat' dir='ltr'><strong>sententiam,</strong></span> <span class='ocrx_word' id='word_1_230' title='bbox 3063 1680 3122 1724; x_wconf 91' lang='lat' dir='ltr'><strong>ut</strong></span> <span class='ocrx_word' id='word_1_231' title='bbox 3148 1669 3354 1724; x_wconf 90' lang='lat' dir='ltr'><strong>dictum</strong></span> <span class='ocrx_word' id='word_1_232' title='bbox 3385 1677 3491 1734; x_wconf 89' lang='lat' dir='ltr'><strong>est,</strong></span> 
     </span>
    </p>
   </div>
   <div class='ocr_carea' id='block_1_32' title="bbox 1915 1761 3493 1838">
    <p class='ocr_par' dir='ltr' id='par_1_32' title="bbox 1915 1761 3493 1838">
     <span class='ocr_line' id='line_1_32' title="bbox 1915 1761 3493 1838; baseline -0.003 -18"><span class='ocrx_word' id='word_1_233' title='bbox 1915 1767 2089 1838; x_wconf 88' lang='lat' dir='ltr'><strong>ipsius</strong></span> <span class='ocrx_word' id='word_1_234' title='bbox 2122 1765 2383 1836; x_wconf 88' lang='lat' dir='ltr'><strong>proposui</strong></span> <span class='ocrx_word' id='word_1_235' title='bbox 2420 1779 2591 1834; x_wconf 91' lang='lat' dir='ltr'><strong>usque</strong></span> <span class='ocrx_word' id='word_1_236' title='bbox 2615 1764 2681 1819; x_wconf 91' lang='lat' dir='ltr'><strong>ad</strong></span> <span class='ocrx_word' id='word_1_237' title='bbox 2713 1764 2864 1834; x_wconf 88' lang='lat' dir='ltr'><strong>pacis</strong></span> <span class='ocrx_word' id='word_1_238' title='bbox 2896 1772 3134 1831; x_wconf 83' lang='lat' dir='ltr'><strong>tempus,</strong></span> <span class='ocrx_word' id='word_1_239' title='bbox 3188 1771 3352 1832; x_wconf 89' lang='lat' dir='ltr'><strong>atque</strong></span> <span class='ocrx_word' id='word_1_240' title='bbox 3403 1761 3493 1816; x_wconf 87' lang='lat' dir='ltr'><strong>iu-</strong></span> 
     </span>
    </p>
   </div>
   <div class='ocr_carea' id='block_1_33' title="bbox 235 1827 1822 1926">
    <p class='ocr_par' dir='ltr' id='par_1_33' title="bbox 235 1827 1812 1924">
     <span class='ocr_line' id='line_1_33' title="bbox 235 1827 1812 1924; baseline 0 -20"><span class='ocrx_word' id='word_1_241' title='bbox 235 1851 336 1923; x_wconf 85' lang='grc' dir='ltr'>σθῇ</span> <span class='ocrx_word' id='word_1_242' title='bbox 369 1852 523 1922; x_wconf 84' lang='grc' dir='ltr'><strong>παρὰ</strong></span> <span class='ocrx_word' id='word_1_243' title='bbox 553 1827 646 1905; x_wconf 79' lang='grc' dir='ltr'>τοῦ</span> <span class='ocrx_word' id='word_1_244' title='bbox 679 1827 982 1920; x_wconf 80' lang='grc' dir='ltr'>ἁγιωτάτου</span> <span class='ocrx_word' id='word_1_245' title='bbox 1022 1827 1389 1924; x_wconf 74' lang='grc' dir='ltr'>πατριάρχου,</span> <span class='ocrx_word' id='word_1_246' title='bbox 1421 1853 1518 1904; x_wconf 75' lang='grc' dir='ltr'><strong>σὺν</strong></span> <span class='ocrx_word' id='word_1_247' title='bbox 1540 1827 1812 1922; x_wconf 74' lang='grc' dir='ltr'>ἐπικρίσει</span> 
     </span>
    </p>
   </div>
   <div class='ocr_carea' id='block_1_34' title="bbox 1923 1827 3493 1926">
    <p class='ocr_par' dir='ltr' id='par_1_34' title="bbox 1923 1827 3493 1926">
     <span class='ocr_line' id='line_1_34' title="bbox 1923 1827 3493 1926; baseline -0.004 -12"><span class='ocrx_word' id='word_1_248' title='bbox 1923 1827 2074 1914; x_wconf 73' lang='lat' dir='ltr'><strong>terim</strong></span> <span class='ocrx_word' id='word_1_249' title='bbox 2111 1861 2162 1912; x_wconf 87' lang='lat' dir='ltr'><strong>id</strong></span> <span class='ocrx_word' id='word_1_250' title='bbox 2194 1857 2490 1912; x_wconf 84' lang='lat' dir='ltr'><strong>admittere</strong></span> <span class='ocrx_word' id='word_1_251' title='bbox 2541 1857 2684 1926; x_wconf 91' lang='lat' dir='ltr'><strong>quod</strong></span> <span class='ocrx_word' id='word_1_252' title='bbox 2719 1871 2750 1910; x_wconf 89' lang='lat' dir='ltr'><strong>a</strong></span> <span class='ocrx_word' id='word_1_253' title='bbox 2799 1827 3148 1911; x_wconf 79' lang='lat' dir='ltr'><strong>sanctissimo</strong></span> <span class='ocrx_word' id='word_1_254' title='bbox 3182 1827 3493 1923; x_wconf 77' lang='lat' dir='ltr'><strong>patriarcha</strong></span> 
     </span>
    </p>
   </div>
   <div class='ocr_carea' id='block_1_35' title="bbox 232 1942 1813 2014">
    <p class='ocr_par' dir='ltr' id='par_1_35' title="bbox 232 1942 1813 2014">
     <span class='ocr_line' id='line_1_35' title="bbox 232 1942 1813 2014; baseline -0.001 -17"><span class='ocrx_word' id='word_1_255' title='bbox 232 1945 334 2014; x_wconf 74' lang='grc' dir='ltr'><strong>τῆς</strong></span> <span class='ocrx_word' id='word_1_256' title='bbox 366 1943 529 2013; x_wconf 73' lang='grc' dir='ltr'>ἁγίας</span> <span class='ocrx_word' id='word_1_257' title='bbox 551 1942 793 2008; x_wconf 86' lang='grc' dir='ltr'>συνόδου,</span> <span class='ocrx_word' id='word_1_258' title='bbox 821 1944 1185 2010; x_wconf 77' lang='grc' dir='ltr'>εἰσδέξασθαι,</span> <span class='ocrx_word' id='word_1_259' title='bbox 1210 1943 1320 1996; x_wconf 82' lang='grc' dir='ltr'>εἴτε</span> <span class='ocrx_word' id='word_1_260' title='bbox 1342 1943 1634 2014; x_wconf 82' lang='grc' dir='ltr'>πρόσθεσιν</span> <span class='ocrx_word' id='word_1_261' title='bbox 1661 1943 1813 2012; x_wconf 79' lang='grc' dir='ltr'>ἕχον-</span> 
     </span>
    </p>
   </div>
   <div class='ocr_carea' id='block_1_36' title="bbox 229 2031 1812 2106">
    <p class='ocr_par' dir='ltr' id='par_1_36' title="bbox 229 2031 1812 2106">
     <span class='ocr_line' id='line_1_36' title="bbox 229 2031 1812 2106; baseline -0.002 -17"><span class='ocrx_word' id='word_1_262' title='bbox 229 2053 323 2099; x_wconf 87' lang='grc' dir='ltr'><strong>τος</strong></span> <span class='ocrx_word' id='word_1_263' title='bbox 347 2034 442 2089; x_wconf 84' lang='grc' dir='ltr'><strong>τοῦ</strong></span> <span class='ocrx_word' id='word_1_264' title='bbox 467 2035 766 2106; x_wconf 85' lang='grc' dir='ltr'>ἐπιτιμίου,</span> <span class='ocrx_word' id='word_1_265' title='bbox 789 2036 897 2088; x_wconf 86' lang='grc' dir='ltr'>είτε</span> <span class='ocrx_word' id='word_1_266' title='bbox 922 2035 1134 2105; x_wconf 76' lang='grc' dir='ltr'>ὕφεσιν.</span> <span class='ocrx_word' id='word_1_267' title='bbox 1170 2035 1283 2090; x_wconf 70' lang='grc' dir='ltr'><strong>Καὶ</strong></span> <span class='ocrx_word' id='word_1_268' title='bbox 1322 2036 1424 2088; x_wconf 83' lang='grc' dir='ltr'><strong>οὐκ</strong></span> <span class='ocrx_word' id='word_1_269' title='bbox 1481 2035 1608 2100; x_wconf 81' lang='grc' dir='ltr'>ἐξω,</span> <span class='ocrx_word' id='word_1_270' title='bbox 1635 2031 1812 2103; x_wconf 74' lang='grc' dir='ltr'>οἶμαι,</span> 
     </span>
    </p>
   </div>
   <div class='ocr_carea' id='block_1_37' title="bbox 228 2125 1815 2200">
    <p class='ocr_par' dir='ltr' id='par_1_37' title="bbox 228 2125 1815 2200">
     <span class='ocr_line' id='line_1_37' title="bbox 228 2125 1815 2200; baseline -0.002 -19"><span class='ocrx_word' id='word_1_271' title='bbox 228 2128 326 2182; x_wconf 80' lang='grc' dir='ltr'>τοῦ</span> <span class='ocrx_word' id='word_1_272' title='bbox 381 2128 594 2191; x_wconf 85' lang='grc' dir='ltr'>εἰκότος</span> <span class='ocrx_word' id='word_1_273' title='bbox 648 2128 966 2200; x_wconf 88' lang='grc' dir='ltr'>πεποίηκα·</span> <span class='ocrx_word' id='word_1_274' title='bbox 1001 2125 1196 2199; x_wconf 80' lang='grc' dir='ltr'>ὀρέξας</span> <span class='ocrx_word' id='word_1_275' title='bbox 1239 2129 1398 2200; x_wconf 81' lang='grc' dir='ltr'>χεῖρα</span> <span class='ocrx_word' id='word_1_276' title='bbox 1438 2129 1550 2191; x_wconf 89' lang='grc' dir='ltr'>τοῖς</span> <span class='ocrx_word' id='word_1_277' title='bbox 1596 2143 1815 2180; x_wconf 88' lang='grc' dir='ltr'>πεπτω-</span> 
     </span>
    </p>
   </div>
   <div class='ocr_carea' id='block_1_38' title="bbox 231 2219 1814 2292">
    <p class='ocr_par' dir='ltr' id='par_1_38' title="bbox 231 2219 1814 2292">
     <span class='ocr_line' id='line_1_38' title="bbox 231 2219 1814 2292; baseline -0.002 -17"><span class='ocrx_word' id='word_1_278' title='bbox 231 2221 356 2276; x_wconf 87' lang='grc' dir='ltr'>κόσι</span> <span class='ocrx_word' id='word_1_279' title='bbox 387 2219 790 2292; x_wconf 81' lang='grc' dir='ltr'>φιλανθρώπως</span> <span class='ocrx_word' id='word_1_280' title='bbox 815 2236 829 2250; x_wconf 74' lang='grc'><strong><em>⁸</em></strong></span> <span class='ocrx_word' id='word_1_281' title='bbox 856 2221 918 2274; x_wconf 85' lang='grc' dir='ltr'><strong>οὐ</strong></span> <span class='ocrx_word' id='word_1_282' title='bbox 957 2220 1064 2290; x_wconf 81' lang='grc' dir='ltr'>μὴν</span> <span class='ocrx_word' id='word_1_283' title='bbox 1095 2221 1178 2283; x_wconf 86' lang='grc' dir='ltr'><strong>εἰς</strong></span> <span class='ocrx_word' id='word_1_284' title='bbox 1199 2219 1437 2292; x_wconf 75' lang='grc' dir='ltr'>ἐμαυτὸν</span> <span class='ocrx_word' id='word_1_285' title='bbox 1472 2219 1814 2292; x_wconf 86' lang='grc' dir='ltr'>περιστήσας</span> 
     </span>
    </p>
   </div>
   <div class='ocr_carea' id='block_1_39' title="bbox 229 2311 1818 2384">
    <p class='ocr_par' dir='ltr' id='par_1_39' title="bbox 229 2311 1818 2384">
     <span class='ocr_line' id='line_1_39' title="bbox 229 2311 1818 2384; baseline -0.003 -16"><span class='ocrx_word' id='word_1_286' title='bbox 229 2313 294 2368; x_wconf 85' lang='grc' dir='ltr'><strong>τὺ</strong></span> <span class='ocrx_word' id='word_1_287' title='bbox 319 2314 552 2384; x_wconf 72' lang='grc' dir='ltr'>κράτοςο</span> <span class='ocrx_word' id='word_1_288' title='bbox 585 2314 722 2384; x_wconf 83' lang='grc' dir='ltr'>ὅπερ</span> <span class='ocrx_word' id='word_1_289' title='bbox 757 2311 1008 2368; x_wconf 79' lang='grc' dir='ltr'>ἔκτοπον.</span> <span class='ocrx_word' id='word_1_290' title='bbox 1034 2311 1100 2365; x_wconf 88' lang='grc' dir='ltr'><strong>Τί</strong></span> <span class='ocrx_word' id='word_1_291' title='bbox 1144 2312 1200 2366; x_wconf 84' lang='grc' dir='ltr'>δὲ</span> <span class='ocrx_word' id='word_1_292' title='bbox 1249 2312 1310 2366; x_wconf 82' lang='grc' dir='ltr'>τὸ</span> <span class='ocrx_word' id='word_1_293' title='bbox 1340 2311 1656 2384; x_wconf 87' lang='grc' dir='ltr'>ἐπιτίμιον;</span> <span class='ocrx_word' id='word_1_294' title='bbox 1697 2329 1818 2364; x_wconf 87' lang='grc' dir='ltr'>ποι-</span> 
     </span>
    </p>
   </div>
   <div class='ocr_carea' id='block_1_40' title="bbox 233 2398 1876 2475">
    <p class='ocr_par' dir='ltr' id='par_1_40' title="bbox 233 2398 1876 2475">
     <span class='ocr_line' id='line_1_40' title="bbox 233 2398 1876 2475; baseline -0.002 -16"><span class='ocrx_word' id='word_1_295' title='bbox 233 2405 386 2460; x_wconf 88' lang='grc' dir='ltr'>κίλον</span> <span class='ocrx_word' id='word_1_296' title='bbox 407 2405 501 2457; x_wconf 72' lang='grc' dir='ltr'><strong>ἐπὶ</strong></span> <span class='ocrx_word' id='word_1_297' title='bbox 559 2403 827 2468; x_wconf 82' lang='grc' dir='ltr'>ποικίλοις</span> <span class='ocrx_word' id='word_1_298' title='bbox 879 2406 990 2468; x_wconf 88' lang='grc' dir='ltr'>τοῖς</span> <span class='ocrx_word' id='word_1_299' title='bbox 1044 2402 1440 2475; x_wconf 82' lang='grc' dir='ltr'>ἁμαρτήμασιν</span> <span class='ocrx_word' id='word_1_300' title='bbox 1491 2402 1636 2475; x_wconf 87' lang='lat' dir='ltr'><strong>[cod.</strong></span> <span class='ocrx_word' id='word_1_301' title='bbox 1679 2400 1812 2470; x_wconf 81' lang='lat' dir='ltr'><strong>Reg.</strong></span> <span class='ocrx_word' id='word_1_302' title='bbox 1874 2398 1876 2400; x_wconf 42' lang='grc'><strong>⁷</strong></span> 
     </span>
    </p>
   </div>
   <div class='ocr_carea' id='block_1_41' title="bbox 234 2494 1818 2570">
    <p class='ocr_par' dir='ltr' id='par_1_41' title="bbox 234 2494 1818 2570">
     <span class='ocr_line' id='line_1_41' title="bbox 234 2494 1818 2570; baseline -0.002 -21"><span class='ocrx_word' id='word_1_303' title='bbox 234 2494 730 2570; x_wconf 84' lang='grc' dir='ltr'>παραπτώμασιν]</span> <span class='ocrx_word' id='word_1_304' title='bbox 763 2511 775 2523; x_wconf 89' lang='grc'>·</span> <span class='ocrx_word' id='word_1_305' title='bbox 805 2497 942 2568; x_wconf 85' lang='grc' dir='ltr'>ὅπερ</span> <span class='ocrx_word' id='word_1_306' title='bbox 964 2495 1063 2550; x_wconf 80' lang='grc' dir='ltr'><strong>οὐκ</strong></span> <span class='ocrx_word' id='word_1_307' title='bbox 1083 2495 1374 2564; x_wconf 76' lang='grc' dir='ltr'>ἐπιστολῆς</span> <span class='ocrx_word' id='word_1_308' title='bbox 1399 2496 1596 2567; x_wconf 85' lang='grc' dir='ltr'>μέτρον</span> <span class='ocrx_word' id='word_1_309' title='bbox 1623 2495 1818 2562; x_wconf 82' lang='grc' dir='ltr'>ἐξαγο-</span> 
     </span>
    </p>
   </div>
   <div class='ocr_carea' id='block_1_42' title="bbox 235 2587 1815 2661">
    <p class='ocr_par' dir='ltr' id='par_1_42' title="bbox 235 2587 1815 2661">
     <span class='ocr_line' id='line_1_42' title="bbox 235 2587 1815 2661; baseline 0.002 -19"><span class='ocrx_word' id='word_1_310' title='bbox 235 2589 408 2661; x_wconf 84' lang='grc' dir='ltr'>ρεύει.</span> <span class='ocrx_word' id='word_1_311' title='bbox 459 2589 546 2643; x_wconf 87' lang='grc' dir='ltr'>Ἐν</span> <span class='ocrx_word' id='word_1_312' title='bbox 579 2589 863 2661; x_wconf 82' lang='grc' dir='ltr'>κεφαλαίῳ</span> <span class='ocrx_word' id='word_1_313' title='bbox 891 2588 948 2642; x_wconf 85' lang='grc' dir='ltr'><strong>δὲ</strong></span> <span class='ocrx_word' id='word_1_314' title='bbox 1001 2589 1198 2653; x_wconf 84' lang='grc' dir='ltr'>εἰπεῖν,</span> <span class='ocrx_word' id='word_1_315' title='bbox 1230 2587 1320 2642; x_wconf 84' lang='grc' dir='ltr'>τὸν</span> <span class='ocrx_word' id='word_1_316' title='bbox 1365 2587 1398 2658; x_wconf 84' lang='grc' dir='ltr'>ἢ</span> <span class='ocrx_word' id='word_1_317' title='bbox 1443 2589 1735 2658; x_wconf 82' lang='grc' dir='ltr'>ὑπογραφῇ</span> <span class='ocrx_word' id='word_1_318' title='bbox 1780 2587 1815 2658; x_wconf 82' lang='grc' dir='ltr'>ἢ</span> 
     </span>
    </p>
   </div>
   <div class='ocr_carea' id='block_1_43' title="bbox 234 2677 1818 2753">
    <p class='ocr_par' dir='ltr' id='par_1_43' title="bbox 234 2677 1818 2753">
     <span class='ocr_line' id='line_1_43' title="bbox 234 2677 1818 2753; baseline -0.003 -18"><span class='ocrx_word' id='word_1_319' title='bbox 234 2682 498 2752; x_wconf 85' lang='grc' dir='ltr'>κοινωνίᾳ</span> <span class='ocrx_word' id='word_1_320' title='bbox 528 2681 782 2753; x_wconf 80' lang='grc' dir='ltr'>αίρετικῇ</span> <span class='ocrx_word' id='word_1_321' title='bbox 821 2680 1018 2733; x_wconf 84' lang='grc' dir='ltr'>ἁλόντα</span> <span class='ocrx_word' id='word_1_322' title='bbox 1063 2679 1238 2750; x_wconf 84' lang='grc' dir='ltr'>ἱερέα,</span> <span class='ocrx_word' id='word_1_323' title='bbox 1280 2679 1313 2742; x_wconf 84' lang='grc' dir='ltr'>ἢ</span> <span class='ocrx_word' id='word_1_324' title='bbox 1344 2677 1526 2744; x_wconf 85' lang='grc' dir='ltr'>ἁπλῶς</span> <span class='ocrx_word' id='word_1_325' title='bbox 1573 2679 1818 2733; x_wconf 88' lang='grc' dir='ltr'>διάκονον</span> 
     </span>
    </p>
   </div>
   <div class='ocr_carea' id='block_1_44' title="bbox 237 2771 1819 2846">
    <p class='ocr_par' dir='ltr' id='par_1_44' title="bbox 237 2771 1819 2846">
     <span class='ocr_line' id='line_1_44' title="bbox 237 2771 1819 2846; baseline -0.003 -18"><span class='ocrx_word' id='word_1_326' title='bbox 237 2775 525 2846; x_wconf 77' lang='grc' dir='ltr'>εἴργεσθαι</span> <span class='ocrx_word' id='word_1_327' title='bbox 559 2774 876 2829; x_wconf 87' lang='grc' dir='ltr'>παντάπασι</span> <span class='ocrx_word' id='word_1_328' title='bbox 909 2776 1008 2844; x_wconf 82' lang='grc' dir='ltr'>τῆς</span> <span class='ocrx_word' id='word_1_329' title='bbox 1049 2773 1362 2845; x_wconf 74' lang='grc' dir='ltr'>ἱερουργίας</span> <span class='ocrx_word' id='word_1_330' title='bbox 1386 2787 1401 2804; x_wconf 83' lang='lat'><strong><em>°</em></strong></span> <span class='ocrx_word' id='word_1_331' title='bbox 1431 2771 1568 2826; x_wconf 86' lang='grc' dir='ltr'>ἀλλὰ</span> <span class='ocrx_word' id='word_1_332' title='bbox 1589 2772 1698 2842; x_wconf 78' lang='grc' dir='ltr'>γὰρ</span> <span class='ocrx_word' id='word_1_333' title='bbox 1719 2772 1819 2824; x_wconf 76' lang='grc' dir='ltr'><strong>καὶ</strong></span> 
     </span>
    </p>
   </div>
   <div class='ocr_carea' id='block_1_45' title="bbox 235 2863 1816 2937">
    <p class='ocr_par' dir='ltr' id='par_1_45' title="bbox 235 2863 1816 2937">
     <span class='ocr_line' id='line_1_45' title="bbox 235 2863 1816 2937; baseline -0.004 -16"><span class='ocrx_word' id='word_1_334' title='bbox 235 2869 335 2937; x_wconf 79' lang='grc' dir='ltr'><strong>τῆς</strong></span> <span class='ocrx_word' id='word_1_335' title='bbox 365 2865 654 2930; x_wconf 87' lang='grc' dir='ltr'>κοινωνίας</span> <span class='ocrx_word' id='word_1_336' title='bbox 678 2882 692 2897; x_wconf 74' lang='grc' dir='ltr'><strong>ο</strong></span> <span class='ocrx_word' id='word_1_337' title='bbox 718 2866 854 2936; x_wconf 86' lang='grc' dir='ltr'><strong>μετὰ</strong></span> <span class='ocrx_word' id='word_1_338' title='bbox 874 2865 933 2918; x_wconf 80' lang='grc' dir='ltr'>δὲ</span> <span class='ocrx_word' id='word_1_339' title='bbox 956 2863 1054 2936; x_wconf 80' lang='grc' dir='ltr'>τὴν</span> <span class='ocrx_word' id='word_1_340' title='bbox 1069 2864 1168 2935; x_wconf 82' lang='grc' dir='ltr'>τῆς</span> <span class='ocrx_word' id='word_1_341' title='bbox 1182 2863 1469 2934; x_wconf 87' lang='grc' dir='ltr'>ἐπιτιμίας</span> <span class='ocrx_word' id='word_1_342' title='bbox 1491 2863 1816 2934; x_wconf 85' lang='grc' dir='ltr'>περαίωσιν,</span> 
     </span>
    </p>
   </div>
   <div class='ocr_carea' id='block_1_46' title="bbox 235 2953 1819 3027">
    <p class='ocr_par' dir='ltr' id='par_1_46' title="bbox 235 2953 1819 3027">
     <span class='ocr_line' id='line_1_46' title="bbox 235 2953 1819 3027; baseline -0.004 -16"><span class='ocrx_word' id='word_1_343' title='bbox 235 2958 347 3011; x_wconf 84' lang='grc' dir='ltr'><strong>τῶν</strong></span> <span class='ocrx_word' id='word_1_344' title='bbox 375 2957 476 3027; x_wconf 82' lang='grc' dir='ltr'>μὲν</span> <span class='ocrx_word' id='word_1_345' title='bbox 507 2955 864 3026; x_wconf 87' lang='grc' dir='ltr'>ἁγιασμάτων</span> <span class='ocrx_word' id='word_1_346' title='bbox 915 2955 1186 3025; x_wconf 85' lang='grc' dir='ltr'>μετέχειν,</span> <span class='ocrx_word' id='word_1_347' title='bbox 1230 2955 1329 3024; x_wconf 81' lang='grc' dir='ltr'>τῆς</span> <span class='ocrx_word' id='word_1_348' title='bbox 1364 2953 1420 3007; x_wconf 87' lang='grc' dir='ltr'><strong>δέ</strong></span> <span class='ocrx_word' id='word_1_349' title='bbox 1464 2953 1819 3022; x_wconf 76' lang='grc' dir='ltr'>λειτουργίας</span> 
     </span>
    </p>
   </div>
   <div class='ocr_carea' id='block_1_47' title="bbox 235 3041 1818 3120">
    <p class='ocr_par' dir='ltr' id='par_1_47' title="bbox 235 3041 1818 3120">
     <span class='ocr_line' id='line_1_47' title="bbox 235 3041 1818 3120; baseline -0.006 -17"><span class='ocrx_word' id='word_1_350' title='bbox 235 3048 512 3120; x_wconf 80' lang='grc' dir='ltr'>οὕδαμῶς,</span> <span class='ocrx_word' id='word_1_351' title='bbox 555 3048 662 3112; x_wconf 79' lang='grc' dir='ltr'><strong>ἐως</strong></span> <span class='ocrx_word' id='word_1_352' title='bbox 711 3047 874 3115; x_wconf 86' lang='grc' dir='ltr'>ἁγίας</span> <span class='ocrx_word' id='word_1_353' title='bbox 924 3047 1145 3100; x_wconf 80' lang='grc' dir='ltr'>συνόδου</span> <span class='ocrx_word' id='word_1_354' title='bbox 1177 3061 1189 3074; x_wconf 82' lang='lat'><strong><em>°</em></strong></span> <span class='ocrx_word' id='word_1_355' title='bbox 1226 3046 1466 3113; x_wconf 77' lang='grc' dir='ltr'>εὐλογεῖν</span> <span class='ocrx_word' id='word_1_356' title='bbox 1508 3043 1623 3114; x_wconf 82' lang='grc' dir='ltr'><strong>δὲῆ</strong></span> <span class='ocrx_word' id='word_1_357' title='bbox 1661 3041 1818 3112; x_wconf 77' lang='grc' dir='ltr'>εὔχε-</span> 
     </span>
    </p>
   </div>
   <div class='ocr_carea' id='block_1_48' title="bbox 1915 1945 3492 2019">
    <p class='ocr_par' dir='ltr' id='par_1_48' title="bbox 1915 1945 3492 2019">
     <span class='ocr_line' id='line_1_48' title="bbox 1915 1945 3492 2019; baseline -0.006 -11"><span class='ocrx_word' id='word_1_358' title='bbox 1915 1951 2199 2008; x_wconf 89' lang='lat' dir='ltr'><strong>delinitum</strong></span> <span class='ocrx_word' id='word_1_359' title='bbox 2262 1957 2348 2005; x_wconf 84' lang='lat' dir='ltr'><strong>est</strong></span> <span class='ocrx_word' id='word_1_360' title='bbox 2403 1963 2528 2005; x_wconf 90' lang='lat' dir='ltr'><strong>cum</strong></span> <span class='ocrx_word' id='word_1_361' title='bbox 2574 1955 2778 2002; x_wconf 66' lang='lat' dir='ltr'><strong>sanctae</strong></span> <span class='ocrx_word' id='word_1_362' title='bbox 2833 1947 3024 2019; x_wconf 88' lang='lat' dir='ltr'><strong>synodi</strong></span> <span class='ocrx_word' id='word_1_363' title='bbox 3076 1945 3492 2015; x_wconf 88' lang='lat' dir='ltr'><strong>approbatione,</strong></span> 
     </span>
    </p>
   </div>
   <div class='ocr_carea' id='block_1_49' title="bbox 1916 2037 3492 2112">
    <p class='ocr_par' dir='ltr' id='par_1_49' title="bbox 1916 2037 3492 2112">
     <span class='ocr_line' id='line_1_49' title="bbox 1916 2037 3492 2112; baseline -0.008 -13"><span class='ocrx_word' id='word_1_364' title='bbox 1916 2045 2032 2099; x_wconf 87' lang='lat' dir='ltr'><strong>sive</strong></span> <span class='ocrx_word' id='word_1_365' title='bbox 2057 2047 2202 2112; x_wconf 91' lang='lat' dir='ltr'><strong>quod</strong></span> <span class='ocrx_word' id='word_1_366' title='bbox 2243 2056 2461 2112; x_wconf 70' lang='lat' dir='ltr'><strong>pmnam</strong></span> <span class='ocrx_word' id='word_1_367' title='bbox 2487 2041 2870 2110; x_wconf 88' lang='lat' dir='ltr'><strong>imponendant</strong></span> <span class='ocrx_word' id='word_1_368' title='bbox 2906 2047 3152 2108; x_wconf 88' lang='lat' dir='ltr'><strong>spectat,</strong></span> <span class='ocrx_word' id='word_1_369' title='bbox 3199 2037 3314 2092; x_wconf 85' lang='lat' dir='ltr'><strong>sive</strong></span> <span class='ocrx_word' id='word_1_370' title='bbox 3347 2037 3492 2105; x_wconf 88' lang='lat' dir='ltr'><strong>quod</strong></span> 
     </span>
    </p>
   </div>
   <div class='ocr_carea' id='block_1_50' title="bbox 1915 2126 3497 2201">
    <p class='ocr_par' dir='ltr' id='par_1_50' title="bbox 1915 2126 3497 2201">
     <span class='ocr_line' id='line_1_50' title="bbox 1915 2126 3497 2201; baseline -0.005 -13"><span class='ocrx_word' id='word_1_371' title='bbox 1915 2131 2320 2188; x_wconf 83' lang='lat' dir='ltr'><strong>remittendam.</strong></span> <span class='ocrx_word' id='word_1_372' title='bbox 2353 2132 2538 2201; x_wconf 81' lang='lat' dir='ltr'><strong>Neque</strong></span> <span class='ocrx_word' id='word_1_373' title='bbox 2559 2130 2882 2200; x_wconf 82' lang='lat' dir='ltr'><strong>quidquam,</strong></span> <span class='ocrx_word' id='word_1_374' title='bbox 2914 2138 2974 2183; x_wconf 94' lang='lat' dir='ltr'><strong>ut</strong></span> <span class='ocrx_word' id='word_1_375' title='bbox 3005 2143 3151 2192; x_wconf 82' lang='lat' dir='ltr'><strong>reor,</strong></span> <span class='ocrx_word' id='word_1_376' title='bbox 3185 2135 3378 2197; x_wconf 54' lang='lat' dir='ltr'><strong>praeter</strong></span> <span class='ocrx_word' id='word_1_377' title='bbox 3403 2126 3497 2196; x_wconf 86' lang='lat' dir='ltr'><strong>jus</strong></span> 
     </span>
    </p>
   </div>
   <div class='ocr_carea' id='block_1_51' title="bbox 1918 2221 3498 2295">
    <p class='ocr_par' dir='ltr' id='par_1_51' title="bbox 1918 2221 3498 2295">
     <span class='ocr_line' id='line_1_51' title="bbox 1918 2221 3498 2295; baseline -0.005 -16"><span class='ocrx_word' id='word_1_378' title='bbox 1918 2224 2018 2282; x_wconf 83' lang='lat' dir='ltr'><strong>feci</strong></span> <span class='ocrx_word' id='word_1_379' title='bbox 2053 2242 2067 2278; x_wconf 71' lang='grc' dir='ltr'>ε</span> <span class='ocrx_word' id='word_1_380' title='bbox 2099 2224 2270 2295; x_wconf 81' lang='lat' dir='ltr'><strong>lapsis</strong></span> <span class='ocrx_word' id='word_1_381' title='bbox 2297 2223 2574 2278; x_wconf 76' lang='lat' dir='ltr'><strong>dexteram</strong></span> <span class='ocrx_word' id='word_1_382' title='bbox 2609 2223 2842 2294; x_wconf 88' lang='lat' dir='ltr'><strong>benigne</strong></span> <span class='ocrx_word' id='word_1_383' title='bbox 2877 2221 3230 2293; x_wconf 83' lang='lat' dir='ltr'><strong>protendens,</strong></span> <span class='ocrx_word' id='word_1_384' title='bbox 3259 2234 3367 2274; x_wconf 90' lang='lat' dir='ltr'><strong>non</strong></span> <span class='ocrx_word' id='word_1_385' title='bbox 3399 2233 3498 2272; x_wconf 89' lang='lat' dir='ltr'><strong>au-</strong></span> 
     </span>
    </p>
   </div>
   <div class='ocr_carea' id='block_1_52' title="bbox 1919 2310 3496 2387">
    <p class='ocr_par' dir='ltr' id='par_1_52' title="bbox 1919 2310 3496 2387">
     <span class='ocr_line' id='line_1_52' title="bbox 1919 2310 3496 2387; baseline -0.005 -15"><span class='ocrx_word' id='word_1_386' title='bbox 1919 2327 2025 2373; x_wconf 90' lang='lat' dir='ltr'><strong>tem</strong></span> <span class='ocrx_word' id='word_1_387' title='bbox 2065 2310 2384 2387; x_wconf 89' lang='lat' dir='ltr'><strong>potestatem</strong></span> <span class='ocrx_word' id='word_1_388' title='bbox 2425 2313 2560 2371; x_wconf 85' lang='lat' dir='ltr'><strong>mihi</strong></span> <span class='ocrx_word' id='word_1_389' title='bbox 2611 2327 2920 2383; x_wconf 79' lang='lat' dir='ltr'><strong>arrogans,</strong></span> <span class='ocrx_word' id='word_1_390' title='bbox 2983 2312 3128 2381; x_wconf 91' lang='lat' dir='ltr'><strong>quod</strong></span> <span class='ocrx_word' id='word_1_391' title='bbox 3187 2318 3333 2365; x_wconf 90' lang='lat' dir='ltr'><strong>certe</strong></span> <span class='ocrx_word' id='word_1_392' title='bbox 3384 2324 3496 2364; x_wconf 90' lang='lat' dir='ltr'><strong>non</strong></span> 
     </span>
    </p>
   </div>
   <div class='ocr_carea' id='block_1_53' title="bbox 1917 2400 3498 2476">
    <p class='ocr_par' dir='ltr' id='par_1_53' title="bbox 1917 2400 3498 2476">
     <span class='ocr_line' id='line_1_53' title="bbox 1917 2400 3498 2476; baseline -0.006 -12"><span class='ocrx_word' id='word_1_393' title='bbox 1917 2406 2118 2464; x_wconf 88' lang='lat' dir='ltr'><strong>decuit.</strong></span> <span class='ocrx_word' id='word_1_394' title='bbox 2161 2406 2421 2474; x_wconf 74' lang='lat' dir='ltr'><strong>Quaenam</strong></span> <span class='ocrx_word' id='word_1_395' title='bbox 2456 2417 2636 2462; x_wconf 90' lang='lat' dir='ltr'><strong>autem</strong></span> <span class='ocrx_word' id='word_1_396' title='bbox 2673 2421 2830 2476; x_wconf 83' lang='lat' dir='ltr'><strong>poena</strong></span> <span class='ocrx_word' id='word_1_397' title='bbox 2867 2403 2959 2459; x_wconf 90' lang='lat' dir='ltr'><strong>illa</strong></span> <span class='ocrx_word' id='word_1_398' title='bbox 2981 2404 3004 2457; x_wconf 89' lang='lat'><strong>?</strong></span> <span class='ocrx_word' id='word_1_399' title='bbox 3029 2404 3244 2458; x_wconf 83' lang='lat' dir='ltr'><strong>diversa</strong></span> <span class='ocrx_word' id='word_1_400' title='bbox 3275 2417 3372 2473; x_wconf 89' lang='lat' dir='ltr'><strong>pro</strong></span> <span class='ocrx_word' id='word_1_401' title='bbox 3411 2400 3498 2456; x_wconf 90' lang='lat' dir='ltr'><strong>di-</strong></span> 
     </span>
    </p>
   </div>
   <div class='ocr_carea' id='block_1_54' title="bbox 1917 2492 3498 2568">
    <p class='ocr_par' dir='ltr' id='par_1_54' title="bbox 1917 2492 3498 2568">
     <span class='ocr_line' id='line_1_54' title="bbox 1917 2492 3498 2568; baseline -0.008 -12"><span class='ocrx_word' id='word_1_402' title='bbox 1917 2500 2092 2556; x_wconf 84' lang='lat' dir='ltr'><strong>versis</strong></span> <span class='ocrx_word' id='word_1_403' title='bbox 2118 2499 2356 2568; x_wconf 85' lang='lat' dir='ltr'><strong>peccatis</strong></span> <span class='ocrx_word' id='word_1_404' title='bbox 2391 2517 2404 2552; x_wconf 88' lang='lat'>:</span> <span class='ocrx_word' id='word_1_405' title='bbox 2434 2497 2486 2552; x_wconf 88' lang='lat' dir='ltr'><strong>id</strong></span> <span class='ocrx_word' id='word_1_406' title='bbox 2525 2497 2670 2567; x_wconf 91' lang='lat' dir='ltr'><strong>quod</strong></span> <span class='ocrx_word' id='word_1_407' title='bbox 2727 2495 2974 2566; x_wconf 65' lang='lat' dir='ltr'><strong>epistola:</strong></span> <span class='ocrx_word' id='word_1_408' title='bbox 3026 2493 3265 2549; x_wconf 88' lang='lat' dir='ltr'><strong>brevitas</strong></span> <span class='ocrx_word' id='word_1_409' title='bbox 3311 2492 3498 2546; x_wconf 86' lang='lat' dir='ltr'><strong>decla-</strong></span> 
     </span>
    </p>
   </div>
   <div class='ocr_carea' id='block_1_55' title="bbox 1918 2585 3498 2656">
    <p class='ocr_par' dir='ltr' id='par_1_55' title="bbox 1918 2585 3498 2656">
     <span class='ocr_line' id='line_1_55' title="bbox 1918 2585 3498 2656; baseline -0.007 -8"><span class='ocrx_word' id='word_1_410' title='bbox 1918 2607 2042 2648; x_wconf 82' lang='lat' dir='ltr'><strong>rare</strong></span> <span class='ocrx_word' id='word_1_411' title='bbox 2071 2607 2178 2648; x_wconf 88' lang='lat' dir='ltr'><strong>non</strong></span> <span class='ocrx_word' id='word_1_412' title='bbox 2201 2591 2350 2646; x_wconf 87' lang='lat' dir='ltr'><strong>sinit.</strong></span> <span class='ocrx_word' id='word_1_413' title='bbox 2377 2589 2446 2645; x_wconf 88' lang='lat' dir='ltr'><strong>Ut</strong></span> <span class='ocrx_word' id='word_1_414' title='bbox 2459 2589 2774 2647; x_wconf 86' lang='lat' dir='ltr'><strong>summatim</strong></span> <span class='ocrx_word' id='word_1_415' title='bbox 2798 2596 2984 2643; x_wconf 85' lang='lat' dir='ltr'><strong>autem</strong></span> <span class='ocrx_word' id='word_1_416' title='bbox 3032 2587 3234 2652; x_wconf 89' lang='lat' dir='ltr'><strong>dicam,</strong></span> <span class='ocrx_word' id='word_1_417' title='bbox 3259 2585 3498 2656; x_wconf 89' lang='lat' dir='ltr'><strong>quicun-</strong></span> 
     </span>
    </p>
   </div>
   <div class='ocr_carea' id='block_1_56' title="bbox 1919 2676 3500 2754">
    <p class='ocr_par' dir='ltr' id='par_1_56' title="bbox 1919 2676 3500 2754">
     <span class='ocr_line' id='line_1_56' title="bbox 1919 2676 3500 2754; baseline -0.006 -14"><span class='ocrx_word' id='word_1_418' title='bbox 1919 2700 2028 2754; x_wconf 88' lang='lat' dir='ltr'><strong>que</strong></span> <span class='ocrx_word' id='word_1_419' title='bbox 2066 2683 2360 2750; x_wconf 80' lang='lat' dir='ltr'><strong>sacerdos,</strong></span> <span class='ocrx_word' id='word_1_420' title='bbox 2397 2691 2456 2737; x_wconf 92' lang='lat' dir='ltr'><strong>ut</strong></span> <span class='ocrx_word' id='word_1_421' title='bbox 2503 2697 2668 2753; x_wconf 89' lang='lat' dir='ltr'><strong>porro</strong></span> <span class='ocrx_word' id='word_1_422' title='bbox 2717 2683 2982 2738; x_wconf 82' lang='lat' dir='ltr'><strong>diaconus</strong></span> <span class='ocrx_word' id='word_1_423' title='bbox 3009 2679 3294 2736; x_wconf 85' lang='lat' dir='ltr'><strong>convictus</strong></span> <span class='ocrx_word' id='word_1_424' title='bbox 3333 2676 3500 2732; x_wconf 84' lang='lat' dir='ltr'><strong>fuerit</strong></span> 
     </span>
    </p>
   </div>
   <div class='ocr_carea' id='block_1_57' title="bbox 1920 2770 3494 2846">
    <p class='ocr_par' dir='ltr' id='par_1_57' title="bbox 1920 2770 3494 2846">
     <span class='ocr_line' id='line_1_57' title="bbox 1920 2770 3494 2846; baseline -0.007 -11"><span class='ocrx_word' id='word_1_425' title='bbox 1920 2776 2340 2846; x_wconf 84' lang='lat' dir='ltr'><strong>subscriptionis</strong></span> <span class='ocrx_word' id='word_1_426' title='bbox 2382 2784 2478 2831; x_wconf 84' lang='lat' dir='ltr'><strong>aut</strong></span> <span class='ocrx_word' id='word_1_427' title='bbox 2525 2775 2932 2831; x_wconf 89' lang='lat' dir='ltr'><strong>communionis</strong></span> <span class='ocrx_word' id='word_1_428' title='bbox 2996 2789 3122 2829; x_wconf 86' lang='lat' dir='ltr'><strong>cum</strong></span> <span class='ocrx_word' id='word_1_429' title='bbox 3199 2770 3494 2834; x_wconf 71' lang='lat' dir='ltr'><strong>haereticis,</strong></span> 
     </span>
    </p>
   </div>
   <div class='ocr_carea' id='block_1_58' title="bbox 1919 2865 3498 2940">
    <p class='ocr_par' dir='ltr' id='par_1_58' title="bbox 1919 2865 3498 2940">
     <span class='ocr_line' id='line_1_58' title="bbox 1919 2865 3498 2940; baseline -0.005 -17"><span class='ocrx_word' id='word_1_430' title='bbox 1919 2884 2150 2940; x_wconf 86' lang='lat' dir='ltr'><strong>prorsus</strong></span> <span class='ocrx_word' id='word_1_431' title='bbox 2181 2869 2335 2923; x_wconf 89' lang='lat' dir='ltr'><strong>illum</strong></span> <span class='ocrx_word' id='word_1_432' title='bbox 2363 2883 2395 2923; x_wconf 87' lang='lat' dir='ltr'><strong>a</strong></span> <span class='ocrx_word' id='word_1_433' title='bbox 2422 2867 2725 2924; x_wconf 87' lang='lat' dir='ltr'><strong>ministerio</strong></span> <span class='ocrx_word' id='word_1_434' title='bbox 2769 2881 2928 2923; x_wconf 90' lang='lat' dir='ltr'><strong>sacro</strong></span> <span class='ocrx_word' id='word_1_435' title='bbox 2955 2866 3156 2928; x_wconf 91' lang='lat' dir='ltr'><strong>arceri,</strong></span> <span class='ocrx_word' id='word_1_436' title='bbox 3199 2865 3498 2934; x_wconf 85' lang='lat' dir='ltr'><strong>quinetiam</strong></span> 
     </span>
    </p>
   </div>
   <div class='ocr_carea' id='block_1_59' title="bbox 1920 2953 3498 3028">
    <p class='ocr_par' dir='ltr' id='par_1_59' title="bbox 1920 2953 3498 3028">
     <span class='ocr_line' id='line_1_59' title="bbox 1920 2953 3498 3028; baseline -0.008 -12"><span class='ocrx_word' id='word_1_437' title='bbox 1920 2975 1953 3016; x_wconf 88' lang='lat' dir='ltr'><strong>a</strong></span> <span class='ocrx_word' id='word_1_438' title='bbox 1981 2959 2367 3015; x_wconf 70' lang='lat' dir='ltr'><strong>communicare</strong></span> <span class='ocrx_word' id='word_1_439' title='bbox 2395 2975 2408 3011; x_wconf 88' lang='lat'><strong>:</strong></span> <span class='ocrx_word' id='word_1_440' title='bbox 2435 2968 2722 3028; x_wconf 87' lang='lat' dir='ltr'><strong>postquam</strong></span> <span class='ocrx_word' id='word_1_441' title='bbox 2753 2965 2935 3012; x_wconf 88' lang='lat' dir='ltr'><strong>autem</strong></span> <span class='ocrx_word' id='word_1_442' title='bbox 2967 2971 3160 3026; x_wconf 69' lang='lat' dir='ltr'><strong>poenas</strong></span> <span class='ocrx_word' id='word_1_443' title='bbox 3182 2953 3498 3015; x_wconf 84' lang='lat' dir='ltr'><strong>exsolverit,</strong></span> 
     </span>
    </p>
   </div>
   <div class='ocr_carea' id='block_1_60' title="bbox 1921 3048 3498 3120">
    <p class='ocr_par' dir='ltr' id='par_1_60' title="bbox 1921 3048 3498 3120">
     <span class='ocr_line' id='line_1_60' title="bbox 1921 3048 3498 3120; baseline -0.006 -14"><span class='ocrx_word' id='word_1_444' title='bbox 1921 3060 2395 3108; x_wconf 87' lang='lat' dir='ltr'><strong>sacramentorum</strong></span> <span class='ocrx_word' id='word_1_445' title='bbox 2431 3050 2652 3120; x_wconf 88' lang='lat' dir='ltr'><strong>quidem</strong></span> <span class='ocrx_word' id='word_1_446' title='bbox 2683 3049 3001 3120; x_wconf 86' lang='lat' dir='ltr'><strong>participem</strong></span> <span class='ocrx_word' id='word_1_447' title='bbox 3042 3048 3160 3104; x_wconf 84' lang='lat' dir='ltr'><strong>fieri</strong></span> <span class='ocrx_word' id='word_1_448' title='bbox 3191 3085 3207 3110; x_wconf 91' lang='lat'><strong>,</strong></span> <span class='ocrx_word' id='word_1_449' title='bbox 3275 3054 3332 3101; x_wconf 89' lang='lat' dir='ltr'><strong>at</strong></span> <span class='ocrx_word' id='word_1_450' title='bbox 3384 3059 3498 3102; x_wconf 87' lang='lat' dir='ltr'><strong>non</strong></span> 
     </span>
    </p>
   </div>
   <div class='ocr_carea' id='block_1_61' title="bbox 239 3132 1822 3229">
    <p class='ocr_par' dir='ltr' id='par_1_61' title="bbox 239 3132 1820 3206">
     <span class='ocr_line' id='line_1_61' title="bbox 239 3132 1820 3206; baseline -0.002 -18"><span class='ocrx_word' id='word_1_451' title='bbox 239 3135 366 3188; x_wconf 86' lang='grc' dir='ltr'>σθαι</span> <span class='ocrx_word' id='word_1_452' title='bbox 417 3137 490 3196; x_wconf 87' lang='grc' dir='ltr'><strong>ώς</strong></span> <span class='ocrx_word' id='word_1_453' title='bbox 535 3139 714 3188; x_wconf 77' lang='grc' dir='ltr'>κοινὸν</span> <span class='ocrx_word' id='word_1_454' title='bbox 766 3134 1026 3206; x_wconf 79' lang='grc' dir='ltr'>μοναχὸν,</span> <span class='ocrx_word' id='word_1_455' title='bbox 1053 3135 1152 3204; x_wconf 80' lang='grc' dir='ltr'><strong>οὐχ</strong></span> <span class='ocrx_word' id='word_1_456' title='bbox 1201 3133 1277 3197; x_wconf 83' lang='grc' dir='ltr'>ὡς</span> <span class='ocrx_word' id='word_1_457' title='bbox 1322 3133 1654 3203; x_wconf 73' lang='grc' dir='ltr'>ἱερωμένονο</span> <span class='ocrx_word' id='word_1_458' title='bbox 1683 3132 1820 3185; x_wconf 86' lang='grc' dir='ltr'><strong>ἁλλὰ</strong></span> 
     </span>
    </p>
   </div>
   <div class='ocr_carea' id='block_1_62' title="bbox 1923 3132 3499 3229">
    <p class='ocr_par' dir='ltr' id='par_1_62' title="bbox 1923 3137 3499 3210">
     <span class='ocr_line' id='line_1_62' title="bbox 1923 3137 3499 3210; baseline -0.004 -14"><span class='ocrx_word' id='word_1_459' title='bbox 1923 3141 2217 3197; x_wconf 87' lang='lat' dir='ltr'><strong>ministerii</strong></span> <span class='ocrx_word' id='word_1_460' title='bbox 2248 3141 2430 3203; x_wconf 90' lang='lat' dir='ltr'><strong>sacri,</strong></span> <span class='ocrx_word' id='word_1_461' title='bbox 2473 3155 2646 3210; x_wconf 89' lang='lat' dir='ltr'><strong>usque</strong></span> <span class='ocrx_word' id='word_1_462' title='bbox 2676 3142 2743 3194; x_wconf 91' lang='lat' dir='ltr'><strong>ad</strong></span> <span class='ocrx_word' id='word_1_463' title='bbox 2779 3149 3024 3194; x_wconf 86' lang='lat' dir='ltr'><strong>sanctam</strong></span> <span class='ocrx_word' id='word_1_464' title='bbox 3053 3141 3324 3209; x_wconf 77' lang='lat' dir='ltr'><strong>synodum</strong></span> <span class='ocrx_word' id='word_1_465' title='bbox 3352 3152 3367 3188; x_wconf 88' lang='lat'>:</span> <span class='ocrx_word' id='word_1_466' title='bbox 3405 3137 3499 3191; x_wconf 90' lang='lat' dir='ltr'><strong>sed</strong></span> 
     </span>
    </p>
   </div>
   <div class='ocr_carea' id='block_1_63' title="bbox 238 3223 1822 3299">
    <p class='ocr_par' dir='ltr' id='par_1_63' title="bbox 238 3223 1822 3299">
     <span class='ocr_line' id='line_1_63' title="bbox 238 3223 1822 3299; baseline -0.004 -16"><span class='ocrx_word' id='word_1_467' title='bbox 238 3227 525 3283; x_wconf 77' lang='grc' dir='ltr'>καὶτοῦτο</span> <span class='ocrx_word' id='word_1_468' title='bbox 552 3228 694 3299; x_wconf 86' lang='grc' dir='ltr'><strong>μετὰ</strong></span> <span class='ocrx_word' id='word_1_469' title='bbox 747 3227 1151 3298; x_wconf 84' lang='grc' dir='ltr'>συμπλήρωσιν</span> <span class='ocrx_word' id='word_1_470' title='bbox 1191 3225 1602 3294; x_wconf 81' lang='grc' dir='ltr'>ἐπιτιμητικήν.</span> <span class='ocrx_word' id='word_1_471' title='bbox 1645 3223 1737 3285; x_wconf 87' lang='grc' dir='ltr'>Είς</span> <span class='ocrx_word' id='word_1_472' title='bbox 1761 3239 1822 3276; x_wconf 87' lang='grc' dir='ltr'><strong>τε</strong></span> 
     </span>
    </p>
   </div>
   <div class='ocr_carea' id='block_1_64' title="bbox 237 3315 1829 3392">
    <p class='ocr_par' dir='ltr' id='par_1_64' title="bbox 237 3315 1829 3392">
     <span class='ocr_line' id='line_1_64' title="bbox 237 3315 1829 3392; baseline -0.003 -19"><span class='ocrx_word' id='word_1_473' title='bbox 237 3318 342 3383; x_wconf 77' lang='grc' dir='ltr'><strong>τὰς</strong></span> <span class='ocrx_word' id='word_1_474' title='bbox 399 3320 504 3372; x_wconf 81' lang='grc' dir='ltr'><strong>ὑπὸ</strong></span> <span class='ocrx_word' id='word_1_475' title='bbox 551 3320 847 3392; x_wconf 76' lang='grc' dir='ltr'>αἱρετικῶν</span> <span class='ocrx_word' id='word_1_476' title='bbox 886 3318 1260 3388; x_wconf 86' lang='grc' dir='ltr'>κατεχομένας</span> <span class='ocrx_word' id='word_1_477' title='bbox 1289 3315 1590 3386; x_wconf 80' lang='grc' dir='ltr'>ἐκκλησίας</span> <span class='ocrx_word' id='word_1_478' title='bbox 1615 3316 1688 3386; x_wconf 85' lang='grc' dir='ltr'>μὴ</span> <span class='ocrx_word' id='word_1_479' title='bbox 1715 3317 1829 3368; x_wconf 89' lang='grc' dir='ltr'>εἰσ-</span> 
     </span>
    </p>
   </div>
   <div class='ocr_carea' id='block_1_65' title="bbox 245 3406 1826 3484">
    <p class='ocr_par' dir='ltr' id='par_1_65' title="bbox 245 3406 1826 3484">
     <span class='ocr_line' id='line_1_65' title="bbox 245 3406 1826 3484; baseline -0.002 -22"><span class='ocrx_word' id='word_1_480' title='bbox 245 3411 404 3476; x_wconf 85' lang='grc' dir='ltr'>ιέναι,</span> <span class='ocrx_word' id='word_1_481' title='bbox 455 3413 595 3484; x_wconf 87' lang='grc' dir='ltr'>μήτε</span> <span class='ocrx_word' id='word_1_482' title='bbox 643 3413 738 3466; x_wconf 83' lang='grc' dir='ltr'>ἐὰν</span> <span class='ocrx_word' id='word_1_483' title='bbox 781 3411 915 3482; x_wconf 82' lang='grc' dir='ltr'>ἐαθῇ</span> <span class='ocrx_word' id='word_1_484' title='bbox 987 3410 1138 3473; x_wconf 88' lang='grc' dir='ltr'>ναὸς,</span> <span class='ocrx_word' id='word_1_485' title='bbox 1185 3406 1507 3479; x_wconf 88' lang='grc' dir='ltr'>κρατεῖσθαι</span> <span class='ocrx_word' id='word_1_486' title='bbox 1533 3407 1638 3460; x_wconf 81' lang='grc' dir='ltr'><strong>ὑπὸ</strong></span> <span class='ocrx_word' id='word_1_487' title='bbox 1669 3407 1826 3478; x_wconf 84' lang='grc' dir='ltr'>ὀρθο-</span> 
     </span>
    </p>
   </div>
   <div class='ocr_carea' id='block_1_66' title="bbox 240 3501 1827 3574">
    <p class='ocr_par' dir='ltr' id='par_1_66' title="bbox 240 3501 1827 3574">
     <span class='ocr_line' id='line_1_66' title="bbox 240 3501 1827 3574; baseline -0.002 -18"><span class='ocrx_word' id='word_1_488' title='bbox 240 3501 398 3568; x_wconf 83' lang='grc' dir='ltr'>δόξου</span> <span class='ocrx_word' id='word_1_489' title='bbox 428 3505 566 3574; x_wconf 88' lang='grc' dir='ltr'><strong>μετὰ</strong></span> <span class='ocrx_word' id='word_1_490' title='bbox 593 3505 655 3558; x_wconf 84' lang='grc' dir='ltr'>τδ</span> <span class='ocrx_word' id='word_1_491' title='bbox 676 3507 852 3558; x_wconf 89' lang='grc' dir='ltr'>ἐκεῖσε</span> <span class='ocrx_word' id='word_1_492' title='bbox 899 3504 1184 3574; x_wconf 83' lang='grc' dir='ltr'>αίρετικὰς</span> <span class='ocrx_word' id='word_1_493' title='bbox 1233 3501 1510 3572; x_wconf 78' lang='grc' dir='ltr'>ἀναφορὰς</span> <span class='ocrx_word' id='word_1_494' title='bbox 1553 3501 1827 3570; x_wconf 84' lang='grc' dir='ltr'>γενέσθαι,</span> 
     </span>
    </p>
   </div>
   <div class='ocr_carea' id='block_1_67' title="bbox 242 3591 1828 3668">
    <p class='ocr_par' dir='ltr' id='par_1_67' title="bbox 242 3591 1828 3668">
     <span class='ocr_line' id='line_1_67' title="bbox 242 3591 1828 3668; baseline -0.002 -21"><span class='ocrx_word' id='word_1_495' title='bbox 242 3595 582 3668; x_wconf 81' lang='grc' dir='ltr'>λειτουργεῖν</span> <span class='ocrx_word' id='word_1_496' title='bbox 599 3597 686 3650; x_wconf 75' lang='grc' dir='ltr'><strong>τὸν</strong></span> <span class='ocrx_word' id='word_1_497' title='bbox 703 3594 1010 3668; x_wconf 79' lang='grc' dir='ltr'>όρθὸδοξον,</span> <span class='ocrx_word' id='word_1_498' title='bbox 1030 3595 1158 3649; x_wconf 75' lang='grc' dir='ltr'>ἄνευ</span> <span class='ocrx_word' id='word_1_499' title='bbox 1184 3592 1391 3656; x_wconf 79' lang='grc' dir='ltr'>λύσεως</span> <span class='ocrx_word' id='word_1_500' title='bbox 1414 3591 1828 3664; x_wconf 75' lang='grc' dir='ltr'>ὀρθοδοξοῦντος</span> 
     </span>
    </p>
   </div>
   <div class='ocr_carea' id='block_1_68' title="bbox 244 3690 574 3744">
    <p class='ocr_par' dir='ltr' id='par_1_68' title="bbox 244 3690 574 3744">
     <span class='ocr_line' id='line_1_68' title="bbox 244 3690 574 3744; baseline 0 0"><span class='ocrx_word' id='word_1_501' title='bbox 244 3690 574 3744; x_wconf 81' lang='grc' dir='ltr'>ἐπισκόπου.</span> 
     </span>
    </p>
   </div>
   <div class='ocr_carea' id='block_1_69' title="bbox 331 3863 1830 3939">
    <p class='ocr_par' dir='ltr' id='par_1_69' title="bbox 331 3863 1830 3939">
     <span class='ocr_line' id='line_1_69' title="bbox 331 3863 1830 3939; baseline -0.004 -17"><span class='ocrx_word' id='word_1_502' title='bbox 331 3869 488 3922; x_wconf 77' lang='grc' dir='ltr'>Ἐπεὶ</span> <span class='ocrx_word' id='word_1_503' title='bbox 512 3868 608 3924; x_wconf 74' lang='grc' dir='ltr'><strong>οὖν</strong></span> <span class='ocrx_word' id='word_1_504' title='bbox 659 3867 881 3938; x_wconf 73' lang='grc' dir='ltr'>εὐδοκία</span> <span class='ocrx_word' id='word_1_505' title='bbox 915 3866 1052 3920; x_wconf 77' lang='grc' dir='ltr'>Θεοῦ</span> <span class='ocrx_word' id='word_1_506' title='bbox 1089 3866 1397 3939; x_wconf 83' lang='grc' dir='ltr'>ἀφείθημεν</span> <span class='ocrx_word' id='word_1_507' title='bbox 1438 3865 1548 3920; x_wconf 86' lang='grc' dir='ltr'>τῶν</span> <span class='ocrx_word' id='word_1_508' title='bbox 1575 3863 1830 3934; x_wconf 84' lang='grc' dir='ltr'>φυλακῶν</span> 
     </span>
    </p>
   </div>
   <div class='ocr_carea' id='block_1_70' title="bbox 247 3957 1832 4032">
    <p class='ocr_par' dir='ltr' id='par_1_70' title="bbox 247 3957 1832 4032">
     <span class='ocr_line' id='line_1_70' title="bbox 247 3957 1832 4032; baseline -0.002 -19"><span class='ocrx_word' id='word_1_509' title='bbox 247 3964 348 4014; x_wconf 74' lang='grc' dir='ltr'><strong>καὶ</strong></span> <span class='ocrx_word' id='word_1_510' title='bbox 403 3961 759 4032; x_wconf 80' lang='grc' dir='ltr'>συνήφθημεν</span> <span class='ocrx_word' id='word_1_511' title='bbox 809 3959 888 4030; x_wconf 85' lang='grc' dir='ltr'>τῷ</span> <span class='ocrx_word' id='word_1_512' title='bbox 940 3977 1000 4014; x_wconf 87' lang='grc' dir='ltr'><strong>τε</strong></span> <span class='ocrx_word' id='word_1_513' title='bbox 1044 3961 1334 4031; x_wconf 83' lang='grc' dir='ltr'>ἁγιωτάτῳ</span> <span class='ocrx_word' id='word_1_514' title='bbox 1361 3959 1702 4030; x_wconf 84' lang='grc' dir='ltr'>πατριάρχῃ,</span> <span class='ocrx_word' id='word_1_515' title='bbox 1734 3957 1832 4012; x_wconf 80' lang='grc' dir='ltr'><strong>καὶ</strong></span> 
     </span>
    </p>
   </div>
   <div class='ocr_carea' id='block_1_71' title="bbox 246 4051 1826 4122">
    <p class='ocr_par' dir='ltr' id='par_1_71' title="bbox 246 4051 1826 4122">
     <span class='ocr_line' id='line_1_71' title="bbox 246 4051 1826 4122; baseline -0.003 -16"><span class='ocrx_word' id='word_1_516' title='bbox 246 4055 364 4116; x_wconf 86' lang='grc' dir='ltr'>τοῖς</span> <span class='ocrx_word' id='word_1_517' title='bbox 411 4053 589 4118; x_wconf 81' lang='grc' dir='ltr'>ἁγίοις</span> <span class='ocrx_word' id='word_1_518' title='bbox 638 4052 980 4116; x_wconf 86' lang='grc' dir='ltr'>ἐπισκόποις,</span> <span class='ocrx_word' id='word_1_519' title='bbox 1018 4053 1155 4120; x_wconf 73' lang='grc' dir='ltr'>πρὸς</span> <span class='ocrx_word' id='word_1_520' title='bbox 1206 4053 1262 4105; x_wconf 80' lang='grc' dir='ltr'>δὲ</span> <span class='ocrx_word' id='word_1_521' title='bbox 1321 4053 1417 4105; x_wconf 74' lang='grc' dir='ltr'>καὶ</span> <span class='ocrx_word' id='word_1_522' title='bbox 1457 4051 1626 4114; x_wconf 84' lang='grc' dir='ltr'>ὁσίοις</span> <span class='ocrx_word' id='word_1_523' title='bbox 1661 4051 1826 4122; x_wconf 79' lang='grc' dir='ltr'>ήγου-</span> 
     </span>
    </p>
   </div>
   <div class='ocr_carea' id='block_1_72' title="bbox 255 4139 1828 4214">
    <p class='ocr_par' dir='ltr' id='par_1_72' title="bbox 255 4139 1828 4214">
     <span class='ocr_line' id='line_1_72' title="bbox 255 4139 1828 4214; baseline -0.003 -18"><span class='ocrx_word' id='word_1_524' title='bbox 255 4143 438 4214; x_wconf 83' lang='grc' dir='ltr'>μένοις</span> <span class='ocrx_word' id='word_1_525' title='bbox 487 4143 790 4213; x_wconf 82' lang='grc' dir='ltr'>ἀνεθέμεθα</span> <span class='ocrx_word' id='word_1_526' title='bbox 814 4144 941 4204; x_wconf 83' lang='grc' dir='ltr'>τοὺς</span> <span class='ocrx_word' id='word_1_527' title='bbox 967 4143 1178 4211; x_wconf 84' lang='grc' dir='ltr'>λόγους,</span> <span class='ocrx_word' id='word_1_528' title='bbox 1236 4143 1330 4196; x_wconf 75' lang='grc' dir='ltr'><strong>καὶ</strong></span> <span class='ocrx_word' id='word_1_529' title='bbox 1377 4141 1478 4195; x_wconf 84' lang='grc' dir='ltr'><strong>οὐκ</strong></span> <span class='ocrx_word' id='word_1_530' title='bbox 1537 4139 1828 4212; x_wconf 79' lang='grc' dir='ltr'>ἐμέμφθη-</span> 
     </span>
    </p>
   </div>
   <div class='ocr_carea' id='block_1_73' title="bbox 253 4229 1831 4304">
    <p class='ocr_par' dir='ltr' id='par_1_73' title="bbox 253 4229 1831 4304">
     <span class='ocr_line' id='line_1_73' title="bbox 253 4229 1831 4304; baseline -0.004 -17"><span class='ocrx_word' id='word_1_531' title='bbox 253 4250 358 4304; x_wconf 88' lang='grc' dir='ltr'><strong>μεν</strong></span> <span class='ocrx_word' id='word_1_532' title='bbox 430 4232 584 4304; x_wconf 86' lang='grc' dir='ltr'>παρά</span> <span class='ocrx_word' id='word_1_533' title='bbox 640 4250 785 4295; x_wconf 86' lang='grc' dir='ltr'>τινος</span> <span class='ocrx_word' id='word_1_534' title='bbox 830 4235 889 4286; x_wconf 87' lang='grc' dir='ltr'><strong>ἐν</strong></span> <span class='ocrx_word' id='word_1_535' title='bbox 941 4231 1158 4286; x_wconf 74' lang='grc' dir='ltr'>οὐδενίο</span> <span class='ocrx_word' id='word_1_536' title='bbox 1215 4231 1248 4302; x_wconf 83' lang='grc' dir='ltr'>ἢ</span> <span class='ocrx_word' id='word_1_537' title='bbox 1303 4231 1462 4301; x_wconf 91' lang='grc' dir='ltr'>μόνον</span> <span class='ocrx_word' id='word_1_538' title='bbox 1525 4229 1662 4300; x_wconf 82' lang='grc' dir='ltr'>πρὸς</span> <span class='ocrx_word' id='word_1_539' title='bbox 1712 4229 1831 4292; x_wconf 81' lang='grc' dir='ltr'>ἐνὸς</span> 
     </span>
    </p>
   </div>
   <div class='ocr_carea' id='block_1_74' title="bbox 249 4317 1831 4394">
    <p class='ocr_par' dir='ltr' id='par_1_74' title="bbox 249 4317 1831 4394">
     <span class='ocr_line' id='line_1_74' title="bbox 249 4317 1831 4394; baseline -0.003 -16"><span class='ocrx_word' id='word_1_540' title='bbox 249 4325 349 4379; x_wconf 79' lang='grc' dir='ltr'>ἐπὶ</span> <span class='ocrx_word' id='word_1_541' title='bbox 385 4325 464 4393; x_wconf 84' lang='grc' dir='ltr'><strong>τῷ</strong></span> <span class='ocrx_word' id='word_1_542' title='bbox 486 4325 730 4393; x_wconf 82' lang='grc' dir='ltr'>εὐλογεῖν</span> <span class='ocrx_word' id='word_1_543' title='bbox 753 4341 766 4354; x_wconf 74' lang='grc' dir='ltr'><strong>ο</strong></span> <span class='ocrx_word' id='word_1_544' title='bbox 794 4317 946 4390; x_wconf 81' lang='grc' dir='ltr'>ᾧτινι</span> <span class='ocrx_word' id='word_1_545' title='bbox 998 4321 1446 4394; x_wconf 70' lang='grc' dir='ltr'>ἁπεκρινάμεθαξ·</span> <span class='ocrx_word' id='word_1_546' title='bbox 1487 4322 1570 4375; x_wconf 86' lang='grc' dir='ltr'><strong>ὃτι</strong></span> <span class='ocrx_word' id='word_1_547' title='bbox 1611 4323 1659 4375; x_wconf 88' lang='grc' dir='ltr'><strong>εἱ</strong></span> <span class='ocrx_word' id='word_1_548' title='bbox 1688 4337 1831 4391; x_wconf 90' lang='grc' dir='ltr'>μεμ-</span> 
     </span>
    </p>
   </div>
   <div class='ocr_carea' id='block_1_75' title="bbox 247 4412 1833 4486">
    <p class='ocr_par' dir='ltr' id='par_1_75' title="bbox 247 4412 1833 4486">
     <span class='ocr_line' id='line_1_75' title="bbox 247 4412 1833 4486; baseline -0.003 -15"><span class='ocrx_word' id='word_1_549' title='bbox 247 4418 416 4471; x_wconf 83' lang='grc' dir='ltr'>πτέον</span> <span class='ocrx_word' id='word_1_550' title='bbox 440 4433 455 4449; x_wconf 79' lang='grc' dir='ltr'><strong>ο</strong></span> <span class='ocrx_word' id='word_1_551' title='bbox 501 4416 823 4486; x_wconf 55' lang='grc' dir='ltr'>Ἐξενεχθνῇ</span> <span class='ocrx_word' id='word_1_552' title='bbox 862 4415 999 4484; x_wconf 82' lang='grc' dir='ltr'>ὄρος</span> <span class='ocrx_word' id='word_1_553' title='bbox 1034 4416 1194 4482; x_wconf 81' lang='grc' dir='ltr'>παρὰ</span> <span class='ocrx_word' id='word_1_554' title='bbox 1241 4414 1352 4484; x_wconf 81' lang='grc' dir='ltr'>τῆς</span> <span class='ocrx_word' id='word_1_555' title='bbox 1388 4412 1692 4485; x_wconf 73' lang='grc' dir='ltr'>κεφαλῆςο</span> <span class='ocrx_word' id='word_1_556' title='bbox 1735 4413 1833 4468; x_wconf 71' lang='grc' dir='ltr'>καὶ</span> 
     </span>
    </p>
   </div>
   <div class='ocr_carea' id='block_1_76' title="bbox 1927 3227 3500 3299">
    <p class='ocr_par' dir='ltr' id='par_1_76' title="bbox 1927 3227 3500 3299">
     <span class='ocr_line' id='line_1_76' title="bbox 1927 3227 3500 3299; baseline -0.006 -13"><span class='ocrx_word' id='word_1_557' title='bbox 1927 3231 2249 3286; x_wconf 83' lang='lat' dir='ltr'><strong>benedicere</strong></span> <span class='ocrx_word' id='word_1_558' title='bbox 2273 3240 2328 3285; x_wconf 87' lang='lat' dir='ltr'><strong>et</strong></span> <span class='ocrx_word' id='word_1_559' title='bbox 2359 3245 2518 3284; x_wconf 89' lang='lat' dir='ltr'><strong>orare</strong></span> <span class='ocrx_word' id='word_1_560' title='bbox 2537 3241 2801 3299; x_wconf 73' lang='lat' dir='ltr'><strong>tanquam</strong></span> <span class='ocrx_word' id='word_1_561' title='bbox 2838 3228 3169 3284; x_wconf 90' lang='lat' dir='ltr'><strong>monachum</strong></span> <span class='ocrx_word' id='word_1_562' title='bbox 3211 3227 3500 3291; x_wconf 84' lang='lat' dir='ltr'><strong>duntaxat,</strong></span> 
     </span>
    </p>
   </div>
   <div class='ocr_carea' id='block_1_77' title="bbox 1927 3319 3503 3392">
    <p class='ocr_par' dir='ltr' id='par_1_77' title="bbox 1927 3319 3503 3392">
     <span class='ocr_line' id='line_1_77' title="bbox 1927 3319 3503 3392; baseline -0.005 -12"><span class='ocrx_word' id='word_1_563' title='bbox 1927 3339 2037 3380; x_wconf 90' lang='lat' dir='ltr'><strong>non</strong></span> <span class='ocrx_word' id='word_1_564' title='bbox 2073 3334 2132 3380; x_wconf 89' lang='lat' dir='ltr'><strong>ut</strong></span> <span class='ocrx_word' id='word_1_565' title='bbox 2155 3323 2492 3379; x_wconf 84' lang='lat' dir='ltr'><strong>sacerdotem</strong></span> <span class='ocrx_word' id='word_1_566' title='bbox 2522 3341 2536 3378; x_wconf 88' lang='lat'>:</span> <span class='ocrx_word' id='word_1_567' title='bbox 2566 3322 2658 3378; x_wconf 90' lang='lat' dir='ltr'><strong>sed</strong></span> <span class='ocrx_word' id='word_1_568' title='bbox 2684 3338 2861 3392; x_wconf 85' lang='lat' dir='ltr'><strong>neque</strong></span> <span class='ocrx_word' id='word_1_569' title='bbox 2891 3321 2944 3375; x_wconf 92' lang='lat' dir='ltr'><strong>id</strong></span> <span class='ocrx_word' id='word_1_570' title='bbox 2979 3323 3296 3392; x_wconf 87' lang='lat' dir='ltr'><strong>priusquam</strong></span> <span class='ocrx_word' id='word_1_571' title='bbox 3327 3319 3503 3390; x_wconf 63' lang='lat' dir='ltr'><strong>poeni-</strong></span> 
     </span>
    </p>
   </div>
   <div class='ocr_carea' id='block_1_78' title="bbox 1927 3412 3504 3486">
    <p class='ocr_par' dir='ltr' id='par_1_78' title="bbox 1927 3412 3504 3486">
     <span class='ocr_line' id='line_1_78' title="bbox 1927 3412 3504 3486; baseline -0.006 -12"><span class='ocrx_word' id='word_1_572' title='bbox 1927 3417 2154 3474; x_wconf 86' lang='lat' dir='ltr'><strong>tentiam</strong></span> <span class='ocrx_word' id='word_1_573' title='bbox 2173 3415 2474 3486; x_wconf 80' lang='lat' dir='ltr'><strong>expleverit</strong></span> <span class='ocrx_word' id='word_1_574' title='bbox 2504 3432 2517 3469; x_wconf 88' lang='lat'><strong>:</strong></span> <span class='ocrx_word' id='word_1_575' title='bbox 2546 3429 2724 3485; x_wconf 90' lang='lat' dir='ltr'><strong>neque</strong></span> <span class='ocrx_word' id='word_1_576' title='bbox 2752 3413 2963 3483; x_wconf 85' lang='lat' dir='ltr'><strong>ingredi</strong></span> <span class='ocrx_word' id='word_1_577' title='bbox 2991 3412 3045 3467; x_wconf 90' lang='lat' dir='ltr'><strong>in</strong></span> <span class='ocrx_word' id='word_1_578' title='bbox 3079 3412 3342 3467; x_wconf 81' lang='lat' dir='ltr'><strong>ecclesias</strong></span> <span class='ocrx_word' id='word_1_579' title='bbox 3379 3425 3504 3480; x_wconf 65' lang='lat' dir='ltr'><strong>quae</strong></span> 
     </span>
    </p>
   </div>
   <div class='ocr_carea' id='block_1_79' title="bbox 1928 3506 3501 3578">
    <p class='ocr_par' dir='ltr' id='par_1_79' title="bbox 1928 3506 3501 3578">
     <span class='ocr_line' id='line_1_79' title="bbox 1928 3506 3501 3578; baseline -0.005 -12"><span class='ocrx_word' id='word_1_580' title='bbox 1928 3510 1998 3566; x_wconf 90' lang='lat' dir='ltr'><strong>ab</strong></span> <span class='ocrx_word' id='word_1_581' title='bbox 2031 3510 2301 3566; x_wconf 66' lang='lat' dir='ltr'><strong>hareticis</strong></span> <span class='ocrx_word' id='word_1_582' title='bbox 2331 3517 2606 3571; x_wconf 90' lang='lat' dir='ltr'><strong>tenentur,</strong></span> <span class='ocrx_word' id='word_1_583' title='bbox 2637 3523 2836 3578; x_wconf 86' lang='lat' dir='ltr'><strong>neque,</strong></span> <span class='ocrx_word' id='word_1_584' title='bbox 2869 3507 2914 3562; x_wconf 90' lang='lat' dir='ltr'><strong>si</strong></span> <span class='ocrx_word' id='word_1_585' title='bbox 2947 3506 3205 3576; x_wconf 90' lang='lat' dir='ltr'><strong>templum</strong></span> <span class='ocrx_word' id='word_1_586' title='bbox 3224 3514 3346 3575; x_wconf 90' lang='lat' dir='ltr'><strong>post</strong></span> <span class='ocrx_word' id='word_1_587' title='bbox 3375 3520 3501 3574; x_wconf 88' lang='lat' dir='ltr'><strong>per-</strong></span> 
     </span>
    </p>
   </div>
   <div class='ocr_carea' id='block_1_80' title="bbox 1931 3593 3504 3662">
    <p class='ocr_par' dir='ltr' id='par_1_80' title="bbox 1931 3593 3504 3662">
     <span class='ocr_line' id='line_1_80' title="bbox 1931 3593 3504 3662; baseline -0.005 -6"><span class='ocrx_word' id='word_1_588' title='bbox 1931 3610 2084 3656; x_wconf 88' lang='lat' dir='ltr'><strong>actas</strong></span> <span class='ocrx_word' id='word_1_589' title='bbox 2139 3599 2216 3654; x_wconf 90' lang='lat' dir='ltr'><strong>ibi</strong></span> <span class='ocrx_word' id='word_1_590' title='bbox 2247 3598 2532 3654; x_wconf 72' lang='lat' dir='ltr'><strong>haereticas</strong></span> <span class='ocrx_word' id='word_1_591' title='bbox 2559 3598 2895 3662; x_wconf 79' lang='lat' dir='ltr'><strong>oblationes,</strong></span> <span class='ocrx_word' id='word_1_592' title='bbox 2947 3611 2980 3650; x_wconf 90' lang='lat' dir='ltr'><strong>a</strong></span> <span class='ocrx_word' id='word_1_593' title='bbox 3036 3595 3306 3649; x_wconf 83' lang='lat' dir='ltr'><strong>catholico</strong></span> <span class='ocrx_word' id='word_1_594' title='bbox 3332 3593 3504 3649; x_wconf 86' lang='lat' dir='ltr'><strong>teneri</strong></span> 
     </span>
    </p>
   </div>
   <div class='ocr_carea' id='block_1_81' title="bbox 1928 3685 3506 3760">
    <p class='ocr_par' dir='ltr' id='par_1_81' title="bbox 1928 3685 3506 3760">
     <span class='ocr_line' id='line_1_81' title="bbox 1928 3685 3506 3760; baseline -0.004 -14"><span class='ocrx_word' id='word_1_595' title='bbox 1928 3690 2229 3760; x_wconf 88' lang='lat' dir='ltr'><strong>contingat,</strong></span> <span class='ocrx_word' id='word_1_596' title='bbox 2283 3689 2339 3742; x_wconf 90' lang='lat' dir='ltr'><strong>in</strong></span> <span class='ocrx_word' id='word_1_597' title='bbox 2369 3703 2435 3744; x_wconf 90' lang='lat' dir='ltr'><strong>eo</strong></span> <span class='ocrx_word' id='word_1_598' title='bbox 2474 3703 2630 3744; x_wconf 87' lang='lat' dir='ltr'><strong>sacra</strong></span> <span class='ocrx_word' id='word_1_599' title='bbox 2664 3687 2845 3742; x_wconf 87' lang='lat' dir='ltr'><strong>facere</strong></span> <span class='ocrx_word' id='word_1_600' title='bbox 2874 3686 3262 3750; x_wconf 86' lang='lat' dir='ltr'><strong>orthodoxum,</strong></span> <span class='ocrx_word' id='word_1_601' title='bbox 3295 3685 3506 3756; x_wconf 83' lang='lat' dir='ltr'><strong>absque</strong></span> 
     </span>
    </p>
   </div>
   <div class='ocr_carea' id='block_1_82' title="bbox 1927 3779 2796 3854">
    <p class='ocr_par' dir='ltr' id='par_1_82' title="bbox 1927 3779 2796 3854">
     <span class='ocr_line' id='line_1_82' title="bbox 1927 3779 2796 3854; baseline -0.006 -18"><span class='ocrx_word' id='word_1_602' title='bbox 1927 3783 2197 3854; x_wconf 90' lang='lat' dir='ltr'><strong>permisso</strong></span> <span class='ocrx_word' id='word_1_603' title='bbox 2223 3780 2462 3850; x_wconf 90' lang='lat' dir='ltr'><strong>episcopi</strong></span> <span class='ocrx_word' id='word_1_604' title='bbox 2485 3779 2796 3834; x_wconf 84' lang='lat' dir='ltr'><strong>orthodoxi.</strong></span> 
     </span>
    </p>
   </div>
   <div class='ocr_carea' id='block_1_83' title="bbox 2000 3867 3502 3942">
    <p class='ocr_par' dir='ltr' id='par_1_83' title="bbox 2000 3867 3502 3942">
     <span class='ocr_line' id='line_1_83' title="bbox 2000 3867 3502 3942; baseline -0.004 -16"><span class='ocrx_word' id='word_1_605' title='bbox 2000 3873 2231 3938; x_wconf 82' lang='lat' dir='ltr'><strong>Quando</strong></span> <span class='ocrx_word' id='word_1_606' title='bbox 2259 3872 2443 3942; x_wconf 85' lang='lat' dir='ltr'><strong>igitur,</strong></span> <span class='ocrx_word' id='word_1_607' title='bbox 2484 3870 2578 3925; x_wconf 90' lang='lat' dir='ltr'><strong>Dei</strong></span> <span class='ocrx_word' id='word_1_608' title='bbox 2630 3869 2968 3940; x_wconf 88' lang='lat' dir='ltr'><strong>benignitate</strong></span> <span class='ocrx_word' id='word_1_609' title='bbox 2988 3908 3003 3934; x_wconf 91' lang='lat'><strong>,</strong></span> <span class='ocrx_word' id='word_1_610' title='bbox 3035 3867 3247 3922; x_wconf 87' lang='lat' dir='ltr'><strong>dimissi</strong></span> <span class='ocrx_word' id='word_1_611' title='bbox 3281 3883 3347 3922; x_wconf 87' lang='lat' dir='ltr'><strong>ex</strong></span> <span class='ocrx_word' id='word_1_612' title='bbox 3375 3883 3502 3922; x_wconf 91' lang='lat' dir='ltr'><strong>car-</strong></span> 
     </span>
    </p>
   </div>
   <div class='ocr_carea' id='block_1_84' title="bbox 1929 3960 3502 4033">
    <p class='ocr_par' dir='ltr' id='par_1_84' title="bbox 1929 3960 3502 4033">
     <span class='ocr_line' id='line_1_84' title="bbox 1929 3960 3502 4033; baseline -0.007 -11"><span class='ocrx_word' id='word_1_613' title='bbox 1929 3982 2074 4032; x_wconf 89' lang='lat' dir='ltr'><strong>cere,</strong></span> <span class='ocrx_word' id='word_1_614' title='bbox 2109 3975 2163 4021; x_wconf 90' lang='lat' dir='ltr'><strong>et</strong></span> <span class='ocrx_word' id='word_1_615' title='bbox 2191 3980 2314 4019; x_wconf 83' lang='lat' dir='ltr'><strong>cum</strong></span> <span class='ocrx_word' id='word_1_616' title='bbox 2347 3963 2697 4018; x_wconf 88' lang='lat' dir='ltr'><strong>sanctissimo</strong></span> <span class='ocrx_word' id='word_1_617' title='bbox 2731 3961 3041 4033; x_wconf 74' lang='lat' dir='ltr'><strong>patriarcha</strong></span> <span class='ocrx_word' id='word_1_618' title='bbox 3077 3970 3130 4015; x_wconf 89' lang='lat' dir='ltr'><strong>et</strong></span> <span class='ocrx_word' id='word_1_619' title='bbox 3153 3961 3357 4016; x_wconf 87' lang='lat' dir='ltr'><strong>sanctis</strong></span> <span class='ocrx_word' id='word_1_620' title='bbox 3385 3960 3502 4030; x_wconf 88' lang='lat' dir='ltr'><strong>epi-</strong></span> 
     </span>
    </p>
   </div>
   <div class='ocr_carea' id='block_1_85' title="bbox 1930 4055 3505 4128">
    <p class='ocr_par' dir='ltr' id='par_1_85' title="bbox 1930 4055 3505 4128">
     <span class='ocr_line' id='line_1_85' title="bbox 1930 4055 3505 4128; baseline -0.003 -13"><span class='ocrx_word' id='word_1_621' title='bbox 1930 4059 2112 4128; x_wconf 87' lang='lat' dir='ltr'><strong>sc0pis</strong></span> <span class='ocrx_word' id='word_1_622' title='bbox 2165 4057 2436 4113; x_wconf 85' lang='lat' dir='ltr'><strong>conciliati</strong></span> <span class='ocrx_word' id='word_1_623' title='bbox 2504 4070 2730 4119; x_wconf 90' lang='lat' dir='ltr'><strong>sumus,</strong></span> <span class='ocrx_word' id='word_1_624' title='bbox 2785 4065 2949 4125; x_wconf 90' lang='lat' dir='ltr'><strong>atque</strong></span> <span class='ocrx_word' id='word_1_625' title='bbox 3021 4055 3243 4124; x_wconf 91' lang='lat' dir='ltr'><strong>insuper</strong></span> <span class='ocrx_word' id='word_1_626' title='bbox 3297 4055 3505 4111; x_wconf 84' lang='lat' dir='ltr'><strong>sanctis</strong></span> 
     </span>
    </p>
   </div>
   <div class='ocr_carea' id='block_1_86' title="bbox 1929 4144 3506 4218">
    <p class='ocr_par' dir='ltr' id='par_1_86' title="bbox 1929 4144 3506 4218">
     <span class='ocr_line' id='line_1_86' title="bbox 1929 4144 3506 4218; baseline 0.001 -18"><span class='ocrx_word' id='word_1_627' title='bbox 1929 4147 2234 4218; x_wconf 71' lang='lat' dir='ltr'><strong>praepositis</strong></span> <span class='ocrx_word' id='word_1_628' title='bbox 2274 4145 2539 4201; x_wconf 88' lang='lat' dir='ltr'><strong>rationem</strong></span> <span class='ocrx_word' id='word_1_629' title='bbox 2572 4144 2927 4210; x_wconf 89' lang='lat' dir='ltr'><strong>reddidimus,</strong></span> <span class='ocrx_word' id='word_1_630' title='bbox 2977 4160 3154 4215; x_wconf 89' lang='lat' dir='ltr'><strong>neque</strong></span> <span class='ocrx_word' id='word_1_631' title='bbox 3198 4146 3306 4200; x_wconf 90' lang='lat' dir='ltr'><strong>ulla</strong></span> <span class='ocrx_word' id='word_1_632' title='bbox 3343 4147 3398 4201; x_wconf 82' lang='lat' dir='ltr'><strong>in</strong></span> <span class='ocrx_word' id='word_1_633' title='bbox 3447 4162 3506 4201; x_wconf 89' lang='lat' dir='ltr'><strong>re</strong></span> 
     </span>
    </p>
   </div>
   <div class='ocr_carea' id='block_1_87' title="bbox 1928 4237 3506 4308">
    <p class='ocr_par' dir='ltr' id='par_1_87' title="bbox 1928 4237 3506 4308">
     <span class='ocr_line' id='line_1_87' title="bbox 1928 4237 3506 4308; baseline -0.001 -13"><span class='ocrx_word' id='word_1_634' title='bbox 1928 4240 1996 4295; x_wconf 90' lang='lat' dir='ltr'><strong>de</strong></span> <span class='ocrx_word' id='word_1_635' title='bbox 2039 4239 2199 4296; x_wconf 84' lang='lat' dir='ltr'><strong>nobis</strong></span> <span class='ocrx_word' id='word_1_636' title='bbox 2257 4237 2550 4308; x_wconf 89' lang='lat' dir='ltr'><strong>quisquam</strong></span> <span class='ocrx_word' id='word_1_637' title='bbox 2621 4247 2953 4308; x_wconf 87' lang='lat' dir='ltr'><strong>conquestus</strong></span> <span class='ocrx_word' id='word_1_638' title='bbox 3011 4249 3139 4304; x_wconf 90' lang='lat' dir='ltr'><strong>est,</strong></span> <span class='ocrx_word' id='word_1_639' title='bbox 3198 4239 3302 4293; x_wconf 87' lang='lat' dir='ltr'><strong>nisi</strong></span> <span class='ocrx_word' id='word_1_640' title='bbox 3362 4255 3506 4294; x_wconf 88' lang='lat' dir='ltr'><strong>unus</strong></span> 
     </span>
    </p>
   </div>
   <div class='ocr_carea' id='block_1_88' title="bbox 1931 4329 3508 4402">
    <p class='ocr_par' dir='ltr' id='par_1_88' title="bbox 1931 4329 3508 4402">
     <span class='ocr_line' id='line_1_88' title="bbox 1931 4329 3508 4402; baseline 0.001 -16"><span class='ocrx_word' id='word_1_641' title='bbox 1931 4331 1987 4386; x_wconf 92' lang='lat' dir='ltr'><strong>in</strong></span> <span class='ocrx_word' id='word_1_642' title='bbox 2017 4347 2083 4388; x_wconf 89' lang='lat' dir='ltr'><strong>eo</strong></span> <span class='ocrx_word' id='word_1_643' title='bbox 2115 4331 2257 4401; x_wconf 91' lang='lat' dir='ltr'><strong>quod</strong></span> <span class='ocrx_word' id='word_1_644' title='bbox 2289 4340 2499 4402; x_wconf 88' lang='lat' dir='ltr'><strong>spectat</strong></span> <span class='ocrx_word' id='word_1_645' title='bbox 2543 4329 2608 4385; x_wconf 87' lang='lat' dir='ltr'><strong>ad</strong></span> <span class='ocrx_word' id='word_1_646' title='bbox 2662 4332 3124 4398; x_wconf 88' lang='lat' dir='ltr'><strong>benedictionem;</strong></span> <span class='ocrx_word' id='word_1_647' title='bbox 3151 4331 3240 4386; x_wconf 89' lang='lat' dir='ltr'><strong>cui</strong></span> <span class='ocrx_word' id='word_1_648' title='bbox 3273 4333 3374 4387; x_wconf 87' lang='lat' dir='ltr'><strong>hoc</strong></span> <span class='ocrx_word' id='word_1_649' title='bbox 3421 4347 3508 4387; x_wconf 80' lang='lat' dir='ltr'><strong>re-</strong></span> 
     </span>
    </p>
   </div>
   <div class='ocr_carea' id='block_1_89' title="bbox 1931 4419 3508 4490">
    <p class='ocr_par' dir='ltr' id='par_1_89' title="bbox 1931 4419 3508 4490">
     <span class='ocr_line' id='line_1_89' title="bbox 1931 4419 3508 4490; baseline -0.002 -14"><span class='ocrx_word' id='word_1_650' title='bbox 1931 4420 2293 4490; x_wconf 79' lang='lat' dir='ltr'><strong>spondimus:</strong></span> <span class='ocrx_word' id='word_1_651' title='bbox 2326 4419 2382 4474; x_wconf 83' lang='lat' dir='ltr'><strong>Si</strong></span> <span class='ocrx_word' id='word_1_652' title='bbox 2411 4419 2771 4475; x_wconf 70' lang='lat' dir='ltr'><strong>offensionem</strong></span> <span class='ocrx_word' id='word_1_653' title='bbox 2803 4421 2966 4476; x_wconf 82' lang='lat' dir='ltr'><strong>habet</strong></span> <span class='ocrx_word' id='word_1_654' title='bbox 2994 4421 3140 4475; x_wconf 89' lang='lat' dir='ltr'><strong>istud</strong></span> <span class='ocrx_word' id='word_1_655' title='bbox 3175 4439 3189 4476; x_wconf 91' lang='lat'><strong>:</strong></span> <span class='ocrx_word' id='word_1_656' title='bbox 3223 4419 3378 4475; x_wconf 79' lang='lat' dir='ltr'><strong>Mons</strong></span> <span class='ocrx_word' id='word_1_657' title='bbox 3412 4435 3508 4475; x_wconf 68' lang='lat' dir='ltr'><strong>es-</strong></span> 
     </span>
    </p>
   </div>
   <div class='ocr_carea' id='block_1_90' title="bbox 244 4508 1822 4582">
    <p class='ocr_par' dir='ltr' id='par_1_90' title="bbox 244 4508 1815 4582">
     <span class='ocr_line' id='line_1_90' title="bbox 244 4508 1815 4582; baseline -0.003 -18"><span class='ocrx_word' id='word_1_658' title='bbox 244 4513 416 4582; x_wconf 77' lang='grc' dir='ltr'>ήμεῖς</span> <span class='ocrx_word' id='word_1_659' title='bbox 454 4511 768 4581; x_wconf 85' lang='grc' dir='ltr'>σιωπῶμεν.</span> <span class='ocrx_word' id='word_1_660' title='bbox 823 4511 988 4563; x_wconf 84' lang='grc' dir='ltr'>Ὥστε</span> <span class='ocrx_word' id='word_1_661' title='bbox 1022 4511 1072 4563; x_wconf 88' lang='grc' dir='ltr'><strong>οί</strong></span> <span class='ocrx_word' id='word_1_662' title='bbox 1122 4508 1500 4579; x_wconf 80' lang='grc' dir='ltr'>ἐγκαλοῦντες,</span> <span class='ocrx_word' id='word_1_663' title='bbox 1540 4509 1615 4580; x_wconf 81' lang='grc' dir='ltr'><strong>μὴ</strong></span> <span class='ocrx_word' id='word_1_664' title='bbox 1661 4509 1815 4580; x_wconf 84' lang='grc' dir='ltr'>ἡμῖν,</span> 
     </span>
    </p>
   </div>
   <div class='ocr_carea' id='block_1_91' title="bbox 1923 4508 3509 4582">
    <p class='ocr_par' dir='ltr' id='par_1_91' title="bbox 1923 4510 3509 4580">
     <span class='ocr_line' id='line_1_91' title="bbox 1923 4510 3509 4580; baseline 0.001 -13"><span class='ocrx_word' id='word_1_665' title='bbox 1923 4512 2062 4567; x_wconf 70' lang='lat' dir='ltr'><strong>visus</strong></span> <span class='ocrx_word' id='word_1_666' title='bbox 2087 4520 2164 4564; x_wconf 77' lang='lat' dir='ltr'><strong>est</strong></span> <span class='ocrx_word' id='word_1_667' title='bbox 2183 4512 2248 4566; x_wconf 87' lang='lat' dir='ltr'><strong>ab</strong></span> <span class='ocrx_word' id='word_1_668' title='bbox 2265 4511 2378 4580; x_wconf 81' lang='lat' dir='ltr'><strong>ipso</strong></span> <span class='ocrx_word' id='word_1_669' title='bbox 2395 4512 2586 4566; x_wconf 81' lang='lat' dir='ltr'><strong>vertice</strong></span> <span class='ocrx_word' id='word_1_670' title='bbox 2609 4510 2764 4580; x_wconf 60' lang='lat'><strong>&quot;&#39;3‘;</strong></span> <span class='ocrx_word' id='word_1_671' title='bbox 2785 4529 2886 4570; x_wconf 91' lang='lat' dir='ltr'><strong>nos</strong></span> <span class='ocrx_word' id='word_1_672' title='bbox 2905 4528 3033 4568; x_wconf 84' lang='lat' dir='ltr'><strong>vero</strong></span> <span class='ocrx_word' id='word_1_673' title='bbox 3061 4513 3344 4568; x_wconf 80' lang='lat' dir='ltr'><strong>silebimus</strong></span> <span class='ocrx_word' id='word_1_674' title='bbox 3371 4531 3384 4566; x_wconf 91' lang='lat'><strong>:</strong></span> <span class='ocrx_word' id='word_1_675' title='bbox 3413 4528 3509 4568; x_wconf 50' lang='lat' dir='ltr'><strong>aer</strong></span> 
     </span>
    </p>
   </div>
   <div class='ocr_carea' id='block_1_92' title="bbox 252 4593 1833 4674">
    <p class='ocr_par' dir='ltr' id='par_1_92' title="bbox 252 4593 1833 4674">
     <span class='ocr_line' id='line_1_92' title="bbox 252 4593 1833 4674; baseline -0.004 -15"><span class='ocrx_word' id='word_1_676' title='bbox 252 4603 400 4659; x_wconf 82' lang='grc' dir='ltr'>ἀλλὰ</span> <span class='ocrx_word' id='word_1_677' title='bbox 436 4605 550 4666; x_wconf 88' lang='grc' dir='ltr'>τοῖς</span> <span class='ocrx_word' id='word_1_678' title='bbox 615 4605 826 4674; x_wconf 89' lang='grc' dir='ltr'>κυρίοις</span> <span class='ocrx_word' id='word_1_679' title='bbox 867 4602 1190 4666; x_wconf 81' lang='grc' dir='ltr'>ἐπισκόποις</span> <span class='ocrx_word' id='word_1_680' title='bbox 1247 4600 1658 4670; x_wconf 77' lang='grc' dir='ltr'>ἐγκαλείτωσαν</span> <span class='ocrx_word' id='word_1_681' title='bbox 1685 4616 1699 4629; x_wconf 85' lang='grc'><strong>·</strong></span> <span class='ocrx_word' id='word_1_682' title='bbox 1751 4593 1833 4662; x_wconf 77' lang='grc' dir='ltr'>οἷς</span> 
     </span>
    </p>
   </div>
   <div class='ocr_carea' id='block_1_93' title="bbox 248 4692 1830 4768">
    <p class='ocr_par' dir='ltr' id='par_1_93' title="bbox 248 4692 1830 4768">
     <span class='ocr_line' id='line_1_93' title="bbox 248 4692 1830 4768; baseline -0.003 -18"><span class='ocrx_word' id='word_1_683' title='bbox 248 4698 418 4768; x_wconf 81' lang='grc' dir='ltr'>ἡμεῖς</span> <span class='ocrx_word' id='word_1_684' title='bbox 466 4697 514 4750; x_wconf 81' lang='grc' dir='ltr'>οἱ</span> <span class='ocrx_word' id='word_1_685' title='bbox 542 4695 776 4758; x_wconf 77' lang='grc' dir='ltr'>εὐτελεῖς</span> <span class='ocrx_word' id='word_1_686' title='bbox 804 4695 897 4748; x_wconf 76' lang='grc' dir='ltr'>καὶ</span> <span class='ocrx_word' id='word_1_687' title='bbox 932 4695 1214 4765; x_wconf 66' lang='grc' dir='ltr'>ὑφειμένοι</span> <span class='ocrx_word' id='word_1_688' title='bbox 1241 4693 1500 4764; x_wconf 81' lang='grc' dir='ltr'>ἑπόμενοι</span> <span class='ocrx_word' id='word_1_689' title='bbox 1529 4709 1542 4723; x_wconf 77' lang='grc' dir='ltr'><strong>ο</strong></span> <span class='ocrx_word' id='word_1_690' title='bbox 1571 4692 1667 4746; x_wconf 73' lang='grc' dir='ltr'><strong>καὶ</strong></span> <span class='ocrx_word' id='word_1_691' title='bbox 1698 4692 1830 4762; x_wconf 89' lang='grc' dir='ltr'>παρ’</span> 
     </span>
    </p>
   </div>
   <div class='ocr_carea' id='block_1_94' title="bbox 251 4785 1832 4860">
    <p class='ocr_par' dir='ltr' id='par_1_94' title="bbox 251 4785 1832 4860">
     <span class='ocr_line' id='line_1_94' title="bbox 251 4785 1832 4860; baseline -0.003 -17"><span class='ocrx_word' id='word_1_692' title='bbox 251 4790 436 4844; x_wconf 81' lang='grc' dir='ltr'>αὐτῶν</span> <span class='ocrx_word' id='word_1_693' title='bbox 492 4788 914 4857; x_wconf 85' lang='grc' dir='ltr'>ἁναγκαστικῶς</span> <span class='ocrx_word' id='word_1_694' title='bbox 962 4789 1399 4860; x_wconf 83' lang='grc' dir='ltr'>προτρεπόμενοι</span> <span class='ocrx_word' id='word_1_695' title='bbox 1465 4785 1628 4857; x_wconf 81' lang='grc' dir='ltr'>μέχρι</span> <span class='ocrx_word' id='word_1_696' title='bbox 1661 4785 1832 4856; x_wconf 80' lang='grc' dir='ltr'>σήμε-</span> 
     </span>
    </p>
   </div>
   <div class='ocr_carea' id='block_1_95' title="bbox 257 4876 1831 4951">
    <p class='ocr_par' dir='ltr' id='par_1_95' title="bbox 257 4876 1831 4951">
     <span class='ocr_line' id='line_1_95' title="bbox 257 4876 1831 4951; baseline -0.003 -17"><span class='ocrx_word' id='word_1_697' title='bbox 257 4899 352 4946; x_wconf 85' lang='grc' dir='ltr'><strong>ρον</strong></span> <span class='ocrx_word' id='word_1_698' title='bbox 401 4879 496 4935; x_wconf 73' lang='grc' dir='ltr'>καὶ</span> <span class='ocrx_word' id='word_1_699' title='bbox 548 4879 834 4948; x_wconf 82' lang='grc' dir='ltr'>ἐδώκαμεν</span> <span class='ocrx_word' id='word_1_700' title='bbox 903 4879 1157 4951; x_wconf 88' lang='grc' dir='ltr'>ἐπιτίμια</span> <span class='ocrx_word' id='word_1_701' title='bbox 1240 4879 1383 4933; x_wconf 78' lang='grc' dir='ltr'>κατὰ</span> <span class='ocrx_word' id='word_1_702' title='bbox 1442 4878 1533 4932; x_wconf 78' lang='grc' dir='ltr'><strong>τὸν</strong></span> <span class='ocrx_word' id='word_1_703' title='bbox 1599 4876 1831 4949; x_wconf 79' lang='grc' dir='ltr'>εἰρημέ-</span> 
     </span>
    </p>
   </div>
   <div class='ocr_carea' id='block_1_96' title="bbox 253 4969 1837 5044">
    <p class='ocr_par' dir='ltr' id='par_1_96' title="bbox 253 4969 1837 5044">
     <span class='ocr_line' id='line_1_96' title="bbox 253 4969 1837 5044; baseline -0.004 -16"><span class='ocrx_word' id='word_1_704' title='bbox 253 4991 348 5028; x_wconf 87' lang='grc' dir='ltr'><strong>νον</strong></span> <span class='ocrx_word' id='word_1_705' title='bbox 395 4974 622 5044; x_wconf 69' lang='grc' dir='ltr'>εἱρμὸν,</span> <span class='ocrx_word' id='word_1_706' title='bbox 669 4973 765 5027; x_wconf 75' lang='grc' dir='ltr'><strong>καὶ</strong></span> <span class='ocrx_word' id='word_1_707' title='bbox 834 4972 1175 5042; x_wconf 84' lang='grc' dir='ltr'>ἐπιδιδοῦμεν</span> <span class='ocrx_word' id='word_1_708' title='bbox 1267 4971 1430 5026; x_wconf 83' lang='grc' dir='ltr'>ὁπότε</span> <span class='ocrx_word' id='word_1_709' title='bbox 1474 4969 1636 5042; x_wconf 81' lang='grc' dir='ltr'>τύχῃ.</span> <span class='ocrx_word' id='word_1_710' title='bbox 1698 4971 1837 5024; x_wconf 83' lang='grc' dir='ltr'>Σκο-</span> 
     </span>
    </p>
   </div>
   <div class='ocr_carea' id='block_1_97' title="bbox 263 5058 1839 5134">
    <p class='ocr_par' dir='ltr' id='par_1_97' title="bbox 263 5058 1839 5134">
     <span class='ocr_line' id='line_1_97' title="bbox 263 5058 1839 5134; baseline -0.004 -16"><span class='ocrx_word' id='word_1_711' title='bbox 263 5065 540 5118; x_wconf 88' lang='grc' dir='ltr'>πείτωσαν</span> <span class='ocrx_word' id='word_1_712' title='bbox 564 5064 621 5118; x_wconf 83' lang='grc' dir='ltr'>δὲ</span> <span class='ocrx_word' id='word_1_713' title='bbox 654 5067 702 5118; x_wconf 90' lang='grc' dir='ltr'><strong>οἱ</strong></span> <span class='ocrx_word' id='word_1_714' title='bbox 727 5062 1185 5134; x_wconf 84' lang='grc' dir='ltr'>φιλεγκλήμονες,</span> <span class='ocrx_word' id='word_1_715' title='bbox 1219 5063 1415 5133; x_wconf 89' lang='grc' dir='ltr'>μήπως</span> <span class='ocrx_word' id='word_1_716' title='bbox 1460 5060 1554 5114; x_wconf 84' lang='grc' dir='ltr'><strong>τὸν</strong></span> <span class='ocrx_word' id='word_1_717' title='bbox 1599 5058 1839 5114; x_wconf 85' lang='grc' dir='ltr'>κώνωπα</span> 
     </span>
    </p>
   </div>
   <div class='ocr_carea' id='block_1_98' title="bbox 261 5150 1834 5226">
    <p class='ocr_par' dir='ltr' id='par_1_98' title="bbox 261 5150 1834 5226">
     <span class='ocr_line' id='line_1_98' title="bbox 261 5150 1834 5226; baseline -0.006 -16"><span class='ocrx_word' id='word_1_718' title='bbox 261 5155 619 5220; x_wconf 81' lang='grc' dir='ltr'>διῦλίζοντες,</span> <span class='ocrx_word' id='word_1_719' title='bbox 663 5153 924 5226; x_wconf 82' lang='grc' dir='ltr'>λελήθασι</span> <span class='ocrx_word' id='word_1_720' title='bbox 957 5157 1060 5223; x_wconf 80' lang='grc' dir='ltr'><strong>τὴν</strong></span> <span class='ocrx_word' id='word_1_721' title='bbox 1107 5152 1356 5224; x_wconf 83' lang='grc' dir='ltr'>κάμηλον</span> <span class='ocrx_word' id='word_1_722' title='bbox 1401 5150 1794 5212; x_wconf 85' lang='grc' dir='ltr'>καταπίνοντες</span> <span class='ocrx_word' id='word_1_723' title='bbox 1821 5166 1834 5180; x_wconf 89' lang='grc'><strong>·</strong></span> 
     </span>
    </p>
   </div>
   <div class='ocr_carea' id='block_1_99' title="bbox 261 5242 1837 5319">
    <p class='ocr_par' dir='ltr' id='par_1_99' title="bbox 261 5242 1837 5319">
     <span class='ocr_line' id='line_1_99' title="bbox 261 5242 1837 5319; baseline -0.004 -16"><span class='ocrx_word' id='word_1_724' title='bbox 261 5249 361 5303; x_wconf 66' lang='grc' dir='ltr'><strong>καὶ</strong></span> <span class='ocrx_word' id='word_1_725' title='bbox 381 5247 449 5301; x_wconf 86' lang='grc' dir='ltr'><strong>τὰ</strong></span> <span class='ocrx_word' id='word_1_726' title='bbox 471 5247 658 5319; x_wconf 81' lang='grc' dir='ltr'>κάρφη</span> <span class='ocrx_word' id='word_1_727' title='bbox 683 5245 1064 5317; x_wconf 81' lang='grc' dir='ltr'>ψηλαφῶντες,</span> <span class='ocrx_word' id='word_1_728' title='bbox 1097 5247 1196 5300; x_wconf 80' lang='grc' dir='ltr'><strong>οὐκ</strong></span> <span class='ocrx_word' id='word_1_729' title='bbox 1247 5243 1595 5300; x_wconf 76' lang='grc' dir='ltr'>αἰσθάνονται</span> <span class='ocrx_word' id='word_1_730' title='bbox 1619 5243 1717 5313; x_wconf 82' lang='grc' dir='ltr'>τὴν</span> <span class='ocrx_word' id='word_1_731' title='bbox 1749 5242 1837 5296; x_wconf 90' lang='grc' dir='ltr'>δο-</span> 
     </span>
    </p>
   </div>
   <div class='ocr_carea' id='block_1_100' title="bbox 259 5332 1840 5410">
    <p class='ocr_par' dir='ltr' id='par_1_100' title="bbox 259 5332 1840 5410">
     <span class='ocr_line' id='line_1_100' title="bbox 259 5332 1840 5410; baseline -0.005 -16"><span class='ocrx_word' id='word_1_732' title='bbox 259 5341 363 5394; x_wconf 74' lang='grc' dir='ltr'><strong>κὸν</strong></span> <span class='ocrx_word' id='word_1_733' title='bbox 388 5339 804 5410; x_wconf 82' lang='grc' dir='ltr'>περιφέροντες.</span> <span class='ocrx_word' id='word_1_734' title='bbox 849 5337 1043 5409; x_wconf 81' lang='grc' dir='ltr'>Ἡμεῖς</span> <span class='ocrx_word' id='word_1_735' title='bbox 1062 5333 1156 5390; x_wconf 82' lang='grc' dir='ltr'><strong>οὖν</strong></span> <span class='ocrx_word' id='word_1_736' title='bbox 1174 5336 1338 5400; x_wconf 77' lang='grc' dir='ltr'>οὕτω,</span> <span class='ocrx_word' id='word_1_737' title='bbox 1361 5335 1654 5405; x_wconf 86' lang='grc' dir='ltr'>θεοτίμητε</span> <span class='ocrx_word' id='word_1_738' title='bbox 1684 5332 1840 5388; x_wconf 89' lang='grc' dir='ltr'>ἁδελ-</span> 
     </span>
    </p>
   </div>
   <div class='ocr_carea' id='block_1_101' title="bbox 260 5427 1842 5502">
    <p class='ocr_par' dir='ltr' id='par_1_101' title="bbox 260 5427 1842 5502">
     <span class='ocr_line' id='line_1_101' title="bbox 260 5427 1842 5502; baseline -0.004 -17"><span class='ocrx_word' id='word_1_739' title='bbox 260 5432 354 5502; x_wconf 85' lang='grc' dir='ltr'><strong>φέ,</strong></span> <span class='ocrx_word' id='word_1_740' title='bbox 390 5431 467 5493; x_wconf 83' lang='grc' dir='ltr'>ὡς</span> <span class='ocrx_word' id='word_1_741' title='bbox 501 5431 607 5484; x_wconf 82' lang='grc' dir='ltr'><strong>ὑπὸ</strong></span> <span class='ocrx_word' id='word_1_742' title='bbox 662 5428 781 5500; x_wconf 87' lang='grc' dir='ltr'><strong>Θεῷ</strong></span> <span class='ocrx_word' id='word_1_743' title='bbox 826 5431 1065 5501; x_wconf 85' lang='grc' dir='ltr'>μάρτυρι</span> <span class='ocrx_word' id='word_1_744' title='bbox 1117 5429 1470 5500; x_wconf 87' lang='grc' dir='ltr'>διεγενόμεθα</span> <span class='ocrx_word' id='word_1_745' title='bbox 1527 5427 1842 5499; x_wconf 84' lang='grc' dir='ltr'>συμπαθείᾳ</span> 
     </span>
    </p>
   </div>
   <div class='ocr_carea' id='block_1_102' title="bbox 259 5517 1835 5593">
    <p class='ocr_par' dir='ltr' id='par_1_102' title="bbox 259 5517 1835 5593">
     <span class='ocr_line' id='line_1_102' title="bbox 259 5517 1835 5593; baseline -0.005 -18"><span class='ocrx_word' id='word_1_746' title='bbox 259 5523 359 5577; x_wconf 79' lang='grc' dir='ltr'><strong>καὶ</strong></span> <span class='ocrx_word' id='word_1_747' title='bbox 383 5521 728 5593; x_wconf 78' lang='grc' dir='ltr'>φιλαδελφίᾳ,</span> <span class='ocrx_word' id='word_1_748' title='bbox 753 5521 814 5574; x_wconf 84' lang='grc' dir='ltr'><strong>οὐ</strong></span> <span class='ocrx_word' id='word_1_749' title='bbox 850 5521 991 5573; x_wconf 83' lang='grc' dir='ltr'><strong>κατὰ</strong></span> <span class='ocrx_word' id='word_1_750' title='bbox 1039 5518 1400 5589; x_wconf 88' lang='grc' dir='ltr'>πρόσκλησιν.</span> <span class='ocrx_word' id='word_1_751' title='bbox 1434 5519 1470 5590; x_wconf 75' lang='grc' dir='ltr'>ἦ</span> <span class='ocrx_word' id='word_1_752' title='bbox 1511 5535 1634 5572; x_wconf 89' lang='grc' dir='ltr'>τινα</span> <span class='ocrx_word' id='word_1_753' title='bbox 1667 5517 1835 5585; x_wconf 84' lang='grc' dir='ltr'>ἄλλην</span> 
     </span>
    </p>
   </div>
   <div class='ocr_carea' id='block_1_103' title="bbox 261 5607 1835 5684">
    <p class='ocr_par' dir='ltr' id='par_1_103' title="bbox 261 5607 1835 5684">
     <span class='ocr_line' id='line_1_103' title="bbox 261 5607 1835 5684; baseline -0.003 -18"><span class='ocrx_word' id='word_1_754' title='bbox 261 5613 625 5684; x_wconf 83' lang='grc' dir='ltr'>περιπέτειαν</span> <span class='ocrx_word' id='word_1_755' title='bbox 648 5611 1013 5682; x_wconf 85' lang='grc' dir='ltr'>ἀνθρωπίνην.</span> <span class='ocrx_word' id='word_1_756' title='bbox 1063 5611 1124 5662; x_wconf 91' lang='lat'><strong>&#39;0</strong></span> <span class='ocrx_word' id='word_1_757' title='bbox 1164 5609 1233 5664; x_wconf 82' lang='grc' dir='ltr'>δὲ</span> <span class='ocrx_word' id='word_1_758' title='bbox 1286 5610 1609 5680; x_wconf 78' lang='grc' dir='ltr'>ταράσσων</span> <span class='ocrx_word' id='word_1_759' title='bbox 1655 5607 1835 5678; x_wconf 70' lang='grc' dir='ltr'>ἡμᾶς,</span> 
     </span>
    </p>
   </div>
   <div class='ocr_carea' id='block_1_104' title="bbox 265 5701 1841 5774">
    <p class='ocr_par' dir='ltr' id='par_1_104' title="bbox 265 5701 1841 5774">
     <span class='ocr_line' id='line_1_104' title="bbox 265 5701 1841 5774; baseline 0 -19"><span class='ocrx_word' id='word_1_760' title='bbox 265 5704 432 5774; x_wconf 79' lang='grc' dir='ltr'>φησὶν</span> <span class='ocrx_word' id='word_1_761' title='bbox 479 5703 508 5755; x_wconf 85' lang='grc' dir='ltr'><strong>ό</strong></span> <span class='ocrx_word' id='word_1_762' title='bbox 549 5702 888 5767; x_wconf 82' lang='grc' dir='ltr'>Ἀπόστολος,</span> <span class='ocrx_word' id='word_1_763' title='bbox 937 5702 1241 5767; x_wconf 75' lang='grc' dir='ltr'>,βαστάσει</span> <span class='ocrx_word' id='word_1_764' title='bbox 1304 5703 1371 5756; x_wconf 68' lang='grc' dir='ltr'><strong>τὸ</strong></span> <span class='ocrx_word' id='word_1_765' title='bbox 1423 5701 1621 5773; x_wconf 79' lang='grc' dir='ltr'>κρῖμα,</span> <span class='ocrx_word' id='word_1_766' title='bbox 1671 5701 1841 5766; x_wconf 82' lang='grc' dir='ltr'>ὅστις</span> 
     </span>
    </p>
   </div>
   <div class='ocr_carea' id='block_1_105' title="bbox 265 5787 436 5863">
    <p class='ocr_par' dir='ltr' id='par_1_105' title="bbox 265 5787 436 5863">
     <span class='ocr_line' id='line_1_105' title="bbox 265 5787 436 5863; baseline -0.012 -15"><span class='ocrx_word' id='word_1_767' title='bbox 265 5792 346 5849; x_wconf 81' lang='grc' dir='ltr'><strong>ἂν</strong></span> 
     </span>
    </p>
   </div>
   <div class='ocr_carea' id='block_1_106' title="bbox 1939 4603 3512 4674">
    <p class='ocr_par' dir='ltr' id='par_1_106' title="bbox 1939 4603 3512 4674">
     <span class='ocr_line' id='line_1_106' title="bbox 1939 4603 3512 4674; baseline 0 -16"><span class='ocrx_word' id='word_1_768' title='bbox 1939 4611 2220 4660; x_wconf 80' lang='lat' dir='ltr'><strong>cusatores</strong></span> <span class='ocrx_word' id='word_1_769' title='bbox 2246 4603 2538 4672; x_wconf 89' lang='lat' dir='ltr'><strong>igiturnon</strong></span> <span class='ocrx_word' id='word_1_770' title='bbox 2563 4603 2679 4674; x_wconf 85' lang='lat' dir='ltr'><strong>jam</strong></span> <span class='ocrx_word' id='word_1_771' title='bbox 2701 4618 2824 4668; x_wconf 90' lang='lat' dir='ltr'><strong>nos,</strong></span> <span class='ocrx_word' id='word_1_772' title='bbox 2847 4607 2941 4660; x_wconf 90' lang='lat' dir='ltr'><strong>sed</strong></span> <span class='ocrx_word' id='word_1_773' title='bbox 2974 4603 3227 4659; x_wconf 86' lang='lat' dir='ltr'><strong>dominos</strong></span> <span class='ocrx_word' id='word_1_774' title='bbox 3249 4613 3512 4658; x_wconf 85' lang='lat' dir='ltr'><strong>accusent</strong></span> 
     </span>
    </p>
   </div>
   <div class='ocr_carea' id='block_1_107' title="bbox 1936 4691 3504 4764">
    <p class='ocr_par' dir='ltr' id='par_1_107' title="bbox 1936 4691 3504 4764">
     <span class='ocr_line' id='line_1_107' title="bbox 1936 4691 3504 4764; baseline -0.002 -16"><span class='ocrx_word' id='word_1_775' title='bbox 1936 4693 2247 4764; x_wconf 90' lang='lat' dir='ltr'><strong>episcopos,</strong></span> <span class='ocrx_word' id='word_1_776' title='bbox 2283 4706 2424 4762; x_wconf 90' lang='lat' dir='ltr'><strong>quos</strong></span> <span class='ocrx_word' id='word_1_777' title='bbox 2465 4693 2748 4762; x_wconf 90' lang='lat' dir='ltr'><strong>sequimur</strong></span> <span class='ocrx_word' id='word_1_778' title='bbox 2795 4707 2896 4747; x_wconf 91' lang='lat' dir='ltr'><strong>nos</strong></span> <span class='ocrx_word' id='word_1_779' title='bbox 2929 4691 3164 4747; x_wconf 85' lang='lat' dir='ltr'><strong>humiles</strong></span> <span class='ocrx_word' id='word_1_780' title='bbox 3198 4702 3252 4747; x_wconf 91' lang='lat' dir='ltr'><strong>et</strong></span> <span class='ocrx_word' id='word_1_781' title='bbox 3291 4692 3462 4746; x_wconf 82' lang='lat' dir='ltr'><strong>intimi</strong></span> <span class='ocrx_word' id='word_1_782' title='bbox 3491 4709 3504 4745; x_wconf 90' lang='lat'>:</span> 
     </span>
    </p>
   </div>
   <div class='ocr_carea' id='block_1_108' title="bbox 1938 4784 3510 4856">
    <p class='ocr_par' dir='ltr' id='par_1_108' title="bbox 1938 4784 3510 4856">
     <span class='ocr_line' id='line_1_108' title="bbox 1938 4784 3510 4856; baseline -0.001 -14"><span class='ocrx_word' id='word_1_783' title='bbox 1938 4796 2103 4856; x_wconf 90' lang='lat' dir='ltr'><strong>atque</strong></span> <span class='ocrx_word' id='word_1_784' title='bbox 2134 4785 2204 4842; x_wconf 88' lang='lat' dir='ltr'><strong>ab</strong></span> <span class='ocrx_word' id='word_1_785' title='bbox 2232 4785 2300 4842; x_wconf 90' lang='lat' dir='ltr'><strong>iis</strong></span> <span class='ocrx_word' id='word_1_786' title='bbox 2319 4785 2480 4854; x_wconf 87' lang='lat' dir='ltr'><strong>quasi</strong></span> <span class='ocrx_word' id='word_1_787' title='bbox 2515 4800 2610 4854; x_wconf 90' lang='lat' dir='ltr'><strong>per</strong></span> <span class='ocrx_word' id='word_1_788' title='bbox 2642 4784 2750 4838; x_wconf 91' lang='lat' dir='ltr'><strong>vim</strong></span> <span class='ocrx_word' id='word_1_789' title='bbox 2797 4784 3019 4856; x_wconf 87' lang='lat' dir='ltr'><strong>impulsi</strong></span> <span class='ocrx_word' id='word_1_790' title='bbox 3062 4786 3131 4840; x_wconf 90' lang='lat' dir='ltr'><strong>ad</strong></span> <span class='ocrx_word' id='word_1_791' title='bbox 3161 4785 3307 4840; x_wconf 85' lang='lat' dir='ltr'><strong>hunc</strong></span> <span class='ocrx_word' id='word_1_792' title='bbox 3336 4802 3510 4855; x_wconf 87' lang='lat' dir='ltr'><strong>usque</strong></span> 
     </span>
    </p>
   </div>
   <div class='ocr_carea' id='block_1_109' title="bbox 1938 4877 3508 4948">
    <p class='ocr_par' dir='ltr' id='par_1_109' title="bbox 1938 4877 3508 4948">
     <span class='ocr_line' id='line_1_109' title="bbox 1938 4877 3508 4948; baseline 0 -14"><span class='ocrx_word' id='word_1_793' title='bbox 1938 4879 2104 4944; x_wconf 90' lang='lat' dir='ltr'><strong>diem,</strong></span> <span class='ocrx_word' id='word_1_794' title='bbox 2129 4887 2184 4934; x_wconf 88' lang='lat' dir='ltr'><strong>et</strong></span> <span class='ocrx_word' id='word_1_795' title='bbox 2204 4893 2396 4948; x_wconf 62' lang='lat' dir='ltr'><strong>pinnas</strong></span> <span class='ocrx_word' id='word_1_796' title='bbox 2429 4877 2792 4948; x_wconf 85' lang='lat' dir='ltr'><strong>imposuimus</strong></span> <span class='ocrx_word' id='word_1_797' title='bbox 2820 4893 2887 4932; x_wconf 87' lang='lat' dir='ltr'><strong>eo</strong></span> <span class='ocrx_word' id='word_1_798' title='bbox 2915 4893 3078 4948; x_wconf 86' lang='lat' dir='ltr'><strong>quem</strong></span> <span class='ocrx_word' id='word_1_799' title='bbox 3105 4879 3342 4934; x_wconf 83' lang='lat' dir='ltr'><strong>diximus</strong></span> <span class='ocrx_word' id='word_1_800' title='bbox 3379 4881 3508 4946; x_wconf 92' lang='lat' dir='ltr'><strong>ritu,</strong></span> 
     </span>
    </p>
   </div>
   <div class='ocr_carea' id='block_1_110' title="bbox 1935 4969 3512 5040">
    <p class='ocr_par' dir='ltr' id='par_1_110' title="bbox 1935 4969 3512 5040">
     <span class='ocr_line' id='line_1_110' title="bbox 1935 4969 3512 5040; baseline -0.001 -14"><span class='ocrx_word' id='word_1_801' title='bbox 1935 4979 1991 5026; x_wconf 89' lang='lat' dir='ltr'><strong>ct</strong></span> <span class='ocrx_word' id='word_1_802' title='bbox 2017 4985 2142 5024; x_wconf 89' lang='lat' dir='ltr'><strong>cum</strong></span> <span class='ocrx_word' id='word_1_803' title='bbox 2170 4985 2308 5040; x_wconf 88' lang='lat' dir='ltr'><strong>opus</strong></span> <span class='ocrx_word' id='word_1_804' title='bbox 2329 4977 2409 5027; x_wconf 90' lang='lat' dir='ltr'><strong>est</strong></span> <span class='ocrx_word' id='word_1_805' title='bbox 2437 4969 2792 5040; x_wconf 88' lang='lat' dir='ltr'><strong>imponimus.</strong></span> <span class='ocrx_word' id='word_1_806' title='bbox 2825 4970 3056 5028; x_wconf 83' lang='lat' dir='ltr'><strong>Videant</strong></span> <span class='ocrx_word' id='word_1_807' title='bbox 3095 4981 3274 5027; x_wconf 83' lang='lat' dir='ltr'><strong>autem</strong></span> <span class='ocrx_word' id='word_1_808' title='bbox 3302 4973 3512 5026; x_wconf 83' lang='lat' dir='ltr'><strong>delato-</strong></span> 
     </span>
    </p>
   </div>
   <div class='ocr_carea' id='block_1_111' title="bbox 1935 5062 3509 5126">
    <p class='ocr_par' dir='ltr' id='par_1_111' title="bbox 1935 5062 3509 5126">
     <span class='ocr_line' id='line_1_111' title="bbox 1935 5062 3509 5126; baseline 0.001 -9"><span class='ocrx_word' id='word_1_809' title='bbox 1935 5077 2026 5118; x_wconf 89' lang='lat' dir='ltr'><strong>res</strong></span> <span class='ocrx_word' id='word_1_810' title='bbox 2073 5062 2190 5126; x_wconf 90' lang='lat' dir='ltr'><strong>illi,</strong></span> <span class='ocrx_word' id='word_1_811' title='bbox 2236 5079 2306 5118; x_wconf 89' lang='lat' dir='ltr'><strong>ne</strong></span> <span class='ocrx_word' id='word_1_812' title='bbox 2358 5063 2588 5118; x_wconf 83' lang='lat' dir='ltr'><strong>culicem</strong></span> <span class='ocrx_word' id='word_1_813' title='bbox 2622 5064 2959 5126; x_wconf 84' lang='lat' dir='ltr'><strong>excolantes.</strong></span> <span class='ocrx_word' id='word_1_814' title='bbox 2990 5065 3263 5121; x_wconf 89' lang='lat' dir='ltr'><strong>camelum</strong></span> <span class='ocrx_word' id='word_1_815' title='bbox 3304 5065 3509 5120; x_wconf 87' lang='lat' dir='ltr'><strong>incauti</strong></span> 
     </span>
    </p>
   </div>
   <div class='ocr_carea' id='block_1_112' title="bbox 1934 5153 3508 5226">
    <p class='ocr_par' dir='ltr' id='par_1_112' title="bbox 1934 5153 3508 5226">
     <span class='ocr_line' id='line_1_112' title="bbox 1934 5153 3508 5226; baseline 0.001 -18"><span class='ocrx_word' id='word_1_816' title='bbox 1934 5153 2238 5225; x_wconf 85' lang='lat' dir='ltr'><strong>deglutiant</strong></span> <span class='ocrx_word' id='word_1_817' title='bbox 2259 5153 2305 5186; x_wconf 77' lang='lat'><strong>°’</strong></span> <span class='ocrx_word' id='word_1_818' title='bbox 2340 5171 2354 5208; x_wconf 89' lang='lat'><strong>:</strong></span> <span class='ocrx_word' id='word_1_819' title='bbox 2387 5169 2524 5210; x_wconf 85' lang='lat' dir='ltr'><strong>neve</strong></span> <span class='ocrx_word' id='word_1_820' title='bbox 2558 5154 2688 5210; x_wconf 88' lang='lat' dir='ltr'><strong>dum</strong></span> <span class='ocrx_word' id='word_1_821' title='bbox 2721 5155 2994 5226; x_wconf 89' lang='lat' dir='ltr'><strong>vestigant</strong></span> <span class='ocrx_word' id='word_1_822' title='bbox 3019 5154 3279 5216; x_wconf 84' lang='lat' dir='ltr'><strong>festucas.</strong></span> <span class='ocrx_word' id='word_1_823' title='bbox 3303 5157 3508 5210; x_wconf 89' lang='lat' dir='ltr'><strong>trabem</strong></span> 
     </span>
    </p>
   </div>
   <div class='ocr_carea' id='block_1_113' title="bbox 1935 5245 3511 5319">
    <p class='ocr_par' dir='ltr' id='par_1_113' title="bbox 1935 5245 3511 5319">
     <span class='ocr_line' id='line_1_113' title="bbox 1935 5245 3511 5319; baseline -0.001 -18"><span class='ocrx_word' id='word_1_824' title='bbox 1935 5245 2292 5302; x_wconf 66' lang='lat' dir='ltr'><strong>circum-ferre</strong></span> <span class='ocrx_word' id='word_1_825' title='bbox 2330 5261 2389 5304; x_wconf 88' lang='lat' dir='ltr'><strong>se</strong></span> <span class='ocrx_word' id='word_1_826' title='bbox 2421 5261 2530 5304; x_wconf 90' lang='lat' dir='ltr'><strong>non</strong></span> <span class='ocrx_word' id='word_1_827' title='bbox 2567 5249 2834 5306; x_wconf 86' lang='lat' dir='ltr'><strong>sentiant.</strong></span> <span class='ocrx_word' id='word_1_828' title='bbox 2879 5247 2990 5304; x_wconf 86' lang='lat' dir='ltr'><strong>Nos</strong></span> <span class='ocrx_word' id='word_1_829' title='bbox 3040 5249 3230 5319; x_wconf 85' lang='lat' dir='ltr'><strong>igitur.</strong></span> <span class='ocrx_word' id='word_1_830' title='bbox 3283 5248 3451 5301; x_wconf 79' lang='lat' dir='ltr'><strong>frater</strong></span> <span class='ocrx_word' id='word_1_831' title='bbox 3480 5263 3511 5300; x_wconf 89' lang='lat' dir='ltr'><strong>a</strong></span> 
     </span>
    </p>
   </div>
   <div class='ocr_carea' id='block_1_114' title="bbox 1936 5339 3514 5412">
    <p class='ocr_par' dir='ltr' id='par_1_114' title="bbox 1936 5339 3514 5412">
     <span class='ocr_line' id='line_1_114' title="bbox 1936 5339 3514 5412; baseline -0.002 -18"><span class='ocrx_word' id='word_1_832' title='bbox 1936 5339 2050 5394; x_wconf 92' lang='lat' dir='ltr'><strong>Deo</strong></span> <span class='ocrx_word' id='word_1_833' title='bbox 2084 5340 2374 5405; x_wconf 88' lang='lat' dir='ltr'><strong>honorate,</strong></span> <span class='ocrx_word' id='word_1_834' title='bbox 2419 5340 2500 5396; x_wconf 90' lang='lat' dir='ltr'><strong>sic</strong></span> <span class='ocrx_word' id='word_1_835' title='bbox 2529 5350 2789 5412; x_wconf 89' lang='lat' dir='ltr'><strong>tanquam</strong></span> <span class='ocrx_word' id='word_1_836' title='bbox 2817 5341 2922 5398; x_wconf 90' lang='lat' dir='ltr'><strong>sub</strong></span> <span class='ocrx_word' id='word_1_837' title='bbox 2957 5340 3068 5397; x_wconf 89' lang='lat' dir='ltr'><strong>Deo</strong></span> <span class='ocrx_word' id='word_1_838' title='bbox 3098 5349 3236 5396; x_wconf 84' lang='lat' dir='ltr'><strong>teste</strong></span> <span class='ocrx_word' id='word_1_839' title='bbox 3261 5354 3514 5408; x_wconf 85' lang='lat' dir='ltr'><strong>perseve-</strong></span> 
     </span>
    </p>
   </div>
   <div class='ocr_carea' id='block_1_115' title="bbox 1937 5432 3512 5504">
    <p class='ocr_par' dir='ltr' id='par_1_115' title="bbox 1937 5432 3512 5504">
     <span class='ocr_line' id='line_1_115' title="bbox 1937 5432 3512 5504; baseline -0.003 -18"><span class='ocrx_word' id='word_1_840' title='bbox 1937 5433 2181 5487; x_wconf 89' lang='lat' dir='ltr'><strong>ravimus</strong></span> <span class='ocrx_word' id='word_1_841' title='bbox 2237 5432 2294 5488; x_wconf 89' lang='lat' dir='ltr'><strong>in</strong></span> <span class='ocrx_word' id='word_1_842' title='bbox 2337 5435 2624 5490; x_wconf 88' lang='lat' dir='ltr'><strong>concordia</strong></span> <span class='ocrx_word' id='word_1_843' title='bbox 2679 5444 2734 5490; x_wconf 90' lang='lat' dir='ltr'><strong>et</strong></span> <span class='ocrx_word' id='word_1_844' title='bbox 2772 5435 3108 5504; x_wconf 77' lang='lat' dir='ltr'><strong>benignitate</strong></span> <span class='ocrx_word' id='word_1_845' title='bbox 3155 5433 3209 5486; x_wconf 89' lang='lat' dir='ltr'><strong>in</strong></span> <span class='ocrx_word' id='word_1_846' title='bbox 3265 5432 3512 5498; x_wconf 84' lang='lat' dir='ltr'><strong>fratrem,</strong></span> 
     </span>
    </p>
   </div>
   <div class='ocr_carea' id='block_1_116' title="bbox 1941 5523 3516 5596">
    <p class='ocr_par' dir='ltr' id='par_1_116' title="bbox 1941 5523 3516 5596">
     <span class='ocr_line' id='line_1_116' title="bbox 1941 5523 3516 5596; baseline -0.003 -16"><span class='ocrx_word' id='word_1_847' title='bbox 1941 5539 2052 5580; x_wconf 88' lang='lat' dir='ltr'><strong>non</strong></span> <span class='ocrx_word' id='word_1_848' title='bbox 2087 5525 2242 5594; x_wconf 84' lang='lat' dir='ltr'><strong>juxta</strong></span> <span class='ocrx_word' id='word_1_849' title='bbox 2273 5526 2694 5596; x_wconf 89' lang='lat' dir='ltr'><strong>propensionem</strong></span> <span class='ocrx_word' id='word_1_850' title='bbox 2722 5525 2914 5589; x_wconf 86' lang='lat' dir='ltr'><strong>animi,</strong></span> <span class='ocrx_word' id='word_1_851' title='bbox 2940 5535 3032 5579; x_wconf 84' lang='lat' dir='ltr'><strong>aut</strong></span> <span class='ocrx_word' id='word_1_852' title='bbox 3061 5523 3288 5578; x_wconf 88' lang='lat' dir='ltr'><strong>alterius</strong></span> <span class='ocrx_word' id='word_1_853' title='bbox 3323 5523 3516 5576; x_wconf 85' lang='lat' dir='ltr'><strong>huma-</strong></span> 
     </span>
    </p>
   </div>
   <div class='ocr_carea' id='block_1_117' title="bbox 1945 5615 3511 5684">
    <p class='ocr_par' dir='ltr' id='par_1_117' title="bbox 1945 5615 3511 5684">
     <span class='ocr_line' id='line_1_117' title="bbox 1945 5615 3511 5684; baseline -0.005 -10"><span class='ocrx_word' id='word_1_854' title='bbox 1945 5620 2002 5674; x_wconf 86' lang='lat' dir='ltr'><strong>ni</strong></span> <span class='ocrx_word' id='word_1_855' title='bbox 2034 5619 2256 5675; x_wconf 68' lang='lat' dir='ltr'><strong>allectus</strong></span> <span class='ocrx_word' id='word_1_856' title='bbox 2291 5622 2672 5675; x_wconf 81' lang='lat' dir='ltr'><strong>temeritatem.</strong></span> <span class='ocrx_word' id='word_1_857' title='bbox 2707 5618 2810 5684; x_wconf 81' lang='lat' dir='ltr'><strong>Qui</strong></span> <span class='ocrx_word' id='word_1_858' title='bbox 2861 5625 3038 5672; x_wconf 83' lang='lat' dir='ltr'><strong>autem</strong></span> <span class='ocrx_word' id='word_1_859' title='bbox 3066 5615 3345 5670; x_wconf 81' lang='lat' dir='ltr'><strong>conturbat</strong></span> <span class='ocrx_word' id='word_1_860' title='bbox 3395 5631 3511 5673; x_wconf 80' lang='lat' dir='ltr'><strong>nos.</strong></span> 
     </span>
    </p>
   </div>
   <div class='ocr_carea' id='block_1_118' title="bbox 1949 5706 3511 5782">
    <p class='ocr_par' dir='ltr' id='par_1_118' title="bbox 1949 5706 3511 5782">
     <span class='ocr_line' id='line_1_118' title="bbox 1949 5706 3511 5782; baseline -0.002 -18"><span class='ocrx_word' id='word_1_861' title='bbox 1949 5711 2022 5764; x_wconf 92' lang='lat' dir='ltr'><strong>ait</strong></span> <span class='ocrx_word' id='word_1_862' title='bbox 2041 5709 2901 5782; x_wconf 77' lang='lat' dir='ltr'><strong>Apostolus,portabitjudicium,</strong></span> <span class='ocrx_word' id='word_1_863' title='bbox 2919 5709 3211 5780; x_wconf 81' lang='lat' dir='ltr'><strong>quicunque</strong></span> <span class='ocrx_word' id='word_1_864' title='bbox 3236 5717 3309 5760; x_wconf 74' lang='lat' dir='ltr'><strong>est</strong></span> <span class='ocrx_word' id='word_1_865' title='bbox 3334 5706 3423 5762; x_wconf 79' lang='lat' dir='ltr'><strong>ille</strong></span> <span class='ocrx_word' id='word_1_866' title='bbox 3444 5708 3511 5761; x_wconf 64' lang='lat'><strong>9°.</strong></span> 
     </span>
    </p>
   </div>
   <div class='ocr_carea' id='block_1_119' title="bbox 339 5909 1822 5988">
    <p class='ocr_par' dir='ltr' id='par_1_119' title="bbox 339 5909 1822 5988">
     <span class='ocr_line' id='line_1_119' title="bbox 339 5909 1822 5988; baseline 0.006 -26"><span class='ocrx_word' id='word_1_867' title='bbox 339 5909 459 5988; x_wconf 61' lang='grc' dir='ltr'><strong>⁸⁷ξ⁸⁸</strong></span> <span class='ocrx_word' id='word_1_868' title='bbox 485 5910 620 5966; x_wconf 84' lang='lat' dir='ltr'><strong>Dan.</strong></span> <span class='ocrx_word' id='word_1_869' title='bbox 652 5927 715 5979; x_wconf 84' lang='lat' dir='ltr'><strong>tt,</strong></span> <span class='ocrx_word' id='word_1_870' title='bbox 741 5911 829 5966; x_wconf 76' lang='grc'><strong>54.</strong></span> <span class='ocrx_word' id='word_1_871' title='bbox 905 5912 951 5944; x_wconf 76' lang='grc'><strong>⁸³</strong></span> <span class='ocrx_word' id='word_1_872' title='bbox 981 5912 1171 5969; x_wconf 78' lang='lat' dir='ltr'><strong>Matth.</strong></span> <span class='ocrx_word' id='word_1_873' title='bbox 1208 5928 1304 5979; x_wconf 83' lang='lat' dir='ltr'><strong>vit,</strong></span> <span class='ocrx_word' id='word_1_874' title='bbox 1343 5913 1405 5982; x_wconf 70' lang='grc' dir='ltr'><strong>ὃς</strong></span> <span class='ocrx_word' id='word_1_875' title='bbox 1457 5929 1614 5978; x_wconf 87' lang='lat' dir='ltr'><strong>xxm,</strong></span> <span class='ocrx_word' id='word_1_876' title='bbox 1639 5914 1728 5970; x_wconf 65' lang='lat' dir='ltr'><strong>SM.</strong></span> <span class='ocrx_word' id='word_1_877' title='bbox 1806 5915 1822 5948; x_wconf 86' lang='lat'>&#39;</span> 
     </span>
    </p>
   </div>
   <div class='ocr_carea' id='block_1_120' title="bbox 1923 5909 2268 5988">
    <p class='ocr_par' dir='ltr' id='par_1_120' title="bbox 1923 5913 2268 5979">
     <span class='ocr_line' id='line_1_120' title="bbox 1923 5913 2268 5979; baseline 0.012 -14"><span class='ocrx_word' id='word_1_878' title='bbox 1923 5914 2061 5970; x_wconf 40' lang='lat' dir='ltr'><strong>ialat.</strong></span> <span class='ocrx_word' id='word_1_879' title='bbox 2092 5929 2142 5979; x_wconf 86' lang='lat' dir='ltr'><strong>v,</strong></span> <span class='ocrx_word' id='word_1_880' title='bbox 2184 5913 2268 5969; x_wconf 83' lang='lat' dir='ltr'><strong>lO.</strong></span> 
     </span>
    </p>
   </div>
  </div>
