4060 6374
564 362 706 430 14⁹5
1752 370 1785 428 S

936 481 1120 539 XLIII.
1146 513 1216 524 —
1243 483 1538 539 Laurentio
1559 483 1674 555 [ilio
1697 485 1785 552 (‘).

1752 370 1814 430 S.
1841 366 2233 430 THEODORI
2271 364 2621 428 STUDIT/E

3683 355 3830 420 H76

2416 489 2566 542 PNI"
2595 481 2732 555 (όὸ).
2761 511 2830 522 -
2857 477 3197 548 Δαυρεντίῳ
3254 474 3466 542 τέκνῳ.
3502 471 3696 546 [χλβϊ]

903 599 979 651 Ne
1002 603 1088 652 ﬂat
1109 601 1298 652 oblatio
1321 610 1375 653 et
1414 617 1500 654 res
1522 617 1663 653 sacra
1687 618 1778 668 pro
1815 605 2027 666 quodam
2059 604 2145 667 qui
2169 618 2226 655 se
2248 604 2430 666 laqueo
2470 600 2819 663 suspenderat,
2845 597 2936 647 sed
2960 594 3123 644 solum
3149 591 3496 651 eleemosyna.

633 711 716 766 Ad
753 724 918 766 aures
945 720 1164 766 nostras
1206 711 1454 780 pervenit
1489 710 1728 777 facinus,
1761 711 1836 766 fili
1865 711 2146 778 Laurenti,
2173 713 2226 773 Α

567 802 718 874 quod
769 803 898 856 mali
949 801 1216 856 daemonis
1279 802 1541 858 instinctu
1601 803 1656 857 in
1705 803 2148 859 Antisarensium

564 893 848 962 Comopoli
879 900 1153 962 patratum
1181 900 1265 947 est
1291 909 1306 959 ;
1333 891 1563 961 ejusque
1593 907 1756 947 causa
1798 894 2152 948 vehementer

564 983 958 1054 ingemuimus,
987 991 1100 1036 tum
1133 996 1200 1036 ex
1224 982 1503 1037 communi
1533 983 1649 1053 lege
1681 983 1932 1039 humanae
1960 985 2147 1039 chari-

565 1074 696 1126 tatis
719 1112 734 1136 ,
767 1082 882 1126 tum
918 1072 1047 1142 quia
1094 1071 1250 1127 fratri
1280 1072 1586 1128 Athanasio
1635 1074 2143 1145 protopresbytero,

565 1166 725 1234 Cujus
756 1180 883 1234 ergo
911 1164 1180 1219 adductus
1204 1179 1324 1218 sum
1372 1174 1434 1218 ut
1483 1163 1780 1219 scriberem
1806 1203 1824 1229 ,
1881 1165 2147 1234 sanguine

560 1257 787 1328 junctus
813 1266 932 1311 erat
961 1257 1005 1312 is
1035 1258 1128 1327 qui
1157 1257 1397 1327 seipsum
1437 1256 1771 1328 prazfocavit.
1803 1255 1848 1313 Ο
1872 1260 2143 1328 tragicum

562 1348 973 1418 Spectaculum!
1007 1349 1284 1403 hominem
1318 1349 1647 1404 honoratum
1670 1390 1686 1414 ,
1731 1349 2003 1420 iudigenis
2037 1349 2140 1404 loci

2331 706 2626 762 ’Δκουστὸν
2653 707 2788 776 ἡμῖν
2819 703 3058 772 ἐγένετο,
3082 700 3275 754 τέκνον
3323 697 3654 768 Δαυρὲντιε,
3702 694 3846 765 ὅπερ

2253 803 2319 854 ἐκ
2347 799 2442 853 τοῦ
2470 795 2711 868 πονηροῦ
2733 794 2989 865 δαίμονος
3021 788 3276 859 ἐτελέσθη
3298 787 3486 858 δρᾶμα
3520 786 3580 837 ἐν
3610 787 3678 855 τῇ
3720 785 3850 836 Ἀν-

2247 892 2491 962 τισάρων
2538 889 2688 962 [cod.
2727 885 2864 956 Reg.
2928 879 3291 953 ’Δντιζάρχῳ]
3337 878 3694 949 κωμοπόλει·
3747 874 3850 929 καὶ

2248 981 2618 1052 ἐστενάξαμεν
2645 979 2737 1035 ἐπ’
2768 977 2918 1049 αὑτῷ
2952 975 3226 1047 μεγάλως,
3250 970 3515 1026 καὶκατὰ
3537 969 3634 1022 τὸν
3659 967 3846 1022 κοινὸν

2247 1074 2414 1144 νόμον
2447 1073 2546 1143 τῆς
2576 1070 2926 1142 ἀνθρωπίνης
2982 1067 3228 1135 ἀγάπης,
3287 1062 3382 1117 καὶ
3435 1061 3578 1114 διότι
3623 1061 3718 1126 ἀφ’
3753 1059 3846 1110 αῖ-

2248 1181 2420 1231 ματος
2451 1162 2546 1216 τοῦ
2578 1160 2811 1232 ἀδελφοῦ
2847 1157 3169 1213 ’Δθανασίου
3201 1155 3299 1208 καὶ
3339 1148 3846 1224 πρωτοπρεσϐυτέ-

2245 1273 2342 1327 ρου
2375 1255 2489 1326 (ὑφ’
2515 1248 2578 1308 οῦ
2634 1253 2730 1308 καὶ
2754 1251 2998 1322 κινηθεὶς
3021 1247 3240 1319 γράφω)
3278 1247 3436 1299 ἐστὶν
3471 1244 3501 1296 ὁ
3538 1245 3849 1311 ἀπαγχονι-

2244 1348 2412 1411 σθείς.
2447 1348 2511 1399 Ὢ
2540 1344 2776 1416 φοϐεροῦ
2809 1342 3239 1414 τραγῳδήματος
3269 1331 3600 1408 ιᾶνθρωπος
3631 1337 3690 1386 ἓν
3707 1335 3845 1405 τιμῇ

563 1440 1002 1502 antecellentem,
1054 1439 1140 1494 cui
1190 1439 1395 1494 affatim
1434 1440 1562 1494 vitae
1605 1439 1854 1495 subsidio
1881 1449 2141 1511 suppete-

2241 1438 2336 1504 ὢν,
2366 1438 2807 1509 προφερέστερος
2827 1436 2936 1489 τῶν
2954 1436 3132 1487 ἐκεῖσε
3163 1430 3531 1501 αὐτοχθόνων,
3552 1429 3846 1497 αὐτάρκης

562 1531 715 1594 baut,
743 1532 920 1585 virum
955 1531 1298 1600 prudentem,
1325 1532 1379 1585 iu
1414 1533 1758 1587 orationibus
1780 1533 2141 1602 precibusque

2241 1529 2386 1584 κατὰ
2415 1530 2507 1582 τὸν
2539 1529 2678 1600 βίον,
2704 1528 2848 1600 ἀνὴρ
2893 1524 3136 1587 συνετὸς.
3165 1519 3602 1594 προσκαρτερῶν
3651 1520 3846 1588 εὐχαῖς

562 1620 848 1676 assiduum
874 1663 890 1687 ,
921 1631 1085 1691 atque
1125 1621 1180 1675 in
1215 1621 1431 1688 reliquo
1481 1623 1604 1676 vitae
1630 1638 1796 1678 cursu
1823 1622 2136 1692 probatum,

2240 1640 2296 1676 τε
2325 1623 2418 1676 καὶ
2438 1623 2683 1694 δεήσεσι,
2702 1621 2800 1674 καὶ
2827 1622 2894 1690 τῇ
2919 1619 3081 1689 λοιπῇ
3103 1617 3202 1686 τῆς
3222 1615 3370 1686 ζωῆς
3401 1615 3600 1684 ἀγωγῇ
3625 1610 3843 1682 ἐμπρέ-

563 1727 688 1768 cum
725 1713 863 1766 nihil
895 1714 1185 1769 accidisset
1217 1714 1424 1769 sinistri
1455 1722 1705 1778 eventus,
1736 1731 1858 1785 qua:
1896 1730 2138 1785 persaepe

2240 1732 2355 1769 πων
2377 1732 2393 1746 ο
2429 1715 2659 1786 μηδενὸς
2687 1709 3080 1784 περιστατικοῦ
3112 1707 3552 1778 συμϐεϐηκότος,
3587 1703 3648 1768 ἐξ
3667 1698 3844 1772 οὗπερ

561 1818 726 1858 causa
756 1813 842 1859 est
871 1805 941 1859 ab
969 1804 1147 1860 officio
1179 1805 1536 1872 deflectendi;
1569 1807 1648 1861 sic
1682 1806 1736 1860 in
1772 1807 1919 1861 nulla
1949 1822 2132 1861 rerum

2240 1806 2494 1869 πολλάκις
2527 1805 2645 1858 ἐστι
2681 1801 3111 1876 περιτρέπεσθαι
3132 1799 3228 1851 τοῦ
3252 1798 3466 1860 δέοντος
3486 1795 3639 1848 κατά
3664 1811 3718 1846 τι
3749 1811 3844 1862 μι-

560 1896 971 1966 perturbatione
997 1897 1049 1950 id
1084 1897 1307 1953 sceleris
1337 1897 1646 1962 admisisse,
1673 1908 1733 1951 ut
1765 1897 2017 1969 laqueum
2046 1899 2132 1952 in-

2233 1899 2363 1968 κρόν
2381 1914 2396 1930 ο
2415 1897 2588 1957 οὕτως
2601 1899 2657 1949 ἐν
2672 1894 2945 1966 ἀταραξίᾳ
2965 1891 3311 1964 πραγμάτων
3327 1887 3651 1960 τηλικοῦτον
3673 1886 3841 1939 κακὸν

560 1987 770 2042 dueret.
821 1985 886 2052 0,
918 1995 973 2042 et
1003 1989 1202 2043 iterum
1238 1989 1414 2043 dicam
1442 2029 1458 2054 ,
1497 1989 1866 2044 detestandam
1894 2004 2085 2043 vocem
2115 1990 2128 2042 l

2240 1988 2651 2062 ἀπεργάσασθαι
2676 1987 2883 2060 ἀγχόνῃ
2897 1984 3279 2056 χρησάμενος]
3307 1983 3390 2044 Ὢ,
3413 1982 3507 2034 καὶ
3528 1976 3838 2048 αῦθιςέρῶ,

564 2079 724 2134 Tales
756 2087 886 2135 sunt
913 2077 1116 2134 diab'oli
1143 2080 1600 2136 machinationes.
1637 2080 1741 2134 Ille
1779 2082 2046 2136 homicida
2068 2081 2133 2136 ab

2240 2081 2334 2147 τῆς
2385 2079 2669 2149 ἀπευκτῆς
2713 2080 2900 2149 φωνῆς
2956 2076 3104 2149 [cod.
3131 2076 3264 2146 Reg.
3299 2070 3498 2144 ἀκοῆς]
3545 2073 3559 2125 !
3596 2070 3843 2124 Τοιαῦτα

561 2169 741 2234 initio,
766 2181 826 2224 ut
846 2171 923 2226 ait
953 2171 1218 2227 Dominus
1239 2174 1306 2228 ".
1335 2173 1432 2228 Ille
1460 2174 1696 2244 primum
1715 2175 1936 2244 quidem
1972 2174 2139 2229 Achio

561 2260 767 2329 tophel,
803 2260 1001 2315 deinde
1025 2259 1221 2316 Judam
1249 2261 1426 2332 adegit
1453 2263 1519 2317 ad
1548 2265 1905 2334 suspendium
1943 2281 1956 2318 :
1990 2275 2045 2319 et
2069 2265 2138 2320 ad

560 2349 706 2404 lianc
741 2364 915 2418 usque
955 2350 1098 2405 diem
1141 2365 1246 2404 non
1301 2359 1482 2406 cessat
1526 2350 1670 2406 idem
1704 2352 2043 2421 persuadere
2071 2351 2139 2407 iis

559 2442 652 2510 qui
680 2441 781 2509 ipsi
814 2441 1216 2510 obtemperant.
1245 2441 1468 2498 Duobus
1495 2451 1699 2508 autem,
1726 2443 1940 2511 opinor,
1961 2443 2140 2498 modis

561 2529 840 2582 hominem
874 2533 1169 2599 pra‘datur,
1194 2531 1336 2585 sicut
1362 2531 1698 2600 experientia
1725 2535 2097 2601 comperimus
2121 2549 2136 2586 :

560 2631 656 2675 aut
697 2637 761 2676 ex
815 2622 1005 2676 dolore
1057 2623 1238 2678 cordis
1264 2623 1680 2689 inconsolabili,
1713 2632 1809 2678 aut
1847 2639 1915 2683 ex
1945 2625 2139 2680 insana

561 2711 875 2778 cupiditate,
895 2714 1144 2766 tenebras
1161 2712 1464 2774 oﬂ'undens,
1481 2719 1535 2768 et
1548 2714 1927 2784 pessumdans.
1941 2715 2141 2781 Quem-

564 2803 858 2858 admodum
883 2804 1029 2858 enim
1067 2803 1121 2858 in
1144 2805 1458 2871 homicidio,
1489 2806 1574 2860 vel
1598 2806 1868 2862 adulterio
1893 2845 1910 2872 ,
1955 2809 2043 2863 vel
2083 2809 2140 2862 in

561 2894 776 2949 caeteris
801 2895 1043 2964 ﬂagitiis,
1081 2897 1333 2952 tenebras
1367 2897 1590 2952 exhibet
1619 2899 1779 2968 quasi
1825 2898 2032 2963 lucem,
2085 2906 2142 2954 et

563 2999 814 3038 amarum
847 2993 906 3038 ut
935 2984 1134 3051 dulce;
1162 3000 1338 3055 neque
1368 2985 1537 3052 enim,
1582 2987 1689 3042 nisi
1740 2987 1814 3041 ita
1841 2987 2048 3042 sentire
2073 2987 2142 3042 de

564 3075 729 3130 rebus
768 3076 1006 3141 doceret,
1038 3078 1222 3131 venari
1264 3086 1318 3132 et
1339 3092 1535 3148 capere
1568 3094 1670 3134 nos
1699 3089 1888 3150 posset
1923 3096 1939 3133 :
1973 3079 2053 3134 sic
2085 3087 2141 3132 et

565 3169 618 3222 iu
639 3169 957 3239 suspendio,
977 3169 1193 3224 dulcem
1216 3169 1342 3225 fecit
1366 3180 1618 3236 mortem,
1640 3172 1883 3227 tenebris
1901 3179 2137 3226 mentem

563 3261 816 3324 obduxit,
849 3261 1057 3331 peregit
1083 3262 1460 3333 suspendium.
1493 3262 1669 3318 Credo
1687 3263 1973 3333 equidem;
2003 3278 2142 3333 qua-

563 3354 634 3408 lis
659 3365 742 3408 est
768 3355 934 3409 draco
968 3355 1079 3420 ille,
1108 3363 1164 3409 et
1191 3371 1353 3422 quam
1381 3356 1566 3411 multis
1596 3356 1922 3426 praestigiis;
1960 3355 2138 3409 homi-

563 3459 663 3500 nes
685 3445 889 3514 ubique
920 3445 1215 3512 interimet,
1241 3445 1344 3500 hoc
1365 3445 1530 3500 istum
1554 3447 1739 3510 modo,
1763 3447 1928 3501 alium
1948 3446 2134 3513 aliter;

563 3552 665 3592 nec
691 3537 982 3607 quisquam
1011 3547 1094 3591 est
1121 3537 1215 3606 qui
1253 3537 1372 3606 ejus
1427 3535 1646 3606 pedicas
1668 3537 1893 3602 evadat,
1929 3537 2140 3607 absque

565 3627 659 3684 Dei
696 3629 920 3693 auxilio,
949 3628 1094 3698 quod
1121 3627 1297 3683 aderit
1338 3627 1542 3683 viventi
1577 3628 1807 3683 fideliter
1834 3643 1958 3684 cum
1990 3638 2136 3686 metu

563 3732 619 3776 et
652 3728 911 3786 tremore,
931 3719 1088 3789 juxta
1117 3719 1290 3790 ipsius
1322 3720 1642 3774 mandatum
1665 3721 1734 3774 ⁸⁸.

639 3897 746 3954 Sed
778 3897 842 3952 ad
873 3898 1179 3954 institutum
1211 3898 1397 3954 veniat
1427 3899 1624 3954 oratio.
1653 3897 1984 3970 Significasti
2013 3915 2135 3956 om-

564 4005 662 4046 nes
697 3991 804 4044 loci
841 3990 984 4045 illius
1010 3990 1239 4055 .incolas
1293 3992 1536 4046 aversari
1565 3991 1788 4046 domum
1819 3992 1994 4062 ipsius
2020 4031 2036 4058 ,
2083 4004 2139 4048 et

566 4103 818 4150 uxorem,
852 4097 906 4142 et
934 4087 1157 4152 liberos,
1196 4103 1374 4158 neque
1401 4095 1780 4153 contrectare,
1824 4088 1992 4151 velle,
2043 4098 2140 4144 aut

566 4180 834 4248 attingere
877 4180 1198 4250 quidquam,
1241 4195 1306 4235 ac
1339 4194 1407 4235 ne
1443 4195 1638 4249 panem
1676 4180 1894 4250 quidem
1947 4188 2139 4237 mutuo

565 4272 778 4326 datum.
808 4269 874 4324 Et
902 4271 1122 4340 quidem
1155 4271 1201 4326 si
1226 4271 1368 4340 ejus,
1397 4272 1493 4340 qui
1525 4287 1585 4326 se
1614 4273 1995 4342 strangulavit,
2040 4273 2138 4328 fa—

565 4363 808 4418 miliares
836 4363 1026 4417 dicunt
1051 4370 1199 4418 recte
1231 4364 1382 4418 illum
1415 4362 1634 4431 fecisse,
1667 4380 1836 4435 seque
1864 4377 2050 4436 optare
2078 4376 2138 4423 ut

565 4455 670 4509 sibi
708 4453 850 4508 idem
880 4455 1060 4509 exitus
1087 4455 1370 4525 contingat
1398 4472 1414 4522 ;
1476 4456 1670 4511 merito
1701 4456 2091 4528 relinquuntur
2116 4475 2133 4526 ;

2238 2170 2333 2224 τοῦ
2362 2171 2606 2224 διαϐόλου
2629 2169 2697 2222 τὰ
2719 2169 2935 2240 μηχανή
2947 2167 3382 2238 ματα.Ἐκεῖνος
3418 2161 3845 2231 ἀνθρωποκτό-

2238 2279 2346 2326 νος
2365 2261 2467 2316 ἀπ’
2492 2258 2708 2330 ἀρχῆς.
2731 2257 2920 2322 καθὼς
2948 2257 3053 2328 ἔφη
3069 2260 3096 2310 ὁ
3114 2257 3340 2326 Κύριος.
3361 2256 3609 2316 Ἐκεῖνος
3639 2253 3843 2324 πρῶτα

2243 2354 2341 2423 μὲν
2363 2353 2452 2406 τὸν
2492 2351 2799 2422 Ἀχιτόφελ,
2829 2351 3022 2403 ἔπειτα
3049 2349 3140 2402 τὸν
3185 2348 3383 2402 Ἰούδαν
3404 2346 3629 2400 ἔπεισεν
3658 2346 3836 2414 ἀπάγ-

2240 2445 2436 2512 ξασθαι
2458 2458 2474 2473 ⁸
2506 2445 2565 2507 ὃς
2585 2444 2645 2497 οὺ
2710 2442 2950 2497 παύεται
2985 2441 3080 2496 καὶ
3115 2441 3279 2512 μέχρι
3318 2439 3568 2508 σήμερον
3616 2437 3682 2488 τὺ
3707 2435 3842 2488 αὐτὸ

2239 2534 2524 2589 ἀποτελεῖν
2548 2535 2608 2586 ἐν
2630 2535 2746 2596 τοῖς
2774 2527 3325 2602 πειθομένοιςούτῷ.
3363 2522 3538 2596 Οἶμαι
3581 2525 3640 2578 δὲ
3698 2525 3840 2577 κατά

2239 2626 2337 2682 δύο
2393 2626 2631 2698 τρόπους
2688 2625 2853 2696 συλᾷν
2893 2625 2984 2676 τὸν
3008 2624 3316 2692 ἄνθρωπον.
3351 2620 3426 2682 ὼς
3460 2617 3632 2688 πείρᾳ
3666 2619 3840 2684 ἐγνω-

2247 2718 2584 2790 μενοῆἀπὸ
2629 2715 2824 2786 ὀδύνης
2871 2715 3102 2786 καρδίας
3162 2711 3580 2782 ἀπαρακλήτου,
3626 2709 3662 2778 ἢ
3729 2706 3842 2760 ἀπὸ

2243 2793 2486 2880 ἐφέσεως
2517 2809 2826 2878 ἀλογίστου,
2856 2806 3160 2868 σκοτὼσας.
3192 2804 3289 2856 καὶ
3336 2800 3710 2872 περιτρέψας.
3753 2798 3842 2861 Ὧς

2241 2902 2354 2973 γὰρ
2385 2903 2479 2954 ἐπὶ
2506 2901 2692 2970 φόνου,
2726 2900 2759 2972 ἥ
2801 2898 3052 2970 μοιχείας
3092 2897 3189 2950 καῖ⁹
3216 2895 3324 2948 τῶν
3362 2893 3570 2964 όμοίων
3597 2891 3842 2960 ἀσελγη-

2244 2993 2448 3064 μάτων,
2506 2990 2853 3045 ὑποδείκνυσι
2894 2994 2955 3043 τὸ
2999 2989 3190 3050 σκότος
3217 2988 3355 3056 φῶς,
3409 2987 3506 3039 καὶ
3536 2985 3602 3037 τὸ
3637 2983 3843 3053 πικρὸν

2240 3085 2464 3154 γλύκιον
2509 3083 2590 3155 (οὐ
2622 3083 2731 3152 γὰρ
2761 3081 2852 3144 ἂν,
2885 3082 2935 3134 εί
2963 3081 3037 3152 μὴ
3057 3079 3231 3142 οὕτως
3254 3075 3718 3146 ἀναστοιχειώσει
3751 3076 3839 3128 λο-

2239 3175 2519 3247 γίσασθαι,
2576 3176 2727 3245 ἡμᾶς
2786 3173 3016 3244 εὑρίσκῃ
3065 3169 3387 3239 θηρεῦσαι)’
3418 3167 3566 3220 οὕτω
3609 3170 3710 3220 καὶ
3745 3166 3840 3218 ἐπὶ

2240 3271 2339 3342 τῆς
2371 3270 2629 3339 ἀγχόνης,
2659 3267 2823 3338 ἥδυνε
2862 3266 2954 3318 τὸν
2986 3264 3240 3326 θάνατον,
3276 3263 3520 3330 ἐζόφωσε
3557 3261 3653 3314 τὸν
3688 3261 3836 3318 νοῦν.

2241 3361 2538 3416 ἀπετέλεσε
2586 3358 2684 3430 τὴν
2736 3357 2996 3428 ἀγχόνην.
3037 3352 3204 3426 Οἶμαι
3240 3355 3386 3426 [cod.
3419 3353 3551 3423 Reg.
3589 3353 3660 3406 Οἵ
3695 3353 3836 3424 μοι],

2238 3447 2351 3518 οἷός
2403 3453 2551 3506 ἐστιν
2577 3453 2606 3505 ὀ
2635 3449 2873 3521 δράκων,
2917 3448 3015 3503 καὶ
3052 3448 3137 3516 ἐφ’
3163 3450 3312 3510 ὅσοις
3368 3445 3837 3517 μαγγανεύμασιν

2239 3545 2678 3614 ἀνθρωποκτονεῖ
2698 3543 2982 3596 ἑκάστοτε.
3029 3540 3234 3594 Τοῦτον
3284 3539 3481 3603 οὕτως,
3527 3539 3693 3591 ἄλλον
3739 3539 3836 3590 ἀλα

2237 3638 2348 3700 λως
2369 3653 2385 3669 ⁸
2413 3637 2509 3690 καὶ
2542 3635 2641 3689 οὐκ
2676 3634 2824 3688 ἐστιν
2851 3633 2910 3697 ὃς
2941 3632 3266 3703 ἐκφεύξεται
3292 3633 3394 3694 τὰς
3417 3633 3604 3698 πάγας
3639 3631 3834 3692 αὑτοῦ,

2238 3728 2370 3783 ἄνευ
2412 3726 2668 3798 βοηθείας
2711 3725 2806 3778 τοῦ
2842 3723 3000 3790 Θεοῦ,
3025 3725 3150 3795 ἥτις
3194 3724 3279 3794 εῖη
3330 3721 3469 3791 μετὰ
3512 3721 3686 3789 φόϐου
3741 3723 3837 3774 καὶ

2237 3821 2442 3895 τρόμου
2468 3817 2545 3888 τῷ
2575 3816 2699 3871 κατ’
2728 3816 2948 3886 ἐντολὴν
2974 3813 3142 3868 αὑτοῦ
3196 3813 3405 3876 πιστῶς
3445 3812 3680 3881 βιοῦντι.

2323 3913 2462 3966 Ἀλλ’
2502 3910 2595 3964 ἐπὶ
2622 3909 2684 3963 τὸ
2724 3911 3058 3977 κατεπεῖγον
3087 3911 3116 3961 ὁ
3164 3907 3342 3975 λόγος.
3385 3907 3727 3977 Ἐδήλωσας,
3758 3907 3834 3969 ὡς

2238 4005 2288 4060 oi
2314 4003 2410 4058 τοῦ
2438 4003 2639 4074 χωρίου
2661 4001 2800 4072 ὁμοῦ
2823 4001 3065 4062 ἅπαντες
3091 3998 3500 4070 ἀποτρέπονται
3525 3999 3628 4068 τῆς
3653 4000 3833 4060 οἰκίας

2238 4095 2429 4162 αὑτοῦ,
2471 4098 2640 4168 ἤγουν
2692 4094 2974 4164 γυναικὸς,
3023 4093 3118 4147 καὶ
3170 4094 3398 4157 τέκνων,
3459 4094 3600 4164 μήτε
3660 4092 3830 4145 ἀπτε-

2239 4189 2384 4254 σθαι,
2416 4189 2554 4260 μήτε
2593 4187 2787 4257 θίγειν,
2825 4187 2989 4258 μέχρι
3019 4186 3117 4240 καὶ
3146 4185 3486 4256 μεταδόσεως
3520 4185 3693 4255 ἄρτου
3734 4187 3829 4240 δα-

2237 4278 2476 4334 νειακοῦ.
2520 4278 2632 4332 Καὶ
2679 4279 2728 4331 εί
2777 4278 3126 4345 ἐπιλέγουσιν
3174 4278 3223 4329 οῖ
3286 4275 3380 4328 τοῦ
3432 4276 3828 4345 ἀπαγξαμένον

2237 4371 2409 4440 καλὴν
2439 4366 2577 4425 εἶναι
2610 4369 2708 4442 τὴν
2741 4370 2942 4442 πρᾶξιν
2983 4372 3084 4440 τῆς
3127 4367 3565 4438 ἀπαγχονίσεως,
3599 4369 3703 4421 καὶ
3733 4371 3830 4438 τὴν

2237 4461 2407 4531 αὐτὴν
2431 4459 2581 4530 αὐτῷ
2607 4461 2782 4528 φιλεῖν
2807 4458 3027 4511 τελέσαι
3048 4459 3289 4512 κάκεῖνοι
3315 4473 3331 4488 ⁸
3353 4458 3534 4521 καλῶς
3553 4461 3826 4526 ἀφίσταν-

565 4562 878 4618 quanquam
909 4561 1088 4618 neque
1133 4547 1187 4601 id
1226 4547 1434 4602 statim.
1469 4547 1767 4619 Oportebat
1796 4550 1943 4604 enim
1984 4552 2136 4620 prius

2240 4567 2360 4605 ται·
2391 4551 2554 4604 ὁπότε
2598 4550 2706 4603 οὐδ’
2737 4548 2912 4614 οὕτως
2954 4550 3140 4612 εὐθύς.
3180 4551 3301 4601 Δεῖν
3348 4548 3456 4620 γὰρ
3488 4550 3714 4619 πρῶτον
3752 4549 3830 4603 δι-

564 4657 663 4696 eos
689 4641 909 4708 docere,
944 4639 1271 4704 illuminare,
1304 4640 1516 4696 hortari
1557 4651 1616 4696 ut
1666 4641 1914 4713 fugerent
1941 4643 2136 4698 interi-

2234 4642 2412 4710 δάξαι,
2466 4642 2720 4712 φωτίσαι,
2764 4641 3149 4712 παρακαλέσαι
3197 4644 3392 4710 φυγεῖν
3436 4642 3530 4695 τὸν
3555 4641 3823 4713 ὄλεθρον·

565 4731 854 4787 tum:hoc
903 4731 1048 4787 enim
1089 4730 1529 4788 Christianorum
1581 4741 1668 4788 est
1715 4750 1730 4788 :
1778 4733 1879 4789 hoc
1936 4733 2134 4790 fratres

2240 4735 2395 4789 τοῦτο
2421 4735 2530 4806 γὰρ
2564 4735 2910 4806 Χριστιανῶν
2929 4750 2944 4765 ο
2971 4734 3132 4787 τοῦτο
3182 4734 3526 4803 φιλαδέλφων
3549 4752 3564 4766 ·
3599 4736 3686 4787 ὅτι
3733 4734 3826 4788 καὶ

563 4825 898 4890 amantium;
947 4823 1075 4894 quia
1117 4832 1172 4878 et
1215 4821 1505 4892 Dominus,
1524 4839 1649 4880 cum
1674 4825 1842 4882 sciret
1895 4826 2028 4896 quid
2057 4826 2139 4881 fa-

563 4929 755 4972 cturus
804 4925 953 4973 esset
979 4916 1190 4984 Judas,
1243 4919 1430 4974 multis
1456 4919 1849 4976 benevolentiae
1896 4921 2134 4989 indiciis,

2232 4830 2262 4881 ό
2288 4828 2494 4899 Κύριος
2519 4827 2612 4880 τὸν
2653 4826 2855 4881 Ἰούδαν
2879 4825 3096 4891 πολλοῖς
3122 4845 3228 4898 χρη
3239 4826 3529 4896 στεύμασι,
3553 4829 3657 4880 καὶ
3683 4829 3824 4897 διορ-

2235 4921 2486 4984 θωτικοῖς
2552 4919 3030 4990 προφητεύμασιν,
3101 4919 3259 4983 εἰδὼς
3291 4919 3318 4972 ὂ
3369 4919 3568 4990 ἔμελλε
3625 4923 3819 4985 ποιεῖν,

562 5010 884 5080 idoneisque
917 5011 984 5065 ad
1016 5011 1416 5082 correptionem
1458 5012 1903 5082 praedictionibus
1948 5013 2137 5069 deter-

2240 5011 2492 5079 ἐπειρᾶτο
2518 5010 2858 5062 ἀναπείθεινο
2887 5009 2949 5062 τὺ
2980 5008 3104 5062 οὐαὶ
3136 5009 3284 5079 αύτῷ
3319 5009 3816 5079 ἐπιφθεγγόμενος,

564 5116 686 5155 rere
718 5101 868 5156 illum
895 5105 1214 5170 conabatur,
1243 5121 1323 5160 va:
1351 5104 1454 5174 ipsi
1490 5105 1817 5161 denuntians
1838 5146 1853 5170 ,
1885 5117 1940 5161 et
1964 5121 2133 5176 expe-

562 5194 680 5247 dire
707 5194 894 5251 dicens
914 5207 973 5252 ut
996 5207 1156 5254 natus
1185 5213 1292 5254 non
1310 5207 1456 5254 esset
1487 5198 1652 5254 homo
1679 5199 1768 5254 ille
1787 5199 1852 5254 ’³.
1892 5198 1996 5255 Sed
2026 5216 2132 5256 non

561 5284 829 5340 intellexit
859 5286 1044 5342 miser.
1084 5285 1240 5353 Quod
1274 5288 1360 5353 si,
1398 5295 1459 5342 ut
1507 5287 1590 5344 ais
1614 5326 1630 5352 ,
1669 5298 1725 5344 et
1766 5289 1917 5343 illum
1948 5289 2132 5360 lugent

561 5376 656 5446 qui
687 5377 878 5433 eodem
907 5392 973 5433 ac
1005 5377 1174 5436 Judas
1199 5379 1367 5434 exitio
1389 5379 1570 5450 periit,
1595 5388 1650 5436 et
1693 5379 1762 5436 ab
1787 5380 1933 5437 omni
1971 5380 2130 5435 Chri-

2233 5104 2327 5157 καὶ
2346 5103 2428 5165 τὸ,
2455 5121 2475 5153 ι
2496 5103 2799 5174 Συνέφερεν
2828 5104 2875 5156 εί
2901 5103 3001 5156 οὐκ
3029 5102 3298 5172 ἐγεννήθη
3320 5105 3348 5156 ὁ
3368 5102 3463 5157 ἄνθ
3475 5120 3660 5174 ρωπος
3676 5106 3816 5156 ἐκεῖ·

2241 5211 2356 5258 νος,
2385 5213 2403 5246 ι
2435 5194 2632 5264 λέγων.
2650 5195 2756 5248 κᾶν
2789 5195 2850 5249 οὐ
2878 5195 3112 5264 συνῆκεν
3131 5197 3158 5248 ό
3191 5194 3378 5257 τάλας.
3405 5193 3466 5247 Εἰ
3490 5194 3658 5259 δέ,ὼς
3689 5193 3812 5264 φὴς,

2238 5290 2333 5343 καὶ
2363 5287 2764 5360 καταθρηνοῦσι
2780 5287 2871 5342 τὸν
2899 5287 3336 5351 ’ῐουδοτέλεστον,
3364 5289 3459 5340 καὶ
3480 5287 3811 5358 ἀπεύχονται

2233 5381 2332 5452 τῆς
2367 5379 2584 5452 μερίδος
2613 5380 2828 5450 ἐκείνης
2849 5379 3030 5436 πάντα
3052 5379 3402 5452 Χριστιανὸν,
3429 5378 3524 5433 καὶ
3553 5381 3810 5432 ἔκστασιν

629 5515 678 5550 ’ί
703 5516 865 5574 Joan.
897 5535 1018 5588 vui,
1048 5521 1139 5577 44.
1201 5522 1247 5554 ⁹¹
1277 5517 1474 5594 Philip.
1511 5536 1570 5591 ιι,
1600 5522 1688 5578 ﬂ.
1765 5523 1810 5556 "
1847 5520 2037 5578 Matth.
2066 5536 2217 5588 xxvr,
2253 5520 2346 5576 24.

2066 5663 2299 5723 NOTAE.

626 5792 692 5863 (Ἴ
724 5793 1052 5867 Dogmalica.
1138 5881 1142 5886 ν

2307 5798 2418 5869 (45)
2443 5795 2502 5856 lu
2539 5797 2661 5854 cod.
2689 5797 2823 5868 Reg.
2859 5802 2996 5870 ρνγ’.
