4060 6374
241 369 379 435 1477

1425 377 1966 446 EPISTOLARUM
2004 383 2153 450 LIB.
2214 385 2298 449 II.

3351 400 3375 466 1
3389 400 3488 468 ί78

233 487 534 557 ἐξέστησαν
569 486 911 562 ἀναφορήτου
955 489 1212 562 θλίψεως,
1242 493 1338 549 καὶ
1369 493 1593 567 ζητοῦσι
1627 497 1799 568 παρὰ·

1911 499 2090 556 stiano
2110 511 2312 558 sortem
2341 503 2492 560 illam
2515 503 2896 578 deprecantur,
2919 509 3274 571 intolerandae
3302 531 3484 578 autem

231 579 466 650 κλησινο
504 579 561 634 τί
608 580 768 634 τοῦτο
820 583 960 655 ὅπερ
1008 585 1193 656 διηγῇ,
1245 586 1279 659 ἢ
1337 587 1421 640 ὅτι
1479 587 1558 660 τῷ
1591 589 1812 661 Χριστῷ

229 670 606 726 ἐναντιοῦνται
629 671 680 724 οἱ
703 675 954 743 χωρῖται,
997 675 1092 728 καὶ
1141 676 1220 747 τῷ
1270 677 1503 748 διαϐόλῳ
1535 679 1811 748 ἀνοίγουσι

230 761 404 834 θύραν
423 763 701 828 ἀπωλείας
717 765 826 818 τῶν
842 764 1357 840 ἀξιοπαρακλήτων;
1386 771 1524 824 Οὐαὶ
1537 775 1645 835 τοῖς,
1670 771 1814 826 οὕτω

229 853 514 918 ποιοῦσιν,
543 855 626 908 ὅτι
682 855 938 925 συνεργοί
975 858 1083 910 εἰσι
1133 857 1231 912 τοῦ
1292 859 1558 916 διαϐόλου.
1615 861 1812 928 Καλῶς

227 937 326 996 οὖν
358 945 386 996 ό
435 943 626 1014 κύριος
645 945 934 1018 Μακάριος
954 947 1049 1001 καὶ
1068 951 1438 1021 πνευματικὸς
1454 952 1642 1026 Πατὴρ
1671 970 1813 1027 παρ-

227 1033 460 1087 εκάλεσε
477 1036 608 1099 τοὺς
632 1036 906 1099 τοιούτους
931 1054 946 1070 ο
973 1039 1158 1103 καλῶς
1179 1040 1278 1093 καὶ
1303 1041 1526 1114 ἐστιάθη
1554 1045 1611 1098 ὲν
1628 1045 1811 1118 ἐκείνῃ

228 1125 296 1192 τῇ
329 1123 508 1194 οἰκίᾳ·
539 1123 636 1178 καὶ
666 1126 853 1197 μηδεὶς
885 1129 1213 1199 Χριστιανὸς
1248 1131 1572 1203 διακρινέτω
1598 1133 1660 1187 τὸ
1679 1135 1812 1188 αὐτὸ

229 1217 427 1269 ποιεῖν.
473 1214 695 1288 Ἐπειδὴ
743 1217 802 1270 δὲ
857 1217 1017 1288 λόγος
1065 1222 1196 1292 περὶ
1247 1223 1561 1293 ἐπιτιμίου·
1592 1225 1690 1296 οὐχ
1727 1227 1810 1280 ὅτι

229 1307 475 1360 ὑπαίτιοι
531 1308 855 1378 (Ἕκαστος
881 1312 1014 1381 γὰρ,
1035 1313 1220 1385 φησὶν,
1250 1315 1322 1369 ἐν
1343 1315 1419 1385 τῇ
1432 1317 1685 1387 ἁμαρτίᾳ
1704 1321 1810 1374 αὑ-

229 1397 338 1452 τοῦ
369 1399 778 1466 ἀποθανεῖται,
836 1403 936 1457 καί
987 1406 1099 1459 οὐκ
1145 1407 1588 1463 ἀποθανοῦνται
1627 1410 1810 1465 τέκνα

228 1489 384 1558 ὑπὲρ
412 1493 706 1561 πατέρων,
735 1496 810 1560 ὡς
843 1497 936 1550 καὶ
958 1497 1241 1569 ἔμπαλιν),
1287 1501 1422 1572 πρὸς
1465 1502 1524 1556 δὲ
1557 1521 1807 1576 παρηγο-

229 1579 377 1650 ρίαν,
430 1585 528 1655 μιᾷ
572 1585 994 1662 Τεσσαρακοστῇ
1051 1593 1374 1660 φυλάξονται
1430 1597 1804 1666 κρεωφαγίας,

224 1673 472 1742 δηλονότι
505 1677 600 1731 καὶ
628 1679 726 1733 τοῦ
758 1680 834 1752 μὴ
866 1685 1118 1754 μετέχειν
1156 1686 1266 1738 τῶν
1300 1689 1678 1760 ἀγιασμάτων.
1711 1693 1808 1756 Είς

226 1763 284 1816 δὲ
318 1765 416 1836 τὴν
467 1769 768 1840 ἐκκλησίαν
818 1774 1138 1829 είσιέτωσαν
1166 1778 1470 1849 εὐχόμενοι,
1509 1781 1670 1852 μέχρι
1697 1784 1804 1837 τῶν

1913 590 2226 650 aﬂlictionis
2249 595 2592 654 vehementia
2625 611 2776 655 extra
2808 617 2866 657 se
2897 603 3098 673 positi,
3149 612 3485 670 consolatio-

1912 699 2037 738 nem
2065 697 2352 755 quaarunt;
2380 690 2508 759 quid
2546 692 2648 748 hoc
2679 702 2763 748 est
2789 698 2934 764 quod
2957 712 3174 762 narras.
3211 701 3313 758 nisi
3339 706 3486 775 quod

1911 773 2132 831 Christo
2183 778 2547 836 adversantur
2609 783 2825 852 vicani,
2885 795 2939 842 et
2989 787 3206 846 diabolo
3259 773 3486 862 januam

1911 866 2164 935 aperiunt
2183 868 2251 923 ad
2278 871 2571 939 perniciem
2601 889 2791 928 eorum
2819 875 2914 946 qui
2939 881 3318 938 consolatione
3335 885 3484 954 digiti

1913 959 2078 1012 sunt?
2105 959 2196 1014 Vae
2227 960 2295 1016 iis
2327 961 2419 1032 qui
2451 964 2530 1019 sic
2561 975 2748 1036 agunt,
2782 967 2910 1037 quia
2939 983 3324 1040 cooperatores
3357 986 3489 1033 sunt

1910 1049 2135 1104 diaboli.
2170 1051 2335 1108 Recte
2361 1055 2520 1125 igitur
2549 1057 2804 1115 dominus
2845 1060 3116 1119 Macarius
3146 1074 3200 1120 et
3229 1069 3486 1138 spiritua-

1910 1141 1980 1196 lis
2019 1140 2178 1198 Pater
2212 1144 2346 1201 istos
2369 1148 2682 1204 consolatus
2721 1161 2836 1217 est;
2875 1163 3024 1210 recte
3045 1165 3096 1211 et
3123 1156 3174 1210 in
3207 1159 3294 1214 illa
3322 1160 3488 1216 domo

1909 1233 2088 1289 cibum
2118 1237 2384 1306 sumpsit;
2439 1253 2542 1294 nec
2584 1241 2728 1295 ullus
2757 1242 3107 1302 Christianus
3133 1247 3274 1304 idem
3302 1249 3484 1308 facere

1908 1335 2215 1381 cunctetur.
2231 1328 2500 1393 QuOniam
2533 1341 2715 1386 autem
2737 1335 2803 1388 de
2821 1335 3101 1393 indicenda
3121 1355 3282 1408 pmna
3301 1358 3484 1400 sermo

1905 1426 2021 1482 est;
2055 1433 2162 1472 non
2189 1421 2332 1489 quod
2357 1424 2468 1475 sint
2492 1423 2745 1492 culpandi
2769 1442 2782 1478 :
2810 1424 3176 1500 Unusquisque
3195 1435 3355 1496 enim,
3382 1437 3484 1503 ait,

1907 1510 1964 1563 in
1993 1522 2204 1580 peccato
2229 1529 2326 1566 suo
2359 1515 2646 1581 morietur;
2686 1526 2736 1570 et
2781 1534 2884 1572 non
2936 1525 3230 1578 morientur
3256 1527 3359 1595 ﬁlii
3384 1545 3484 1598 pro

1905 1603 2145 1674 patribus
2170 1605 2237 1658 ³⁸.
2272 1605 2382 1660 Αυι
2408 1606 2528 1662 vice
2558 1625 2716 1664 versa
2747 1629 2762 1666 :
2793 1613 2888 1666 sed
2913 1615 2978 1668 ad
3007 1619 3438 1675 consolationem
3463 1639 3478 1676 :

1905 1695 2333 1766 Quadragesima
2365 1713 2472 1752 una
2511 1699 2580 1752 ab
2599 1714 2694 1754 esu
2736 1703 2984 1756 carnium
3007 1705 3393 1784 abstinebunt,
3429 1719 3484 1764 et

1907 1789 2097 1859 utique
2128 1791 2494 1846 sacramentis
2541 1808 2760 1864 quoque
2795 1811 2903 1851 non
2949 1799 3376 1870 participabunt.
3421 1803 3485 1858 In

226 1861 652 1929 κατηχουμένων
705 1866 1081 1935 ἐπιμένοντες,
1127 1869 1369 1924 δότωσαν
1409 1849 1521 1926 καὶ-
1554 1849 1654 1946 την
1711 1876 1799 1929 ἀν-

1907 1849 2205 1934 Ecclesiam
2234 1889 2416 1935 autem
2451 1849 2824 1952 ingrediantur
2853 1849 3088 1950 oraluri,
3123 1849 3308 1942 tandiu
3350 1889 3482 1943 dum

227 1949 470 2020 ήκουσαν
504 1957 698 2024 μοῖραν
733 1957 828 2010 τοῦ
860 1958 1046 2014 ἀθλίου
1071 1964 1182 2026 τοῖς
1210 1967 1450 2034 πτωχοῖς
1485 1963 1646 2037 [Reg.
1677 1967 1802 2022 cod.

225 2043 308 2103 εἰς
359 2044 651 2117 πτωχούς].
701 2049 997 2121 Προσφορά
1045 2054 1144 2122 μὲν
1192 2055 1302 2125 γὰρ
1349 2057 1444 2108 καὶ
1499 2056 1806 2129 λειτουργία

227 2132 370 2204 ὑπὲρ
389 2135 554 2189 αὐτοῦ
588 2138 650 2190 ού
683 2138 843 2210 θέμις
876 2142 1124 2210 γίνεσθαι
1172 2144 1389 2218 πάντηξο
1429 2149 1543 2220 ἡδὲ
1579 2148 1807 2221 ἐλεημο-

226 2223 364 2295 σύνη
395 2227 632 2294 γινέσθω
657 2245 670 2260 ·
702 2232 905 2301 ὠφελεῖ
950 2236 1063 2308 γὰρ
1111 2237 1250 2308 αὕτη
1289 2241 1386 2294 καὶ
1431 2243 1511 2305 είς
1552 2241 1801 2310 ἄπιστον,

225 2315 302 2380 ὥς
328 2335 490 2390 φησιν
521 2323 550 2374 ό
578 2323 966 2396 Χρυσόστομος
988 2343 1001 2356 ·
1038 2328 1132 2383 καὶ
1173 2329 1348 2396 ἄλλως
1385 2333 1467 2386 ὅτι
1499 2333 1592 2388 τοῦ
1631 2335 1805 2390 ’ἰούδα

223 2410 292 2463 τά
331 2411 572 2479 ἀγκτικά
605 2415 850 2487 ἀργύρια
893 2421 974 2483 είς
1016 2422 1193 2492 ταφὴν
1234 2427 1350 2488 τοῖς
1401 2425 1574 2492 ξένοις
1620 2428 1802 2501 ἐδόθη.

223 2501 564 2572 Πηξάτωσαν
603 2509 789 2563 καὶτὸ
841 2515 1068 2583 σημεῖον
1114 2515 1206 2569 τοῦ
1239 2516 1504 2582 ζωοποιοῦ
1566 2521 1802 2594 σταυροῦ

222 2597 306 2687 εἰς
333 2597 427 2649 τὸν
453 2599 636 2664 τόπον,
664 2596 726 2657 οὖ
755 2604 789 2675 ἡ
819 2605 1024 2678 ἀγχόνη
1047 2625 1064 2640 ’
1099 2609 1179 2664 ὅτι
1209 2613 1305 2664 καὶ
1327 2613 1489 2677 αὐτὸς
1507 2616 1536 2668 ό
1567 2617 1803 2687 σταυρὸς

221 2686 284 2738 ὲν
313 2687 392 2756 τῷ
405 2689 646 2760 Κρανίου
668 2693 818 2766 τόπῳ
846 2697 1122 2768 πήγνυται
1147 2717 1162 2730 ·
1191 2701 1324 2756 διότι
1349 2706 1467 2758 ὲκεῖ
1489 2705 1581 2758 τοῦ
1595 2686 1804 2778 ἀνθρω-

219 2779 650 2851 ποκτονηθέντος
691 2785 863 2858 Ἀδὰμ
889 2789 954 2842 τὸ
979 2795 1220 2861 κρανίον,
1245 2795 1339 2864 ἀφ’
1367 2790 1428 2850 οὗ
1458 2796 1555 2851 καὶ
1577 2797 1797 2870 ὠνόμα-

220 2886 368 2926 σται.
392 2873 642 2930 Τοσαῦτα
661 2876 859 2949 ἔχομεν
875 2881 1058 2950 λέγειν
1093 2889 1158 2939 ἐκ
1181 2886 1291 2940 τῶν
1306 2888 1364 2941 ἐν
1397 2889 1642 2960 Γραφαϊς
1665 2906 1680 2922 ο
1706 2890 1803 2944 καὶ⁹

217 2961 350 3025 τοὺς
391 2965 489 3034 μὲν
516 2967 678 3021 τοῦτο
709 2971 983 3036 παθόντας
1014 2977 1460 3047 παρακαλοῦντες
1494 2981 1800 3053 καταλῆξαι

216 3053 320 3143 τῇς
349 3054 553 3126 πολλῆς
579 3057 781 3131 λύπης,
829 3063 928 3117 καὶ
941 3064 1010 3117 δι’
1030 3067 1386 3138 εὐχαριστίας
1409 3072 1504 3124 καὶ
1530 3072 1799 3143 ἀγαθοερ-

1905 1971 2286 2028 catechumeni
2351 1973 2734 2038 dimittantur,
2796 1986 3212 2046 permanentes;
3270 1991 3485 2049 partem

1903 2064 2069 2120 etiam
2101 2078 2222 2134 quae
2255 2063 2322 2119 ad
2351 2065 2616 2120 miserum
2650 2065 2805 2120 illum
2831 2067 3152 2136 pertinebat,
3189 2070 3318 2123 dent
3344 2086 3483 2141 pau-

1903 2157 2147 2226 peribus.
2179 2155 2316 2210 Nam
2343 2157 2673 2211 oblationem
2715 2169 2769 2213 et
2802 2158 3077 2229 liturgiam
3113 2175 3212 2228 pro
3246 2161 3338 2216 illo
3367 2162 3485 2218 fieri

1902 2247 2127 2303 omnino
2177 2263 2285 2302 non
2331 2249 2496 2304 licet:
2528 2250 2873 2320 elecmosyna
2919 2265 3049 2306 vero
3091 2254 3184 2306 ﬁat
3215 2272 3228 2308 :
3262 2254 3482 2323 prodest

1901 2338 2048 2393 enim
2086 2339 2200 2394 hinc
2233 2341 2395 2395 etiam
2428 2339 2656 2404 intideli,
2696 2350 2755 2394 ut
2780 2340 2912 2395 dicit
2936 2340 3397 2414 Chrysostomus;
3426 2355 3481 2402 et

1901 2445 1968 2486 ex
2001 2429 2154 2487 Judae
2187 2432 2385 2503 laqueo
2416 2433 2626 2486 nummi
2654 2433 2896 2502 argentei
2924 2435 2989 2488 ad
3031 2437 3364 2504 sepulturam
3383 2454 3478 2507 pe-

1901 2521 2242 2592 regrinorum
2269 2522 2452 2578 donati
2477 2533 2626 2578 sunt.
2659 2522 2886 2593 Signum
2915 2526 3077 2579 etiam
3109 2528 3337 2582 vivificaa
3360 2545 3484 2584 cru-

1901 2611 1983 2666 cis
1997 2613 2051 2666 in
2071 2627 2136 2668 eo
2153 2613 2274 2668 loco
2294 2614 2550 2684 deligant,
2577 2613 2667 2668 ubi
2685 2613 3015 2684 praafocatus
3039 2615 3141 2670 fuit
3164 2634 3176 2670 :
3203 2617 3476 2687 siquidem

1901 2717 2036 2758 crux
2071 2704 2188 2774 ipsa
2220 2706 2270 2758 in
2299 2705 2562 2762 Calvariae
2595 2704 2718 2760 loco
2746 2705 2925 2761 deﬁxa
2957 2707 3096 2771 fuit,
3127 2723 3193 2763 eo
3220 2712 3365 2780 quod
3401 2713 3476 2766 ibi

1903 2797 2144 2852 hominis
2197 2797 2393 2852 mortui
2442 2798 2614 2852 Adam
2661 2798 2946 2854 calvaria:
2981 2801 3125 2858 unde
3177 2811 3230 2856 et
3277 2818 3476 2859 nomen

1903 2890 2026 2945 loco
2058 2891 2266 2945 datum.
2298 2888 2422 2944 llaec
2448 2889 2745 2946 habuimus
2792 2907 2914 2962 quae
2938 2906 3002 2947 ex
3051 2891 3352 2964 Scripturis
3392 2896 3478 2950 di-

1902 2997 2186 3048 ceremus;
2213 2997 2324 3050 quo
2349 2981 2470 3037 illos
2499 2981 2848 3037 hortaremur
2869 2983 3067 3054 quibus
3092 2983 3144 3038 id
3167 2986 3386 3049 accidit,
3415 2993 3479 3041 ut

1901 3092 2102 3149 magno
2131 3077 2310 3133 dolori
2349 3077 2512 3132 linem
2568 3079 2872 3148 imponant,
2921 3088 2977 3134 et
3019 3094 3146 3134 cum
3175 3081 3475 3150 gratiarum

216 3141 346 3246 γίας
375 3148 855 3226 προσεδρεύειντῴ
886 3156 1079 3229 ἀγαθῷ
1116 3159 1256 3230 Θεῷ.
1301 3161 1442 3226 Τοὺς
1472 3161 1529 3216 δὲ
1559 3163 1653 3217 τοῦ
1683 3141 1792 3235 χω-

1903 3141 2135 3235 actione,
2186 3171 2330 3224 bona
2374 3185 2540 3240 opera
2583 3171 2728 3226 bono
2771 3170 2883 3227 Deo
2931 3173 3121 3228 sedulo
3159 3176 3473 3231 exhibeant.

221 3232 340 3304 ρίου
371 3238 768 3308 παραινοῦντες
810 3245 1120 3316 ἀφεμένους
1161 3249 1262 3320 τῆς
1303 3255 1548 3324 πονηρᾶς
1581 3232 1799 3327 διακρί-

1901 3232 2138 3318 Vicanos
2153 3276 2280 3318 vero
2304 3232 2684 3330 admonemus,
2713 3272 2775 3318 ut
2798 3279 2966 3334 pravo
2987 3265 3180 3320 atl‘ectu
3205 3268 3472 3338 deposito,

219 3343 381 3393 σεως,
440 3333 732 3398 κοινωνοὺς
781 3334 926 3407 ἔχειν
983 3339 1060 3402 ὡς
1107 3341 1238 3413 πρὶν
1287 3344 1414 3408 τοὺς
1461 3345 1564 3416 τῆς
1619 3347 1799 3411 οίκίας

216 3417 478 3510 εκείνης,
534 3423 594 3477 ἐν
658 3426 881 3501 Χριστῷ
954 3430 1130 3503 Ἰησοῦ
1201 3434 1278 3505 τῷ
1340 3437 1534 3508 Κυρίῳ
1611 3437 1792 3510 ἡμῶν.

231 3507 430 3582 Ἀμήν.

394 3653 691 3731 ΡΝΑνμθ).
719 3692 790 3702 -
812 3662 1042 3734 Nimim
1067 3665 1398 3737 ἡγουμένῳ.
1425 3668 1610 3744 [χλβ’.]

1897 3369 2023 3410 cum
2057 3352 2124 3408 iis
2150 3353 2244 3423 qui
2287 3353 2343 3406 in
2377 3352 2540 3407 domo
2579 3353 2670 3408 illa
2699 3364 2848 3419 sunt,
2887 3357 3116 3425 pristino
3144 3373 3294 3414 more
3324 3375 3477 3414 com-

1895 3445 2200 3510 municent,
2237 3444 2291 3500 in
2321 3444 2540 3500 Christo
2558 3443 2691 3501 Jesu
2724 3445 2958 3502 Domino
2985 3457 3196 3504 nostro.
3240 3450 3435 3507 Amen.

2207 3669 2386 3725 CLIV.
2417 3700 2488 3709 —
2525 3669 2724 3726 Nicena
2753 3675 3032 3742 praeposito
3055 3673 3145 3745 (‘).

218 3793 364 3855 000d
387 3798 697 3866 participauo
717 3807 771 3854 et
789 3803 1071 3858 communio
1093 3807 1226 3859 idem
1251 3807 1372 3861 sint:
1398 3811 1799 3924 atqilcesaggggﬂ

1899 3809 2252 3922 teretggorutm,
2273 3823 2385 3860 cum
2421 3809 2741 3874 participatur
2794 3812 2855 3862 ab
2877 3809 3145 3875 aliquibus,
3167 3827 3281 3864 cum
3309 3815 3474 3866 haere-

1899 3879 1989 3922 ttes
2009 3886 2038 3922 e
2094 3886 2169 3921 na
2203 3900 2218 3912 ο

295 3967 406 4022 οὐκ
453 3971 702 4046 ἄκαιρον,
757 3971 950 4048 οἶμαι,
987 3977 1051 4032 τδ
1087 3979 1262 4052 παρὸν
1301 3983 1685 4053 γραμματεῖον
1723 3985 1792 4056 τῇ

212 4064 462 4134 πατρικῇ
497 4081 588 4118 σου
617 4067 896 4142 ἁγιωσύνῃ
921 4085 937 4101 ο
973 4069 1035 4124 οὐ
1073 4070 1234 4140 μόνον
1257 4073 1338 4126 ὄτι
1366 4073 1428 4127 τὸ
1447 4074 1548 4144 τῆς
1568 4075 1796 4147 ἀγάπης

212 4151 455 4222 πληροῖ·
491 4156 608 4210 ἀλλ’
635 4160 718 4214 ὅτι
764 4163 858 4216 καὶ
901 4163 1146 4236 λυπηρόν
1173 4182 1228 4218 τι
1264 4164 1510 4231 ὲνιζάνον
1536 4167 1699 4239 ήμῶν
1722 4169 1792 4240 τῇ

209 4247 446 4316 ταπεινῇ
470 4246 650 4320 ψυχῇ,
685 4258 1055 4324 φανεροποιεῖ.
1088 4257 1218 4323 Καὶ,
1249 4259 1299 4312 εί
1323 4259 1591 4328 κελεύεις,
1617 4261 1789 4334 πρόσ-

210 4350 311 4404 χες
373 4339 485 4401 τοῖς
547 4339 884 4411 λεγομένοις.
933 4344 1068 4400 Μεθ’
1114 4347 1467 4420 ὑποστροφὴν
1492 4351 1594 4422 τῆς
1621 4353 1682 4407 ὲν
1708 4351 1788 4424 τῷ

222 4424 454 4501 Ἀκρίτα
503 4433 776 4502 συνόψεως
811 4437 970 4507 ήμῶν
1008 4439 1116 4493 τῶν
1155 4441 1327 4510 ἁγίων
1348 4443 1631 4513 Πατέρων,
1663 4463 1790 4499 συν-

209 4515 408 4589 έτυχον
433 4521 509 4592 τῷ
538 4525 792 4598 ἡμετέρῳ
814 4528 1031 4600 ἀδελφῷ
1067 4530 1394 4604 Ἀθανασίῳ,
1426 4533 1790 4607 διηγούμενος

207 4608 420 4664 ἕκαστα
451 4615 558 4668 τῶν
587 4619 644 4670 ἐν
669 4619 860 4692 Κυρίῳ
878 4621 1284 4696 διειλεγμένωψ
1308 4627 1573 4694 ἐπειπὼν,
1597 4629 1676 4682 ὅτι
1694 4630 1792 4684 καὶ

1968 3983 2088 4038 Non
2136 3982 2447 4051 importuna
2497 3982 2620 4047 erit,
2651 3983 2867 4053 opinor,
2903 3983 3022 4038 haec
3077 3983 3312 4054 epistola
3370 4003 3474 4058 pa-

1896 4086 2068 4131 terna
2089 4073 2366 4130 sanctitati
2400 4082 2507 4129 tua:
2550 4093 2564 4128 :
2606 4088 2716 4129 non
2751 4075 2928 4130 solum
2967 4076 3096 4146 quia
3135 4077 3312 4133 ofﬁcio
3342 4079 3473 4136 fun-

1893 4166 2038 4238 gitur
2077 4164 2362 4222 charitatis
2387 4182 2403 4232 ;
2441 4181 2633 4220 verum
2659 4164 2824 4220 etiam
2853 4166 2982 4237 quia
3010 4168 3167 4224 triste
3187 4171 3471 4238 quiddam,

1891 4258 2039 4328 quod
2090 4258 2145 4314 in
2172 4257 2368 4312 humili
2421 4258 2606 4314 anima
2681 4267 2866 4314 nostra
2910 4259 3126 4328 insidet,
3189 4262 3468 4332 patefacit.

1891 4349 1978 4416 Et,
2022 4349 2070 4406 si
2115 4351 2296 4422 iubes,
2330 4349 2549 4406 attende
2577 4366 2701 4422 quae
2758 4351 2956 4407 dicam.
2994 4351 3128 4409 Post
3169 4355 3402 4410 reditum
3437 4371 3468 4411 ο

1887 4451 2182 4512 conspectu
2238 4451 2440 4498 sanctae
2507 4441 2858 4512 paternitatis
2918 4452 3116 4500 vestra
3154 4443 3210 4498 in
3257 4445 3468 4513 Acrita,

1885 4546 2213 4600 congressus
2273 4546 2397 4586 sum
2454 4547 2578 4588 cum
2657 4531 2826 4589 fratre
2867 4542 3056 4589 nostro
3126 4533 3468 4602 Athanasio,

1886 4622 2102 4694 singula
2137 4637 2403 4680 enarratis
2455 4623 2524 4680 de
2555 4624 2755 4696 quibus
2801 4625 2857 4679 in
2916 4623 3146 4680 Domino
3179 4625 3465 4684 disserue-

205 4703 238 4754 δ
267 4705 362 4756 τοῦ
396 4707 687 4778 Μηδικίου,
731 4713 1014 4786 συνίστησι
1069 4716 1162 4770 τὸν
1214 4715 1523 4789 Μαξιμίνου
1578 4721 1670 4774 ἐπὶ
1715 4723 1783 4794 τῇ

1899 4731 2076 4772 ramus
2119 4734 2134 4771 :
2181 4716 2388 4774 addens
2443 4717 2688 4789 insuper,
2724 4717 2872 4787 quod
2938 4717 3284 4775 Mediciensis
3310 4735 3466 4776 com-

205 4795 474 4870 καλλίστῃ
505 4803 774 4875 μεταϐολῇ
799 4807 986 4874 αὑτοῦ,
1023 4809 1192 4880 ἤγουν
1225 4810 1492 4882 ἀπολογίᾳ
1532 4812 1632 4865 καὶ
1665 4813 1788 4883 ὀμο-

203 4885 389 4960 λογίᾳ.
435 4889 493 4944 ’0
518 4892 576 4946 δὲ
601 4894 881 4962 ἀνένευσε,
911 4900 1008 4953 καὶ
1049 4899 1150 4972 τὴν
1194 4902 1381 4958 αἰτίαν
1424 4904 1524 4976 τῆς
1556 4904 1786 4960 ἀνανεύ-

208 4995 385 5070 σεως·
414 4982 526 5052 ἐγὼ
575 4986 676 5055 μὲν
723 4989 989 5060 ἀπῄτουν,
1019 4993 1227 5058 ἐκεῖνος
1271 4994 1331 5048 δέ
1366 5012 1554 5066 φησιν’
1595 4997 1685 5052 Ἐν
1704 4997 1784 5070 τῷ

203 5067 620 5145 Ἀπολογητικῷ
636 5077 774 5151 ὅπερ
793 5081 1192 5152 συνεγράψατο,
1213 5083 1309 5137 καὶ
1329 5085 1493 5150 αὐτὸς
1517 5067 1781 5156 ἀνέγνων,

203 5162 356 5232 λέγει
389 5167 715 5236 μεταλαϐεῖν
738 5187 754 5202 ο
793 5172 908 5226 ἀλλ’
937 5175 1059 5245 οὐχὶ
1091 5177 1444 5248 κοινωνῆσαι,
1467 5178 1562 5232 καὶ
1579 5181 1785 5234 οἰκονο-

207 5257 344 5328 μίαν
369 5253 511 5314 εῐναι
535 5263 660 5318 καθ’
685 5263 878 5333 ὕφεσιν
903 5267 1197 5339 ἀκριϐείας
1215 5307 1232 5332 ,
1249 5269 1368 5324 ἀλλ’
1393 5270 1494 5326 οὐκ
1508 5270 1785 5328 ἔκπτωσιν

201 5350 469 5420 ἀληθείας
496 5354 676 5410 τοῦτο.
704 5357 770 5410 Τί
795 5353 1055 5424 ταῦτα,’ὧ
1092 5361 1274 5430 Πάτερ
1296 5361 1599 5433 τιμιώτατε
1625 5380 1640 5431 ;
1675 5365 1790 5437 Οὐχ

201 5443 481 5512 ὁμολογεῖ,
508 5445 584 5511 ὡς
613 5448 672 5502 ὲν
697 5448 852 5522 τύπῳ
875 5452 1071 5519 εἰπεῖν,
1112 5454 1194 5508 ὅτι
1228 5455 1404 5524 φειδοῖ
1421 5455 1518 5510 τοῦ
1553 5457 1781 5529 γήρους,

279 5580 330 5612 ’⁸
363 5581 516 5639 Deut.
563 5599 717 5652 niv,
759 5585 847 5642 16.

1891 4808 2113 4863 mendat
2148 4807 2504 4864 Maximinum
2536 4810 2591 4864 in
2629 4809 3000 4880 pulcherrima
3053 4811 3172 4880 ejus
3229 4827 3467 4868 conver-

1891 4898 2070 4966 sione,
2086 4899 2190 4956 hoc
2200 4909 2305 4964 est,
2319 4901 2374 4955 in
2391 4901 2639 4972 apologia
2659 4910 2714 4956 et
2730 4899 3098 4959 confessione.
3118 4901 3214 4958 Ille
3228 4918 3356 4958 vero
3370 4905 3467 4960 ab-

1887 4996 2038 5050 nuit:
2057 5011 2218 5066 cumq
2228 5010 2296 5050 ue
2310 5010 2531 5051 causam
2547 5011 2798 5066 rogarem
2815 5011 2915 5051 cur
2930 4995 3197 5052 abnueret
3220 4997 3309 5068 :[In
3327 4998 3469 5068 Apo-

1881 5087 2136 5159 logetico,
2150 5087 2348 5158 inquit,
2367 5102 2527 5158 quem
2551 5087 2902 5158 conscripsit,
2921 5097 2976 5144 et
3009 5104 3170 5160 quem
3197 5089 3316 5160 ipse
3335 5090 3464 5162 legi,

1883 5181 1962 5236 ait
2009 5181 2390 5251 participasse,
2430 5195 2538 5234 non
2581 5187 2764 5236 autem
2799 5181 3260 5246 communicasse,
3302 5190 3466 5252 atque

1892 5271 1999 5327 hoc
2039 5271 2504 5341 dispensationem
2537 5286 2680 5336 esse,
2711 5287 2818 5341 qua
2849 5273 3212 5344 exactumjus
3241 5274 3463 5328 emitta-

1883 5371 1996 5430 tur,
2016 5364 2220 5420 veritas
2240 5373 2422 5420 autem
2447 5378 2557 5420 non
2586 5364 2889 5420 amittatur.
2925 5364 3197 5434 Quidnam
3227 5367 3333 5421 hoc
3355 5371 3462 5431 est,

1883 5454 2043 5512 Pater
2059 5455 2516 5514 honoratissime?
2545 5456 2740 5513 Annon
2762 5457 2845 5514 sic
2859 5459 3172 5524 confitetur,
3198 5465 3261 5512 ut
3303 5471 3461 5513 sum-

1724 5702 1951 5764 ΝΟΤᾸΞ.

282 5809 399 5881 (46)
433 5809 490 5866 In
519 5814 638 5871 cod.
667 5814 798 5890 Reg.
836 5819 954 5891 ριδν.

1940 5824 2018 5896 (³⁸)
2053 5823 2389 5898 Dogmatica.
