4060 6374
573 336 712 403 H79

1756 337 1817 396 S.
1861 332 2256 395 TIIEODORI
2289 331 2639 392 STUDITE

3700 326 3836 391 H80

570 449 761 503 matim
795 445 972 502 dicam
1005 464 1018 500 :
1053 444 1328 502 Senectuti
1380 459 1636 515 parcens,
1675 447 1915 502 animam
1967 462 2142 499 nteant

2264 443 2423 498 ὓλεσά
2453 461 2560 513 μου
2585 446 2684 512 τὴν
2713 443 2912 513 ψυχὴν,
2958 443 3298 512 κοινωνήσας
3339 441 3433 496 ἐπὶ
3477 444 3545 512 τῇ
3605 442 3834 513 ἁρνῆσει

569 539 803 612 perdidi,
829 539 1313 594 communicansin
1337 540 1625 610 negatione
1643 538 1896 609 imaginis
1915 537 2143 605 Christi,

571 639 625 686 et
647 630 911 700 D‘eiparae,
935 639 1361 699 sanctorumque
1385 630 1630 684 omnium
1667 648 1682 683 :
1717 631 1834 686 haec
1855 631 2000 685 enim
2028 630 2147 684 Ico~

571 722 890 777 nomachica
913 730 996 776 est
1011 721 1259 786 haeresis,
1289 729 1452 790 atque
1486 721 1540 774 in
1569 721 1672 775 hoc
1699 736 1823 775 cum
1848 721 2030 791 impiis
2049 735 2147 790 ag-

572 822 830 881 gregatus
853 827 998 866 sum.
1047 810 1252 865 Deinde
1279 811 1344 864 ad
1375 809 1539 864 tinem
1570 826 1744 880 usque
1775 811 1830 864 in
1871 822 2150 866 monaste-

574 904 660 958 rio
694 919 812 958 meo
841 903 1119 973 permansi
1148 901 1553 971 persecutionis
1603 917 1816 973 expers,
1853 918 1978 958 cum
2031 902 2148 972 agi-

575 1003 782 1048 taretur
805 993 1048 1049 Ecclesia
1081 1003 1287 1048 nostra.
1313 995 1511 1049 Annon
1555 995 1627 1050 ita
1653 995 1940 1050 confitetur
1967 1004 2018 1050 et
2049 995 2150 1050 de-

576 1087 783 1156 plorat?
815 1083 1015 1139 Verutn
1053 1100 1225 1154 nugas
1277 1085 1400 1141 illas
1430 1087 1652 1154 occioit,
1681 1098 1862 1157 atque,
1897 1095 1955 1142 ut
1984 1086 2152 1142 refert

574 1179 624 1234 is
653 1177 743 1246 qui
775 1178 908 1230 mihi
937 1177 1178 1230 narravit
1199 1175 1268 1231 ad
1300 1193 1457 1234 suam
1489 1177 1860 1233 defensionem
1889 1177 2148 1232 Dianium

575 1267 866 1338 quemdam
893 1281 924 1321 e
957 1264 1217 1323 Patribus
1272 1269 1546 1337 producit,
1601 1269 1695 1338 qui
1761 1269 1902 1322 idem
1939 1267 2149 1330 fecerit,

576 1367 631 1414 et
661 1375 690 1414 a
740 1368 932 1415 sancto
993 1359 1219 1427 Basilio,
1277 1367 1336 1413 ut
1385 1361 1483 1426 ait,
1533 1369 1822 1430 susceptus
1876 1360 1998 1427 sit;
2038 1369 2151 1414 tum

577 1453 744 1506 etiam
787 1462 995 1521 patrem
1039 1450 1285 1521 Gregorii
1319 1451 1603 1523 Theologi.

647 1543 692 1598 Ο
755 1545 958 1613 justam
1021 1544 1487 1614 indignationem,
1550 1553 1604 1599 et
1673 1544 1816 1600 sacri
1892 1544 2154 1600 antistitis

579 1634 778 1697 nostri,
811 1641 866 1689 et
899 1634 1064 1688 totius
1097 1632 1477 1688 confessorum
1519 1634 1711 1689 chori!
1755 1634 1812 1689 Si
1859 1636 2008 1689 enim
2053 1636 2157 1690 hoc

581 1729 991 1786 communicare
1059 1742 1170 1781 non
1217 1735 1324 1789 est,
1387 1742 1562 1797 neque
1609 1727 1865 1797 prolabi;
1899 1729 2150 1797 quisnam

581 1821 797 1877 fructus
857 1827 938 1874 est
992 1829 1370 1889 susceptorum
1417 1819 1487 1873 ab
1543 1819 1652 1876 illis
1701 1821 2064 1874 certaminum
2099 1829 2154 1874 et

582 1915 916 1986 praeliorum,
951 1929 1015 1968 ac
1064 1913 1346 1983 sanguinis
1381 1910 1590 1981 profusi
1651 1921 1706 1967 et
1731 1927 2100 1968 aerumnarum
2130 1913 2154 1966 ?

585 2022 685 2060 cur
710 2014 763 2061 et
796 2004 910 2074 ipse
972 2005 1250 2059 abscissus
1273 2003 1401 2058 est?
1435 2020 1534 2059 cur
1565 2004 1960 2060 monasterium
1991 2005 2156 2060 relin-

581 2097 750 2167 quit'?
781 2112 879 2150 cur
912 2096 1190 2150 inhibetur
1219 2111 1251 2150 a
1281 2094 1590 2150 sacriﬁcio?
1613 2097 1678 2161 Ο,
1705 2108 1759 2152 et
1780 2098 1978 2154 iterum
2009 2099 2153 2164 dico,

583 2190 827 2244 divinam
865 2189 1290 2259 indignationem
1329 2205 1344 2242 :
1377 2191 1521 2258 quod
1579 2191 1861 2244 veritatem
1904 2191 1960 2245 in
2010 2191 2158 2263 inju-

584 2281 734 2337 stitia
766 2280 1014 2335 detinens
1046 2281 1113 2346 ⁸⁸,
1143 2280 1288 2336 idem
1319 2281 1463 2349 quod
1497 2281 1612 2350 ipse
1665 2280 1812 2347 fecit,
1846 2283 2038 2340 Patres
2073 2286 2155 2338 le-

584 2376 727 2432 cissc
756 2376 1056 2430 existimat.
1088 2375 1198 2446 Age
1247 2390 1395 2445 ergo,
1429 2376 1796 2430 inconsultum
1847 2391 2156 2431 sermonem

583 2471 972 2540 expendamus.
992 2469 1338 2539 Participavi.
1379 2469 1474 2524 sed
1497 2487 1603 2525 non
1627 2470 2051 2526 communicavi.
2068 2471 2161 2526 Ait

585 2560 769 2629 itaque
828 2560 1040 2630 uspiam
1091 2560 1470 2628 theologorum
1509 2561 1905 2618 celeberrimus
1939 2580 1952 2616 :
1990 2561 2162 2616 Parti-

587 2669 715 2722 ceps
743 2652 922 2707 factus
981 2667 1103 2708 sum
1131 2653 1410 2722 imaginis,
1451 2662 1639 2708 etnon
1689 2655 1987 2709 custodivi.
2025 2652 2162 2709 Par-

589 2746 758 2815 ticeps
799 2745 856 2800 fit
887 2759 1020 2800 mea:
1062 2745 1415 2811 infirmitatis,
1450 2756 1511 2802 ut
1559 2757 1613 2802 et
1640 2748 1928 2820 imaginem
1959 2755 2162 2812 servet,

589 2842 645 2887 ct
682 2849 902 2888 carnem
947 2834 1112 2889 morti
1171 2836 1372 2890 tradat.
1428 2835 1680 2892 Secunda
1744 2853 1876 2908 ergo
1912 2852 2162 2893 commu-

591 2926 756 2980 nione
801 2927 1269 2996 communicavit”
1294 2943 1417 2998 qua:
1454 2928 1629 2998 priori
1660 2928 1820 3000 longe
1872 2927 2164 2985 admirabi-

590 3016 699 3071 lior
734 3026 836 3073 cst.
865 3018 1004 3074 Ecce
1040 3033 1229 3074 vocem
1265 3019 1426 3084 hanc,
1454 3021 1794 3089 participaui,
1823 3021 2166 3090 communio-

2249 537 2348 605 τῆς
2377 536 2590 600 εἰκόνος
2623 536 2881 605 Χριστοῦ,
2917 537 3018 605 τῆς
3047 553 3107 589 τε
3137 534 3426 598 θεοτόκου,
3475 536 3574 588 καὶ
3613 535 3834 587 πάντων

2249 628 2455 696 ἁγίων·
2483 628 2644 681 τοῦτο
2703 629 2812 697 γὰρ
2873 629 2906 698 ἡ
2964 627 3371 697 Εἱκονομαχικὴ
3441 628 3698 696 αἴρεσις’
3737 629 3834 680 κᾶν

2249 719 2426 790 τούτῳ
2455 719 2784 789 συνηλίσθην
2810 721 2920 780 τοῖς
2940 718 3214 772 ἀσεϐέσιν.
3245 714 3376 771 Εἶτα
3402 719 3493 771 καὶ
3517 717 3624 777 ἕως
3648 717 3838 777 τέλους

2250 812 2503 881 ὲνέμεινα
2529 814 2588 864 ὲν
2604 811 2680 881 τῷ
2709 810 3058 881 μοναστηρίῳ
3083 827 3181 878 μου
3205 810 3473 872 ἀδίωκτος
3500 809 3838 877 δονουμένης

2250 905 2351 972 τῆς
2381 903 2504 957 καθ’
2527 905 2676 974 ἡμᾶς
2714 904 3035 975 Ἐκκλησίας
3069 902 3214 974 [cod.
3257 902 3389 972 Reg.
3439 902 3778 972 οἰκουμένης
3802 899 3837 968 1.

2253 996 2366 1066 Οὐχ
2386 994 2560 1058 οὕτως
2591 995 2995 1066 ὲξομολογεῑται
3046 994 3141 1047 καὶ
3183 993 3506 1064 προσκλαίει
3534 1011 3550 1061 ;
3604 993 3748 1046 ἀλλὰ
3776 997 3840 1046 τὰ

2255 1086 2670 1158 βατταρίσματα
2695 1089 2888 1139 ἐκεῖνα
2921 1087 3076 1155 φαίη,
3108 1087 3202 1138 καὶ
3245 1084 3320 1146 ὦς
3349 1103 3516 1154 φησιν
3543 1088 3572 1138 ὁ
3611 1083 3840 1152 ἐξηγοῦ-

2257 1195 2440 1250 μενος,
2473 1179 2554 1231 ὅτι
2576 1195 2638 1244 γε
2673 1179 2768 1231 καὶ
2798 1179 3041 1246 παράγει
3066 1179 3146 1239 είς
3168 1176 3500 1246 συνηγορίαν
3518 1176 3688 1228 αὑτοῦ
3715 1175 3842 1230 Ati-

2253 1272 2365 1324 νιόν
2393 1288 2512 1325 τινα
2541 1269 2648 1323 τῶν
2672 1270 2932 1340 Πατέρων
2963 1268 3129 1322 ταυτὸ
3150 1267 3509 1338 πεποιηκότα,
3539 1266 3623 1329 ὃν,
3649 1267 3842 1334 φησιν,

2254 1363 2560 1430 εἰσεδέξατο
2591 1365 2620 1415 ό
2644 1363 2800 1430 ἆγιος
2831 1359 3113 1423 Βασίλειος
3133 1377 3146 1390 ·
3175 1361 3297 1412 ἐπεὶ
3340 1360 3434 1414 καὶ
3470 1361 3563 1412 τὸν
3621 1360 3845 1428 πατέρα

2253 1453 2560 1526 Γρηγορίου
2589 1450 2683 1504 τοῦ
2715 1451 3008 1520 Θεολόγου.

2327 1546 2391 1597 Ὢ
2409 1542 2619 1605 δικαίας
2642 1543 3087 1612 ἀγανακτήσεως,
3101 1541 3197 1594 τοῦ
3217 1559 3276 1593 τε
3292 1541 3440 1611 ἱεροῦ
3455 1539 3617 1610 ἡμῶν
3641 1542 3844 1611 ἀρχιε-

2259 1638 2420 1708 ρέως,
2463 1638 2557 1688 καὶ
2607 1634 2804 1697 παντὸς
2821 1634 2917 1687 τοῦ
2933 1633 3324 1705 ὁμολογητικοῦ
3352 1631 3726 1702 πληρώματος
3751 1631 3847 1684 ίΕΞ

2255 1730 2364 1799 γὰρ
2376 1729 2550 1781 ἐκεῖνο
2562 1727 2622 1780 οὐ
2642 1727 2920 1789 κοινωνία,
2936 1726 3055 1780 οὐδὲ
3070 1727 3339 1789 ἔκπτωσις
3351 1741 3364 1754 ⁸
3383 1726 3436 1778 τί
3447 1725 3508 1777 τὸ
3523 1725 3716 1794 Sosio;
3733 1724 3848 1776 τῶν

2253 1820 2480 1883 ἐκείνοις
2505 1818 2730 1887 ἀγώνων
2765 1835 2827 1871 τε
2855 1820 2949 1872 καὶ
2966 1817 3164 1883 ἄθλων,
3182 1819 3504 1888 αἱμάτωντε
3533 1817 3632 1870 καὶ
3650 1817 3848 1869 ταλαι-

2255 1907 2808 1981 πωρημάτων;τίδὲ
2861 1908 2958 1961 καὶ
3005 1908 3170 1970 αὐτὸς
3202 1906 3466 1976 ἁπεμήθη
3514 1904 3670 1977 [cod.
3709 1903 3846 1972 Reg.

2254 2001 2583 2074 ἐπετιμήθη]
2605 2019 2621 2068 ;
2648 2001 2702 2053 τί
2729 2000 2786 2053 δὲ
2817 2001 2913 2053 καὶ
2965 1999 3164 2068 ἀφίησι
3191 1998 3252 2051 τὸ
3287 1998 3656 2069 μοναστὴριον
3677 2014 3691 2058 ;
3713 1999 3766 2050 τί
3792 1995 3852 2049 εξ

2254 2097 2606 2168 καὶείργεται
2652 2094 2754 2164 τῆς
2789 2094 3142 2164 ἱερουργίας;
3195 2093 3280 2154 Ὢ,
3325 2095 3419 2144 καὶ
3467 2087 3632 2153 αὖθις
3679 2090 3848 2157 λέγω,

2255 2189 2351 2259 τῆς
2375 2187 2523 2250 θείας
2553 2187 2981 2256 ἀγανακτήσεως
3008 2186 3021 2238 ί
3056 2185 3137 2238 ὅτι
3159 2184 3260 2254 τὴν
3287 2184 3552 2254 ἀλήθειαν
3576 2186 3636 2234 ὲν
3665 2183 3852 2252 ἀδικία

2255 2278 2521 2347 κατέχων.
2544 2277 2713 2329 οἴεται
2759 2277 2854 2328 καὶ
2907 2276 3033 2336 τοὺς
3078 2276 3330 2347 ῐιατέρας
3351 2275 3726 2326 ταυτοπαθείν
3747 2274 3852 2325 αὺ-

2257 2368 2351 2441 τῷ.
2367 2369 2502 2437 Φέρε
2517 2364 2634 2434 οὖν,
2652 2367 2950 2437 ἴδωμεντδν
2973 2365 3253 2434 ἀλόγιστον
3275 2367 3432 2433 λόγον
3464 2383 3479 2399 ⁸
3504 2365 3852 2426 Μετέλαεον,

2257 2462 2370 2516 ἀλλ’
2400 2461 2500 2514 οὐκ
2553 2461 2911 2528 ἐκοινώνησα.
2938 2457 3102 2525 Λέγει
3150 2457 3444 2528 τοιγαροῦν
3471 2451 3577 2509 ὧδὲ
3597 2475 3704 2510 που
3741 2457 3852 2509 τῷν

2260 2549 2524 2617 θεολόγων
2557 2551 2583 2602 ό
2597 2547 2899 2616 διαϐόητος⁹
2918 2545 3226 2599 Μετέλαῦον
3246 2547 3343 2615 τῆς
3361 2546 3594 2609 εἰκόνος,
3621 2547 3721 2596 καὶ
3751 2545 3854 2596 οὐκ

2259 2641 2498 2712 ἐφύλαξα
2519 2657 2532 2672 ’
2569 2639 2986 2712 μεταλαμϐάνει
3013 2640 3112 2710 τῆς
3133 2640 3274 2709 ὲμῆς
3293 2638 3612 2702 ἀσθενείας,
3643 2639 3738 2690 ἵνα
3763 2637 3856 2689 καὶ

2259 2732 2356 2804 τὴν
2385 2732 2566 2785 εἰκόνα
2600 2730 2772 2802 σώσῃ,
2805 2729 2900 2784 καὶ
2927 2728 3025 2801 τὴν
3061 2729 3242 2800 σάρκα
3283 2729 3617 2800 ἁθανατίσῃ.
3655 2728 3854 2780 Aesti-

2266 2840 2363 2893 ραν
2389 2818 2482 2875 οὖν
2512 2823 2802 2876 κοινωνίαν
2830 2821 3098 2884 κοινωνεῖ,
3150 2819 3242 2871 καὶ
3269 2818 3404 2872 πολὺ
3433 2819 3534 2888 τῆς
3563 2821 3857 2888 προτέρας

2259 2914 2712 2988 παραδοξοτέραν.
2737 2913 2894 2978 Ἰδοὺ,
2923 2913 3005 2978 τὺ,
3021 2910 3370 2982 μετέλαϐον,
3406 2916 3726 2976 κοινωνεῖν,
3761 2912 3858 2963 ὲκ-

2262 2989 2557 3075 πέφασται.
2590 3003 2944 3074 Μετάληψις
2998 3005 3108 3073 γὰρ
3147 3004 3242 3058 καὶ
3310 3004 3574 3057 κοινωνία
3609 3004 3854 3056 ταυτὸν·

591 3129 714 3167 netn
754 3111 1066 3180 signiﬁcare
1110 3123 1396 3166 ostensum
1427 3119 1532 3166 est.
1598 3110 1950 3180 Part-icipatio
2013 3113 2160 3167 enim

2265 3105 2299 3172 ἡ
2331 3102 2430 3172 μὲν
2459 3104 2523 3154 ἐκ
2549 3099 2642 3154 τοῦ
2699 3099 3024 3170 μετέχεσθαι
3049 3116 3064 3130 ο
3093 3101 3125 3167 ή
3161 3099 3218 3150 δὲ
3269 3101 3334 3152 ὲκ
3383 3098 3481 3151 τοῦ
3528 3098 3670 3163 τοὺς
3727 3114 3858 3168 μετ·

590 3219 686 3260 scu
750 3202 1066 3274 μετάληψις,
1121 3211 1175 3256 et
1225 3203 1675 3270 communicatio,
1710 3204 1849 3259 idem
1883 3213 2054 3271 sunt;
2084 3213 2166 3260 at-

590 3312 696 3366 que
735 3295 824 3348 illa
880 3296 1100 3365 quidem
1155 3295 1236 3349 sic
1264 3294 1410 3350 dicta
1451 3310 1518 3350 ex
1553 3310 1619 3350 eo
1652 3297 1799 3366 quod
1859 3307 1944 3354 est
1998 3299 2164 3355 simul

591 3387 821 3451 haberi;
860 3388 974 3440 haec
1003 3395 1186 3440 autem
1216 3401 1282 3441 ex
1320 3402 1388 3441 eo
1416 3387 1565 3456 quod
1596 3390 1688 3457 qui
1737 3390 1906 3446 simul
1937 3393 2162 3457 habent,

591 3493 883 3533 commune
915 3477 1138 3532 faciant.
1172 3477 1239 3532 Et
1260 3478 1482 3533 divinus
1517 3481 1644 3533 item
1669 3481 1964 3550 Apostolus
2003 3501 2018 3538 :
2057 3483 2164 3539 Ca-

593 3572 672 3625 lia:
701 3571 1069 3626 benedictionis
1103 3571 1189 3624 cui
1216 3571 1587 3637 benedicimus,
1614 3589 1784 3630 nonne
1807 3578 2168 3631 communica-

595 3665 667 3718 tio
709 3663 981 3733 sanguinis
1021 3663 1232 3716 Domini
1263 3664 1387 3718 est?
1422 3667 1576 3734 panis
1630 3681 1784 3736 quem
1845 3668 2166 3738 frangimus,

593 3773 764 3811 nonne
795 3756 1145 3825 participatio
1177 3757 1414 3826 corporis
1475 3757 1691 3812 Domini
1720 3769 1798 3813 est
1821 3759 1848 3813 ?
1903 3759 2167 3826 Quoniam

595 3866 728 3902 unus
756 3849 931 3918 panis,
967 3864 1130 3901 unum
1168 3865 1360 3916 corpus
1407 3848 1566 3902 multi
1617 3865 1828 3914 sumus,
1871 3866 2048 3905 omnes
2077 3851 2168 3922 qui

593 3941 658 3998 de
694 3959 796 3996 uno
817 3956 950 4009 pane
974 3941 1351 4010 participamus
1387 3943 1454 3996 ".

667 4034 808 4089 Ecce
839 4035 926 4088 hic
981 4034 1144 4089 etiam
1181 4033 1276 4102 qui
1318 4033 1507 4088 mundi
1539 4033 1723 4089 lumen
1753 4033 1876 4102 fuit,
1906 4035 2168 4104 ostendit,

600 4123 1069 4193 participationem
1098 4122 1214 4176 sive
1276 4123 1512 4192 μετοχὴν
1541 4137 1666 4177 esse
1701 4123 2170 4179 communionem.

599 4214 773 4270 Nemo
829 4223 1006 4270 autem
1048 4214 1248 4268 mentis
1309 4229 1557 4284 compos,
1599 4213 1693 4283 qui
1723 4222 1880 4285 neget
1938 4215 2172 4286 μετοχὴν

597 4326 724 4365 esse
747 4307 1070 4378 μετάληψιν.
1098 4305 1254 4362 Sicut
1288 4321 1421 4377 ergo
1443 4307 1665 4362 divinus
1685 4309 1843 4376 panis
1879 4309 1949 4363 ab
1976 4309 2171 4364 ortho-

601 4397 758 4454 doxis
807 4397 1183 4467 participatus,
1243 4410 1433 4450 omnes
1477 4395 1571 4465 qui
1625 4395 1952 4465 participant
2003 4413 2170 4452 unum

2265 3197 2489 3266 ἔχοντας
2532 3191 2974 3254 κἊνοποιείσθαι,
3007 3192 3410 3264 ὀνομαζομένη.
3471 3193 3589 3246 Καὶ
3619 3192 3808 3244 τοίνυν
3831 3193 3861 3244 ό

2263 3287 2549 3352 θεσπέσιος
2591 3285 2950 3348 ’Λπόστολοςο
2992 3285 3062 3338 Τὸ
3085 3285 3375 3353 ποτήριον
3416 3283 3525 3350 τῆς
3567 3285 3862 3352 εὐλογίας

2265 3380 2712 3452 δεύλογοῦμεν,
2747 3378 2882 3447 οὐχὶ
2934 3379 3214 3446 κοινωνία
3266 3377 3375 3430 τοῦ
3435 3377 3690 3444 αἵματος
3755 3374 3863 3427 τοῦ

2267 3475 2486 3542 Κυρίου
2505 3474 2640 3526 ἐστί
2659 3489 2678 3536 ;
2696 3473 2803 3525 τόν
2816 3470 3018 3539 ἄρτον,
3039 3470 3111 3523 ὃν
3126 3467 3386 3539 κλῶμεν,
3409 3468 3546 3535 οὐχί
3571 3468 3864 3520 κοινωνία

2265 3565 2374 3619 τοῦ
2401 3564 2673 3632 σώματος
2708 3560 2814 3614 τοῦ
2843 3561 3069 3628 Κυρίου
3099 3560 3310 3622 ἐστίν;
3333 3559 3422 3612 ὅτι
3449 3554 3534 3622 εἷς
3560 3559 3770 3624 ἄρτος,
3793 3557 3862 3608 ἑν

2267 3653 2438 3723 σῶμα
2467 3657 2522 3708 οἱ
2551 3653 2770 3708 πολλοί
2799 3653 3006 3722 ἐσμεν·
3042 3653 3096 3706 οἱ
3124 3650 3232 3722 γὰρ
3255 3647 3480 3715 πάντες
3495 3651 3565 3704 ἐκ
3591 3650 3702 3704 τοῦ
3720 3649 3863 3713 ere;

2267 3745 2448 3816 ἄρτου
2469 3745 2828 3817 μετέχομεν.

2354 4027 2486 4085 Ἰδοὺ
2513 4029 2711 4100 δέδειχε
2757 4029 3038 4083 κάνταῦθα
3077 4029 3141 4082 τὺ
3186 4027 3298 4098 φῶς
3337 4027 3431 4081 τοῦ
3480 4026 3696 4096 κόσμου
3731 4064 3750 4089 ,
3786 4028 3867 4078 ὅτι

2271 4123 2526 4176 κοινωνία
2553 4125 2699 4177 ἐστὶν
2725 4125 2757 4190 ἠ
2775 4123 3004 4192 μετοχή
3029 4138 3042 4151 ·
3071 4123 3172 4175 οὑκ
3191 4122 3256 4176 ἄν
3281 4139 3364 4185 τις
3390 4121 3445 4174 δὲ
3478 4120 3702 4190 φρενῶν
3729 4120 3868 4171 εἵσω

2272 4215 2370 4282 ὢν,
2400 4215 2520 4286 οὐχὶ
2552 4217 2651 4284 τὴν
2666 4215 2957 4284 μετοχὴν,
2994 4216 3342 4284 μετάληψιν
3385 4215 3547 4266 εἴποι.
3594 4213 3683 4274 Ὠς
3711 4210 3812 4264 οὖν
3840 4214 3869 4263 ό

2276 4307 2420 4370 θεῖος
2448 4307 2612 4377 ἄρτος
2645 4307 2750 4360 ὑπὸ
2783 4307 2892 4360 τῶν
2917 4306 3217 4378 ὀρθοδόξων
3243 4306 3626 4375 μετεχόμενος,
3647 4305 3867 4366 πάντας

2275 4400 2402 4463 τοὺς
2437 4399 2699 4469 μετόχους
2727 4398 2787 4451 ἒν
2815 4399 2974 4469 σῶμα
3009 4398 3300 4452 ἀποτελεῖ·
3337 4397 3478 4450 οὕτω
3512 4397 3576 4467 δὴ
3609 4399 3704 4448 καὶ
3735 4397 3868 4448 eaa-

601 4505 800 4560 corpus
867 4487 1053 4553 elIicit,
1129 4488 1210 4543 sic
1261 4485 1505 4558 profecto
1559 4495 1614 4542 et
1673 4488 1960 4544 haereticus
2014 4490 2163 4560 panis

2281 4490 2496 4561 ρετικὸς
2528 4490 2693 4559 ἄρτος
2726 4489 3019 4553 κοινωνοὺς
3054 4491 3178 4552 τοὺς
3211 4488 3356 4543 οὕτω
3383 4487 3546 4542 αὑτοῦ
3606 4487 3868 4556 μετέχονι

601 4581 938 4652 coniungens
978 4582 1119 4635 inter
1138 4595 1198 4635 se
1230 4594 1325 4632 eos
1341 4579 1434 4649 qui
1464 4580 1612 4634 illum
1635 4581 1979 4651 participant,
2002 4597 2174 4637 unum

603 4688 804 4740 corpus
866 4673 1180 4742 oppositum
1219 4670 1438 4726 Christo
1496 4671 1836 4726 exhibet:et
1881 4673 1976 4742 qui
2024 4673 2174 4729 aliud

603 4763 803 4828 ellutit,
855 4763 1037 4832 inepte
1083 4773 1138 4818 et
1169 4762 1378 4817 frustra
1406 4763 1668 4832 loquitur.
1709 4761 1866 4829 Quod
1900 4764 1945 4818 si
1995 4779 2172 4832 mens,

608 4861 740 4908 tunc
758 4868 882 4906 cum
901 4854 1019 4922 ipse
1043 4852 1420 4923 participabat,
1453 4855 1593 4907 facto
1631 4868 1740 4907 non
1769 4848 2175 4922 consentiebat;

609 4945 714 4998 hoc
748 4946 922 5014 magis
951 4959 1154 5016 negare
1181 4955 1287 5010 est,
1319 4945 1388 5013 si,
1425 4960 1530 5000 non
1565 4945 1820 5015 ignorans
1853 4945 2087 5001 absurde
2125 4963 2184 5001 se

611 5051 795 5105 agere,
856 5037 912 5091 in
969 5040 1199 5092 scientia
1251 5047 1430 5092 tamen
1490 5038 1754 5106 peccavit,
1814 5053 1923 5092 non
1980 5038 2184 5094 veritus

614 5130 806 5196 Deum,
847 5128 943 5198 qui
988 5138 1046 5184 et
1091 5129 1332 5184 animam
1361 5137 1418 5184 et
1461 5145 1662 5200 corpus
1712 5130 1930 5196 occidit,
1961 5132 2184 5186 mittens

614 5222 669 5276 in
721 5226 1021 5292 gehennam
1052 5239 1067 5288 ;
1112 5223 1206 5277 sed
1238 5221 1393 5276 illum
1449 5223 1722 5278 reveritus
1748 5225 1841 5293 qui
1874 5239 2074 5294 corpus
2116 5225 2182 5278 ad

2279 4601 2378 4648 τας
2401 4583 2645 4653 ἀλλήλων
2669 4583 3137 4654 ἀπεργαζόμενος,
3167 4583 3225 4635 ἓν
3247 4583 3404 4653 σῶμα
3425 4580 3865 4650 ἀντίθετονχρι-

2283 4676 2392 4747 στῷ
2425 4675 2753 4747 παρίστησι·
2792 4675 2888 4728 καὶ
2941 4676 2970 4728 ό
3007 4675 3298 4743 κενολόγος
3339 4675 3512 4746 μάτην
3539 4673 3864 4742 ἰκενολογεί.

2228 4837 2236 4846 .
2281 4766 2346 4819 Et
2371 4765 2428 4818 δὲ
2455 4767 2536 4819 ὃτι
2575 4767 2604 4818 ό
2631 4764 2777 4828 νοῦς,
2814 4764 2976 4818 ὁπότε
3027 4764 3455 4836 μετελάμϐανεν,
3487 4764 3548 4815 οὐ
3597 4763 3864 4816 συνδιετξ-

2287 4858 2412 4911 θετο
2438 4857 2519 4928 τῷ
2555 4857 2938 4928 πραττομένῳ,
2979 4857 3138 4910 τοῦτό
3174 4858 3290 4910 ἐστι
3324 4857 3384 4909 τὸ
3417 4855 3618 4927 μᾶλλον
3647 4857 3867 4924 ἀναιρε-

2283 4949 2436 5004 τικόν
2465 4967 2478 4981 ·
2512 4951 2593 5002 ὅτι
2620 4950 2823 5020 καίπερ
2851 4945 3009 5012 εἰδὼς
3028 4951 3438 5018 ὲκτοπουργείν,
3458 4949 3608 5018 ὅμως
3639 4951 3696 4999 ἐν
3722 4945 3864 5015 γνὼ-

2287 5060 2370 5096 σει
2405 5043 2713 5112 ἡμάρτανε,
2760 5041 2834 5112 μὴ
2875 5041 3135 5110 φοϐηθεὶς
3174 5041 3268 5094 τὸν
3316 5039 3687 5094 ἀποκτένοντα
3735 5040 3863 5091 Θεὸν

2286 5137 2380 5187 καὶ
2400 5133 2579 5203 ψυχὴν
2635 5135 2729 5187 καὶ
2793 5133 2954 5203 σῶμα
3012 5133 3103 5186 διὰ
3143 5134 3244 5203 τῆς
3285 5135 3342 5186 ὲν
3378 5133 3571 5202 γεέννῃ
3603 5131 3859 5200 ἐμϐολῆς,

2289 5227 2424 5281 ἀλλὰ
2456 5227 2545 5280 τὸν
2570 5227 2920 5297 προσκαίρως
2953 5226 3114 5295 σῶμα
3154 5225 3444 5280 τύπτοντα.
3483 5225 3548 5277 Τί
3599 5223 3863 5293 συμφέρει

615 5325 829 5386 tempus
870 5314 1047 5370 caedit.
1097 5313 1238 5380 Quid
1287 5314 1483 5384 juvant
1521 5331 1642 5385 quae
1673 5331 1780 5370 non
1838 5327 2145 5386 congruunt

2290 5320 2360 5374 τὰ
2386 5319 2674 5389 ἁσύμὸατα
2700 5337 2715 5384 ;
2745 5320 2798 5370 τί
2818 5319 2989 5372 οἴεται
3013 5320 3347 5390 συνηγόρους
3384 5318 3510 5380 τοὺς
3533 5318 3864 5386 ἁντηγάρονς

613 5408 754 5473 Quid
792 5407 1035 5461 faventes
1061 5407 1164 5462 sibi
1189 5416 1342 5476 putat
1371 5420 1614 5471 sanetos,
1645 5409 1740 5478 qui
1765 5410 2189 5465 contradicunt?

615 5497 841 5552 Illorum
895 5498 1124 5568 judicio,
1163 5499 1424 5554 annuisse
1461 5498 1725 5553 duntaxat
1767 5499 1853 5554 vel
1905 5501 2186 5566 abnuisse,

621 5607 744 5645 cum
771 5592 839 5647 de
880 5589 1225 5647 confessione
1259 5601 1354 5646 aut
1402 5593 1690 5662 negatione
1733 5595 1934 5666 agitur,
1965 5597 2188 5668 perinde

690 5770 735 5800 ’⁵
764 5771 921 5825 Rom.
955 5788 993 5838 ι,
1031 5773 1118 5828 18.
1197 5774 1243 5807 ⁹⁶
1275 5773 1316 5829 ll
1354 5773 1480 5831 Cor.
1511 5791 1567 5843 χ,
1600 5775 1788 5832 16-18.

2293 5410 2457 5466 αὐτοῦ
2490 5412 2718 5478 ἁγίους;
2753 5410 2859 5480 ήδη
2889 5411 2986 5463 καὶ
3023 5411 3182 5480 μόνον
3225 5411 3550 5474 κατάνευσις
3583 5410 3613 5478 ἦ
3641 5411 3862 5462 ἀνανευ-

2296 5522 2405 5567 σις,
2443 5503 2535 5556 ὲπί
2561 5519 2621 5554 τε
2640 5502 2930 5572 ὁμολογίας
2957 5503 3053 5556 καὶ
3079 5503 3385 5573 ἀρνήσεως,
3409 5502 3571 5572 ἔργου
3591 5502 3864 5570 πλήρωσις

2297 5595 2478 5658 αὐτοῖς
2503 5592 2892 5664 δογματίζεται
2913 5611 2926 5625 ·
2958 5594 3051 5648 καὶ
3078 5593 3202 5647 οὐδὲ
3233 5593 3526 5666 ὑπόκρισιν
3555 5594 3630 5655 είς
3661 5590 3864 5662 path-
