4060 6374
630 321 770 386 1483
1816 322 1878 381 S.
1914 318 2308 381 THEODORI
2347 317 2695 380 STUDlT/E

3706 332 3812 404 1488

624 436 738 491 Deo
778 433 1096 491 honorate?
1132 433 1399 491 Dominus
1441 436 1498 491 in
1548 435 1854 504 Evangeliis
1896 435 2085 495 vetuit,
2115 431 2197 486 di-

2301 427 2369 484 ἃν
2402 428 2651 499 ποιῆσαι.
2688 428 2755 481 Τί
2790 427 2917 499 φὴς,
2942 423 2987 483 ὦ
3009 428 3298 504 θεοτίμητε
3323 449 3339 500 ;
3363 434 3392 489 ὁ
3422 435 3617 508 Κύριος
3639 442 3809 518 dum.

623 542 755 584 cens
785 545 802 583 :
840 525 988 595 Non,
1022 542 1086 581 ne
1112 527 1252 597 forte
1279 527 1580 599 colligentes
1638 526 1872 590 sizania,
1918 524 2197 581 eradicetis

2304 537 2497 592 ρευσεν
2522 523 2582 574 ὲν
2610 523 2725 584 τοῖς
2755 522 3111 591 Εὐαγγελίοις
3142 523 3321 590 τοῦτο,
3365 528 3530 583 εἰπών
3549 548 3565 562 -
3596 536 3669 590 οὔ
3690 554 3703 569 ο
3721 543 3813 609 μή.

624 619 787 677 simul
839 635 961 674 cum
1005 621 1081 675 eis
1141 621 1400 675 triticum.
1450 617 1622 675 Sinite
1677 634 1907 674 crescere
1936 633 2102 688 usque
2128 616 2198 670 ad

2302 626 2446 666 ποτε
2476 626 2559 666 συ
2577 611 2885 682 ueros-ccc
2904 613 2974 668 τὰ
2994 613 3229 679 (ctrina,
3251 616 3597 690 ἐκριζώσητε
3616 626 3718 695 ἅμα
3732 636 3812 688 αὑ.

624 727 842 767 messem
868 712 935 767 ".
983 712 1050 767 Et
1078 725 1134 768 tu
1163 713 1656 784 pulcherrimarum
1692 728 1875 769 rerum
1903 711 2198 771 maximam

2298 702 2422 770 τοῖς
2458 702 2566 758 τὸν
2586 703 2779 760 σῖτον.
2823 707 3038 774 Ἄφετε
3058 708 3546 774 συναυξάνεσθαι
3568 719 3717 788 μέχρι
3733 727 3813 780 τοῦ

624 802 852 871 dixeris,
915 804 1340 860 eradicationem
1419 803 1775 874 permittere?
1822 801 1981 870 Quod
2054 801 2201 857 enim

626 900 837 957 zizania
872 900 1083 955 vocarit
1107 899 1415 965 haereticos,
1447 907 1566 955 tum
1599 914 1694 955 eos
1745 898 1841 970 qui
1880 907 2012 954 tunc
2046 902 2205 951 erant

626 992 896 1059 videlicet,
936 1001 1053 1046 tum
1104 1006 1299 1046 omnes
1331 992 1425 1060 qui
1482 999 1673 1062 postea
1739 990 1939 1048 orituri
1990 998 2201 1055 essent,

625 1075 1077 1149 Chrysostomum
1112 1078 1401 1134 audiamus
1449 1079 1554 1133 hoc
1597 1080 1775 1150 ipsum
1812 1075 2204 1149 interpretan-

534 1240 541 1248 '
625 1177 738 1224 tem
789 1169 872 1224 his
920 1169 1102 1225 verbis
1128 1171 1175 1202 "
1203 1187 1217 1224 :
1251 1186 1272 1222 ι
1307 1168 1447 1236 Quid
1480 1187 1609 1241 ergo
1638 1179 1781 1226 vetat
1835 1169 2099 1225 Dominus
2125 1169 2206 1224 di-

623 1276 755 1319 cens
787 1279 801 1316 :
835 1260 919 1316 Ne
946 1262 1083 1331 forte
1128 1261 1409 1317 eradicetis
1439 1262 1600 1316 simul
1645 1279 1765 1317 cum
1811 1262 1885 1317 eis
1938 1262 2202 1316 triticum.

625 1354 741 1411 Hoc
771 1369 901 1410 vero
928 1355 1127 1421 aiebat,
1162 1356 1301 1411 bella
1332 1366 1543 1423 vetans,
1575 1363 1631 1412 ct
1675 1356 1997 1425 sanguinem
2050 1354 2206 1409 fundi

624 1452 682 1500 et
708 1444 885 1500 caedes
915 1443 1054 1499 ﬁeri.
1117 1442 1236 1499 Non
1264 1445 1412 1501 enim
1469 1454 1683 1516 oportet
1711 1446 1997 1501 haereticos
2057 1447 2207 1499 occi—

623 1533 803 1602 dere;
847 1535 1056 1606 alioqui
1106 1536 1309 1592 bellum
1346 1537 1688 1607 implacabile
1740 1538 1796 1592 in
1846 1538 2007 1593 terris
2057 1534 2207 1591 futu-

626 1641 749 1682 rum
777 1636 916 1682 erat.
947 1627 1012 1682 Et
1035 1636 1158 1697 post
1181 1629 1288 1683 alia
1315 1646 1330 1683 :
1363 1629 1503 1696 Quid
1533 1640 1696 1699 porro
1725 1630 1897 1696 aliud,
1955 1629 2034 1686 Ne
2085 1646 2209 1685 cra-

624 1716 815 1773 dicetis
846 1733 965 1772 cum
991 1719 1066 1772 eis
1100 1718 1358 1784 triticum,
1414 1735 1577 1790 quam
1636 1720 1741 1776 hoc
1778 1720 2007 1776 innuit?
2045 1718 2201 1787 Quod

626 1810 673 1865 si
703 1823 858 1865 arma
887 1824 1111 1864 movere
1133 1811 1434 1879 coeperitis,
1469 1817 1526 1866 et
1553 1810 1840 1881 haereticos
1862 1811 2190 1879 interﬁcere,

626 1900 831 1957 multos
860 1916 1080 1972 quoque
1105 1901 1174 1956 de
1198 1899 1417 1957 Sanctis
1448 1918 1553 1957 una
1586 1902 1760 1973 perire
1789 1918 2013 1960 necesse
2039 1915 2142 1961 εει.
2177 1925 2197 1957 ι

627 1988 782 2056 Quod
816 1999 872 2046 et
889 1991 1226 2061 temporibus
1247 1994 1451 2048 nostris
1479 1994 1695 2049 accidit.
1724 1993 1860 2050 Nam
1894 2003 1947 2050 et
1980 1997 2204 2066 sanguis

625 2081 855 2149 eti‘usus,
894 2092 950 2139 et
999 2084 1179 2141 caedes
1235 2086 1513 2156 regionem
1569 2096 1810 2142 nostram
1839 2090 2202 2159 complevere,

630 2173 895 2245 multique
920 2174 989 2230 de
1014 2190 1246 2231 numero
1272 2184 1589 2233 sanctorum
1623 2178 1789 2234 simul
1827 2179 2026 2235 sublati
2053 2193 2202 2248 sunt,

627 2272 685 2320 et
716 2266 1187 2322 verbumDomini
1223 2283 1329 2323 non
1351 2269 1554 2324 excidit
1586 2288 1599 2323 :
1633 2270 1776 2326 sicut
1811 2281 2067 2327 testatum
2122 2284 2206 2329 est

629 2354 776 2426 apud
809 2355 1030 2411 multos.
1064 2355 1206 2424 Quid
1235 2368 1419 2414 autem
1442 2360 1695 2429 dicimus,
1731 2376 1837 2416 non
1884 2364 2202 2433 permitten-

628 2446 764 2502 dum
796 2456 857 2503 ut
891 2449 1215 2505 occidantur
1246 2451 1531 2508 haeretici?
1564 2453 1673 2509 illis
1716 2469 1787 2510 ne
1825 2455 2046 2527 quidem
2100 2458 2203 2512 im—

626 2544 843 2613 precari
867 2557 1192 2601 concessum
1226 2544 1386 2602 nobis
1429 2556 1531 2604 est.
1566 2546 1868 2607 Audiamus
1907 2552 2054 2608 enim
2083 2569 2208 2610 rur-

630 2648 729 2690 sus
779 2633 1072 2692 Dominum
1103 2648 1294 2694 sancto
1326 2636 1527 2709 Carpo,
1575 2651 1634 2696 ut
1664 2642 2052 2711 sapientissimi
2081 2646 2207 2701 Dio-

630 2728 775 2799 nysii
829 2729 994 2785 verba
1050 2730 1355 2796 insinuant,
1379 2733 1460 2789 sic
1506 2733 1867 2804 loquentem:
1904 2754 1925 2793 ι
1976 2735 2209 2795 Percute

631 2834 721 2875 me
749 2819 1042 2891 deinceps;
1070 2830 1296 2891 paratus
1320 2823 1464 2877 enim
1507 2839 1628 2879 sum
1659 2840 1759 2895 pro
1790 2828 2073 2885 hominum
2110 2846 2204 2886 sa-

630 2910 745 2964 lute
771 2917 828 2964 et
859 2910 1057 2966 iterum
1102 2912 1215 2982 pati
1247 2929 1262 2967 :
1296 2921 1609 2984 pergratum
1641 2917 1842 2987 quippe
1871 2917 1976 2973 hoc
2025 2921 2157 2976 mihi
2187 2938 2203 2988 ;

630 3000 761 3056 dum
786 3002 878 3057 alii
902 3003 1153 3061 homines
1183 3019 1293 3060 non
1323 3015 1572 3075 peccent.
1613 3007 1885 3066 Caeterum
1951 3012 2073 3071 vide
2132 3030 2203 3069 an

2302 798 2607 866 θερισμοῦ.
2623 798 2732 850 Καὶ
2749 798 2910 860 αὐτὸς
2923 798 3029 851 τῶν
3045 799 3344 855 καλλίστων
3360 804 3419 857 τὸ
3438 805 3670 875 μέγιστον
3686 817 3813 887 φαίης

2304 882 2465 952 εἶναι,
2497 890 2596 960 τὴν
2653 889 2957 961 ἐπιτροπὴν
3003 891 3103 961 τῆς
3160 892 3667 971 ἑκριζώσεως;Καὶ
3686 882 3813 959 ama

2305 980 2521 1044 ζιζάνια
2546 982 2673 1046 τοὺς
2703 983 3017 1054 αἱρετικοὺς
3047 984 3269 1058 εἴρηκε,
3301 986 3430 1052 τούς
3472 1007 3530 1043 τε
3566 998 3815 1063 τηνικαῦτα

2304 1072 2569 1143 δηλονότι,
2592 1073 2688 1127 καὶ
2712 1075 2839 1137 τοὺς
2865 1075 2955 1142 ὑφ’
2975 1076 3201 1146 ἐτέρων,
3228 1077 3400 1148 ἧγουν
3424 1080 3672 1148 ἅπαντας,
3687 1089 3815 1142 dum.
3884 1078 3893 1087 ’

2308 1162 2529 1234 σιῦμεθα
2587 1164 2679 1218 τοῦ
2728 1166 3116 1234 Χρυσοστόμου
3150 1168 3287 1221 αὐτὸ
3332 1169 3494 1224 τοῦτο
3538 1174 3814 1246 ἑρμηνεύειν.

2303 1271 2433 1319 ειτιρς⁸
2481 1254 2571 1323 ἐφ’
2627 1248 2673 1324 ᾧ
2722 1257 2876 1310 τάδε’
2951 1275 2968 1308 ι
3026 1259 3091 1311 Τί
3123 1255 3219 1312 οὖν
3252 1260 3283 1313 ὁ
3338 1263 3608 1335 Δεσπότης
3661 1270 3815 1325 κωλύει

2306 1345 2502 1416 λέγων,
2536 1346 2783 1414 Μήποτε
2801 1347 3155 1417 ἐκριζώσητε
3182 1350 3303 1420 ἅμα
3319 1353 3525 1422 αὐτοῖς
3542 1356 3641 1410 τὸν
3653 1359 3817 1428 aiter;

2308 1438 2478 1492 Τοῦτο
2512 1439 2570 1492 δὲ
2599 1439 2779 1508 ἔλεγε,
2806 1441 3028 1495 κωλύων
3079 1441 3347 1513 πολέμους
3390 1446 3627 1514 γίνεσθαι
3654 1452 3733 1504 καὶ
3752 1454 3815 1507 αἰ-

2312 1547 2457 1601 ματα
2482 1533 2578 1586 καὶ
2608 1534 2844 1602 σφαγάς.
2897 1535 2973 1588 υὺ
3008 1535 3115 1606 γὰρ
3142 1534 3227 1589 δεῖ
3249 1537 3498 1610 ἀναιρεῖν
3527 1542 3814 1613 αίρετικούς·

2309 1622 2432 1675 ἐπεὶ
2454 1623 2482 1675 ὁ
2512 1623 2750 1694 πόλεμος
2780 1624 3047 1689 ἄσπονδος
3067 1626 3291 1698 ἔμελλεν
3319 1631 3402 1693 εἰς
3428 1631 3526 1702 τὴν
3552 1636 3818 1708 οἰκουμένην

2310 1713 2680 1782 εἰσάγεσθαι.»
2715 1714 2828 1768 Καὶ
2862 1714 2985 1786 μεθ’
3014 1717 3181 1789 ’ἐτερα
3207 1734 3223 1749 °
3253 1737 3273 1773 ι
3303 1718 3369 1775 Τί
3397 1721 3454 1776 δὲ
3474 1722 3612 1787 ἄλλο,
3637 1727 3709 1780 διὰ
3727 1729 3814 1797 τοῦ,

2304 1804 2401 1873 Μὴ
2459 1802 2815 1874 ἐκριζώσητε
2865 1806 2988 1878 ἅμα
3044 1809 3249 1878 αὐτοῖς
3292 1808 3399 1866 τὸν
3435 1811 3618 1878 σῖτον,
3644 1816 3672 1887 ἢ
3701 1817 3816 1872 τοῦτό

2304 1911 2492 1966 φησιν,
2512 1896 2593 1949 ὅτι
2620 1897 2682 1949 ΕΞ
2715 1895 2959 1967 μέλλοιτε
2997 1903 3162 1953 κινεῖν
3179 1901 3339 1967 ὅπλα,
3356 1904 3454 1958 καὶ
3479 1907 3814 1975 κατασφάττειν

2305 1989 2634 2056 αίρετικοὺς.
2667 1989 2883 2061 ἀνάγκη
2910 1991 3144 2057 πολλοῦς
3169 1995 3264 2048 καὶ
3299 1995 3413 2048 τῶν
3461 1996 3627 2065 ἁγίων
3652 2016 3813 2068 curu-

2304 2075 2691 2133 ταὸάλλεσθαι.
2754 2097 2774 2130 ι
2811 2079 2990 2152 Ὅπερ
3048 2082 3142 2135 καί⁷
3195 2083 3425 2153 γέγονεν
3485 2087 3543 2140 ἐν
3591 2090 3689 2149 τοῖς
3726 2091 3815 2143 καθ’

2306 2170 2454 2239 ἡμᾶς
2487 2169 2722 2240 χρόνοις.
2754 2171 2866 2225 Καὶ
2897 2173 3008 2245 γὰρ
3036 2173 3242 2244 αἵματα
3270 2176 3368 2235 καὶ
3401 2179 3601 2247 σφαγαὶ
3618 2179 3817 2252 ἐπλήρω-

2308 2276 2408 2314 σαν
2435 2261 2528 2330 τὴν
2555 2262 2677 2316 καθ’
2693 2262 2841 2334 ἡμᾶς
2853 2263 3184 2336 οἰκουμένην
3210 2282 3226 2298 ⁸
3253 2267 3347 2323 καὶ
3374 2268 3562 2323 πολλοὶ
3573 2271 3669 2323 τῶν
3690 2273 3818 2341 ἁγίων

2308 2353 2649 2423 συναπῆλθον
2675 2370 2689 2385 ο
2729 2357 2874 2410 καὶὸ
2896 2355 3056 2425 λόγος
3100 2357 3193 2412 τοῦ
3238 2360 3449 2431 Κυρίου
3499 2362 3558 2415 οὐ
3605 2361 3814 2430 διέπεσεν,

2306 2445 2383 2509 ὡς
2413 2445 2760 2519 ὡμολόγηται
2801 2449 2954 2519 παρὰ
2987 2449 3223 2516 πολλοῖς.
3249 2452 3360 2505 Καὶ
3394 2453 3450 2506 τί
3490 2453 3698 2525 λέγομεν
3723 2459 3817 2526 περὶ

2305 2535 2401 2589 τοῦ
2434 2534 2511 2606 μὴ
2570 2537 2886 2608 ἐπιτρέπειν
2942 2538 3231 2594 κτένεσθαι
3281 2543 3619 2612 αἱρετικοὺςς
3650 2544 3747 2598 οὑδέ
3770 2562 3816 2612 τε

2307 2628 2671 2700 κατεύχεσθαι
2713 2631 2893 2686 αὐτῶν
2939 2634 3358 2707 συγκεχώρηται
3410 2639 3562 2708 ἡμῖν.
3606 2639 3819 2694 Ἄκουώ-

2310 2720 2451 2792 μεθα
2477 2722 2589 2793 γὰρ
2617 2720 2774 2787 αὖθις
2806 2722 2901 2777 τοῦ
2929 2725 3139 2797 Κυρίου
3163 2726 3299 2799 πρὸς
3330 2728 3560 2800 Κάρπον
3581 2730 3661 2783 τὸν
3683 2733 3816 2798 ἅγιον,

2305 2812 2381 2878 ὡς
2410 2814 2812 2886 ὑποδεδήλωται
2842 2817 2931 2871 διὰ
2949 2818 3139 2889 φωνῆς
3154 2821 3437 2876 Διονυσίου
3463 2821 3559 2878 τοῦ
3576 2823 3815 2892 πανσόφω.

2306 2903 2559 2974 λέγοντος
2585 2923 2600 2938 ο
2659 2925 2679 2959 ι
2715 2909 2851 2962 Παίε
2888 2908 3011 2964 κατ’
3052 2910 3188 2981 ἐμοῦ
3244 2912 3470 2967 λοιπόν·
3500 2915 3694 2985 ἕτοιμος
3737 2916 3818 2986 γάρ

2309 2997 2426 3066 είμι
2459 3002 2554 3052 καὶ
2583 2995 2740 3063 αὖθις
2781 3000 2922 3072 ὑπὲρ
2971 3000 3277 3073 ἀνθρώπων
3323 3006 3821 3078 ἀνασωζομένωνπα-

579 3092 589 3103 “
628 3108 662 3144 e
685 3106 746 3146 re
770 3100 862 3147 tua
889 3093 981 3160 sit,
1006 3093 1400 3149 habitationem
1428 3095 1478 3149 in
1508 3098 1767 3168 voragine
1784 3115 1909 3155 cum
1945 3104 2207 3171 serpenti-

2311 3087 2424 3143 θεῖν
2442 3108 2458 3124 ·
2499 3091 2795 3162 προσφιλές
2826 3110 2917 3164 μοι
2936 3092 3096 3148 τοῦτο
3120 3111 3135 3125 ·
3159 3094 3234 3167 μὴ
3261 3095 3446 3151 ἄλλων
3460 3099 3819 3169 ἁμαρτανόντων

629 3184 758 3249 bus,
806 3196 1122 3255 permutare
1165 3202 1290 3241 cum
1321 3185 1412 3241 illa
1458 3202 1581 3257 quae
1609 3205 1733 3244 cum
1761 3190 1872 3246 Deo
1905 3201 1991 3247 est
2017 3194 2207 3250 bonis-

630 3291 742 3348 que
788 3285 848 3332 et
900 3278 1157 3333 homines
1190 3278 1503 3334 amantibus
1534 3281 1744 3351 angelis
1775 3282 1816 3337 ¹.
1846 3300 1867 3334 ι
1902 3281 2089 3351 Vides,
2127 3285 2209 3340 vir

628 3368 1076 3439 prudentissime,
1099 3369 1341 3425 divinam
1377 3369 1825 3441 indignationem,
1847 3389 1912 3430 eo
1932 3377 2077 3446 quod
2120 3376 2209 3432 ille

630 3471 824 3518 contra
882 3461 1168 3518 haereticos
1227 3470 1567 3533 precaretur,
1626 3474 1687 3520 ut
1736 3482 1768 3521 e
1821 3466 1931 3522 vita
1973 3470 2206 3525 excede-

630 3560 757 3607 rent
790 3568 805 3606 :
843 3559 898 3607 et
916 3565 1028 3621 quo
1054 3560 1214 3622 pacto
1235 3553 1684 3610 condemnandus
1708 3564 1827 3612 erat
1855 3558 1938 3613 vir
1959 3568 2207 3626 sanctus,

632 3642 681 3698 si
714 3642 769 3697 in
803 3641 1087 3713 proposito
1137 3630 1493 3713 perstitisset:
1542 3643 1897 3718 Nequaquam
1951 3664 2103 3722 ergo,
2152 3663 2211 3708 ut

630 3734 837 3791 veritas
878 3734 1229 3801 monstravit,
1265 3735 1554 3807 imprecari
1602 3737 1688 3795 l‘as
1715 3749 1800 3796 est
1827 3759 1841 3795 :
1867 3741 1979 3797 imo
2026 3744 2210 3813 pctius

629 3839 732 3897 pro
759 3825 849 3882 his
878 3825 1145 3880 orandum
1175 3825 1369 3881 :‘sicitt
1405 3827 1665 3885 Dominus
1699 3830 1813 3900 ipse
1832 3848 1954 3887 cum
1996 3845 2208 3905 patere-

632 3929 744 3985 tur,
778 3918 997 3974 Patrem
1043 3934 1205 3974 suum
1252 3917 1430 3975 oravit
1486 3920 1679 3979 dicens
1717 3923 1953 3992 :Pater,
2001 3929 2211 3984 dimitte

628 4007 741 4063 illis
799 4020 1126 4079 peccatum:
1158 4024 1265 4063 non
1328 4009 1469 4064 enim
1540 4012 1716 4066 sciunt
1772 4015 1900 4085 quid
1934 4017 2207 4085 fociunt'.

629 4100 785 4170 Quod
830 4114 961 4157 vero
1008 4101 1142 4158 dicit
1176 4102 1456 4158 sanctitas
1500 4112 1614 4168 tua,
1645 4103 1848 4160 habere
1875 4121 1935 4161 se
1995 4108 2210 4176 aliquos

629 4199 851 4244 sanctos
869 4188 964 4260 qui
1011 4189 1065 4243 in
1089 4189 1282 4244 eadem
1317 4204 1382 4244 ac
1413 4198 1472 4244 tu
1494 4192 1762 4245 sententia
1785 4190 1932 4260 sint;
1968 4193 2207 4266 ignosce,

632 4283 815 4351 Pater,
856 4291 1172 4338 sanctorom
1196 4282 1364 4338 verba
1392 4297 1502 4339 non
1528 4291 1675 4339 recte
1696 4284 2016 4356 accipimus,
2047 4296 2211 4358 atque

630 4376 758 4431 inde
791 4375 1147 4446 intelligimur
1174 4375 1431 4431 Patribus
1487 4386 1542 4431 et
1564 4374 1683 4449 .Deo
1710 4375 1814 4447 ipsi
1878 4393 2203 4450 repugnare.

2314 3179 2641 3253 ἀνθρώπων.
2678 3183 2826 3253 Πλὴν
2852 3183 2954 3255 δρα
2981 3186 3031 3237 ει
3060 3184 3242 3249 καλῶς
3285 3186 3402 3258 ἔχει
3437 3205 3539 3253 σοι,
3570 3191 3658 3261 τὴν
3692 3192 3739 3242 ἑν
3761 3188 3821 3261 τῷ

2311 3272 2551 3343 χάσματι
2582 3275 2717 3344 μετὰ
2737 3274 2847 3328 τῶν
2880 3274 3059 3343 ὄφεων
3098 3276 3269 3347 μονὴν
3320 3279 3725 3348 ἀνταλλάξασθαι
3746 3280 3823 3349 τῆς

2315 3363 2453 3433 μετὰ
2479 3364 2613 3419 Θεοῦ
2633 3366 2729 3418 καὶ
2757 3366 2866 3419 τῶν
2888 3365 3111 3433 ἀγαθῶν
3145 3368 3239 3421 καὶ
3268 3367 3658 3441 φιλανθρώπων
3687 3371 3819 3438 ἀγγέ-

2309 3453 2439 3510 λων.
2482 3473 2501 3509 t
2551 3457 2733 3528 Ὁρᾷς,
2781 3455 3084 3521 θεοσύνετε,
3132 3455 3233 3529 τὴν
3272 3457 3427 3513 Θείαν
3471 3460 3819 3531 ἀγανάκτησιν

2310 3547 2497 3620 ἐπειδὴ
2533 3548 2836 3619 κατηύχετο
2874 3548 2985 3602 τῶν
3027 3549 3324 3622 αἰρετικῶν
3371 3551 3729 3622 ἀπαλλαγῆναι
3749 3551 3823 3621 τῆς

2311 3637 2458 3707 ζωῆς
2482 3654 2496 3669 ο
2534 3638 2626 3692 καὶ
2648 3639 2816 3705 ὅπως,
2848 3640 2897 3692 εί
2928 3638 3205 3710 ἐπιμένων
3232 3644 3300 3715 τῇ
3327 3641 3569 3696 διαθέσει
3586 3647 3734 3714 ταύτῃ
3754 3636 3822 3712 ἦν,

2309 3730 2535 3802 ἔμελλεν
2566 3734 2595 3785 ὁ
2618 3731 2772 3801 ἅγιος
2797 3728 3276 3798 καταδικάζεσσαι.
3309 3733 3452 3790 Οὖτε
3480 3736 3593 3803 οὖν,
3615 3735 3681 3801 ὡς
3703 3736 3825 3790 δέδει-

2309 3839 2406 3894 χεν
2432 3824 2466 3895 ἡ
2491 3823 2739 3895 ἀλήθεια,
2795 3823 3159 3896 κατεύχεσθαι
3191 3826 3274 3880 δεῖ
3318 3827 3459 3891 ὅλως
3485 3844 3500 3859 ο
3536 3829 3714 3899 μᾶλλον
3750 3828 3823 3897 μὲν

2309 3909 2404 3967 οὖν
2431 3913 2835 3985 ὑπερεύχεσθαι
2862 3930 2875 3945 ο
2905 3913 2982 3978 ὡς
3004 3915 3172 3979 αὐτὸς
3198 3916 3227 3968 ὁ
3258 3915 3464 3989 Κύριος
3508 3915 3749 3982 ὑπέδειξεν
3780 3917 3824 3968 ἓν

2308 4005 2389 4077 τῷ
2420 4005 2517 4061 τοῦ
2540 4006 2746 4072 πάθους
2770 4005 2966 4079 καιρῷ,
2997 4006 3171 4077 λέγων
3222 4008 3355 4079 πρὸς
3381 4008 3478 4063 τὸν
3515 4008 3692 4064 ἑαυτοῦ
3738 4006 3823 4062 Πα-

2311 4101 2483 4172 τέρα·
2523 4100 2737 4169 Πάτερ,
2762 4099 2912 4170 ἄφες
2950 4099 3159 4168 αὐτοῖς
3180 4100 3294 4170 τὴν
3319 4103 3633 4172 ἁμαρτίαν
3655 4104 3717 4158 οὐ
3742 4100 3825 4171 γὰρ

2310 4192 2514 4247 οἴδασι
2547 4193 2605 4261 τι
2632 4194 2895 4248 ποιοῦσι.
2925 4192 2999 4246 Τὸ
3024 4192 3079 4246 δὲ
3102 4194 3268 4263 φάναι
3296 4211 3389 4247 σου
3418 4195 3518 4267 τὴν
3566 4194 3824 4265 ἁγιωσύνην

2310 4284 2455 4357 ἔχειν
2490 4284 2691 4349 αὐτοὺς
2724 4283 3149 4355 συμφωνοῦντος
3168 4287 3227 4339 ὲν
3257 4285 3334 4355 τῷ
3356 4287 3689 4359 προϐλήματι
3707 4284 3819 4359 [ςοά.

2314 4377 2448 4449 Reg.
2479 4376 2865 4457 προδηλώματι
2889 4376 2912 4450 ]
2939 4376 3129 4430 τούσδε
3156 4378 3298 4457 τοὺς⁴
3330 4379 3549 4447 ἁγίους·
3581 4375 3822 4447 σύγγνωθι.

632 4465 859 4521 Divinus
887 4467 1033 4521 enim
1062 4464 1299 4538 Cyrillus
1346 4465 1403 4521 in
1460 4480 1625 4536 opere
1662 4476 1852 4522 contra
1902 4468 2207 4537 lulianum,

2319 4470 2524 4543 Πάτερ,
2548 4454 2613 4523 ὀὐ
2651 4468 2831 4532 καλῶς
2866 4454 3298 4540 ὲκλαμδάνομεν
3324 4470 3421 4532 τὰς
3451 4472 3557 4523 τῶν
3584 4471 3824 4539 ἁγίωνφων

627 4560 786 4631 juxta
825 4558 881 4614 id
907 4560 1052 4630 quod
1081 4559 1213 4615 olim
1244 4559 1517 4614 sancitum
1575 4556 1778 4624 fuerat,
1814 4558 2033 4616 locutus
2075 4571 2160 4617 est
2192 4580 2206 4618 :

631 4669 742 4710 non
797 4652 1206 4723 Testamentum
1258 4650 1432 4707 Vetus
1471 4665 1597 4707 cum
1617 4648 1772 4706 Novo
1809 4653 2158 4710 committens
2192 4672 2208 4723 ;

632 4744 818 4813 absit;
848 4759 1027 4816 neque
1072 4744 1215 4800 enim
1270 4743 1567 4809 nesciebat,
1614 4756 1957 4813 quaecunque
2010 4746 2095 4801 lex
2137 4746 2214 4801 lo-

632 4841 845 4911 quitur,
877 4838 947 4894 iis
985 4838 1078 4909 qui
1117 4838 1219 4893 sub
1248 4837 1365 4907 lege
1406 4844 1586 4904 erant,
1612 4836 1764 4907 loqui
1792 4854 1805 4892 :
1838 4853 2015 4909 neque
2058 4839 2221 4911 igno~

566 4987 573 5009 ι
636 4932 791 4987 rahat
818 4929 1283 5003 comparationem
1310 4945 1414 4999 qua
1447 4929 1608 4985 utitur
1646 4929 1919 4997 Salvator,
1942 4944 2070 4988 cum
2098 4934 2174 4988 ait
2202 4954 2213 4989 :

633 5024 851 5080 Dictum
904 5033 981 5079 est
1014 5023 1153 5077 illud
1190 5021 1421 5093 antiquis
1447 5039 1468 5088 ;
1524 5038 1615 5093 ego
1644 5031 1819 5077 autem
1850 5024 1946 5079 hoc
1972 5024 2090 5081 dico
2127 5044 2219 5081 uo-

635 5118 713 5171 bis
737 5117 781 5171 ⁸.
830 5115 1031 5182 Quare,
1068 5115 1212 5169 sicut
1283 5110 1603 5183 Demophilo
1636 5114 1852 5170 cuidam
1884 5114 2105 5173 divinus
2134 5118 2220 5171 di-

2274 4578 2277 4581 ‘
2314 4563 2434 4629 νὰς,
2467 4558 2763 4616 κάντεῦθεν
2795 4557 3162 4630 εὑρισκόμεθα
3224 4564 3624 4633 πατρομαχίαν,
3667 4560 3824 4631 μᾶλλον

2315 4653 2373 4708 δὲ
2404 4649 2704 4721 θεομαχίαν
2734 4648 3099 4720 εἰσφέροντες.
3144 4648 3201 4701 '0
3229 4652 3339 4719 γάρ
3382 4667 3467 4703 τοι
3516 4651 3650 4713 θεῖος
3669 4647 3824 4717 Κύριλ.

2317 4747 2407 4810 λος
2437 4747 2496 4800 ὲν
2524 4746 2638 4810 τοῖς
2683 4743 2824 4798 κατὰ
2862 4742 3151 4797 Ἰουλιανὺν
3201 4744 3344 4797 κατὰ
3378 4746 3438 4797 τὸ
3465 4746 3629 4799 πάλαι
3653 4758 3825 4810 νενομο-

2320 4838 2618 4911 θετημένον
2648 4836 2935 4909 προῦτεινε
2977 4835 3076 4907 τὴν
3121 4835 3311 4907 ῥῆσιν·
3350 4835 3451 4889 οὐκ
3501 4835 3824 4907 ἐφάμιλλοντῇ

2316 4936 2435 5007 Νέᾳ
2464 4932 2563 5005 τὴν
2616 4929 2863 4984 Παλαιὰν
2899 4926 3224 4998 συμϐάλλων
3242 4944 3257 4958 ·
3294 4928 3367 4998 μὴ
3414 4928 3618 4997 γένοιτο
3638 4946 3651 4959 ·
3674 4928 3725 4981 οὗ
3746 4926 3825 4995 γὰρ

2316 5027 2502 5101 ἠγνόει
2536 5025 2618 5078 ὅτι
2648 5024 2747 5077 ὅσα
2773 5023 2803 5074 ὁ
2829 5021 2991 5086 νόμος
3021 5019 3190 5101 λέγει,
3220 5023 3328 5084 τοῖς
3358 5023 3414 5074 ὲν
3442 5022 3519 5092 τῷ
3545 5022 3680 5091 νόμῳ
3694 5018 3821 5070 λαλεῖ.

2319 5118 2454 5175 Οὐδὲ
2481 5118 2583 5188 τὴν
2617 5114 2710 5169 τοῦ
2743 5113 2993 5184 Σωτῆρος
3016 5110 3327 5181 σύγκρισιν,
3351 5115 3408 5166 ἐν
3495 5130 3651 5183 φησιν
3675 5130 3689 5143 .
3725 5110 3824 5176 οερ.

630 5212 710 5267 cit
761 5206 1075 5280 Dionysius,
1116 5204 1344 5260 minime
1399 5203 1735 5263 aemulandos
1790 5208 2030 5279 impetus
2096 5218 2207 5265 tuo:

2313 5202 2473 5279 ρἥη
2506 5206 2627 5272 τοῖς
2655 5198 2928 5274 ἄρχαίοις
2950 5199 3111 5256 τόδε·
3141 5201 3255 5271 ἐγὼ
3283 5203 3352 5255 δὲ
3373 5205 3526 5273 λέγω
3560 5203 3689 5273 ὑμῖν
3707 5199 3822 5255 τόδε.

635 5319 754 5360 non
773 5298 1219 5375 approbabimus,
1252 5297 1358 5352 etsi
1390 5297 1588 5355 millies
1632 5298 1879 5370 proferas
1902 5300 2136 5359 Phinees
2168 5317 2223 5364 et

634 5396 831 5454 Eliam.
874 5391 1002 5450 Haec
1055 5391 1202 5449 enim
1256 5406 1380 5446 cum
1419 5391 1634 5449 audiret
1661 5392 1848 5461 Jesus,
1875 5411 2219 5468 nequaquam

634 5486 742 5558 ipsi
771 5485 1101 5557 placuerunt
1130 5481 1298 5552 hujus
1327 5482 1599 5538 mansueti
1637 5492 1693 5539 et
1716 5486 1844 5540 boni
1875 5488 2107 5557 spiritus
2126 5504 2221 5543 ex-

634 5586 819 5651 pertes
850 5576 1127 5649 discipuli.
1155 5573 1293 5633 Nam
1323 5583 1379 5631 et
1402 5574 1781 5635 divinissimus
1812 5587 1999 5636 noster
2019 5595 2211 5639 sacro-

2328 5303 2515 5366 Ὥσπε,
2550 5296 2695 5351 καθά
2729 5312 2893 5367 φησιν
2916 5297 2944 5348 ὁ
2968 5294 3285 5365 θεοφάντωρ
3308 5294 3579 5359 Διονύσιος
3600 5295 3718 5363 πρός
3738 5308 3824 5344 τινα

2327 5384 3133 5465 Δημόφιλον,οὑκέιποδεξόμεθά
3148 5402 3239 5438 σου
3255 5385 3352 5448 τὰς
3368 5385 3659 5455 ἁζηλώτους
3675 5384 3787 5455 ipsi
3811 5420 3823 5443 ,

2327 5486 2431 5541 κᾶν
2455 5486 2503 5536 εἰ
2516 5482 2663 5556 [cum
2680 5481 2813 5552 Reg.
2829 5478 2938 5532 οὐδ’
2956 5476 3029 5552 εἰ]
3048 5477 3311 5549 μυριάκις
3327 5477 3673 5540 ἐπαναλάϐοις
3684 5475 3828 5527 abre;-

2328 5578 2444 5643 νεὲς
2466 5576 2561 5631 καὶ
2586 5573 2677 5629 τδν
2709 5570 2919 5627 Ἠλίαν.
2942 5567 3246 5642 Ταῦταγάρ
3265 5568 3525 5625 ἀκούοντα
3538 5568 3623 5622 τὸν
3645 5563 3826 5634 Ἰησοῦν,

706 5718 753 5753 ’⁸
779 5716 973 5791 Matth.
997 5731 1124 5791 τῃ),
1162 5714 1253 5791 29.
1328 5710 1577 5791 “Miloni.
1615 5713 1682 5767 47
1712 5714 1770 5769 in
1809 5713 2000 5773 Matth.
2079 5719 2095 5749 ¹
2131 5719 2305 5791 Epist.
2350 5718 2404 5780 7,
2443 5712 2508 5769 ad
2566 5707 2942 5780 Demophilum
3012 5703 3362 5772 monachum,
3393 5720 3540 5761 num.
3568 5704 3619 5761 6.
3685 5704 3703 5736 ’
3726 5699 3825 5756 Lor.

637 5804 794 5855 mn,
826 5787 918 5845 ει.
995 5787 1018 5820 ³
1046 5785 1237 5842 Matth.
1271 5797 1325 5848 ν,
1354 5781 1445 5847 91,
1483 5783 1574 5834 22.
