  <div class='ocr_page' id='page_1' title='image "/cluster/home/n/w/nwhite01/storage/ocr_20150623/99/hvd.32044024464356/750.png"; bbox 0 0 4060 6374; ppageno 0'>
   <div class='ocr_carea' id='block_1_1' title="bbox 293 387 432 454">
    <p class='ocr_par' dir='ltr' id='par_1_1' title="bbox 293 387 432 454">
     <span class='ocr_line' id='line_1_1' title="bbox 293 387 432 454; baseline 0.022 -2"><span class='ocrx_word' id='word_1_1' title='bbox 293 387 432 454; x_wconf 68' lang='lat'><strong>1485</strong></span> 
     </span>
    </p>
   </div>
   <div class='ocr_carea' id='block_1_2' title="bbox 1479 403 2336 468">
    <p class='ocr_par' dir='ltr' id='par_1_2' title="bbox 1479 403 2336 468">
     <span class='ocr_line' id='line_1_2' title="bbox 1479 403 2336 468; baseline 0.005 -6"><span class='ocrx_word' id='word_1_2' title='bbox 1479 403 2018 466; x_wconf 77' lang='lat' dir='ltr'><strong>E&#39;PIS&#39;I‘OLARUM</strong></span> <span class='ocrx_word' id='word_1_3' title='bbox 2060 405 2209 468; x_wconf 80' lang='lat' dir='ltr'><strong>LIB.</strong></span> <span class='ocrx_word' id='word_1_4' title='bbox 2255 407 2336 467; x_wconf 93' lang='lat' dir='ltr'><strong>II.</strong></span> 
     </span>
    </p>
   </div>
   <div class='ocr_carea' id='block_1_3' title="bbox 2657 0 3744 7">
    <p class='ocr_par' dir='ltr' id='par_1_3' title="bbox 2657 0 3744 7">
     <span class='ocr_line' id='line_1_3' title="bbox 2657 0 3744 7; baseline 0.007 -8"><span class='ocrx_word' id='word_1_5' title='bbox 2657 0 2680 2; x_wconf 77' lang='lat'>_</span> <span class='ocrx_word' id='word_1_6' title='bbox 2693 0 2822 2; x_wconf 31' lang='lat' dir='ltr'><strong>,‘ﬁ</strong></span> <span class='ocrx_word' id='word_1_7' title='bbox 2831 0 3410 4; x_wconf 68' lang='lat'><strong>——______——</strong></span> <span class='ocrx_word' id='word_1_8' title='bbox 3417 0 3744 7; x_wconf 76' lang='lat'>——_-—</span> 
     </span>
    </p>
   </div>
   <div class='ocr_carea' id='block_1_4' title="bbox 3405 408 3542 475">
    <p class='ocr_par' dir='ltr' id='par_1_4' title="bbox 3405 408 3542 475">
     <span class='ocr_line' id='line_1_4' title="bbox 3405 408 3542 475; baseline 0.015 -2"><span class='ocrx_word' id='word_1_9' title='bbox 3405 408 3542 475; x_wconf 61' lang='grc'><strong>1486</strong></span> 
     </span>
    </p>
   </div>
   <div class='ocr_carea' id='block_1_5' title="bbox 288 506 1845 595">
    <p class='ocr_par' dir='ltr' id='par_1_5' title="bbox 288 506 1845 586">
     <span class='ocr_line' id='line_1_5' title="bbox 288 506 1845 586; baseline 0.013 -29"><span class='ocrx_word' id='word_1_10' title='bbox 288 506 390 559; x_wconf 72' lang='grc' dir='ltr'><strong>οὒκ</strong></span> <span class='ocrx_word' id='word_1_11' title='bbox 413 507 656 579; x_wconf 68' lang='grc' dir='ltr'>ἤρεσκον</span> <span class='ocrx_word' id='word_1_12' title='bbox 688 509 738 564; x_wconf 78' lang='grc' dir='ltr'>οἱ</span> <span class='ocrx_word' id='word_1_13' title='bbox 756 511 852 565; x_wconf 85' lang='grc' dir='ltr'><strong>τοῦ</strong></span> <span class='ocrx_word' id='word_1_14' title='bbox 881 515 1085 585; x_wconf 86' lang='grc' dir='ltr'>πραέος</span> <span class='ocrx_word' id='word_1_15' title='bbox 1109 516 1303 571; x_wconf 86' lang='grc' dir='ltr'>τούτου</span> <span class='ocrx_word' id='word_1_16' title='bbox 1347 519 1442 573; x_wconf 74' lang='grc' dir='ltr'><strong>καὶ</strong></span> <span class='ocrx_word' id='word_1_17' title='bbox 1462 520 1672 586; x_wconf 72' lang='grc' dir='ltr'>ἀγαθοῦ</span> <span class='ocrx_word' id='word_1_18' title='bbox 1701 524 1845 578; x_wconf 83' lang='grc' dir='ltr'>πνεύ·</span> 
     </span>
    </p>
   </div>
   <div class='ocr_carea' id='block_1_6' title="bbox 1947 506 3542 595">
    <p class='ocr_par' dir='ltr' id='par_1_6' title="bbox 1963 523 3542 595">
     <span class='ocr_line' id='line_1_6' title="bbox 1963 523 3542 595; baseline 0.002 -17"><span class='ocrx_word' id='word_1_19' title='bbox 1963 539 2084 579; x_wconf 92' lang='lat' dir='ltr'><strong>rum</strong></span> <span class='ocrx_word' id='word_1_20' title='bbox 2116 525 2395 580; x_wconf 87' lang='lat' dir='ltr'><strong>institutor</strong></span> <span class='ocrx_word' id='word_1_21' title='bbox 2425 526 2478 579; x_wconf 88' lang='lat' dir='ltr'><strong>in</strong></span> <span class='ocrx_word' id='word_1_22' title='bbox 2525 524 2940 580; x_wconf 70' lang='lat' dir='ltr'><strong>mansuetudine</strong></span> <span class='ocrx_word' id='word_1_23' title='bbox 2969 523 3128 579; x_wconf 90' lang='lat' dir='ltr'><strong>docet</strong></span> <span class='ocrx_word' id='word_1_24' title='bbox 3156 538 3251 580; x_wconf 86' lang='lat' dir='ltr'><strong>eos</strong></span> <span class='ocrx_word' id='word_1_25' title='bbox 3307 528 3400 595; x_wconf 86' lang='lat' dir='ltr'><strong>qui</strong></span> <span class='ocrx_word' id='word_1_26' title='bbox 3440 527 3542 581; x_wconf 77' lang='lat' dir='ltr'><strong>do-</strong></span> 
     </span>
    </p>
   </div>
   <div class='ocr_carea' id='block_1_7' title="bbox 291 600 1863 685">
    <p class='ocr_par' dir='ltr' id='par_1_7' title="bbox 291 600 1863 685">
     <span class='ocr_line' id='line_1_7' title="bbox 291 600 1863 685; baseline 0.015 -36"><span class='ocrx_word' id='word_1_27' title='bbox 291 613 463 667; x_wconf 75' lang='grc' dir='ltr'>ματος</span> <span class='ocrx_word' id='word_1_28' title='bbox 486 600 746 672; x_wconf 84' lang='grc' dir='ltr'>ἀμέτοχοι</span> <span class='ocrx_word' id='word_1_29' title='bbox 775 605 1036 676; x_wconf 83' lang='grc' dir='ltr'>μαθηταί.</span> <span class='ocrx_word' id='word_1_30' title='bbox 1070 609 1181 664; x_wconf 77' lang='grc' dir='ltr'><strong>Καὶ</strong></span> <span class='ocrx_word' id='word_1_31' title='bbox 1235 611 1344 685; x_wconf 85' lang='grc' dir='ltr'><strong>γὰρ</strong></span> <span class='ocrx_word' id='word_1_32' title='bbox 1381 615 1474 668; x_wconf 76' lang='grc' dir='ltr'><strong>καὶ</strong></span> <span class='ocrx_word' id='word_1_33' title='bbox 1519 617 1548 670; x_wconf 83' lang='grc' dir='ltr'>ὁ</span> <span class='ocrx_word' id='word_1_34' title='bbox 1587 616 1863 683; x_wconf 81' lang='grc' dir='ltr'>θειότατος</span> 
     </span>
    </p>
   </div>
   <div class='ocr_carea' id='block_1_8' title="bbox 286 687 1859 770">
    <p class='ocr_par' dir='ltr' id='par_1_8' title="bbox 286 687 1859 770">
     <span class='ocr_line' id='line_1_8' title="bbox 286 687 1859 770; baseline 0.015 -32"><span class='ocrx_word' id='word_1_35' title='bbox 286 687 444 757; x_wconf 78' lang='grc' dir='ltr'>ἡμῶν</span> <span class='ocrx_word' id='word_1_36' title='bbox 476 689 752 762; x_wconf 79' lang='grc' dir='ltr'>ἱεροθὲτης</span> <span class='ocrx_word' id='word_1_37' title='bbox 785 697 843 747; x_wconf 83' lang='grc' dir='ltr'>ἐν</span> <span class='ocrx_word' id='word_1_38' title='bbox 873 697 1140 768; x_wconf 79' lang='grc' dir='ltr'><strong>πραότητι</strong></span> <span class='ocrx_word' id='word_1_39' title='bbox 1165 699 1409 756; x_wconf 81' lang='grc' dir='ltr'><strong>διδάσκει</strong></span> <span class='ocrx_word' id='word_1_40' title='bbox 1466 707 1594 770; x_wconf 81' lang='grc' dir='ltr'>τοὺς</span> <span class='ocrx_word' id='word_1_41' title='bbox 1617 708 1859 762; x_wconf 72' lang='grc' dir='ltr'>ἀντιδιαο</span> 
     </span>
    </p>
   </div>
   <div class='ocr_carea' id='block_1_9' title="bbox 284 781 1862 864">
    <p class='ocr_par' dir='ltr' id='par_1_9' title="bbox 284 781 1862 864">
     <span class='ocr_line' id='line_1_9' title="bbox 284 781 1862 864; baseline 0.015 -31"><span class='ocrx_word' id='word_1_42' title='bbox 284 781 606 853; x_wconf 79' lang='grc' dir='ltr'><strong>τιθεμένους</strong></span> <span class='ocrx_word' id='word_1_43' title='bbox 651 789 715 857; x_wconf 84' lang='grc' dir='ltr'>τῇ</span> <span class='ocrx_word' id='word_1_44' title='bbox 759 787 1078 864; x_wconf 71' lang='grc' dir='ltr'>διδασκαλίᾳ</span> <span class='ocrx_word' id='word_1_45' title='bbox 1135 795 1228 846; x_wconf 90' lang='grc' dir='ltr'><strong>τοῦ</strong></span> <span class='ocrx_word' id='word_1_46' title='bbox 1283 795 1445 850; x_wconf 84' lang='grc' dir='ltr'><strong>Θεοῦ.</strong></span> <span class='ocrx_word' id='word_1_47' title='bbox 1501 799 1862 856; x_wconf 85' lang='grc' dir='ltr'>Διδάσκεσθαι</span> 
     </span>
    </p>
   </div>
   <div class='ocr_carea' id='block_1_10' title="bbox 284 874 1862 957">
    <p class='ocr_par' dir='ltr' id='par_1_10' title="bbox 284 874 1862 957">
     <span class='ocr_line' id='line_1_10' title="bbox 284 874 1862 957; baseline 0.013 -31"><span class='ocrx_word' id='word_1_48' title='bbox 284 874 418 946; x_wconf 79' lang='grc' dir='ltr'>γὰρ,</span> <span class='ocrx_word' id='word_1_49' title='bbox 451 875 511 928; x_wconf 79' lang='grc' dir='ltr'>οὐ</span> <span class='ocrx_word' id='word_1_50' title='bbox 535 881 895 949; x_wconf 75' lang='grc' dir='ltr'>τιμωρεῖσθαι</span> <span class='ocrx_word' id='word_1_51' title='bbox 943 884 1045 956; x_wconf 83' lang='grc' dir='ltr'><strong>χρὴ</strong></span> <span class='ocrx_word' id='word_1_52' title='bbox 1095 888 1221 950; x_wconf 80' lang='grc' dir='ltr'>τοὺς</span> <span class='ocrx_word' id='word_1_53' title='bbox 1241 889 1590 957; x_wconf 79' lang='grc' dir='ltr'>ἀγνοοῦντας.</span> <span class='ocrx_word' id='word_1_54' title='bbox 1633 894 1862 949; x_wconf 85' lang='grc' dir='ltr'>Ἦνωτί-</span> 
     </span>
    </p>
   </div>
   <div class='ocr_carea' id='block_1_11' title="bbox 287 965 1859 1058">
    <p class='ocr_par' dir='ltr' id='par_1_11' title="bbox 287 965 1859 1058">
     <span class='ocr_line' id='line_1_11' title="bbox 287 965 1859 1058; baseline 0.017 -40"><span class='ocrx_word' id='word_1_55' title='bbox 287 967 464 1036; x_wconf 82' lang='grc' dir='ltr'>σμεθα</span> <span class='ocrx_word' id='word_1_56' title='bbox 495 968 608 1034; x_wconf 76' lang='grc' dir='ltr'>οὖν,</span> <span class='ocrx_word' id='word_1_57' title='bbox 643 965 688 1023; x_wconf 81' lang='grc' dir='ltr'><strong>ὦ</strong></span> <span class='ocrx_word' id='word_1_58' title='bbox 718 973 926 1045; x_wconf 87' lang='grc' dir='ltr'>μάκαρ,</span> <span class='ocrx_word' id='word_1_59' title='bbox 957 976 993 1030; x_wconf 82' lang='grc' dir='ltr'>ἃ</span> <span class='ocrx_word' id='word_1_60' title='bbox 1039 979 1221 1050; x_wconf 80' lang='grc' dir='ltr'>λέλεχε</span> <span class='ocrx_word' id='word_1_61' title='bbox 1262 985 1359 1036; x_wconf 65' lang='grc' dir='ltr'><strong>καλ⁷</strong></span> <span class='ocrx_word' id='word_1_62' title='bbox 1378 985 1406 1038; x_wconf 86' lang='grc' dir='ltr'>ὁ</span> <span class='ocrx_word' id='word_1_63' title='bbox 1436 986 1577 1058; x_wconf 73' lang='grc' dir='ltr'>ἱερὸς</span> <span class='ocrx_word' id='word_1_64' title='bbox 1626 988 1859 1058; x_wconf 82' lang='grc' dir='ltr'><strong>Παῦλος,</strong></span> 
     </span>
    </p>
   </div>
   <div class='ocr_carea' id='block_1_12' title="bbox 281 1058 1860 1154">
    <p class='ocr_par' dir='ltr' id='par_1_12' title="bbox 281 1058 1860 1154">
     <span class='ocr_line' id='line_1_12' title="bbox 281 1058 1860 1154; baseline 0.018 -46"><span class='ocrx_word' id='word_1_65' title='bbox 281 1058 491 1154; x_wconf 52' lang='grc' dir='ltr'>ό-ἦλιος</span> <span class='ocrx_word' id='word_1_66' title='bbox 518 1061 618 1132; x_wconf 86' lang='grc' dir='ltr'>τῆς</span> <span class='ocrx_word' id='word_1_67' title='bbox 649 1063 743 1118; x_wconf 81' lang='grc' dir='ltr'><strong>ὑπ’</strong></span> <span class='ocrx_word' id='word_1_68' title='bbox 776 1066 1025 1136; x_wconf 83' lang='grc' dir='ltr'>οὐρανόν.</span> <span class='ocrx_word' id='word_1_69' title='bbox 1048 1071 1210 1140; x_wconf 84' lang='grc' dir='ltr'><strong>Λέγει</strong></span> <span class='ocrx_word' id='word_1_70' title='bbox 1235 1075 1416 1130; x_wconf 86' lang='grc' dir='ltr'>τοίνυν</span> <span class='ocrx_word' id='word_1_71' title='bbox 1435 1081 1531 1131; x_wconf 76' lang='grc' dir='ltr'>καὶ</span> <span class='ocrx_word' id='word_1_72' title='bbox 1553 1079 1582 1131; x_wconf 78' lang='grc' dir='ltr'>ὁ</span> <span class='ocrx_word' id='word_1_73' title='bbox 1602 1079 1860 1154; x_wconf 82' lang='grc' dir='ltr'>θεοφόρος</span> 
     </span>
    </p>
   </div>
   <div class='ocr_carea' id='block_1_13' title="bbox 295 1150 1856 1246">
    <p class='ocr_par' dir='ltr' id='par_1_13' title="bbox 295 1150 1856 1246">
     <span class='ocr_line' id='line_1_13' title="bbox 295 1150 1856 1246; baseline 0.02 -45"><span class='ocrx_word' id='word_1_74' title='bbox 295 1150 556 1246; x_wconf 67' lang='grc' dir='ltr'>Ἰγνατιος</span> <span class='ocrx_word' id='word_1_75' title='bbox 580 1170 593 1184; x_wconf 83' lang='grc'><em>’</em></span> <span class='ocrx_word' id='word_1_76' title='bbox 621 1155 759 1220; x_wconf 76' lang='grc' dir='ltr'>Τοὺς</span> <span class='ocrx_word' id='word_1_77' title='bbox 793 1160 1090 1228; x_wconf 83' lang='grc' dir='ltr'><strong>μισοῦντας</strong></span> <span class='ocrx_word' id='word_1_78' title='bbox 1114 1161 1210 1219; x_wconf 84' lang='grc' dir='ltr'>οὖν</span> <span class='ocrx_word' id='word_1_79' title='bbox 1245 1167 1335 1220; x_wconf 72' lang='grc' dir='ltr'>τὸν</span> <span class='ocrx_word' id='word_1_80' title='bbox 1364 1169 1496 1223; x_wconf 76' lang='grc' dir='ltr'>Θεὸν</span> <span class='ocrx_word' id='word_1_81' title='bbox 1527 1150 1714 1241; x_wconf 82' lang='grc' dir='ltr'>μισεῖν</span> <span class='ocrx_word' id='word_1_82' title='bbox 1729 1150 1856 1246; x_wconf 78' lang='grc' dir='ltr'>χρὴ,</span> 
     </span>
    </p>
   </div>
   <div class='ocr_carea' id='block_1_14' title="bbox 280 1243 1857 1337">
    <p class='ocr_par' dir='ltr' id='par_1_14' title="bbox 280 1243 1857 1337">
     <span class='ocr_line' id='line_1_14' title="bbox 280 1243 1857 1337; baseline 0.016 -42"><span class='ocrx_word' id='word_1_83' title='bbox 280 1243 380 1297; x_wconf 74' lang='grc' dir='ltr'><strong>καὶ</strong></span> <span class='ocrx_word' id='word_1_84' title='bbox 407 1244 501 1298; x_wconf 69' lang='grc' dir='ltr'><strong>ἐπὶ</strong></span> <span class='ocrx_word' id='word_1_85' title='bbox 523 1248 635 1308; x_wconf 81' lang='grc' dir='ltr'>τοῖς</span> <span class='ocrx_word' id='word_1_86' title='bbox 665 1249 880 1320; x_wconf 77' lang='grc' dir='ltr'><strong>ἐχθροῖς</strong></span> <span class='ocrx_word' id='word_1_87' title='bbox 919 1254 1085 1308; x_wconf 75' lang='grc' dir='ltr'>αὐτοῦ</span> <span class='ocrx_word' id='word_1_88' title='bbox 1122 1258 1482 1331; x_wconf 81' lang='grc' dir='ltr'>ἐκτετηκὲναι</span> <span class='ocrx_word' id='word_1_89' title='bbox 1506 1281 1520 1294; x_wconf 89' lang='grc'><strong>·</strong></span> <span class='ocrx_word' id='word_1_90' title='bbox 1555 1266 1617 1318; x_wconf 76' lang='grc' dir='ltr'><strong>οὐ</strong></span> <span class='ocrx_word' id='word_1_91' title='bbox 1800 1267 1857 1321; x_wconf 80' lang='grc' dir='ltr'>δὲ</span> 
     </span>
    </p>
   </div>
   <div class='ocr_carea' id='block_1_15' title="bbox 278 1335 1856 1430">
    <p class='ocr_par' dir='ltr' id='par_1_15' title="bbox 278 1335 1856 1430">
     <span class='ocr_line' id='line_1_15' title="bbox 278 1335 1856 1430; baseline 0.015 -41"><span class='ocrx_word' id='word_1_92' title='bbox 278 1335 500 1391; x_wconf 85' lang='grc' dir='ltr'>διώκειν</span> <span class='ocrx_word' id='word_1_93' title='bbox 534 1342 682 1409; x_wconf 79' lang='grc' dir='ltr'>ἡμᾶς</span> <span class='ocrx_word' id='word_1_94' title='bbox 721 1344 923 1408; x_wconf 73' lang='grc' dir='ltr'>αὐτοὺς</span> <span class='ocrx_word' id='word_1_95' title='bbox 977 1345 1008 1417; x_wconf 81' lang='grc' dir='ltr'>ἢ</span> <span class='ocrx_word' id='word_1_96' title='bbox 1054 1345 1281 1404; x_wconf 82' lang='grc' dir='ltr'>τύπτειν</span> <span class='ocrx_word' id='word_1_97' title='bbox 1302 1365 1317 1379; x_wconf 85' lang='grc'>⁶</span> <span class='ocrx_word' id='word_1_98' title='bbox 1353 1353 1604 1427; x_wconf 83' lang='grc' dir='ltr'>καθάπερ</span> <span class='ocrx_word' id='word_1_99' title='bbox 1632 1335 1702 1410; x_wconf 65' lang='grc' dir='ltr'><strong>τὰ</strong></span> <span class='ocrx_word' id='word_1_100' title='bbox 1729 1335 1856 1430; x_wconf 57' lang='grc' dir='ltr'>ἔθνη</span> 
     </span>
    </p>
   </div>
   <div class='ocr_carea' id='block_1_16' title="bbox 277 1429 1854 1524">
    <p class='ocr_par' dir='ltr' id='par_1_16' title="bbox 277 1429 1854 1524">
     <span class='ocr_line' id='line_1_16' title="bbox 277 1429 1854 1524; baseline 0.017 -45"><span class='ocrx_word' id='word_1_101' title='bbox 277 1429 456 1524; x_wconf 32' lang='grc' dir='ltr'>τὰῌμὴ</span> <span class='ocrx_word' id='word_1_102' title='bbox 489 1433 670 1524; x_wconf 85' lang='grc' dir='ltr'>εἰδότα</span> <span class='ocrx_word' id='word_1_103' title='bbox 701 1435 792 1488; x_wconf 84' lang='grc' dir='ltr'>τὸν</span> <span class='ocrx_word' id='word_1_104' title='bbox 825 1437 982 1493; x_wconf 87' lang='grc' dir='ltr'>Θεόν.</span> <span class='ocrx_word' id='word_1_105' title='bbox 1011 1441 1074 1494; x_wconf 70' lang='lat' dir='ltr'><strong>Ei</strong></span> <span class='ocrx_word' id='word_1_106' title='bbox 1105 1441 1162 1495; x_wconf 85' lang='grc' dir='ltr'>δὲ</span> <span class='ocrx_word' id='word_1_107' title='bbox 1187 1444 1250 1496; x_wconf 82' lang='grc' dir='ltr'>οὐ</span> <span class='ocrx_word' id='word_1_108' title='bbox 1297 1444 1522 1500; x_wconf 80' lang='grc' dir='ltr'><strong>τύπτειν</strong></span> <span class='ocrx_word' id='word_1_109' title='bbox 1555 1449 1653 1516; x_wconf 86' lang='grc' dir='ltr'>δεῖ,</span> <span class='ocrx_word' id='word_1_110' title='bbox 1691 1429 1854 1524; x_wconf 80' lang='grc' dir='ltr'>σχολῇ</span> 
     </span>
    </p>
   </div>
   <div class='ocr_carea' id='block_1_17' title="bbox 278 1519 1855 1608">
    <p class='ocr_par' dir='ltr' id='par_1_17' title="bbox 278 1519 1855 1608">
     <span class='ocr_line' id='line_1_17' title="bbox 278 1519 1855 1608; baseline 0.016 -38"><span class='ocrx_word' id='word_1_111' title='bbox 278 1519 412 1588; x_wconf 87' lang='grc' dir='ltr'>γοῦν</span> <span class='ocrx_word' id='word_1_112' title='bbox 445 1523 645 1586; x_wconf 81' lang='grc' dir='ltr'>αὐτοὺς</span> <span class='ocrx_word' id='word_1_113' title='bbox 677 1527 910 1583; x_wconf 81' lang='grc' dir='ltr'>κτένειν.</span> <span class='ocrx_word' id='word_1_114' title='bbox 959 1529 1175 1603; x_wconf 79' lang='grc' dir='ltr'>Ἐπειδὴ</span> <span class='ocrx_word' id='word_1_115' title='bbox 1203 1534 1260 1588; x_wconf 87' lang='grc' dir='ltr'>δὲ</span> <span class='ocrx_word' id='word_1_116' title='bbox 1301 1537 1507 1591; x_wconf 75' lang='grc' dir='ltr'>καὶτὸν</span> <span class='ocrx_word' id='word_1_117' title='bbox 1559 1519 1855 1608; x_wconf 41' lang='grc' dir='ltr'><strong>ἔὶιγιονβῖιυζ</strong></span> 
     </span>
    </p>
   </div>
   <div class='ocr_carea' id='block_1_18' title="bbox 283 1611 1851 1700">
    <p class='ocr_par' dir='ltr' id='par_1_18' title="bbox 283 1611 1851 1700">
     <span class='ocr_line' id='line_1_18' title="bbox 283 1611 1851 1700; baseline 0.017 -38"><span class='ocrx_word' id='word_1_118' title='bbox 283 1611 432 1681; x_wconf 86' lang='grc' dir='ltr'>μεὼν</span> <span class='ocrx_word' id='word_1_119' title='bbox 454 1613 546 1667; x_wconf 84' lang='grc' dir='ltr'>τὸν</span> <span class='ocrx_word' id='word_1_120' title='bbox 597 1615 692 1669; x_wconf 89' lang='grc' dir='ltr'><strong>τοῦ</strong></span> <span class='ocrx_word' id='word_1_121' title='bbox 747 1617 1062 1689; x_wconf 73' lang='grc' dir='ltr'><strong>θαυμαστοῦ</strong></span> <span class='ocrx_word' id='word_1_122' title='bbox 1101 1623 1260 1696; x_wconf 76' lang='grc' dir='ltr'>ὅρους</span> <span class='ocrx_word' id='word_1_123' title='bbox 1309 1627 1557 1699; x_wconf 74' lang='grc' dir='ltr'>εἴληφας,</span> <span class='ocrx_word' id='word_1_124' title='bbox 1596 1632 1851 1700; x_wconf 80' lang='grc' dir='ltr'><strong>δέσποτα,</strong></span> 
     </span>
    </p>
   </div>
   <div class='ocr_carea' id='block_1_19' title="bbox 278 1705 1854 1799">
    <p class='ocr_par' dir='ltr' id='par_1_19' title="bbox 278 1705 1854 1799">
     <span class='ocr_line' id='line_1_19' title="bbox 278 1705 1854 1799; baseline 0.016 -43"><span class='ocrx_word' id='word_1_125' title='bbox 278 1705 530 1777; x_wconf 80' lang='grc' dir='ltr'>συνᾴδειν</span> <span class='ocrx_word' id='word_1_126' title='bbox 567 1725 672 1762; x_wconf 82' lang='grc' dir='ltr'>σοι·</span> <span class='ocrx_word' id='word_1_127' title='bbox 721 1713 796 1782; x_wconf 81' lang='grc' dir='ltr'>μὴ</span> <span class='ocrx_word' id='word_1_128' title='bbox 827 1713 986 1766; x_wconf 87' lang='grc' dir='ltr'>τοῦτο</span> <span class='ocrx_word' id='word_1_129' title='bbox 1013 1716 1152 1781; x_wconf 81' lang='grc' dir='ltr'>οἴου,</span> <span class='ocrx_word' id='word_1_130' title='bbox 1178 1718 1312 1789; x_wconf 86' lang='grc' dir='ltr'>ἰερὲ,</span> <span class='ocrx_word' id='word_1_131' title='bbox 1351 1721 1428 1785; x_wconf 86' lang='grc' dir='ltr'><strong>ὡς</strong></span> <span class='ocrx_word' id='word_1_132' title='bbox 1454 1723 1686 1794; x_wconf 88' lang='grc' dir='ltr'>μάχεται</span> <span class='ocrx_word' id='word_1_133' title='bbox 1717 1728 1854 1799; x_wconf 89' lang='grc' dir='ltr'>Χρι-</span> 
     </span>
    </p>
   </div>
   <div class='ocr_carea' id='block_1_20' title="bbox 279 1797 1853 1886">
    <p class='ocr_par' dir='ltr' id='par_1_20' title="bbox 279 1797 1853 1886">
     <span class='ocr_line' id='line_1_20' title="bbox 279 1797 1853 1886; baseline 0.017 -38"><span class='ocrx_word' id='word_1_134' title='bbox 279 1797 414 1865; x_wconf 85' lang='grc' dir='ltr'><strong>στῴ,</strong></span> <span class='ocrx_word' id='word_1_135' title='bbox 445 1797 478 1866; x_wconf 83' lang='grc' dir='ltr'>ἢ</span> <span class='ocrx_word' id='word_1_136' title='bbox 512 1801 626 1861; x_wconf 84' lang='grc' dir='ltr'>τοῖς</span> <span class='ocrx_word' id='word_1_137' title='bbox 654 1801 794 1872; x_wconf 80' lang='grc' dir='ltr'>ὑπὲρ</span> <span class='ocrx_word' id='word_1_138' title='bbox 824 1805 987 1858; x_wconf 74' lang='grc' dir='ltr'>αὑτὸν</span> <span class='ocrx_word' id='word_1_139' title='bbox 1028 1807 1393 1877; x_wconf 80' lang='grc' dir='ltr'>διδασκάλοις.</span> <span class='ocrx_word' id='word_1_140' title='bbox 1433 1814 1594 1869; x_wconf 83' lang='grc' dir='ltr'>Ἀλλὰ</span> <span class='ocrx_word' id='word_1_141' title='bbox 1637 1819 1728 1886; x_wconf 84' lang='grc' dir='ltr'>τί;</span> <span class='ocrx_word' id='word_1_142' title='bbox 1762 1797 1853 1874; x_wconf 67' lang='grc' dir='ltr'><strong>ἐπὶ</strong></span> 
     </span>
    </p>
   </div>
   <div class='ocr_carea' id='block_1_21' title="bbox 1965 614 3540 685">
    <p class='ocr_par' dir='ltr' id='par_1_21' title="bbox 1965 614 3540 685">
     <span class='ocr_line' id='line_1_21' title="bbox 1965 614 3540 685; baseline 0.001 -16"><span class='ocrx_word' id='word_1_143' title='bbox 1965 616 2152 671; x_wconf 75' lang='lat' dir='ltr'><strong>ctrina:</strong></span> <span class='ocrx_word' id='word_1_144' title='bbox 2191 615 2284 670; x_wconf 87' lang='lat' dir='ltr'><strong>Dei</strong></span> <span class='ocrx_word' id='word_1_145' title='bbox 2341 617 2718 672; x_wconf 82' lang='lat' dir='ltr'><strong>adversantur.</strong></span> <span class='ocrx_word' id='word_1_146' title='bbox 2776 615 2966 670; x_wconf 90' lang='lat' dir='ltr'><strong>Doceri</strong></span> <span class='ocrx_word' id='word_1_147' title='bbox 3002 614 3147 670; x_wconf 90' lang='lat' dir='ltr'><strong>enim</strong></span> <span class='ocrx_word' id='word_1_148' title='bbox 3197 631 3304 670; x_wconf 89' lang='lat' dir='ltr'><strong>non</strong></span> <span class='ocrx_word' id='word_1_149' title='bbox 3357 617 3540 685; x_wconf 88' lang='lat' dir='ltr'><strong>puniri</strong></span> 
     </span>
    </p>
   </div>
   <div class='ocr_carea' id='block_1_22' title="bbox 1962 705 3542 779">
    <p class='ocr_par' dir='ltr' id='par_1_22' title="bbox 1962 705 3542 779">
     <span class='ocr_line' id='line_1_22' title="bbox 1962 705 3542 779; baseline 0.002 -18"><span class='ocrx_word' id='word_1_150' title='bbox 1962 717 2173 776; x_wconf 83' lang='lat' dir='ltr'><strong>oportet</strong></span> <span class='ocrx_word' id='word_1_151' title='bbox 2211 709 2548 779; x_wconf 74' lang='lat' dir='ltr'><strong>ignorantes.</strong></span> <span class='ocrx_word' id='word_1_152' title='bbox 2579 710 2903 764; x_wconf 86' lang='lat' dir='ltr'><strong>Audivimus</strong></span> <span class='ocrx_word' id='word_1_153' title='bbox 2934 708 3118 779; x_wconf 81' lang='lat' dir='ltr'><strong>igitur,</strong></span> <span class='ocrx_word' id='word_1_154' title='bbox 3151 723 3184 763; x_wconf 92' lang='grc' dir='ltr'>ο</span> <span class='ocrx_word' id='word_1_155' title='bbox 3212 709 3387 775; x_wconf 82' lang='lat' dir='ltr'><strong>beate,</strong></span> <span class='ocrx_word' id='word_1_156' title='bbox 3413 705 3542 778; x_wconf 67' lang='lat' dir='ltr'><strong>qum</strong></span> 
     </span>
    </p>
   </div>
   <div class='ocr_carea' id='block_1_23' title="bbox 1961 799 3542 866">
    <p class='ocr_par' dir='ltr' id='par_1_23' title="bbox 1961 799 3542 866">
     <span class='ocr_line' id='line_1_23' title="bbox 1961 799 3542 866; baseline 0 -12"><span class='ocrx_word' id='word_1_157' title='bbox 1961 800 2270 856; x_wconf 82' lang='lat' dir='ltr'><strong>dixitsacer</strong></span> <span class='ocrx_word' id='word_1_158' title='bbox 2291 802 2518 866; x_wconf 87' lang='lat' dir='ltr'><strong>Paulus,</strong></span> <span class='ocrx_word' id='word_1_159' title='bbox 2559 803 2640 856; x_wconf 93' lang='lat' dir='ltr'><strong>sol</strong></span> <span class='ocrx_word' id='word_1_160' title='bbox 2673 801 2824 856; x_wconf 84' lang='lat' dir='ltr'><strong>orbis</strong></span> <span class='ocrx_word' id='word_1_161' title='bbox 2863 799 3126 856; x_wconf 85' lang='lat' dir='ltr'><strong>universi.</strong></span> <span class='ocrx_word' id='word_1_162' title='bbox 3159 799 3250 854; x_wconf 84' lang='lat' dir='ltr'><strong>Ait</strong></span> <span class='ocrx_word' id='word_1_163' title='bbox 3272 809 3451 854; x_wconf 87' lang='lat' dir='ltr'><strong>autem</strong></span> <span class='ocrx_word' id='word_1_164' title='bbox 3485 807 3542 855; x_wconf 91' lang='lat' dir='ltr'><strong>et</strong></span> 
     </span>
    </p>
   </div>
   <div class='ocr_carea' id='block_1_24' title="bbox 1962 890 3539 964">
    <p class='ocr_par' dir='ltr' id='par_1_24' title="bbox 1962 890 3539 964">
     <span class='ocr_line' id='line_1_24' title="bbox 1962 890 3539 964; baseline 0 -18"><span class='ocrx_word' id='word_1_165' title='bbox 1962 890 2135 947; x_wconf 84' lang='lat' dir='ltr'><strong>deifer</strong></span> <span class='ocrx_word' id='word_1_166' title='bbox 2162 891 2402 963; x_wconf 75' lang='lat' dir='ltr'><strong>ignatius</strong></span> <span class='ocrx_word' id='word_1_167' title='bbox 2422 893 2446 924; x_wconf 70' lang='lat'><strong>‘</strong></span> <span class='ocrx_word' id='word_1_168' title='bbox 2463 913 2476 950; x_wconf 89' lang='lat'><strong>:</strong></span> <span class='ocrx_word' id='word_1_169' title='bbox 2491 893 2630 949; x_wconf 91' lang='lat' dir='ltr'><strong>Odio</strong></span> <span class='ocrx_word' id='word_1_170' title='bbox 2658 894 2842 964; x_wconf 85' lang='lat' dir='ltr'><strong>itaque</strong></span> <span class='ocrx_word' id='word_1_171' title='bbox 2863 892 3033 948; x_wconf 91' lang='lat' dir='ltr'><strong>Deum</strong></span> <span class='ocrx_word' id='word_1_172' title='bbox 3059 892 3320 948; x_wconf 87' lang='lat' dir='ltr'><strong>habentes</strong></span> <span class='ocrx_word' id='word_1_173' title='bbox 3335 907 3539 946; x_wconf 89' lang='lat' dir='ltr'><strong>conve-</strong></span> 
     </span>
    </p>
   </div>
   <div class='ocr_carea' id='block_1_25' title="bbox 1962 984 3537 1057">
    <p class='ocr_par' dir='ltr' id='par_1_25' title="bbox 1962 984 3537 1057">
     <span class='ocr_line' id='line_1_25' title="bbox 1962 984 3537 1057; baseline 0 -20"><span class='ocrx_word' id='word_1_174' title='bbox 1962 985 2041 1040; x_wconf 80' lang='lat' dir='ltr'><strong>nit</strong></span> <span class='ocrx_word' id='word_1_175' title='bbox 2073 985 2200 1039; x_wconf 84' lang='lat' dir='ltr'><strong>odio</strong></span> <span class='ocrx_word' id='word_1_176' title='bbox 2239 986 2460 1051; x_wconf 82' lang='lat' dir='ltr'><strong>habere,</strong></span> <span class='ocrx_word' id='word_1_177' title='bbox 2493 995 2552 1042; x_wconf 86' lang='lat' dir='ltr'><strong>et</strong></span> <span class='ocrx_word' id='word_1_178' title='bbox 2574 1001 2740 1057; x_wconf 88' lang='lat' dir='ltr'><strong>super</strong></span> <span class='ocrx_word' id='word_1_179' title='bbox 2795 985 3047 1040; x_wconf 89' lang='lat' dir='ltr'><strong>inimicos</strong></span> <span class='ocrx_word' id='word_1_180' title='bbox 3075 985 3196 1054; x_wconf 83' lang='lat' dir='ltr'><strong>ejus</strong></span> <span class='ocrx_word' id='word_1_181' title='bbox 3219 984 3537 1048; x_wconf 82' lang='lat' dir='ltr'><strong>tabescere;</strong></span> 
     </span>
    </p>
   </div>
   <div class='ocr_carea' id='block_1_26' title="bbox 1962 1075 3538 1146">
    <p class='ocr_par' dir='ltr' id='par_1_26' title="bbox 1962 1075 3538 1146">
     <span class='ocr_line' id='line_1_26' title="bbox 1962 1075 3538 1146; baseline 0.002 -18"><span class='ocrx_word' id='word_1_182' title='bbox 1962 1090 2069 1129; x_wconf 92' lang='lat' dir='ltr'><strong>non</strong></span> <span class='ocrx_word' id='word_1_183' title='bbox 2100 1083 2280 1130; x_wconf 88' lang='lat' dir='ltr'><strong>tamen</strong></span> <span class='ocrx_word' id='word_1_184' title='bbox 2311 1075 2433 1132; x_wconf 90' lang='lat' dir='ltr'><strong>illos</strong></span> <span class='ocrx_word' id='word_1_185' title='bbox 2457 1076 2707 1146; x_wconf 86' lang='lat' dir='ltr'><strong>persequi</strong></span> <span class='ocrx_word' id='word_1_186' title='bbox 2729 1076 3147 1142; x_wconf 88' lang='lat' dir='ltr'><strong>autverberare,</strong></span> <span class='ocrx_word' id='word_1_187' title='bbox 3176 1076 3319 1131; x_wconf 87' lang='lat' dir='ltr'><strong>sicut</strong></span> <span class='ocrx_word' id='word_1_188' title='bbox 3348 1085 3538 1145; x_wconf 89' lang='lat' dir='ltr'><strong>gentes</strong></span> 
     </span>
    </p>
   </div>
   <div class='ocr_carea' id='block_1_27' title="bbox 1959 1167 3538 1237">
    <p class='ocr_par' dir='ltr' id='par_1_27' title="bbox 1959 1167 3538 1237">
     <span class='ocr_line' id='line_1_27' title="bbox 1959 1167 3538 1237; baseline 0 -16"><span class='ocrx_word' id='word_1_189' title='bbox 1959 1182 2079 1237; x_wconf 69' lang='lat' dir='ltr'><strong>quae</strong></span> <span class='ocrx_word' id='word_1_190' title='bbox 2099 1183 2206 1222; x_wconf 92' lang='lat' dir='ltr'><strong>non</strong></span> <span class='ocrx_word' id='word_1_191' title='bbox 2244 1177 2515 1223; x_wconf 90' lang='lat' dir='ltr'><strong>noverunt</strong></span> <span class='ocrx_word' id='word_1_192' title='bbox 2566 1167 2758 1225; x_wconf 91' lang='lat' dir='ltr'><strong>Deum.</strong></span> <span class='ocrx_word' id='word_1_193' title='bbox 2815 1169 2969 1235; x_wconf 83' lang='lat' dir='ltr'><strong>Quod</strong></span> <span class='ocrx_word' id='word_1_194' title='bbox 3026 1169 3070 1224; x_wconf 89' lang='lat' dir='ltr'><strong>si</strong></span> <span class='ocrx_word' id='word_1_195' title='bbox 3103 1169 3389 1224; x_wconf 84' lang='lat' dir='ltr'><strong>verberare</strong></span> <span class='ocrx_word' id='word_1_196' title='bbox 3431 1183 3538 1222; x_wconf 90' lang='lat' dir='ltr'><strong>non</strong></span> 
     </span>
    </p>
   </div>
   <div class='ocr_carea' id='block_1_28' title="bbox 1960 1255 3537 1328">
    <p class='ocr_par' dir='ltr' id='par_1_28' title="bbox 1960 1255 3537 1328">
     <span class='ocr_line' id='line_1_28' title="bbox 1960 1255 3537 1328; baseline -0.002 -16"><span class='ocrx_word' id='word_1_197' title='bbox 1960 1268 2191 1328; x_wconf 90' lang='lat' dir='ltr'><strong>oportet,</strong></span> <span class='ocrx_word' id='word_1_198' title='bbox 2251 1259 2404 1313; x_wconf 88' lang='lat' dir='ltr'><strong>nullo</strong></span> <span class='ocrx_word' id='word_1_199' title='bbox 2446 1261 2634 1328; x_wconf 89' lang='lat' dir='ltr'><strong>utique</strong></span> <span class='ocrx_word' id='word_1_200' title='bbox 2686 1260 2848 1314; x_wconf 90' lang='lat' dir='ltr'><strong>modo</strong></span> <span class='ocrx_word' id='word_1_201' title='bbox 2902 1259 3024 1314; x_wconf 90' lang='lat' dir='ltr'><strong>illos</strong></span> <span class='ocrx_word' id='word_1_202' title='bbox 3057 1259 3325 1313; x_wconf 87' lang='lat' dir='ltr'><strong>occidere.</strong></span> <span class='ocrx_word' id='word_1_203' title='bbox 3379 1255 3537 1322; x_wconf 84' lang='lat' dir='ltr'><strong>Quod</strong></span> 
     </span>
    </p>
   </div>
   <div class='ocr_carea' id='block_1_29' title="bbox 1957 1349 3534 1421">
    <p class='ocr_par' dir='ltr' id='par_1_29' title="bbox 1957 1349 3534 1421">
     <span class='ocr_line' id='line_1_29' title="bbox 1957 1349 3534 1421; baseline -0.002 -17"><span class='ocrx_word' id='word_1_204' title='bbox 1957 1361 2136 1406; x_wconf 88' lang='lat' dir='ltr'><strong>autem</strong></span> <span class='ocrx_word' id='word_1_205' title='bbox 2187 1351 2240 1406; x_wconf 91' lang='lat' dir='ltr'><strong>id</strong></span> <span class='ocrx_word' id='word_1_206' title='bbox 2295 1352 2598 1420; x_wconf 90' lang='lat' dir='ltr'><strong>sumpsisti,</strong></span> <span class='ocrx_word' id='word_1_207' title='bbox 2629 1366 2880 1406; x_wconf 82' lang='lat' dir='ltr'><strong>sanctum</strong></span> <span class='ocrx_word' id='word_1_208' title='bbox 2945 1365 3165 1421; x_wconf 91' lang='lat' dir='ltr'><strong>quoque</strong></span> <span class='ocrx_word' id='word_1_209' title='bbox 3202 1349 3534 1412; x_wconf 86' lang='lat' dir='ltr'><strong>Simeonem,</strong></span> 
     </span>
    </p>
   </div>
   <div class='ocr_carea' id='block_1_30' title="bbox 1957 1442 3539 1512">
    <p class='ocr_par' dir='ltr' id='par_1_30' title="bbox 1957 1442 3539 1512">
     <span class='ocr_line' id='line_1_30' title="bbox 1957 1442 3539 1512; baseline -0.001 -17"><span class='ocrx_word' id='word_1_210' title='bbox 1957 1443 2050 1512; x_wconf 89' lang='lat' dir='ltr'><strong>qui</strong></span> <span class='ocrx_word' id='word_1_211' title='bbox 2100 1443 2152 1496; x_wconf 88' lang='lat' dir='ltr'><strong>in</strong></span> <span class='ocrx_word' id='word_1_212' title='bbox 2200 1443 2524 1498; x_wconf 89' lang='lat' dir='ltr'><strong>admirando</strong></span> <span class='ocrx_word' id='word_1_213' title='bbox 2560 1453 2745 1497; x_wconf 90' lang='lat' dir='ltr'><strong>monte</strong></span> <span class='ocrx_word' id='word_1_214' title='bbox 2771 1453 2874 1507; x_wconf 91' lang='lat' dir='ltr'><strong>est,</strong></span> <span class='ocrx_word' id='word_1_215' title='bbox 2901 1452 3102 1509; x_wconf 86' lang='lat' dir='ltr'><strong>tecum,</strong></span> <span class='ocrx_word' id='word_1_216' title='bbox 3135 1442 3377 1505; x_wconf 90' lang='lat' dir='ltr'><strong>domine,</strong></span> <span class='ocrx_word' id='word_1_217' title='bbox 3406 1455 3539 1495; x_wconf 85' lang='lat' dir='ltr'><strong>con-</strong></span> 
     </span>
    </p>
   </div>
   <div class='ocr_carea' id='block_1_31' title="bbox 1956 1531 3538 1604">
    <p class='ocr_par' dir='ltr' id='par_1_31' title="bbox 1956 1531 3538 1604">
     <span class='ocr_line' id='line_1_31' title="bbox 1956 1531 3538 1604; baseline -0.001 -16"><span class='ocrx_word' id='word_1_218' title='bbox 1956 1535 2159 1588; x_wconf 84' lang='lat' dir='ltr'><strong>sentire</strong></span> <span class='ocrx_word' id='word_1_219' title='bbox 2192 1552 2205 1587; x_wconf 92' lang='lat'><strong>:</strong></span> <span class='ocrx_word' id='word_1_220' title='bbox 2237 1535 2346 1588; x_wconf 89' lang='lat' dir='ltr'><strong>noli</strong></span> <span class='ocrx_word' id='word_1_221' title='bbox 2390 1535 2492 1590; x_wconf 91' lang='lat' dir='ltr'><strong>hoc</strong></span> <span class='ocrx_word' id='word_1_222' title='bbox 2529 1535 2866 1601; x_wconf 85' lang='lat' dir='ltr'><strong>existimare,</strong></span> <span class='ocrx_word' id='word_1_223' title='bbox 2901 1535 2983 1588; x_wconf 88' lang='lat' dir='ltr'><strong>vir</strong></span> <span class='ocrx_word' id='word_1_224' title='bbox 3026 1549 3202 1597; x_wconf 86' lang='lat' dir='ltr'><strong>sacer,</strong></span> <span class='ocrx_word' id='word_1_225' title='bbox 3251 1533 3398 1604; x_wconf 90' lang='lat' dir='ltr'><strong>quod</strong></span> <span class='ocrx_word' id='word_1_226' title='bbox 3446 1531 3538 1586; x_wconf 86' lang='lat' dir='ltr'><strong>ille</strong></span> 
     </span>
    </p>
   </div>
   <div class='ocr_carea' id='block_1_32' title="bbox 1954 1615 3534 1696">
    <p class='ocr_par' dir='ltr' id='par_1_32' title="bbox 1954 1615 3534 1696">
     <span class='ocr_line' id='line_1_32' title="bbox 1954 1615 3534 1696; baseline 0 -18"><span class='ocrx_word' id='word_1_227' title='bbox 1954 1625 2173 1680; x_wconf 86' lang='lat' dir='ltr'><strong>Christo</strong></span> <span class='ocrx_word' id='word_1_228' title='bbox 2233 1615 2516 1696; x_wconf 77' lang='lat' dir='ltr'><strong>repugnet,</strong></span> <span class='ocrx_word' id='word_1_229' title='bbox 2551 1635 2644 1680; x_wconf 89' lang='lat' dir='ltr'><strong>aut</strong></span> <span class='ocrx_word' id='word_1_230' title='bbox 2691 1626 2966 1696; x_wconf 80' lang='lat' dir='ltr'><strong>magistris</strong></span> <span class='ocrx_word' id='word_1_231' title='bbox 3008 1625 3316 1696; x_wconf 80' lang='lat' dir='ltr'><strong>potioribus</strong></span> <span class='ocrx_word' id='word_1_232' title='bbox 3368 1639 3534 1694; x_wconf 91' lang='lat' dir='ltr'><strong>quam</strong></span> 
     </span>
    </p>
   </div>
   <div class='ocr_carea' id='block_1_33' title="bbox 1956 1717 3535 1790">
    <p class='ocr_par' dir='ltr' id='par_1_33' title="bbox 1956 1717 3535 1790">
     <span class='ocr_line' id='line_1_33' title="bbox 1956 1717 3535 1790; baseline 0.001 -19"><span class='ocrx_word' id='word_1_233' title='bbox 1956 1718 2072 1788; x_wconf 91' lang='lat' dir='ltr'><strong>ipse</strong></span> <span class='ocrx_word' id='word_1_234' title='bbox 2101 1718 2189 1772; x_wconf 87' lang='lat' dir='ltr'><strong>sit.</strong></span> <span class='ocrx_word' id='word_1_235' title='bbox 2245 1717 2350 1773; x_wconf 87' lang='lat' dir='ltr'><strong>Sed</strong></span> <span class='ocrx_word' id='word_1_236' title='bbox 2384 1719 2513 1790; x_wconf 89' lang='lat' dir='ltr'><strong>quid</strong></span> <span class='ocrx_word' id='word_1_237' title='bbox 2544 1717 2568 1771; x_wconf 86' lang='lat'><strong>?</strong></span> <span class='ocrx_word' id='word_1_238' title='bbox 2609 1718 2804 1773; x_wconf 90' lang='lat' dir='ltr'><strong>Sermo</strong></span> <span class='ocrx_word' id='word_1_239' title='bbox 2850 1719 2926 1772; x_wconf 90' lang='lat' dir='ltr'><strong>illi</strong></span> <span class='ocrx_word' id='word_1_240' title='bbox 2961 1728 3077 1774; x_wconf 89' lang='lat' dir='ltr'><strong>crat</strong></span> <span class='ocrx_word' id='word_1_241' title='bbox 3103 1717 3445 1772; x_wconf 85' lang='lat' dir='ltr'><strong>hortatorius</strong></span> <span class='ocrx_word' id='word_1_242' title='bbox 3465 1717 3535 1772; x_wconf 88' lang='lat' dir='ltr'><strong>ad</strong></span> 
     </span>
    </p>
   </div>
   <div class='ocr_carea' id='block_1_34' title="bbox 1955 1809 3535 1882">
    <p class='ocr_par' dir='ltr' id='par_1_34' title="bbox 1955 1809 3535 1882">
     <span class='ocr_line' id='line_1_34' title="bbox 1955 1809 3535 1882; baseline 0 -20"><span class='ocrx_word' id='word_1_243' title='bbox 1955 1809 2102 1864; x_wconf 91' lang='lat' dir='ltr'><strong>illius</strong></span> <span class='ocrx_word' id='word_1_244' title='bbox 2156 1813 2413 1878; x_wconf 88' lang='lat' dir='ltr'><strong>temporis</strong></span> <span class='ocrx_word' id='word_1_245' title='bbox 2475 1811 2878 1880; x_wconf 83' lang='lat' dir='ltr'><strong>imperatorem,</strong></span> <span class='ocrx_word' id='word_1_246' title='bbox 2920 1811 2987 1866; x_wconf 90' lang='lat' dir='ltr'><strong>de</strong></span> <span class='ocrx_word' id='word_1_247' title='bbox 3025 1821 3185 1882; x_wconf 88' lang='lat' dir='ltr'><strong>gente</strong></span> <span class='ocrx_word' id='word_1_248' title='bbox 3214 1826 3335 1880; x_wconf 66' lang='lat' dir='ltr'><strong>quae</strong></span> <span class='ocrx_word' id='word_1_249' title='bbox 3361 1826 3535 1880; x_wconf 82' lang='lat' dir='ltr'><strong>popu-</strong></span> 
     </span>
    </p>
   </div>
   <div class='ocr_carea' id='block_1_35' title="bbox 277 1887 1845 1980">
    <p class='ocr_par' dir='ltr' id='par_1_35' title="bbox 277 1887 1845 1980">
     <span class='ocr_line' id='line_1_35' title="bbox 277 1887 1845 1980; baseline 0.017 -41"><span class='ocrx_word' id='word_1_250' title='bbox 277 1887 423 1942; x_wconf 72' lang='grc' dir='ltr'>ἐθνει</span> <span class='ocrx_word' id='word_1_251' title='bbox 489 1895 919 1963; x_wconf 66' lang='grc' dir='ltr'>τραυματίζοντι</span> <span class='ocrx_word' id='word_1_252' title='bbox 977 1899 1038 1952; x_wconf 79' lang='grc' dir='ltr'>τὸ</span> <span class='ocrx_word' id='word_1_253' title='bbox 1079 1901 1403 1968; x_wconf 65' lang='grc' dir='ltr'>Χριστιανὸν</span> <span class='ocrx_word' id='word_1_254' title='bbox 1447 1907 1614 1976; x_wconf 74' lang='grc' dir='ltr'>φῦλον</span> <span class='ocrx_word' id='word_1_255' title='bbox 1639 1912 1667 1962; x_wconf 86' lang='grc' dir='ltr'><strong>ό</strong></span> <span class='ocrx_word' id='word_1_256' title='bbox 1693 1911 1845 1980; x_wconf 81' lang='grc' dir='ltr'><strong>λόγος</strong></span> 
     </span>
    </p>
   </div>
   <div class='ocr_carea' id='block_1_36' title="bbox 1947 1887 3533 1980">
    <p class='ocr_par' dir='ltr' id='par_1_36' title="bbox 1953 1901 3533 1972">
     <span class='ocr_line' id='line_1_36' title="bbox 1953 1901 3533 1972; baseline 0 -16"><span class='ocrx_word' id='word_1_257' title='bbox 1953 1902 2076 1958; x_wconf 75' lang='grc' dir='ltr'>Ιυηιι</span> <span class='ocrx_word' id='word_1_258' title='bbox 2104 1901 2481 1959; x_wconf 85' lang='lat' dir='ltr'><strong>Christianum</strong></span> <span class='ocrx_word' id='word_1_259' title='bbox 2507 1904 2804 1958; x_wconf 81' lang='lat' dir='ltr'><strong>infestabat</strong></span> <span class='ocrx_word' id='word_1_260' title='bbox 2835 1921 2849 1957; x_wconf 89' lang='lat'><strong>:</strong></span> <span class='ocrx_word' id='word_1_261' title='bbox 2882 1918 2948 1958; x_wconf 91' lang='lat' dir='ltr'><strong>ne</strong></span> <span class='ocrx_word' id='word_1_262' title='bbox 2978 1919 3006 1957; x_wconf 91' lang='lat' dir='ltr'><strong>a</strong></span> <span class='ocrx_word' id='word_1_263' title='bbox 3031 1903 3317 1958; x_wconf 87' lang='lat' dir='ltr'><strong>Samaritis</strong></span> <span class='ocrx_word' id='word_1_264' title='bbox 3346 1904 3533 1972; x_wconf 87' lang='lat' dir='ltr'><strong>oppri-</strong></span> 
     </span>
    </p>
   </div>
   <div class='ocr_carea' id='block_1_37' title="bbox 274 1982 1846 2070">
    <p class='ocr_par' dir='ltr' id='par_1_37' title="bbox 274 1982 1846 2070">
     <span class='ocr_line' id='line_1_37' title="bbox 274 1982 1846 2070; baseline 0.015 -36"><span class='ocrx_word' id='word_1_265' title='bbox 274 1982 426 2054; x_wconf 79' lang='grc' dir='ltr'><strong>αὐτῷ</strong></span> <span class='ocrx_word' id='word_1_266' title='bbox 455 1987 557 2053; x_wconf 86' lang='grc' dir='ltr'>τῆς</span> <span class='ocrx_word' id='word_1_267' title='bbox 579 1986 717 2055; x_wconf 81' lang='grc' dir='ltr'>πρὸς</span> <span class='ocrx_word' id='word_1_268' title='bbox 743 1988 834 2040; x_wconf 82' lang='grc' dir='ltr'>τὸν</span> <span class='ocrx_word' id='word_1_269' title='bbox 850 1992 1156 2060; x_wconf 86' lang='grc' dir='ltr'>τηνικαῦτα</span> <span class='ocrx_word' id='word_1_270' title='bbox 1178 1993 1403 2064; x_wconf 82' lang='grc' dir='ltr'>βασιλέα</span> <span class='ocrx_word' id='word_1_271' title='bbox 1427 1999 1846 2070; x_wconf 81' lang='grc' dir='ltr'>παρακλήσεως,</span> 
     </span>
    </p>
   </div>
   <div class='ocr_carea' id='block_1_38' title="bbox 177 2070 1846 2164">
    <p class='ocr_par' dir='ltr' id='par_1_38' title="bbox 177 2070 1846 2164">
     <span class='ocr_line' id='line_1_38' title="bbox 177 2070 1846 2164; baseline 0.014 -40"><span class='ocrx_word' id='word_1_272' title='bbox 177 2091 187 2100; x_wconf 74' lang='grc'><em>’</em></span> <span class='ocrx_word' id='word_1_273' title='bbox 270 2072 350 2137; x_wconf 76' lang='grc' dir='ltr'>ὡς</span> <span class='ocrx_word' id='word_1_274' title='bbox 379 2070 558 2164; x_wconf 22' lang='grc' dir='ltr'><strong>ἄν’-μὴ</strong></span> <span class='ocrx_word' id='word_1_275' title='bbox 595 2079 884 2149; x_wconf 84' lang='grc' dir='ltr'>πορθοίντο</span> <span class='ocrx_word' id='word_1_276' title='bbox 904 2082 1010 2136; x_wconf 71' lang='grc' dir='ltr'><strong>ὑπὸ</strong></span> <span class='ocrx_word' id='word_1_277' title='bbox 1042 2084 1398 2158; x_wconf 79' lang='grc' dir='ltr'>Σαμαρειτῶν</span> <span class='ocrx_word' id='word_1_278' title='bbox 1431 2091 1481 2144; x_wconf 85' lang='grc' dir='ltr'><strong>οἱ</strong></span> <span class='ocrx_word' id='word_1_279' title='bbox 1509 2092 1846 2164; x_wconf 75' lang='grc' dir='ltr'>Χριστιανοὶ.</span> 
     </span>
    </p>
   </div>
   <div class='ocr_carea' id='block_1_39' title="bbox 272 2162 1846 2256">
    <p class='ocr_par' dir='ltr' id='par_1_39' title="bbox 272 2162 1846 2256">
     <span class='ocr_line' id='line_1_39' title="bbox 272 2162 1846 2256; baseline 0.013 -38"><span class='ocrx_word' id='word_1_280' title='bbox 272 2165 385 2219; x_wconf 76' lang='grc' dir='ltr'><strong>Καὶ</strong></span> <span class='ocrx_word' id='word_1_281' title='bbox 416 2162 549 2236; x_wconf 76' lang='grc' dir='ltr'>εὖγε</span> <span class='ocrx_word' id='word_1_282' title='bbox 576 2169 712 2240; x_wconf 73' lang='grc' dir='ltr'>ἔχει.</span> <span class='ocrx_word' id='word_1_283' title='bbox 742 2173 854 2226; x_wconf 79' lang='grc' dir='ltr'><strong>Καὶ</strong></span> <span class='ocrx_word' id='word_1_284' title='bbox 884 2174 980 2227; x_wconf 89' lang='grc' dir='ltr'><strong>νῦν</strong></span> <span class='ocrx_word' id='word_1_285' title='bbox 1007 2177 1174 2230; x_wconf 88' lang='grc' dir='ltr'>ταυτὸ</span> <span class='ocrx_word' id='word_1_286' title='bbox 1195 2179 1354 2234; x_wconf 90' lang='grc' dir='ltr'>τοῦτο</span> <span class='ocrx_word' id='word_1_287' title='bbox 1389 2162 1846 2256; x_wconf 81' lang='grc' dir='ltr'>παρακαλοῦμενο</span> 
     </span>
    </p>
   </div>
   <div class='ocr_carea' id='block_1_40' title="bbox 272 2257 1848 2337">
    <p class='ocr_par' dir='ltr' id='par_1_40' title="bbox 272 2257 1848 2337">
     <span class='ocr_line' id='line_1_40' title="bbox 272 2257 1848 2337; baseline 0.015 -28"><span class='ocrx_word' id='word_1_288' title='bbox 272 2257 370 2311; x_wconf 82' lang='grc' dir='ltr'><strong>καὶ</strong></span> <span class='ocrx_word' id='word_1_289' title='bbox 404 2258 618 2323; x_wconf 80' lang='grc' dir='ltr'><strong>Σκύθας</strong></span> <span class='ocrx_word' id='word_1_290' title='bbox 642 2263 736 2315; x_wconf 74' lang='grc' dir='ltr'>καὶ</span> <span class='ocrx_word' id='word_1_291' title='bbox 773 2263 1059 2337; x_wconf 74' lang='grc' dir='ltr'>Ἀρραὸας</span> <span class='ocrx_word' id='word_1_292' title='bbox 1096 2267 1458 2337; x_wconf 80' lang='grc' dir='ltr'>θανατοῦντας</span> <span class='ocrx_word' id='word_1_293' title='bbox 1489 2274 1582 2327; x_wconf 82' lang='grc' dir='ltr'>τὸν</span> <span class='ocrx_word' id='word_1_294' title='bbox 1600 2276 1726 2330; x_wconf 85' lang='grc' dir='ltr'>λαὸν</span> <span class='ocrx_word' id='word_1_295' title='bbox 1752 2276 1848 2332; x_wconf 87' lang='grc' dir='ltr'><strong>τοῦ</strong></span> 
     </span>
    </p>
   </div>
   <div class='ocr_carea' id='block_1_41' title="bbox 271 2346 1845 2435">
    <p class='ocr_par' dir='ltr' id='par_1_41' title="bbox 271 2346 1845 2435">
     <span class='ocr_line' id='line_1_41' title="bbox 271 2346 1845 2435; baseline 0.014 -36"><span class='ocrx_word' id='word_1_296' title='bbox 271 2346 410 2401; x_wconf 84' lang='grc' dir='ltr'>Θεοῦ</span> <span class='ocrx_word' id='word_1_297' title='bbox 475 2349 754 2422; x_wconf 80' lang='grc' dir='ltr'>πολεμεῖν,</span> <span class='ocrx_word' id='word_1_298' title='bbox 787 2354 884 2407; x_wconf 81' lang='grc' dir='ltr'><strong>καὶ</strong></span> <span class='ocrx_word' id='word_1_299' title='bbox 937 2356 1012 2426; x_wconf 78' lang='grc' dir='ltr'>μὴ</span> <span class='ocrx_word' id='word_1_300' title='bbox 1070 2358 1349 2426; x_wconf 86' lang='grc' dir='ltr'>φείδεσθαι</span> <span class='ocrx_word' id='word_1_301' title='bbox 1397 2363 1525 2427; x_wconf 75' lang='grc' dir='ltr'>τοὺς</span> <span class='ocrx_word' id='word_1_302' title='bbox 1569 2364 1845 2435; x_wconf 81' lang='grc' dir='ltr'>βασιλέας.</span> 
     </span>
    </p>
   </div>
   <div class='ocr_carea' id='block_1_42' title="bbox 275 2439 1845 2522">
    <p class='ocr_par' dir='ltr' id='par_1_42' title="bbox 275 2439 1845 2522">
     <span class='ocr_line' id='line_1_42' title="bbox 275 2439 1845 2522; baseline 0.013 -31"><span class='ocrx_word' id='word_1_303' title='bbox 275 2439 442 2493; x_wconf 68' lang='grc' dir='ltr'>Ἄλλο</span> <span class='ocrx_word' id='word_1_304' title='bbox 469 2440 647 2507; x_wconf 87' lang='grc' dir='ltr'>τοῦτο,</span> <span class='ocrx_word' id='word_1_305' title='bbox 680 2444 901 2498; x_wconf 75' lang='grc' dir='ltr'>κάκεῖνο</span> <span class='ocrx_word' id='word_1_306' title='bbox 930 2447 1118 2519; x_wconf 74' lang='grc' dir='ltr'>ἕτερον</span> <span class='ocrx_word' id='word_1_307' title='bbox 1143 2465 1158 2480; x_wconf 86' lang='grc'><strong>·</strong></span> <span class='ocrx_word' id='word_1_308' title='bbox 1187 2450 1249 2503; x_wconf 81' lang='grc' dir='ltr'>τὸ</span> <span class='ocrx_word' id='word_1_309' title='bbox 1278 2452 1376 2522; x_wconf 83' lang='grc' dir='ltr'>μὲν</span> <span class='ocrx_word' id='word_1_310' title='bbox 1410 2455 1503 2508; x_wconf 77' lang='grc' dir='ltr'>ἐπὶ</span> <span class='ocrx_word' id='word_1_311' title='bbox 1535 2457 1662 2520; x_wconf 82' lang='grc' dir='ltr'>τοὺς</span> <span class='ocrx_word' id='word_1_312' title='bbox 1683 2458 1845 2512; x_wconf 88' lang='grc' dir='ltr'>πολε-</span> 
     </span>
    </p>
   </div>
   <div class='ocr_carea' id='block_1_43' title="bbox 275 2528 1850 2616">
    <p class='ocr_par' dir='ltr' id='par_1_43' title="bbox 275 2528 1850 2616">
     <span class='ocr_line' id='line_1_43' title="bbox 275 2528 1850 2616; baseline 0.014 -36"><span class='ocrx_word' id='word_1_313' title='bbox 275 2528 428 2599; x_wconf 74' lang='grc' dir='ltr'>μίους</span> <span class='ocrx_word' id='word_1_314' title='bbox 453 2547 468 2562; x_wconf 89' lang='grc'><strong>·</strong></span> <span class='ocrx_word' id='word_1_315' title='bbox 498 2533 560 2585; x_wconf 80' lang='grc' dir='ltr'>τὸ</span> <span class='ocrx_word' id='word_1_316' title='bbox 625 2533 681 2586; x_wconf 87' lang='grc' dir='ltr'>δὲ</span> <span class='ocrx_word' id='word_1_317' title='bbox 723 2536 844 2604; x_wconf 63' lang='lat' dir='ltr'><strong>ient</strong></span> <span class='ocrx_word' id='word_1_318' title='bbox 894 2541 1022 2602; x_wconf 83' lang='grc' dir='ltr'>τοὺς</span> <span class='ocrx_word' id='word_1_319' title='bbox 1063 2539 1168 2594; x_wconf 80' lang='grc' dir='ltr'><strong>ὑπὸ</strong></span> <span class='ocrx_word' id='word_1_320' title='bbox 1215 2544 1374 2611; x_wconf 87' lang='grc' dir='ltr'>χεῖρα</span> <span class='ocrx_word' id='word_1_321' title='bbox 1415 2546 1743 2616; x_wconf 77' lang='grc' dir='ltr'>αἱρετικούς.</span> <span class='ocrx_word' id='word_1_322' title='bbox 1775 2549 1850 2602; x_wconf 83' lang='grc' dir='ltr'><strong>Τὸ</strong></span> 
     </span>
    </p>
   </div>
   <div class='ocr_carea' id='block_1_44' title="bbox 270 2619 1849 2708">
    <p class='ocr_par' dir='ltr' id='par_1_44' title="bbox 270 2619 1849 2708">
     <span class='ocr_line' id='line_1_44' title="bbox 270 2619 1849 2708; baseline 0.013 -36"><span class='ocrx_word' id='word_1_323' title='bbox 270 2619 382 2691; x_wconf 81' lang='grc' dir='ltr'>γάρ</span> <span class='ocrx_word' id='word_1_324' title='bbox 413 2637 494 2675; x_wconf 91' lang='grc' dir='ltr'><strong>τοι</strong></span> <span class='ocrx_word' id='word_1_325' title='bbox 521 2624 651 2695; x_wconf 74' lang='grc' dir='ltr'>περὶ</span> <span class='ocrx_word' id='word_1_326' title='bbox 680 2624 773 2678; x_wconf 83' lang='grc' dir='ltr'><strong>τοῦ</strong></span> <span class='ocrx_word' id='word_1_327' title='bbox 801 2627 1113 2698; x_wconf 81' lang='grc' dir='ltr'>Νηστευτοῦ</span> <span class='ocrx_word' id='word_1_328' title='bbox 1155 2631 1402 2687; x_wconf 82' lang='grc' dir='ltr'>Ἰωάννου</span> <span class='ocrx_word' id='word_1_329' title='bbox 1435 2634 1528 2688; x_wconf 89' lang='grc' dir='ltr'><strong>τοῦ</strong></span> <span class='ocrx_word' id='word_1_330' title='bbox 1557 2637 1654 2708; x_wconf 82' lang='grc' dir='ltr'>τῆς</span> <span class='ocrx_word' id='word_1_331' title='bbox 1691 2639 1849 2692; x_wconf 90' lang='grc' dir='ltr'>Κων-</span> 
     </span>
    </p>
   </div>
   <div class='ocr_carea' id='block_1_45' title="bbox 273 2713 1845 2798">
    <p class='ocr_par' dir='ltr' id='par_1_45' title="bbox 273 2713 1845 2798">
     <span class='ocr_line' id='line_1_45' title="bbox 273 2713 1845 2798; baseline 0.014 -37"><span class='ocrx_word' id='word_1_332' title='bbox 273 2713 774 2778; x_wconf 67' lang='grc' dir='ltr'>σταντιιιουπόλεως</span> <span class='ocrx_word' id='word_1_333' title='bbox 802 2717 1090 2788; x_wconf 87' lang='grc' dir='ltr'>προέδρου,</span> <span class='ocrx_word' id='word_1_334' title='bbox 1122 2719 1184 2774; x_wconf 86' lang='grc' dir='ltr'><strong>οῦ</strong></span> <span class='ocrx_word' id='word_1_335' title='bbox 1215 2741 1305 2793; x_wconf 90' lang='grc' dir='ltr'><strong>μοι</strong></span> <span class='ocrx_word' id='word_1_336' title='bbox 1330 2724 1578 2792; x_wconf 77' lang='grc' dir='ltr'>φαίνεται</span> <span class='ocrx_word' id='word_1_337' title='bbox 1625 2728 1845 2798; x_wconf 83' lang='grc' dir='ltr'>ἀληθὲς,</span> 
     </span>
    </p>
   </div>
   <div class='ocr_carea' id='block_1_46' title="bbox 270 2801 1850 2884">
    <p class='ocr_par' dir='ltr' id='par_1_46' title="bbox 270 2801 1850 2884">
     <span class='ocr_line' id='line_1_46' title="bbox 270 2801 1850 2884; baseline 0.012 -30"><span class='ocrx_word' id='word_1_338' title='bbox 270 2801 566 2872; x_wconf 68' lang='grc' dir='ltr'>ἐπιτρέψαι</span> <span class='ocrx_word' id='word_1_339' title='bbox 638 2804 1171 2880; x_wconf 82' lang='grc' dir='ltr'>ἀνασκολοπισθῆναι</span> <span class='ocrx_word' id='word_1_340' title='bbox 1231 2815 1357 2878; x_wconf 85' lang='grc' dir='ltr'>τοὺς</span> <span class='ocrx_word' id='word_1_341' title='bbox 1420 2816 1660 2884; x_wconf 84' lang='grc' dir='ltr'>γόητας,</span> <span class='ocrx_word' id='word_1_342' title='bbox 1712 2819 1850 2873; x_wconf 84' lang='grc' dir='ltr'>ἀλλὰ</span> 
     </span>
    </p>
   </div>
   <div class='ocr_carea' id='block_1_47' title="bbox 271 2895 1847 2978">
    <p class='ocr_par' dir='ltr' id='par_1_47' title="bbox 271 2895 1847 2978">
     <span class='ocr_line' id='line_1_47' title="bbox 271 2895 1847 2978; baseline 0.014 -34"><span class='ocrx_word' id='word_1_343' title='bbox 271 2895 822 2966; x_wconf 76' lang='grc' dir='ltr'>παρακεχωρηκέναι.</span> <span class='ocrx_word' id='word_1_344' title='bbox 867 2900 1054 2963; x_wconf 83' lang='grc' dir='ltr'>Φονεῖς</span> <span class='ocrx_word' id='word_1_345' title='bbox 1100 2902 1210 2973; x_wconf 81' lang='grc' dir='ltr'>γὰρ</span> <span class='ocrx_word' id='word_1_346' title='bbox 1267 2907 1493 2959; x_wconf 79' lang='grc' dir='ltr'><strong>καύτοί⁸</strong></span> <span class='ocrx_word' id='word_1_347' title='bbox 1529 2909 1614 2978; x_wconf 76' lang='grc' dir='ltr'><strong>ἐφ’</strong></span> <span class='ocrx_word' id='word_1_348' title='bbox 1645 2909 1741 2975; x_wconf 74' lang='grc' dir='ltr'>οὓς</span> <span class='ocrx_word' id='word_1_349' title='bbox 1783 2913 1847 2966; x_wconf 79' lang='grc' dir='ltr'><strong>οὐ</strong></span> 
     </span>
    </p>
   </div>
   <div class='ocr_carea' id='block_1_48' title="bbox 270 2983 1848 3071">
    <p class='ocr_par' dir='ltr' id='par_1_48' title="bbox 270 2983 1848 3071">
     <span class='ocr_line' id='line_1_48' title="bbox 270 2983 1848 3071; baseline 0.015 -36"><span class='ocrx_word' id='word_1_350' title='bbox 270 2983 544 3038; x_wconf 79' lang='grc' dir='ltr'>κωλυτέον</span> <span class='ocrx_word' id='word_1_351' title='bbox 569 2989 684 3051; x_wconf 84' lang='grc' dir='ltr'>τοῖς</span> <span class='ocrx_word' id='word_1_352' title='bbox 733 2990 997 3058; x_wconf 82' lang='grc' dir='ltr'>κρατοῦσι</span> <span class='ocrx_word' id='word_1_353' title='bbox 1021 2994 1091 3047; x_wconf 86' lang='grc' dir='ltr'>τὰ</span> <span class='ocrx_word' id='word_1_354' title='bbox 1135 2995 1245 3049; x_wconf 81' lang='grc' dir='ltr'><strong>τῶν</strong></span> <span class='ocrx_word' id='word_1_355' title='bbox 1292 2996 1618 3068; x_wconf 81' lang='grc' dir='ltr'><strong>Ῥωμαϊκῶν</strong></span> <span class='ocrx_word' id='word_1_356' title='bbox 1667 3003 1848 3071; x_wconf 90' lang='grc' dir='ltr'>νόμων</span> 
     </span>
    </p>
   </div>
   <div class='ocr_carea' id='block_1_49' title="bbox 271 3074 1844 3160">
    <p class='ocr_par' dir='ltr' id='par_1_49' title="bbox 271 3074 1844 3160">
     <span class='ocr_line' id='line_1_49' title="bbox 271 3074 1844 3160; baseline 0.014 -34"><span class='ocrx_word' id='word_1_357' title='bbox 271 3074 428 3146; x_wconf 80' lang='grc' dir='ltr'>ὃρᾴν.</span> <span class='ocrx_word' id='word_1_358' title='bbox 464 3078 546 3130; x_wconf 76' lang='grc' dir='ltr'><strong>Οὐ</strong></span> <span class='ocrx_word' id='word_1_359' title='bbox 579 3077 688 3147; x_wconf 73' lang='grc' dir='ltr'>γὰρ</span> <span class='ocrx_word' id='word_1_360' title='bbox 720 3079 872 3149; x_wconf 74' lang='grc' dir='ltr'>εικῆ,</span> <span class='ocrx_word' id='word_1_361' title='bbox 897 3084 1050 3153; x_wconf 77' lang='grc' dir='ltr'>φησὶ,</span> <span class='ocrx_word' id='word_1_362' title='bbox 1069 3085 1186 3153; x_wconf 76' lang='grc' dir='ltr'><strong>τὴν</strong></span> <span class='ocrx_word' id='word_1_363' title='bbox 1197 3085 1501 3156; x_wconf 77' lang='grc' dir='ltr'>μάχαιραν</span> <span class='ocrx_word' id='word_1_364' title='bbox 1517 3092 1812 3160; x_wconf 65' lang='grc' dir='ltr'>φοροῦσιν</span> <span class='ocrx_word' id='word_1_365' title='bbox 1829 3109 1844 3124; x_wconf 82' lang='grc'><strong>⁸</strong></span> 
     </span>
    </p>
   </div>
   <div class='ocr_carea' id='block_1_50' title="bbox 266 3165 1845 3254">
    <p class='ocr_par' dir='ltr' id='par_1_50' title="bbox 266 3165 1845 3254">
     <span class='ocr_line' id='line_1_50' title="bbox 266 3165 1845 3254; baseline 0.014 -37"><span class='ocrx_word' id='word_1_366' title='bbox 266 3165 500 3220; x_wconf 70' lang='grc' dir='ltr'>ἔκδικοι</span> <span class='ocrx_word' id='word_1_367' title='bbox 522 3171 642 3225; x_wconf 81' lang='grc' dir='ltr'>εισι</span> <span class='ocrx_word' id='word_1_368' title='bbox 673 3167 752 3236; x_wconf 84' lang='grc' dir='ltr'>τῷ</span> <span class='ocrx_word' id='word_1_369' title='bbox 777 3173 844 3225; x_wconf 85' lang='grc' dir='ltr'>τὸ</span> <span class='ocrx_word' id='word_1_370' title='bbox 884 3177 1074 3230; x_wconf 80' lang='grc' dir='ltr'>κακὸν</span> <span class='ocrx_word' id='word_1_371' title='bbox 1113 3176 1451 3245; x_wconf 78' lang='grc' dir='ltr'>πράσσοντι</span> <span class='ocrx_word' id='word_1_372' title='bbox 1476 3197 1490 3211; x_wconf 76' lang='grc' dir='ltr'><strong>ο</strong></span> <span class='ocrx_word' id='word_1_373' title='bbox 1523 3183 1586 3235; x_wconf 88' lang='grc' dir='ltr'>οὐ</span> <span class='ocrx_word' id='word_1_374' title='bbox 1631 3183 1738 3254; x_wconf 85' lang='grc' dir='ltr'>μὴν</span> <span class='ocrx_word' id='word_1_375' title='bbox 1761 3183 1845 3254; x_wconf 78' lang='grc' dir='ltr'><strong>ἐφ’</strong></span> 
     </span>
    </p>
   </div>
   <div class='ocr_carea' id='block_1_51' title="bbox 1949 1993 3531 2060">
    <p class='ocr_par' dir='ltr' id='par_1_51' title="bbox 1949 1993 3531 2060">
     <span class='ocr_line' id='line_1_51' title="bbox 1949 1993 3531 2060; baseline 0 -13"><span class='ocrx_word' id='word_1_376' title='bbox 1949 2004 2227 2049; x_wconf 80' lang='lat' dir='ltr'><strong>merentur</strong></span> <span class='ocrx_word' id='word_1_377' title='bbox 2253 1993 2572 2050; x_wconf 84' lang='lat' dir='ltr'><strong>Christiani.</strong></span> <span class='ocrx_word' id='word_1_378' title='bbox 2603 1993 2760 2060; x_wconf 84' lang='lat' dir='ltr'><strong>Quod</strong></span> <span class='ocrx_word' id='word_1_379' title='bbox 2790 1995 2928 2050; x_wconf 91' lang='lat' dir='ltr'><strong>bene</strong></span> <span class='ocrx_word' id='word_1_380' title='bbox 2959 1994 3142 2049; x_wconf 89' lang='lat' dir='ltr'><strong>habet.</strong></span> <span class='ocrx_word' id='word_1_381' title='bbox 3185 1993 3340 2048; x_wconf 84' lang='lat' dir='ltr'><strong>Nunc</strong></span> <span class='ocrx_word' id='word_1_382' title='bbox 3365 1994 3531 2048; x_wconf 86' lang='lat' dir='ltr'><strong>etiam</strong></span> 
     </span>
    </p>
   </div>
   <div class='ocr_carea' id='block_1_52' title="bbox 1952 2085 3530 2160">
    <p class='ocr_par' dir='ltr' id='par_1_52' title="bbox 1952 2085 3530 2160">
     <span class='ocr_line' id='line_1_52' title="bbox 1952 2085 3530 2160; baseline -0.001 -19"><span class='ocrx_word' id='word_1_383' title='bbox 1952 2087 2186 2156; x_wconf 90' lang='lat' dir='ltr'><strong>idipsum</strong></span> <span class='ocrx_word' id='word_1_384' title='bbox 2207 2086 2573 2153; x_wconf 87' lang='lat' dir='ltr'><strong>obtestamur,</strong></span> <span class='ocrx_word' id='word_1_385' title='bbox 2609 2096 2670 2142; x_wconf 90' lang='lat' dir='ltr'><strong>nt</strong></span> <span class='ocrx_word' id='word_1_386' title='bbox 2698 2086 2933 2160; x_wconf 85' lang='lat' dir='ltr'><strong>Scythas</strong></span> <span class='ocrx_word' id='word_1_387' title='bbox 2955 2097 3010 2142; x_wconf 91' lang='lat' dir='ltr'><strong>et</strong></span> <span class='ocrx_word' id='word_1_388' title='bbox 3041 2085 3275 2150; x_wconf 84' lang='lat' dir='ltr'><strong>Arabas,</strong></span> <span class='ocrx_word' id='word_1_389' title='bbox 3308 2086 3403 2156; x_wconf 88' lang='lat' dir='ltr'><strong>qui</strong></span> <span class='ocrx_word' id='word_1_390' title='bbox 3436 2085 3530 2141; x_wconf 91' lang='lat' dir='ltr'><strong>Dei</strong></span> 
     </span>
    </p>
   </div>
   <div class='ocr_carea' id='block_1_53' title="bbox 1951 2179 3532 2250">
    <p class='ocr_par' dir='ltr' id='par_1_53' title="bbox 1951 2179 3532 2250">
     <span class='ocr_line' id='line_1_53' title="bbox 1951 2179 3532 2250; baseline 0.001 -18"><span class='ocrx_word' id='word_1_391' title='bbox 1951 2179 2212 2249; x_wconf 89' lang='lat' dir='ltr'><strong>populum</strong></span> <span class='ocrx_word' id='word_1_392' title='bbox 2277 2181 2573 2249; x_wconf 84' lang='lat' dir='ltr'><strong>perimunt,</strong></span> <span class='ocrx_word' id='word_1_393' title='bbox 2606 2180 2748 2235; x_wconf 86' lang='lat' dir='ltr'><strong>bello</strong></span> <span class='ocrx_word' id='word_1_394' title='bbox 2796 2189 3003 2250; x_wconf 89' lang='lat' dir='ltr'><strong>petant,</strong></span> <span class='ocrx_word' id='word_1_395' title='bbox 3038 2195 3140 2235; x_wconf 90' lang='lat' dir='ltr'><strong>nec</strong></span> <span class='ocrx_word' id='word_1_396' title='bbox 3177 2179 3255 2234; x_wconf 90' lang='lat' dir='ltr'><strong>illi</strong></span> <span class='ocrx_word' id='word_1_397' title='bbox 3307 2189 3532 2250; x_wconf 87' lang='lat' dir='ltr'><strong>parcant</strong></span> 
     </span>
    </p>
   </div>
   <div class='ocr_carea' id='block_1_54' title="bbox 1948 2271 3531 2342">
    <p class='ocr_par' dir='ltr' id='par_1_54' title="bbox 1948 2271 3531 2342">
     <span class='ocr_line' id='line_1_54' title="bbox 1948 2271 3531 2342; baseline 0.001 -17"><span class='ocrx_word' id='word_1_398' title='bbox 1948 2271 2327 2342; x_wconf 84' lang='lat' dir='ltr'><strong>imperatores.</strong></span> <span class='ocrx_word' id='word_1_399' title='bbox 2376 2271 2482 2326; x_wconf 90' lang='lat' dir='ltr'><strong>Sed</strong></span> <span class='ocrx_word' id='word_1_400' title='bbox 2526 2284 2610 2328; x_wconf 90' lang='lat' dir='ltr'><strong>est</strong></span> <span class='ocrx_word' id='word_1_401' title='bbox 2657 2273 2797 2328; x_wconf 85' lang='lat' dir='ltr'><strong>istud</strong></span> <span class='ocrx_word' id='word_1_402' title='bbox 2845 2273 2913 2327; x_wconf 86' lang='lat' dir='ltr'><strong>ab</strong></span> <span class='ocrx_word' id='word_1_403' title='bbox 2946 2273 3041 2328; x_wconf 85' lang='lat' dir='ltr'><strong>illo</strong></span> <span class='ocrx_word' id='word_1_404' title='bbox 3073 2273 3386 2340; x_wconf 89' lang='lat' dir='ltr'><strong>diversum;</strong></span> <span class='ocrx_word' id='word_1_405' title='bbox 3425 2272 3531 2326; x_wconf 83' lang='lat' dir='ltr'><strong>hoc</strong></span> 
     </span>
    </p>
   </div>
   <div class='ocr_carea' id='block_1_55' title="bbox 1947 2362 3526 2431">
    <p class='ocr_par' dir='ltr' id='par_1_55' title="bbox 1947 2362 3526 2431">
     <span class='ocr_line' id='line_1_55' title="bbox 1947 2362 3526 2431; baseline 0 -13"><span class='ocrx_word' id='word_1_406' title='bbox 1947 2362 2090 2418; x_wconf 80' lang='lat' dir='ltr'><strong>enim</strong></span> <span class='ocrx_word' id='word_1_407' title='bbox 2124 2362 2389 2418; x_wconf 89' lang='lat' dir='ltr'><strong>adversus</strong></span> <span class='ocrx_word' id='word_1_408' title='bbox 2427 2364 2630 2431; x_wconf 90' lang='lat' dir='ltr'><strong>hostes,</strong></span> <span class='ocrx_word' id='word_1_409' title='bbox 2663 2364 2790 2419; x_wconf 90' lang='lat' dir='ltr'><strong>illud</strong></span> <span class='ocrx_word' id='word_1_410' title='bbox 2821 2375 3010 2420; x_wconf 85' lang='lat' dir='ltr'><strong>contra</strong></span> <span class='ocrx_word' id='word_1_411' title='bbox 3059 2363 3310 2419; x_wconf 85' lang='lat' dir='ltr'><strong>subditos</strong></span> <span class='ocrx_word' id='word_1_412' title='bbox 3350 2365 3526 2424; x_wconf 84' lang='lat' dir='ltr'><strong>haere-</strong></span> 
     </span>
    </p>
   </div>
   <div class='ocr_carea' id='block_1_56' title="bbox 1950 2452 3530 2525">
    <p class='ocr_par' dir='ltr' id='par_1_56' title="bbox 1950 2452 3530 2525">
     <span class='ocr_line' id='line_1_56' title="bbox 1950 2452 3530 2525; baseline 0.001 -17"><span class='ocrx_word' id='word_1_413' title='bbox 1950 2453 2108 2508; x_wconf 85' lang='lat' dir='ltr'><strong>ticos.</strong></span> <span class='ocrx_word' id='word_1_414' title='bbox 2143 2452 2347 2520; x_wconf 83' lang='lat' dir='ltr'><strong>Quare,</strong></span> <span class='ocrx_word' id='word_1_415' title='bbox 2380 2455 2524 2525; x_wconf 89' lang='lat' dir='ltr'><strong>quod</strong></span> <span class='ocrx_word' id='word_1_416' title='bbox 2549 2457 2616 2511; x_wconf 88' lang='lat' dir='ltr'><strong>de</strong></span> <span class='ocrx_word' id='word_1_417' title='bbox 2648 2455 2866 2512; x_wconf 87' lang='lat' dir='ltr'><strong>Joanne</strong></span> <span class='ocrx_word' id='word_1_418' title='bbox 2889 2455 3222 2525; x_wconf 87' lang='lat' dir='ltr'><strong>jejunatore,</strong></span> <span class='ocrx_word' id='word_1_419' title='bbox 3259 2455 3530 2511; x_wconf 88' lang='lat' dir='ltr'><strong>Constan-</strong></span> 
     </span>
    </p>
   </div>
   <div class='ocr_carea' id='block_1_57' title="bbox 1947 2545 3526 2620">
    <p class='ocr_par' dir='ltr' id='par_1_57' title="bbox 1947 2545 3526 2620">
     <span class='ocr_line' id='line_1_57' title="bbox 1947 2545 3526 2620; baseline 0.003 -20"><span class='ocrx_word' id='word_1_420' title='bbox 1947 2545 2315 2616; x_wconf 85' lang='lat' dir='ltr'><strong>tinopolitano</strong></span> <span class='ocrx_word' id='word_1_421' title='bbox 2370 2548 2614 2603; x_wconf 78' lang='lat' dir='ltr'><strong>antistite</strong></span> <span class='ocrx_word' id='word_1_422' title='bbox 2654 2549 2857 2613; x_wconf 84' lang='lat' dir='ltr'><strong>ierunt,</strong></span> <span class='ocrx_word' id='word_1_423' title='bbox 2898 2551 3192 2605; x_wconf 88' lang='lat' dir='ltr'><strong>mandasse</strong></span> <span class='ocrx_word' id='word_1_424' title='bbox 3218 2561 3281 2604; x_wconf 91' lang='lat' dir='ltr'><strong>ut</strong></span> <span class='ocrx_word' id='word_1_425' title='bbox 3305 2557 3526 2620; x_wconf 64' lang='lat' dir='ltr'><strong>prasti-</strong></span> 
     </span>
    </p>
   </div>
   <div class='ocr_carea' id='block_1_58' title="bbox 1948 2637 3530 2711">
    <p class='ocr_par' dir='ltr' id='par_1_58' title="bbox 1948 2637 3530 2711">
     <span class='ocr_line' id='line_1_58' title="bbox 1948 2637 3530 2711; baseline 0.003 -20"><span class='ocrx_word' id='word_1_426' title='bbox 1948 2637 2188 2706; x_wconf 86' lang='lat' dir='ltr'><strong>giatores</strong></span> <span class='ocrx_word' id='word_1_427' title='bbox 2219 2639 2272 2693; x_wconf 94' lang='lat' dir='ltr'><strong>in</strong></span> <span class='ocrx_word' id='word_1_428' title='bbox 2296 2654 2515 2696; x_wconf 90' lang='lat' dir='ltr'><strong>crucem</strong></span> <span class='ocrx_word' id='word_1_429' title='bbox 2551 2649 2864 2711; x_wconf 80' lang='lat' dir='ltr'><strong>agerentur,</strong></span> <span class='ocrx_word' id='word_1_430' title='bbox 2898 2642 3034 2696; x_wconf 90' lang='lat' dir='ltr'><strong>mihi</strong></span> <span class='ocrx_word' id='word_1_431' title='bbox 3073 2657 3261 2697; x_wconf 90' lang='lat' dir='ltr'><strong>verum</strong></span> <span class='ocrx_word' id='word_1_432' title='bbox 3311 2658 3423 2698; x_wconf 89' lang='lat' dir='ltr'><strong>non</strong></span> <span class='ocrx_word' id='word_1_433' title='bbox 3448 2642 3530 2696; x_wconf 87' lang='lat' dir='ltr'><strong>vi-</strong></span> 
     </span>
    </p>
   </div>
   <div class='ocr_carea' id='block_1_59' title="bbox 1946 2729 3530 2800">
    <p class='ocr_par' dir='ltr' id='par_1_59' title="bbox 1946 2729 3530 2800">
     <span class='ocr_line' id='line_1_59' title="bbox 1946 2729 3530 2800; baseline 0.004 -17"><span class='ocrx_word' id='word_1_434' title='bbox 1946 2729 2127 2794; x_wconf 90' lang='lat' dir='ltr'><strong>detur,</strong></span> <span class='ocrx_word' id='word_1_435' title='bbox 2156 2730 2248 2784; x_wconf 87' lang='lat' dir='ltr'><strong>sed</strong></span> <span class='ocrx_word' id='word_1_436' title='bbox 2275 2730 2613 2800; x_wconf 84' lang='lat' dir='ltr'><strong>permisisse.</strong></span> <span class='ocrx_word' id='word_1_437' title='bbox 2647 2729 2945 2788; x_wconf 54' lang='lat' dir='ltr'><strong>Homicida}</strong></span> <span class='ocrx_word' id='word_1_438' title='bbox 2991 2747 3231 2800; x_wconf 87' lang='lat' dir='ltr'><strong>namque</strong></span> <span class='ocrx_word' id='word_1_439' title='bbox 3285 2743 3412 2789; x_wconf 90' lang='lat' dir='ltr'><strong>sunt</strong></span> <span class='ocrx_word' id='word_1_440' title='bbox 3471 2741 3530 2789; x_wconf 88' lang='lat' dir='ltr'><strong>et</strong></span> 
     </span>
    </p>
   </div>
   <div class='ocr_carea' id='block_1_60' title="bbox 1947 2819 3526 2895">
    <p class='ocr_par' dir='ltr' id='par_1_60' title="bbox 1947 2819 3526 2895">
     <span class='ocr_line' id='line_1_60' title="bbox 1947 2819 3526 2895; baseline 0.006 -23"><span class='ocrx_word' id='word_1_441' title='bbox 1947 2819 2090 2889; x_wconf 86' lang='lat' dir='ltr'><strong>ipsi:</strong></span> <span class='ocrx_word' id='word_1_442' title='bbox 2120 2820 2187 2876; x_wconf 89' lang='lat' dir='ltr'><strong>de</strong></span> <span class='ocrx_word' id='word_1_443' title='bbox 2219 2822 2419 2892; x_wconf 90' lang='lat' dir='ltr'><strong>quibus</strong></span> <span class='ocrx_word' id='word_1_444' title='bbox 2467 2823 2758 2878; x_wconf 87' lang='lat' dir='ltr'><strong>vetandum</strong></span> <span class='ocrx_word' id='word_1_445' title='bbox 2813 2839 2923 2880; x_wconf 89' lang='lat' dir='ltr'><strong>non</strong></span> <span class='ocrx_word' id='word_1_446' title='bbox 2968 2832 3071 2891; x_wconf 89' lang='lat' dir='ltr'><strong>est,</strong></span> <span class='ocrx_word' id='word_1_447' title='bbox 3103 2827 3399 2895; x_wconf 88' lang='lat' dir='ltr'><strong>quominus</strong></span> <span class='ocrx_word' id='word_1_448' title='bbox 3432 2827 3526 2895; x_wconf 90' lang='lat' dir='ltr'><strong>qui</strong></span> 
     </span>
    </p>
   </div>
   <div class='ocr_carea' id='block_1_61' title="bbox 1948 2914 3524 2986">
    <p class='ocr_par' dir='ltr' id='par_1_61' title="bbox 1948 2914 3524 2986">
     <span class='ocr_line' id='line_1_61' title="bbox 1948 2914 3524 2986; baseline 0.005 -20"><span class='ocrx_word' id='word_1_449' title='bbox 1948 2927 2129 2967; x_wconf 90' lang='lat' dir='ltr'><strong>rerum</strong></span> <span class='ocrx_word' id='word_1_450' title='bbox 2183 2914 2486 2984; x_wconf 91' lang='lat' dir='ltr'><strong>potiuntur,</strong></span> <span class='ocrx_word' id='word_1_451' title='bbox 2521 2931 2588 2971; x_wconf 79' lang='lat' dir='ltr'><strong>ex</strong></span> <span class='ocrx_word' id='word_1_452' title='bbox 2645 2915 2855 2986; x_wconf 82' lang='lat' dir='ltr'><strong>legibus</strong></span> <span class='ocrx_word' id='word_1_453' title='bbox 2911 2915 3178 2973; x_wconf 82' lang='lat' dir='ltr'><strong>Romanis</strong></span> <span class='ocrx_word' id='word_1_454' title='bbox 3206 2918 3524 2974; x_wconf 89' lang='lat' dir='ltr'><strong>decernant.</strong></span> 
     </span>
    </p>
   </div>
   <div class='ocr_carea' id='block_1_62' title="bbox 1949 3002 3507 3080">
    <p class='ocr_par' dir='ltr' id='par_1_62' title="bbox 1949 3002 3507 3080">
     <span class='ocr_line' id='line_1_62' title="bbox 1949 3002 3507 3080; baseline 0.004 -22"><span class='ocrx_word' id='word_1_455' title='bbox 1949 3002 2074 3059; x_wconf 83' lang='lat' dir='ltr'><strong>Non</strong></span> <span class='ocrx_word' id='word_1_456' title='bbox 2125 3007 2263 3059; x_wconf 82' lang='lat' dir='ltr'><strong>enim</strong></span> <span class='ocrx_word' id='word_1_457' title='bbox 2311 3007 2424 3060; x_wconf 80' lang='lat' dir='ltr'><strong>sine</strong></span> <span class='ocrx_word' id='word_1_458' title='bbox 2475 3025 2658 3074; x_wconf 80' lang='lat' dir='ltr'><strong>causa,</strong></span> <span class='ocrx_word' id='word_1_459' title='bbox 2692 3009 2890 3080; x_wconf 87' lang='lat' dir='ltr'><strong>inquit,</strong></span> <span class='ocrx_word' id='word_1_460' title='bbox 2952 3009 3194 3078; x_wconf 82' lang='lat' dir='ltr'><strong>gladium</strong></span> <span class='ocrx_word' id='word_1_461' title='bbox 3249 3021 3507 3080; x_wconf 82' lang='lat' dir='ltr'><strong>portant;</strong></span> 
     </span>
    </p>
   </div>
   <div class='ocr_carea' id='block_1_63' title="bbox 1945 3095 3528 3172">
    <p class='ocr_par' dir='ltr' id='par_1_63' title="bbox 1945 3095 3528 3172">
     <span class='ocr_line' id='line_1_63' title="bbox 1945 3095 3528 3172; baseline 0.007 -23"><span class='ocrx_word' id='word_1_462' title='bbox 1945 3095 2174 3151; x_wconf 77' lang='lat' dir='ltr'><strong>vindices</strong></span> <span class='ocrx_word' id='word_1_463' title='bbox 2205 3107 2328 3150; x_wconf 82' lang='lat' dir='ltr'><strong>sunt</strong></span> <span class='ocrx_word' id='word_1_464' title='bbox 2359 3101 2406 3152; x_wconf 86' lang='lat' dir='ltr'><strong>ei</strong></span> <span class='ocrx_word' id='word_1_465' title='bbox 2426 3101 2517 3170; x_wconf 85' lang='lat' dir='ltr'><strong>qui</strong></span> <span class='ocrx_word' id='word_1_466' title='bbox 2553 3101 2758 3154; x_wconf 78' lang='lat' dir='ltr'><strong>malum</strong></span> <span class='ocrx_word' id='word_1_467' title='bbox 2784 3102 2891 3172; x_wconf 85' lang='lat' dir='ltr'><strong>agit</strong></span> <span class='ocrx_word' id='word_1_468' title='bbox 2919 3102 3023 3169; x_wconf 85' lang='grc'><strong>⁶·⁷;</strong></span> <span class='ocrx_word' id='word_1_469' title='bbox 3064 3103 3159 3158; x_wconf 87' lang='lat' dir='ltr'><strong>sed</strong></span> <span class='ocrx_word' id='word_1_470' title='bbox 3184 3118 3290 3158; x_wconf 89' lang='lat' dir='ltr'><strong>non</strong></span> <span class='ocrx_word' id='word_1_471' title='bbox 3329 3105 3382 3158; x_wconf 92' lang='lat' dir='ltr'><strong>in</strong></span> <span class='ocrx_word' id='word_1_472' title='bbox 3430 3119 3528 3160; x_wconf 83' lang='lat' dir='ltr'><strong>eos</strong></span> 
     </span>
    </p>
   </div>
   <div class='ocr_carea' id='block_1_64' title="bbox 1947 3185 3524 3264">
    <p class='ocr_par' dir='ltr' id='par_1_64' title="bbox 1947 3185 3524 3264">
     <span class='ocr_line' id='line_1_64' title="bbox 1947 3185 3524 3264; baseline 0.005 -24"><span class='ocrx_word' id='word_1_473' title='bbox 1947 3185 2015 3240; x_wconf 91' lang='lat' dir='ltr'><strong>de</strong></span> <span class='ocrx_word' id='word_1_474' title='bbox 2039 3187 2240 3256; x_wconf 91' lang='lat' dir='ltr'><strong>quibus</strong></span> <span class='ocrx_word' id='word_1_475' title='bbox 2270 3186 2537 3244; x_wconf 90' lang='lat' dir='ltr'><strong>Dominus</strong></span> <span class='ocrx_word' id='word_1_476' title='bbox 2591 3191 2890 3264; x_wconf 87' lang='lat' dir='ltr'><strong>prohibuit,</strong></span> <span class='ocrx_word' id='word_1_477' title='bbox 2922 3193 3238 3261; x_wconf 87' lang='lat' dir='ltr'><strong>permittere</strong></span> <span class='ocrx_word' id='word_1_478' title='bbox 3290 3202 3524 3262; x_wconf 87' lang='lat' dir='ltr'><strong>oportet.</strong></span> 
     </span>
    </p>
   </div>
   <div class='ocr_carea' id='block_1_65' title="bbox 268 3252 1845 3353">
    <p class='ocr_par' dir='ltr' id='par_1_65' title="bbox 268 3252 1845 3344">
     <span class='ocr_line' id='line_1_65' title="bbox 268 3252 1845 3344; baseline 0.013 -34"><span class='ocrx_word' id='word_1_479' title='bbox 268 3257 365 3322; x_wconf 79' lang='grc' dir='ltr'><strong>οὓς</strong></span> <span class='ocrx_word' id='word_1_480' title='bbox 393 3262 423 3312; x_wconf 84' lang='grc' dir='ltr'>ὁ</span> <span class='ocrx_word' id='word_1_481' title='bbox 451 3259 654 3332; x_wconf 79' lang='grc' dir='ltr'>Κύριος</span> <span class='ocrx_word' id='word_1_482' title='bbox 686 3263 982 3334; x_wconf 77' lang='grc' dir='ltr'>ἐκώλυσεν,</span> <span class='ocrx_word' id='word_1_483' title='bbox 1029 3269 1346 3340; x_wconf 79' lang='grc' dir='ltr'>ἐπιτρέπειν</span> <span class='ocrx_word' id='word_1_484' title='bbox 1393 3273 1524 3343; x_wconf 83' lang='grc' dir='ltr'>χρή.</span> <span class='ocrx_word' id='word_1_485' title='bbox 1566 3252 1845 3344; x_wconf 80' lang='grc' dir='ltr'>Σωμάτων</span> 
     </span>
    </p>
   </div>
   <div class='ocr_carea' id='block_1_66' title="bbox 1947 3252 3527 3353">
    <p class='ocr_par' dir='ltr' id='par_1_66' title="bbox 1947 3273 3527 3353">
     <span class='ocr_line' id='line_1_66' title="bbox 1947 3273 3527 3353; baseline 0.006 -23"><span class='ocrx_word' id='word_1_486' title='bbox 1947 3273 2051 3341; x_wconf 87' lang='lat' dir='ltr'><strong>Qui</strong></span> <span class='ocrx_word' id='word_1_487' title='bbox 2079 3276 2226 3332; x_wconf 90' lang='lat' dir='ltr'><strong>enim</strong></span> <span class='ocrx_word' id='word_1_488' title='bbox 2259 3279 2581 3348; x_wconf 90' lang='lat' dir='ltr'><strong>corporibus</strong></span> <span class='ocrx_word' id='word_1_489' title='bbox 2607 3290 2870 3350; x_wconf 63' lang='lat' dir='ltr'><strong>praesunt,</strong></span> <span class='ocrx_word' id='word_1_490' title='bbox 2893 3281 2978 3337; x_wconf 91' lang='lat' dir='ltr'><strong>his</strong></span> <span class='ocrx_word' id='word_1_491' title='bbox 3017 3283 3141 3338; x_wconf 90' lang='lat' dir='ltr'><strong>licet</strong></span> <span class='ocrx_word' id='word_1_492' title='bbox 3172 3283 3407 3353; x_wconf 82' lang='lat' dir='ltr'><strong>plectere</strong></span> <span class='ocrx_word' id='word_1_493' title='bbox 3432 3299 3527 3339; x_wconf 83' lang='lat' dir='ltr'><strong>eos</strong></span> 
     </span>
    </p>
   </div>
   <div class='ocr_carea' id='block_1_67' title="bbox 269 3350 1845 3435">
    <p class='ocr_par' dir='ltr' id='par_1_67' title="bbox 269 3350 1845 3435">
     <span class='ocr_line' id='line_1_67' title="bbox 269 3350 1845 3435; baseline 0.013 -32"><span class='ocrx_word' id='word_1_494' title='bbox 269 3350 380 3419; x_wconf 82' lang='grc' dir='ltr'><strong>γὰρ</strong></span> <span class='ocrx_word' id='word_1_495' title='bbox 409 3352 689 3424; x_wconf 79' lang='grc' dir='ltr'>ἄρχοντες,</span> <span class='ocrx_word' id='word_1_496' title='bbox 725 3357 851 3420; x_wconf 82' lang='grc' dir='ltr'>τοὺς</span> <span class='ocrx_word' id='word_1_497' title='bbox 882 3360 940 3412; x_wconf 78' lang='grc' dir='ltr'>ἐν</span> <span class='ocrx_word' id='word_1_498' title='bbox 969 3364 1084 3424; x_wconf 86' lang='grc' dir='ltr'>τοῖς</span> <span class='ocrx_word' id='word_1_499' title='bbox 1112 3367 1446 3432; x_wconf 86' lang='grc' dir='ltr'>σωματικοῖς</span> <span class='ocrx_word' id='word_1_500' title='bbox 1469 3365 1698 3431; x_wconf 80' lang='grc' dir='ltr'>ἁλόντας</span> <span class='ocrx_word' id='word_1_501' title='bbox 1724 3368 1845 3435; x_wconf 72' lang='grc' dir='ltr'>ἐξὸν</span> 
     </span>
    </p>
   </div>
   <div class='ocr_carea' id='block_1_68' title="bbox 269 3443 1845 3530">
    <p class='ocr_par' dir='ltr' id='par_1_68' title="bbox 269 3443 1845 3530">
     <span class='ocr_line' id='line_1_68' title="bbox 269 3443 1845 3530; baseline 0.013 -34"><span class='ocrx_word' id='word_1_502' title='bbox 269 3443 456 3507; x_wconf 81' lang='grc' dir='ltr'>αὐτοῖς</span> <span class='ocrx_word' id='word_1_503' title='bbox 479 3445 734 3511; x_wconf 81' lang='grc' dir='ltr'>κολάζειν</span> <span class='ocrx_word' id='word_1_504' title='bbox 755 3465 769 3480; x_wconf 76' lang='grc' dir='ltr'><strong><em>ο</em></strong></span> <span class='ocrx_word' id='word_1_505' title='bbox 802 3448 925 3520; x_wconf 81' lang='grc' dir='ltr'>οὐχὶ</span> <span class='ocrx_word' id='word_1_506' title='bbox 951 3452 1078 3516; x_wconf 83' lang='grc' dir='ltr'>τοὺς</span> <span class='ocrx_word' id='word_1_507' title='bbox 1097 3455 1154 3505; x_wconf 77' lang='grc' dir='ltr'>ἐν</span> <span class='ocrx_word' id='word_1_508' title='bbox 1177 3455 1291 3519; x_wconf 81' lang='grc' dir='ltr'>τοῖς</span> <span class='ocrx_word' id='word_1_509' title='bbox 1323 3457 1464 3511; x_wconf 85' lang='grc' dir='ltr'>κατὰ</span> <span class='ocrx_word' id='word_1_510' title='bbox 1487 3459 1667 3530; x_wconf 78' lang='grc' dir='ltr'>ψυχήν</span> <span class='ocrx_word' id='word_1_511' title='bbox 1690 3477 1705 3492; x_wconf 75' lang='grc'><strong><em>⁸</em></strong></span> <span class='ocrx_word' id='word_1_512' title='bbox 1735 3461 1845 3516; x_wconf 85' lang='grc' dir='ltr'><strong>τῶν</strong></span> 
     </span>
    </p>
   </div>
   <div class='ocr_carea' id='block_1_69' title="bbox 269 3534 1846 3621">
    <p class='ocr_par' dir='ltr' id='par_1_69' title="bbox 269 3534 1846 3621">
     <span class='ocr_line' id='line_1_69' title="bbox 269 3534 1846 3621; baseline 0.012 -35"><span class='ocrx_word' id='word_1_513' title='bbox 269 3534 381 3606; x_wconf 83' lang='grc' dir='ltr'>γὰρ</span> <span class='ocrx_word' id='word_1_514' title='bbox 403 3534 589 3606; x_wconf 78' lang='grc' dir='ltr'>ψυχῶν</span> <span class='ocrx_word' id='word_1_515' title='bbox 611 3537 894 3608; x_wconf 84' lang='grc' dir='ltr'>ἀρχόντων</span> <span class='ocrx_word' id='word_1_516' title='bbox 924 3541 1085 3594; x_wconf 88' lang='grc' dir='ltr'>τοῦτο</span> <span class='ocrx_word' id='word_1_517' title='bbox 1115 3559 1128 3572; x_wconf 90' lang='grc'><strong>·</strong></span> <span class='ocrx_word' id='word_1_518' title='bbox 1153 3536 1229 3597; x_wconf 82' lang='grc' dir='ltr'>ὧν</span> <span class='ocrx_word' id='word_1_519' title='bbox 1257 3546 1326 3598; x_wconf 79' lang='grc' dir='ltr'>τὰ</span> <span class='ocrx_word' id='word_1_520' title='bbox 1353 3546 1710 3621; x_wconf 83' lang='grc' dir='ltr'>κολαστήρια,</span> <span class='ocrx_word' id='word_1_521' title='bbox 1740 3553 1846 3621; x_wconf 86' lang='grc' dir='ltr'><strong>ἁφ-</strong></span> 
     </span>
    </p>
   </div>
   <div class='ocr_carea' id='block_1_70' title="bbox 268 3629 1261 3706">
    <p class='ocr_par' dir='ltr' id='par_1_70' title="bbox 268 3629 1261 3706">
     <span class='ocr_line' id='line_1_70' title="bbox 268 3629 1261 3706; baseline 0.012 -27"><span class='ocrx_word' id='word_1_522' title='bbox 268 3629 515 3698; x_wconf 69' lang='grc' dir='ltr'>σρισμοὶ,</span> <span class='ocrx_word' id='word_1_523' title='bbox 551 3631 644 3682; x_wconf 80' lang='grc' dir='ltr'><strong>καὶ</strong></span> <span class='ocrx_word' id='word_1_524' title='bbox 677 3632 734 3682; x_wconf 87' lang='grc' dir='ltr'><strong>αί</strong></span> <span class='ocrx_word' id='word_1_525' title='bbox 762 3630 946 3684; x_wconf 77' lang='grc' dir='ltr'>λοιπαὶ</span> <span class='ocrx_word' id='word_1_526' title='bbox 965 3633 1261 3706; x_wconf 79' lang='grc' dir='ltr'>ἐπιτιμίαι.</span> 
     </span>
    </p>
   </div>
   <div class='ocr_carea' id='block_1_71' title="bbox 341 3711 1844 3806">
    <p class='ocr_par' dir='ltr' id='par_1_71' title="bbox 341 3711 1844 3806">
     <span class='ocr_line' id='line_1_71' title="bbox 341 3711 1844 3806; baseline 0.011 -35"><span class='ocrx_word' id='word_1_527' title='bbox 341 3717 533 3783; x_wconf 79' lang='grc' dir='ltr'>Οὕτως</span> <span class='ocrx_word' id='word_1_528' title='bbox 575 3711 692 3786; x_wconf 77' lang='grc' dir='ltr'>οὖν,</span> <span class='ocrx_word' id='word_1_529' title='bbox 728 3718 774 3778; x_wconf 83' lang='grc' dir='ltr'><strong>ὧ</strong></span> <span class='ocrx_word' id='word_1_530' title='bbox 801 3723 1056 3790; x_wconf 81' lang='grc' dir='ltr'>δέσποτα,</span> <span class='ocrx_word' id='word_1_531' title='bbox 1085 3728 1247 3799; x_wconf 77' lang='grc' dir='ltr'>ἡμεῖς</span> <span class='ocrx_word' id='word_1_532' title='bbox 1269 3729 1318 3782; x_wconf 83' lang='grc' dir='ltr'><strong>οί</strong></span> <span class='ocrx_word' id='word_1_533' title='bbox 1344 3729 1583 3793; x_wconf 78' lang='grc' dir='ltr'>εὐτελεῖς</span> <span class='ocrx_word' id='word_1_534' title='bbox 1615 3735 1844 3806; x_wconf 83' lang='grc' dir='ltr'>φρονοῦ-</span> 
     </span>
    </p>
   </div>
   <div class='ocr_carea' id='block_1_72' title="bbox 269 3809 1842 3893">
    <p class='ocr_par' dir='ltr' id='par_1_72' title="bbox 269 3809 1842 3893">
     <span class='ocr_line' id='line_1_72' title="bbox 269 3809 1842 3893; baseline 0.025 -36"><span class='ocrx_word' id='word_1_535' title='bbox 269 3825 404 3878; x_wconf 74' lang='grc' dir='ltr'>μεν·</span> <span class='ocrx_word' id='word_1_536' title='bbox 437 3809 532 3864; x_wconf 85' lang='grc' dir='ltr'>καί</span> <span class='ocrx_word' id='word_1_537' title='bbox 557 3827 642 3879; x_wconf 82' lang='grc' dir='ltr'><strong>γε,</strong></span> <span class='ocrx_word' id='word_1_538' title='bbox 671 3813 756 3866; x_wconf 78' lang='grc' dir='ltr'><strong>ἵνα</strong></span> <span class='ocrx_word' id='word_1_539' title='bbox 799 3815 860 3866; x_wconf 80' lang='grc' dir='ltr'>ὲν</span> <span class='ocrx_word' id='word_1_540' title='bbox 887 3815 1169 3886; x_wconf 79' lang='grc' dir='ltr'>ἀφροσύνῃ</span> <span class='ocrx_word' id='word_1_541' title='bbox 1195 3817 1466 3888; x_wconf 75' lang='grc' dir='ltr'>εἴποιμεν,</span> <span class='ocrx_word' id='word_1_542' title='bbox 1502 3819 1599 3873; x_wconf 67' lang='grc' dir='ltr'>καὶ</span> <span class='ocrx_word' id='word_1_543' title='bbox 1622 3823 1842 3893; x_wconf 71' lang='grc' dir='ltr'>παρρη-</span> 
     </span>
    </p>
   </div>
   <div class='ocr_carea' id='block_1_73' title="bbox 268 3899 1843 3982">
    <p class='ocr_par' dir='ltr' id='par_1_73' title="bbox 268 3899 1843 3982">
     <span class='ocr_line' id='line_1_73' title="bbox 268 3899 1843 3982; baseline 0.008 -30"><span class='ocrx_word' id='word_1_544' title='bbox 268 3899 362 3972; x_wconf 81' lang='grc' dir='ltr'><strong>σίᾳ</strong></span> <span class='ocrx_word' id='word_1_545' title='bbox 394 3899 774 3975; x_wconf 80' lang='grc' dir='ltr'>λελαλήκαμεν</span> <span class='ocrx_word' id='word_1_546' title='bbox 800 3904 878 3974; x_wconf 82' lang='grc' dir='ltr'>τῷ</span> <span class='ocrx_word' id='word_1_547' title='bbox 899 3906 999 3976; x_wconf 82' lang='grc' dir='ltr'>μὲν</span> <span class='ocrx_word' id='word_1_548' title='bbox 1031 3909 1439 3978; x_wconf 84' lang='grc' dir='ltr'>μακαριωτάτῳ</span> <span class='ocrx_word' id='word_1_549' title='bbox 1465 3907 1624 3981; x_wconf 73' lang='grc' dir='ltr'>ἡμῶν</span> <span class='ocrx_word' id='word_1_550' title='bbox 1647 3929 1843 3982; x_wconf 88' lang='grc' dir='ltr'>πατρι-</span> 
     </span>
    </p>
   </div>
   <div class='ocr_carea' id='block_1_74' title="bbox 265 3993 1842 4070">
    <p class='ocr_par' dir='ltr' id='par_1_74' title="bbox 265 3993 1842 4070">
     <span class='ocr_line' id='line_1_74' title="bbox 265 3993 1842 4070; baseline 0.007 -23"><span class='ocrx_word' id='word_1_551' title='bbox 265 3993 414 4064; x_wconf 79' lang='grc' dir='ltr'><strong>άρχῃ</strong></span> <span class='ocrx_word' id='word_1_552' title='bbox 441 4034 457 4057; x_wconf 94' lang='grc'><strong>,</strong></span> <span class='ocrx_word' id='word_1_553' title='bbox 505 3995 587 4048; x_wconf 84' lang='grc' dir='ltr'>ὅτι</span> <span class='ocrx_word' id='word_1_554' title='bbox 638 3997 881 4068; x_wconf 72' lang='grc' dir='ltr'>μαχαίρᾳ</span> <span class='ocrx_word' id='word_1_555' title='bbox 912 3999 946 4069; x_wconf 75' lang='grc' dir='ltr'>ἡ</span> <span class='ocrx_word' id='word_1_556' title='bbox 987 3999 1286 4070; x_wconf 78' lang='grc' dir='ltr'>Ἐκκλησία</span> <span class='ocrx_word' id='word_1_557' title='bbox 1315 4002 1418 4055; x_wconf 81' lang='grc' dir='ltr'>οὐκ</span> <span class='ocrx_word' id='word_1_558' title='bbox 1465 4003 1708 4067; x_wconf 78' lang='grc' dir='ltr'>ἐκδικεῖ,</span> <span class='ocrx_word' id='word_1_559' title='bbox 1747 4005 1842 4058; x_wconf 75' lang='grc' dir='ltr'><strong>καὶ</strong></span> 
     </span>
    </p>
   </div>
   <div class='ocr_carea' id='block_1_75' title="bbox 265 4087 1836 4165">
    <p class='ocr_par' dir='ltr' id='par_1_75' title="bbox 265 4087 1836 4165">
     <span class='ocr_line' id='line_1_75' title="bbox 265 4087 1836 4165; baseline 0.01 -30"><span class='ocrx_word' id='word_1_560' title='bbox 265 4087 595 4138; x_wconf 79' lang='grc' dir='ltr'>κατένευσε’</span> <span class='ocrx_word' id='word_1_561' title='bbox 629 4091 742 4152; x_wconf 85' lang='grc' dir='ltr'>τοῖς</span> <span class='ocrx_word' id='word_1_562' title='bbox 776 4088 833 4141; x_wconf 85' lang='grc' dir='ltr'>δὲ</span> <span class='ocrx_word' id='word_1_563' title='bbox 859 4088 959 4160; x_wconf 83' lang='grc' dir='ltr'>τὴν</span> <span class='ocrx_word' id='word_1_564' title='bbox 991 4091 1207 4160; x_wconf 81' lang='grc' dir='ltr'>σφαγὴν</span> <span class='ocrx_word' id='word_1_565' title='bbox 1231 4091 1466 4163; x_wconf 83' lang='grc' dir='ltr'>δράσασι</span> <span class='ocrx_word' id='word_1_566' title='bbox 1511 4093 1800 4165; x_wconf 85' lang='grc' dir='ltr'>βασιλεῦσι</span> <span class='ocrx_word' id='word_1_567' title='bbox 1819 4113 1836 4128; x_wconf 84' lang='lat'><strong><em>°</em></strong></span> 
     </span>
    </p>
   </div>
   <div class='ocr_carea' id='block_1_76' title="bbox 261 4175 1838 4259">
    <p class='ocr_par' dir='ltr' id='par_1_76' title="bbox 261 4175 1838 4259">
     <span class='ocr_line' id='line_1_76' title="bbox 261 4175 1838 4259; baseline 0.008 -31"><span class='ocrx_word' id='word_1_568' title='bbox 261 4175 343 4244; x_wconf 82' lang='grc' dir='ltr'>τῷ</span> <span class='ocrx_word' id='word_1_569' title='bbox 374 4177 473 4245; x_wconf 80' lang='grc' dir='ltr'>μὲν</span> <span class='ocrx_word' id='word_1_570' title='bbox 503 4177 724 4249; x_wconf 86' lang='grc' dir='ltr'>πρώτῳ,</span> <span class='ocrx_word' id='word_1_571' title='bbox 753 4179 842 4232; x_wconf 85' lang='grc' dir='ltr'>ὅτι</span> <span class='ocrx_word' id='word_1_572' title='bbox 869 4181 984 4234; x_wconf 82' lang='grc' dir='ltr'><strong>Οὐκ</strong></span> <span class='ocrx_word' id='word_1_573' title='bbox 1008 4181 1215 4254; x_wconf 79' lang='grc' dir='ltr'>ἠρέσθη</span> <span class='ocrx_word' id='word_1_574' title='bbox 1249 4183 1379 4249; x_wconf 81' lang='grc' dir='ltr'>Θεὸς</span> <span class='ocrx_word' id='word_1_575' title='bbox 1401 4188 1494 4240; x_wconf 72' lang='grc' dir='ltr'><strong>ἐπὶ</strong></span> <span class='ocrx_word' id='word_1_576' title='bbox 1521 4191 1585 4258; x_wconf 78' lang='grc' dir='ltr'>τῇ</span> <span class='ocrx_word' id='word_1_577' title='bbox 1615 4188 1838 4259; x_wconf 81' lang='grc' dir='ltr'>τοιαύτῃ</span> 
     </span>
    </p>
   </div>
   <div class='ocr_carea' id='block_1_77' title="bbox 259 4267 1836 4348">
    <p class='ocr_par' dir='ltr' id='par_1_77' title="bbox 259 4267 1836 4348">
     <span class='ocr_line' id='line_1_77' title="bbox 259 4267 1836 4348; baseline 0.009 -30"><span class='ocrx_word' id='word_1_578' title='bbox 259 4267 578 4335; x_wconf 80' lang='grc' dir='ltr'>ἀναιρέσει·</span> <span class='ocrx_word' id='word_1_579' title='bbox 625 4268 707 4339; x_wconf 82' lang='grc' dir='ltr'><strong>τῷ</strong></span> <span class='ocrx_word' id='word_1_580' title='bbox 747 4269 805 4322; x_wconf 81' lang='grc' dir='ltr'>δὲ</span> <span class='ocrx_word' id='word_1_581' title='bbox 839 4270 1078 4343; x_wconf 84' lang='grc' dir='ltr'>δευτέρῳ</span> <span class='ocrx_word' id='word_1_582' title='bbox 1111 4274 1430 4329; x_wconf 82' lang='grc' dir='ltr'>ἀπαιτοῦντι</span> <span class='ocrx_word' id='word_1_583' title='bbox 1467 4277 1566 4348; x_wconf 84' lang='grc' dir='ltr'>τὴν</span> <span class='ocrx_word' id='word_1_584' title='bbox 1602 4295 1836 4348; x_wconf 85' lang='grc' dir='ltr'>συνηγο-</span> 
     </span>
    </p>
   </div>
   <div class='ocr_carea' id='block_1_78' title="bbox 264 4357 1834 4441">
    <p class='ocr_par' dir='ltr' id='par_1_78' title="bbox 264 4357 1834 4441">
     <span class='ocr_line' id='line_1_78' title="bbox 264 4357 1834 4441; baseline 0.01 -32"><span class='ocrx_word' id='word_1_585' title='bbox 264 4357 386 4426; x_wconf 82' lang='grc' dir='ltr'>ρίαν</span> <span class='ocrx_word' id='word_1_586' title='bbox 431 4357 531 4428; x_wconf 85' lang='grc' dir='ltr'>τῆς</span> <span class='ocrx_word' id='word_1_587' title='bbox 571 4359 930 4432; x_wconf 80' lang='grc' dir='ltr'>ἀναιρέσεως,</span> <span class='ocrx_word' id='word_1_588' title='bbox 962 4364 1046 4416; x_wconf 86' lang='grc' dir='ltr'>ὃτι</span> <span class='ocrx_word' id='word_1_589' title='bbox 1079 4365 1354 4438; x_wconf 85' lang='grc' dir='ltr'>Πρότερον</span> <span class='ocrx_word' id='word_1_590' title='bbox 1394 4369 1426 4438; x_wconf 82' lang='grc' dir='ltr'>ἡ</span> <span class='ocrx_word' id='word_1_591' title='bbox 1475 4370 1685 4441; x_wconf 80' lang='grc' dir='ltr'>κεφαλή</span> <span class='ocrx_word' id='word_1_592' title='bbox 1729 4388 1834 4440; x_wconf 89' lang='grc' dir='ltr'><strong>μου</strong></span> 
     </span>
    </p>
   </div>
   <div class='ocr_carea' id='block_1_79' title="bbox 257 4449 1833 4534">
    <p class='ocr_par' dir='ltr' id='par_1_79' title="bbox 257 4449 1833 4534">
     <span class='ocr_line' id='line_1_79' title="bbox 257 4449 1833 4534; baseline 0.01 -33"><span class='ocrx_word' id='word_1_593' title='bbox 257 4449 498 4520; x_wconf 73' lang='grc' dir='ltr'>αἴρεται,</span> <span class='ocrx_word' id='word_1_594' title='bbox 527 4451 673 4523; x_wconf 80' lang='grc' dir='ltr'>ἢπερ</span> <span class='ocrx_word' id='word_1_595' title='bbox 708 4454 1002 4508; x_wconf 84' lang='grc' dir='ltr'>συνθέσθαι</span> <span class='ocrx_word' id='word_1_596' title='bbox 1046 4473 1115 4526; x_wconf 86' lang='grc' dir='ltr'><strong>με</strong></span> <span class='ocrx_word' id='word_1_597' title='bbox 1156 4459 1350 4529; x_wconf 82' lang='grc' dir='ltr'>τούτῳ.</span> <span class='ocrx_word' id='word_1_598' title='bbox 1385 4460 1572 4515; x_wconf 83' lang='grc' dir='ltr'>Ταῦτα</span> <span class='ocrx_word' id='word_1_599' title='bbox 1598 4462 1662 4531; x_wconf 82' lang='grc' dir='ltr'>δὴ</span> <span class='ocrx_word' id='word_1_600' title='bbox 1701 4464 1833 4534; x_wconf 86' lang='grc' dir='ltr'>παρ’</span> 
     </span>
    </p>
   </div>
   <div class='ocr_carea' id='block_1_80' title="bbox 255 4539 1828 4620">
    <p class='ocr_par' dir='ltr' id='par_1_80' title="bbox 255 4539 1828 4620">
     <span class='ocr_line' id='line_1_80' title="bbox 255 4539 1828 4620; baseline 0.013 -30"><span class='ocrx_word' id='word_1_601' title='bbox 255 4539 416 4609; x_wconf 76' lang='grc' dir='ltr'>ἡμῶν</span> <span class='ocrx_word' id='word_1_602' title='bbox 445 4542 556 4594; x_wconf 83' lang='grc' dir='ltr'>τῶν</span> <span class='ocrx_word' id='word_1_603' title='bbox 587 4544 952 4616; x_wconf 75' lang='grc' dir='ltr'>ἁμαρτωλῶν.</span> <span class='ocrx_word' id='word_1_604' title='bbox 969 4547 1156 4619; x_wconf 85' lang='grc' dir='ltr'>Ὑμεῖς</span> <span class='ocrx_word' id='word_1_605' title='bbox 1182 4549 1259 4614; x_wconf 83' lang='grc' dir='ltr'>δὲ,</span> <span class='ocrx_word' id='word_1_606' title='bbox 1294 4551 1612 4620; x_wconf 83' lang='grc' dir='ltr'>ἁγιώτατοι,</span> <span class='ocrx_word' id='word_1_607' title='bbox 1635 4556 1684 4608; x_wconf 84' lang='grc' dir='ltr'>εἰ</span> <span class='ocrx_word' id='word_1_608' title='bbox 1709 4556 1828 4610; x_wconf 75' lang='grc' dir='ltr'>ἓτε-</span> 
     </span>
    </p>
   </div>
   <div class='ocr_carea' id='block_1_81' title="bbox 256 4633 1827 4717">
    <p class='ocr_par' dir='ltr' id='par_1_81' title="bbox 256 4633 1827 4717">
     <span class='ocr_line' id='line_1_81' title="bbox 256 4633 1827 4717; baseline 0.013 -35"><span class='ocrx_word' id='word_1_609' title='bbox 256 4647 352 4701; x_wconf 92' lang='grc' dir='ltr'><strong>ρον</strong></span> <span class='ocrx_word' id='word_1_610' title='bbox 383 4633 716 4702; x_wconf 82' lang='grc' dir='ltr'>Εὑαγγέλιον</span> <span class='ocrx_word' id='word_1_611' title='bbox 748 4638 1047 4707; x_wconf 81' lang='grc' dir='ltr'>ἀνέγνωτε,</span> <span class='ocrx_word' id='word_1_612' title='bbox 1082 4642 1220 4714; x_wconf 85' lang='grc' dir='ltr'>ὅπερ</span> <span class='ocrx_word' id='word_1_613' title='bbox 1249 4644 1409 4714; x_wconf 82' lang='grc' dir='ltr'>ἡμεῖς</span> <span class='ocrx_word' id='word_1_614' title='bbox 1437 4645 1538 4699; x_wconf 86' lang='grc' dir='ltr'><strong>οὐκ</strong></span> <span class='ocrx_word' id='word_1_615' title='bbox 1570 4647 1747 4717; x_wconf 75' lang='grc' dir='ltr'>ἴσμεν,</span> <span class='ocrx_word' id='word_1_616' title='bbox 1768 4643 1827 4704; x_wconf 85' lang='grc' dir='ltr'>εὖ</span> 
     </span>
    </p>
   </div>
   <div class='ocr_carea' id='block_1_82' title="bbox 253 4722 1830 4801">
    <p class='ocr_par' dir='ltr' id='par_1_82' title="bbox 253 4722 1830 4801">
     <span class='ocr_line' id='line_1_82' title="bbox 253 4722 1830 4801; baseline 0.01 -26"><span class='ocrx_word' id='word_1_617' title='bbox 253 4722 324 4776; x_wconf 82' lang='grc' dir='ltr'>ἂν</span> <span class='ocrx_word' id='word_1_618' title='bbox 356 4722 469 4794; x_wconf 70' lang='grc' dir='ltr'>ἔχοι</span> <span class='ocrx_word' id='word_1_619' title='bbox 491 4740 506 4754; x_wconf 88' lang='grc'><strong>·</strong></span> <span class='ocrx_word' id='word_1_620' title='bbox 537 4727 586 4778; x_wconf 87' lang='grc' dir='ltr'>εἰ</span> <span class='ocrx_word' id='word_1_621' title='bbox 616 4726 675 4779; x_wconf 85' lang='grc' dir='ltr'>δὲ</span> <span class='ocrx_word' id='word_1_622' title='bbox 712 4725 809 4798; x_wconf 73' lang='grc' dir='ltr'>μὴ,</span> <span class='ocrx_word' id='word_1_623' title='bbox 844 4731 1158 4801; x_wconf 85' lang='grc' dir='ltr'>σκοπήσατε</span> <span class='ocrx_word' id='word_1_624' title='bbox 1192 4731 1244 4785; x_wconf 85' lang='grc' dir='ltr'><strong>τί</strong></span> <span class='ocrx_word' id='word_1_625' title='bbox 1275 4733 1304 4785; x_wconf 83' lang='grc' dir='ltr'><strong>ὁ</strong></span> <span class='ocrx_word' id='word_1_626' title='bbox 1343 4732 1665 4800; x_wconf 83' lang='grc' dir='ltr'>’Δπόστολος</span> <span class='ocrx_word' id='word_1_627' title='bbox 1693 4737 1830 4790; x_wconf 85' lang='grc' dir='ltr'>ἀπο-</span> 
     </span>
    </p>
   </div>
   <div class='ocr_carea' id='block_1_83' title="bbox 252 4814 526 4884">
    <p class='ocr_par' dir='ltr' id='par_1_83' title="bbox 252 4814 526 4884">
     <span class='ocr_line' id='line_1_83' title="bbox 252 4814 526 4884; baseline 0.011 -17"><span class='ocrx_word' id='word_1_628' title='bbox 252 4814 526 4884; x_wconf 84' lang='grc' dir='ltr'>φαίνοιτο.</span> 
     </span>
    </p>
   </div>
   <div class='ocr_carea' id='block_1_84' title="bbox 250 4930 1826 5062">
    <p class='ocr_par' dir='ltr' id='par_1_84' title="bbox 250 4930 1826 5062">
     <span class='ocr_line' id='line_1_84' title="bbox 250 4930 1826 5062; baseline 0.01 -79"><span class='ocrx_word' id='word_1_629' title='bbox 250 4930 421 4999; x_wconf 68' lang='lat' dir='ltr'><strong>PNQ&quot;</strong></span> <span class='ocrx_word' id='word_1_630' title='bbox 454 4932 588 5001; x_wconf 77' lang='grc'><strong>(48).</strong></span> <span class='ocrx_word' id='word_1_631' title='bbox 617 4963 689 4973; x_wconf 88' lang='grc'><strong>--</strong></span> <span class='ocrx_word' id='word_1_632' title='bbox 720 4935 797 5002; x_wconf 81' lang='grc' dir='ltr'><strong>Τῇ</strong></span> <span class='ocrx_word' id='word_1_633' title='bbox 829 4933 1091 5062; x_wconf 75' lang='grc' dir='ltr'>περὶότὸν</span> <span class='ocrx_word' id='word_1_634' title='bbox 1122 4939 1444 5008; x_wconf 80' lang='grc' dir='ltr'>Πατρίκιον</span> <span class='ocrx_word' id='word_1_635' title='bbox 1477 4942 1612 4996; x_wconf 74' lang='grc' dir='ltr'><strong>υἱὸν</strong></span> <span class='ocrx_word' id='word_1_636' title='bbox 1649 4943 1826 4999; x_wconf 74' lang='grc' dir='ltr'>ἀδελ-</span> 
     </span>
     <span class='ocr_line' id='line_1_85' title="bbox 919 5023 1146 5062; baseline 0 0"><span class='ocrx_word' id='word_1_637' title='bbox 919 5027 960 5062; x_wconf 74' lang='grc' dir='ltr'><em>ω</em></span> <span class='ocrx_word' id='word_1_638' title='bbox 999 5023 1146 5062; x_wconf 80' lang='grc' dir='ltr'>τητι.</span> 
     </span>
    </p>
   </div>
   <div class='ocr_carea' id='block_1_85' title="bbox 916 5023 1146 5076">
    <p class='ocr_par' dir='ltr' id='par_1_85' title="bbox 916 5023 1146 5076">
     <span class='ocr_line' id='line_1_86' title="bbox 916 5023 1146 5076; baseline 0 -14"><span class='ocrx_word' id='word_1_639' title='bbox 916 5023 1146 5076; x_wconf 73' lang='grc' dir='ltr'>φοτητι.</span> 
     </span>
    </p>
   </div>
   <div class='ocr_carea' id='block_1_86' title="bbox 1943 3369 3525 3440">
    <p class='ocr_par' dir='ltr' id='par_1_86' title="bbox 1943 3369 3525 3440">
     <span class='ocr_line' id='line_1_87' title="bbox 1943 3369 3525 3440; baseline 0.006 -19"><span class='ocrx_word' id='word_1_640' title='bbox 1943 3369 2041 3438; x_wconf 91' lang='lat' dir='ltr'><strong>qui</strong></span> <span class='ocrx_word' id='word_1_641' title='bbox 2091 3369 2147 3423; x_wconf 91' lang='lat' dir='ltr'><strong>in</strong></span> <span class='ocrx_word' id='word_1_642' title='bbox 2195 3372 2572 3440; x_wconf 87' lang='lat' dir='ltr'><strong>corporalibus</strong></span> <span class='ocrx_word' id='word_1_643' title='bbox 2622 3374 2856 3429; x_wconf 84' lang='lat' dir='ltr'><strong>convicti</strong></span> <span class='ocrx_word' id='word_1_644' title='bbox 2901 3373 3150 3430; x_wconf 81' lang='lat' dir='ltr'><strong>fuerint:</strong></span> <span class='ocrx_word' id='word_1_645' title='bbox 3185 3391 3290 3431; x_wconf 93' lang='lat' dir='ltr'><strong>non</strong></span> <span class='ocrx_word' id='word_1_646' title='bbox 3343 3383 3525 3432; x_wconf 80' lang='lat' dir='ltr'><strong>autem</strong></span> 
     </span>
    </p>
   </div>
   <div class='ocr_carea' id='block_1_87' title="bbox 1943 3461 3523 3540">
    <p class='ocr_par' dir='ltr' id='par_1_87' title="bbox 1943 3461 3523 3540">
     <span class='ocr_line' id='line_1_88' title="bbox 1943 3461 3523 3540; baseline 0.006 -25"><span class='ocrx_word' id='word_1_647' title='bbox 1943 3474 2040 3517; x_wconf 89' lang='lat' dir='ltr'><strong>eos</strong></span> <span class='ocrx_word' id='word_1_648' title='bbox 2063 3461 2156 3530; x_wconf 88' lang='lat' dir='ltr'><strong>qui</strong></span> <span class='ocrx_word' id='word_1_649' title='bbox 2187 3462 2243 3517; x_wconf 90' lang='lat' dir='ltr'><strong>in</strong></span> <span class='ocrx_word' id='word_1_650' title='bbox 2267 3463 2647 3534; x_wconf 88' lang='lat' dir='ltr'><strong>spiritualibus</strong></span> <span class='ocrx_word' id='word_1_651' title='bbox 2675 3483 2690 3533; x_wconf 88' lang='lat'><strong>;</strong></span> <span class='ocrx_word' id='word_1_652' title='bbox 2730 3465 2835 3522; x_wconf 88' lang='lat' dir='ltr'><strong>hoc</strong></span> <span class='ocrx_word' id='word_1_653' title='bbox 2894 3467 3040 3521; x_wconf 85' lang='lat' dir='ltr'><strong>enim</strong></span> <span class='ocrx_word' id='word_1_654' title='bbox 3095 3483 3288 3522; x_wconf 91' lang='lat' dir='ltr'><strong>eorum</strong></span> <span class='ocrx_word' id='word_1_655' title='bbox 3315 3480 3400 3524; x_wconf 88' lang='lat' dir='ltr'><strong>est</strong></span> <span class='ocrx_word' id='word_1_656' title='bbox 3429 3470 3523 3540; x_wconf 93' lang='lat' dir='ltr'><strong>qui</strong></span> 
     </span>
    </p>
   </div>
   <div class='ocr_carea' id='block_1_88' title="bbox 1942 3553 3516 3628">
    <p class='ocr_par' dir='ltr' id='par_1_88' title="bbox 1942 3553 3516 3628">
     <span class='ocr_line' id='line_1_89' title="bbox 1942 3553 3516 3628; baseline 0.008 -20"><span class='ocrx_word' id='word_1_657' title='bbox 1942 3553 2154 3610; x_wconf 82' lang='lat' dir='ltr'><strong>animas</strong></span> <span class='ocrx_word' id='word_1_658' title='bbox 2181 3566 2376 3627; x_wconf 87' lang='lat' dir='ltr'><strong>regunt</strong></span> <span class='ocrx_word' id='word_1_659' title='bbox 2404 3574 2420 3625; x_wconf 91' lang='lat'><strong>;</strong></span> <span class='ocrx_word' id='word_1_660' title='bbox 2463 3573 2699 3628; x_wconf 90' lang='lat' dir='ltr'><strong>quorum</strong></span> <span class='ocrx_word' id='word_1_661' title='bbox 2725 3559 3228 3618; x_wconf 80' lang='lat' dir='ltr'><strong>animadversiones</strong></span> <span class='ocrx_word' id='word_1_662' title='bbox 3258 3575 3387 3618; x_wconf 84' lang='lat' dir='ltr'><strong>sunt</strong></span> <span class='ocrx_word' id='word_1_663' title='bbox 3414 3580 3516 3619; x_wconf 76' lang='lat' dir='ltr'><strong>ex-</strong></span> 
     </span>
    </p>
   </div>
   <div class='ocr_carea' id='block_1_89' title="bbox 1942 3647 3060 3722">
    <p class='ocr_par' dir='ltr' id='par_1_89' title="bbox 1942 3647 3060 3722">
     <span class='ocr_line' id='line_1_90' title="bbox 1942 3647 3060 3722; baseline 0.007 -23"><span class='ocrx_word' id='word_1_664' title='bbox 1942 3647 2488 3716; x_wconf 86' lang='lat' dir='ltr'><strong>communicationes,</strong></span> <span class='ocrx_word' id='word_1_665' title='bbox 2518 3658 2574 3706; x_wconf 85' lang='lat' dir='ltr'><strong>et</strong></span> <span class='ocrx_word' id='word_1_666' title='bbox 2601 3651 2826 3721; x_wconf 68' lang='lat' dir='ltr'><strong>reliquae</strong></span> <span class='ocrx_word' id='word_1_667' title='bbox 2865 3666 3060 3722; x_wconf 65' lang='lat' dir='ltr'><strong>patriae.</strong></span> 
     </span>
    </p>
   </div>
   <div class='ocr_carea' id='block_1_90' title="bbox 2014 3738 3530 3814">
    <p class='ocr_par' dir='ltr' id='par_1_90' title="bbox 2014 3738 3530 3814">
     <span class='ocr_line' id='line_1_91' title="bbox 2014 3738 3530 3814; baseline 0.003 -21"><span class='ocrx_word' id='word_1_668' title='bbox 2014 3738 2106 3794; x_wconf 88' lang='lat' dir='ltr'><strong>Sic</strong></span> <span class='ocrx_word' id='word_1_669' title='bbox 2133 3754 2288 3811; x_wconf 88' lang='lat' dir='ltr'><strong>ergo,</strong></span> <span class='ocrx_word' id='word_1_670' title='bbox 2312 3740 2552 3810; x_wconf 90' lang='lat' dir='ltr'><strong>domine,</strong></span> <span class='ocrx_word' id='word_1_671' title='bbox 2581 3759 2684 3799; x_wconf 89' lang='lat' dir='ltr'><strong>nos</strong></span> <span class='ocrx_word' id='word_1_672' title='bbox 2725 3745 2960 3800; x_wconf 83' lang='lat' dir='ltr'><strong>humiles</strong></span> <span class='ocrx_word' id='word_1_673' title='bbox 2987 3745 3288 3801; x_wconf 88' lang='lat' dir='ltr'><strong>sentimus:</strong></span> <span class='ocrx_word' id='word_1_674' title='bbox 3315 3754 3370 3802; x_wconf 89' lang='lat' dir='ltr'><strong>et</strong></span> <span class='ocrx_word' id='word_1_675' title='bbox 3399 3759 3530 3814; x_wconf 57' lang='lat' dir='ltr'><strong>qur.</strong></span> 
     </span>
    </p>
   </div>
   <div class='ocr_carea' id='block_1_91' title="bbox 1940 3829 3522 3903">
    <p class='ocr_par' dir='ltr' id='par_1_91' title="bbox 1940 3829 3522 3903">
     <span class='ocr_line' id='line_1_92' title="bbox 1940 3829 3522 3903; baseline 0.006 -18"><span class='ocrx_word' id='word_1_676' title='bbox 1940 3829 2087 3897; x_wconf 89' lang='lat' dir='ltr'><strong>dem,</strong></span> <span class='ocrx_word' id='word_1_677' title='bbox 2123 3833 2255 3886; x_wconf 91' lang='lat' dir='ltr'><strong>utin</strong></span> <span class='ocrx_word' id='word_1_678' title='bbox 2288 3833 2604 3903; x_wconf 73' lang='lat' dir='ltr'><strong>insipientia</strong></span> <span class='ocrx_word' id='word_1_679' title='bbox 2631 3834 2900 3900; x_wconf 87' lang='lat' dir='ltr'><strong>dicamus,</strong></span> <span class='ocrx_word' id='word_1_680' title='bbox 2935 3837 3105 3890; x_wconf 90' lang='lat' dir='ltr'><strong>libere</strong></span> <span class='ocrx_word' id='word_1_681' title='bbox 3135 3838 3298 3892; x_wconf 90' lang='lat' dir='ltr'><strong>locuti</strong></span> <span class='ocrx_word' id='word_1_682' title='bbox 3328 3854 3522 3895; x_wconf 84' lang='lat' dir='ltr'><strong>sumus</strong></span> 
     </span>
    </p>
   </div>
   <div class='ocr_carea' id='block_1_92' title="bbox 1940 3920 3520 3999">
    <p class='ocr_par' dir='ltr' id='par_1_92' title="bbox 1940 3920 3520 3999">
     <span class='ocr_line' id='line_1_93' title="bbox 1940 3920 3520 3999; baseline 0.004 -25"><span class='ocrx_word' id='word_1_683' title='bbox 1940 3920 2256 3975; x_wconf 75' lang='lat' dir='ltr'><strong>beatissimo</strong></span> <span class='ocrx_word' id='word_1_684' title='bbox 2288 3923 2618 3991; x_wconf 69' lang='lat' dir='ltr'><strong>patriarcha:</strong></span> <span class='ocrx_word' id='word_1_685' title='bbox 2655 3935 2870 3990; x_wconf 90' lang='lat' dir='ltr'><strong>nostro,</strong></span> <span class='ocrx_word' id='word_1_686' title='bbox 2899 3928 3044 3995; x_wconf 88' lang='lat' dir='ltr'><strong>quod</strong></span> <span class='ocrx_word' id='word_1_687' title='bbox 3074 3925 3314 3982; x_wconf 85' lang='lat' dir='ltr'><strong>Ecclesia</strong></span> <span class='ocrx_word' id='word_1_688' title='bbox 3339 3930 3520 3999; x_wconf 87' lang='lat' dir='ltr'><strong>gladio</strong></span> 
     </span>
    </p>
   </div>
   <div class='ocr_carea' id='block_1_93' title="bbox 1939 4011 3519 4086">
    <p class='ocr_par' dir='ltr' id='par_1_93' title="bbox 1939 4011 3519 4086">
     <span class='ocr_line' id='line_1_94' title="bbox 1939 4011 3519 4086; baseline 0.006 -22"><span class='ocrx_word' id='word_1_689' title='bbox 1939 4026 2048 4065; x_wconf 90' lang='lat' dir='ltr'><strong>non</strong></span> <span class='ocrx_word' id='word_1_690' title='bbox 2082 4011 2321 4086; x_wconf 83' lang='lat' dir='ltr'><strong>vindicet</strong></span> <span class='ocrx_word' id='word_1_691' title='bbox 2350 4031 2366 4080; x_wconf 93' lang='lat'><strong>;</strong></span> <span class='ocrx_word' id='word_1_692' title='bbox 2398 4015 2493 4084; x_wconf 91' lang='lat' dir='ltr'><strong>qui</strong></span> <span class='ocrx_word' id='word_1_693' title='bbox 2554 4016 2773 4085; x_wconf 91' lang='lat' dir='ltr'><strong>quidem</strong></span> <span class='ocrx_word' id='word_1_694' title='bbox 2807 4017 2998 4071; x_wconf 89' lang='lat' dir='ltr'><strong>annuit</strong></span> <span class='ocrx_word' id='word_1_695' title='bbox 3029 4033 3044 4082; x_wconf 90' lang='lat'>;</span> <span class='ocrx_word' id='word_1_696' title='bbox 3103 4018 3519 4083; x_wconf 87' lang='lat' dir='ltr'><strong>imperatoribus</strong></span> 
     </span>
    </p>
   </div>
   <div class='ocr_carea' id='block_1_94' title="bbox 1939 4105 3517 4181">
    <p class='ocr_par' dir='ltr' id='par_1_94' title="bbox 1939 4105 3517 4181">
     <span class='ocr_line' id='line_1_95' title="bbox 1939 4105 3517 4181; baseline 0.006 -25"><span class='ocrx_word' id='word_1_697' title='bbox 1939 4118 2088 4169; x_wconf 87' lang='lat' dir='ltr'><strong>vero,</strong></span> <span class='ocrx_word' id='word_1_698' title='bbox 2126 4105 2220 4173; x_wconf 92' lang='lat' dir='ltr'><strong>qui</strong></span> <span class='ocrx_word' id='word_1_699' title='bbox 2253 4105 2458 4160; x_wconf 66' lang='lat' dir='ltr'><strong>caedem</strong></span> <span class='ocrx_word' id='word_1_700' title='bbox 2509 4117 2817 4178; x_wconf 84' lang='lat' dir='ltr'><strong>patrarunt,</strong></span> <span class='ocrx_word' id='word_1_701' title='bbox 2868 4109 3038 4178; x_wconf 90' lang='lat' dir='ltr'><strong>priori</strong></span> <span class='ocrx_word' id='word_1_702' title='bbox 3093 4113 3334 4180; x_wconf 86' lang='lat' dir='ltr'><strong>quidem,</strong></span> <span class='ocrx_word' id='word_1_703' title='bbox 3372 4113 3517 4181; x_wconf 88' lang='lat' dir='ltr'><strong>quod</strong></span> 
     </span>
    </p>
   </div>
   <div class='ocr_carea' id='block_1_95' title="bbox 1937 4195 3514 4270">
    <p class='ocr_par' dir='ltr' id='par_1_95' title="bbox 1937 4195 3514 4270">
     <span class='ocr_line' id='line_1_96' title="bbox 1937 4195 3514 4270; baseline 0.002 -21"><span class='ocrx_word' id='word_1_704' title='bbox 1937 4195 2050 4250; x_wconf 88' lang='lat' dir='ltr'><strong>Deo</strong></span> <span class='ocrx_word' id='word_1_705' title='bbox 2095 4196 2222 4251; x_wconf 89' lang='lat' dir='ltr'><strong>talis</strong></span> <span class='ocrx_word' id='word_1_706' title='bbox 2251 4197 2428 4253; x_wconf 72' lang='lat' dir='ltr'><strong>caedes</strong></span> <span class='ocrx_word' id='word_1_707' title='bbox 2466 4213 2577 4252; x_wconf 91' lang='lat' dir='ltr'><strong>non</strong></span> <span class='ocrx_word' id='word_1_708' title='bbox 2636 4200 2944 4269; x_wconf 88' lang='lat' dir='ltr'><strong>placuerit;</strong></span> <span class='ocrx_word' id='word_1_709' title='bbox 2977 4201 3270 4270; x_wconf 88' lang='lat' dir='ltr'><strong>posteriori</strong></span> <span class='ocrx_word' id='word_1_710' title='bbox 3309 4211 3514 4266; x_wconf 86' lang='lat' dir='ltr'><strong>autem,</strong></span> 
     </span>
    </p>
   </div>
   <div class='ocr_carea' id='block_1_96' title="bbox 1935 4288 3517 4362">
    <p class='ocr_par' dir='ltr' id='par_1_96' title="bbox 1935 4288 3517 4362">
     <span class='ocr_line' id='line_1_97' title="bbox 1935 4288 3517 4362; baseline 0.003 -20"><span class='ocrx_word' id='word_1_711' title='bbox 1935 4301 2062 4342; x_wconf 89' lang='lat' dir='ltr'><strong>cum</strong></span> <span class='ocrx_word' id='word_1_712' title='bbox 2089 4288 2256 4343; x_wconf 70' lang='lat' dir='ltr'><strong>caedis</strong></span> <span class='ocrx_word' id='word_1_713' title='bbox 2289 4289 2660 4345; x_wconf 78' lang='lat' dir='ltr'><strong>defensionem</strong></span> <span class='ocrx_word' id='word_1_714' title='bbox 2699 4294 2959 4362; x_wconf 83' lang='lat' dir='ltr'><strong>exigeret,</strong></span> <span class='ocrx_word' id='word_1_715' title='bbox 3007 4293 3158 4361; x_wconf 88' lang='lat' dir='ltr'><strong>prius</strong></span> <span class='ocrx_word' id='word_1_716' title='bbox 3205 4293 3340 4348; x_wconf 90' lang='lat' dir='ltr'><strong>mihi</strong></span> <span class='ocrx_word' id='word_1_717' title='bbox 3396 4293 3517 4347; x_wconf 81' lang='lat' dir='ltr'><strong>adi-</strong></span> 
     </span>
    </p>
   </div>
   <div class='ocr_carea' id='block_1_97' title="bbox 1934 4381 3517 4453">
    <p class='ocr_par' dir='ltr' id='par_1_97' title="bbox 1934 4381 3517 4453">
     <span class='ocr_line' id='line_1_98' title="bbox 1934 4381 3517 4453; baseline 0.006 -21"><span class='ocrx_word' id='word_1_718' title='bbox 1934 4381 2192 4435; x_wconf 89' lang='lat' dir='ltr'><strong>mendum</strong></span> <span class='ocrx_word' id='word_1_719' title='bbox 2250 4392 2434 4450; x_wconf 89' lang='lat' dir='ltr'><strong>caput,</strong></span> <span class='ocrx_word' id='word_1_720' title='bbox 2501 4399 2666 4453; x_wconf 89' lang='lat' dir='ltr'><strong>quam</strong></span> <span class='ocrx_word' id='word_1_721' title='bbox 2720 4395 2779 4439; x_wconf 92' lang='lat' dir='ltr'><strong>ut</strong></span> <span class='ocrx_word' id='word_1_722' title='bbox 2810 4385 2893 4440; x_wconf 91' lang='lat' dir='ltr'><strong>his</strong></span> <span class='ocrx_word' id='word_1_723' title='bbox 2933 4387 3319 4442; x_wconf 90' lang='lat' dir='ltr'><strong>consentirem.</strong></span> <span class='ocrx_word' id='word_1_724' title='bbox 3391 4385 3517 4442; x_wconf 63' lang='lat' dir='ltr'><strong>Hinc</strong></span> 
     </span>
    </p>
   </div>
   <div class='ocr_carea' id='block_1_98' title="bbox 1935 4469 3512 4545">
    <p class='ocr_par' dir='ltr' id='par_1_98' title="bbox 1935 4469 3512 4545">
     <span class='ocr_line' id='line_1_99' title="bbox 1935 4469 3512 4545; baseline 0.004 -21"><span class='ocrx_word' id='word_1_725' title='bbox 1935 4469 2124 4541; x_wconf 90' lang='lat' dir='ltr'><strong>itaque</strong></span> <span class='ocrx_word' id='word_1_726' title='bbox 2153 4488 2184 4526; x_wconf 91' lang='lat' dir='ltr'><strong>a</strong></span> <span class='ocrx_word' id='word_1_727' title='bbox 2213 4474 2371 4530; x_wconf 89' lang='lat' dir='ltr'><strong>nobis</strong></span> <span class='ocrx_word' id='word_1_728' title='bbox 2409 4477 2812 4545; x_wconf 87' lang='lat' dir='ltr'><strong>peccatoribus.</strong></span> <span class='ocrx_word' id='word_1_729' title='bbox 2844 4476 2948 4532; x_wconf 85' lang='lat' dir='ltr'><strong>Vos</strong></span> <span class='ocrx_word' id='word_1_730' title='bbox 2970 4492 3120 4542; x_wconf 89' lang='lat' dir='ltr'><strong>vero,</strong></span> <span class='ocrx_word' id='word_1_731' title='bbox 3153 4477 3512 4541; x_wconf 87' lang='lat' dir='ltr'><strong>sanctissimi,</strong></span> 
     </span>
    </p>
   </div>
   <div class='ocr_carea' id='block_1_99' title="bbox 1933 4564 3510 4640">
    <p class='ocr_par' dir='ltr' id='par_1_99' title="bbox 1933 4564 3510 4640">
     <span class='ocr_line' id='line_1_100' title="bbox 1933 4564 3510 4640; baseline 0.004 -22"><span class='ocrx_word' id='word_1_732' title='bbox 1933 4564 1978 4619; x_wconf 93' lang='lat' dir='ltr'><strong>si</strong></span> <span class='ocrx_word' id='word_1_733' title='bbox 2007 4565 2154 4621; x_wconf 88' lang='lat' dir='ltr'><strong>aliud</strong></span> <span class='ocrx_word' id='word_1_734' title='bbox 2172 4566 2529 4638; x_wconf 83' lang='lat' dir='ltr'><strong>Evangelium</strong></span> <span class='ocrx_word' id='word_1_735' title='bbox 2553 4569 2781 4640; x_wconf 86' lang='lat' dir='ltr'><strong>legistis,</strong></span> <span class='ocrx_word' id='word_1_736' title='bbox 2800 4569 2945 4638; x_wconf 91' lang='lat' dir='ltr'><strong>quod</strong></span> <span class='ocrx_word' id='word_1_737' title='bbox 2978 4583 3078 4624; x_wconf 88' lang='lat' dir='ltr'><strong>nos</strong></span> <span class='ocrx_word' id='word_1_738' title='bbox 3103 4583 3212 4623; x_wconf 90' lang='lat' dir='ltr'><strong>non</strong></span> <span class='ocrx_word' id='word_1_739' title='bbox 3234 4569 3510 4633; x_wconf 89' lang='lat' dir='ltr'><strong>novimus,</strong></span> 
     </span>
    </p>
   </div>
   <div class='ocr_carea' id='block_1_100' title="bbox 1934 4657 3513 4733">
    <p class='ocr_par' dir='ltr' id='par_1_100' title="bbox 1934 4657 3513 4733">
     <span class='ocr_line' id='line_1_101' title="bbox 1934 4657 3513 4733; baseline 0.003 -20"><span class='ocrx_word' id='word_1_740' title='bbox 1934 4657 2072 4714; x_wconf 88' lang='lat' dir='ltr'><strong>bene</strong></span> <span class='ocrx_word' id='word_1_741' title='bbox 2126 4660 2390 4728; x_wconf 87' lang='lat' dir='ltr'><strong>habebit;</strong></span> <span class='ocrx_word' id='word_1_742' title='bbox 2441 4663 2524 4716; x_wconf 90' lang='lat' dir='ltr'><strong>sin</strong></span> <span class='ocrx_word' id='word_1_743' title='bbox 2580 4664 2785 4728; x_wconf 90' lang='lat' dir='ltr'><strong>minus,</strong></span> <span class='ocrx_word' id='word_1_744' title='bbox 2841 4661 3186 4717; x_wconf 87' lang='lat' dir='ltr'><strong>considerate</strong></span> <span class='ocrx_word' id='word_1_745' title='bbox 3207 4663 3336 4733; x_wconf 87' lang='lat' dir='ltr'><strong>quid</strong></span> <span class='ocrx_word' id='word_1_746' title='bbox 3364 4665 3513 4719; x_wconf 90' lang='lat' dir='ltr'><strong>dicat</strong></span> 
     </span>
    </p>
   </div>
   <div class='ocr_carea' id='block_1_101' title="bbox 1935 4749 2252 4819">
    <p class='ocr_par' dir='ltr' id='par_1_101' title="bbox 1935 4749 2252 4819">
     <span class='ocr_line' id='line_1_102' title="bbox 1935 4749 2252 4819; baseline 0.013 -18"><span class='ocrx_word' id='word_1_747' title='bbox 1935 4749 2252 4819; x_wconf 83' lang='lat' dir='ltr'><strong>Apostolus.</strong></span> 
     </span>
    </p>
   </div>
   <div class='ocr_carea' id='block_1_102' title="bbox 1994 4949 3505 5030">
    <p class='ocr_par' dir='ltr' id='par_1_102' title="bbox 1994 4949 3505 5030">
     <span class='ocr_line' id='line_1_103' title="bbox 1994 4949 3505 5030; baseline 0.007 -25"><span class='ocrx_word' id='word_1_748' title='bbox 1994 4949 2176 5008; x_wconf 82' lang='lat' dir='ltr'><strong>CLVI.</strong></span> <span class='ocrx_word' id='word_1_749' title='bbox 2203 4983 2272 4994; x_wconf 88' lang='lat'><strong>-—</strong></span> <span class='ocrx_word' id='word_1_750' title='bbox 2301 4952 2588 5008; x_wconf 77' lang='lat' dir='ltr'><strong>Fratribus</strong></span> <span class='ocrx_word' id='word_1_751' title='bbox 2612 4957 2702 5026; x_wconf 87' lang='lat' dir='ltr'><strong>qui</strong></span> <span class='ocrx_word' id='word_1_752' title='bbox 2731 4974 2848 5011; x_wconf 86' lang='lat' dir='ltr'><strong>cum</strong></span> <span class='ocrx_word' id='word_1_753' title='bbox 2879 4956 3115 5012; x_wconf 85' lang='lat' dir='ltr'><strong>Patricio</strong></span> <span class='ocrx_word' id='word_1_754' title='bbox 3139 4958 3253 5030; x_wconf 84' lang='lat' dir='ltr'><strong>ﬁlio</strong></span> <span class='ocrx_word' id='word_1_755' title='bbox 3279 4969 3397 5013; x_wconf 77' lang='lat' dir='ltr'><strong>sunt</strong></span> <span class='ocrx_word' id='word_1_756' title='bbox 3419 4960 3505 5030; x_wconf 80' lang='lat'><strong>(‘).</strong></span> 
     </span>
    </p>
   </div>
   <div class='ocr_carea' id='block_1_103' title="bbox 748 5123 3009 5194">
    <p class='ocr_par' dir='ltr' id='par_1_103' title="bbox 748 5123 3009 5194">
     <span class='ocr_line' id='line_1_104' title="bbox 748 5123 3009 5194; baseline 0.008 -23"><span class='ocrx_word' id='word_1_757' title='bbox 748 5123 820 5172; x_wconf 91' lang='lat' dir='ltr'><strong>De</strong></span> <span class='ocrx_word' id='word_1_758' title='bbox 845 5125 1137 5189; x_wconf 83' lang='lat' dir='ltr'><strong>Theologia,</strong></span> <span class='ocrx_word' id='word_1_759' title='bbox 1166 5133 1220 5176; x_wconf 92' lang='lat' dir='ltr'><strong>et</strong></span> <span class='ocrx_word' id='word_1_760' title='bbox 1242 5127 1308 5177; x_wconf 89' lang='lat' dir='ltr'><strong>de</strong></span> <span class='ocrx_word' id='word_1_761' title='bbox 1332 5127 1639 5179; x_wconf 86' lang='lat' dir='ltr'><strong>immaculata</strong></span> <span class='ocrx_word' id='word_1_762' title='bbox 1670 5129 1882 5194; x_wconf 82' lang='lat' dir='ltr'><strong>imagine</strong></span> <span class='ocrx_word' id='word_1_763' title='bbox 1899 5143 2035 5180; x_wconf 81' lang='lat' dir='ltr'><strong>sacra</strong></span> <span class='ocrx_word' id='word_1_764' title='bbox 2067 5132 2266 5183; x_wconf 87' lang='lat' dir='ltr'><strong>Domini</strong></span> <span class='ocrx_word' id='word_1_765' title='bbox 2289 5139 2342 5184; x_wconf 87' lang='lat' dir='ltr'><strong>et</strong></span> <span class='ocrx_word' id='word_1_766' title='bbox 2362 5135 2457 5185; x_wconf 89' lang='lat' dir='ltr'><strong>Dei</strong></span> <span class='ocrx_word' id='word_1_767' title='bbox 2481 5136 2639 5187; x_wconf 85' lang='lat' dir='ltr'><strong>nostri</strong></span> <span class='ocrx_word' id='word_1_768' title='bbox 2662 5138 2782 5187; x_wconf 85' lang='lat' dir='ltr'><strong>Jesu</strong></span> <span class='ocrx_word' id='word_1_769' title='bbox 2816 5138 3009 5188; x_wconf 84' lang='lat' dir='ltr'><strong>Christi.</strong></span> 
     </span>
    </p>
   </div>
   <div class='ocr_carea' id='block_1_104' title="bbox 335 5223 1825 5309">
    <p class='ocr_par' dir='ltr' id='par_1_104' title="bbox 335 5223 1825 5309">
     <span class='ocr_line' id='line_1_105' title="bbox 335 5223 1825 5309; baseline 0.01 -31"><span class='ocrx_word' id='word_1_770' title='bbox 335 5223 580 5295; x_wconf 76' lang='grc' dir='ltr'>Ἀδελφοὶ</span> <span class='ocrx_word' id='word_1_771' title='bbox 602 5230 699 5285; x_wconf 71' lang='grc' dir='ltr'>καὶ</span> <span class='ocrx_word' id='word_1_772' title='bbox 724 5233 989 5303; x_wconf 84' lang='grc' dir='ltr'>Πατέρες,</span> <span class='ocrx_word' id='word_1_773' title='bbox 1019 5235 1400 5306; x_wconf 77' lang='grc' dir='ltr'>παρακληθεὶς</span> <span class='ocrx_word' id='word_1_774' title='bbox 1427 5243 1579 5309; x_wconf 75' lang='grc' dir='ltr'>παρὰ</span> <span class='ocrx_word' id='word_1_775' title='bbox 1607 5238 1701 5292; x_wconf 90' lang='grc' dir='ltr'><strong>τοῦ</strong></span> <span class='ocrx_word' id='word_1_776' title='bbox 1719 5240 1825 5293; x_wconf 76' lang='lat' dir='ltr'><strong>Ila-</strong></span> 
     </span>
    </p>
   </div>
   <div class='ocr_carea' id='block_1_105' title="bbox 246 5315 1825 5395">
    <p class='ocr_par' dir='ltr' id='par_1_105' title="bbox 246 5315 1825 5395">
     <span class='ocr_line' id='line_1_106' title="bbox 246 5315 1825 5395; baseline 0.008 -27"><span class='ocrx_word' id='word_1_777' title='bbox 246 5315 377 5386; x_wconf 77' lang='grc' dir='ltr'>τρδς</span> <span class='ocrx_word' id='word_1_778' title='bbox 407 5317 586 5387; x_wconf 78' lang='grc' dir='ltr'>ὑμῶν,</span> <span class='ocrx_word' id='word_1_779' title='bbox 612 5318 688 5382; x_wconf 84' lang='grc' dir='ltr'>ὡς</span> <span class='ocrx_word' id='word_1_780' title='bbox 718 5319 912 5393; x_wconf 79' lang='grc' dir='ltr'>Πατὴρ</span> <span class='ocrx_word' id='word_1_781' title='bbox 944 5322 1197 5376; x_wconf 87' lang='grc' dir='ltr'>κάκείνου</span> <span class='ocrx_word' id='word_1_782' title='bbox 1223 5364 1239 5389; x_wconf 87' lang='grc'><strong>,</strong></span> <span class='ocrx_word' id='word_1_783' title='bbox 1269 5317 1366 5378; x_wconf 72' lang='grc' dir='ltr'><strong>καὶ</strong></span> <span class='ocrx_word' id='word_1_784' title='bbox 1394 5325 1548 5395; x_wconf 82' lang='grc' dir='ltr'>ὑμῶν</span> <span class='ocrx_word' id='word_1_785' title='bbox 1577 5327 1644 5380; x_wconf 76' lang='grc' dir='ltr'>δι’</span> <span class='ocrx_word' id='word_1_786' title='bbox 1677 5329 1825 5381; x_wconf 86' lang='grc' dir='ltr'>ὲκεί-</span> 
     </span>
    </p>
   </div>
   <div class='ocr_carea' id='block_1_106' title="bbox 245 5408 1824 5491">
    <p class='ocr_par' dir='ltr' id='par_1_106' title="bbox 245 5408 1824 5491">
     <span class='ocr_line' id='line_1_107' title="bbox 245 5408 1824 5491; baseline 0.009 -32"><span class='ocrx_word' id='word_1_787' title='bbox 245 5421 366 5474; x_wconf 87' lang='grc' dir='ltr'>νου,</span> <span class='ocrx_word' id='word_1_788' title='bbox 398 5408 630 5480; x_wconf 84' lang='grc' dir='ltr'>λαλῆσαι</span> <span class='ocrx_word' id='word_1_789' title='bbox 661 5412 792 5484; x_wconf 83' lang='grc' dir='ltr'>ὑμῖν</span> <span class='ocrx_word' id='word_1_790' title='bbox 823 5414 891 5468; x_wconf 82' lang='grc' dir='ltr'>τὰ</span> <span class='ocrx_word' id='word_1_791' title='bbox 920 5415 1054 5489; x_wconf 84' lang='grc' dir='ltr'>πρὸς</span> <span class='ocrx_word' id='word_1_792' title='bbox 1087 5416 1392 5487; x_wconf 68' lang='grc' dir='ltr'>σωτηρίαν*</span> <span class='ocrx_word' id='word_1_793' title='bbox 1440 5418 1535 5472; x_wconf 78' lang='grc' dir='ltr'><strong>καὶ</strong></span> <span class='ocrx_word' id='word_1_794' title='bbox 1563 5419 1824 5491; x_wconf 74' lang='grc' dir='ltr'>ἐπείσθην</span> 
     </span>
    </p>
   </div>
   <div class='ocr_carea' id='block_1_107' title="bbox 248 5500 1824 5576">
    <p class='ocr_par' dir='ltr' id='par_1_107' title="bbox 248 5500 1824 5576">
     <span class='ocr_line' id='line_1_108' title="bbox 248 5500 1824 5576; baseline 0.008 -22"><span class='ocrx_word' id='word_1_795' title='bbox 248 5500 500 5568; x_wconf 70' lang='grc' dir='ltr'>εἰκότως,</span> <span class='ocrx_word' id='word_1_796' title='bbox 549 5504 644 5558; x_wconf 76' lang='grc' dir='ltr'>καὶ</span> <span class='ocrx_word' id='word_1_797' title='bbox 672 5505 985 5576; x_wconf 85' lang='grc' dir='ltr'>φθέγγομαι</span> <span class='ocrx_word' id='word_1_798' title='bbox 1025 5509 1052 5562; x_wconf 86' lang='grc' dir='ltr'>ὁ</span> <span class='ocrx_word' id='word_1_799' title='bbox 1082 5509 1336 5574; x_wconf 79' lang='grc' dir='ltr'>ταπεινὸς</span> <span class='ocrx_word' id='word_1_800' title='bbox 1372 5510 1525 5564; x_wconf 77' lang='grc' dir='ltr'>ἐνθεν</span> <span class='ocrx_word' id='word_1_801' title='bbox 1561 5511 1716 5566; x_wconf 80' lang='grc' dir='ltr'>ἑλώνο</span> <span class='ocrx_word' id='word_1_802' title='bbox 1759 5513 1824 5566; x_wconf 84' lang='grc' dir='ltr'><strong>Ἦ</strong></span> 
     </span>
    </p>
   </div>
   <div class='ocr_carea' id='block_1_108' title="bbox 2003 5240 3506 5319">
    <p class='ocr_par' dir='ltr' id='par_1_108' title="bbox 2003 5240 3506 5319">
     <span class='ocr_line' id='line_1_109' title="bbox 2003 5240 3506 5319; baseline 0.007 -24"><span class='ocrx_word' id='word_1_803' title='bbox 2003 5240 2231 5298; x_wconf 86' lang='lat' dir='ltr'><strong>Fratres</strong></span> <span class='ocrx_word' id='word_1_804' title='bbox 2275 5243 2592 5316; x_wconf 85' lang='lat' dir='ltr'><strong>Patresque,</strong></span> <span class='ocrx_word' id='word_1_805' title='bbox 2626 5258 2845 5319; x_wconf 82' lang='lat' dir='ltr'><strong>rogatus</strong></span> <span class='ocrx_word' id='word_1_806' title='bbox 2879 5265 2910 5304; x_wconf 90' lang='lat' dir='ltr'><strong>a</strong></span> <span class='ocrx_word' id='word_1_807' title='bbox 2939 5249 3100 5306; x_wconf 89' lang='lat' dir='ltr'><strong>Patre</strong></span> <span class='ocrx_word' id='word_1_808' title='bbox 3150 5259 3356 5319; x_wconf 85' lang='lat' dir='ltr'><strong>vestro,</strong></span> <span class='ocrx_word' id='word_1_809' title='bbox 3387 5258 3506 5306; x_wconf 83' lang='lat' dir='ltr'><strong>tan-</strong></span> 
     </span>
    </p>
   </div>
   <div class='ocr_carea' id='block_1_109' title="bbox 1930 5337 3507 5414">
    <p class='ocr_par' dir='ltr' id='par_1_109' title="bbox 1930 5337 3507 5414">
     <span class='ocr_line' id='line_1_110' title="bbox 1930 5337 3507 5414; baseline 0.006 -26"><span class='ocrx_word' id='word_1_810' title='bbox 1930 5349 2096 5402; x_wconf 88' lang='lat' dir='ltr'><strong>quam</strong></span> <span class='ocrx_word' id='word_1_811' title='bbox 2141 5346 2194 5391; x_wconf 93' lang='lat' dir='ltr'><strong>et</strong></span> <span class='ocrx_word' id='word_1_812' title='bbox 2253 5337 2402 5393; x_wconf 90' lang='lat' dir='ltr'><strong>illius</strong></span> <span class='ocrx_word' id='word_1_813' title='bbox 2455 5350 2630 5410; x_wconf 87' lang='lat' dir='ltr'><strong>pater,</strong></span> <span class='ocrx_word' id='word_1_814' title='bbox 2660 5350 2716 5396; x_wconf 89' lang='lat' dir='ltr'><strong>et</strong></span> <span class='ocrx_word' id='word_1_815' title='bbox 2766 5351 2942 5398; x_wconf 87' lang='lat' dir='ltr'><strong>vester</strong></span> <span class='ocrx_word' id='word_1_816' title='bbox 2969 5359 3065 5414; x_wconf 86' lang='lat' dir='ltr'><strong>per</strong></span> <span class='ocrx_word' id='word_1_817' title='bbox 3095 5344 3296 5414; x_wconf 91' lang='lat' dir='ltr'><strong>ipsum,</strong></span> <span class='ocrx_word' id='word_1_818' title='bbox 3325 5343 3392 5398; x_wconf 85' lang='lat' dir='ltr'><strong>ad</strong></span> <span class='ocrx_word' id='word_1_819' title='bbox 3417 5359 3507 5398; x_wconf 84' lang='lat' dir='ltr'><strong>sa-</strong></span> 
     </span>
    </p>
   </div>
   <div class='ocr_carea' id='block_1_110' title="bbox 1933 5425 3504 5506">
    <p class='ocr_par' dir='ltr' id='par_1_110' title="bbox 1933 5425 3504 5506">
     <span class='ocr_line' id='line_1_111' title="bbox 1933 5425 3504 5506; baseline 0.008 -28"><span class='ocrx_word' id='word_1_820' title='bbox 1933 5425 2162 5480; x_wconf 90' lang='lat' dir='ltr'><strong>lutarem</strong></span> <span class='ocrx_word' id='word_1_821' title='bbox 2185 5441 2491 5484; x_wconf 88' lang='lat' dir='ltr'><strong>sermonem</strong></span> <span class='ocrx_word' id='word_1_822' title='bbox 2513 5431 2664 5488; x_wconf 86' lang='lat' dir='ltr'><strong>vobis</strong></span> <span class='ocrx_word' id='word_1_823' title='bbox 2687 5432 3104 5505; x_wconf 88' lang='lat' dir='ltr'><strong>impertiendum</strong></span> <span class='ocrx_word' id='word_1_824' title='bbox 3125 5445 3211 5501; x_wconf 89' lang='lat' dir='ltr'><strong>;et</strong></span> <span class='ocrx_word' id='word_1_825' title='bbox 3231 5433 3504 5506; x_wconf 81' lang='lat' dir='ltr'><strong>acquievi.</strong></span> 
     </span>
    </p>
   </div>
   <div class='ocr_carea' id='block_1_111' title="bbox 1934 5522 3505 5597">
    <p class='ocr_par' dir='ltr' id='par_1_111' title="bbox 1934 5522 3505 5597">
     <span class='ocr_line' id='line_1_112' title="bbox 1934 5522 3505 5597; baseline 0.008 -28"><span class='ocrx_word' id='word_1_826' title='bbox 1934 5525 1994 5570; x_wconf 92' lang='lat' dir='ltr'><strong>ut</strong></span> <span class='ocrx_word' id='word_1_827' title='bbox 2039 5533 2136 5588; x_wconf 87' lang='lat' dir='ltr'><strong>par</strong></span> <span class='ocrx_word' id='word_1_828' title='bbox 2183 5529 2321 5586; x_wconf 85' lang='lat' dir='ltr'><strong>erat,</strong></span> <span class='ocrx_word' id='word_1_829' title='bbox 2357 5528 2413 5576; x_wconf 89' lang='lat' dir='ltr'><strong>et</strong></span> <span class='ocrx_word' id='word_1_830' title='bbox 2443 5522 2568 5580; x_wconf 88' lang='lat' dir='ltr'><strong>inde</strong></span> <span class='ocrx_word' id='word_1_831' title='bbox 2624 5525 2771 5596; x_wconf 91' lang='lat' dir='ltr'><strong>loqui</strong></span> <span class='ocrx_word' id='word_1_832' title='bbox 2826 5525 3052 5583; x_wconf 88' lang='lat' dir='ltr'><strong>humilis</strong></span> <span class='ocrx_word' id='word_1_833' title='bbox 3081 5526 3303 5597; x_wconf 87' lang='lat' dir='ltr'><strong>incipio.</strong></span> <span class='ocrx_word' id='word_1_834' title='bbox 3343 5524 3505 5581; x_wconf 76' lang='lat' dir='ltr'><strong>Salus</strong></span> 
     </span>
    </p>
   </div>
   <div class='ocr_carea' id='block_1_112' title="bbox 327 5617 2708 5708">
    <p class='ocr_par' dir='ltr' id='par_1_112' title="bbox 327 5617 2708 5708">
     <span class='ocr_line' id='line_1_113' title="bbox 327 5617 2708 5708; baseline 0.011 -37"><span class='ocrx_word' id='word_1_835' title='bbox 327 5617 352 5648; x_wconf 75' lang='grc'><strong>⁸</strong></span> <span class='ocrx_word' id='word_1_836' title='bbox 382 5617 556 5679; x_wconf 79' lang='lat' dir='ltr'><strong>Epist.</strong></span> <span class='ocrx_word' id='word_1_837' title='bbox 578 5620 902 5694; x_wconf 86' lang='lat' dir='ltr'><strong>interpolata</strong></span> <span class='ocrx_word' id='word_1_838' title='bbox 933 5628 1000 5680; x_wconf 90' lang='lat' dir='ltr'><strong>ad</strong></span> <span class='ocrx_word' id='word_1_839' title='bbox 1027 5625 1366 5699; x_wconf 87' lang='lat' dir='ltr'><strong>Philadelph.</strong></span> <span class='ocrx_word' id='word_1_840' title='bbox 1401 5646 1456 5684; x_wconf 85' lang='grc' dir='ltr'><strong>ιι.</strong></span> <span class='ocrx_word' id='word_1_841' title='bbox 1489 5631 1541 5686; x_wconf 81' lang='grc'>5.</span> <span class='ocrx_word' id='word_1_842' title='bbox 1617 5632 1638 5663; x_wconf 83' lang='grc'><strong><em>⁵</em></strong></span> <span class='ocrx_word' id='word_1_843' title='bbox 1671 5629 1820 5688; x_wconf 86' lang='lat' dir='ltr'><strong>Psal.</strong></span> <span class='ocrx_word' id='word_1_844' title='bbox 1853 5645 2076 5698; x_wconf 78' lang='lat' dir='ltr'><strong>Lxxvtn,</strong></span> <span class='ocrx_word' id='word_1_845' title='bbox 2103 5634 2155 5688; x_wconf 90' lang='lat'><strong>6.</strong></span> <span class='ocrx_word' id='word_1_846' title='bbox 2233 5635 2298 5667; x_wconf 68' lang='lat'><strong>“&#39;7</strong></span> <span class='ocrx_word' id='word_1_847' title='bbox 2333 5637 2490 5693; x_wconf 80' lang='lat' dir='ltr'><strong>Rom.</strong></span> <span class='ocrx_word' id='word_1_848' title='bbox 2522 5656 2636 5708; x_wconf 77' lang='lat' dir='ltr'><strong>xm,</strong></span> <span class='ocrx_word' id='word_1_849' title='bbox 2658 5643 2708 5699; x_wconf 73' lang='grc'>4.</span> 
     </span>
    </p>
   </div>
   <div class='ocr_carea' id='block_1_113' title="bbox 1773 5744 2004 5801">
    <p class='ocr_par' dir='ltr' id='par_1_113' title="bbox 1773 5744 2004 5801">
     <span class='ocr_line' id='line_1_114' title="bbox 1773 5744 2004 5801; baseline 0.013 -3"><span class='ocrx_word' id='word_1_850' title='bbox 1773 5744 1909 5800; x_wconf 82' lang='lat' dir='ltr'><strong>NOT</strong></span> <span class='ocrx_word' id='word_1_851' title='bbox 1915 5745 2004 5801; x_wconf 61' lang='lat' dir='ltr'><strong>1E.</strong></span> 
     </span>
    </p>
   </div>
   <div class='ocr_carea' id='block_1_114' title="bbox 316 5826 982 5903">
    <p class='ocr_par' dir='ltr' id='par_1_114' title="bbox 316 5826 982 5903">
     <span class='ocr_line' id='line_1_115' title="bbox 316 5826 982 5903; baseline 0.015 -23"><span class='ocrx_word' id='word_1_852' title='bbox 316 5826 429 5897; x_wconf 68' lang='grc'><strong>(48)</strong></span> <span class='ocrx_word' id='word_1_853' title='bbox 459 5827 516 5883; x_wconf 86' lang='lat' dir='ltr'><strong>In</strong></span> <span class='ocrx_word' id='word_1_854' title='bbox 545 5830 667 5887; x_wconf 87' lang='lat' dir='ltr'><strong>cod.</strong></span> <span class='ocrx_word' id='word_1_855' title='bbox 704 5829 839 5902; x_wconf 76' lang='lat' dir='ltr'><strong>Reg,</strong></span> <span class='ocrx_word' id='word_1_856' title='bbox 874 5838 982 5903; x_wconf 78' lang='grc' dir='ltr'><strong>ριηέ</strong></span> 
     </span>
    </p>
   </div>
   <div class='ocr_carea' id='block_1_115' title="bbox 2003 5835 2434 5907">
    <p class='ocr_par' dir='ltr' id='par_1_115' title="bbox 2003 5835 2434 5907">
     <span class='ocr_line' id='line_1_116' title="bbox 2003 5835 2434 5907; baseline 0.007 -19"><span class='ocrx_word' id='word_1_857' title='bbox 2003 5835 2076 5906; x_wconf 67' lang='grc'><strong>(⁸)</strong></span> <span class='ocrx_word' id='word_1_858' title='bbox 2104 5835 2434 5907; x_wconf 79' lang='lat' dir='ltr'><strong>Dogmaticu.</strong></span> 
     </span>
    </p>
   </div>
  </div>
