4060 6374
585 384 718 448 “37
1762 385 1823 441 s.
1864 379 2254 442 THEODORI
2295 383 2640 446 STUDITIE
3662 391 3769 456 1483

581 501 789 552 nostra,
827 489 918 544 lilii
961 492 1294 556 charissimi,
1330 502 1478 548 recte
1531 492 1751 546 credere
1807 493 1862 545 in
1899 501 2144 546 sanctam

2265 495 2500 564 τωτηρία
2532 494 2711 566 ἡμῶν,
2751 495 2916 548 τέκνα
2960 496 3292 567 ὴγαπημένα
3321 496 3474 569 [Reg
3513 501 3629 556 cod.
3657 503 3770 571 ἀγα.

579 583 924 650 Trinitatem,
949 595 1003 640 et
1028 600 1194 654 opera
1216 585 1394 640 facere
1425 601 1546 655 qua:
1584 602 1612 636 a
1642 583 1846 639 sanctis
1874 585 1964 638 Dei
1995 601 2152 640 nian-

2265 583 2422 657 κτητὰ]
2449 625 2466 649 ,
2509 585 2785 639 πιστεύειν
2811 587 2988 657 ὀρθῶς
3012 588 3091 651 εἰς
3118 587 3216 657 τὴν
3257 587 3413 656 ἁγίαν
3441 589 3666 660 Τριάδα,
3699 596 3776 649 καὶ

583 678 730 734 datis
770 676 1148 730 testimonium
1192 676 1448 731 habeant.
1487 676 1552 729 In
1594 675 1804 732 Christo
1830 677 1971 729 enim
1997 675 2148 742 Jesu,

2265 669 2391 742 ἔργα
2433 671 2578 741 ἔχειν
2629 673 3050 743 μαρτυρούμενα
3097 674 3202 727 ὑπὸ
3231 675 3342 728 τῶν
3383 676 3550 744 ἁγίων
3585 679 3777 738 ἐντολῶν

585 767 1046 838 quemadmodum
1095 767 1174 820 ait
1231 767 1543 837 Apostolus,
1603 782 1765 836 neque
1821 767 2152 821 circumcisio

2265 762 2345 816 rei)
2374 763 2534 818 Θεοῦ.
2573 765 2676 819 Ἐν
2699 764 2811 834 τὰρ
2837 765 3070 834 Χριστῷ
3125 767 3341 834 Ἰησοῦ,
3380 768 3560 833 καθώς
3588 787 3732 841 φησιν
3755 777 3778 826 ὁ

584 858 790 931 aliquid
837 857 992 924 valet,
1044 874 1206 927 neque
1254 861 1588 927 prwputt'um,
1641 860 1731 914 sed
1757 857 1888 928 ﬁdes
1921 874 2038 928 qua:
2062 875 2155 929 per

585 953 899 1006 charitatem
953 959 1201 1022 operatur
1229 952 1272 1005 ⁸.
1319 950 1384 1005 Et
1426 952 1550 1006 ﬁdei
1613 951 1832 1021 quidem
1887 953 2031 1007 ratio
2085 953 2154 1008 ad

587 1044 784 1113 dogma
808 1044 1182 1109 orthodoxiaa;
1205 1043 1488 1098 charitatis
1516 1060 1666 1107 vero,
1691 1044 1760 1098 ad
1785 1044 1940 1099 bona:
1959 1060 2156 1115 opera-

587 1135 754 1190 tionis
795 1135 1284 1189 considerationem
1327 1135 1626 1190 reducitur.
1689 1134 1980 1192 Credimus
2022 1152 2157 1209 ergo

588 1224 642 1279 in
664 1226 877 1280 Patrem
909 1237 964 1279 et
997 1223 1194 1279 Filium
1224 1235 1278 1279 et
1303 1224 1564 1294 Spiritum
1596 1234 1866 1292 sanctum,
1899 1241 2021 1296 quae
2046 1236 2158 1282 tres

588 1325 718 1372 sunt
775 1331 1043 1386 personaz,
1112 1326 1308 1370 natura
1377 1332 1504 1382 una,
1559 1331 1664 1370 una
1697 1325 1958 1388 potestas,
1986 1333 2156 1373 unum

587 1410 830 1466 omnium
858 1409 1111 1479 princeps
1139 1424 1388 1478 regnum,
1417 1409 1474 1464 in
1512 1422 1640 1475 uno,
1694 1417 1754 1462 ut
1805 1417 2025 1476 natura,
2079 1410 2160 1466 sic

587 1510 644 1557 et
683 1501 985 1565 voluntate,
1033 1511 1088 1555 et
1127 1485 1447 1571 operatione
1496 1502 1780 1558 adoratum
1838 1505 2072 1575 imperio
2106 1515 2161 1559 et

588 1593 779 1664 gloria.
836 1593 1125 1650 Credimus
1171 1595 1315 1663 quod
1359 1609 1502 1649 unus
1563 1593 1632 1650 de
1659 1603 1848 1651 sancta
1875 1595 2160 1663 Trinitate,

587 1685 758 1741 Filius
793 1693 848 1741 et
875 1683 1114 1740 Verbum
1150 1683 1241 1740 Dei
1283 1694 1338 1741 et
1395 1684 1592 1751 Patris,
1633 1701 1727 1756 per
1765 1702 2038 1743 summam
2065 1689 2164 1744 bo-

2266 855 2610 921 Ἀπόστολος,
2641 857 2781 911 οὔτε
2807 857 3093 926 περιτομὴ
3136 861 3337 926 ἰσχύει
3360 899 3374 922 ,
3409 860 3544 914 οὔτε
3565 860 3778 930 dapem.»

2253 948 2423 1002 στία·
2450 948 2610 1004 ἀλλὰ
2646 949 2852 1016 πίστις
2887 949 2963 1003 δι’
2994 950 3228 1019 ἀγάπης
3255 951 3660 1023 ἐνεργουμένη.
3691 958 3780 1010 Καὶ

2255 1041 2283 1092 ὁ
2309 1039 2407 1110 μὲν
2430 1041 2532 1110 τῆς
2573 1039 2810 1104 πίστεως
2841 1041 3000 1110 λόγος
3020 1081 3036 1106 ,
3065 1045 3146 1104 εἰς
3174 1042 3237 1096 τὸ
3264 1043 3368 1114 τῆς
3395 1043 3683 1116 ὁρθοδοξίαι,
3712 1048 3780 1101 66-

2255 1148 2373 1204 γμα
2399 1148 2414 1164 ⁸
2454 1135 2483 1187 ὁ
2509 1133 2567 1188 δὲ
2598 1134 2698 1202 τῆς
2737 1132 2978 1206 ἀγάπης,
3021 1136 3101 1198 είς
3126 1136 3189 1188 τὸ
3219 1136 3321 1204 τῆς
3363 1138 3651 1209 εὐπραξίας
3675 1141 3782 1194 θεῶν

2258 1243 2412 1298 ρημα
2444 1227 2798 1298 ἀναφέρεται.
2848 1229 3185 1300 Πιστεύομεν
3227 1225 3323 1284 οὖν
3365 1232 3446 1295 εἰς
3477 1232 3679 1304 Πατέρα
3706 1236 3782 1288 καὶ

2258 1319 2388 1372 Υίὸν
2425 1319 2516 1373 καὶ
2543 1317 2702 1389 ἆγιον
2745 1321 2971 1390 Πνεῦμα
2991 1337 3005 1352 ο
3033 1322 3178 1392 ἅπερ
3215 1321 3332 1374 ἐστὶ
3363 1323 3490 1393 τρία
3532 1327 3780 1392 πρόσωπα,

2263 1409 2360 1479 μία
2405 1409 2586 1480 φύσις,
2635 1412 2735 1481 μία
2762 1410 3011 1481 δύναμις,
3063 1413 3161 1482 μία
3188 1413 3394 1484 ἀρχικὴ
3429 1413 3536 1466 τῶν
3566 1414 3784 1470 ἁπάντων

2263 1501 2538 1571 βασιλεία·
2572 1504 2630 1555 ὲν
2657 1504 2757 1563 ἐνὶ,
2808 1503 2885 1568 ὡς
2915 1503 3100 1572 φύσει,
3138 1505 3233 1558 καὶ
3263 1504 3516 1574 Θελήσει.
3551 1508 3637 1559 καὶ
3660 1509 3786 1579 ἐνερ-

2261 1593 2386 1665 γείᾳ
2417 1593 2872 1666 προσκυνουμένη
2916 1595 3109 1665 κράτει
3150 1595 3248 1648 καὶ⁹
3291 1596 3462 1650 κλέει.
3494 1597 3786 1670 Πιστεὺομεν

2261 1685 2338 1750 ὡς
2370 1687 2398 1740 ὁ
2429 1681 2512 1751 εἷς
2540 1689 2642 1759 τῆς
2684 1688 2844 1757 ἁγίας
2889 1688 3151 1760 Τριάδος,
3184 1692 3212 1742 6
3243 1689 3372 1754 Υἰὺς
3407 1691 3502 1744 καὶ
3527 1691 3680 1761 Λόγος
3709 1697 3783 1747 τοῦ

589 1779 815 1832 nitatem
867 1777 1170 1832 exiuauivit
1218 1777 1590 1848 semetipsum,
1639 1790 1693 1834 et
1733 1779 1965 1836 formam
2019 1783 2160 1837 servi

2265 1775 2402 1829 Θεοῦ
2456 1776 2552 1830 καὶ
2605 1777 2854 1847 Πατρδς,
2897 1777 2965 1830 δι⁹
3013 1777 3190 1848 ἄκραν
3235 1776 3547 1848 ἀγαθὸτητα
3584 1777 3786 1840 κενώσας

589 1871 822 1940 accepit,
852 1869 907 1924 in
933 1868 1107 1924 forma
1143 1881 1334 1925 nostra
1367 1882 1714 1942 conspectus.
1765 1872 1880 1929 Hoc
1903 1874 2047 1929 enim
2078 1885 2162 1930 est

2267 1868 2480 1930 ἑαυτὸν,
2513 1841 2932 1940 μορφὴν-δούλου
2962 1841 3154 1922 ἐλαϐεν
3177 1870 3235 1922 ὲν
3256 1841 3336 1938 τνῷ
3364 1841 3490 1922 καθλ
3520 1869 3656 1941 ἡμᾶς
3685 1870 3786 1924 εῖδει

589 1962 736 2032 quod
768 1963 846 2016 ait
871 1958 1182 2032 Theologns
1233 1978 1248 2016 :
1278 1961 1346 2017 Et
1382 1960 1608 2017 Verbum
1628 1981 1754 2018 caro
1773 1966 1971 2035 factum
1998 1977 2076 2021 est
2095 1969 2114 2000 °
2143 1983 2158 2031 ;

592 2065 647 2110 et
684 2053 831 2124 quod
879 2068 1114 2123 magnus
1161 2053 1452 2122 Apostolus
1506 2054 1676 2108 dicit:
1729 2054 1873 2110 Deus
1912 2056 2160 2126 apparuit

590 2147 648 2200 in
676 2162 834 2201 carne
865 2145 930 2199 ιο.
962 2143 1029 2200 Et
1065 2161 1207 2200 unus
1245 2146 1500 2217 idemque
1532 2157 1617 2202 est
1663 2147 1716 2201 in
1752 2148 1965 2204 duabus
1999 2159 2162 2204 natu-

586 2239 692 2304 ris,
721 2237 998 2308 perfectus
1025 2235 1190 2299 Deus,
1221 2247 1277 2292 et
1301 2237 1572 2308 perfectus
1602 2241 1768 2295 homo
1793 2258 1807 2294 :
1839 2249 1893 2296 et
1917 2241 1972 2294 in
2008 2252 2164 2296 utro-

590 2346 700 2402 que
751 2329 995 2402 perfecto
1023 2330 1409 2400 proprietatem
1453 2333 1661 2388 nullam
1696 2349 1802 2409 non
1835 2335 2159 2405 assumpsit,

595 2423 802 2479 habens
823 2422 1032 2478 scilicet
1059 2431 1118 2476 ut
1149 2421 1294 2478 Deus
1352 2426 1539 2478 omnia
1607 2441 1731 2495 qua:
1768 2424 1952 2482 Patris
1982 2437 2111 2483 sunt
2142 2443 2158 2494 ;

592 2520 648 2566 et
668 2520 730 2567 ut
751 2512 938 2578 homo,
968 2514 1152 2568 omnia
1185 2529 1307 2583 quae
1351 2512 1562 2578 Matris,
1590 2527 1848 2586 tauquam
1874 2533 2164 2588 germanus

589 2601 761 2660 ﬁlius.
794 2593 1265 2671 Quemadmodum
1300 2621 1430 2678 ergo
1474 2622 1539 2662 ex
1571 2606 1730 2663 Patre
1757 2608 2162 2664 incircumscri-

596 2707 742 2765 ptus,
783 2696 866 2751 sic
913 2711 982 2752 ex
1032 2693 1206 2752 Matre
1259 2696 1752 2768 circumscriptus,
1786 2699 1889 2752 hoc
1917 2709 2020 2766 est,
2068 2700 2161 2770 qui

595 2803 694 2860 per
720 2788 1034 2860 imaginem,
1055 2789 1280 2860 perinde
1301 2805 1367 2844 ac
1385 2799 1576 2854 mater,
1602 2791 1958 2859 exprimatur.
1982 2790 2164 2858 Quare

600 2882 972 2948 lconomaclti,
1005 2883 1073 2938 ad
1105 2897 1246 2952 quos
1285 2882 1518 2952 pertinet
1545 2883 1659 2937 haec
1686 2883 2026 2954 disceptatio,
2052 2899 2161 2939 non

596 2975 919 3032 conﬁtentes
977 2974 1130 3029 illum
1183 2974 1585 3035 circumscribi.
1653 2975 1795 3030 haud
1855 2975 2020 3031 dubie
2061 2991 2164 3032 nec

597 3081 918 3138 germanum
946 3065 1134 3124 Matris
1152 3067 1323 3123 lilium
1358 3066 1603 3122 conliteri
1655 3065 2160 3137 deprehenduntur,

597 3162 694 3217 sed
746 3159 983 3215 alienum
1017 3161 1215 3228 potius.
1259 3159 1364 3227 Qui
1396 3160 1543 3214 enim
1591 3175 1930 3230 germanum,
1974 3170 2028 3216 et
2056 3177 2161 3216 non
2191 3183 2238 3242 ο

599 3252 835 3308 alienum
869 3253 1111 3322 penitus,
1161 3252 1264 3306 nisi
1297 3252 1350 3306 in
1389 3252 1646 3308 omnibus
1685 3262 1893 3307 natura:
1925 3255 2169 3323 proprie-

598 3344 806 3398 tatibus
849 3342 1100 3414 genitrici
1139 3342 1317 3398 simile
1370 3343 1440 3397 sit
1479 3343 1624 3412 quod
1657 3357 1726 3397 ex
1755 3343 1848 3398 illa
1881 3344 2171 3414 genitum?

600 3431 674 3489 υι
716 3434 859 3488 enim
901 3432 1202 3488 secundum
1257 3433 1825 3504 circumscriptionem
1880 3449 2173 3492 commune

599 3524 740 3580 nihil
769 3523 932 3578 habet
960 3539 1084 3578 cum
1111 3522 1293 3590 Patre,
1326 3525 1421 3579 sed
1461 3540 1584 3580 cum
1619 3523 1812 3592 Matre,
1868 3526 1945 3581 ita
1977 3542 2174 3583 secun-

600 3613 732 3667 dum
771 3613 1417 3684 incircuinscriptionem,
1454 3615 1575 3670 vice
1594 3629 1891 3681 vera,cum
1917 3617 2174 3674 Genitore

601 3704 923 3759 communio
949 3713 1052 3766 est,
1080 3719 1189 3759 non
1219 3720 1342 3760 cum
1383 3703 1680 3762 Genitrice.

675 3792 769 3850 Sic
804 3809 863 3851 se
916 3794 1076 3850 habet
1118 3802 1327 3850 rectum
1359 3795 1611 3850 veritatis
1634 3795 1836 3866 dogma
1865 3815 1879 3851 :
1914 3797 2026 3851 haec
2043 3812 2176 3866 apo-

601 3889 794 3943 stolica
840 3887 1018 3942 ﬁdes:
1070 3887 1548 3956 circumscriptum
1599 3889 1845 3943 conﬁteri
1892 3888 2173 3944 Christum

602 3982 657 4033 in
681 3995 867 4034 carne.
910 3978 1005 4033 Sic
1033 3979 1178 4032 enim
1208 3993 1440 4047 magnus
1479 3978 1748 4036 Basilius:
1787 4002 1807 4032 ι
1842 3979 2177 4051 Depingatur

604 4070 657 4124 in
683 4069 868 4124 tabula
905 4067 1270 4122 certaminum
1319 4083 1520 4138 praeses
1565 4068 1844 4126 Christus.
1883 4089 1902 4121 ι
1930 4071 1996 4125 Et
2023 4072 2174 4142 depi-

601 4172 746 4216 ctam
801 4161 1094 4230 imaginem
1139 4161 1410 4228 venerari,
1458 4170 1718 4232 tauquam
1767 4163 1995 4220 adorato
2031 4165 2083 4218 in
2115 4181 2178 4220 ea

603 4251 842 4307 Christo.
882 4249 942 4304 lu
972 4250 1207 4320 imagine
1247 4251 1448 4321 quippe
1479 4253 1666 4308 videre
1691 4269 1750 4310 se
1783 4256 2034 4327 angelum
2068 4256 2180 4312 cla-

602 4353 717 4396 mat
752 4356 956 4397 aureus
999 4341 1452 4411 Chrysostomus.
1485 4339 1542 4396 Si
1581 4351 1761 4396 autem
1800 4345 2176 4413 incorporeum

603 4434 658 4490 in
677 4433 934 4504 imagine,
955 4443 1162 4502 quanto
1186 4433 1361 4503 magis
1383 4448 1611 4503 corpore
1635 4434 1884 4489 indutum
1909 4434 2182 4490 Verbum?

2265 1959 2469 2028 ὀφθείς.
2494 1959 2666 2013 Τοῦτο
2695 1960 2806 2032 γάρ
2833 1962 2982 2014 ἐστιν
3007 1960 3036 2014 ὁ
3065 1977 3230 2030 φησιν
3269 1963 3298 2014 6
3335 1959 3620 2029 Θεολόγοςν
3650 1961 3742 2015 Καί
3763 1965 3788 2015 ό

2265 2052 2458 2121 Λόγος
2499 2051 2657 2120 σὰρξ
2703 2051 2970 2122 ἐγένετοο
3014 2053 3111 2107 καὶ
3137 2053 3167 2107 ὃ
3195 2069 3358 2124 φησιν
3388 2055 3420 2107 6
3459 2053 3623 2123 μέγας
3660 2053 3789 2106 Ἀπόο

2269 2143 2480 2207 στολος·
2517 2145 2661 2210 Θεὸς
2703 2145 3043 2214 ἐφανερώθη
3069 2145 3140 2198 ἐν
3171 2146 3370 2214 σαρκί.
3421 2145 3533 2199 Kal.
3570 2144 3700 2198 ἔστιν
3728 2139 3790 2206 si;

2267 2235 2363 2286 καὶ
2388 2235 2416 2288 ὁ
2440 2233 2601 2297 αὐτὸς
2629 2235 2687 2286 ἐν
2717 2233 2839 2286 δυσὶ
2866 2232 3059 2303 φύσεσι
3085 2231 3289 2298 τέλειος
3316 2233 3477 2300 Θεὸς,
3513 2235 3604 2289 καὶ
3626 2233 3791 2298 τέλειος

2267 2325 2574 2396 ἄνθρωπος,
2625 2325 2723 2379 καὶ
2771 2325 2830 2378 ὲν
2876 2325 3124 2396 ἐκατέρῳ
3172 2324 3363 2396 τελείῳ
3427 2325 3526 2396 οὐχ
3573 2325 3710 2395 ὑφείς
3748 2341 3792 2378 τι

2271 2415 2468 2485 ἰδίωμα
2500 2416 2903 2489 ἀπρόσληπτον,
2943 2417 3081 2488 ἔχων
3111 2416 3169 2470 δὲ
3207 2417 3413 2487 μᾶλλον
3445 2419 3515 2472 τὰ
3539 2417 3791 2473 πάντατώ

2270 2509 2483 2580 lla-:96;
2515 2507 2732 2573 θεῖκῶς,
2765 2510 2857 2562 καὶ
2889 2508 3066 2563 πάντα
3083 2509 3156 2562 τὰ
3181 2509 3283 2579 τῆς
3311 2509 3534 2582 Μειγιιρὸι⁵
3562 2510 3792 2580 avem-

2267 2600 2400 2662 κῶς,
2455 2600 2530 2664 ὡς
2595 2601 2710 2663 υίὸς
2765 2601 3007 2670 γνήσιος.
3058 2600 3147 2664 Ὦς
3199 2596 3295 2656 οῦν
3345 2602 3418 2656 ἐκ
3475 2601 3566 2656 τοῦ
3621 2602 3792 2672 Πατρὸς

2267 2691 2682 2762 ἀπερίγραπτος
2703 2733 2719 2757 ,
2753 2690 2926 2755 οὕτως
2951 2692 3016 2745 ὲκ
3044 2695 3146 2764 τῆς
3171 2691 3396 2763 Μητρὸς
3429 2693 3790 2764 περιγραπτδς,

2267 2785 2436 2855 ἤγουν
2469 2783 2924 2855 ὲξεικονιζόμενος
2958 2784 3327 2856 μητρομοίως.
3375 2785 3445 2837 υί
3490 2779 3581 2838 οὖν
3617 2784 3794 2837 Εἰκονο-

2271 2876 2437 2946 μάχοι
2457 2915 2473 2942 ,
2503 2877 2634 2948 περὶ
2662 2869 2738 2930 ὧν
2767 2876 2863 2930 καὶ
2891 2877 2953 2929 τὸ
2979 2874 3153 2930 ταῦτα
3182 2874 3557 2947 δογματίζειν,
3590 2874 3656 2946 μὴ
3691 2875 3795 2944 ὁμο·

2268 2966 2555 3036 λογοῦντες
2596 2967 2758 3022 αὑτὸν
2787 2967 3252 3040 περιγράφεσθαι,
3283 2968 3627 3040 εὑρίσκονται
3651 2967 3795 3036 ἀσφα-

2269 3060 2374 3124 λῶς
2406 3061 2543 3132 μηδὲ
2561 3061 2844 3131 ὁμολογεῖν
2872 3061 3036 3116 αὑτὸν
3064 3063 3290 3132 γνήσιον
3318 3062 3440 3116 υίδν
3467 3062 3564 3132 τῆς
3585 3061 3792 3132 Μητρός·

2271 3150 2374 3205 ποῦ
2399 3154 2508 3224 γὰρ
2532 3153 2592 3204 τὸ
2620 3153 2866 3223 γνήσιον,
2885 3153 2981 3204 καὶ
2996 3151 3057 3204 οὐ
3087 3152 3267 3222 πάντη
3303 3151 3510 3224 μᾶλλον
3537 3151 3794 3222 ἀλλότριον,

2269 3243 2336 3297 ἂν
2369 3244 2445 3314 μὴ
2474 3243 2617 3297 κατὰ
2659 3243 2758 3314 τὴν
2789 3243 3130 3314 γεννήσασαν
3162 3243 3221 3295 ὲν
3248 3243 3386 3295 πᾶσι
3431 3243 3543 3305 τοῖς
3589 3241 3796 3308 φυσικοῖς

2272 3333 2560 3406 ἰδιώμασιν
2604 3329 2716 3388 εἷεν
2749 3335 2814 3388 ἂν
2848 3335 2942 3387 καὶ
2971 3334 3036 3387 τὺ
3081 3334 3364 3406 γέννημα;
3426 3333 3516 3396 Ὠς
3545 3331 3646 3400 γὰρ
3676 3329 3792 3386 κατά

2267 3426 2366 3498 τὴν
2393 3425 2743 3497 περιγραφὴν
2793 3425 3051 3496 οὐδεμίαν
3098 3425 3388 3480 κοινωνίαν
3426 3423 3538 3495 ἔχει
3574 3423 3696 3496 πρὸς
3723 3423 3794 3475 τὸν

2271 3519 2494 3592 Πατέρα
2516 3559 2532 3584 ,
2563 3520 2700 3573 ἀλλὰ
2724 3519 2860 3591 πρὸς
2883 3520 2982 3590 τὴν
3019 3519 3282 3590 Μητέρα’
3321 3517 3499 3584 οὕτως
3539 3518 3652 3572 οὐδὲ
3683 3514 3794 3570 κατὰ

2269 3611 2367 3682 τὴν
2398 3611 2675 3682 ἀγραφίαν
2705 3611 2767 3664 τὸ
2791 3610 3030 3680 ἔμπαλιν
3049 3626 3064 3640 °
3090 3611 3228 3682 πρὸς
3257 3611 3351 3665 τὸν
3374 3611 3692 3683 γεννήσαντα
3708 3610 3794 3679 γὰρ

2270 3703 2304 3773 ἡ
2335 3701 2615 3766 κοινωνία,
2645 3702 2706 3754 οὐ
2742 3701 2878 3772 πρὸς
2911 3700 3011 3770 τὴν
3039 3699 3326 3755 τεκοῦσαν.

2341 3791 2528 3855 οὕτως
2545 3791 2606 3844 τὸ
2633 3791 2794 3862 ὀρθὸν
2818 3791 2996 3862 δόγμα
3018 3791 3117 3862 τῆς
3137 3783 3412 3862 Ἀληθείας
3432 3807 3450 3823 ο
3465 3790 3598 3862 αὕτη
3621 3792 3651 3859 ἠ
3685 3791 3794 3844 ἀπο-

2274 3881 2494 3954 στολικὴ
2520 3881 2703 3946 πίστις
2724 3899 2738 3914 ’
2776 3883 3154 3954 περιγραπτὺν
3182 3883 3472 3953 ὁμολογεῖν
3491 3883 3578 3937 τὸν
3603 3881 3799 3956 Χριστὸν

2273 3976 2330 4028 ὲν
2356 3975 2541 4044 σαρκί.
2577 3974 2687 4028 Kal.
2717 3974 2848 4042 γοῦν
2869 3977 2898 4028 6
2930 3974 3104 4045 μέγας
3136 3974 3423 4040 Βασίλειος
3442 3991 3458 4006 ο
3499 3995 3520 4027 ι
3539 3971 3797 4045 Ἐγγραφίά

2275 4066 2389 4121 σθω
2420 4067 2498 4139 τῷ
2528 4067 2716 4120 πίνακι
2756 4067 2852 4120 καὶ
2879 4069 2907 4121 6
2928 4067 3040 4119 τῶν
3073 4068 3479 4140 παλαισμάτων
3504 4065 3799 4136 ἀγωνοθέτης

2279 4160 2534 4230 Χριστός.
2557 4180 2576 4212 ι
2615 4161 2723 4214 Kal.
2747 4159 2845 4230 τὴν
2869 4161 3330 4232 ἐγγεγραμμένην
3365 4161 3548 4215 εἰκόνα
3567 4157 3798 4229 studuit;

2277 4251 2336 4303 ὲν
2363 4251 2500 4322 αὐτῇ
2537 4253 3015 4322 προσ>.υνουμένου
3044 4252 3304 4324 Χριστοῦ.
3337 4253 3427 4306 Ἐν
3460 4252 3566 4323 γὰρ
3584 4253 3642 4322 τῇ
3662 4247 3797 4302 εἰκόνι

2281 4344 2380 4418 βοᾷ
2407 4346 2434 4396 ὁ
2467 4343 2704 4414 χρυσοῦς
2745 4341 3133 4414 Χρυσόσὲομος
3183 4344 3312 4398 ἰδεῖν
3345 4343 3595 4411 ἄγγελον.
3641 4339 3735 4393 Καὶ
3761 4336 3798 4389 εἰ

2278 4437 2369 4492 τόν
2398 4437 2690 4504 ἀσώματον
2715 4436 2774 4488 ὲν
2799 4439 2969 4491 εἰκόνι
2991 4453 3006 4468 ·
3039 4437 3191 4508 πόσῳ
3213 4433 3307 4491 οὖν
3333 4433 3536 4505 μᾶλλον
3557 4433 3642 4487 τὸν
3667 4427 3800 4484 ὲνσώδ

603 4523 761 4589 Quod
809 4523 858 4579 si
887 4523 1056 4585 videt,
1111 4531 1321 4579 certum
1360 4531 1446 4578 est
1487 4523 1636 4594 quod
1692 4525 1858 4578 etiam
1905 4527 2094 4580 adoret
2124 4527 2170 4581 in

2287 4549 2455 4602 ματον
2496 4533 2704 4601 Λόγον;
2734 4531 2845 4586 Καὶ
2881 4533 2930 4584 εἰ
2961 4533 3085 4602 ὁρᾷ,
3118 4530 3276 4600 δῆλον
3315 4531 3399 4584 ὅτι
3430 4531 3526 4584 καὶ
3551 4523 3802 4597 προσκυνεῐ

604 4614 840 4685 imagine
901 4614 1208 4685 angelum:
1261 4615 1724 4686 quemadmodum
1781 4625 1838 4670 et
1881 4617 2181 4674 Christum.

605 4708 666 4761 ln
697 4707 934 4778 imagine
966 4708 1110 4762 enitn
1157 4709 1340 4763 videre
1372 4708 1663 4774 meruisse,
1698 4723 1799 4779 par
1840 4721 1924 4766 est
1955 4725 2022 4765 ac
2051 4711 2182 4766 ado-

604 4813 730 4854 rare
762 4816 777 4853 :
819 4817 837 4851 ι
865 4797 1314 4869 Quandoquidem
1355 4800 1530 4854 honor
1560 4799 1813 4870 imaginis
1839 4801 1907 4856 ad
1937 4811 2184 4874 prototy-

605 4905 734 4962 pum
807 4893 1022 4960 transit,
1059 4911 1077 4945 ι
1119 4901 1178 4947 ut
1224 4908 1439 4947 rursum
1506 4893 1581 4947 ait
1636 4909 1869 4964 magnus
1923 4893 2181 4951 Basilius.

606 4980 905 5052 Negatores
933 4982 1112 5052 itaque
1132 4992 1259 5038 sunt
1280 4983 1504 5049 Christi,
1535 4983 2022 5054 quicontumeliosi
2055 4994 2182 5041 sunt

609 5074 664 5128 in
709 5073 998 5144 imaginem
1036 5091 1049 5128 :
1083 5083 1246 5144 atque
1274 5073 1415 5128 hanc
1445 5086 1788 5144 spernentes,
1818 5078 2180 5146 contemptio-

610 5178 736 5220 nem
795 5163 853 5218 in
928 5163 1104 5234 ipsum
1156 5163 1514 5233 transferunt,
1557 5165 1683 5221 licet
1731 5166 2012 5222 Christum
2043 5183 2178 5224 con-

611 5257 750 5312 ﬁteri
783 5271 846 5312 se
903 5255 1082 5310 dicant
1119 5274 1134 5310 :
1181 5257 1459 5326 quomodo
1503 5256 1783 5315 daemones
1811 5261 1976 5316 etiam
2008 5259 2178 5317 conﬁ-

611 5357 793 5405 tentur
827 5348 892 5416 ¹¹,
937 5347 1134 5418 inquit,
1185 5346 1486 5414 Christum,
1525 5348 1684 5407 factis
1729 5367 1858 5407 vero
1883 5363 2082 5424 negant
2112 5353 2176 5408 ".

607 5443 804 5516 Magna
831 5442 1016 5514 igitur,
1041 5440 1263 5504 fratres,
1287 5441 1538 5512 impietas
1559 5443 1800 5510 illorum,
1835 5455 1890 5500 et
1919 5445 2176 5515 praeclara

611 5535 882 5606 confessio
933 5544 1145 5596 nostra,
1202 5534 1376 5589 nihilo
1415 5534 1639 5590 inferior
1676 5553 1840 5605 quam
1879 5545 2175 5607 martyrum

612 5609 986 5693 antiquorum.
1037 5621 1188 5680 State
1217 5622 1380 5696 igitur
1417 5624 1648 5691 fortiter,
1694 5626 2005 5703 nullatenus
2049 5627 2180 5681 titus

2284 4627 2344 4678 ἐν
2386 4625 2555 4680 εἰκόνι
2585 4623 2679 4678 τὸν
2708 4623 2969 4693 ἄγγελον
3009 4623 3200 4694 ὥσπερ
3227 4623 3325 4676 καὶ⁵
3351 4623 3446 4676 τὸν
3475 4619 3707 4691 Χριστόν.
3746 4607 3802 4666 Tit

2229 4762 2232 4766 .
2282 4719 2393 4788 γὰρ
2439 4717 2738 4787 ἀξιωθῆναι
2773 4717 2901 4771 ἰδεῖν
2927 4719 2985 4770 ὲν
3011 4717 3204 4786 Γραφῇ
3227 4716 3365 4780 ,ἴσον
3408 4714 3528 4767 ἐστὶ
3555 4713 3628 4783 τῷ
3660 4724 3798 4781 προσ-

2282 4813 2464 4865 κυνεῖν
2484 4825 2498 4840 ο
2536 4827 2556 4862 ι
2605 4809 2865 4878 Ἐπείπερ
2904 4808 2998 4862 καὶ⁵
3020 4810 3056 4878 ἡ
3081 4807 3181 4876 τῆς
3222 4807 3429 4869 εἰκόνος
3459 4805 3612 4876 τιμὴ,
3648 4801 3730 4857 ὲπί
3756 4797 3804 4852 τὸ

2283 4904 2641 4974 πρωτότυπον
2695 4902 2995 4965 ἀναϐαίνει,
3033 4919 3053 4953 ι
3105 4900 3180 4964 ὡς
3241 4900 3340 4954 πά)
3352 4917 3400 4954 ιν
3446 4900 3606 4970 φησὶν
3658 4899 3683 4951 ὀ
3730 4892 3804 4964 μὲ-

2287 5012 2391 5064 γας
2439 4993 2586 5068 [cod.
2624 4994 2759 5064 Reg.
2789 4993 2926 5063 φαίη
2969 4994 2997 5046 6
3042 4990 3210 5056 Θεῖος]
3252 4989 3551 5052 Βασίλειος.
3594 4980 3803 5056 ’Δρνηταὶ

2283 5083 2575 5156 τοιγαροῦν
2605 5085 2712 5137 εἰσι
2739 5083 2999 5154 Χριστοῦ,
3025 5082 3076 5134 οἰ
3125 5080 3226 5150 τῆς
3253 5079 3464 5142 εἰκόνος
3494 5074 3651 5132 αὑτοῦ
3679 5071 3803 5140 ὑδρι-

2287 5177 2429 5242 σταὶ,
2477 5175 2566 5229 διὰ
2598 5174 2700 5245 τῆς
2727 5175 2816 5228 ἐπ’
2851 5173 3020 5244 αὐτῆς
3049 5171 3361 5243 ἀθετήσεως
3385 5210 3401 5235 ,
3437 5171 3520 5232 εἰς
3551 5166 3698 5221 αὐτὸν
3725 5161 3800 5229 τὴν

2285 5267 2544 5338 ἀθέτησιν
2586 5267 2948 5338 ἀναφέροντες
2967 5282 2980 5298 ·
3012 5265 3116 5319 κᾶν
3141 5263 3374 5332 λέγωσιν
3399 5261 3670 5332 ὁμολογεῖν
3695 5255 3801 5323 Χρι-

2287 5357 2444 5412 στὸν⁶
2473 5356 2599 5410 ἐπεὶ
2621 5356 2805 5409 καὶτὰ
2841 5354 3099 5426 δαιμόνια
3129 5351 3473 5424 ὁμολογοῦσι,
3502 5349 3646 5419 φησὶ,
3677 5343 3798 5399 Θεὸν.

2283 5451 2395 5513 τοῖς
2435 5448 2490 5502 δὲ
2541 5448 2724 5520 ἔργοις
2769 5447 3082 5519 ἀρνοῦνται.
3132 5444 3293 5515 Μέγα
3334 5439 3448 5507 οὖν.
3497 5437 3723 5508 ἀδελφοὶ,
3753 5432 3800 5484 τὸ

2285 5539 2542 5610 ἀσέϐημα
2573 5539 2750 5593 αὐτῶν
2769 5555 2783 5570 ο
2817 5540 2910 5592 καὶ
2941 5538 3150 5610 μεγάλη
3177 5539 3211 5609 ὴ
3235 5535 3493 5607 ὁμολογία
3519 5531 3667 5604 ἡμῶν
3687 5545 3700 5559 ο
3723 5523 3798 5610 καὶ

2286 5631 2512 5685 οῠτίπου
2561 5628 2865 5683 ἀποδέουσα
2891 5629 3000 5682 τῶν
3041 5626 3206 5682 πάλαι
3234 5624 3540 5698 μαρτύρων.
3559 5618 3708 5690 Στῆτε
3726 5609 3804 5666 οὖν

689 5806 906 5864 'Galat.
939 5821 993 5870 v,
1034 5810 1087 5871 6.
1163 5807 1184 5840 ⁹
1213 5803 1368 5862 Joan.
1403 5823 1439 5874 ι,
1471 5806 1557 5862 Η.
1633 5805 1677 5838 ¹⁰
1708 5805 1725 5860 l
1761 5805 1904 5864 Tim.
1941 5823 2025 5878 ut,
2053 5808 2116 5863 16

2286 5806 2402 5865 Jac.
2436 5825 2498 5874 ιι,
2535 5810 2617 5865 i9.
2695 5807 2738 5840 "
2765 5809 2851 5864 Tit
2899 5827 2944 5880 ι,
2979 5807 3064 5866 i6.
