4060 6374
247 346 384 423 1489

1433 339 1972 405 EPISTOLARUM
2013 343 2164 406 LIB.
2235 344 2319 404 II-

3380 339 3519 409 1490

243 458 530 534 κραταιῶς
556 455 704 530 [cod.
733 455 872 530 Reg.
904 453 1194 530 κραταιοὶ]
1226 454 1471 528 μηδόλως
1510 453 1834 520 ὀκλάζοντες

1956 463 2133 513 iantes
2189 455 2242 510 in
2286 453 2375 510 bis
2417 468 2541 526 quae
2578 468 2704 510 vera
2746 467 2870 512 esse
2912 453 3358 511 demonstratum
3383 463 3518 522 est;

245 551 379 624 περὶ
437 550 548 606 τῶν
600 550 706 622 ἤδη
767 544 1174 612 ἀποδεικτικῶς
1233 545 1654 619 ὴληθευμένων·
1693 546 1831 603 ἀλλὰ

241 643 415 716 ταύτῃ
444 647 512 716 τῇ
552 643 735 697 πίστει
768 641 962 714 μέχρις
993 639 1227 711 αἵματος
1247 679 1263 705 ,
1297 640 1349 694 sl
1392 636 1587 709 καλοίη
1616 639 1829 712 καιρὸς,

247 737 606 807 ὑποδυόμενοι
654 735 782 800 τοὺς
812 733 1057 804 ἀγῶνας.
1095 732 1376 788 Ἐντεῦθεν
1419 731 1701 788 ἀνατέλλει
1738 733 1834 787 καὶ

247 833 276 888 6
306 831 527 903 φαεινὸς
552 830 690 902 βίος,
723 829 783 897 ἐξ
811 829 964 902 ἡλίου
994 829 1148 902 ἥλιος
1167 845 1182 860 ·
1219 827 1453 901 ἐπείπερ
1480 829 1709 902 θάτερον
1739 829 1835 884 θα-

244 923 406 995 τέρου
455 921 758 994 μαρτύριον
810 921 841 974 6
891 918 1216 991 ἀδελφόθεος
1262 919 1610 992 ἀποδέδειχεν
1663 915 1826 974 εἶναι.

258 1015 537 1085 ’Δγαπᾶτε
562 1013 655 1067 τὸν
693 1011 828 1068 Θεὸν
873 1012 936 1078 ἐξ
975 1009 1276 1084 ὁλοκλήρου
1312 1010 1420 1066 τῶν
1453 1002 1624 1083 τριῶν
1668 1010 1832 1066 δυνά-

250 1122 420 1178 μεων,
476 1103 660 1169 καθὼς
690 1105 724 1176 ἡ
753 1102 942 1174 ἐντολὴ
976 1101 1215 1157 κελεύει.
1263 1103 1540 1171 Ἀγαπᾶτε
1573 1103 1670 1157 καὶ
1705 1103 1834 1156 ἑαυςι

245 1199 380 1264 τοὺς
413 1197 490 1262 ώς
519 1197 657 1269 μέλη
680 1195 942 1268 Χριστοῦ.
1000 1197 1098 1250 Ἐν
1121 1195 1310 1261 τούτῳ
1335 1195 1467 1264 γὰρ,
1503 1195 1662 1266 φησι,
1687 1198 1836 1265 γνώ-

248 1305 466 1347 σονται
491 1289 737 1358 πάντες,
766 1291 857 1345 ὅτι
901 1290 1033 1361 ἐμοὶ
1057 1290 1321 1360 μαθηταί
1352 1291 1518 1355 ἐστε,
1547 1287 1656 1344 ἐὰν
1687 1287 1836 1358 ἀτά-

249 1401 379 1455 πην
425 1384 599 1455 ἔχετε
651 1384 724 1438 ἐν
751 1383 1072 1453 ἀλλήλοις.
1117 1381 1219 1436 Διὰ
1260 1381 1498 1445 πίστεως
1543 1380 1708 1450 ἄγετε
1746 1380 1850 1434 τὸν.

249 1474 667 1548 καθηγούμενον
716 1475 910 1548 ὑμῶν’
962 1473 1154 1547 μηδεὶς
1213 1472 1356 1528 ἔστω
1412 1471 1840 1542 ἀνεξαγόρευτος

251 1567 406 1639 αύτῷ
424 1583 442 1600 ο
474 1570 504 1623 6
531 1567 642 1640 γὰρ
666 1567 910 1632 τοιοῦτος
937 1566 1280 1639 ὀφιοτρόφος.
1317 1566 1523 1637 Μηδεὶς
1550 1565 1839 1636 χλιαρόπι-

255 1676 414 1726 στοςο
445 1662 474 1714 6
504 1661 617 1733 γὰρ
641 1658 885 1724 τοιοῦτος
920 1659 1188 1732 ἀμέτοχος
1213 1659 1314 1728 τῆς
1351 1657 1444 1710 τοῦ
1477 1657 1636 1725 ἁγίου
1664 1654 1838 1710 [lueti-

259 1768 433 1824 ματος
458 1750 685 1816 ζέσεως.
717 1750 923 1821 Μηδεὶς
989 1750 1418 1822 κρυφιοκτήμων
1436 1765 1450 1778 ·
1474 1750 1502 1801 6
1530 1747 1641 1819 γὰρ
1665 1746 1841 1801 ratch

255 1820 350 1906 τος
383 1820 1042 1914 Ἰουδοκλέπτης.Μηδεὶς
1064 1839 1401 1912 ίδιόγνωμος·
1427 1841 1456 1893 6
1476 1841 1584 1911 γὰρ
1602 1837 1840 1902 τοιοῦτος
1873 1820 1917 1879 Β

258 1931 626 2006 ὲξωμόναχος.
659 1933 866 2003 Μηδεὶς
895 1933 1360 2006 παῤῥησιοποιύς·
1401 1935 1430 1988 6
1463 1933 1574 2008 γὰρ
1605 1931 1844 1996 τοιοῦτος

259 2025 663 2099 φθορεργάτης.
697 2025 907 2099 Μηδεὶς
945 2023 1320 2100 κλεψιφάγος·
1369 2027 1399 2080 6
1441 2026 1550 2096 γὰρ
1605 2024 1845 2088 τοιοῦτος

259 2115 596 2190 δουλόμοιος.
626 2119 836 2190 Μηδεὶς
861 2119 932 2173 ἐν
950 2117 1166 2188 μηδενὶ
1191 2117 1402 2186 διδοὺς
1441 2117 1809 2190 προσκοπήν
1829 2134 1843 2150 -

260 2210 365 2268 ἵνα
391 2209 480 2280 μὴ
500 2209 754 2280 μωμηθῇ
779 2211 819 2281 ή
853 2209 1164 2276 διακονία,
1205 2209 1280 2274 ώς
1310 2209 1410 2282 βοᾷ
1440 2211 1468 2264 6
1503 2208 1844 2271 Ἀπόστολοςο

262 2303 408 2360 ἀλλ’
435 2301 507 2357 ἐν
539 2301 722 2356 παντὶ
783 2299 1099 2356 συνιστῶν
1130 2300 1353 2358 ἑαυτὸν
1380 2302 1460 2370 ὡς
1487 2301 1636 2357 Θεοῦ
1658 2298 1851 2354 6‘1de-

260 2410 396 2460 νον,
419 2393 490 2448 ἐν
515 2393 796 2464 ὑπομονῇ
824 2393 1028 2464 πολλῇ
1051 2434 1068 2461 ,
1096 2394 1168 2450 ἐν
1196 2396 1501 2465 θλίψεσιν,
1541 2394 1612 2448 ἐν
1637 2409 1850 2448 στενο-

267 2489 538 2557 χωρίαις,
571 2487 668 2541 καὶ
699 2488 814 2550 τοῖς
846 2487 1077 2552 λοιποῖς,
1104 2481 1186 2552 οἷς
1213 2487 1376 2552 αὐτὸς
1401 2487 1848 2559 ἀπηριθμήσατο,

265 2576 616 2650 καταρτίζων
655 2577 749 2632 τὸν
783 2577 1037 2650 ἀληθινὸν
1081 2579 1429 2650 Χριστιανόν.
1460 2579 1524 2632 Et
1568 2577 1628 2632 δὲ
1667 2579 1696 2630 6
1747 2577 1852 2630 ύπ-

263 2671 433 2744 ήκοος
474 2669 651 2735 οὕτως
673 2687 687 2702 ’
733 2670 788 2724 τί
813 2673 907 2725 καὶ
936 2672 1102 2728 πόσον
1145 2673 1430 2728 ἀπαιτοῖτο
1453 2675 1481 2727 6
1504 2672 1853 2745 καθηγούμει

265 2775 381 2829 νος,
409 2761 579 2827 τύπος
609 2761 814 2832 ἀγαθὸς
839 2757 914 2815 ὢν
952 2761 1197 2818 διδάσκει
1226 2762 1460 2840 ὀφείλων
1493 2764 1852 2834 προκεῖσθαι;

266 2855 460 2925 Μέγας
497 2855 526 2908 6
553 2852 736 2924 ἀγών·
782 2853 922 2908 ἀλλὰ
963 2855 1056 2908 καὶ
1101 2857 1130 2909 6
1179 2855 1367 2926 μισθὸς
1397 2853 1852 2926 ἀπειροπλάσιος,

270 2943 526 3024 βασιλεία
549 2945 820 3018 οὐρανῶν,
849 2939 917 3019 ἧς
946 2943 1312 3017 ἀξιωθείημεν
1337 2947 1432 2999 καὶ
1461 2945 1721 3020 ἄρχοντες
1761 2951 1855 2998 καὶ

270 3025 591 3110 ἀρχόμενοι,
641 3036 803 3100 θείως
831 3036 1170 3109 βιοτεύοντες
1217 3039 1276 3091 ὲν
1307 3036 1529 3108 Χριστῷ
1565 3037 1740 3106 Ἰησοῦ
1777 3037 1856 3106 τῷ

1935 550 2032 606 sed
2075 562 2182 619 pro
2227 549 2332 605 hac
2361 548 2468 604 fide
2515 547 2819 606 certamina
2855 563 3036 619 usque
3081 547 3150 603 ad
3171 547 3519 621 sanguinem,

1935 640 1983 700 si
2037 657 2128 698 res
2178 641 2382 713 exigat,
2427 655 2536 696 nou
2585 641 2935 713 refugientes.
2992 639 3135 697 Hinc
3177 641 3429 697 exoritur
3465 651 3524 697 et

1936 731 2119 788 lucida
2151 733 2284 800 vita,
2311 748 2373 787 ex
2412 733 2527 788 sole
2567 733 2648 789 sol
2676 753 2691 800 ;
2742 734 2975 790 alterum
3005 731 3276 804 siquidem
3294 733 3524 791 alterius

1939 826 2202 881 indicium
2241 839 2364 882 esse
2396 825 2565 882 frater
2599 826 2814 882 Domini
2865 825 3243 896 comprobavit
3274 827 3341 883 “.
3384 825 3525 882 Dili-

1937 918 2048 988 gite
2087 919 2255 974 Deum
2293 933 2362 975 ex
2401 919 2530 976 totis
2557 919 2734 976 tribus
2787 919 3136 976 facultatibus
3168 921 3526 992 quemadmo-

1939 1014 2069 1070 dum
2121 1013 2368 1084 pmcipit
2406 1014 2727 1070 mandatum
2761 1014 2826 1069 ιδ.
2865 1013 3084 1086 Diligite
3115 1023 3169 1070 et
3231 1029 3326 1068 vos
3375 1014 3526 1084 ipsos

1939 1105 2094 1161 velut
2129 1103 2375 1160 membra
2399 1103 2626 1161 Christi.
2671 1105 2740 1160 In
2771 1106 2869 1160 hoc
2895 1107 3056 1172 enim,
3089 1105 3186 1170 ait,
3216 1113 3526 1177 cognoscent

1942 1214 2142 1266 omnes,
2194 1198 2322 1269 quia
2377 1197 2629 1266 discipuli
2677 1200 2782 1253 mei
2838 1200 2963 1254 estis
2991 1200 3048 1254 si
3069 1200 3409 1255 dilectionem
3427 1200 3527 1254 Ita-

1943 1291 2160 1346 bueritis
2204 1293 2274 1344 ad
2335 1291 2560 1345 invicem
2593 1292 2658 1343 ⁸⁵.
2701 1290 2888 1347 Fidem
2930 1291 3129 1347 habete
3169 1290 3472 1362 praeposito
3509 1307 3524 1346 :

1945 1397 2108 1438 nemo
2156 1383 2230 1439 sit
2259 1383 2354 1453 qui
2405 1397 2465 1438 se
2495 1381 2572 1438 illi
2623 1397 2734 1438 non
2795 1383 3003 1452 aperiat
3034 1399 3050 1437 :
3082 1383 3174 1453 qui
3206 1383 3357 1438 enim
3401 1383 3528 1437 talis

1945 1486 2028 1532 est
2061 1485 2369 1546 serpentem
2391 1475 2580 1530 nutrit.
2608 1472 2804 1531 Nullus
2829 1475 3062 1545 tepidam
3107 1474 3266 1530 ﬁdem
3295 1473 3526 1530 habeat:

1945 1571 2038 1640 qui
2073 1569 2219 1625 enim
2253 1570 2378 1624 talis
2417 1577 2521 1633 est,
2545 1568 2591 1622 is
2635 1567 2872 1638 Spiritus
2901 1568 3076 1624 sancti
3117 1566 3388 1624 fervorem
3421 1583 3527 1622 non

1945 1661 2256 1732 participat.
2300 1659 2496 1716 Nullus
2533 1660 2672 1717 clam
2729 1662 2867 1716 bona
2899 1660 3182 1731 possideat
3216 1679 3230 1716 :
3261 1661 3354 1731 qui
3383 1659 3528 1715 enim

1948 1751 2076 1808 talis
2113 1761 2218 1814 est,
2247 1751 2500 1807 occultus
2535 1760 2622 1806 est
2663 1749 2855 1806 Judas.
2884 1750 3078 1806 Nullus
3106 1751 3344 1821 propriae
3367 1757 3530 1805 tenax

1949 1843 2234 1898 sententiae
2264 1842 2340 1898 sit
2366 1860 2381 1897 :
2405 1842 2498 1912 qui
2525 1842 2670 1898 enim
2711 1843 2835 1897 talis
2863 1852 2968 1905 est,
3017 1850 3172 1897 extra
3199 1841 3530 1897 monachum
3627 1855 3634 1862 -

1946 1941 2051 1989 est.
2079 1931 2294 1987 Nullius
2326 1947 2508 1988 sermo
2533 1931 2607 1988 sit
2641 1931 2890 1986 licentior
2923 1949 2938 1997 ;
2975 1931 3070 2000 qui
3100 1930 3248 1986 enim
3283 1929 3407 1986 talis
3424 1938 3530 1995 est,

1949 2023 2250 2096 perniciem
2295 2031 2576 2094 operatur.
2617 2021 2813 2079 Nullus
2855 2022 3040 2077 furtim
3101 2022 3354 2078 comedat
3389 2039 3406 2088 ;
3438 2021 3535 2094 qui

1947 2118 2093 2173 enim
2127 2117 2251 2172 talis
2293 2123 2400 2182 est,
2436 2130 2654 2172 servum
2705 2115 2973 2170 imitatur.
3019 2111 3215 2170 Nullus
3241 2113 3300 2168 in
3336 2112 3452 2169 ulla
3479 2129 3537 2170 re

1947 2208 2034 2262 det
2056 2207 2395 2278 olfensionem
2421 2248 2437 2273 ,
2493 2214 2553 2261 ut
2617 2223 2722 2261 non
2773 2207 3098 2278 vituperetur
3130 2206 3487 2261 ministerium
3518 2246 3534 2270 ,

1949 2301 2095 2356 sicut
2149 2300 2351 2356 clamat
2402 2299 2747 2369 Apostolus;
2805 2300 2895 2354 sed
2928 2299 2984 2353 in
3009 2299 3251 2354 omnibus
3293 2299 3536 2354 exhibeat

1951 2395 2179 2463 δείρδιιηι
2203 2394 2342 2447 sicut
2371 2391 2470 2448 Dei
2499 2393 2824 2456 ministrum,
2857 2394 2912 2447 in
2955 2396 3124 2449 multa
3177 2394 3460 2462 patientia,
3480 2393 3538 2449 in

1955 2485 2410 2554 tribulationibus,
2468 2487 2526 2541 in
2579 2487 2844 2558 angustiis
2881 2487 2946 2552 “,
2990 2495 3046 2542 et
3096 2488 3343 2559 reliquis,
3415 2501 3539 2560 quae

1953 2579 2098 2636 idem
2127 2589 2400 2647 recenset,
2430 2580 2720 2650 perliciens
2744 2597 2930 2636 verum
2955 2582 3356 2638 Christianum.
3381 2581 3538 2650 Quod

1954 2673 2000 2729 si
2038 2672 2154 2728 haec
2192 2688 2222 2727 a
2255 2674 2476 2729 subdito
2501 2714 2517 2740 ,
2568 2674 2767 2744 ecquid
2816 2684 2872 2730 et
2915 2686 3182 2746 quantum
3227 2676 3542 2747 requiratur

1955 2780 1986 2822 a
2045 2764 2358 2836 praeposito,
2400 2767 2494 2836 qui
2544 2766 2611 2823 iis
2639 2781 2780 2836 quos
2801 2767 2978 2835 daret,
3021 2777 3282 2838 tanquam
3324 2769 3540 2841 egregia

1957 2854 2133 2909 forma
2183 2855 2414 2925 proponi
2455 2854 2615 2911 debet
2645 2857 2669 2910 ἲ
2713 2857 2969 2928 Magnum
3002 2865 3278 2912 certamen
3313 2858 3451 2913 :sed
3485 2866 3544 2914 et

1956 2961 2169 3004 merces
2203 2948 2436 3012 infinita,
2480 2941 2708 3020 regnu'm
2745 2950 3014 3006 caelorum
3045 2967 3063 3018 ;
3094 2965 3206 3022 quo
3241 2951 3452 3007 utinam
3485 2962 3542 3007 et

1959 3039 2216 3110 praesides
2248 3050 2302 3095 et
2355 3040 2557 3097 subditi
2605 3040 2895 3110 doncmur,
2949 3042 3064 3098 Deo
3099 3043 3262 3113 digne
3293 3043 3540 3100 viventes

269 3130 465 3203 Κυρίῳ
492 3123 750 3204 ήμῶν.ᾯ
776 3131 810 3202 ὴ
839 3129 967 3198 δόξα
1002 3131 1097 3184 καὶ
1117 3129 1181 3182 τὸ
1209 3128 1412 3200 κράτος
1441 3129 1538 3183 σὺν
1567 3129 1646 3202 τῷ
1676 3131 1855 3202 Πατρὶ

1957 3131 2012 3187 iu
2031 3130 2248 3188 Christo
2280 3130 2406 3188 Iesu
2435 3131 2668 3188 Domino
2709 3144 2920 3201 nostro,
2948 3134 3039 3191 cui
3070 3134 3246 3206 gloria
3277 3143 3333 3192 et
3372 3135 3543 3207 impe-

271 3223 370 3279 καὶ
411 3221 492 3295 τῷ
545 3223 688 3295 ἁγίῳ
727 3221 1031 3294 Πνεύματι,
1065 3220 1162 3277 νῦν
1203 3221 1298 3276 καὶ
1341 3220 1452 3291 ἀεὶ,
1487 3222 1582 3276 καὶ
1607 3223 1687 3286 είς
1729 3223 1854 3288 τοὺς

272 3314 480 3380 αἰῶνας
511 3313 623 3369 τῶν
654 3314 889 3370 αἰώνων.
931 3314 1128 3386 ’Δμήν.

415 3427 566 3484 PNZ'
597 3427 732 3502 (49).
759 3427 1126 3494 -Ἄντωνίῳ
1151 3427 1232 3495 τῷ
1265 3429 1622 3508 Δυρῤαχίου.
1647 3385 1851 3502 [χμθ¹.]

1962 3223 2108 3278 rium
2143 3239 2270 3280 cum
2316 3223 2475 3280 Patre
2505 3234 2560 3280 et
2588 3236 2780 3282 sancto
2809 3225 3018 3297 Spiritu
3055 3242 3204 3284 nunc
3231 3235 3286 3284 et
3303 3242 3540 3300 semper,

1961 3325 2016 3370 et
2046 3315 2098 3370 in
2127 3317 2324 3372 szecula
2357 3319 2706 3376 saeculorum.
2744 3319 2942 3376 Amen.

2238 3431 2437 3488 CLVII.
2468 3463 2541 3473 —
2569 3435 2800 3492 Antonio
2828 3431 3149 3506 Dyrrhﬂcltii
3180 3435 3270 3508 (‘).

1387 3548 1464 3600 De
1493 3546 1739 3612 baptismo
1757 3547 1846 3610 qui
1879 3549 1935 3598 ﬁt
1959 3561 2024 3601 ex
2054 3549 2374 3602 necessitate.

363 3656 494 3729 Ὀψὲ
525 3655 626 3729 μὲν
653 3655 750 3722 τοῦ
776 3653 997 3728 καιροῦ,
1041 3655 1196 3727 ὅμως
1225 3655 1308 3710 ὅτι
1335 3655 1715 3728 κατελάδομεν
1751 3656 1856 3710 τῶν

278 3750 454 3807 πάλαι
481 3747 887 3821 γεγραμμένων
905 3747 1194 3817 επιστολὴν
1219 3745 1411 3818 τιμίαν
1433 3746 1528 3800 τοῦ
1555 3746 1860 3815 ἀγιωτάτου

280 3843 443 3917 ἡμῶν
471 3843 709 3914 Πατρὺς,
737 3839 882 3895 πάνυ
905 3839 1157 3913 ἥσθημεν
1184 3840 1235 3894 οἱ
1265 3838 1533 3893 ταπεινοί·
1564 3838 1722 3893 οὐδὲν
1751 3838 1861 3910 γὰρ

280 3938 458 4004 οὕτως
489 3938 700 3993 συνδεῖν
731 3933 874 3992 οἶδεν
919 3938 1146 4007 ἀγάπην
1172 3938 1269 3996 καὶ
1295 3935 1722 3991 ἀδιασκέδαστον
1755 3953 1859 4004 φυ-

283 4030 502 4085 λάττειν
520 4067 537 4096 ,
563 4029 639 4093 ώς
667 4027 1048 4099 ἀντιδιδομένη
1081 4027 1345 4092 διάθεσις.
1386 4027 1553 4081 Ἀλλὰ
1574 4027 1628 4080 τί
1655 4028 1738 4080 ὃτι
1763 4025 1856 4080 οὖ-

280 4141 413 4190 τως,
439 4116 484 4176 ὦ
529 4121 786 4186 δέσποτα,
831 4117 968 4193 ἦρες
1001 4123 1079 4194 τῷ
1127 4121 1551 4192 ἐγκωμιαστικῷ
1581 4119 1724 4192 λόγῳ
1761 4121 1861 4191 τῆς

283 4217 592 4287 πολνσόφου
639 4232 734 4272 σου
790 4215 1079 4287 γλώττης,
1107 4215 1176 4270 τὰ
1209 4215 1330 4269 καθ’
1376 4215 1528 4286 ἡμᾶς
1573 4214 1701 4278 τοὺς
1734 4212 1859 4285 μηδ’

281 4306 465 4363 ὁτιοῦν
490 4307 692 4376 ἀγαθὸν
733 4305 996 4377 ἔχονταςς
1035 4307 1106 4360 Ἦ
1159 4305 1377 4369 πάντως
1406 4306 1440 4376 ἡ
1470 4305 1662 4376 ἀγάπη
1692 4304 1864 4370 αἰτία,

282 4399 596 4456 κλέπτουσα
623 4399 672 4452 τ’
720 4397 896 4469 ἀληθῆ
921 4437 936 4462 ,
966 4397 1062 4458 καὶ
1093 4397 1163 4452 τά
1210 4397 1286 4470 μὴ
1318 4396 1451 4451 ὄντα
1481 4397 1556 4461 ὡς
1586 4396 1716 4451 ὅντα
1753 4399 1866 4458 τοῖς

2041 3657 2177 3714 Sero
2217 3659 2460 3729 quidem,
2509 3662 2638 3732 quia
2667 3671 2848 3718 tamen
2893 3663 3102 3720 dudum
3127 3665 3388 3735 scriptam
3420 3681 3548 3722 san-

1967 3751 2200 3807 ctissimi
2241 3752 2420 3808 Patris
2465 3755 2641 3811 nostri
2689 3757 2976 3828 epistolam
3024 3757 3361 3828 accepimus,
3391 3758 3550 3816 valde

1969 3861 2069 3901 nos
2097 3846 2329 3901 humiles
2359 3847 2529 3919 gavisi
2598 3864 2810 3905 sumus.
2854 3847 3002 3904 Nthl
3026 3849 3172 3906 enim
3199 3851 3338 3907 adeo
3363 3851 3550 3908 chari-

1968 3945 2132 3992 tatem
2163 3937 2438 4009 colligare,
2469 3939 3018 4012 indissolubilemque
3046 3957 3270 3999 servare
3291 3943 3452 4009 solet,
3481 3960 3548 4002 ac

1965 4028 2245 4098 reciproca
2268 4032 2724 4088 communicatio.
2753 4032 2860 4089 Sed
2890 4035 3023 4104 quid
3053 4033 3131 4090 ita
3156 4051 3278 4102 nos,
3301 4035 3547 4103 domine,

1967 4121 2060 4192 qui
2081 4123 2309 4177 omnino
2337 4123 2473 4177 nihil
2498 4124 2628 4180 boni
2653 4125 2941 4193 habemus,
2963 4129 3374 4186 encomiasticis
3399 4131 3548 4201 peri.

1969 4214 2192 4270 tissimae
2220 4215 2419 4286 lingua:
2451 4225 2558 4273 tua:
2600 4219 2782 4275 verbis
2827 4219 3116 4277 extulisti?
3141 4222 3232 4278 An
3271 4239 3438 4282 causa
3463 4234 3551 4281 est

1971 4321 2198 4376 prorsus
2258 4309 2522 4378 charilas,
2581 4325 2708 4366 vera
2751 4313 3125 4384 supprimens,
3174 4325 3229 4371 et
3266 4331 3389 4387 quae
3434 4331 3550 4373 non

1971 4407 2124 4466 sunt,
2172 4413 2236 4456 ac
2281 4401 2328 4456 si
2372 4411 2577 4471 essent,
2627 4403 2820 4460 amicis
2878 4405 3194 4476 adaptatis?
3231 4407 3352 4464 Nisi
3400 4408 3549 4479 quod

279 4491 634 4564 ὶμλουμένοις
687 4493 1052 4556 ἀνάπτουσας
1105 4489 1254 4561 Πλὴν
1302 4491 1385 4546 ὃτι
1437 4492 1497 4544 ὲν
1541 4488 1716 4561 τούτῳ
1769 4488 1855 4541 καὶ

1973 4491 2238 4549 habemus
2290 4506 2344 4549 et
2373 4510 2475 4550 nos
2506 4497 2652 4551 istud
2684 4507 2832 4553 certe
2869 4497 3205 4568 (dicendum
3238 4510 3324 4556 est
3352 4502 3499 4556 enim
3525 4501 3546 4572 )

282 4585 448 4656 ἡμεῖς
480 4584 676 4656 ἔχομεν
707 4583 1012 4657 (εἰρήσεται
1030 4581 1186 4654 γὰρ),
1215 4583 1264 4634 εί
1299 4583 1374 4653 μὴ
1406 4580 1774 4652 ἀπατώμεθα,
1803 4579 1865 4634 τὸ

283 4677 543 4750 στέργειν
581 4679 678 4732 καὶ
723 4678 948 4750 ἀγαπᾷν
975 4675 1107 4741 τοὺς
1150 4675 1412 4744 ἀδελφοὺς
1448 4675 1546 4728 καὶ
1590 4673 1861 4747 Πατέρας,

282 4773 382 4827 καί
403 4788 469 4842 γε
498 4773 622 4836 τοὺς
669 4765 793 4837 οἷος,
831 4773 898 4826 σὺ
945 4766 1028 4837 εἷ,
1058 4769 1234 4826 ἕλκων
1278 4772 1343 4842 τῇ
1394 4768 1722 4840 χρηστότητι
1757 4767 1864 4822 τῶν

282 4863 510 4934 ἀγαθῶν
559 4863 778 4935 τρόπων
833 4862 970 4934 πρὸς
1018 4861 1206 4932 φιλίαν
1247 4862 1344 4916 καὶ
1386 4861 1478 4914 τὸν
1523 4859 1867 4932 ἠγριωμένον

282 4957 432 5030 seu.
465 4956 653 5021 Ταῦτα
683 4955 784 5028 μὲν
820 4951 915 5010 οὖν
943 4955 1077 5026 παρ’
1103 4954 1434 5026 ἀμφοτέρων
1459 4952 1615 5030 ἡμῶν
1647 4955 1715 5022 τῇ
1744 4953 1888 5024 ἱερᾷ,

285 5067 385 5106 σου
434 5051 650 5122 κορυφῇ
702 5048 930 5120 βραχέσι
977 5046 1268 5110 συλλαϐαῖς
1317 5045 1712 5117 ἀμειψαμένων
1766 5047 1866 5114 τὴν

283 5141 616 5214 πολύστιχον
665 5142 764 5196 καὶ
825 5138 1124 5194 πολύολϐον
1173 5138 1481 5209 ἐπιστολήν.
1520 5139 1590 5191 Ἀ
1626 5138 1682 5191 δὲ
1729 5138 1864 5209 πρὸς

282 5233 449 5304 ἡμῶν
479 5235 560 5297 είς
589 5231 890 5302 ἀπολογίαν
917 5231 1018 5300 τῆς
1047 5230 1179 5302 περὶ
1212 5229 1305 5282 τὸν
1335 5229 1566 5299 ἀδελφὸν
1604 5229 1874 5299 Ἔραστον

284 5328 625 5398 ἑγκλήσεως,
676 5327 734 5379 ὲν
790 5323 1029 5388 τούτοις.
1074 5323 1292 5393 Ἡμεῖς,
1347 5321 1628 5393 ἱερώτατε,
1673 5323 1723 5375 εί
1780 5323 1876 5374 καὶ

282 5417 732 5483 ἀλλωςεύτελεῖς
781 5417 970 5488 ἐσμεν,
1024 5415 1089 5470 ού
1142 5414 1252 5487 μὴν
1303 5413 1478 5478 οὕτως
1523 5411 1794 5484 ἀμαθεῖς.
1838 5412 1871 5484 ἢ

359 5555 407 5590 ⁸³
437 5554 557 5612 Jac.
593 5571 656 5622 tt,
689 5553 777 5610 18.
855 5553 900 5586 ¹⁶
929 5551 1119 5610 Matth.
1172 5566 1309 5613 xm.
1335 5551 1426 5607 27.
1508 5547 1737 5608 "'Joan.
1765 5565 1862 5617 xu,
1899 5549 1988 5606 35.

1965 4585 2134 4655 quod,
2169 4587 2214 4642 si
2267 4602 2376 4642 non
2425 4589 2683 4655 fallimur,
2729 4590 2922 4646 fratres
2961 4600 3247 4661 patresque
3298 4609 3550 4653 amamus

1964 4686 2021 4732 et
2071 4677 2372 4750 diligimus,
2427 4696 2524 4737 eos
2576 4677 2881 4752 prasertim
2932 4684 3026 4754 qui
3057 4685 3266 4741 similes
3293 4697 3422 4744 sunt
3449 4689 3548 4756 tui,

1966 4772 2060 4840 qui
2115 4773 2328 4844 egregia
2383 4788 2598 4832 morum
2649 4776 2921 4845 probitate
2972 4777 3025 4832 in
3078 4793 3320 4833 amorem
3363 4769 3560 4838 trahas

1973 4864 2140 4918 etiam
2189 4866 2420 4934 agrestis
2471 4866 2674 4940 ingenii
2743 4867 3042 4926 hominem.
3095 4871 3273 4942 Atque
3317 4872 3432 4929 haec
3485 4873 3554 4930 de

1977 4965 2209 5026 utroque
2234 4971 2508 5024 nostrum,
2543 4974 2704 5016 sacro
2737 4961 2925 5018 vertici
2973 4972 3066 5016 tuo
3095 4978 3290 5033 pauca,
3323 4963 3390 5019 ad
3421 4979 3552 5034 pro-

1973 5047 2223 5107 lixamet
2265 5050 2586 5120 locupletem
2621 5053 2907 5123 epistolam
2950 5055 3183 5112 breviter
3215 5058 3553 5128 responden-

1976 5150 2074 5194 tes.
2124 5137 2257 5206 Qua:
2309 5155 2438 5198 vero
2487 5144 2555 5200 ad
2594 5145 2781 5202 fratris
2809 5146 3008 5213 Erasti,
3065 5163 3228 5220 quem
3268 5158 3552 5218 accusant,

1974 5229 2348 5288 defensionem
2399 5235 2691 5297 habemus.
2740 5239 2856 5295 haec
2893 5248 3042 5297 sunt.
3092 5239 3224 5310 Nos,
3254 5241 3338 5296 vir
3367 5256 3559 5298 sacra-

1975 5321 2207 5387 tissime,
2248 5325 2353 5380 etsi
2411 5327 2546 5384 viles
2581 5330 2785 5402 alioqui
2819 5348 3027 5399 sumus,
3059 5348 3171 5388 non
3208 5343 3389 5388 tamen
3416 5331 3556 5388 adeo

1975 5417 2233 5486 imperiti,
2265 5429 2362 5475 aut
2408 5422 2716 5480 divinarum
2779 5424 3232 5483 constitutionum
3309 5430 3556 5479 contem-

2069 5555 2111 5585 ”
2143 5557 2159 5608 Ι
2195 5556 2319 5611 Cor.
2353 5573 2426 5622 vt,
2460 5558 2518 5622 5,,
2550 5560 2600 5614 4.
3511 5601 3544 5626 ο

1800 5668 2027 5726 NOTAE.

362 5791 478 5865 (ιθ)
510 5790 570 5849 ltt
594 5787 721 5848 cod.
765 5789 896 5863 Iieg.
931 5789 1046 5863 ριθ’.

2020 5783 2092 5855 (³⁸)
2127 5785 2438 5860 Dogmatica
