4060 6374
492 344 624 410 1491

1680 345 1740 406 S.
1779 339 2174 404 THEODORI
2217 342 2560 404 STUDITA’E

3629 346 3770 411 1492

487 470 694 527 piores,
752 463 814 510 ut
863 453 1138 526 discipulo
1199 463 1414 522 nostro,
1481 463 1642 509 extra
1703 452 2103 516 sacerdotium,

2211 452 2286 504 ὧν
2317 453 2476 505 θείων
2505 450 2780 520 διαταγῶν
2825 453 3238 524 καταφρονηταὶ
3269 497 3284 519 ,
3316 453 3391 516 ὥς
3420 453 3772 509 ἐντείλασθαι

488 546 808 608 ιοιιειίιιιιο.
870 547 1291 616 ρι’ωοίρεγεηιυε
1337 554 1398 601 ut
1427 561 1550 615 quae
1595 545 1902 600 sacerdotis
1930 553 2079 611 sunt,

493 639 711 710 aggredi
735 637 985 704 auderet,
1009 655 1073 695 ac
1097 640 1325 711 proinde
1354 639 1610 708 parvulos
1631 638 1931 708 baptizare.
1957 636 2084 692 Haec

492 734 639 786 enim
661 743 747 788 est
777 735 1080 789 accusatio.
1125 732 1284 799 Quod
1335 733 1382 787 si
1433 732 1782 787 neceSsitatis
1844 735 1982 787 ratio
2028 730 2084 787 id

494 825 745 896 exigebat
786 826 854 882 iis
905 826 1122 889 diebus,
1164 826 1219 880 in
1270 825 1474 894 quibus
1543 825 1770 880 heresis
1819 826 2083 895 populum

496 917 765 973 seducens
814 917 1170 988 grassabatur
1216 933 1230 982 ;
1284 917 1634 986 maximeque
1694 917 1749 970 in
1793 917 2085 987 przeteritis

411 1053 422 1066 .
499 1010 1016 1080 deprazdationibus,
1047 1011 1267 1080 quando
1292 1011 1342 1065 ei
1373 1010 1469 1080 qui
1517 1009 1620 1064 sibi
1654 1019 1873 1066 cautum
1906 1011 2082 1075 vellet,

495 1117 602 1157 nec
631 1111 782 1169 extra
819 1101 1170 1156 domunculae
1222 1101 1460 1157 latebras
1493 1103 1812 1172 prospicere
1840 1102 2039 1157 licebat
2068 1120 2084 1168 ;

497 1209 609 1249 non
644 1207 889 1264 possum,
922 1207 1027 1263 pro
1069 1193 1266 1264 exigua
1314 1208 1434 1248 mea
1488 1194 1870 1265 intelligentia,
1910 1209 2088 1264 neque

501 1286 648 1338 hunc
681 1284 1037 1350 monachum,
1069 1300 1247 1355 neque
1272 1285 1440 1340 alium
1484 1286 1752 1341 damnare
1785 1305 1799 1354 ;
1835 1288 2086 1357 quando-

501 1378 723 1448 quidem
752 1391 820 1432 ex
872 1378 1222 1444 necessitate,
1265 1379 1400 1450 legis
1459 1394 1686 1449 quoque
1729 1381 1983 1436 mutatio.
2020 1381 2092 1436 Et

501 1468 722 1537 quidem
769 1468 967 1539 priscis
1021 1470 1360 1538 temporibus
1409 1471 1536 1524 ta!ia
1591 1472 1729 1525 facta
1760 1471 2088 1538 cernimus;

503 1573 669 1632 atque
700 1562 848 1616 hunc
875 1576 1041 1616 arena
1090 1561 1292 1625 infusa,
1330 1562 1384 1616 in
1409 1563 1648 1627 deserto,
1678 1579 1745 1617 eo
1775 1564 1918 1633 quod
1945 1579 2092 1618 mors

505 1655 756 1716 instaret,
795 1652 1103 1722 baptizasse
1132 1663 1188 1707 et
1245 1654 1579 1722 baptizatum
1613 1669 1753 1718 esse,
1814 1666 1868 1708 et
1923 1655 2090 1708 alium

505 1747 664 1802 aliter
698 1764 712 1802 :
745 1761 846 1802 nec
873 1761 1004 1802 vero
1036 1746 1428 1816 perfectionem
1474 1755 1623 1801 tuam
1651 1746 1840 1814 latent,
1875 1763 1996 1818 qua:
2025 1747 2091 1802 ad

506 1846 760 1890 sanctum
819 1847 1065 1906 spectant
1128 1837 1517 1892 Athanasium.
1573 1840 1824 1892 Attamen
1869 1838 2096 1910 puerilis

509 1929 654 1982 actio
699 1944 745 1983 a.
781 1929 1098 1984 beatissimo
1126 1929 1446 1987 Alexandro
1502 1939 1820 1998 conspecta,
1878 1939 2095 1999 recepta

509 2029 595 2076 est
620 2031 883 2092 tanquam
913 2021 1176 2076 divinitus
1204 2023 1341 2076 facta
1375 2038 1388 2076 :
1426 2027 1480 2076 et
1520 2025 1614 2090 qui
1644 2023 1898 2088 initiavit,
1943 2022 2098 2077 habi-

514 2125 603 2168 tus
631 2129 730 2185 pro
755 2115 1038 2169 sacerdote
1067 2131 1082 2180 ;
1113 2123 1168 2168 et
1197 2113 1291 2184 qui
1315 2113 1580 2178 initiatus,
1630 2130 1726 2184 pro
1756 2124 2094 2184 regenerato,

511 2221 827 2276 quanquam
860 2207 1004 2260 nulla
1041 2217 1168 2262 tunc
1209 2216 1332 2262 erat
1375 2210 1697 2263 necessitas.
1739 2206 1843 2262 Sed
1867 2218 1921 2262 et
1945 2219 2098 2263 sexta

513 2300 758 2370 synodus
789 2298 842 2350 in
883 2297 1086 2352 divinis
1118 2298 1422 2354 canonibus
1447 2299 1714 2368 permittit
1744 2299 1808 2362 ιτ,
1841 2309 1899 2354 ut
1928 2299 2100 2355 laiCiis

514 2408 581 2446 ex
610 2393 962 2455 necessitate,
995 2391 1041 2448 si
1081 2405 1189 2446 non
1220 2392 1363 2447 adsit
1389 2392 1667 2458 sacerdos,
1707 2393 1811 2448 sibi
1844 2394 1945 2461 ipsi
1977 2409 2101 2464 por-

515 2485 655 2556 rigat
704 2495 1092 2541 sacramenta:
1135 2485 1282 2554 quod
1350 2487 1576 2556 quidem
1626 2487 1761 2541 citra
1820 2497 2100 2558 urgentem

515 2579 784 2633 rationem
815 2593 924 2632 non
959 2587 1043 2633 est
1072 2578 1468 2648 recipiendum.

586 2671 768 2738 Quare
824 2671 871 2726 si
920 2671 1024 2726 hoc
1072 2673 1234 2726 modo
1281 2687 1368 2728 res
1411 2682 1562 2743 gesta
1592 2683 1672 2728 est
1707 2691 1722 2738 ;
1759 2675 1998 2746 ignosce,
2021 2677 2104 2728 vir

517 2763 970 2829 honoratissime,
1026 2781 1136 2819 non
1187 2765 1458 2820 audemus
1501 2777 1693 2835 ιιι-αξιοι·
1720 2781 1782 2820 ea
1815 2782 1938 2837 quae
1967 2767 2104 2822 divi.

517 2865 669 2912 nitus
702 2871 731 2910 a
766 2855 1022 2910 Patribus
1063 2865 1363 2911 monstrata
1407 2867 1555 2924 sunt,
1593 2859 1773 2914 dicere
1803 2860 2102 2930 quidquam

517 2957 614 3001 aut
662 2946 1082 3026 reprehendere.
1129 2945 1470 3017 Comprobat
1511 2957 1693 3004 autem
1754 2949 1974 3005 fratrem
2025 2953 2106 3006 sic

519 3040 738 3106 fecisse,
791 3041 955 3110 idque
1006 3056 1208 3111 magno
1251 3058 1376 3096 eum
1403 3043 1574 3097 animi
1607 3058 1831 3112 angore,
1867 3047 2103 3114 primum

2189 543 2408 616 μαθητῇ
2453 545 2613 615 ἡμῶν
2645 545 2750 609 ἔξω
2787 546 3088 617 ἱερωσύνης
3116 546 3384 614 τελοῦντι,
3414 549 3774 621 κατατολμᾷν

2185 639 2458 708 ἐγχειρεῖν
2490 637 2560 692 τά
2600 639 2697 708 τῆς
2749 638 3083 710 ἱερωσύνης,
3136 640 3434 696 κάντεῦθεν
3481 640 3772 713 βαπτίζειν

2185 729 2377 783 παιδία
2395 746 2409 760 ·
2437 729 2596 784 τοῦτο
2623 730 2735 800 γὰρ
2776 732 2838 783 τὸ
2866 730 3135 802 ἔγκλημα.
3169 733 3233 786 Et
3262 732 3319 787 δὲ
3347 735 3375 787 6
3409 732 3568 802 λόγος
3595 733 3774 800 ἀνάγ-

2187 840 2292 894 κης
2333 824 2615 895 ἀπῄτησεν
2656 825 2716 878 ὲν
2753 823 2982 888 ταύταις
3015 827 3136 889 ταῖς
3180 826 3444 896 ἡμέραις,
3483 829 3542 879 ἐν
3567 820 3658 888 αἷς
3683 826 3777 879 αῖ⁹

2189 935 2340 989 ρεσις
2369 917 2693 982 λαοπλάνος,
2722 917 2814 971 καὶ
2857 918 3096 988 μάλιστα
3129 921 3188 972 ὲν
3217 921 3339 983 ταῖς
3367 920 3778 990 προλαὸούσαις

2187 1009 2526 1080 λεηλασίαις,
2560 1009 2646 1079 ἐφ’
2682 1006 2774 1074 αἷς
2815 1010 2937 1064 οὐδὲ
2967 1011 3307 1081 προκύπτειν
3339 1008 3408 1082 ἦν
3439 1012 3533 1065 τὸν
3565 1013 3778 1081 φυλατ-

2187 1099 2418 1168 τόμενον
2441 1097 2538 1152 τοῦ
2586 1099 2892 1170 κρυπτικοῦ
2921 1099 3198 1170 δωματίου
3224 1117 3238 1132 ο
3271 1101 3372 1154 οὐκ
3400 1100 3510 1171 ἔχω
3538 1101 3783 1170 ἀποκρί-

2190 1209 2324 1256 νειν,
2374 1192 2517 1246 κατὰ
2549 1193 2647 1262 τὴν
2682 1193 2915 1246 ένοῦσάν
2952 1209 3045 1263 μοι
3081 1192 3342 1263 βραχεῖαν
3371 1193 3611 1260 σύνεσιν,
3650 1192 3781 1246 οὗτε

2191 1285 2340 1339 τόνδε
2384 1285 2477 1338 τὸν
2530 1284 2873 1356 μονάζοντα,
2921 1284 3034 1338 οὔτ’
3085 1285 3154 1339 αὖ
3199 1285 3424 1358 ἕτερον’
3475 1285 3668 1356 ἐπειδὴ
3719 1283 3787 1350 ἐξ

2191 1359 2440 1449 ἀνάγκης
2475 1378 2572 1432 καὶ
2601 1377 2772 1448 νόμου
2799 1377 3112 1448 μετάθεσις.
3133 1379 3310 1447 Καίγε
3340 1377 3560 1450 ὁρῶμεν
3585 1379 3643 1430 ὲν
3665 1381 3786 1441 τοῖς

2195 1471 2364 1526 πάλαι
2389 1473 2605 1543 χρόνοις
2637 1471 2863 1524 τοιαῦτα
2891 1471 3222 1540 γιγνόμενα·
3246 1471 3341 1524 καὶ
3367 1470 3426 1524 ὃν
3454 1472 3556 1540 μὲν
3585 1471 3786 1539 ἀμμώ-

2193 1562 2273 1616 δει
2321 1562 2576 1633 ὲπιχύσει
2609 1562 2732 1616 κατ’
2773 1563 3033 1634 ἐρημίαν,
3071 1562 3260 1635 ἐπειδὴ
3296 1562 3530 1626 θάνατος
3570 1562 3783 1632 παρῆν,

2197 1657 2542 1728 βαπτίσαντα
2573 1658 2667 1710 καὶ
2698 1655 3085 1727 βαπτισθέντα,
3121 1657 3214 1710 καὶ
3246 1655 3403 1710 ἀλλον
3432 1654 3642 1718 άλλωςο
3683 1655 3787 1708 οὐκ

2197 1751 2302 1818 ἔξω
2325 1751 2381 1804 δὲ
2403 1750 2662 1821 γνώσεως
2689 1753 2758 1823 τῇ
2779 1733 3082 1820 τελειότῆτί
3119 1768 3214 1804 σου
3240 1751 3311 1804 τὰ
3337 1750 3478 1804 κατά
3499 1751 3596 1804 τὸν
3624 1751 3785 1817 ἅγιον

2212 1845 2554 1900 Ἀθανάσιον.
2575 1845 2766 1915 Ὅμως
2792 1845 2826 1914 ἡ
2866 1844 3093 1917 παιδικὴ
3126 1844 3327 1916 πρᾶξις
3355 1844 3621 1917 ὁραθεῖσα
3644 1845 3788 1914 πρὸς

2199 1941 2292 1994 τοῦ
2323 1941 2746 2012 μακαριωτάτου
2777 1939 3157 2010 Ἀλεξάνδρου,
3191 1939 3452 2010 ὲνεκρίθη
3496 1938 3576 2004 ὡς
3611 1938 3790 1992 θεοτε-

2199 2032 2300 2104 λὴς
2323 2075 2338 2100 ,
2389 2035 2485 2088 καὶ
2521 2034 2778 2104 ἐλογίσθη
2807 2033 2836 2087 6
2867 2032 3091 2095 τελέσας
3134 2031 3211 2096 ὼς
3242 2031 3424 2102 ἱερεὺς
3448 2071 3464 2094 ,
3508 2030 3610 2084 καὶ
3639 2033 3671 2085 6
3695 2048 3792 2083 τε-

2200 2124 2430 2189 λειώσας
2455 2124 2530 2187 ὡς
2561 2123 2953 2196 ἀναγεννηθείς
2975 2139 2990 2155 ·
3022 2123 3227 2193 καίπερ
3257 2124 3359 2178 οὐκ
3387 2122 3448 2188 ἐξ
3481 2124 3736 2193 ἀνάγκης
3760 2127 3794 2176 6

2201 2217 2411 2287 καιρός.
2468 2215 2797 2285 Παραχωρεί
2830 2213 2886 2266 δὲ
2934 2214 3030 2268 καὶ
3075 2215 3108 2285 ἠ
3153 2214 3288 2285 ἕκτη
3334 2213 3554 2277 σύνοδος
3585 2215 3646 2267 tv
3676 2217 3795 2277 τοῖς

2203 2308 2369 2372 θείοις
2393 2309 2636 2372 κανόσιν,
2662 2308 2711 2361 εἰ
2733 2307 2809 2379 μὴ
2835 2309 3104 2378 πάρεστιν
3123 2307 3440 2378 ἱερωμένος,
3463 2307 3523 2373 ἐξ
3539 2309 3795 2379 ἀνάγκης

2202 2399 2391 2454 λαϊκὺν
2420 2399 2599 2469 έαυτῷ
2627 2398 2954 2470 μεταδοῦναι
2982 2399 3090 2452 τῶν
3121 2401 3516 2470 άγιασμάτωνο
3549 2401 3696 2472 ὅπερ
3732 2401 3794 2458 οὗ

2205 2494 2445 2565 θεμιτὸν,
2477 2493 2607 2547 ἄνευ
2641 2492 3032 2564 περιστατικοῦ
3068 2493 3252 2560 λόγου.

2277 2671 2467 2734 Οὕτως
2493 2667 2587 2725 οὖν
2618 2672 2667 2724 εἱ
2698 2670 2946 2739 γέγονεν,
2979 2671 3162 2741 ἡμεῖς,
3188 2670 3488 2740 σύγγνωθι,
3518 2671 3802 2742 πάντιμε,

2205 2765 2268 2818 ού
2297 2763 2590 2835 τολμῶμεν
2637 2764 2788 2834 παρά
2826 2766 2895 2818 τὰ
2928 2763 3165 2828 θειωδῶς
3210 2766 3324 2828 τοῖς
3370 2767 3660 2836 Πατράσιν
3699 2767 3797 2820 ἐκ·

2207 2856 2538 2927 πεφασμένα
2565 2857 2742 2910 εἰπεῖν
2769 2873 2823 2910 τι
2846 2856 2879 2927 ἢ
2913 2857 3262 2928 ἐπιτιμῆσαι.
3295 2857 3596 2926 Συνίστησι
3618 2857 3679 2910 δὲ
3707 2858 3800 2912 τὸν

2207 2949 2440 3018 ἀδελφὺν
2485 2946 2630 3002 οὕτω
2653 2947 2962 3019 πράξαντα,
2999 2948 3098 3000 καὶ
3126 2947 3268 3018 μετά
3295 2947 3498 3019 πολλῆς
3525 2950 3796 3016 ἀγωνίας,

2208 3041 2430 3114 πρῶτον
2476 3041 2574 3112 μὲν
2623 3041 2786 3104 αὐτὸς
2829 3041 2858 3094 6
2891 3041 3234 3110 ἀναγκάσας,
3270 3043 3366 3096 καὶ
3396 3040 3544 3094 ἐστιν
3588 3045 3618 3095 ὁ
3655 3042 3800 3113 ἀνὴρ

518 3133 738 3204 quidem
771 3134 888 3204 ipse
920 3135 1012 3204 qui
1045 3136 1245 3204 coegit,
1278 3137 1360 3190 vir
1385 3135 1526 3192 inter
1552 3139 1790 3207 insignes
1823 3141 2023 3208 pietate
2049 3155 2103 3197 ac

2214 3133 2324 3187 τῶν
2349 3133 2466 3186 λίαν
2494 3133 2588 3186 καὶ
2613 3131 2856 3186 εὐσεϐῶν
2891 3133 2987 3186 καὶ
3010 3132 3322 3203 ἐμφρόνων,
3357 3131 3518 3199 καίτε
3551 3148 3800 3203 περιφαο

521 3225 831 3296 prudentia,
866 3236 1032 3295 atque
1062 3227 1208 3280 inter
1248 3227 1507 3292 illustres,
1569 3227 1812 3282 Thomas
1837 3230 2029 3284 consul
2053 3240 2106 3285 et

519 3319 888 3374 chartularius
925 3336 939 3372 :
997 3318 1194 3373 deinde
1221 3317 1460 3375 Jacobus
1510 3321 1958 3390 religiosissimus
1985 3337 2106 3378 mo-

520 3411 752 3475 nachus,
794 3411 883 3466 cui
921 3425 1051 3480 pars
1088 3411 1237 3466 nulla
1284 3427 1409 3466 cum
1451 3412 1646 3468 haeresi
1681 3432 1694 3468 :
1731 3424 1840 3468 tum
1895 3413 2106 3486 Euthy-

522 3503 689 3566 mius,
719 3505 1062 3557 venerandus
1095 3502 1231 3557 alter
1256 3504 1561 3558 monachus
1585 3513 1638 3558 et
1670 3508 2105 3574 persecutionem

520 3610 737 3666 passus.
777 3594 841 3648 In
869 3596 1074 3650 duobus
1102 3597 1180 3650 vel
1226 3596 1396 3651 tribus
1440 3598 1654 3653 testibus
1701 3599 1884 3664 stabit,
1909 3601 2108 3671 inquit,

523 3705 676 3743 omne
706 3689 914 3743 verbum
946 3690 1008 3744 “.
1040 3691 1158 3756 Ais,
1201 3689 1438 3756 domine,
1467 3705 1573 3746 non
1607 3691 1678 3746 ita
1713 3708 1830 3748 rem
1864 3681 2107 3761 habere;

523 3792 584 3836 tu
636 3783 856 3852 quidem
912 3784 1170 3838 omnibus
1219 3783 1364 3837 haud
1413 3783 1577 3838 dubie
1625 3784 1910 3840 illustrior.
1967 3783 2110 3851 Quid

524 3876 691 3947 igitur
723 3875 946 3938 faciam,
979 3877 1032 3929 in
1072 3877 1250 3930 medio
1285 3885 1558 3930 tantorum
1596 3877 1812 3931 testium
1841 3879 2110 3933 constitu-

523 3981 615 4024 tus
645 3969 668 4023 ?
698 3968 755 4024 Si
782 3968 856 4022 ita
906 3983 995 4022 res
1026 3968 1190 4023 habet
1223 3977 1280 4022 ut
1307 3969 1463 4032 dicis,
1498 3977 1661 4037 atque
1685 3969 1771 4022 ille
1807 3971 2114 4024 astantibus

524 4063 884 4134 presbyteris,
947 4063 1266 4117 dominandi
1323 4063 1507 4117 studio
1572 4064 1934 4118 sacerdotium
2007 4063 2112 4118 sibi

525 4157 875 4228 despondens
905 4155 1012 4212 hoc
1049 4157 1174 4228 egit,
1209 4173 1490 4226 nunquam
1520 4157 1660 4226 apud
1691 4173 1791 4212 nos
1835 4159 1901 4212 ad
1936 4158 2114 4229 digiti-

521 4260 694 4306 tatem
751 4250 1044 4305 sacerdotii
1083 4250 1440 4319 provehetur,
1475 4257 1669 4320 praeter
1709 4251 1845 4304 alias
1899 4267 2110 4320 ptenas.

528 4345 646 4400 Hoc
674 4344 820 4399 enim
850 4343 1086 4413 justum.
1134 4341 1228 4396 Sin
1259 4351 1443 4398 autem
1489 4353 1735 4410 coactus,
1771 4352 1829 4398 ut
1865 4353 2031 4400 testes
2062 4354 2117 4400 et

527 4438 759 4505 ipsemet
796 4443 1045 4497 narrant,
1080 4442 1133 4488 et
1167 4448 1290 4487 cum
1339 4433 1446 4486 duo
1476 4435 1754 4503 proposita
1791 4444 1995 4496 essent,
2023 4442 2118 4509 a’ut

2214 3229 2342 3293 νῶν,
2371 3228 2574 3297 Θωμᾶς
2601 3228 2630 3280 6
2670 3225 2877 3290 ὕπατός
2919 3241 2979 3279 τε
3014 3227 3111 3280 καὶ
3145 3225 3571 3296 χαρτουλάριοςο
3602 3226 3802 3282 ἔπειτα

2227 3321 2484 3384 Ἰάκωϐος
2512 3321 2540 3374 6
2567 3304 2962 3381 εὐλαϐέστατος
2994 3315 3268 3389 μονάζων,
3294 3318 3388 3372 καὶ
3409 3318 3508 3387 τῆς
3528 3317 3802 3388 αἱρέσεως

2213 3414 2500 3484 ἀμέτοχος.
2535 3409 2672 3467 Εἶτα
2701 3412 2798 3466 καὶ
2829 3411 3122 3484 Εύθύμιος,
3151 3411 3339 3482 ἕτερος
3390 3412 3676 3481 αἰδέσιμος
3712 3429 3803 3482 μο-

2216 3507 2414 3570 νάζων,
2451 3507 2544 3559 καὶ
2574 3503 2951 3573 δεδιωγμένος.
2992 3503 3122 3557 Ἐπὶ
3163 3501 3272 3556 δύο
3308 3501 3410 3555 καὶ
3449 3501 3632 3569 τριῶν
3649 3520 3802 3572 μαρ-

2216 3601 2411 3667 τύρων
2447 3596 2840 3666 σταθήσεται,
2887 3596 3053 3666 φησι,
3093 3593 3217 3651 πᾶν
3250 3593 3439 3665 ῥῆμα.
3491 3596 3734 3663 Δέγεις,
3773 3595 3804 3648 6

2217 3691 2508 3761 δεσπότης,
2541 3689 2640 3760 ούχ
2669 3687 2844 3750 οὕτως
2877 3687 3054 3757 ἔχειν·
3102 3686 3197 3740 καὶ
3226 3685 3674 3757 προφερέστερος
3704 3686 3804 3758 δη.

2217 3781 2391 3835 λονότι
2417 3780 2524 3834 τῶν
2553 3779 2798 3836 πάντων.
2827 3775 2892 3830 Τί
2916 3775 3048 3846 γοῦν
3079 3775 3293 3846 ποιήσω
3318 3774 3427 3842 ἐγὼ
3451 3773 3804 3845 ἀπειλημμέ-

2218 3893 2306 3938 νος
2333 3877 2388 3928 ἐν
2414 3873 2565 3945 μέσῳ
2580 3871 2849 3926 τοσούτων
2869 3869 3161 3942 μαρτύρων
3180 3885 3195 3934 ;
3213 3867 3360 3934 Ἐὰν,
3383 3867 3455 3928 ὡς
3479 3868 3646 3931 αὐτὸς
3671 3869 3804 3939 φῂς,

2219 3969 2318 4039 ἔχῃ
2343 4008 2358 4032 ,
2391 3969 2471 4022 ὅτι
2502 3967 2787 4038 παρόντων
2817 3963 3033 4036 ἱερέων,
3082 3961 3350 4033 φιλαρχία
3382 3960 3802 4030 προμνηστευό-

2223 4078 2384 4132 μενος
2429 4059 2579 4129 αὐτῷ
2624 4057 2946 4128 ἱερωσύνην,
2989 4054 3148 4110 τοῦτο
3180 4052 3507 4125 εἰργάσατο·
3537 4051 3628 4122 εἴη
3665 4051 3803 4120 πρὸς

2219 4150 2379 4222 ἡμῶν
2413 4153 2622 4221 μήποτε
2650 4151 2730 4211 εἰς
2769 4148 2832 4201 τὸ
2863 4147 2961 4218 τῆς
2993 4143 3295 4216 ἱερωσύνης
3323 4141 3543 4214 ἀξίωμα
3583 4143 3802 4216 προϐαί-

2220 4263 2348 4308 νων,
2369 4243 2509 4316 μετὰ
2539 4244 2635 4298 καὶ
2662 4243 2866 4313 ἐτέρων
2893 4240 3190 4311 ἐπιτιμίων
3208 4260 3221 4272 ο
3247 4239 3454 4293 δίκαιον
3477 4239 3611 4309 γάρ.
3632 4237 3695 4291 El.
3723 4237 3800 4302 δὲ,

2222 4341 2298 4403 ὡς
2341 4341 2392 4392 οἱ
2454 4338 2730 4410 μάρτυρες
2769 4337 2865 4390 καὶ
2891 4335 3053 4399 αὐτὸς
3082 4335 3370 4404 διηγεῖται,
3407 4334 3801 4403 ἀναγκασθεξ,

2227 4435 2322 4490 καὶ
2355 4435 2501 4486 δυοῖν
2530 4431 2910 4504 προκειμένων
2931 4447 2946 4460 '
2981 4429 3015 4499 ἢ
3046 4429 3291 4498 ἀμύητον
3327 4427 3389 4480 τὸ
3429 4426 3636 4498 βρέφος
3667 4428 3810 4478 rima

530 4527 794 4582 infantem
830 4541 938 4580 non
979 4525 1254 4580 initiatum
1287 4526 1450 4590 mori,
1485 4525 1632 4594 quod
1678 4527 1732 4578 in
1772 4525 1986 4580 duobus
2024 4541 2103 4578 an

2224 4525 2478 4579 τεθνάναι
2498 4541 2512 4556 ο
2550 4525 2687 4593 ὅπερ
2709 4522 2910 4576 ἔπαθεν
2940 4523 2997 4574 tv
3031 4521 3153 4573 δυσὶ
3184 4519 3448 4590 πρότερον
3468 4519 3529 4570 ού
3561 4517 3805 4579 πεισθεὶς

528 4630 616 4676 tea
664 4620 870 4690 pueris,
931 4618 1058 4690 quia
1104 4619 1484 4687 obtemperare
1543 4617 1738 4683 noluit,
1790 4620 2119 4683 acciderat;

531 4724 626 4769 aut
657 4713 930 4769 haereticis
965 4713 1134 4782 objici
1161 4728 1257 4766 eos
1289 4715 1382 4781 qui
1414 4711 1669 4780 pietatem
1712 4711 2077 4764 observabant
2104 4723 2120 4764 :

533 4809 667 4864 nihil
721 4807 896 4862 ausim
929 4821 1032 4876 ego
1064 4816 1321 4874 peccator
1367 4805 1670 4874 iniungere,
1707 4804 1890 4873 quoad
1925 4802 2122 4858 beatis~

531 4900 708 4954 simus
739 4913 1024 4954 sacrorum
1050 4899 1280 4952 antistes
1321 4905 1509 4953 noster
1537 4912 1594 4951 re
1625 4897 1968 4951 considerata
1991 4911 2121 4966 pro-

533 4991 674 5046 ferat
711 4990 1061 5045 sententiam.
1095 4987 1174 5042 Tu
1205 5005 1335 5045 vero
1367 4990 1630 5044 vilitatem
1676 5006 1873 5055 meam,
1899 4989 2120 5044 Patrum

532 5083 890 5149 amicissime,
930 5098 1000 5137 ne
1042 5086 1293 5151 deplures
1326 5101 1340 5137 :
1383 5085 1478 5139 sed
1521 5086 1699 5154 potius
1739 5101 1858 5149 ora,
1891 5097 1949 5139 ut
1978 5084 2121 5138 intra

531 5179 814 5234 modulum
834 5189 1083 5234 nostrum
1104 5177 1493 5242 consistamus,
1508 5178 1936 5247 tnendosamque
1956 5177 2122 5231 vitam

531 5274 895 5343 corrigamus.
937 5271 1012 5326 De
1039 5273 1164 5327 aliis
1213 5280 1396 5326 autem
1425 5273 1640 5336 erratis,
1696 5287 1930 5341 quorum
1973 5270 2126 5324 indi-

533 5367 678 5423 cium
731 5366 894 5422 nobis
936 5365 1130 5437 religio
1182 5375 1274 5418 tua
1333 5371 1387 5418 et
1432 5363 1887 5434 signiﬁcationem
1951 5363 2120 5425 dedit,

533 5463 684 5518 nullo
715 5461 880 5515 modo
911 5459 1097 5530 inique
1129 5459 1280 5512 illum
1311 5458 1490 5526 egisse
1521 5457 1964 5512 exiStimavimus
1991 5474 2005 5519 ;
2029 5455 2121 5510 sed

534 5569 648 5638 rem
703 5552 864 5606 laude
915 5551 1155 5622 dignam,
1182 5551 1249 5617 si,
1281 5551 1550 5619 quosdam
1581 5549 1843 5603 nitechari
1870 5548 2120 5614 audiens,

537 5645 742 5700 veritus
796 5659 903 5698 non
955 5653 1036 5698 est
1097 5659 1212 5698 rem
1251 5643 1577 5700 denuntiare
1620 5643 1685 5696 iis
1739 5642 1833 5710 qui
1879 5639 2124 5696 inhibere

614 5818 652 5849 ⁸⁷
682 5815 855 5871 Τιίιὶἱ.
896 5832 1016 5871 can.
1057 5817 1142 5872 758.
1227 5817 1268 5850 ⁸⁸
1303 5816 1458 5874 Deut.
1505 5833 1612 5880 vix,
1657 5813 1738 5867 l5.

2225 4618 2443 4672 παισίνο
2473 4617 2506 4688 ἢ
2541 4616 2806 4688 προέσθαι
2833 4616 2947 4676 τοῖς
2975 4613 3278 4683 αἱρετικοῖς
3302 4612 3430 4674 τοὺς
3459 4609 3805 4680 φυλαττομέο

2225 4729 2351 4775 νους
2376 4712 2476 4782 τὴν
2505 4709 2792 4762 εὐσέϐειαν
2817 4723 2830 4736 ·
2868 4707 3021 4760 οὐδὲν
3061 4703 3172 4774 ἐγὼ
3207 4705 3235 4756 6
3267 4699 3595 4775 ἁμαρτωλὸς
3624 4703 3806 4773 τολμῶ

2227 4803 2553 4874 ἐπισκῆψαι,
2611 4802 2715 4865 ’έως
2741 4800 2808 4855 ἂν
2837 4803 2866 4854 6
2897 4795 3317 4870 μακαριώτατος
3350 4797 3508 4866 ήμῶν
3542 4798 3808 4867 ἱεροτελε-

2229 4894 2359 4966 στὴς
2404 4893 2790 4963 έπιθεωρήσας
2819 4891 3014 4956 ἐξοίσει
3062 4889 3264 4960 κρίσιν.
3310 4888 3421 4944 Καὶ
3457 4889 3534 4959 μή
3572 4906 3675 4960 μου
3711 4888 3808 4951 τῆς

2226 4986 2609 5048 ταπεινώσεως
2634 5027 2648 5048 ,
2702 4985 2966 5055 Πατέρων
3001 4983 3246 5053 φίλτατε,
3310 4981 3804 5046 καταπενάξειας·

2229 5082 2342 5138 ἀλλ’
2401 5084 2435 5151 ἢ
2495 5080 2696 5151 μᾶλλον
2746 5079 3052 5151 προσεύχου
3101 5079 3159 5131 ὲν
3209 5079 3324 5140 τοῖς
3385 5076 3536 5139 ἰδίοις
3595 5076 3806 5145 μέτροις

2230 5179 2487 5239 ἑστάναι,
2555 5176 2650 5228 xui.
2705 5173 2796 5226 τὸν
2843 5170 3183 5242 ἐσφαλμένον
3246 5170 3360 5240 βίον
3413 5168 3805 5240 διορθώσασθαι

2229 5270 2400 5339 ἡμᾶς.
2429 5267 2564 5336 Περὶ
2591 5266 2648 5320 δὲ
2675 5265 2876 5334 ἑτέρων
2905 5263 3258 5334 σφαλμάτων,
3288 5255 3363 5316 ὧν
3407 5262 3610 5314 ἔδωκεν
3632 5261 3804 5329 ἔμφα-

2233 5379 2318 5415 σιν
2367 5364 2400 5430 ὴ
2450 5357 2732 5413 θεοσέϐειά
2779 5375 2913 5423 σου,
2966 5358 3060 5414 καὶ
3107 5357 3468 5428 ὲξηγόρευσεν
3517 5357 3676 5426 ἡμῖν,
3714 5354 3802 5406 καὶ

2229 5453 2338 5507 οὐδ’
2392 5455 2530 5516 ὅλως
2589 5452 2960 5522 ἐπενοήσαμεν
3007 5449 3289 5520 ἑκθέσμως
3355 5447 3518 5501 αὑτὸν
3580 5445 3798 5518 πρᾶξαι,

2229 5545 2343 5600 ἀλλ’
2379 5545 2412 5615 ἢ
2444 5545 2535 5598 καὶ
2566 5543 2790 5598 ἐπαίνου
2848 5542 3028 5607 ἀξιον,
3073 5543 3122 5594 εἱ
3174 5539 3528 5610 μοιχεύοντας
3573 5537 3799 5599 ἀκούων,

2230 5644 2327 5707 οὐχ
2355 5637 2714 5690 ὑπεστείλατο
2755 5635 2829 5708 μὴ
2862 5635 2982 5706 ούχὶ
3011 5634 3332 5704 ἀναγγεῖλαι
3354 5635 3465 5696 τοῖς
3497 5629 3802 5697 δυναμένοις
