4060 6374
273 358 410 422 1493

1449 345 1988 410 EPIS'I‘OLARUM
2033 346 2180 406 LIB.
2239 345 2321 402 Il.

3373 332 3510 398 149i:

269 472 528 542 ἀπεῖρξαι
559 469 620 524 τὸ
649 469 906 538 ἀσέϐημα
938 468 1084 540 [σού.
1135 467 1269 536 Reg.
1320 464 1667 537 ἁσέλγημα]·
1710 465 1742 534 ἢ
1779 465 1865 524 τὸ

1966 470 2190 518 merant
2227 453 2560 530 impietatem
2594 496 2610 523 ,
2635 462 2768 519 aut,
2834 468 2957 509 cum
3002 452 3079 508 uti
3126 451 3322 522 laqueo
3350 452 3516 508 vellet

268 567 338 633 τῇ
378 561 668 631 κομιτίσσῃ
704 558 1002 629 αἱρουμένη
1052 559 1254 628 ἀγχόνῃ
1310 556 1647 628 χρήσασθαι·
1704 555 1832 608 ἰδεῖν

1966 555 2216 610 omitissa
2241 592 2256 618 ,
2292 551 2474 608 videre
2504 549 2634 618 quid
2669 547 2812 603 facto
2834 555 2976 602 esset
3023 561 3180 614 opus.
3216 542 3343 601 Haec
3365 545 3514 600 enim

269 655 338 707 τὰ
362 649 706 722 προσήκοντα
738 646 1165 718 ἐπιπράξασθαι.
1195 646 1332 700 Τάδε
1363 645 1470 716 γάρ
1495 641 1634 698 οἶδεν
1655 645 1836 713 ὠφλη-

270 745 445 806 κέναι,
477 743 570 795 καὶ
596 742 695 794 οὐκ
733 739 861 793 ἄλλο
879 753 893 766 '
924 741 1019 791 καὶ
1041 738 1238 808 πολλῆς
1266 735 1541 806 εὐφημίας
1570 735 1704 807 πρὸς
1729 734 1835 788 τῶν

267 834 526 905 ἀνωτέρω
561 831 910 899 δηλωθέντων
957 830 1185 899 ἀνδρῶν,
1237 828 1311 892 ὡς
1357 829 1623 899 αὐτήκοος
1655 829 1836 896 ἐγενό-

273 945 408 997 μην,
439 924 843 994 προανεδήσατο
867 924 894 974 ὁ
920 920 1146 989 ἀδελφὸς
1171 921 1439 990 Ἔραστος
1472 919 1836 982 ἐπαίνους.υύ

279 1021 473 1084 τοίνυν,
511 1017 655 1086 ἅγιε,
682 1015 772 1069 διὰ
801 1015 862 1066 τὸ
890 1013 1215 1083 σκινδαλμὸν
1245 1012 1406 1065 αὐτὸν
1443 1012 1740 1082 ἐμποιῆσαι
1781 1013 1839 1062 ὲν

272 1115 388 1174 τοῖς
411 1110 620 1173 αὐτόθι,
646 1107 783 1162 ἀλλὰ
809 1108 897 1160 διὰ
925 1107 994 1159 τά
1023 1104 1326 1177 ἀδιόρθωτα
1357 1103 1648 1168 σκάνδαλα,
1685 1099 1840 1170 εἷρξα
1863 1165 1872 1174 ,

272 1203 368 1257 τὸν
401 1200 626 1269 ἀδελφὸν
649 1197 746 1270 τῆς
788 1198 1144 1268 παλινῳδίαςο
1176 1197 1250 1259 ὡς
1279 1196 1343 1248 ἂν
1372 1196 1621 1250 ἐντεῦθεν
1651 1196 1834 1249 άθωω-

276 1298 396 1365 θείη
432 1295 528 1366 μὲν
556 1295 584 1345 ὁ
613 1290 1089 1362 κατηγορούμενος
1119 1288 1229 1341 τῶν
1256 1287 1622 1358 ἐγκλημάτων
1641 1305 1653 1317 ·
1689 1288 1843 1357 εἰρη-

275 1389 529 1442 νεύσειαν
581 1386 638 1439 δὲ
686 1386 737 1437 οί
792 1382 1254 1452 φιλεγκλήμονες,
1321 1380 1415 1433 καὶ
1475 1379 1840 1461 παθοπράται.

280 1481 351 1532 '0
371 1495 428 1530 τε
474 1474 890 1547 μακαριώτατος
927 1472 1084 1542 ήμῶν
1116 1473 1302 1542 Πατὴρ
1334 1470 1720 1535 ύπακουσθεὶς,
1750 1487 1849 1538 χα-

285 1569 412 1640 ρίσῃ
441 1569 571 1638 ἡμῖν
596 1566 694 1628 τὰς
725 1564 1018 1624 θεοκλινεϊς
1072 1578 1165 1614 σου
1208 1561 1554 1631 προσευχὰς,
1598 1559 1718 1612 ἐπεὶ
1758 1559 1848 1611 καὶ

281 1661 361 1732 τῷ
389 1658 602 1728 ἀδελφῷ
633 1655 999 1727 συγχώρησιν.

514 1768 670 1823 PNH’
705 1765 838 1840 (50).
876 1793 949 1805 —-
991 1762 1240 1832 Ἰωάννῃ
1273 1763 1604 1832 Σπαθαρίῳ.

1935 644 2095 699 oﬁicii
2139 646 2226 700 sui
2272 642 2443 697 fuisse
2484 642 2657 704 novit,
2685 649 2740 695 et
2778 655 2885 694 non
2916 637 3090 702 aliud,
3143 646 3200 693 et
3235 652 3462 708 magnas
3483 653 3516 692 a.

1938 737 2073 792 viris
2109 751 2276 805 supra
2297 733 2632 796 memoratis,
2667 743 2725 788 ut
2769 733 2887 802 ipse
2933 730 3138 796 audivi,
3185 729 3374 788 laudes
3423 745 3516 786 re-

1941 829 2064 883 tulit
2105 829 2273 882 frater
2313 825 2563 882 Erastus.
2606 824 2724 880 Non
2771 825 2956 894 igitur,
2988 824 3074 879 vir
3117 830 3328 889 sancte,
3367 823 3518 893 quod

1939 921 2228 975 discordiae
2259 919 2366 974 illis
2389 919 2440 972 in
2471 919 2608 974 locis
2647 918 2763 987 ipse
2785 925 2975 972 auctor
3022 915 3207 980 fuerit,
3254 914 3352 970 sed
3390 927 3520 984 pro—

1941 1021 2061 1081 pter
2107 999 2358 1081 perversa
2388 1009 2670 1074 scandala,
2701 1008 2847 1064 vetui
2883 1023 2950 1063 ne
2980 1006 3148 1063 frater
3179 1005 3518 1076 palinodiam

1942 1113 2162 1158 caneret
2185 1120 2200 1169 ;
2227 1110 2288 1158 ut
2310 1113 2364 1156 et
2384 1111 2674 1156 accusatus
2722 1101 3036 1156 absolvatur
3083 1099 3435 1163 criminibus,
3465 1106 3521 1151 et

1944 1198 2231 1265 quiescant
2253 1195 2348 1265 qui
2370 1195 2780 1250 criminationes
2805 1204 3008 1257 amant,
3027 1202 3080 1246 et
3103 1193 3230 1246 vitia
3249 1191 3509 1246 vendunt.

1945 1288 2136 1357 Tuque
2184 1287 2535 1342 beatissimus
2570 1285 2729 1340 Pater
2764 1295 2949 1339 noster
2987 1286 3073 1339 his
3100 1283 3299 1339 auditis
3330 1297 3520 1352 preces

1950 1394 2071 1439 tuas
2127 1381 2293 1436 Deum
2347 1381 2684 1436 inﬂectentes
2729 1379 2980 1450 largiaris
3037 1378 3219 1440 nobis,
3251 1385 3306 1432 et
3357 1374 3516 1431 fratri

1947 1490 2164 1530 veniam

2268 1767 2567 1824 CLVIll.-—
2581 1767 2612 1821 ⁴1
2621 1769 2782 1822 οαηηὶ
2811 1765 3095 1838 Spatltario
3111 1765 3202 1834 (⁸).
3221 1816 3226 1820 .

865 1878 941 1929 De
971 1875 1263 1939 Theologia,
1289 1881 1344 1926 et
1365 1876 1428 1926 de
1453 1873 1614 1926 divina
1632 1874 1986 1935 incarnatione,
2019 1887 2071 1928 et
2093 1879 2159 1929 de
2181 1877 2361 1928 sanctis
2381 1891 2437 1926 ac
2456 1876 2606 1927 sacris
2627 1875 2936 1940 imaginibus.

361 1994 446 2047 Τὸ
484 1965 816 2060 Εὐαγγέλιον
863 1988 964 2058 τῆς
1017 1989 1292 2059 σωτηρίας
1338 1988 1432 2042 τοῦ
1489 1989 1852 2060 εὐλογημένου

2029 1991 2264 2046 Faustus
2297 1991 2365 2046 de
2397 1990 2574 2046 salute
2609 1988 2882 2044 benedicti
2913 1986 3119 2042 domini
3170 1985 3276 2041 mei
3322 1995 3376 2040 et
3413 1987 3527 2055 spi-

290 2103 396 2159 μου
429 2084 692 2141 δεσπότου
723 2082 815 2137 καὶ
853 2081 1225 2152 πνευματικοῦ
1251 2081 1484 2151 ἀδελφοῦ
1510 2083 1602 2135 καὶ
1629 2083 1736 2152 πρὸ
1761 2082 1856 2136 τοῦ

287 2180 620 2249 γράμματος
651 2172 1018 2243 άπαγγελθὲν,
1057 2174 1250 2244 ἦδυνεν
1275 2173 1436 2243 ἡμῶν
1464 2173 1560 2232 τὰς
1597 2175 1859 2238 ταπεινάς

292 2270 551 2342 καρδίας·
595 2268 717 2320 ἐπεὶ
747 2267 803 2319 δὲ
837 2266 933 2320 καὶ
961 2263 1276 2334 ἀνεγνώσθη
1303 2305 1318 2329 ,
1359 2263 1578 2327 τελείως
1621 2262 1858 2335 εὐφρανε

291 2365 388 2418 καὶ
416 2360 776 2433 ἰχαροποίησε
800 2376 812 2389 ·
849 2359 941 2411 καὶ
968 2357 1066 2426 οὐχ
1097 2357 1246 2426 ἡμᾶς
1289 2357 1484 2426 μόνους
1520 2356 1646 2420 τοὺς
1676 2359 1858 2426 ἁμαρ-

292 2451 520 2515 τωλοὺς,
561 2448 698 2503 ἀλλὰ
739 2449 834 2501 καὶ
877 2447 972 2510 τὰς
1021 2445 1319 2514 ἁγγελικάς
1366 2445 1650 2515 δυνάμειςσ
1702 2447 1860 2516 εἴπερ

291 2544 381 2614 ἐφ’
404 2544 486 2597 ἑνὶ
507 2540 776 2614 ἀνθρώπῳ
813 2537 1160 2609 μετανοοῦντι
1186 2537 1329 2608 χαρὰ
1357 2539 1414 2590 ὲν
1441 2539 1689 2608 οὐρανοῖς
1716 2538 1862 2606 γίνε-

293 2653 408 2701 ται,
437 2634 679 2688 κατὰτὰ
705 2633 827 2703 ίερὰ
871 2631 1054 2700 λόγια.
1094 2629 1230 2683 Ἀλλ’
1267 2629 1557 2700 εὐλογητὸς
1586 2631 1614 2683 ὁ
1637 2629 1768 2693 Θεὸς
1805 2630 1863 2692 ὃς

293 2730 398 2782 οὐκ
427 2730 572 2782 είασε
601 2727 701 2797 τὴν
729 2725 1022 2796 τιμιότητά
1052 2741 1145 2776 σου
1169 2723 1273 2785 ’ἐως
1301 2723 1488 2786 τέλους
1513 2724 1862 2793 συναπαχθῆ-

296 2841 387 2878 ναι
425 2825 492 2893 τῇ
527 2822 739 2892 πονηρᾷ
773 2819 984 2890 αἱρέσει
1021 2817 1129 2870 τῶν
1154 2817 1581 2887 Χριστομάχων·
1613 2815 1749 2869 ἀλλὰ
1778 2816 1866 2870 διὰ

295 2917 398 2986 τῆς
425 2915 594 2984 καλῆς
625 2914 718 2966 καὶ
742 2909 1025 2986 μακαρίας
1054 2909 1319 2978 θυγατρὸς
1345 2907 1679 2978 ἐπέστρεψεν
1707 2909 1785 2970 είς
1808 2910 1866 2960 τὸ

299 2980 420 3076 φῶς
465 2980 562 3074 τῆς
593 2980 872 3072 ἀληθείας.
899 2980 1030 3056 ήΚαῒ
1073 3000 1118 3054 ὣ
1165 3000 1257 3053 τοῦ
1301 2999 1596 3070 θαύματος,
1639 3001 1734 3052 καὶ
1770 2999 1865 3052 τοῦ

299 3098 685 3169 γεννήσαντος,
721 3095 940 3164 καὶτῆς
975 3091 1362 3162 γεννηθείσηςί
1396 3092 1459 3143 Ὦ
1486 3091 1586 3160 τῆς
1614 3090 1722 3143 τῶν
1758 3091 1867 3160 άμ-

301 3191 547 3260 ςοτέρων
577 3185 899 3256 εἰλικρινοῦς
931 3183 1182 3254 ἀγάπηςί
1222 3182 1321 3252 τῆς
1373 3182 1469 3252 μὲν
1501 3181 1868 3252 φροντισάσης

302 3281 392 3334 ἐπ’
438 3280 628 3340 αὐταῖς
666 3280 788 3340 ταῖς
818 3277 1148 3337 τελευταίαις
1176 3276 1474 3336 ἀναπνοαῖς
1504 3274 1566 3325 τὸ
1604 3273 1868 3342 πατρικὸν

305 3372 535 3440 σῶσμα⁶
584 3369 677 3422 τοῦ
723 3369 780 3421 δὲ
826 3368 1107 3428 κλίναντος
1144 3365 1463 3436 θεοπρεπῶς
1514 3365 1574 3417 τὸ
1619 3363 1732 3428 οὖς,
1775 3365 1869 3417 καὶ
1896 3341 1940 3400 c

302 3461 675 3534 χαρισαμένου
720 3462 786 3528 τῇ
841 3457 1180 3528 αἰτησαμένη
1245 3457 1407 3510 καλὸν
1455 3457 1722 3524 ἐντάφιον,
1771 3457 1870 3526 τὴν

303 3550 587 3624 ὀρθόδοξον
613 3549 967 3619 ἐπιστροφήν.
1011 3548 1278 3616 Ἀπῆλθεν
1308 3549 1340 3616 ἡ
1376 3547 1471 3618 μὲν
1501 3547 1699 3616 ἔχουσα
1735 3548 1872 3615 μετὰ

304 3646 406 3714 τῆς
437 3641 645 3705 οἰκείας
678 3640 1085 3708 καλοκαγαθίας
1117 3639 1288 3705 ξένιον
1315 3641 1543 3710 τερπνὸν
1582 3641 1872 3709 προσοῖσαι

304 3737 388 3809 τῷ
416 3735 556 3806 Θεῷ,
591 3735 651 3788 τὸ
686 3733 935 3804 πατρῷον
963 3734 1257 3804 σωτήριον·
1288 3735 1316 3786 ὁ
1349 3732 1405 3785 δὲ
1431 3732 1683 3800 ἐπέμεινε
1711 3731 1876 3797 θυγα-

303 3830 436 3900 τρὸς
467 3829 618 3898 ἱερᾶς
650 3826 870 3888 εὐσεϐὲς
903 3823 1354 3893 ἐγκαλλώπισμα,
1388 3825 1481 3876 καὶ
1512 3828 1728 3876 πάντων
1765 3821 1874 3875 τῶν

306 3921 606 3990 ὀρθοδόξων
638 3919 712 3983 ώς
746 3918 960 3989 ἀληθῶς
996 3918 1411 3988 εὐφραντήριον.
1449 3917 1511 3969 Τί
1546 3915 1655 3986 γὰρ
1684 3910 1874 3980 οἶδας,

309 4013 449 4085 φησὶ
471 4053 486 4078 ,
510 4014 708 4082 γύναι,
761 4014 814 4065 εί
845 4011 954 4063 τὸν
990 4009 1179 4077 ἄνδρα
1210 4010 1468 4073 σώσεις;
1499 4008 1538 4075 ἣ
1569 4009 1626 4060 τί
1665 4004 1833 4072 οἶδας
1859 4045 1874 4070 ,

307 4106 476 4172 ἆνερ,
520 4106 574 4157 ει
618 4103 733 4170 τὴν
775 4101 1028 4172 γυναῖκα
1069 4101 1326 4165 σώσεις;
1370 4100 1531 4169 Ἥμῖν
1577 4101 1633 4152 δὲ
1683 4098 1877 4169 μικρὸν

311 4194 708 4257 ὐπαλλακτέον,
731 4194 813 4246 ὅτι
840 4191 1043 4244 ἔσωσεν
1069 4193 1104 4262 ἡ
1129 4191 1372 4261 θυγάτηρ
1391 4190 1482 4243 τὸν
1515 4189 1746 4259 πατέρα.
1770 4189 1877 4241 Καὶ

314 4287 562 4358 μακαρία
593 4283 776 4353 ἐκείνη
813 4286 845 4354 ἡ
875 4283 1017 4346 ὁσία,
1054 4283 1318 4353 μακάριος
1347 4283 1441 4335 καὶ
1489 4283 1574 4343 σὺ,
1616 4275 1663 4334 ὦ
1690 4281 1878 4351 τριπό-

311 4381 466 4452 θητε,
500 4375 766 4446 Πείθομαι
790 4375 899 4444 γάρ
927 4374 1007 4426 ὅτι
1033 4375 1128 4428 σὺν
1150 4375 1234 4427 σοὶ
1263 4374 1356 4426 καὶ
1379 4372 1508 4443 ὃλην
1527 4373 1879 4441 οἱκίαν,τάχα

311 4472 372 4524 δὲ
424 4471 519 4524 καὶ
564 4470 720 4538 γένος
766 4467 1127 4538 προσαγάγῃς
1166 4465 1477 4537 ὀρθοδόξοῦν
1519 4465 1598 4536 τῷ
1628 4466 1875 4536 Δεσπότῃ

311 4562 569 4633 Χριστιῖν
597 4562 684 4614 ἵνα
711 4562 778 4613 ὲκ
825 4558 1036 4612 πολλῶν
1071 4558 1392 4630 προσώπων,
1422 4557 1482 4612 τὸ
1507 4560 1584 4619 εἰς
1615 4559 1758 4627 ὑμᾶς
1783 4558 1878 4628 χά-

1957 2084 2170 2140 titualis
2195 2082 2382 2139 fratris
2415 2082 2644 2138 nuntius
2674 2083 3027 2137 antelitteras
3062 2080 3527 2144 allatus,humilia

1958 2178 2122 2235 corda
2160 2185 2349 2232 nostra
2394 2176 2736 2239 oblectabat;
2783 2183 2907 2245 post
2939 2175 3111 2230 lectas
3147 2189 3276 2230 vero
3317 2173 3530 2228 litteras

1958 2271 2116 2339 plene
2142 2285 2207 2324 ac
2236 2269 2472 2339 perfecte
2500 2268 2828 2324 exhilaravit
2857 2278 2912 2324 et
2940 2268 3132 2322 laetitia
3168 2266 3379 2333 aﬁ'ecit;
3434 2283 3532 2320 ne-

1959 2378 2064 2430 que
2113 2377 2214 2417 nos
2259 2362 2438 2417 solum
2476 2369 2830 2431 peccatores,
2885 2363 2979 2416 sed
3037 2361 3316 2430 angelicas
3362 2358 3529 2414 etiam

1961 2449 2191 2505 virtutes
2231 2467 2246 2503 :
2295 2450 2563 2520 siquidem
2591 2451 2658 2505 de
2713 2453 2933 2505 homine
2992 2467 3102 2506 uno
3153 2449 3530 2520 ptenitentiam

1962 2551 2154 2612 agente
2181 2543 2442 2614 gaudium
2469 2552 2554 2597 est
2575 2545 2629 2597 in
2653 2543 2829 2610 caelis,
2854 2543 3010 2613 juxta
3041 2558 3196 2598 sacra
3228 2541 3531 2613 eloquia",
3608 2525 3612 2528 ’

1963 2635 2066 2690 Scd
2111 2637 2429 2692 benedictus
2471 2636 2611 2690 Deus
2640 2675 2656 2701 ,
2708 2636 2800 2704 qui
2851 2635 3322 2690 honorificentiam
3381 2643 3534 2689 tuam

1969 2743 2080 2782 non
2117 2728 2371 2798 permisit
2399 2743 2572 2796 usque
2607 2727 2661 2782 in
2707 2728 2868 2781 linem
2903 2727 3098 2783 abduci
3130 2741 3384 2796 perversa
3423 2728 3538 2780 hmo

1965 2821 2072 2875 resi
2110 2819 2649 2874 Christomachorum
2677 2834 2699 2872 ε⁴
2721 2819 2816 2874 sed
2847 2835 2944 2889 per
3005 2819 3280 2890 egregiam
3319 2828 3373 2876 et
3405 2819 3539 2873 bea-

1965 2918 2075 2963 tam
2111 2910 2278 2963 ﬁliam
2321 2911 2588 2965 convertit
2627 2910 2694 2965 ad
2729 2909 2903 2966 lucem
2933 2911 3199 2968 veritatis.
3235 2910 3318 2977 Et,
3359 2928 3392 2966 ο
3421 2925 3536 2965 rem

1967 3001 2183 3066 miram,
2219 3009 2333 3054 tum
2360 3002 2412 3055 in
2439 3002 2704 3077 genitore,
2733 3013 2849 3056 tum
2892 3003 2943 3055 in
2969 3003 3175 3072 genita!
3205 3018 3238 3056 ο
3265 3003 3536 3058 sinceram

1968 3092 2255 3165 utriusque
2288 3085 2613 3148 eliaritatem
2637 3095 2662 3148 !'
2691 3093 2852 3162 hujus
2879 3095 3126 3163 quidem,
3159 3094 3308 3164 quod
3351 3095 3404 3148 in
3439 3110 3540 3149 ex-

1968 3191 2142 3238 tremo
2174 3183 2294 3253 ipso
2350 3185 2545 3254 spiritu
2586 3195 2826 3255 paternae
2875 3184 3069 3240 salutis
3107 3201 3294 3240 curam
3324 3187 3540 3257 gessit;

1971 3277 2121 3331 illius
2155 3277 2458 3347 vero‘quod
2506 3288 2686 3333 autem
2722 3279 2810 3348 pie
2844 3278 3203 3345 inclinaverit,
3238 3288 3292 3333 et
3326 3280 3540 3350 roganti

1974 3368 2230 3437 pulchras
2279 3370 2590 3438 exsequias,
2629 3370 2952 3441 persolverit
3001 3372 3420 3426 conversionem
3449 3389 3543 3426 or-

1975 3459 2290 3513 thodoxam.
2366 3460 2607 3516 Decessit
2664 3461 2775 3516 illa
2812 3463 3055 3530 quidem,
3117 3463 3348 3526 habens,
3415 3478 3541 3517 cum

1974 3550 2196 3619 propria
2232 3550 2522 3605 sanctitate
2545 3592 2560 3616 ,
2607 3551 2913 3621 jucundum
2946 3569 3146 3608 munus
3179 3554 3323 3623 quod
3353 3553 3544 3608 oﬁ‘erat

1978 3639 2120 3706 Deo,
2153 3649 2432 3708 paternam
2478 3643 2745 3707 salutem;
2800 3644 2888 3696 hic
2935 3659 3062 3699 vero
3111 3645 3464 3714 exspectabat
3513 3661 3543 3698 a

1976 3747 2133 3786 sacra
2169 3733 2278 3786 ﬁlia
2332 3733 2478 3802 pium
2515 3746 2921 3800 ornamentum,
2953 3738 3305 3806 omniumque
3356 3753 3545 3792 revera

1977 3822 2408 3878 orthodoxorum
2441 3825 2887 3880 exsultationem.
2922 3826 3070 3880 Unde
3101 3829 3240 3880 enim
3272 3829 3398 3888 scis,
3427 3844 3547 3881 mu-

1978 3914 2094 3978 lier,
2129 3915 2325 3984 inquit,
2358 3917 2405 3969 si
2437 3917 2606 3969 virum
2636 3917 2840 3970 salvum
2867 3919 3069 3987 facies?
3113 3931 3202 3972 aut
3233 3922 3370 3973 unde
3418 3922 3545 3984 scis,

1977 4007 2076 4072 vir,
2113 4008 2158 4060 si
2195 4009 2466 4061 mulierem
2512 4009 2714 4062 salvam
2747 4010 2910 4079 facies
2932 4012 3016 4064 "2’
3063 4011 3230 4067 Nobis
3262 4015 3543 4083 paululum

1979 4103 2403 4168 immutandum,
2435 4103 2561 4172 quia
2597 4105 2825 4160 salvavit
2869 4107 2978 4161 ﬁlia
3031 4118 3262 4177 patrem.
3310 4107 3373 4162 Et
3409 4107 3543 4162 felix

1979 4194 2068 4248 illa
2131 4203 2360 4250 sancta:
2400 4206 2448 4250 et
2501 4205 2554 4250 tu
2602 4213 2820 4267 quoque
2880 4201 3094 4265 beatus,
3133 4215 3166 4255 o
3204 4201 3545 4256 charissime.

1979 4284 2306 4340 Persuasum
2337 4288 2482 4341 enim
2517 4286 2691 4342 habeo
2723 4287 2839 4342 fore
2868 4298 2925 4342 ut
2959 4299 3126 4345 totam
3173 4301 3347 4345 tecum
3390 4291 3550 4347 fami-

1982 4378 2136 4440 liam,
2167 4394 2231 4432 ac
2259 4379 2488 4435 fortasse
2509 4381 2912 4450 cognationem.
2937 4385 3298 4438 orthodoxam
3328 4384 3544 4450 reddas,

1979 4483 2032 4524 et
2067 4470 2135 4524 ad
2184 4471 2464 4526 Christum
2497 4474 2786 4528 Dominum
2842 4476 3121 4530 adducas:
3151 4485 3207 4530 ut
3246 4493 3310 4530 cx
3365 4491 3551 4546 perso-

1982 4577 2176 4617 narum
2219 4578 2449 4617 numero
2476 4605 2490 4626 ,
2537 4565 2858 4620 beneﬁcium
2910 4567 3054 4637 quod
3107 4568 3414 4636 accepistis,
3453 4581 3550 4636 per

315 4675 488 4730 ρισμα
509 4657 598 4711 διὰ
630 4655 842 4710 πολλῶν
873 4654 1240 4726 εὐχαριστηθῇ
1271 4653 1411 4724 ὑπὲρ
1436 4651 1612 4724 ὑμῶν.
1643 4651 1865 4705 Τοιαύττ

1987 4656 2192 4710 multos
2229 4667 2353 4709 cum
2386 4655 2686 4726 gratiarum
2721 4659 2934 4713 actione
2972 4674 3070 4729 pro
3112 4660 3266 4714 vobis
3307 4659 3548 4714 celebre.

310 4754 346 4819 ὴ
379 4748 498 4802 θεία
529 4747 814 4819 προσφορὰ
839 4787 854 4813 ,
881 4747 977 4800 καὶ
1004 4746 1263 4816 καλλίστη
1297 4762 1392 4798 σου
1422 4746 1454 4816 ὴ
1490 4743 1770 4815 ὁμολογία,
1809 4745 1875 4815 ἣν

312 4845 376 4896 ὲν
416 4844 529 4904 τοῖς
577 4839 906 4912 γράμμασιν
953 4839 1308 4910 ὡμολόγησας
1345 4837 1576 4890 ἐνώπιον
1613 4834 1746 4890 Θεοῦ
1787 4835 1879 4889 καὶ

311 4933 413 4989 ἀνθ
421 4931 641 5003 ρώπων.

387 5023 544 5078 Οὕτω
575 5024 684 5094 γὰρ
715 5025 748 5093 ἡ
777 5021 1000 5092 ἀληθινὴ
1027 5021 1207 5082 πίστις
1231 5019 1339 5073 τῶν
1361 5019 1722 5090 Χριστιανῶν·
1745 5019 1884 5070 κατὰ

319 5116 424 5187 μὲν
459 5116 520 5168 τὸ
550 5117 648 5186 τῆς
683 5113 964 5180 θεολογίας
995 5113 1173 5184 δόγμα
1226 5112 1504 5165 πιστεύειν
1537 5111 1616 5174 είς
1647 5111 1882 5180 Πατέρα,

317 5209 415 5262 καὶ
434 5207 584 5269 Υίὸν,
616 5209 712 5260 καὶ
741 5207 895 5273 ἅγιον
928 5205 1148 5276 Πνεῦμα
1169 5221 1182 5234 ⁸
1208 5206 1264 5258 ὲν
1288 5199 1370 5268 οἷς
1397 5205 1491 5259 καὶ
1517 5204 1579 5256 τὸ
1605 5203 1885 5274 βάπτισμα

317 5301 420 5368 τὴν
439 5297 721 5351 τελείωσιν
743 5297 856 5366 ἔχει
877 5311 891 5326 ⁸
919 5295 1051 5349 Θεὸν
1081 5296 1175 5348 τὸν
1207 5295 1446 5366 Πατέρα,
1464 5294 1596 5348 Θεὸν
1622 5294 1712 5347 τὸν
1735 5293 1881 5358 Υίὸν,

316 5387 454 5440 Θεὸν
486 5387 548 5442 τὸ
572 5387 797 5456 Πνεῦμα
817 5385 878 5440 τὸ
903 5386 1058 5456 ἅγιον
1075 5403 1089 5418 ·
1108 5386 1188 5450 είς
1217 5385 1314 5441 ἕνα
1334 5385 1484 5451 Θεὸν,
1503 5386 1597 5440 καὶ
1621 5385 1681 5440 οὐ
1711 5387 1880 5457 τρεῖς,

395 5524 436 5555 ³⁸
466 5522 595 5580 Luc.
656 5540 742 5587 xv,
773 5524 821 5578 7.
929 5525 972 5556 ¹⁰
1033 5522 1049 5576 l
1081 5523 1206 5578 Cor.
1229 5538 1318 5588 vn,
1355 5522 1437 5577 16.

1985 4755 2092 4800 tur.
2128 4745 2275 4802 Talis
2324 4759 2409 4802 est
2455 4748 2639 4803 divina
2687 4751 2926 4817 oblatio,
2976 4761 3030 4806 et
3058 4751 3423 4820 pulcherrima
3458 4761 3548 4806 tua

1983 4838 2289 4905 confessio,
2351 4856 2515 4909 quam
2564 4857 2662 4912 per
2709 4843 2918 4900 litteras
2948 4845 3234 4900 confessus
3270 4860 3330 4901 es
3362 4862 3550 4901 coram

1957 4946 1964 4952 '
1987 4931 2096 4985 Deo
2124 4941 2178 4986 et
2202 4932 2536 4991 hominibus.

2057 5021 2150 5078 Sic
2197 5025 2344 5079 enim
2388 5041 2515 5081 vera
2548 5026 2680 5082 ﬁdes
2729 5026 3202 5097 Christianorum;
3253 5029 3551 5086 secundum

1986 5115 2272 5186 theologia:
2321 5118 2540 5188 quidem
2593 5118 2811 5187 dogma,
2861 5120 3084 5176 credere
3129 5121 3181 5176 in
3230 5121 3471 5188 Patrem,
3502 5134 3557 5176 et

1985 5205 2204 5273 Filium,
2235 5217 2287 5262 et
2320 5209 2582 5278 Spiritum
2617 5219 2892 5276 sanctum,
2936 5212 3027 5266 in'
3062 5214 3264 5282 quibus
3294 5224 3348 5267 et
3376 5214 3556 5282 bapti-

1985 5313 2104 5354 sma
2132 5295 2519 5370 perfectionem
2563 5304 2758 5359 habet:
2796 5304 2966 5360 Deum
3001 5305 3428 5374 Patrem,Deum
3461 5303 3554 5358 Fi-

1984 5391 2144 5458 lium,
2178 5391 2348 5448 Deum
2375 5393 2638 5464 Spiritum
2667 5405 2917 5454 sanctum
2942 5439 2956 5464 ,
2988 5397 3041 5453 in
3075 5413 3244 5456 unum
3274 5396 3465 5462 Deum,
3499 5407 3552 5451 et

1815 5641 2041 5698 NOT/E.

395 5778 503 5846 (50)
530 5777 584 5830 In
621 5775 738 5830 cod.
773 5776 899 5847 Reg.
941 5777 1084 5847 ρκς’.

2069 5780 2140 5850 (³⁵)
2183 5780 2515 5854 Dogmulica.
