4060 6374
569 333 707 410 1495

1757 342 1816 396 s.
1845 339 2235 399 Tl-IEODORI
2295 338 2638 414 STUDl'l‘Ai

3690 341 3830 409 1496

566 471 679 515 non
705 469 852 525 tres,
899 459 1076 529 absit;
1109 462 1370 535 quoniam
1415 474 1525 517 una
1559 459 1739 515 deitas
1761 503 1774 522 ,
1826 471 1935 513 non
1971 457 2146 514 divisa

2253 458 2434 527 ἄπαγε
2459 473 2473 488 ·
2509 459 2746 530 ἐπείπερ
2778 457 2876 529 μία
2903 459 2936 530 ἠ
2969 459 3195 530 Θεότης,
3236 459 3300 513 ού
3323 459 3686 534 διαιρουμένη
3707 464 3830 527 ταῖς

567 551 746 606 tribus
779 552 1200 624 hypostasibus,
1237 555 1336 611 sed
1369 561 1481 609 tota
1533 552 1591 608 in
1637 549 1866 622 singulis
1895 551 2146 620 personis

566 651 814 713 spectata
847 642 1124 702 iudivisim
1149 661 1166 701 :
1191 643 1340 717 quod
1381 644 1546 710 plane
1583 639 2000 712 intelligentiam
2044 653 2143 700 ex-

567 737 760 794 cedit:
789 735 961 794 Deum
1005 739 1191 797 dicere
1230 750 1683 810 unumquemque
1709 776 1726 808 ,
1766 742 1822 790 et
1868 735 1924 789 in
1971 748 2146 795 unum

569 827 742 886 Deum
796 831 1118 905 recolligere
1161 831 1614 889 confessionem:
1651 827 1960 885 secundum
2017 840 2148 882 vero

565 921 966 978 incarnationis
1002 923 1238 995 dogma,
1294 937 1515 980 rursum
1562 920 1788 980 credere
1834 919 1982 990 quod
2015 918 2149 974 Ver-

566 1013 693 1068 bum
718 1029 846 1068 caro
876 1014 1084 1085 factum
1104 1016 1264 1081 est“,
1293 1015 1409 1070 sive
1455 1027 1605 1069 unus
1645 1010 1717 1067 de
1754 1018 1944 1068 sancta
1965 1009 2148 1072 Trini:

564 1113 679 1160 tate
753 1115 918 1162 natus
983 1116 1070 1164 est
1121 1122 1188 1163 ex
1243 1105 1599 1165 immaculata
1648 1105 1860 1177 virgine
1924 1104 2144 1172 Maria;

569 1210 804 1254 manens
833 1196 1054 1267 quidem
1084 1197 1137 1253 id
1169 1197 1318 1269 quod
1371 1205 1512 1263 erat,
1546 1196 1692 1254 Deus
1742 1197 2102 1254 immutabilis
2127 1240 2144 1268 ,

569 1298 626 1342 et
655 1285 804 1342 Patri
855 1299 1194 1356 coaeternus;
1247 1290 1345 1346 sed
1371 1299 1655 1361 assumpta
1711 1299 1910 1349 natura
1957 1299 2146 1349 nostra

573 1399 672 1454 per
717 1383 1046 1455 virginalem
1100 1385 1154 1440 in
1210 1386 1417 1457 Spiritu
1463 1394 1657 1442 sancto
1709 1387 2142 1456 generationem.

519 1479 523 1486 '
565 1475 777 1548 Estque
811 1477 954 1534 idem
991 1489 1137 1536 totus
1166 1479 1333 1546 Deus,
1360 1489 1416 1536 et
1439 1490 1588 1537 tetus
1619 1481 1785 1537 homo
1813 1498 1826 1534 :
1858 1489 2003 1537 totas
2027 1480 2148 1543 sine

565 1569 785 1626 defectu
823 1571 1034 1628 habens
1088 1573 1144 1628 in
1195 1572 1380 1643 seipso
1425 1573 1665 1628 duarum
1715 1583 2042 1629 naturarum
2076 1590 2146 1630 ex

561 1666 765 1738 quibus
797 1675 1048 1732 constat,
1077 1666 1296 1722 deitatis
1326 1667 1538 1724 scilicet
1571 1675 1736 1738 atque
1765 1668 2144 1747 humanitatis,

564 1759 620 1814 in
668 1773 776 1815 una
830 1758 1111 1831 hypostasi
1153 1759 1555 1829 proprietates;
1615 1759 2067 1831 circumscriptus
2091 1769 2148 1818 et

564 1865 674 1905 non
725 1851 1184 1920 circumscriptus
1227 1867 1243 1904 :
1295 1849 1401 1906 hoc
1471 1849 1690 1920 quidem
1752 1861 1976 1921 propter
2029 1851 2148 1912 dei-

563 1953 766 2010 tatem,
836 1943 969 1999 illud
1036 1959 1166 1998 vero
1239 1953 1464 2014 propter
1531 1945 1924 2002 humanitatem
1984 1965 2000 2002 :
2065 1947 2148 2003 ha!

567 2046 699 2095 sunt
758 2036 906 2092 enim
961 2037 1323 2108 proprietates
1369 2054 1383 2092 :
1441 2047 1496 2092 et
1551 2053 1659 2108 qua
1733 2038 2146 2096 incircumscri-

569 2133 717 2196 ptus,
776 2139 922 2180 unus
975 2123 1245 2180 exsistens
1303 2123 1373 2180 de
1423 2135 1612 2183 sancta
1664 2125 1975 2197 Trinitate;
2038 2144 2144 2198 qua

565 2216 1044 2287 circumscriptus,
1101 2232 1246 2272 unus
1303 2217 1372 2274 de
1446 2218 1625 2274 nobis.
1683 2219 1862 2290 Atque
1927 2220 1984 2276 in
2043 2221 2148 2278 hoc

564 2309 810 2367 creditur
871 2309 1140 2365 mediator
1203 2307 1303 2365 Dei
1355 2319 1412 2366 et
1458 2310 1743 2366 hominum
1801 2310 2021 2380 factus,
2087 2326 2148 2373 ut

565 2402 662 2475 qui
707 2402 765 2458 in
829 2400 1012 2472 seipso
1056 2409 1300 2463 extrema
1361 2402 1659 2473 conjungat
1701 2443 1717 2467 ,
1780 2414 1836 2461 et
1905 2422 2005 2477 per
2059 2423 2148 2464 se-

574 2497 754 2566 ipsum
797 2492 996 2549 divinae
1044 2503 1254 2550 natura:
1301 2495 1599 2567 participes
1646 2495 1852 2569 Deique
1881 2499 2147 2558 ﬁliosnos

565 2584 773 2642 emeiat
797 2603 812 2618 ο
843 2585 991 2658 quod
1023 2586 1408 2643 admirandum
1440 2600 1499 2643 et
1541 2591 1694 2645 omni
1728 2590 1890 2647 laude
1922 2593 2101 2665 majus
2125 2633 2142 2657 ,

566 2677 682 2735 sive
719 2679 1012 2750 cogitatur,
1066 2680 1182 2737 sive
1229 2681 1452 2738 dicitur.
1493 2680 1599 2749 Qui
1649 2698 1781 2755 ergo
1869 2685 2023 2742 illum
2069 2687 2149 2743 ait

568 2783 676 2822 non
723 2767 1108 2825 circumscribi
1154 2767 1210 2834 in
1251 2783 1416 2826 carne
1451 2810 1466 2833 ,
1499 2779 1769 2840 quatenus
1816 2771 2025 2848 similis,
2063 2780 2151 2828 est

567 2859 760 2928 nobis;
791 2869 976 2932 negat,
1002 2861 1290 2919 benedicte
1319 2863 1391 2918 mi
1445 2861 1633 2931 frater,
1667 2863 1834 2922 Deum
1865 2865 1920 2920 in
1982 2880 2150 2922 carne

564 2950 911 3022 apparuisse.
963 2950 1349 3025 contradicens
1382 2947 1680 3021 Evangelio
1710 2953 1938 3028 Christi,
1963 2962 2018 3008 et
2048 2970 2150 3025 par

563 3053 649 3100 est
672 3042 896 3104 iudicis.
935 3041 1038 3104 Ubi
1097 3045 1244 3100 enim
1281 3061 1469 3115 verum
1525 3047 1632 3116 erit
1687 3045 1861 3114 illud,
1911 3047 2148 3103 similem

565 3135 727 3198 uobis
753 3151 850 3208 per
878 3136 1063 3202 omnia
1123 3135 1330 3198 factum
1363 3153 1486 3196 esse
1513 3178 1528 3204 ,
1583 3139 1631 3199 si
1679 3139 1935 3214 imagine,
1987 3155 2143 3196 more
2174 3167 2217 3226 ο

566 3240 792 3294 nostro,
833 3245 946 3284 non
995 3229 1508 3300 exprimatur?Ubi
1557 3231 1734 3287 illud:
1783 3231 2014 3303 Palpate
2064 3249 2148 3300 me

565 3331 617 3380 et
649 3321 838 3389 videte,
871 3320 1000 3392 quia
1024 3321 1250 3392 spiritus
1281 3338 1497 3386 carnem
1544 3333 1596 3379 et
1638 3340 1762 3394 oua
1797 3341 1901 3392 non
1947 3326 2101 3381 habet
2129 3365 2144 3389 ,

563 3415 703 3477 sicut
769 3432 852 3469 me
914 3415 1100 3470 videtis
1151 3415 1585 3475 habere"?Ubi
1645 3429 1699 3474 et
1755 3419 1887 3474 illud
1936 3438 1952 3474 :
2005 3421 2145 3490 Quid

565 3522 647 3570 me
695 3506 852 3561 uultis
883 3507 1205 3577 inter/icere,
1261 3507 1524 3564 hominem
1563 3511 1656 3582 qui
1687 3511 1958 3582 veritatem
1998 3513 2144 3566 vobis

564 3601 774 3668 locutus
851 3618 1014 3667 sum,
1095 3619 1260 3674 quam
1353 3605 1536 3666 audivi
1576 3622 1610 3661 a
1683 3605 1846 3679 Patre
1869 3607 1956 3660 ’³⁸1
2034 3607 2144 3674 Qui

564 3707 698 3765 ergo
755 3710 866 3749 non
918 3694 1418 3764 circumscribitur,
1474 3712 1578 3754 nec
1616 3697 1820 3754 similis
1867 3698 2024 3754 nobis
2063 3706 2150 3752 est

564 3785 714 3850 haud
759 3787 968 3858 dubie,
1027 3802 1129 3845 nec
1187 3789 1462 3866 palpatur,
1513 3803 1695 3862 neque
1769 3804 1936 3862 porro
1994 3789 2146 3852 occi-

565 3879 739 3944 ditur.
793 3881 958 3951 Atqui
1023 3879 1238 3937 occisus
1299 3893 1428 3951 est,
1490 3893 1545 3939 et
1604 3883 1855 3954 palpatur
1889 3892 2010 3954 post
2059 3899 2149 3939 re-

566 3970 993 4033 surrectionem.
1043 3970 1187 4042 Ergo
1219 3981 1275 4027 et
1312 3972 1691 4028 circumscribi
1741 3973 1884 4028 sicut
1912 3987 2013 4028 nos
2050 3987 2144 4042 per

567 4063 861 4136 imaginem
911 4072 1114 4135 potest.
1170 4064 1280 4122 Sed
1327 4074 1653 4132 evanuerunt
1703 4065 1760 4122 in
1807 4066 2147 4138 cogitationi:-

567 4154 666 4216 bus
738 4157 852 4213 suis
904 4155 1300 4223 lconomachi,
1371 4170 1421 4213 et
1472 4156 1814 4213 obscuratum
1876 4168 1953 4214 est
2010 4160 2148 4212 iusi-

564 4249 713 4322 piens
757 4263 848 4304 cor
891 4265 1076 4312 eorum
1098 4249 1178 4303 “:
1218 4264 1287 4316 ex
1327 4263 1395 4306 eo
1435 4252 1582 4322 quod
1609 4258 1808 4321 negant
1856 4250 2147 4322 imaginem

569 4339 802 4406 Christi,
828 4349 885 4395 et
916 4339 1186 4411 Deiparae,
1215 4349 1270 4396 et
1295 4342 1540 4406 omnium
1571 4353 1912 4410 sanctorum,
1941 4356 2148 4411 negau-

569 4443 652 4494 tes
701 4432 1004 4500 salutarem
1051 4431 1564 4503 dispensationem;
1620 4443 1674 4488 et
1719 4433 2001 4488 Christum
2052 4449 2148 4488 ore

2247 548 2429 619 τρισὶν
2469 550 2859 617 ὑποστάσεσιν,
2887 550 3002 606 ἀλλ’
3043 551 3140 622 ὅλη
3173 551 3260 621 ἐφ’
3285 554 3502 624 ἑκάστῳ
3545 553 3832 625 προσώπῳ

2249 639 2603 714 θεωρουμένη
2644 643 2987 714 ἀμερίστωςο
3014 645 3044 698 ὃ
3065 647 3162 700 καὶ
3193 646 3532 718 παράδοξον·
3571 647 3712 701 Θεὸν
3741 647 3832 702 λέ-

2247 750 2368 802 γειν
2409 735 2659 806 ἕκαστον,
2705 737 2802 792 καὶ
2842 740 2922 802 είς
2967 739 3064 793 ἕνα
3103 739 3236 793 Θεὸν
3280 741 3726 812 ἀνακεφαλαιοῦν
3770 744 3835 796 τὸ

2248 826 2601 899 ὁμολόγημα·
2638 832 2780 891 κατὰ
2821 830 2878 885 δὲ
2921 831 2983 886 τὸ
3009 832 3109 902 τῆς
3157 833 3492 904 οἰκονομίας,
3529 834 3698 887 πάλιν
3737 852 3834 889 πι-

2250 918 2485 988 στεύειν,
2517 923 2599 977 ὃτι
2657 922 2710 976 Ὁ
2743 924 2934 995 Λόγος
2965 924 3123 1001 σὰρξ
3151 925 3389 995 ἐγένετο
3410 941 3424 954 ·
3472 926 3646 996 ἤγουν
3683 928 3714 980 ὁ
3751 920 3837 990 εἷς

2246 1013 2348 1084 τῆς
2391 1012 2556 1082 ἁγίας
2599 1014 2831 1086 Τριάδος
2874 1015 3139 1088 ἐγεννήθη
3188 1019 3254 1070 ὲκ
3285 1017 3386 1088 τῆς
3435 1019 3833 1088 παναχράντου

2249 1103 2522 1176 παρθένου
2541 1106 2766 1178 Μαρίας
2785 1124 2798 1139 ο
2829 1107 3020 1177 μείνας
3069 1108 3170 1180 μὲν
3201 1109 3339 1181 ὅπερ
3367 1104 3458 1180 ἦν,
3497 1109 3634 1174 Θεὸς
3664 1109 3834 1163 ἀναλ-

2247 1196 2490 1261 λοίωτος,
2534 1199 2630 1252 καὶ
2671 1197 2750 1268 τῷ
2795 1199 2971 1268 “arpi.
3000 1199 3289 1265 συναῖδιος,
3327 1199 3654 1270 προσλαϐὼν
3677 1200 3737 1254 δὲ
3775 1201 3834 1254 τὸ

2247 1291 2521 1361 ἡμέτερον
2574 1290 2663 1346 διὰ
2717 1295 2817 1362 τῆς
2863 1290 3204 1363 παρθενικῆς
3247 1293 3306 1345 ὲν
3353 1291 3636 1363 Πνεύματι
3685 1295 3834 1365 ἁγίῳ

2247 1384 2582 1454 γεννήσεως.
2605 1383 2719 1437 Καὶ
2747 1383 2899 1436 ἐστιν
2929 1382 3048 1448 ὅλος
3075 1382 3228 1448 Θεὸς,
3245 1385 3341 1438 καὶ
3368 1385 3490 1448 ὅλος
3513 1384 3831 1456 ἄνθρωπος’

2246 1474 2345 1528 ὅλα
2379 1474 2560 1546 φέρων
2596 1475 2904 1540 ἀνελλιπῶς
2955 1477 3014 1530 ὲν
3057 1475 3238 1546 ἑαυτῷ
3277 1475 3348 1530 τὰ
3391 1475 3504 1530 τῶν
3546 1477 3834 1548 ἑκατέρων

2247 1567 2463 1638 φύσεων
2492 1566 2552 1633 ἐξ
2573 1560 2650 1622 ὧν
2675 1567 2936 1640 συνετέθη
2959 1584 2974 1599 ο
3001 1567 3273 1640 θεότητος,
3302 1569 3466 1641 φημὶ,
3497 1569 3596 1624 καὶ
3619 1569 3836 1642 ἀνθρωιτ

2248 1661 2502 1730 πότητος,
2537 1661 2596 1713 ὲν
2628 1661 2731 1731 μιᾷ
2771 1660 3067 1722 ὑποστάσει
3101 1659 3400 1732 ἰδιώματα·
3443 1663 3833 1734 περιγραπτδς

2249 1755 2346 1806 καὶ
2387 1753 2446 1822 ού
2493 1753 2869 1823 περιγραπτός
2889 1768 2905 1784 ο
2936 1753 2998 1807 τὸ
3029 1755 3129 1825 μὲν
3157 1754 3300 1808 κατὰ
3343 1754 3445 1827 τὴν
3476 1753 3738 1828 θεότητα,
3768 1757 3833 1810 τὸ

2180 1810 2223 1866 Β
2251 1843 2309 1896 δὲ
2338 1817 2482 1898 κατὰ
2513 1810 2614 1914 την
2635 1810 3069 1915 ’ἀνθρωπότηταο
3088 1815 3264 1898 ταῦτα
3293 1810 3413 1916 γὰρ’
3431 1845 3502 1918 τα
3535 1810 3828 1915 ίδιιίθματαν

2249 1935 2344 1990 καὶ
2368 1934 2445 2006 τῷ
2473 1936 2571 2006 μὲν
2609 1935 3012 2007 ἀπεριγράπτῳ
3041 1931 3124 2002 εἷς
3149 1935 3226 1991 ὣν
3247 1937 3346 2010 τῆς
3373 1939 3539 2007 ἁγίας
3559 1939 3830 2010 Τριάδοςφ

2245 2027 2326 2100 τῷ
2354 2027 2410 2082 δὲ
2440 2027 2824 2102 περιγραπτῷ,
2856 2023 2938 2094 εἷς
2961 2028 3038 2084 ὢν
3063 2029 3124 2095 ἐξ
3153 2030 3332 2102 ήμῶν.
3363 2032 3480 2090 Κάν
3515 2034 3701 2105 τούτῳ
3737 2051 3832 2089 πι-

2249 2120 2469 2176 στοῦται
2499 2122 2724 2192 μεσίτης
2753 2121 2890 2175 Θεοῦ
2925 2123 3021 2177 καὶ
3052 2123 3359 2195 ᾴνθρὼπων
3391 2125 3716 2197 γενόμενος,
3755 2126 3834 2192 ὡς

2247 2215 2536 2269 συνάπτων
2567 2216 2636 2269 τὰ
2666 2215 2814 2288 ἄκρα
2843 2213 2983 2286 πρὸς
3008 2215 3225 2279 ἑαυτὸν,
3259 2216 3352 2277 καὶ
3382 2217 3450 2271 δι’
3474 2217 3650 2272 αὑτοῦ
3677 2218 3831 2284 θείας

2247 2308 2462 2381 φύσεως
2495 2310 2788 2373 κοινωνοὺς
2816 2309 2911 2364 καὶ
2943 2308 3079 2364 Θεοῦ
3122 2310 3274 2374 υἱοὺς
3309 2312 3458 2382 ἡμᾶς
3497 2313 3834 2384 ἀπεργασά-

2250 2419 2412 2474 μενος
2431 2418 2445 2432 ·
2475 2403 2536 2456 τὸ
2564 2402 2877 2474 θαυμαστὸν
2901 2403 3001 2458 καὶ
3021 2403 3397 2476 ύπεραινετὸν,
3414 2408 3512 2460 καὶ
3535 2407 3834 2477 νοούμενον

2251 2495 2346 2564 καὶ
2375 2495 2687 2566 λεγόμενον.
2731 2494 2790 2548 '0
2817 2494 2915 2560 οῦν
2949 2494 3124 2564 λέγων
3156 2495 3318 2550 αὑτὸν
3367 2495 3444 2569 μὴ
3485 2497 3835 2568 περιγράφε-

2251 2588 2377 2643 σθαι
2415 2590 2474 2641 ἐν
2519 2589 2685 2658 σαρκὶ
2736 2587 2860 2642 καθ’
2898 2589 3160 2659 ὁμοίωσιν
3197 2581 3496 2660 ἡμετέραν,
3549 2591 3830 2662 ἀρνεῖται,

2251 2677 2582 2752 εὐλογημένε
2616 2696 2720 2749 μου
2767 2679 2984 2750 ἀδελφὲ,
3014 2669 3146 2734 Θεὸν
3167 2681 3226 2738 ὲν
3249 2682 3414 2754 σαρκὶ
3441 2683 3652 2754 φᾶναι·
3685 2683 3834 2738 ἀντι-

2248 2769 2584 2841 τασσόμενος
2616 2769 2696 2842 τῷ
2733 2772 3048 2844 Εὐαγγελίῳ
3091 2774 3187 2828 τοῦ
3237 2774 3474 2850 Χριστοῦ
3497 2815 3514 2841 ,
3547 2777 3648 2831 καὶ
3685 2776 3834 2831 ἐστιν

2262 2858 2538 2922 Ἰουδαίοις
2565 2859 2700 2922 ἴσος.
2745 2859 2856 2913 Ποῦ
2896 2861 3004 2931 γὰρ
3033 2861 3323 2936 ᾁληθεύσει
3368 2864 3430 2917 τὺ
3460 2865 3652 2935 ὅμοιον
3697 2866 3834 2937 ἡμῖν

2250 2950 2394 3004 κατὰ
2425 2951 2604 3004 πάντα
2633 2951 2915 3020 γεγονέναι
2936 2993 2953 3018 ,
2979 2952 3141 3024 εἴπερ
3177 2954 3255 3025 μὴ
3287 2955 3683 3023 ὲξεικονίζοιτο
3709 2957 3834 3014 καθ’

2250 3045 2430 3114 huic;
2466 3042 2574 3096 ιιοῦ
2619 3043 2677 3097 δὲ
2714 3044 2776 3098 τό
2800 3059 2813 3071 °
2848 3046 3257 3115 Ψηλαρήσιιτέ
3276 3065 3355 3117 με
3383 3047 3481 3103 καὶ
3523 3048 3714 3116 laets,
3743 3051 3836 3106 ὅτι

2252 3135 2491 3205 πνεῦμα
2536 3135 2736 3206 σάρκα
2765 3136 2864 3191 καὶ
2913 3138 3097 3195 ὀστέα
3143 3141 3254 3218 οὐκ
3307 3141 3455 3210 ἔχει,
3500 3144 3708 3210 καθὼς
3730 3144 3836 3215 ἐμὲ

2249 3227 2517 3296 θεωρεῖτε
2541 3228 2761 3297 ἔχοντα
2770 3245 2789 3308 ,j
2805 3230 2913 3284 Ποῦ
2939 3231 2997 3284 δὲ
3022 3232 3102 3296 τὸ,
3140 3233 3202 3287 Τί
3215 3249 3294 3303 με
3321 3233 3526 3288 θέλετε
3551 3236 3836 3292 detexta;

2248 3337 2371 3382 ναι,
2407 3318 2720 3389 ἄνθρωπον
2749 3321 2820 3387 ὃς
2849 3323 2964 3391 τὴν
2985 3323 3280 3393 ἀλήθειαν
3306 3325 3452 3395 ὑμῖν
3483 3327 3831 3398 λελάληκα,

2249 3411 2332 3481 ἢν
2359 3413 2597 3482 ἥκουσα
2626 3413 2785 3484 παρὰ
2814 3413 2922 3476 τοῦ
2967 3417 3235 3484 Πατρός;
3269 3416 3326 3470 ’0
3355 3416 3535 3472 τοίνυν
3564 3419 3646 3491 μὴ
3671 3436 3834 3492 περι-

2250 3504 2600 3575 γραφόμενος
2622 3543 2640 3570 ,
2679 3503 2792 3558 οὔθ’
2841 3506 3024 3581 ὅμοιος
3074 3507 3209 3578 ἡμῖν
3252 3507 3518 3580 δηλονότι,
3572 3511 3693 3566 οὔτ’
3765 3507 3832 3569 αὖ

2248 3595 2608 3667 ψηλαφῶαι,
2652 3597 2760 3652 οὐδ’
2817 3599 2878 3652 ού
2925 3598 3034 3669 μὴν
3076 3599 3461 3678 ἁποκτένεταιτ
3504 3603 3675 3658 Ἀλλὰ
3727 3605 3835 3678 μὴν

2249 3689 2565 3770 ἀπεκτάνθη
2619 3689 2716 3744 καὶ
2768 3690 3092 3764 εψηλαφήθη
3153 3691 3294 3763 μετὰ
3347 3693 3448 3766 τὴν
3501 3697 3829 3752 ἀνάστασιν.

2250 3783 2461 3840 Οὐκοῦν
2509 3784 2605 3837 καὶ
2642 3785 3016 3855 περιγραπτὸς
3046 3787 3112 3858 τῇ
3141 3785 3264 3854 καθ’
3293 3789 3443 3859 ἡμᾶς
3479 3789 3828 3857 ὲξεικονίσει.

2262 3877 2402 3930 Ἀλλ’
2431 3877 2887 3948 ἐματαιώθησαν
2917 3878 2989 3933 ἐν
3012 3879 3140 3944 τοῖς
3184 3879 3604 3953 διαλογισμοῖς
3629 3885 3831 3940 αὐτῶν

2247 3969 2297 4022 oi
2321 3969 2699 4041 Εἰκονομάχοι,
2727 3970 2826 4025 καὶ
2851 3971 3184 4043 ἐσκοτίσθη
3223 3975 3262 4042 ἠ
3297 3975 3600 4044 ἀσύνετος
3631 3977 3828 4033 αὐτῶν

2248 4060 2463 4128 καρδία
2486 4077 2501 4090 ·
2540 4063 2605 4116 ὲκ
2635 4060 2731 4115 τοῦ
2765 4061 3049 4133 ἀρνεῖσθαι
3071 4061 3170 4135 τὴν
3197 4064 3384 4118 εἰκόνα
3417 4065 3684 4136 Χριστοῦ,
3733 4069 3827 4122 σὺν

2247 4152 2350 4223 τῆς
2377 4153 2665 4224 Θεοτὸκου,
2696 4153 2791 4208 καὶ
2817 4153 3078 4212 ἁπάντων
3110 4155 3222 4208 τῶν
3265 4156 3458 4231 ᾀγίων,
3499 4157 3822 4230 ἀρνούμενοι

2246 4246 2346 4316 τὴν
2389 4246 2656 4317 σωτήριον
2687 4247 3024 4317 οἰκονομίαν,
3069 4247 3167 4300 καὶ
3218 4249 3453 4319 Χριστὸν
3503 4250 3607 4320 μὲν
3637 4252 3825 4322 611.010-

2249 4339 2497 4406 γοῦντες,
2527 4337 2602 4401 ὡς
2625 4338 2693 4390 τὰ
2714 4337 2970 4409 δαιμόνια
2993 4380 3010 4405 ,
3045 4342 3156 4403 τοῖς
3182 4340 3239 4394 δὲ
3269 4341 3450 4411 ἔργοις
3474 4342 3820 4414 ἀρνούμενοι.

2252 4431 2328 4485 Οὐ
2361 4431 2470 4501 γάρ
2497 4430 2830 4500 τοιΧριστὸς
2857 4432 2886 4485 ὁ
2913 4432 3147 4503 Χριστὸς
3164 4475 3180 4497 ,
3206 4436 3255 4486 εἰ
3289 4435 3364 4510 μὴ
3392 4436 3819 4505 περιγράφοιτο’

564 4523 790 4594 quidem
824 4523 1173 4600 conﬁtentes,
1228 4524 1374 4582 sicut
1403 4524 1696 4592 daemonia,
1750 4525 2008 4594 operibus
2047 4541 2146 4579 au-

2249 4524 2370 4578 οὐδὲ
2400 4527 2825 4595 προσκυνεῖται,
2856 4528 2906 4580 εἰ
2955 4525 3031 4598 μὴ
3075 4527 3390 4582 πιστεύεται
3437 4529 3498 4582 ὲν
3542 4533 3610 4601 τῇ
3657 4533 3825 4586 εικόνι

563 4628 672 4674 tem
706 4625 991 4687 negantes.
1043 4615 1234 4687 Neque
1259 4617 1407 4684 enim
1438 4617 1693 4672 Christus
1732 4615 1985 4687 Christus
2019 4627 2102 4672 est
2125 4657 2142 4685 ,

562 4709 609 4764 si
652 4695 1338 4776 nou-circumscribatur;
1383 4723 1560 4778 neque
1607 4707 1893 4775 adoretur,
1945 4708 1991 4764 si
2034 4724 2140 4764 nou

561 4801 808 4862 creditur
838 4801 894 4856 in
928 4801 1168 4872 imagine
1196 4817 1297 4857 sua
1331 4801 1575 4857 adorari.

635 4891 729 4947 Sic
765 4892 951 4964 igitur,
977 4909 1010 4948 ο
1042 4895 1210 4949 homo
1254 4892 1371 4961 Dei,
1406 4909 1466 4948 se
1498 4893 1663 4950 habet
1710 4892 1952 4949 veritas:
1982 4902 2145 4963 atque

563 4983 639 5038 ita
669 4984 982 5040 docuerunt
1009 4995 1064 5040 et
1091 4985 1366 5055 apostoli,
1393 4993 1448 5041 et
1479 4985 1781 5058 prophetae,
1811 4993 1868 5040 et
1894 4983 2006 5040 Deo
2030 4984 2143 5055 ple-

563 5076 619 5130 ni
660 5073 880 5141 Patres;
915 5076 961 5131 si
994 5091 1103 5130 non
1131 5077 1326 5132 iisdem
1348 5078 1557 5143 verbis,
1592 5086 1649 5132 at
1677 5089 1826 5132 certe
1846 5090 1940 5146 per
1954 5090 2140 5130 veram

563 5183 756 5225 eorum
779 5183 903 5238 quae
929 5167 998 5223 ab
1030 5167 1138 5226 illis
1167 5170 1315 5227 dicta
1345 5170 1956 5242 suntexplanationem.
1979 5167 2141 5236 Nam,

563 5261 713 5316 velut
759 5259 974 5318 semina
1006 5259 1280 5330 quaedam,
1341 5265 1632 5332 proposita:
1660 5273 1792 5320 sunt
1819 5277 2012 5326 omnes
2043 5263 2143 5319 do-

567 5355 824 5434 gmaticze
860 5353 1147 5409 sententiae
1187 5353 1241 5408 in
1286 5354 1597 5412 divinorum
1645 5356 1986 5426 eloquiorum
2043 5369 2142 5409 no-

568 5449 814 5514 tiopibus
848 5465 864 5502 :
895 5446 1132 5504 subinde
1171 5453 1354 5501 autem
1404 5447 1779 5511 exorientibus
1835 5447 2140 5502 hmresibus

563 5548 920 5614 opponuntur
939 5539 1156 5611 pietatis
1176 5537 1452 5608 dogmata,
1480 5537 1608 5592 inde
1634 5535 1872 5607 Spiritus
1906 5537 2138 5607 impulsu

567 5637 786 5705 exculta
805 5633 1200 5704 :etimpietatis
1219 5632 1427 5688 zizania
1445 5631 1754 5688 abolentur.
1772 5631 1863 5686 Sic
1879 5640 1932 5686 et
1950 5640 2002 5684 tu
2023 5647 2142 5690 cre-

645 5794 686 5839 ἓι
722 5791 876 5854 .loun.
951 5809 992 5859 ι,
1029 5793 1115 5848 ll.
1193 5795 1238 5827 ³³
1271 5791 1402 5848 Luc.
1439 5804 1585 5857 xxrv,
1622 5787 1713 5846 59.
1745 5825 1750 5831 -
1792 5788 1836 5820 ³³
1867 5792 2029 5853 Joan.
2089 5802 2177 5840 mx
2214 5823 2225 5848 ,
2284 5785 2374 5838 40.

2251 4617 2415 4674 αὑτοῦ
2453 4620 2945 4688 προσκυνούμενος,

2317 4887 2500 4949 Οὕτως
2533 4904 2647 4952 ουν,
2684 4879 2730 4943 ὦ
2751 4885 3006 4956 ἄνθρωπε
3041 4885 3134 4940 τοῦ
3169 4886 3326 4950 Θεοῦ,
3359 4888 3392 4958 ἡ
3426 4887 3658 4959 ἀλήθεια
3682 4906 3698 4921 ο
3733 4888 3825 4942 καὶ

2243 4977 2416 5043 οὕτως
2445 4977 2865 5050 δεδογμάτισται
2897 4978 3051 5050 παρά
3084 4997 3144 5032 τε
3170 4981 3513 5046 ἀποστόλων,
3541 4984 3637 5036 καὶ
3688 5000 3822 5053 προ-

2245 5070 2454 5144 φητῶν,
2513 5070 2609 5126 καὶ
2671 5068 2946 5141 θεοφόρων
2984 5071 3280 5142 Πατέρων.
3322 5072 3427 5126 κᾶν
3489 5074 3594 5126 οὐκ
3631 5073 3818 5136 αὐταῖς

2244 5163 2477 5232 λέξεσιν,
2504 5161 2641 5218 ἀλλά
2663 5179 2728 5232 γε
2750 5161 2838 5216 διὰ
2864 5161 2966 5232 τῆς
2993 5161 3224 5232 ἀληθοῦς
3249 5163 3360 5215 τῶν
3404 5162 3499 5215 ὑπ’
3522 5163 3704 5216 αὐτῶν
3729 5162 3819 5214 λε-

2244 5255 2527 5325 λεγμένων
2570 5254 3023 5326 ἁναθεωρήσεως.
3057 5249 3160 5307 Οἷα
3188 5254 3296 5324 γάρ
3349 5272 3471 5308 τινα
3503 5253 3815 5324 σπέρματα,

2243 5347 2646 5418 προϐέϐληνται
2675 5347 2850 5400 πᾶσαι
2890 5345 2948 5400 αἱ
2980 5345 3306 5415 δογματικαὶ
3330 5344 3592 5415 δυνάμεις
3617 5346 3678 5397 ὲν
3703 5345 3816 5407 ταῖς

2241 5439 2349 5494 τῶν
2380 5439 2538 5492 θείων
2559 5438 2754 5507 λογίων
2785 5437 3005 5508 νοήσεσι
3025 5453 3038 5465 ·
3058 5440 3176 5500 ταῖς
3206 5437 3260 5490 δὲ
3289 5436 3431 5491 κατὰ
3463 5436 3653 5508 καιρὸν
3687 5437 3816 5489 ἀνα-

2250 5534 2546 5606 φυομέναις
2577 5534 2854 5604 αἱρέσεσιν
2884 5529 3312 5600 ἀντεπεξάγεται
3342 5533 3408 5586 τὰ
3429 5529 3672 5593 εὐσεϐῶς
3696 5528 3814 5596 δογ-

2257 5626 2627 5699 ματιζόμενα,
2686 5625 2899 5680 ἐκεῖθεν
2966 5623 3475 5697 πνευματοκινήτως
3535 5619 3812 5696 γεωργούτ

2483 5783 2524 5815 ’λ
2561 5783 2716 5840 llum.
2763 5797 2800 5847 l,
2837 5781 2923 5837 Eli.
