4060 6374
310 369 446 437 1497

1496 350 2028 421 EPISTOLARUM
2088 350 2235 413 LIB.
2276 351 2359 415 ll.

3406 348 3540 414 1498

309 498 451 556 μονα
535 479 630 535 καί⁵
676 478 767 535 τὰ.
799 476 902 550 τῆς
954 454 1207 536 ἀσεϐείας
1245 470 1467 536 ζιζάνια
1520 462 1876 522 ὲκτίλλονται.

1983 465 2137 529 dens,
2172 462 2295 519 vale
2344 462 2400 517 in
2445 459 2699 529 Domino,
2731 460 3009 518 Christum
3042 460 3297 527 adorans,
3330 469 3383 516 et
3409 461 3544 517 ado-

307 566 495 644 Οὕτως
520 572 615 626 καὶ
630 570 792 634 αύτὸς
818 566 1110 632 πιστεύων,
1137 564 1349 639 ἔρρωσο
1377 562 1437 616 ὲν
1467 560 1674 632 Κυρίῳ,
1703 573 1876 630 προσ-

303 665 484 738 κυνῶν
537 664 629 718 τὸν
673 660 907 735 Χριστὸν
946 699 963 727 ,
1017 654 1335 729 προσκυνῶν
1387 652 1482 706 καί⁵
1537 651 1638 720 τὴν
1670 648 1874 702 εἰκόνα

305 755 472 813 αὐτοῦ
497 772 514 789 ο
541 754 640 827 τὴν
689 750 975 815 Θεοτόκον,
1028 747 1124 802 καὶ
1149 745 1248 817 τὴν
1290 744 1474 801 εἰκόνα
1498 742 1666 811 αὐτῆς
1698 756 1712 771 ·
1748 739 1875 809 τοὺς

303 848 518 919 ἁγίους,
549 846 645 902 καὶ
670 843 771 906 τὰς
795 842 1008 903 εἰκόνας
1036 836 1235 892 αὐτῶν·
1268 833 1455 904 ἐπειδὴ
1483 836 1542 887 ὲν
1556 834 1674 894 ταῖς
1702 830 1873 883 εἰκόσι

303 940 375 994 τὰ
412 935 744 1009 πρωτότυπα
775 927 1279 1004 προσκεκύνηνται·
1307 924 1402 979 καὶ
1446 924 1480 995 ἡ
1518 922 1617 992 τῆς
1667 919 1873 980 εἰκόνος

1978 568 2109 609 rans
2137 552 2432 621 imaginem
2457 551 2617 622 ejus;
2651 552 2963 624 Deiparam,
2991 562 3046 608 et
3071 553 3192 624 ejus
3213 554 3544 624 imaginem;

1981 653 2231 708 sanctos,
2293 653 2581 701 eteorum
2639 645 2940 717 imagines;
2993 645 3435 717 quandoquidem
3492 646 3546 702 in

1980 734 2315 807 imaginibus
2356 745 2645 808 prototypa
2683 738 3013 803 adorantur;
3072 746 3128 792 et
3180 736 3359 791 honor
3411 738 3546 793 ima-

1980 830 2123 900 ginis
2168 832 2251 886 ad
2305 842 2654 904 prototypum
2708 832 3004 900 ascendit,
3062 840 3121 887 ut
3185 833 3262 888 ait
3310 846 3545 904 magnus

1979 920 2234 979 Basilius.

300 1030 438 1103 τιμὴ
466 1028 559 1103 επὶ
585 1026 648 1081 τδ
675 1022 1025 1097 πρωτότυπον
1057 1018 1357 1085 ἀναϐαίνει,
1388 1014 1463 1079 ὥς
1496 1030 1661 1086 φησιν
1702 1014 1732 1066 ὁ
1782 1012 1957 1081 μέγας
1980 1013 2280 1081 Βασίλειος.

516 1137 669 1193 ΡΝΘ’
692 1135 828 1208 (51).
853 1164 926 1176 -
958 1130 1129 1204 Θωμᾷ
1159 1128 1588 1200 χαρτουλαρίφ.
1619 1121 1799 1198 [χνε’.]

2257 1129 2437 1185 CLIX.
2472 1161 2544 1174 --
2573 1131 2785 1187 Thoma:
2823 1130 3151 1186 chartulario
3182 1130 3266 1202 (‘).

494 1248 637 1311 Quod
653 1249 739 1312 qui
758 1247 1112 1309 monasterium
1129 1243 1370 1302 condidit,
1402 1239 1445 1309 si
1466 1253 1642 1290 manus
1659 1239 1713 1288 in
1746 1234 1875 1296 illud
1902 1232 2111 1302 injiciat,
2133 1248 2392 1308 postquam
2413 1242 2674 1308 praeposito
2690 1243 2905 1306 tradidit,
2930 1244 3040 1295 Deo
3062 1256 3163 1292 non
3184 1243 3347 1305 placet

388 1359 655 1431 Ἐντυχὼν
681 1360 793 1423 τοῖς
822 1357 1110 1430 γράμμασι
1136 1354 1237 1425 τῆς
1286 1349 1598 1424 τιμιότητός
1632 1362 1752 1405 σου,
1780 1340 1875 1395 καὶ

2050 1345 2232 1406 Lectis
2301 1350 2501 1409 litteris
2557 1353 2985 1408 honoriﬁcentia
3040 1361 3264 1415 tuanut
3316 1352 3544 1423 cognovi

302 1450 640 1524 καταμαθὼν
658 1450 742 1505 δτι
774 1448 1021 1521 παρῆλθε
1048 1446 1144 1512 τοῦ
1173 1445 1290 1517 βίου
1319 1446 1354 1515 ἡ
1401 1441 1568 1512 κυρία
1596 1439 1691 1493 καί.
1744 1434 1877 1507 ὁμό-

1982 1435 2259 1495 dominam
2293 1442 2578 1515 coniugem
2621 1455 2771 1499 tuam
2816 1459 2886 1499 ex
2916 1444 3028 1499 vita
3074 1442 3396 1509 excessisse,
3426 1444 3545 1508 tibi,

304 1544 491 1613 ζυγος.
541 1540 855 1612 συνήλγησα
896 1556 1002 1605 σοι,
1057 1538 1315 1597 δέσποτα,
1352 1530 1507 1595 εἰδὼς
1555 1531 1679 1584 ὅσον
1728 1526 1876 1580 ἐστὶν

1982 1529 2220 1598 domine,
2266 1535 2539 1601 condolui,
2583 1552 2691 1591 non
2745 1537 3007 1606 ignorans
3046 1550 3209 1606 quam
3252 1535 3443 1590 acerba
3475 1535 3548 1592 sit

304 1634 556 1704 ἀλγεινὸν
588 1632 652 1686 τὸ
682 1631 871 1694 πάθος.
918 1632 1013 1683 Ὃν
1034 1627 1143 1701 γὰρ
1173 1628 1318 1679 ποιεῖ
1344 1625 1586 1696 μάχαιρα
1606 1620 1876 1691 τέμνουσα

1982 1620 2096 1677 haec
2118 1640 2385 1681 aerumna.
2418 1626 2589 1692 Quem
2620 1627 2762 1683 enim
2789 1628 3032 1683 dolorem
3056 1628 3218 1682 infert
3239 1644 3437 1699 corpus
3459 1639 3548 1684 se:-

305 1693 467 1798 σῶμα
499 1726 681 1789 πόνον,
728 1693 1007 1777 τὸναύτδν
1035 1693 1132 1785 καί.
1161 1721 1190 1775 ὁ
1230 1693 1355 1789 τῆςν
1382 1693 1684 1787 ὁμοζυγίας
1713 1729 1878 1783 χωρι-

1982 1726 2109 1767 cans
2152 1714 2387 1784 gladius,
2444 1718 2697 1773 eumdem
2741 1718 2920 1789 ipsum
2972 1719 3209 1791 coniugii
3254 1693 3545 1786 separatio.

303 1818 464 1890 σμός.
496 1816 612 1872 Μία
639 1816 747 1887 γὰρ
776 1812 1057 1875 κάνταῦθα
1084 1809 1242 1883 σὰρξ,
1265 1809 1405 1864 κατὰ
1423 1808 1523 1878 τὴν
1547 1805 1641 1860 τοῦ
1668 1803 1877 1874 Κυρίου

1982 1802 2101 1860 Una
2133 1806 2282 1862 enim
2318 1808 2408 1864 hic
2438 1809 2604 1865 etiam
2634 1825 2785 1876 caro,
2827 1810 2985 1881 juxta
3014 1809 3229 1866 Domini
3261 1827 3445 1872 vocem
3476 1813 3543 1868 ".

304 1909 513 1980 φωνήν.
553 1906 697 1961 Ἀλλ’
725 1906 875 1975 ὅμως
930 1903 1172 1973 ἐγένετο,
1200 1901 1295 1956 καὶ
1328 1899 1642 1968 ὑπέστημεν
1667 1894 1731 1949 τὸ
1762 1911 1878 1948 κοι-

303 2001 397 2055 νὸν
449 2001 613 2053 πᾶσιν
677 1983 1103 2067 ἐπιτίμιοντῆς
1164 1991 1510 2058 διαζεύξεως.
1557 1986 1770 2059 Μικρὸν
1821 1985 1879 2040 δὲ

304 2089 534 2165 ὕστερον
583 2092 676 2144 καὶ
702 2092 865 2160 ἡμεῖς
889 2089 990 2158 τὴν
1018 2086 1190 2157 αὐτὴν
1216 2086 1332 2139 ὁδὸν
1382 2080 1777 2156 πορευσόμεθα,
1805 2077 1880 2141 ὥς

302 2180 463 2245 οἶσθα
489 2199 505 2216 ο
558 2182 655 2237 καί
697 2179 871 2244 οὕτως
921 2181 949 2233 ό
981 2177 1115 2250 βίος,
1167 2176 1269 2239 οὐκ
1295 2175 1456 2238 ὄντας
1477 2172 1749 2243 γενέσθαι,
1784 2169 1882 2223 καὶ

301 2275 634 2347 γενομένους
675 2270 1025 2343 ἀναλυθῆναι.
1081 2267 1460 2339 Ἐπῃνέσαμεν
1495 2263 1552 2317 δὲ
1580 2262 1680 2334 τὴν
1723 2259 1882 2314 εὐσέ-

309 2368 468 2431 βειάν
510 2382 624 2431 σου,
663 2366 731 2436 τῇ
760 2360 1028 2435 διαζεύξει
1085 2358 1459 2431 αἱρησαμένην
1484 2354 1738 2427 μονάσαι,
1787 2350 1884 2404 καὶ

304 2457 634 2529 κολληθῆναι
659 2455 719 2522 ἐξ
748 2452 1044 2524 ὁλοκλήρου
1076 2448 1155 2522 τῷ
1180 2450 1389 2522 Κυρίῳ.
1418 2446 1590 2500 Τοῦτο
1616 2443 1723 2516 γὰρ
1757 2442 1882 2514 ἐδή-

303 2553 402 2605 λου
430 2550 492 2604 τὸ
525 2550 762 2621 γράμμα
786 2562 802 2577 '
834 2546 928 2601 καὶ
970 2546 1053 2599 ὃτι
1074 2542 1297 2612 ἀδελφός
1330 2558 1416 2604 τις
1447 2538 1695 2610 μονάζων
1741 2535 1883 2621 πάρ-

306 2657 457 2706 εστιν
490 2640 571 2704 εἰς
626 2636 848 2708 όδηγίαν
901 2634 997 2688 τοῦ
1046 2630 1368 2705 τηλικούτου
1401 2628 1538 2700 βίου.
1579 2629 1676 2695 Ὃν
1727 2620 1883 2687 αὖθις

273 2710 606 2802 οᾶπέκρινεν
642 2726 719 2791 ὡς
753 2723 1035 2794 ἀδόκιμον,
1087 2721 1175 2777 διὰ
1231 2722 1549 2792 δηλώματος
1606 2714 1882 2789 Γεωργίου

303 2823 403 2876 τού
433 2820 598 2875 καλοῦ
651 2818 864 2890 ἀνδρὸς,
910 2815 1009 2878 καὶ
1043 2814 1245 2869 οἰκείου
1274 2813 1542 2884 Νοταρίου
1578 2828 1592 2843 ο
1639 2810 1796 2877 ᾄλλον
1826 2808 1884 2862 δὲ

306 2914 447 2987 πρὸς
487 2912 643 2984 ἡμῶν
696 2910 915 2982 δοθῆναι
966 2908 1167 2980 μᾶλλον
1216 2906 1470 2971 αἰτοῦσα,
1532 2903 1627 2975 τὸν
1681 2901 1884 2965 ἰκανῶς

302 3008 503 3079 ἔχοντα
530 3002 1098 3092 κυϐερνῆσαιψυχὰς,
1133 3001 1229 3092 καί
1264 2999 1393 3092 ὃλην
1426 2996 1591 3092 μονὴν
1613 2994 1878 3092 διασώσα-
1905 3033 1948 3092 c

308 3098 459 3152 σθαι.
498 3096 555 3149 Ὀ
584 3093 684 3166 μὲν
724 3091 817 3147 οὖν
863 3091 1081 3157 ἔπαινος
1111 3089 1332 3149 εἰκότως
1365 3089 1495 3158 ἡμῖν
1531 3084 1875 3157 προείρηται.

305 3188 404 3257 Δεῖ
427 3184 486 3240 δδ
514 3184 731 3257 πρῶτον
770 3180 964 3253 μαθεῖν
988 3182 1154 3253 ὑμᾶς,
1183 3179 1236 3233 τί
1282 3178 1344 3232 τὸ
1396 3176 1680 3248 μοναδικδν
1712 3174 1881 3243 ἐπάγ-

304 3256 508 3350 γελμα,
683 3276 804 3330 ὅσον
832 3274 893 3328 τὸ
925 3273 1021 3327 τού
1053 3271 1168 3343 βίου
1196 3270 1364 3342 ῦψοςο
1400 3269 1487 3322 ἵνα
1524 3268 1598 3338 μὴ
1634 3264 1880 3336 ἀπείρως

306 3368 673 3441 εἰσαχθέντες,
698 3364 1132 3436 κινδυνεύσωμεν
1162 3363 1290 3434 περὶ
1317 3362 1409 3414 τὸν
1434 3359 1623 3413 πλοῦν.
1656 3358 1719 3411 Ἦ
1742 3359 1877 3411 ἁπο-

305 3458 453 3531 ταγὴ
473 3456 623 3511 οὐδὲν
652 3454 781 3510 ἄλλο
809 3452 1169 3522 καθέστηκεν,
1202 3450 1251 3502 εἰ
1278 3446 1355 3520 μὴ
1390 3444 1624 3517 σταυροῦ
1659 3444 1753 3498 καὶ
1781 3442 1877 3496 θαη-

307 3534 469 3606 νάτου
512 3545 833 3617 ἐπαγγελία.
885 3544 949 3609 Τί
1005 3542 1197 3609 τοῦτο;
1245 3540 1384 3594 κατὰ
1431 3539 1523 3603 τὸν
1578 3537 1733 3606 λόγον
1780 3534 1877 3591 τοῦ

307 3642 545 3715 βυρίου,
575 3640 709 3693 πᾶσι
740 3638 854 3699 τοῖς
887 3631 1084 3689 ἑαυτοῦ
1131 3631 1464 3704 ὑπάρχουσιν
1501 3627 1879 3695 ἀποτάξασθαι

306 3736 403 3793 τὸν
427 3731 768 3804 βουλόμενον,
803 3728 899 3783 καὶ
935 3727 1146 3798 ἄραντα
1171 3723 1264 3783 τὸν
1293 3722 1546 3794 σταυρὸν,
1564 3720 1879 3777 ἀκολουθεῖν

305 3826 483 3886 ρπίσω
511 3820 699 3878 αὐτοῦ.
743 3819 961 3890 Ἐπειδὴ
998 3817 1056 3872 δὲ
1092 3815 1384 3887 πρόσωπον
1412 3813 1598 3883 ἐπέχει
1640 3809 1876 3881 Χριστοῦ

311 3920 422 3982 πᾶς
457 3914 708 3987 ἀληθινὸς
750 3911 1076 3984 ἡγούμενος·
1106 3906 1329 3979 Χριστῷ
1356 3905 1446 3960 διὰ
1475 3907 1639 3977 μέσου
1670 3904 1878 3957 ἐκείνου

307 4005 627 4062 ἀκολουθεῖν
656 4004 801 4057 ἐστιν
836 3999 1103 4072 ἁψευδῶς.
1134 3998 1247 4059 Καὶ
1280 3997 1457 4063 οὕτως
1486 3995 1790 4069 σωθήσεται
1818 3993 1879 4048 τὸ

308 4100 411 4170 τῆς
434 4098 655 4169 ἐντολῆς
682 4094 1031 4164 ἀξιάγαστον.

400 4194 457 4247 '0
485 4192 544 4248 δὲ
572 4192 647 4264 μὴ
680 4190 852 4252 οὕτως
888 4189 1163 4260 ἐλόμενος,
1198 4186 1335 4241 ἀλλὰ
1367 4183 1572 4250 κτίζειν
1606 4180 1877 4255 μοναστή-

313 4299 431 4356 ριον
457 4283 514 4336 ὲν
538 4283 651 4346 τοῖς
680 4281 920 4347 οἰκείοις,
945 4280 1039 4336 καὶ
1068 4277 1383 4349 καθηγητὴν
1413 4272 1875 4347 προκαλούμενος,

1979 1896 2229 1954 Attamen
2263 1900 2317 1956 id
2351 1902 2571 1965 accidit,
2609 1911 2664 1958 et
2711 1918 3058 1959 communem
3124 1904 3379 1959 omnibus
3429 1903 3547 1962 diS?

1975 1990 2282 2059 junctionis
2321 2008 2539 2064 prauam
2587 1993 2936 2064 pertulimus.
2964 1993 3318 2050 Postmodum
3366 2004 3546 2053 autem

1979 2083 2228 2138 eamdem
2255 2091 2310 2139 et
2341 2100 2465 2152 nos,
2500 2093 2556 2140 ut
2586 2086 2717 2151 scis,
2748 2085 2895 2141 viam
2921 2086 3331 2156 ingrediemur;
3362 2086 3549 2142 ethatc

1979 2183 2063 2229 est
2092 2174 2215 2230 vitae
2252 2175 2514 2241 conditio,
2553 2192 2649 2233 eos
2693 2178 2788 2249 qui
2822 2192 2931 2232 non
2968 2186 3117 2242 sunt,
3170 2178 3341 2245 nasci,
3369 2186 3427 2234 et
3450 2192 3551 2234 na-

1982 2276 2068 2327 tos
2094 2268 2337 2324 interire.
2362 2264 2733 2326 [laudavimus
2751 2285 2884 2326 sane
2914 2269 3166 2341 pietatem
3197 2280 3371 2334 tuam,
3401 2268 3548 2341 quod

1986 2366 2110 2426 post
2140 2358 2587 2431 disjuuctiouem,
2614 2362 2978 2418 monasticam
3001 2363 3167 2417 vitam
3201 2362 3456 2433 elegeris,
3493 2369 3549 2417 et

1983 2448 2216 2505 Domino
2247 2453 2463 2521 penitus
2493 2455 2880 2526 conglutinari.
2909 2454 3025 2514 Hoc
3045 2456 3190 2512 enim
3212 2456 3409 2512 littera:
3441 2465 3547 2511 tua:

1982 2542 2334 2609 indicabant;
2366 2545 2574 2617 tibique
2609 2548 2938 2603 monachum
2995 2548 3284 2619 quemdam
3323 2547 3546 2604 fratrem

1983 2646 2310 2703 prmsenlem
2366 2636 2557 2693 adesse
2616 2638 2682 2693 ad
2738 2638 2903 2709 hujus
2956 2639 3079 2695 vitae
3136 2640 3541 2696 directionem:

1983 2740 2146 2794 quem
2217 2743 2437 2782 rursum
2501 2728 2739 2799 rejecisti
2808 2740 2868 2785 ut
2932 2730 3281 2801 improbum,
3344 2732 3547 2786 indicio

1983 2816 2224 2889 Georgii,
2264 2820 2364 2875 viri
2418 2822 2638 2892 egregii,
2667 2831 2723 2878 et
2763 2822 3048 2879 domestici
3082 2821 3334 2880 Notarii:
3374 2823 3546 2879 alium

1984 2923 2111 2963 vero
2148 2924 2178 2962 a
2229 2911 2387 2967 nobis
2411 2913 2531 2968 dari
2590 2914 2825 2984 expetis,
2853 2916 2947 2986 qui
2980 2915 3209 2973 idoneus
3246 2918 3318 2972 sit
3350 2916 3417 2971 ad
3457 2931 3549 2972 re-

1984 2998 2188 3067 gendas
2219 3000 2446 3066 animas,
2492 3011 2547 3058 et
2589 3012 2760 3059 totum
2797 3005 3197 3060 monasterium
3222 3019 3552 3062 conservan-

1986 3090 2139 3145 dum.
2174 3089 2306 3146 Jure
2343 3107 2472 3164 ergo
2505 3110 2535 3149 a
2590 3095 2751 3151 nobis
2807 3103 2934 3157 ante
2985 3095 3236 3151 laudatus
3288 3110 3367 3152 es.
3395 3095 3550 3154 Scire

1985 3191 2163 3238 autem
2197 3184 2433 3253 primum
2455 3200 2556 3242 vos
2579 3194 2815 3256 oportet,
2842 3187 2973 3257 quid
3000 3188 3073 3243 sit
3099 3189 3403 3244 monastica
3421 3202 3552 3259 pro-

1986 3271 2174 3335 fessio,
2213 3284 2267 3330 et
2299 3285 2503 3345 quanta
2544 3276 2690 3333 illius
2716 3277 2843 3333 vitae
2870 3278 3200 3347 sublimitas,
3253 3293 3321 3334 ne
3356 3278 3549 3335 incon-

1986 3366 2130 3423 sulto
2153 3366 2405 3432 admissi,
2441 3370 2753 3443 periculum
2802 3371 3065 3429 adeamus
3094 3371 3148 3427 in
3178 3372 3548 3444 navigatione.

1986 3456 2348 3526 Renuntiatio
2385 3461 2533 3516 aliud
2565 3462 2702 3517 nihil
2732 3474 2838 3533 est,
2867 3479 3033 3534 quam
3063 3465 3245 3521 crucis
3272 3473 3330 3520 et
3360 3464 3552 3521 mortis

1984 3552 2275 3622 professio.
2300 3552 2442 3619 Quid
2463 3554 2569 3611 hoc
2590 3556 2714 3619 est?
2735 3556 2892 3627 juxta
2915 3557 3129 3618 Domini
3158 3557 3343 3624 verba,
3372 3558 3550 3613 omni-

1986 3647 2087 3705 bus
2113 3647 2270 3701 bonis
2299 3648 2417 3704 suis
2448 3650 2762 3705 renuntiare
2792 3664 2918 3705 eum
2952 3651 3042 3720 qui
3073 3652 3181 3707 hoc
3204 3651 3339 3715 vult,
3375 3659 3431 3705 et
3452 3664 3550 3705 su-

1988 3736 2130 3791 blata
2157 3752 2318 3791 cruce
2351 3736 2505 3795 illum
2538 3739 2695 3809 sequi
2726 3739 2795 3794 ".
2830 3739 3100 3805 Quoniam
3131 3750 3312 3796 autem
3344 3739 3551 3796 Christi

1986 3843 2278 3898 personam
2308 3832 2542 3885 sustinet
2604 3832 2781 3888 omnis
2832 3847 2995 3892 verus
3024 3833 3366 3908 praepositus,
3406 3833 3552 3888 illius

1985 3917 2152 3981 ductu
2186 3918 2466 3974 Christum
2496 3921 2650 3989 sequi
2704 3921 2832 3977 licet
2863 3922 3072 3991 absque
3102 3922 3326 3978 fallacia;
3377 3934 3546 3980 metu.

1986 4009 2064 4065 Ita
2102 4012 2411 4066 servabitur
2448 4012 2772 4073 admirabile
2801 4014 3136 4068 mandatum.

2066 4192 2168 4258 Qui
2200 4203 2383 4246 autem
2433 4207 2542 4246 non
2573 4191 2853 4251 constituit
2880 4193 2960 4248 sic
2982 4207 3164 4262 agere,
3203 4192 3296 4249 sed
3325 4192 3381 4248 in
3424 4207 3554 4264 pro-

1988 4284 2121 4355 priis
2148 4283 2540 4339 monasterium
2567 4291 2871 4350 exstruere,
2904 4293 2958 4339 et
2990 4283 3396 4340 moderatorem
3449 4285 3551 4339 ad-

309 4376 389 4437 ὡς
442 4373 508 4427 ἂν
556 4375 615 4426 ἐν
649 4373 760 4435 τοῖς
807 4370 969 4425 αὐτοῦ
1022 4370 1117 4427 καὶ
1164 4369 1395 4440 μονάσῃ,
1449 4366 1543 4422 καὶ
1579 4364 1747 4434 σωθῇ,
1783 4362 1879 4416 καὶ

1986 4390 2202 4442 vocare,
2233 4376 2323 4444 qui
2357 4376 2499 4444 apud
2532 4374 2707 4445 ipsum
2746 4377 3047 4431 monachus
3080 4376 3169 4441 sit,
3196 4391 3227 4431 a
3269 4391 3379 4446 quo
3421 4376 3554 4430 diri-

310 4464 556 4537 ὁδηγηθῇ
584 4479 598 4492 ·
650 4463 837 4532 ἀγνοεῖ
871 4463 956 4515 ὅτι
1008 4461 1132 4531 εἰκῆ
1190 4460 1285 4514 καί
1338 4460 1513 4530 μάτην
1544 4458 1731 4527 κοπιᾷ,
1788 4454 1885 4509 καὶ

311 4558 461 4626 ἅπερ
494 4555 668 4625 ζητεῖ,
700 4554 798 4624 οὐχ
826 4554 1069 4625 εὑρήσει,
1105 4552 1240 4605 ἀλλὰ
1291 4548 1599 4604 τούναντίον
1644 4548 1883 4609 ἐκτοπαο

314 4646 509 4717 ἐπειδὴ
536 4646 597 4700 ού
642 4644 761 4699 κατ’
787 4642 1004 4715 ἐντολὴν
1042 4642 1248 4714 Κυρίου
1274 4644 1306 4713 ἡ
1334 4640 1561 4711 τοιαύτη
1614 4638 1882 4710 ἀποταγὴ,

311 4737 521 4808 ᾧφελον
565 4735 921 4806 γυμνωθῆναι
979 4734 1159 4805 πάσης
1213 4731 1379 4803 ὕλης,
1421 4733 1516 4785 καί
1559 4731 1748 4811 πόρρω
1777 4730 1883 4783 τῶν

317 4832 467 4885 ἰδίων
510 4827 784 4899 γενέσθαι,
840 4827 937 4882 καὶ
979 4825 1353 4900 καθηγεμόνος
1407 4825 1592 4895 τυχεῖν
1631 4822 1877 4893 ἀρίστου,

314 4925 412 4978 καὶ
462 4921 606 4977 οὕτω
655 4918 1028 4992 περαιωθῆναι
1077 4918 1137 4971 τὸ
1165 4916 1308 4989 μέγα.
1354 4916 1590 4984 πέλαγος
1624 4915 1717 4968 τοῦ
1751 4913 1880 4984 τῇδε

316 5018 436 5088 βίου
476 5013 771 5078 ἀκινδύνως
793 5028 807 5041 ’
845 5014 943 5085 οὐχ
970 5014 1052 5067 ὅτι
1098 5013 1266 5085 μηδὲν
1294 5012 1401 5067 τῶν
1430 5011 1843 5084 προειρημένων
1864 5028 1878 5041 ·

313 5111 431 5165 ἀλλ’
462 5110 527 5162 ὲκ
565 5108 732 5178 μόνου
759 5105 854 5179 τοῦ
899 5106 1199 5179 οἰκοδομεῖν
1241 5108 1600 5178 μοναστήριον
1646 5110 1741 5161 καὶ
1787 5105 1880 5159 τὸν

317 5199 451 5260 Θεὸν
473 5197 617 5271 [cod.
645 5195 780 5266 Reg.
810 5195 871 5250 τὸ
903 5195 1084 5269 φαιὸν]
1113 5196 1502 5267 περιϐαλέσθαι
1532 5214 1547 5228 ’
1579 5200 1673 5252 καί
1705 5197 1877 5268 ἡγούε

320 5314 480 5368 μενον
510 5294 685 5348 δοκεῖν
708 5292 854 5365 ἔχειν
884 5292 1011 5349 ὄντα
1044 5292 1244 5361 μᾶλλον
1280 5292 1593 5362 ἐπίτροπον,
1618 5292 1713 5345 καὶ
1735 5308 1877 5361 συμ-

317 5390 601 5453 ποδίζοντα
647 5389 740 5442 καὶ
770 5386 1231 5458 συμποδιζόμενον
1262 5404 1277 5419 ο
1315 5387 1411 5441 καὶ
1457 5386 1580 5441 οὗτε
1612 5386 1875 5455 σώζοντα,

308 5481 437 5545 βῦτε
467 5480 791 5552 σωζόμενον.
827 5479 1097 5544 Ἔξελθε,
1143 5479 1327 5549 φησὶν,
1365 5480 1435 5534 ἐκ
1482 5480 1591 5551 τῆς
1620 5480 1732 5551 γῆς
1759 5494 1877 5536 σου

382 5599 428 5631 ⁸⁵
461 5593 650 5650 Matth.
684 5608 798 5659 xtx,
822 5592 877 5648 5.
951 5593 998 5625 ’⁸
1028 5591 1159 5649 Luc.
1192 5608 1269 5659 rx,
1292 5593 1382 5649 ‘23.

1983 4477 2167 4537 gatur,
2195 4477 2357 4537 atque
2381 4467 2456 4521 ita
2485 4467 2717 4522 salutem
2759 4478 3155 4538 consequatur;
3192 4468 3239 4524 is
3271 4485 3377 4523 non
3406 4470 3552 4523 videt

1981 4572 2042 4613 se
2070 4574 2269 4614 vanum
2320 4559 2559 4615 laborem
2602 4575 2819 4615 sumere
2843 4600 2858 4624 ,
2894 4568 2951 4615 et
2976 4561 3120 4630 quod
3173 4563 3385 4631 quaarit,
3438 4578 3549 4618 non

1981 4649 2354 4715 inventurum,
2388 4651 2484 4706 sed
2516 4666 2742 4722 prorsus
2765 4652 3060 4718 contraria,
3105 4653 3230 4722 quia
3259 4668 3369 4708 non
3391 4654 3547 4724 juxta

1981 4741 2200 4797 Domini
2226 4743 2538 4799 mandatum
2570 4754 2656 4800 est
2698 4743 3011 4814 hujusmodi
3044 4744 3395 4810 renuntiatio,
3418 4759 3546 4801 cum

1980 4832 2204 4888 deberet
2236 4833 2461 4903 spoliari
2504 4834 2857 4888 facultatibus
2889 4833 3164 4899 omnibus,
3196 4842 3246 4889 et
3299 4835 3485 4904 procul
3514 4850 3547 4891 a

1984 4924 2223 4994 propriis
2257 4925 2472 4992 abesse,
2533 4934 2589 4979 et
2647 4927 2916 4995 optimum
2965 4925 3246 4980 ductorem
3279 4926 3545 4994 nancisci,

1982 5026 2146 5086 atque
2182 5016 2254 5071 ita
2291 5032 2545 5087 magnum
2586 5016 2754 5093 hujus
2778 5017 2907 5075 vitae
2935 5017 3155 5087 pelagus
3188 5017 3307 5073 sine
3337 5019 3550 5087 pericu-

1984 5106 2037 5161 lo
2066 5105 2352 5175 trajicere;
2384 5120 2491 5160 non
2522 5114 2702 5161 autem
2723 5107 2915 5160 borum
2951 5122 3073 5177 quas
3095 5108 3237 5162 dicta
3278 5116 3409 5162 sunt
3458 5107 3549 5161 ni-

1985 5200 2059 5254 hil
2089 5216 2272 5268 agere,
2292 5200 2385 5254 sed
2419 5214 2487 5254 ex
2518 5199 2635 5253 sola
2668 5200 2989 5255 monasterii
3020 5201 3392 5256 exstructione
3420 5214 3547 5271 gra-

1985 5292 2112 5348 tiam
2137 5308 2166 5346 a
2204 5293 2313 5347 Deo
2337 5292 2474 5348 inire
2516 5292 2676 5358 velle,
2708 5300 2873 5362 atque
2909 5292 2963 5347 in
2997 5294 3233 5363 speciem
3281 5294 3549 5349 duntaxat

1982 5386 2333 5455 prtepositum
2358 5386 2581 5451 habere,
2608 5386 2698 5456 qui
2730 5394 3056 5456 procurator
3099 5388 3171 5441 sit
3210 5386 3412 5455 potius,
3450 5385 3543 5455 qui

1983 5479 2143 5535 simul
2170 5479 2429 5550 impediat
2455 5488 2509 5536 et
2538 5480 2698 5536 simul
2732 5481 3082 5552 impediatur,
3113 5480 3206 5550 qui
3232 5495 3412 5551 neque
3444 5480 3546 5537 sal-

1814 5688 2044 5746 ΝΟΤᾸΕ.

384 5784 496 5865 (Si)
528 5783 583 5840 lu
609 5778 729 5849 cod.
763 5780 895 5850 Reg.
941 5779 1036 5852 ρλ’.

2064 5778 2139 5861 (³⁸)
2171 5778 2469 5851 DOgtnatira
