4060 6374
535 322 672 390 1499

1715 331 1776 391 S.
1815 329 2206 392 THEODO‘RI
2242 332 2588 393 STUDITIE

3633 327 3776 394 1500

534 451 623 495 vet
651 452 828 508 neque
861 437 1124 495 salvetur.
1181 439 1456 512 Egredere,
1490 438 1690 511 inquit,
1719 442 1784 497 de
1836 452 1978 496 terra
2007 452 2127 500 tua.

2228 443 2297 497 uti
2320 444 2390 498 ἐκ
2422 443 2536 512 τῆς
2559 442 2914 514 συγγενείας
2947 458 3063 498 σου
3082 457 3097 473 '
3143 440 3272 498 λάσε
3299 440 3392 496 τὸν
3420 442 3652 512 σταυρὸν
3684 445 3771 498 ἐπ’

533 542 584 587 et
611 532 675 586 de
697 532 1039 601 cengnatione
1065 533 1240 598 tua";
1271 535 1456 604 accipe
1481 548 1702 589 crucem
1738 534 1794 588 in
1823 534 2101 599 humeros,

536 639 864 694 conspuere,
914 625 1163 696 colaphis
1191 625 1436 691 creditor,
1492 625 1620 681 bibe
1646 637 1888 690 acetum,
1919 626 2106 696 ﬂagel-

537 715 669 777 lare,
701 730 922 770 crucem
949 717 1205 781 ascende,
1232 719 1552 786 sanguinem
1577 717 1766 782 funde,
1797 719 1914 774 sive
1941 720 2105 776 intel-

539 815 705 872 tectu,
735 808 851 864 sive
902 823 1089 863 sensu.
1121 807 1280 874 Quod
1305 809 1352 862 si
1395 809 1510 864 haec
1532 824 1641 864 non
1669 809 1840 874 feras,
1873 811 2001 866 sede
2050 812 2104 866 in

537 900 701 956 domu
729 910 844 967 tua,
887 901 1177 955 humiliore
1208 902 1315 955 vita
1363 902 1566 957 salvari
1593 903 1952 976 contendens.
2001 903 2108 958 Ne-

540 1008 648 1063 que
683 993 828 1048 enim
861 991 979 1047 sine
1003 993 1190 1048 labore
1224 993 1314 1048 hic
1351 994 1520 1058 salus,
1547 993 1642 1049 sed
1670 1010 1766 1065 per
1785 995 1985 1050 multas
2009 1009 2108 1050 an-

541 1085 771 1155 gustias.
807 1082 886 1139 Ne
917 1084 1050 1139 mihi
1079 1085 1345 1140 hodierna
1366 1086 1612 1156 exempla
1635 1085 1904 1156 proferas.
1933 1086 2106 1153 Quid-

541 1175 669 1244 quid
695 1189 804 1228 non
825 1182 912 1228 est
949 1189 1035 1228 ex.
1056 1175 1349 1243 mandato;
1386 1177 1727 1247 improbum,
1756 1178 1939 1243 inane,
1989 1179 2108 1248 ple-

540 1281 668 1319 num
699 1265 964 1331 scaudali,
997 1266 1116 1336 ejus
1141 1267 1234 1337 qui
1259 1269 1338 1322 sic
1352 1268 1682 1323 renuntiarit
1706 1283 1868 1338 opus,
1887 1285 1997 1324 non
2024 1270 2108 1324 di-

540 1356 650 1411 vini
669 1356 1100 1426 praecepti.Quod
1127 1360 1172 1413 si
1192 1361 1586 1415 monasterium
1610 1375 1810 1416 novum
1828 1369 2112 1417 exstruere

543 1447 698 1517 cupis
731 1463 746 1513 ;
777 1446 829 1501 id
879 1463 987 1502 non
1023 1459 1104 1504 est
1145 1449 1388 1504 alienum
1416 1466 1447 1504 a
1493 1452 1704 1506 ratione
1737 1469 1751 1506 :
1807 1453 1900 1507 sed
1942 1452 2111 1508 simul

544 1553 610 1593 ac
641 1540 934 1596 tradideris
961 1541 1137 1612 ipsum
1167 1543 1285 1596 viro
1313 1543 1405 1612 qui
1433 1552 1602 1614 regat,
1637 1560 1702 1599 ne
1731 1545 1964 1614 amplius
2007 1561 2116 1601 ma-

544 1645 675 1684 num
707 1629 940 1699 injicias,
966 1641 1224 1703 tanquam
1245 1633 1301 1687 in
1331 1651 1443 1688 rem
1474 1644 1625 1688 tuam
1660 1653 1673 1690 :
1705 1644 1759 1690 et
1788 1634 1899 1690 Deo
1921 1651 2118 1706 accep-

547 1731 666 1777 tum
724 1723 779 1776 id
812 1724 956 1790 erit;
997 1733 1052 1778 et
1083 1735 1337 1780 occurret
1366 1728 1460 1782 tibi
1496 1731 1551 1782 in
1585 1728 1880 1798 hospitium
1918 1729 2118 1799 sempi-

2204 533 2370 605 ὢμων
2401 552 2518 600 σου,
2547 535 2912 607 ἐμπτύσθητι,
2943 535 3321 606 κολαφίσθητι,
3343 536 3434 588 πίε
3456 535 3600 602 ὅξος,
3631 554 3776 606 φρα-

2204 625 2524 696 γελλώθητι,
2565 625 2712 680 ἄνιθι
2748 628 2841 680 ἐπὶ
2899 626 2990 680 τὸν
3047 628 3304 698 σταυρὸν,
3338 628 3577 680 κένωσον
3609 624 3774 696 αἷμα,

2205 715 2304 768 εἰτ’
2330 711 2423 769 οὖν
2461 715 2684 786 νοητῶς,
2716 716 2816 769 είτ⁹
2845 712 2937 770 οὖν
2971 717 3261 789 αἰσθητῶς.
3300 719 3363 771 Εἰ
3395 716 3451 771 δὲ
3479 719 3554 787 μὴ
3590 719 3779 787 φέροις

2204 806 2395 872 ταῦτα,
2429 806 2596 862 κάθου
2643 809 2701 861 ἐν
2731 807 2810 878 τῷ
2849 809 2982 880 οίκῳ
3011 826 3125 872 σου,
3178 810 3256 881 τῷ
3279 809 3652 880 ταπεινοτέρῳ
3679 810 3781 879 βίῳ

2205 896 2589 968 ἐκϐιαζόμενος
2627 897 2916 962 σώζεσθαι.
2958 901 3092 953 Οὑδέ
3119 901 3228 970 γὰρ
3257 899 3489 954 ἐνταῦθα
3535 902 3782 969 ἀμογητὶ

2207 990 2267 1043 τὸ
2318 990 2530 1059 σῶσμα,
2560 989 2694 1043 ἀλλά
2721 990 2829 1060 γὰρ
2885 993 2978 1044 καὶ
3014 990 3103 1045 διὰ
3137 991 3350 1045 πολλῶν
3391 992 3645 1060 θλίψεων.
3689 993 3782 1062 Μή

2211 1096 2300 1150 μοι
2327 1079 2398 1146 τά
2433 1079 2528 1133 νῦν
2559 1080 2979 1150 παραδείγματα
3025 1083 3322 1154 προσοίσῃς
3344 1098 3360 1114 ⁶
3408 1086 3517 1137 πᾶν
3544 1085 3685 1152 ὅπερ
3719 1084 3782 1135 οὗ

2209 1175 2329 1228 κατ’
2355 1175 2573 1246 ἐντολήν
2603 1191 2619 1207 ο
2650 1177 2927 1248 ἀδόκιμον,
2991 1177 3179 1241 ἕωλον,
3239 1179 3633 1241 σκανδαλῶδες,
3687 1178 3786 1230 τοῦ

2209 1262 2383 1327 οὕτως
2434 1266 2848 1336 ἀποταξαμένου
2879 1268 3059 1336 ἔργον,
3084 1268 3200 1322 ἀλλ’
3227 1269 3289 1322 οὐ
3314 1268 3458 1322 θείου
3499 1269 3787 1339 προστάγο

2214 1377 2402 1430 ματος.
2459 1361 2521 1412 Εἰ
2555 1360 2610 1412 δὲ
2657 1361 2789 1430 ἐρᾷς
2823 1361 3150 1431 νεουργῆσαι
3202 1362 3390 1430 μονὴν,
3419 1361 3520 1412 οὐκ
3553 1359 3659 1424 ἔξω
3689 1359 3786 1411 τοῦ

2213 1450 2420 1511 εἰκότος
2448 1464 2464 1479 ⁸
2509 1449 2624 1504 ἀλλ’
2655 1451 2742 1504 ἐπ’
2771 1451 2836 1504 ἂν
2877 1450 3220 1520 παραδώσεις
3252 1451 3420 1522 αὐτὴν
3455 1451 3616 1518 ἀνδρὶ
3649 1449 3790 1502 καθη-

2213 1541 2528 1610 ηγουμένῳ,
2587 1539 2784 1610 μηκέτι
2837 1540 3114 1604 ἐπιϐαλεῖς
3161 1541 3262 1611 τὴν
3294 1543 3448 1610 χεῖρα
3499 1539 3588 1593 ἐπ’
3614 1538 3786 1608 αὐτῷ,

2215 1631 2465 1701 καθάπερ
2515 1631 2744 1685 ἐπὶτῶν
2771 1631 2975 1685 οὐσῶν·
3007 1633 3102 1686 καὶ
3136 1631 3253 1701 Θεῷ
3279 1632 3342 1684 τὸ
3382 1633 3618 1702 πρᾶγμα
3657 1631 3790 1682 εὐά-

2219 1738 2427 1794 ρεστον·
2451 1723 2545 1775 καὶ
2572 1721 2875 1793 ἀπαντήσει
2906 1739 2988 1776 σοι
3027 1724 3106 1786 εἰς
3137 1723 3316 1789 ξενίαν
3339 1721 3578 1775 αἰώνιον.
3594 1720 3790 1790 Ἡμεῖς

544 1821 786 1870 ternum.
814 1813 932 1870 Non
970 1816 1037 1871 ad
1063 1831 1184 1872 eum
1215 1819 1307 1887 qui
1341 1818 1421 1873 sic
1445 1794 1704 1890 eligitur;
1724 1819 1978 1875 addimus
2009 1794 2118 1874 fra-

2228 1813 2312 1866 ἐπὶ
2334 1812 2422 1866 τὸν
2452 1812 2625 1876 οὕτως
2654 1813 2974 1883 αἱρούμενον
3018 1811 3362 1883 ἐπιδιδοῦμεν
3387 1812 3619 1881 ἀδελφὸν
3644 1813 3793 1864 ἐκεῖ·

545 1915 686 1961 trem
717 1907 872 1960 illum
899 1923 1063 1977 quem
1098 1910 1321 1980 elegerit
1351 1910 1398 1965 is
1431 1910 1526 1980 qui
1558 1911 1810 1980 requirit,
1843 1927 1970 1966 cum
2000 1911 2122 1965 aliis

2228 1922 2307 1960 νον
2331 1904 2390 1958 δν
2424 1905 2698 1974 ἐκλέγοιτο
2724 1906 2754 1958 δ
2786 1905 3080 1976 ἐπιζητῶν,
3113 1904 3250 1975 μετά
3278 1906 3373 1958 καὶ
3401 1904 3605 1974 ἐτέρων
3636 1904 3794 1957 ἐννέα

547 2011 744 2054 novem
771 1998 1031 2056 fratribus
1058 2001 1151 2070 qui
1170 2003 1463 2071 praeposito
1491 2002 1687 2072 subjici
1727 2002 1938 2056 volunt.
1957 2000 2119 2067 Ecce,

549 2091 693 2148 bone
747 2094 944 2158 amice,
1003 2096 1257 2150 monachi
1297 2095 1534 2150 cilicium
1584 2095 1814 2166 exposui
1857 2094 1997 2149 tibi:
2042 2095 2124 2149 sic

2220 1996 2464 2067 ἀδελφῶν
2519 1997 2811 2051 ἐθελόντων
2867 1997 3158 2050 τάττεσθαι
3224 1996 3304 2068 τῷ
3368 1994 3792 2067 προηγουμένῳ.

2235 2087 2386 2152 Ἰδοὺ,
2429 2087 2550 2156 φίλε
2609 2088 2762 2153 καλέ,
2794 2087 2856 2140 τὸ
2908 2087 3185 2158 δικαίωμα
3211 2086 3304 2140 τοῦ
3339 2085 3573 2158 μοναχοῦ
3621 2087 3798 2156 ἀνήγ-

551 2197 712 2253 agere
767 2184 930 2240 debet
971 2187 1064 2256 qui
1103 2187 1218 2240 vult
1239 2197 1527 2242 exstruere
1576 2188 1968 2242 monasterium
2003 2205 2015 2240 :
2045 2185 2126 2242 sic

2228 2180 2379 2249 γειλά
2404 2196 2484 2232 σοι
2514 2197 2526 2211 ·
2561 2182 2588 2233 ὁ
2613 2179 2814 2250 τρόπος
2842 2179 2934 2233 τοῦ
2969 2180 3371 2241 συνιστάνοντος
3409 2178 3472 2232 τὸ
3520 2180 3797 2249 μοναστή-

553 2275 869 2344 prolicietis.
897 2275 1050 2344 Quod
1077 2288 1265 2344 restat,
1295 2278 1561 2334 Dominus
1580 2279 1652 2334 sit
1672 2277 1974 2335 consolatio
1999 2285 2112 2345 tua,

551 2367 811 2424 erudiens
849 2368 987 2423 tein
1027 2369 1286 2426 omnibus
1323 2371 1390 2424 ad
1423 2370 1678 2425 salutem.

974 2570 1129 2628 CLX.
1152 2602 1223 2612 —
1249 2571 1496 2644 Gregorio
1522 2573 1636 2644 ﬁlio
1659 2573 1754 2645 (*).

2229 2288 2360 2342 ριον,
2414 2273 2441 2342 η
2495 2271 2737 2341 ὑμετέρα
2787 2271 3045 2334 ἐπίδοσις.
3078 2271 3151 2324 Τὸ
3197 2269 3404 2335 λοιπὸν,
3455 2270 3542 2339 είη
3591 2269 3800 2341 Κύριος

2229 2360 2574 2430 παραμύθιον
2643 2378 2768 2428 σου,
2831 2361 3120 2425 συνετίζων
3187 2377 3244 2414 σε
3292 2361 3435 2414 κατά
3482 2360 3670 2415 πάντα
3719 2361 3800 2425 είς

2231 2453 2524 2525 σωτηρίαν.

2527 2571 2624 2656 Pa:
2651 2571 2856 2646 (52>.—
2875 2523 3176 2644 Fmropt'w
3203 2568 3588 2646 timur-1

991 2691 1068 2742 De
1087 2689 1256 2740 saeculi
1290 2689 1614 2741 restitutione
1640 2705 1654 2740 :
1681 2696 1735 2740 et
1754 2691 1952 2754 qualem
1984 2687 2221 2740 videlicet
2250 2689 2378 2739 hanc
2406 2702 2518 2738 esse
2547 2689 2763 2740 futuram
2791 2705 2994 2753 magnus
3018 2691 3160 2740 Pater
3179 2691 3370 2740 doceat.

630 2798 762 2866 Quae
788 2798 842 2853 in
874 2797 1056 2868 priore
1083 2797 1310 2868 epistola
1346 2797 1413 2852 de
1438 2796 1796 2853 sanctissimo
1826 2795 2129 2851 Chalcedo-

560 2891 647 2946 nis
677 2890 1038 2959 metropolita,
1068 2899 1120 2944 et
1141 2898 1294 2959 patre
1314 2898 1522 2956 nostro,
1557 2899 1816 2959 tanquam
1844 2890 1898 2944 in
1949 2898 2129 2944 trans-

2309 2797 2376 2848 Ἀ
2405 2797 2504 2866 μὲν
2538 2792 2630 2850 οὖν
2654 2797 2711 2849 ἐν
2754 2798 2818 2866 τῇ
2860 2795 3102 2867 προτέρᾳ
3139 2794 3392 2866 ἐπιστολῇ
3425 2793 3555 2866 περὶ
3585 2793 3684 2848 τοῦ
3707 2794 3810 2868 τῆς

2234 2887 2573 2956 Χαλκηδόνος
2626 2888 2925 2955 ἀγιωτάτου
2991 2886 3410 2959 μητροπολίτου,
3443 2888 3542 2941 καὶ
3597 2888 3806 2960 πατρὸς

560 2997 725 3040 cursu
768 2982 911 3037 dicta
945 2991 1094 3047 sunt,
1123 2983 1350 3038 uberius
1394 2993 1448 3038 et
1500 2984 1826 3053 explicatius
1871 2999 2018 3037 nunc
2046 2982 2125 3036 di-

2235 2979 2390 3052 ἡμῶν
2419 2980 2654 3050 εἴρηται,
2683 2979 2757 3043 ὡς
2786 2981 2844 3032 ἐν
2879 2980 3226 3052 παραδρομῇ,
3259 2980 3352 3034 νῦν
3397 2981 3451 3034 δέ
3495 2982 3807 3049 διεξοδικὼ-

561 3084 775 3130 centur.
796 3071 890 3130 Dic
914 3075 1134 3144 illi.qua
1161 3084 1372 3145 patrem
1392 3074 1593 3145 alloqui
1622 3075 1778 3130 decet
1805 3076 2125 3138 reverentia,

562 3169 878 3239 quid?quod
907 3170 1154 3232 omnino,
1178 3167 1334 3234 juxta
1363 3167 1568 3222 dictum
1597 3167 1846 3235 Apostoli
1878 3184 1893 3221 :
1927 3165 2128 3220 Unius-

560 3261 816 3332 cujusque
869 3277 997 3329 opus
1046 3259 1201 3330 quale
1249 3261 1317 3312 sit
1370 3259 1506 3328 ignis
1559 3256 1822 3326 probabit.
1871 3256 1933 3311 Si
1981 3256 2130 3324 cujus

563 3371 694 3424 opus
735 3353 986 3406 manserit
1010 3351 1148 3422 quod
1192 3350 1653 3418 supermdiﬁcavit,
1681 3347 1966 3401 mercedem
1989 3348 2130 3400 acci-

563 3447 690 3514 piet.
733 3444 794 3498 Si
841 3447 991 3510 cujus
1037 3457 1166 3511 opus
1214 3441 1431 3502 arserit,
1469 3439 1840 3492 detrimentum
1879 3438 2129 3506 patietur.

564 3536 688 3603 Ipse
722 3545 898 3589 autem
925 3534 1102 3588 salvus
1127 3533 1249 3596 erit,
1275 3533 1351 3586 sic
1386 3541 1561 3586 tamen
1580 3532 1734 3601 quasi
1758 3547 1848 3599 per
1873 3531 2045 3601 ignem
2066 3531 2132 3586 ³⁸.

566 3623 866 3678 Percontor
913 3623 1136 3691 itaque:
1163 3621 1321 3682 illud,
1353 3621 1568 3685 arserit,
1600 3620 1904 3675 absolutam
1961 3619 2135 3690 aboli-

567 3717 772 3769 tionem
803 3714 1042 3776 denotat,
1079 3713 1306 3767 annon?
1335 3709 1392 3765 Si
1448 3712 1681 3782 primum
1712 3711 1932 3775 dicitur,
1988 3710 2136 3764 sicut

567 3804 738 3862 Paulo
767 3807 1104 3859 cohaerenter
1144 3802 1439 3857 aitalicubi
1478 3802 1789 3872 Theologus
1811 3799 2134 3872 Gregorius,

569 3897 728 3964 isque
765 3904 1075 3964 postremus
1096 3901 1179 3950 est
1218 3894 1382 3964 ignis,
1408 3907 1516 3963 quo
1539 3903 1728 3948 nostra
1761 3896 1948 3947 omnia
1978 3893 2136 3947 dam-

569 3997 774 4040 nantur
797 3985 883 4040 vel
897 3994 1202 4056 purgantur
1224 4003 1240 4052 ;
1258 3985 1387 4055 quid
1412 3993 1607 4040 estcur
1626 3985 1852 4039 audiens
1867 3985 2136 4054 quispiam

569 4082 847 4137 existimet
881 4097 991 4136 non
1047 4090 1195 4136 recte
1215 4081 1419 4136 dixisse
1472 4088 1724 4135 sanctum
1777 4078 2068 4132 Maximum
2093 4079 2138 4111 "

569 4183 683 4228 tres
743 4188 866 4228 esse
902 4172 1277 4227 restitutiones
1327 4170 1382 4225 in
1447 4170 1762 4240 pristinum,
1799 4184 1935 4238 quas
1992 4169 2142 4224 novit

574 4264 870 4320 Ecclesia?
921 4264 1094 4320 Unam
1165 4263 1386 4334 quidem
1445 4252 1880 4330 uniuscujusque
1924 4275 2023 4330 pro
2053 4275 2143 4314 ra-

2227 3089 2385 3142 τερον
2419 3073 2716 3144 εἰρήσεται.
2757 3072 2890 3125 Εἰπὲ
2937 3073 3085 3143 αὑτῷ
3128 3078 3506 3145 πατροπρεπεί
3548 3076 3804 3142 διαλέξει,

2180 3194 2185 3198 -
2228 3161 2282 3215 τί
2307 3180 2322 3229 ;
2355 3163 2438 3215 ὅτι
2469 3167 2707 3228 πάντως,
2728 3165 2867 3218 κατὰ
2899 3164 2998 3232 τὴν
3021 3162 3115 3216 τοῦ
3153 3163 3476 3216 ’Δποστόλου
3508 3165 3808 3236 ἀπόφασιν,

2245 3254 2538 3310 Ἐκὰστου
2575 3256 2642 3310 τὸ
2684 3256 2862 3326 ἔργον
2916 3257 3126 3312 ὁποῖόν
3163 3257 3295 3312 ἐστι
3322 3257 3390 3312 τὸ
3416 3259 3538 3327 πῦρ
3564 3259 3810 3330 δοκιμὰ-

2231 3362 2347 3402 σει.
2401 3347 2469 3400 Εἴ
2517 3363 2678 3414 τινος
2723 3349 2786 3402 τὸ
2832 3347 3011 3418 ἔργον
3061 3349 3232 3420 μένει
3282 3349 3314 3404 ὃ
3350 3349 3809 3421 ἐπῳκοδόμησε,

2227 3439 2451 3510 μισθὸν
2481 3441 2760 3509 λήψεται.
2807 3441 2880 3495 El
2906 3457 3069 3508 τινος
3105 3439 3172 3496 τὸ
3219 3444 3400 3511 ἔργον
3431 3443 3813 3511 κατακαήσε-

2232 3549 2347 3599 ται,
2380 3530 2829 3600 ζἠιιιωθήσεταιν
2857 3535 3062 3600 .αῠτός
3093 3533 3160 3588 δὲ
3205 3533 3567 3603 σωθήσεται,
3620 3538 3814 3604 οὕτως

2233 3626 2302 3678 δὲ
2326 3626 2406 3692 ὠς
2431 3625 2527 3678 διὰ
2549 3627 2757 3693 πυρός.
2799 3627 3144 3697 Πυνθάνομαι
3175 3627 3288 3690 οὖν,
3315 3628 3396 3692 τὸ,
3429 3630 3812 3693 κατακαήσε-

2233 3731 2348 3779 ται,
2390 3713 2704 3783 ἐξαφάνισίς
2732 3717 2848 3769 ἐστι
2874 3716 3074 3780 τελεία,
3117 3717 3150 3788 ἢ
3191 3715 3250 3770 οὗ
3276 3735 3291 3784 ;
3327 3719 3390 3770 Εἰ
3422 3717 3478 3770 δὲ
3507 3702 3813 3786 ’ὁμολογουο

2237 3808 2413 3877 μένως
2464 3807 2525 3859 τὸ
2575 3806 2788 3877 πρῶτον
2821 3825 2834 3838 ·
2865 3808 3007 3860 καθά
3057 3808 3158 3861 πού
3205 3825 3372 3879 φησιν
3422 3810 3710 3880 ἑπομένως
3735 3808 3818 3879 τῷ

2235 3900 2431 3971 Παύλῳ
2464 3902 2557 3952 καί
2585 3901 2612 3952 ὁ
2638 3900 2894 3968 Θεολόγος
2926 3901 3244 3972 Γρηγὸριοςο
3283 3903 3377 3953 καὶ
3409 3901 3469 3953 τὸ
3503 3902 3813 3952 τελευταῖον

2239 3993 2371 4063 πῦρ,
2412 3987 2455 4061 ᾧ
2493 3991 2671 4045 πάντα
2719 3992 3103 4063 κατακρίνεται
3147 3992 3180 4061 ἢ
3215 3991 3534 4062 καθαίρεται
3573 3994 3641 4046 τὰ
3676 3992 3814 4062 ἡμέ-

2236 4104 2370 4158 τερα
2399 4101 2413 4116 ⁶
2469 4087 2519 4139 τί
2547 4087 2777 4140 ἐπισείει
2831 4086 2922 4140 τὸν
2949 4085 3073 4139 νοῦν
3103 4085 3197 4138 τοῦ
3228 4085 3516 4148 ἀκούοντος
3550 4100 3567 4116 ’
3598 4085 3701 4142 οὐκ
3753 4079 3814 4138 εὖ

2239 4180 2519 4249 εἰρηκέναι
2548 4181 2636 4234 τὸν
2693 4181 2836 4251 ἱερὸν
2882 4181 3154 4250 Μάξιμον,
3195 4181 3342 4250 τρεῖς
3377 4177 3515 4232 εἶναι
3551 4179 3652 4242 τὰς
3681 4180 3816 4232 ἀπο-

2241 4271 2621 4336 καταστάσεις,
2648 4270 2715 4334 ἀς
2763 4270 2900 4324 οἶδεν
2945 4273 2978 4344 ὴ
3031 4272 3352 4344 Ἐκκλησίας
3411 4272 3558 4326 Μίαν
3589 4271 3690 4341 μὲν
3718 4269 3817 4339 τὴν

574 4357 725 4410 tione
753 4355 993 4409 virtutis:
1023 4355 1074 4408 in
1105 4369 1209 4424 qua
1239 4353 1546 4409 restituitur
1588 4353 1682 4422 qui
1729 4353 1944 4406 virtutis
1977 4367 2127 4420 quem

2245 4361 2472 4414 ἑκάστου
2505 4363 2643 4416 κατὰ
2673 4363 2766 4415 τὸν
2799 4364 2897 4433 τῆς
2924 4366 3121 4434 ἀρετῆς
3168 4365 3344 4432 λόγον,
3388 4367 3446 4416 ἐν
3542 4363 3815 4417 ἀποκαθί-

576 4456 791 4517 poterat
818 4447 1037 4500 modum
1089 4444 1354 4515 implevit.
1379 4445 1622 4500 Alteram
1674 4453 1885 4498 natura:
1919 4446 2143 4499 univer-

578 4555 676 4604 sue,
713 4539 768 4592 in
813 4539 1212 4593 resurrectione
1273 4553 1288 4590 :
1339 4537 1741 4592 resritutionem
1798 4536 2016 4592 scilicet
2083 4537 2138 4590 in

579 4631 1152 4700 incorruptibilitatem
1202 4637 1257 4684 et
1317 4629 1808 4683 immortalitatem.
1879 4626 2142 4691 Tertiam,

581 4739 688 4794 qua
716 4723 1058 4793 frequentius
1079 4721 1248 4776 utitur
1285 4729 1507 4776 sanctus
1540 4719 1835 4789 Gregorius
1861 4718 2144 4788 Nyssenus

583 4819 638 4872 in
666 4817 1025 4871 Sermonibus
1057 4815 1173 4870 suis
1199 4813 1281 4867 '°:
1309 4829 1403 4883 per
1439 4827 1602 4882 quam
1629 4812 1826 4867 anima:
1855 4811 2145 4868 facultates

583 4925 681 4980 per
708 4921 990 4978 peccatum
1023 4907 1294 4978 collapsas,
1317 4906 1370 4960 in
1389 4921 1514 4960 eum
1550 4919 1747 4960 rursus
1777 4913 1978 4959 statum
2036 4921 2146 4976 quo

584 5000 819 5055 conditae
867 5008 1031 5059 sunt,
1067 5000 1444 5056 restituentur.
1489 4996 1647 5052 Sicut
1687 4999 1836 5052 enim
1888 4999 2146 5054 universa

589 5097 789 5144 natura
828 5089 884 5143 in
921 5090 1361 5151 resurrectione,
1396 5088 1966 5158 iucorruptibilitatem
2023 5103 2150 5144 car-

2251 4470 2437 4506 σταται
2471 4453 2556 4506 τὸν
2587 4454 2670 4506 ἐπ’
2701 4453 2847 4524 αὐτῷ
2867 4455 3021 4522 λόγον
3049 4457 3147 4522 τῆς
3187 4454 3386 4525 ἀρετῆς
3428 4454 3815 4524 ἐκπληρώσας.

2249 4545 2516 4614 Δευτέραν
2541 4545 2598 4599 δὲ
2629 4547 2726 4614 τῆς
2749 4547 2876 4617 ὅλης
2911 4545 3124 4615 φύσεως
3147 4549 3211 4618 τῇ
3239 4547 3573 4600 ἀναστάσει·
3601 4546 3702 4616 τὴν
3739 4549 3818 4607 εἰς

2251 4638 2701 4709 ἀφθαρσίανκαὶ
2751 4638 3048 4692 ἀθανασίαν
3097 4639 3563 4692 ἀποκατάστασιν.
3615 4637 3817 4708 Τρίτην

2250 4729 2330 4792 δέ,
2360 4724 2394 4804 ᾖ
2448 4730 2540 4782 καὶ
2587 4731 2786 4799 μᾶλλον
2825 4731 3232 4800 κατακέχρηται
3261 4732 3319 4782 ἐν
3349 4732 3460 4793 τοῖς
3495 4731 3691 4781 ἑαυτοῦ
3731 4727 3818 4781 λό-

2251 4839 2368 4890 γοις
2415 4822 2443 4874 ὁ
2494 4824 2552 4876 ἐν
2605 4822 2779 4891 ἁγίοις
2810 4824 3105 4895 Γρηγόριος
3143 4821 3384 4888 Νύσσης,
3413 4823 3560 4874 ἐστὶν
3588 4820 3752 4890 αὕτη,
3784 4822 3815 4889 ἡ

2253 4915 2359 4968 τῶν
2403 4915 2650 4986 ψυχικῶν
2701 4917 2979 4986 δυνάμεων
3013 4919 3078 4987 τῇ
3117 4915 3360 4986 ἁμαρτίᾳ
3408 4913 3816 4977 ὕποπεσουσῶν,

2256 5009 2336 5070 εἰς
2369 5007 2502 5079 ὅπερ
2532 5007 2878 5078 ἐκτίσθησαν,
2913 5007 3072 5062 πάλιν
3091 5008 3554 5068 ἀποκατάστασις.
3584 5008 3674 5057 Δεῖ
3715 5003 3819 5072 γὰρ

2259 5098 2446 5168 ῶσπερ
2473 5097 2572 5168 τὴν
2596 5098 2722 5169 ὃλην
2749 5097 2908 5168 φύσιν
2929 5099 2986 5149 ἐν
3018 5100 3082 5169 τῇ
3119 5099 3409 5150 ἀναστάσει
3434 5097 3536 5166 τὴν
3565 5095 3662 5165 τῆς
3692 5111 3820 5163 σαρ·

591 5184 678 5238 nis
726 5182 821 5236 diu
869 5191 1142 5251 speratam
1178 5181 1442 5251 recipiet;
1477 5181 1554 5235 ita
1589 5190 1643 5236 et
1673 5181 1911 5236 animam
1941 5189 2127 5251 operte

2250 5186 2345 5252 κὸς
2381 5187 2689 5259 ἀφθαρσίαν
2717 5188 2892 5258 χρόνῳ
2919 5188 3277 5259 ἐλπιζομένην
3311 5187 3626 5242 ἀπολαϐεῖν·
3652 5184 3818 5247 οὕτως

591 5276 881 5332 facultates
907 5289 1030 5344 quae
1051 5274 1214 5346 longa
1244 5275 1570 5330 saeculorum
1599 5275 1887 5330 duratione
1917 5274 2157 5330 deﬂuxe-

593 5375 742 5430 runt,
793 5365 1077 5436 recipere:
1115 5374 1318 5421 etcum
1375 5367 1572 5422 saecula
1624 5366 1808 5421 omnia
1858 5366 2154 5434 transierit,

2252 5279 2348 5331 καὶ
2391 5279 2490 5343 τὰς
2546 5281 3002 5352 παρατραπείσας
3061 5281 3161 5351 τῆς
3213 5280 3391 5351 ψυχῆς
3439 5279 3694 5348 δυνάμεις
3753 5277 3816 5344 τῇ

2254 5373 2554 5444 παρεκτάσει
2586 5373 2695 5426 τῶν
2722 5373 2931 5428 αἰώνων
2975 5371 3265 5426 ἀπολαὸεῖν
3292 5387 3310 5402 ·
3362 5371 3455 5425 καὶ
3508 5370 3818 5439 περάσασαν

593 5476 695 5518 nec
713 5468 914 5516 statum
933 5460 1223 5526 invenerit,
1249 5460 1316 5515 ad
1341 5457 1510 5515 Deum
1543 5459 1725 5515 venire
1749 5459 1845 5531 qui
1863 5458 2022 5515 ﬁdem
2047 5475 2120 5515 no

2255 5465 2381 5527 τοὺς
2407 5464 2614 5528 πάντας
2649 5465 2869 5532 αἰῶνας,
2895 5467 2988 5520 καὶ
3015 5464 3088 5536 μὴ
3117 5464 3476 5535 εὐρίσκονσαν
3503 5461 3710 5525 στάσιν,
3743 5459 3820 5521 είς

663 5575 710 5612 ’⁷
738 5573 874 5629 Gen.
902 5589 999 5643 ιιι,
1026 5573 1077 5630 1.
1151 5576 1200 5610 ’⁸
1228 5573 1248 5630 l
1276 5573 1404 5632 Cor.
1436 5588 1517 5643 nt,
1557 5575 1640 5630 15.
1719 5573 1765 5607 ¹⁹
1804 5573 2076 5646 tom.l,p.
2109 5575 2127 5630 Ξ

2228 5618 2234 5631 .
2299 5579 2344 5611 ³ο
2370 5577 2490 5634 Lib.
2521 5579 2596 5634 De
2623 5580 2796 5650 upiﬁc.
2829 5581 2993 5643 Ιιοηι..
3023 5594 3145 5650 cap.
3169 5577 3260 5635 21.

2135 5668 2380 5726 ΝΟΉΕ..

669 5759 744 5830 (⁸)
780 5759 1107 5830 Dogmatica.

2347 5763 2459 5834 (5‘2)
2492 5768 2546 5824 ln
2577 5770 2694 5826 cod.
2730 5771 2859 5842 lies.
2906 5768 3018 5839 ρ)δ’.
