4060 6374
211 347 360 424 '1501
1410 361 1941 427 EPISTOLARUM
1999 363 2144 424 LIB.
2189 363 2268 424 n.
3326 357 3462 424 1502

215 475 310 528 τὸν
340 471 470 526 Θεὸν
493 471 664 529 ἐλθεῖν
687 473 778 529 τδν
809 473 883 548 μὴ
913 473 1100 546 έχοντα
1133 474 1304 547 πέρας
1323 490 1339 507 °
1398 475 1492 529 καὶ
1515 473 1689 536 οὕτως
1711 475 1776 544 τῇ

1904 471 2074 538 labet;
2111 481 2273 540 atque
2311 470 2386 524 ita
2417 483 2513 540 per
2537 469 2924 540 cognitionem,
2957 483 3063 524 non
3105 483 3200 538 per
3237 470 3460 535 partici-

219 563 532 633 ἐπιγνώσει,
583 566 644 620 οὐ
699 569 762 636 τῇ
818 567 1031 637 μεθέξει
1059 567 1166 620 τῶν
1205 567 1441 635 ἀγαθῶν,
1491 566 1782 620 ἀπολαϐεῖν

1904 563 2153 617 tationem
2190 563 2459 617 honorum
2483 601 2499 627 ,
2525 562 2764 631 recipere
2819 561 3126 624 facultates,
3156 570 3211 614 et
3244 563 3296 613 in
3332 562 3446 630 pri-

219 655 320 718 τάς
345 655 621 726 δυνάμεις,
653 657 747 710 καὶ
775 659 854 720 είς
878 658 938 712 τὸ
986 660 1212 730 ἀρχαῖον
1245 659 1782 728 ἀποκατασταθῆναι,

222 748 322 802 καὶ
353 747 426 820 μῆ
458 747 734 820 δειχθῆναι
775 750 864 804 τὸν
893 751 1233 822 Δημιουργὺν
1262 751 1432 806 αἴτιον
1463 752 1562 822 τῆς
1604 753 1787 823 ἀμαρ-

220 835 364 900 τίας.

295 929 464 984 Οὑδέν
474 925 566 984 οὖν
584 932 767 1000 ἕτερόν
782 934 929 986 ἐστιν
948 932 1126 1006 [abest
1144 936 1197 988 in
1213 935 1332 991 cod.
1354 935 1484 1005 Reg.
1500 935 1688 1006 ἔτερόν
1708 939 1792 990 ἐσ-

221 1021 334 1095 τιν]
349 1023 382 1094 ἡ
396 1023 549 1093 τρίτη
565 1023 1006 1089 ἀποκατάστασις
1028 1042 1042 1057 ο
1064 1043 1130 1080 πε
1140 1029 1190 1097 pl
1207 1028 1313 1098 γὰρ
1333 1029 1443 1080 τοῖν
1460 1028 1603 1080 δυοῖν
1617 1029 1718 1082 ἀνα
1728 1046 1793 1098 μ-

223 1115 497 1184 φίλεκτον*
519 1115 550 1186 ἢ
576 1117 710 1187 ὅπερ
736 1116 1148 1187 δεδογμάτισται
1165 1118 1240 1188 τῷ
1273 1118 1595 1190 Ἀποστόλῳ,
1617 1119 1712 1173 τοῦ
1731 1120 1792 1172 τὸ

224 1208 598 1278 ἁμαρτητικὸν
629 1207 788 1276 ἔργον
833 1211 1195 1280 κατακαῆναι,
1227 1213 1320 1265 καὶ
1350 1211 1442 1265 τὸν
1471 1213 1792 1285 πεπραχότα

225 1299 466 1368 σωθῆναι
512 1300 920 1354 ἀκατάκαυστον
953 1317 967 1331 ο
999 1301 1170 1366 οὕτως
1197 1304 1252 1357 δὲ
1281 1305 1356 1368 ὡς
1403 1309 1463 1358 οὐ
1496 1306 1794 1377 μετέχοντα

222 1389 336 1441 τῶν
363 1390 599 1458 ἀγαθῶν,
633 1391 748 1444 ἀλλ’
771 1391 1201 1461 ἐπιγινώσκοντα
1256 1394 1356 1464 τὴν
1407 1396 1667 1467 στέρησιν
1693 1397 1795 1466 τῆς

228 1480 522 1550 μεθέξεως.
547 1485 656 1536 Καὶ
688 1484 833 1553 μάλα
859 1486 1084 1549 είκότως
1109 1488 1322 1561 εἴρηται
1363 1488 1439 1558 τῷ
1465 1489 1640 1560 Πατρί
1657 1506 1672 1521 ο
1700 1490 1796 1544 καὶ

227 1573 309 1644 μὴ
353 1573 628 1643 δειχθῆναι
661 1575 750 1628 τὸν
783 1579 1123 1648 Δημιουργὸν
1166 1579 1336 1632 αἴτιον
1363 1581 1464 1650 τῆς
1496 1581 1794 1652 ἁμαρτίας.

233 1667 302 1717 '0
334 1665 434 1736 μὲν
463 1668 572 1736 γάρ
617 1668 768 1738 παρά
801 1668 955 1734 Θεοῦ,
1000 1671 1164 1740 ἣγουν
1197 1673 1230 1742 ἡ
1273 1670 1393 1724 καθ’
1419 1674 1566 1742 ἡμᾶς
1611 1673 1795 1742 φύσις,

225 1753 306 1816 ὡς
358 1754 423 1808 ἐκ
473 1754 566 1808 τοῦ
619 1756 770 1820 ὄντος
822 1759 1184 1828 παραχθεῑσα,
1229 1760 1500 1825 ἀνάλωτος
1551 1762 1628 1832 τῷ
1664 1766 1798 1834 πυρὶ

229 1847 446 1917 ἐκείνῳ.
483 1849 548 1901 Ὃ
575 1848 631 1901 δὲ
665 1819 762 1902 οὐκ
787 1852 851 1904 ἐκ
875 1819 1029 1916 έεοξ,
1067 1819 1184 1920 ἦτοι
1215 1854 1248 1925 ὴ
1279 1819 1544 1924 ἁμαρτία,
1569 1819 1704 1908 ἀλλὰ
1729 1819 1794 1926 τῇ
1833 1819 1872 1875 Β

226 1937 326 1991 τοῦ
371 1937 674 2010 πράξαντος
698 1940 1158 2014 δημιουργηθείσα
1194 1946 1528 2015 προαιρέσει’
1547 1947 1622 2009 ὡς
1653 1945 1714 1999 οὔ
1747 1964 1800 2000 τι

227 2030 340 2083 τῶν
398 2030 565 2084 ὄντων
620 2028 776 2099 οὖσα,
835 2033 970 2088 ἀλλά
1035 2038 1442 2106 παρυφιστᾶσα,
1501 2038 1797 2108 οἰχήσεται,

231 2122 610 2187 ἀκατάτακτος
652 2120 789 2179 οὖσα
815 2129 927 2190 τοῖς
956 2123 1125 2180 οὖσιν.
1172 2128 1356 2189 Οὕτως
1380 2127 1493 2194 οὖν,
1527 2130 1630 2181 κάν
1664 2131 1800 2200 μήτε

230 2211 532 2282 Γρηγόριος
581 2215 610 2266 ό
645 2213 952 2280 Νυσσαεὺς,
977 2213 1081 2268 κάν
1112 2215 1249 2284 μήτε
1278 2213 1527 2284 Μάξιμος
1555 2215 1583 2268 ὁ
1613 2214 1802 2284 Πατὴρ

231 2302 379 2371 λέγοι
409 2319 422 2334 ·
453 2303 589 2356 ἀλλά
632 2321 696 2376 γε
733 2304 762 2356 ὁ
794 2305 967 2374 μέγας
1018 2305 1336 2369 Ἀπόστολος
1363 2307 1663 2376 ἀπέφησεν,
1721 2307 1804 2360 ὅτι

229 2395 458 2465 ἀμειψις
487 2395 746 2472 διάπυρος
791 2397 875 2468 εἴη
925 2397 1023 2466 τῆς
1057 2395 1333 2468 ἁμαρτίας
1353 2415 1368 2430 ο
1416 2399 1448 2467 ἡ
1479 2396 1536 2450 δὲ
1567 2397 1804 2466 ἔμφασίς

231 2489 382 2540 ἐστιν
431 2489 948 2554 ἀποκαταστάσεως,
980 2489 1056 2553 ὡς
1085 2491 1298 2561 εἴρηται
1343 2489 1420 2561 τῷ
1452 2491 1649 2562 Πατρὶ,
1697 2492 1800 2544 οὐκ

245 2581 679 2652 Ὠριγενιαστικὴ
706 2595 719 2608 ’
750 2583 932 2649 ἄπαγε
961 2598 975 2613 ·
1001 2581 1224 2652 οὐδεμία
1244 2582 1353 2653 γάρ
1378 2583 1628 2637 κοινωνία
1665 2585 1804 2652 φωτὶ

232 2673 374 2744 πρὸς
405 2674 594 2736 σκότος
625 2690 639 2704 °
688 2674 810 2728 οὐδὲ
865 2674 1221 2747 συμφώνησις
1253 2677 1428 2743 ἁγίοις
1473 2678 1610 2747 πρὸς
1638 2678 1802 2748 αίρε-

235 2765 464 2836 σιάρχας
491 2782 506 2797 ⁶
556 2766 694 2836 πρὸς
739 2766 832 2831 οὒς
885 2767 1371 2840 σφετεριζομένους
1423 2769 1492 2822 τά
1537 2769 1630 2822 τοῦ
1665 2769 1805 2823 θειο-

227 2853 396 2908 τάτου
454 2855 754 2928 Γρηγορίου
819 2859 939 2929 ἱερά
995 2857 1259 2928 δόγματα,
1321 2860 1457 2930 πρὸς
1510 2861 1610 2932 τῆν
1655 2861 1804 2930 σφῶν

231 2947 546 3012 κακόνοιαν,
599 2952 695 3002 καὶ
747 2952 780 3022 ή
828 2949 1114 3014 ἀνόθευτος
1169 2954 1264 3005 καὶ
1315 2954 1344 3005 ό
1390 2952 1802 3024 κλεπτέλεγχος,

233 3038 351 3090 ἀλλ’
376 3039 476 3094 οὐκ
520 3041 606 3093 ἐπ’
635 3043 914 3114 ἀνατροπῇ
943 3043 1052 3097 τῶν
1100 3045 1535 3116 προειρημένων,
1566 3045 1640 3109 ὡς
1676 3047 1806 3117 ἡμῖν

1885 653 2086 709 stinum
2119 655 2328 710 restitui
2351 663 2438 721 ,et
2459 654 2637 724 palam
2673 652 2789 708 fieri
2811 653 2958 723 quod
2984 653 3216 708 Creator
3251 651 3461 722 peccati

1884 755 2073 803 auctor
2096 761 2204 801 non
2237 747 2330 801 sit.

1960 940 2119 998 Aliud
2153 941 2318 1011 igitur
2368 941 2506 996 nihil
2543 949 2626 996 est
2664 940 2826 995 tertia
2853 937 3154 1002 _restitutio
3192 953 3206 991 :
3241 937 3307 991 de
3342 936 3462 991 aliis

1893 1035 2037 1092 enim
2075 1036 2286 1089 duabus
2325 1047 2434 1087 non
2479 1042 2564 1087 est
2594 1032 2863 1086 dubitatio
2922 1047 3085 1102 quam
3137 1031 3282 1100 quod
3314 1030 3464 1099 Apo-

1893 1125 2068 1180 stolus
2085 1123 2288 1188 docuit,
2317 1137 2456 1192 opus
2480 1123 2685 1191 peccati
2720 1121 2914 1176 ardere
2934 1163 2948 1186 ,
2982 1121 3132 1174 illum
3159 1129 3338 1174 autem
3371 1119 3464 1188 qui

1897 1217 2055 1280 fecit,
2085 1215 2294 1272 servari
2329 1215 2736 1268 incombustum
2781 1231 2796 1268 :
2837 1213 2918 1268 sic
2961 1223 3144 1267 autem
3205 1220 3484 1280 tanquam

1895 1308 1988 1378 qui
2016 1323 2121 1362 non
2150 1307 2220 1362 sit
2254 1306 2525 1376 particeps
2555 1305 2824 1359 bonorum
2851 1344 2866 1366 ,
2907 1303 3003 1359 sed
3031 1302 3466 1372 participationis

1898 1400 2252 1470 privationem
2293 1405 2574 1466 agnoscat.
2622 1397 2885 1466 Apposite
2947 1410 3079 1450 vero
3123 1410 3154 1448 a
3194 1393 3353 1448 Patre
3381 1394 3466 1448 di-

1897 1500 2046 1546 ctum
2076 1499 2192 1554 est,
2243 1505 2418 1560 neque
2448 1489 2658 1544 ostendi
2693 1489 2838 1557 quod
2882 1486 3109 1544 Creator
3161 1487 3233 1541 sit
3275 1495 3469 1542 auctor

1901 1581 2125 1650 peccati.
2151 1578 2302 1645 Quod
2326 1579 2471 1632 enim
2497 1596 2527 1630 ιι
2560 1577 2666 1631 Deo
2696 1589 2779 1631 est
2800 1617 2816 1642 ,
2848 1577 3060 1631 scilicet
3133 1584 3326 1630 natura
3362 1590 3468 1628 no-

1900 1680 2013 1725 stra
2048 1687 2112 1724 ex
2149 1671 2319 1724 nihilo
2348 1669 2608 1740 producta
2630 1707 2644 1732 ,
2695 1669 2817 1736 igne
2852 1667 2943 1721 illo
2977 1669 3226 1721 consumi
3259 1667 3465 1737 nequit.

1902 1763 2058 1830 Quod
2085 1778 2214 1817 vero
2242 1776 2350 1816 non
2381 1769 2467 1814 est
2497 1775 2526 1814 a
2559 1758 2672 1813 Deo
2692 1801 2708 1826 ,
2763 1769 3046 1828 peccatum
3097 1758 3342 1823 scilicet,
3373 1756 3468 1811 sed

1903 1855 2050 1908 illius
2068 1855 2158 1923 qui
2178 1851 2460 1906 commisit
2481 1891 2497 1915 ,
2523 1853 2744 1920 propria
2768 1849 3048 1904 voluntate
3069 1847 3322 1904 elfectum
3346 1855 3465 1913 est;

1901 1947 2102 2017 quippe
2135 1944 2278 2016 quod
2307 1945 2444 1999 nihil
2472 1951 2556 1998 est
2583 1958 2775 1996 eorum
2815 1957 2934 2011 qua:
2966 1950 3138 2004 sunt,
3173 1941 3268 1996 sed
3295 1941 3470 1995 inhae-

1903 2048 2014 2104 ret;
2049 2037 2356 2099 exolescet,
2390 2050 2497 2088 nou
2537 2035 2727 2088 valens
2753 2034 2805 2088 in
2838 2048 3030 2087 eorum
3058 2048 3179 2100 qua:
3210 2042 3339 2087 sunt
3367 2047 3462 2086 or-

1901 2129 2028 2182 dine
2060 2128 2379 2182 consistere.
2408 2125 2500 2181 Sic
2521 2126 2690 2196 igitur
2711 2165 2727 2188 ,
2773 2124 3028 2194 quamvis
3063 2139 3236 2194 neque
3263 2121 3471 2192 Grego-

1903 2220 2018 2274 rius
2082 2217 2391 2289 Nyssenus,
2453 2235 2627 2288 neqtte
2682 2215 2951 2271 Maximus
3007 2214 3170 2270 Pater
3233 2215 3468 2281 diceret;

1903 2319 2139 2364 attamen
2175 2325 2404 2378 magnus
2424 2309 2722 2376 Apostolus
2751 2307 3169 2377 pronuntiavit,
3203 2307 3346 2375 quod
3379 2321 3474 2377 per

1905 2404 2081 2472 ignem
2127 2403 2218 2458 fiat
2249 2404 2481 2456 vindicta
2523 2402 2815 2471 peccati".
2850 2415 2971 2470 quae
2994 2400 3355 2455 restitutionis
3389 2408 3476 2455 est

1899 2511 2161 2567 expressa
2221 2496 2588 2565 significatio,
2643 2495 2786 2549 sicut
2829 2509 2860 2548 a
2910 2492 3076 2547 Patre
3130 2492 3336 2548 dictum
3389 2498 3475 2546 est

1905 2598 2045 2656 (non
2103 2587 2471 2658 Origeniana,
2528 2586 2672 2640 absit
2711 2603 2726 2640 :
2764 2585 2912 2639 nulla
2961 2584 3106 2638 enim
3155 2583 3474 2638 communio

1903 2680 2162 2736 lucicum
2193 2678 2470 2742 tenebris,
2535 2691 2714 2744 neque
2762 2675 2968 2729 sanctis
3004 2673 3298 2728 consensio
3348 2688 3472 2726 cum

1906 2769 2388 2839 haeresiarchis"),
2429 2779 2482 2823 et
2530 2772 2796 2823 adversus
2843 2782 2940 2822 eos
2999 2766 3094 2836 qui
3147 2764 3477 2818 divinissimi

1905 2863 2156 2935 Gregorii
2195 2877 2351 2918 sacra
2375 2862 2628 2930 dogmata
2663 2859 2768 2915 sibi
2816 2858 3098 2914 vindicant
3129 2873 3224 2927 per
3249 2871 3475 2928 pravam

1906 2968 2061 3008 suam
2112 2950 2526 3021 intelligentiam
2580 2964 2842 3016 germana
2908 2947 3326 3018 interpretatio,
3365 2961 3474 3016 qua

1906 3047 1999 3102 ille
2030 3045 2238 3099 furtum
2267 3057 2457 3098 eorum
2489 3042 2778 3112 coarguit,
2813 3041 2932 3098 sed,
2951 3057 3060 3094 non
3103 3039 3304 3095 evertit
3348 3055 3472 3110 qua;

235 3127 498 3223 φαίνοιτο.
533 3129 596 3182 Εἰ
625 3130 681 3184 δέ
729 3149 782 3186 τι
831 3132 1128 3204 βαθύτερον
1158 3133 1468 3206 ἐξευρεθείη
1514 3134 1593 3204 τῷ
1639 3136 1803 3203 ἀγιω-

1907 3138 2072 3194 modo
2098 3138 2238 3193 dicta
2280 3143 2442 3201 sunt,
2495 3144 2553 3189 ut
2599 3134 2760 3188 nobis
2807 3134 3040 3190 videtur.
3085 3131 3240 3200 Quod
3280 3131 3324 3188 si
3354 3146 3480 3202 pro-

231 3219 382 3290 τάτῳ
422 3223 811 3296 μητροπολίτῃ,
867 3225 1211 3296 ἀκουσόμεθα
1276 3226 1459 3282 πάλιν.
1502 3229 1654 3281 ’Emt
1711 3229 1805 3282 καὶ

233 3311 266 3362 ὁ
323 3311 612 3381 ἱερώτατος
665 3315 822 3385 ἡμῶν
882 3318 1227 3390 πατριάρχης
1278 3320 1531 3391 ἀκηκοως
1587 3322 1653 3374 τά
1720 3319 1806 3373 λε-

234 3406 434 3476 χθέντα
455 3409 531 3478 τῷ
552 3409 691 3480 ἁγίῳ
704 3409 1122 3481 Ιιίαξίμῳωύδέν
1141 3411 1245 3464 ἀπε
1254 3417 1483 3482 μφαῖνον
1503 3413 1804 3484 τηνικαῦτα

232 3498 459 3568 ἔφησεν.

517 3613 662 3666 ΡΞΑ¹
695 3615 829 3684 (53).
851 3646 919 3658 —
940 3616 1164 3688 Νικήτᾳ
1192 3621 1520 3687 Σπαθαρίφ.

1912 3231 2133 3285 fundius
2186 3228 2392 3298 aliquid
2453 3227 2825 3298 excogitatum
2869 3226 3036 3280 fuerit
3073 3241 3103 3279 a
3132 3225 3479 3280 sanctissimo

1912 3319 2254 3388 metrOpolita
2276 3359 2291 3383 ,
2321 3318 2516 3372 iterum
2537 3317 2844 3372 audiemus.
2865 3315 2997 3371 Nam
3021 3324 3074 3370 et
3095 3315 3480 3372 sanctissimus

1911 3411 2221 3481 patriarcha
2248 3417 2432 3463 noster
2468 3409 2535 3461 iis
2565 3409 2769 3464 auditis
2797 3423 2919 3478 quae
2949 3423 2976 3462 a
3014 3417 3208 3462 sancto
3241 3405 3479 3460 Maximo

1910 3514 2036 3560 sunt
2062 3505 2239 3567 dicta,
2279 3502 2414 3557 nihil
2453 3503 2858 3556 dissentaneum
2890 3509 3018 3554 tunc
3047 3500 3202 3555 dixit.

2258 3614 2442 3672 CLXL
2492 3613 2694 3670 Nicena
2731 3612 3128 3687 Spathario("‘).

236 3726 316 3780 De
342 3727 648 3778 sanctissima
667 3729 847 3802 Christi
870 3729 1088 3801 imagine
1110 3745 1123 3802 ξ
1148 3736 1200 3802 ει
1221 3733 1352 3802 quod
1378 3731 1642 3802 idololatra
1654 3731 1720 3782 sit
1737 3732 1823 3802 qui
1845 3730 2104 3802 imaginem
2129 3728 2479 3802 Christinlatria
2500 3725 3021 3802 colitJlelativahenim
3050 3727 3158 3774 eius
3177 3720 3414 3783 adoratio,
3427 3724 3482 3772 et

765 3791 851 3854 qui
877 3791 928 3842 in
967 3791 1025 3842 éa
1047 3791 1258 3842 relative
1283 3795 1511 3842 adorator
1534 3791 1765 3844 Christus
1789 3793 1930 3843 Iatria
1946 3791 2148 3842 'colitur
2167 3805 2278 3840 cum
2303 3791 2451 3838 Patre
2477 3797 2528 3838 et
2549 3797 2716 3838 sancto
2749 3791 2955 3850 Spiritu.

325 3872 592 3947 Ἐδηλώθη
637 3893 726 3946 μοι
764 3876 868 3929 ὑπὸ
906 3875 996 3930 τοῦ
1027 3877 1191 3930 καλοῦ
1224 3895 1316 3930 σου
1339 3877 1590 3948 ἀδελφοῦ,
1618 3879 1699 3931 ὅτι
1725 3895 1806 3941 τις

1978 3876 2186 3932 Certior
2209 3874 2382 3928 factus
2407 3891 2525 3926 sum
2558 3874 2626 3926 ah
2644 3877 2854 3942 egregio
2872 3871 3040 3925 fratre
3063 3880 3174 3931 tuo,
3193 3870 3482 3938 quemdam

234 3964 350 4017 τῶν
375 3966 655 4038 ἡμετέρων
687 3969 956 4040 ἱεραρχῶν
991 3969 1262 4024 ἐνδιέὸαλέ
1288 3987 1354 4040 με
1386 3972 1476 4024 ἐπὶ
1503 3971 1596 4023 τοῦ
1624 3971 1803 4040 τιμίου

1907 3984 1974 4023 ex
1996 3966 2265 4036 episcopis
2285 3968 2484 4019 nostris
2510 3967 2842 4017 obtrectasse
2863 3962 2994 4016 mihi
3020 3977 3200 4016 coram
3220 3960 3484 4014 charitate

239 4058 535 4128 προσώπου
575 4061 674 4131 τῆς
719 4063 941 4132 ἀγάπης
992 4078 1105 4128 σου,
1140 4061 1215 4125 ὡς
1265 4062 1678 4132 θεοποιούμενον
1708 4063 1803 4132 τὴν

1911 4067 2110 4123 vestra,
2131 4058 2290 4126 quasi
2325 4072 2419 4126 pro
2441 4057 2547 4109 Deo
2577 4056 2804 4110 habeam
2840 4055 3128 4125 imaginem
3144 4051 3346 4106 Christi
3367 4069 3382 4116 ;
3403 4060 3484 4104 at-

237 4149 478 4222 Χριστοῦ
509 4152 692 4204 εἰκόνα
713 4169 728 4182 ο
777 4153 870 4206 καὶ
921 4151 1079 4206 τοῦτο
1117 4155 1329 4207 κεῖσθαι
1355 4157 1410 4206 ἐν
1440 4157 1506 4223 τῇ
1550 4155 1685 4225 πρὸς
1715 4153 1803 4207 τὸν

1911 4167 2014 4222 que
2031 4152 2134 4204 hoc
2157 4159 2370 4203 exstare
2400 4148 2451 4200 in
2472 4148 2698 4216 epistola
2718 4164 2878 4216 quam
2903 4147 2967 4199 ad
2989 4144 3347 4198 Athanasium
3371 4142 3484 4196 fra-

240 4242 469 4311 ἀδελφὸν
511 4243 826 4298 Ἀθανάσιον
863 4247 1117 4318 ἐπιστολῇ
1170 4263 1292 4316 μου.
1351 4242 1532 4322 Ἐφ’ᾖ
1585 4247 1803 4319 διαϐολῇ

1913 4256 2049 4301 trem
2074 4242 2285 4310 scripsi.
2311 4241 2483 4307 Quam
2511 4241 2582 4295 ob
2607 4241 2936 4294 calumniam
2964 4239 3184 4292 humilis
3219 4237 3482 4307 ingemui,

239 4331 502 4396 ἐστέναξα
546 4335 573 4385 ό
601 4333 872 4398 ταπεινὸς,
902 4335 1249 4405 ἐννοούμενος
1276 4336 1387 4400 πῶς
1417 4337 1467 4389 οἱ
1506 4339 1803 4406 κατηγγελ-

1909 4336 2095 4388 animo
2121 4343 2374 4402 reputans
2392 4347 2501 4403 quo
2529 4344 2685 4401 pacto
2715 4332 2750 4384 ii
2768 4331 2967 4402 quibus
2989 4329 3362 4384 denuntiatum
3378 4338 3482 4392 est,

243 4426 397 4498 μένοι
443 4427 539 4480 καὶ
591 4428 722 4496 περὶ
765 4428 949 4498 ἀργοῦ
966 4429 1234 4499 ῥήματος
1260 4429 1477 4484 δώσειν
1504 4431 1690 4500 λόγον
1739 4431 1803 4484 ἐν

1913 4431 2074 4482 etiam
2095 4430 2158 4480 de
2184 4432 2332 4481 verba
2359 4428 2524 4480 otioso
2547 4426 2844 4480 reddituros
2876 4425 3134 4477 rationem
3154 4423 3206 4474 in
3225 4423 3312 4474 die
3333 4421 3483 4490 judi-

240 4517 432 4588 ἡμέρᾳ
474 4521 747 4588 κρίσεως,
793 4521 1024 4574 ἐπὶτῶν
1069 4521 1212 4575 οὕτω
1244 4523 1550 4592 μεγίστων·
1599 4523 1655 4576 τί
1702 4524 1803 4592 γάρ

1915 4521 1983 4574 cii
2012 4519 2079 4586 ³³,
2114 4519 2366 4574 maximis
2397 4519 2450 4571 in
2485 4518 2668 4582 rebus,
2686 4516 2814 4587 quid
2843 4513 3483 4582 eniinfidemajus?adeo

245 4613 430 4682 μεῖξον
455 4613 727 4677 πίστεως;
768 4614 954 4677 ἁπλῶς
984 4615 1074 4667 καὶ
1110 4615 1433 4686 ἀφυλάκτως
1460 4615 1803 4685 φθέγγονται,

1916 4626 2116 4672 temere
2164 4626 2218 4671 et
2253 4615 2464 4670 incaute
2513 4615 2802 4683 loquantur
2829 4652 2844 4675 ,
2874 4610 3270 4665 criminationis
3305 4607 3485 4678 jaculo

241 4706 578 4775 κατηγορίας
632 4707 774 4776 βέλει
829 4705 1221 4778 τιτρώσκοντες
1271 4709 1398 4770 τοὺς
1452 4708 1803 4772 ἀνευθύνουςε

1917 4709 2292 4766 confodientes
2331 4708 2579 4762 innoxios
2622 4725 2635 4760 :
2694 4721 2757 4761 ac
2809 4721 2914 4759 non
2967 4705 3186 4774 potius,
3261 4703 3305 4757 si
3353 4701 3484 4771 quid

245 4801 344 4851 καὶ
372 4799 490 4869 οὐχὶ
519 4800 742 4868 μᾶλλον,
775 4801 930 4871 εἴπερ
973 4799 1067 4854 καί
1096 4819 1148 4854 τι
1175 4796 1246 4872 ἦν
1274 4800 1628 4872 ἐσφαλμένον,
1682 4803 1816 4870 ἀγα-

243 4887 491 4956 πητικιῦς
517 4889 845 4958 ὑπομνῆσαι,
875 4889 1016 4943 κατά
1039 4890 1101 4944 τὸ
1129 4891 1531 4962 γεγραμμένονο
1551 4890 1813 4962 Ἐλεγμῷ

242 4977 510 5051 ἐλέγξειεν
540 4980 646 5035 τὸν
689 4983 955 5049 πλησίον
985 4998 1123 5049 σου,
1167 4984 1264 5038 καὶ
1295 4986 1366 5038 οὺ
1397 4984 1570 5054 λήψῃ
1596 4984 1668 5038 δι’
1701 4986 1808 5038 αὐ-

240 5071 353 5126 τὸν
389 5075 698 5143 ἁμαρτίαν.
729 5076 800 5127 Τὸ
825 5075 870 5128 δ’
889 5074 1063 5138 οὕτως
1110 5075 1500 5139 ἐνδιαϐάλλειν,
1533 5077 1594 5130 οὐ
1651 5075 1811 5146 μόνον

243 5167 363 5220 ἐστὶ
386 5165 486 5235 τῆς
509 5167 730 5237 ἐντολῆς
769 5168 1141 5237 ἀναιρετικόνο
1175 5169 1312 5224 ἀλλά
1333 5170 1442 5239 γὰρ
1470 5170 1557 5222 καὶ
1588 5168 1663 5239 τῷ
1695 5167 1811 5220 ὀνό-

247 5275 380 5329 ματι
411 5259 509 5327 τῆς
557 5259 808 5329 διαϐολῆς
835 5261 995 5325 αὐτὸς
1051 5261 1240 5313 ἐαυτὸν
1267 5260 1416 5326 ἀξιον
1455 5259 1812 5330 ὀνομάζεσθαι

243 5350 570 5418 ἀποφαίνει·
621 5345 682 5406 οὗ
715 5353 767 5405 τί
811 5355 993 5423 χεῖρον
1035 5347 1144 5405 εἷεν
1191 5354 1246 5404 ἐν
1293 5349 1632 5422 ἀνθρώποις;
1671 5351 1813 5405 Ἀλλ’

245 5439 342 5494 ἐπὶ
395 5441 492 5510 τὴν
543 5441 800 5516 ἐγκλησιν
832 5444 1060 5512 ὀλόγος.
1111 5443 1474 5508 Θεοποιεῖται,
1507 5445 1662 5514 φησὶ,
1714 5442 1810 5512 τὴν

1915 4812 2157 4858 erratum
2187 4801 2347 4866 foret,
2389 4810 2638 4854 amanter
2665 4801 3011 4864 admoneant,
3051 4797 3202 4867 juxta
3250 4796 3299 4849 id
3335 4793 3482 4865 quod

1914 4895 2176 4962 scriptum
2209 4901 2331 4948 est:
2348 4891 2565 4946 Publice
2587 4908 2774 4962 argues
2795 4891 3094 4961 proximum
3113 4898 3280 4952 tuum,
3301 4899 3349 4941 et
3381 4904 3484 4941 non

1913 4986 2128 5040 habebis
2181 5000 2337 5054 super
2381 4983 2476 5037 illo
2514 4993 2782 5053 peccatum
2826 4981 2891 5036 ³⁸.
2928 4981 3028 5050 Qui
3067 4980 3145 5036 sic
3181 4979 3484 5034 calumnia-

1909 5089 2019 5143 tur,
2057 5093 2163 5132 non
2214 5077 2375 5130 modo
2409 5085 2736 5146 praeceptum
2771 5074 2912 5129 tollit
2967 5073 3033 5128 de
3076 5072 3274 5138 medio,
3310 5071 3403 5126 sed
3430 5080 3487 5124 et

1912 5171 2032 5243 ipse
2065 5172 2292 5240 dignum
2317 5184 2376 5224 se
2425 5168 2662 5224 ostendit
2694 5168 2786 5238 qui
2817 5167 3226 5222 calumniatoris
3268 5165 3486 5219 nomine

1920 5263 2222 5336 appelletur
2249 5278 2262 5314 :
2295 5274 2404 5330 quo
2430 5259 2559 5329 quid
2585 5259 2738 5330 pejus
2771 5259 2910 5312 inter
2935 5257 3180 5311 homines
3210 5270 3328 5308 esse
3352 5268 3483 5322 pos-

1915 5354 1986 5409 sit
2020 5355 2043 5407 ?
2081 5352 2278 5406 Verum
2310 5351 2373 5405 ad
2407 5351 2809 5405 accusationem
2848 5348 3029 5401 veniat
3057 5345 3252 5400 oratio.
3289 5342 3479 5404 Deum,

1917 5443 2114 5516 inquit,
2136 5443 2266 5499 facit
2281 5443 2483 5498 Christi
2502 5442 2808 5512 imaginem.
2829 5438 3204 5511 Nequaquam,
3221 5451 3253 5490 ο
3272 5432 3484 5490 charis-

310 5581 355 5615 ³¹
389 5579 435 5634 ll
459 5579 650 5638 Thess.
692 5599 729 5647 ι,
761 5585 782 5636 1
816 5599 968 5655 seqq.
1065 5585 1109 5618 ³³
1139 5583 1305 5643 lCor.
1337 5601 1413 5654 vi,
1447 5583 1532 5641 id.
1609 5585 1653 5618 ³³
1681 5584 1866 5640 Matth.
1894 5599 1990 5651 xu,
2019 5583 2109 5638 36.
2185 5582 2232 5615 “
2260 5579 2432 5638 Levlt.
2461 5595 2570 5646 nx,
2601 5581 2688 5652 17.

993 5700 995 5702 ’
1750 5703 1977 5760 ΝΟΤΔΕ.

318 5796 430 5870 (65)
459 5797 512 5854 ln
553 5797 670 5855 cod.
707 5798 816 5871 Reg
864 5805 969 5870 ρμν.

2031 5797 2101 5868 (⁸)
2140 5795 2465 5868 Dogmatica.
