4060 6374
622 309 761 389 ὶ503

1805 305 1868 367 S.
1907 297 2302 372 THEODORI
2329 297 2676 369 STUDITE

3718 293 3859 360 15οι

618 420 780 493 sime,
808 417 912 478 hoc
944 415 1001 474 in
1050 414 1287 490 epistoia
1321 428 1470 482 mea,
1495 414 1594 473 sed
1649 413 1796 488 quod
1854 413 2016 471 latria
2080 411 2186 469 coli

2286 408 2524 481 Χριστοῦ
2557 409 2762 464 εἰκόνα.
2792 404 3030 462 Οὑτίπου
3059 403 3239 472 τοῦτο,
3270 395 3317 463 ὧ
3341 403 3666 476 τριπόθητε,
3691 404 3750 457 ἐν
3785 409 3857 477 τῇ

618 529 728 572 non
766 511 926 568 debet
963 511 1142 582 imago
1192 507 1417 569 Christi.
1447 507 1855 566 idololatrarum
1900 506 2050 569 enim
2093 505 2185 572 hic

617 613 702 666 est
735 617 951 669 sensus,
972 602 1242 672 siquidem
1280 600 1333 662 id
1363 599 1464 656 soli
1501 606 1708 657 sanctae
1750 597 2003 655 Trinitati
2031 597 2184 656 dete-

616 695 868 757 rendum.
891 695 956 750 Et
987 695 1134 766 quod
1160 695 1216 748 in
1253 702 1441 750 sancta
1472 693 1708 764 imagine
1743 690 2003 750 adoratus
2025 691 2188 748 Chri~

621 796 765 859 stus,“
813 783 969 839 latria
1015 785 1222 848 colatur
1275 798 1400 839 cum
1447 783 1606 838 Patre
1635 789 1690 838 et
1737 781 1944 854 Spiritu
1969 781 2186 854 ;_imago

619 888 798 944 autem
841 875 1055 938 Christi
1109 875 1384 932 adoranda
1431 875 1500 931 sit
1544 874 1860 932 adoratione
1912 875 2186 940 relativa;

617 980 666 1022 et
709 967 853 1037 quod
886 967 1024 1021 hanc
1054 967 1376 1030 adorantes,
1421 965 1698 1022 Christum
1733 967 2045 1033 adoremus,
2077 982 2185 1022 non

615 1059 927 1121 distinctum
961 1061 1262 1123 secundum
1314 1061 1673 1131 hypostasim,
1731 1059 1825 1115 sed
1869 1057 2188 1131 discrepans.

614 1161 724 1207 tem
769 1152 1068 1206 secundum
1126 1152 1390 1208 rationem
1421 1152 1696 1217 essentite,
1726 1152 1871 1220 quod
1893 1159 1950 1207 et
1997 1166 2184 1206 verum

614 1251 718 1296 est.
755 1239 1123 1314 Archetypum
1162 1243 1312 1297 enim
1358 1243 1537 1298 elucet
1573 1243 1627 1298 in
1673 1243 1928 1314 imagine,
1966 1250 2021 1306 et
2047 1243 2186 1300 alte-

613 1347 735 1386 rum
768 1333 821 1386 in
852 1332 1047 1397 altero,
1087 1334 1385 1388 secundum
1414 1335 1667 1390 essentia:
1720 1332 2100 1401 differentiam,
2125 1342 2189 1395 ut

617 1423 694 1477 ait
729 1422 1170 1506 sapientissimus
1198 1423 1509 1496 Dionysius.

685 1599 808 1668 Quo
840 1599 1008 1671 igitur
1033 1610 1213 1672 pacto,
1236 1616 1362 1658 cum
1381 1603 1605 1673 epistola
1639 1603 1720 1658 sic
1742 1603 1960 1669 haheat,
1983 1605 2187 1661 calum-

613 1689 794 1746 niatur
831 1691 1195 1758 adversarius;
1251 1701 1305 1746 et
1329 1692 1568 1762 seipsum
1623 1691 1830 1747 sanctis
1872 1693 2181 1763 oppositum

613 1783 902 1841 ostendit?
929 1782 1032 1838 Sed
1063 1783 1189 1852 quid
1211 1799 1334 1839 eum
1367 1784 1506 1840 velle
1529 1799 1814 1842 censemus
1836 1785 1860 1839 ἰ
1879 1800 1949 1840 an
1976 1794 2036 1840 ut
2062 1800 2180 1852 nos,

615 1889 739 1930 cum
758 1873 1049 1944 imaginem
1070 1873 1271 1929 Christi
1301 1875 1624 1944 adoramus,
1649 1874 1808 1930 aliam
1849 1876 2183 1946 hypostasim

615 1965 848 2021 adorare
894 1967 1306 2022 conllteamur?
1347 1967 1394 2024 Ο.
1420 1966 1848 2023 absurditatem!
1887 1967 1988 2024 hoc
2039 1967 2184 2022 enim

615 2064 702 2112 est
735 2071 799 2112 ea
854 2072 974 2126 quae
1025 2064 1154 2112 sunt
1212 2058 1468 2123 indivisa,
1505 2060 1768 2115 dividere.
1813 2061 1883 2114 At
1931 2059 2036 2116 hoc
2067 2059 2193 2126 ﬁeri

614 2162 724 2202 non
781 2155 957 2218 potest
1002 2166 1016 2204 :
1061 2164 1238 2220 neque
1299 2149 1585 2220 imperium
1641 2151 1844 2222 quippe
1895 2152 2184 2218 scinditur,

617 2254 794 2316 neque
819 2240 992 2312 gloria
1031 2241 1294 2297 dividitur
1315 2281 1331 2308 ,
1358 2253 1419 2297 ut
1453 2258 1669 2297 rursum
1705 2242 1783 2300 ait
1821 2259 2052 2315 magnus
2084 2243 2189 2300 Bas

615 2331 792 2386 silius.
829 2330 1010 2400 Quare
1041 2333 1265 2390 adorata
1320 2333 1575 2404 imagine,
1613 2333 1874 2390 adoratur
1909 2333 2188 2404 Christus,

615 2422 772 2490 cujus
810 2431 894 2477 est
937 2430 992 2481 et
1019 2423 1317 2479 similitudo
1359 2439 1378 2491 ε,
1409 2439 1514 2478 non
1568 2433 1749 2481 autem
1789 2425 2012 2481 materia
2065 2440 2188 2496 qua:

617 2512 1031 2570 similitudinem
1074 2515 1278 2584 recepit
1308 2531 1322 2568 :
1354 2514 1808 2584 quemadmodum
1843 2525 1898 2571 et
1927 2515 1979 2570 in
2013 2514 2188 2588 eﬂigie

617 2604 797 2660 crucis
859 2604 1184 2659 ostenditur.
1234 2603 1337 2672 Qui
1390 2605 1535 2661 enim
1575 2606 1857 2664 materiam
1913 2617 2069 2678 putat
2129 2622 2190 2663 se

617 2694 870 2761 adorare,
901 2711 1036 2766 puer
1055 2706 1160 2762 est,
1203 2704 1258 2751 et
1297 2696 1523 2755 rationis
1562 2710 1776 2765 expers.
1809 2695 1995 2769 Neque
2025 2698 2191 2768 igitur

619 2787 869 2852 materia,
897 2787 950 2840 iu
985 2803 1090 2858 qua
1147 2796 1231 2844 est
1276 2789 1476 2861 imago,
1515 2788 1774 2846 adoratur
1805 2807 1820 2854 ;
1855 2806 2034 2862 neque
2058 2792 2186 2859 alia,

619 2887 815 2948 praeter
849 2895 969 2935 eam
1005 2879 1164 2952 cujus
1204 2880 1382 2952 imago
1418 2896 1677 2953 expressa
1707 2891 1810 2952 est,
1857 2869 2187 2956 hypostasis.

619 2971 725 3028 Par
751 2971 896 3027 enim
948 2972 1002 3028 in
1047 2973 1290 3044 utrisque
1339 2981 1424 3030 est
1473 2976 1676 3032 erroris
1729 2975 2003 3046 impietas.
2057 2977 2194 3036 Pro-

619 3073 804 3133 pterea
857 3064 1040 3135 itaque
1084 3074 1139 3122 et
1193 3067 1395 3138 eﬁigies
1419 3067 1621 3136 crucis,
1657 3083 1788 3124 crux
1835 3070 2187 3140 appellatur;

619 3159 677 3207 et
709 3150 888 3222 imago
930 3150 1158 3222 Christi,
1220 3153 1470 3212 Christus
1524 3155 1741 3222 dicitur,
1783 3171 1893 3211 non
1949 3159 2189 3228 proprie,

621 3243 718 3300 sed
759 3259 856 3315 per
881 3247 1264 3301 catachresim.
1299 3245 1357 3302 Si
1401 3262 1532 3317 ergo
1571 3247 1731 3312 nobis
1774 3248 1879 3303 hoc
1905 3263 2194 3319 persuase-

621 3337 714 3402 rit,
749 3337 929 3392 crucis
963 3336 1186 3407 efﬁgiem
1224 3354 1438 3395 erucem
1485 3355 1598 3408 non
1643 3340 1924 3411 appellari,
1965 3357 2193 3413 persua-

620 3426 768 3488 debit
800 3430 962 3484 etiam
1000 3430 1159 3485 nobis
1208 3430 1496 3501 imaginem
1551 3433 1756 3496 Christi
1777 3433 2051 3492 Christum
2083 3453 2204 3502 non,

623 3519 903 3588 appellari.
937 3520 1004 3574 Et
1035 3535 1243 3580 rursus.
1279 3523 1323 3577 si
1350 3523 1402 3577 in
1433 3523 1631 3593 primo,
1673 3541 1782 3593 non
1812 3527 2044 3587 adorant
2065 3543 2192 3584 cru-

620 3623 765 3672 cem.
791 3611 884 3686 qui
901 3611 1130 3666 adorant
1156 3611 1382 3683 eﬂigiem
1407 3631 1422 3681 ;
1443 3630 1566 3680 nec,
1601 3620 1654 3670 in
1678 3618 1939 3684 secundo,
1965 3620 2192 3676 adorare

621 3697 924 3768 Christum,
973 3702 1062 3771 qui
1117 3702 1321 3759 Christi
1369 3705 1600 3760 adorant
1654 3708 1966 3779 imaginem.
2025 3707 2192 3782 Atqui

618 3791 857 3862 primum
891 3807 1077 3848 verum
1113 3804 1214 3861 est,
1259 3797 1402 3865 quod
1447 3798 1664 3867 propria
1698 3801 1879 3854 crucis
1907 3800 2110 3872 effigies
2139 3811 2194 3858 et

620 3895 968 3955 nuncupatur
1006 3901 1136 3941 crux
1170 3925 1186 3952 ,
1234 3896 1288 3942 et
1322 3889 1602 3948 adoratur.
1654 3889 1854 3946 Verum
1901 3893 2068 3965 igitur
2137 3904 2193 3951 et

619 3977 923 4037 secundum
949 4019 966 4045 ,
997 3993 1108 4056 quo
1151 3989 1206 4034 et
1237 3979 1490 4037 Christus
1539 3981 1760 4048 dicitur,
1821 3993 1875 4040 et
1903 3985 2186 4054 adoratur,

618 4071 840 4142 propria
875 4071 996 4141 ejus
1039 4071 1257 4143 imago;
1291 4083 1341 4129 et
1387 4073 1668 4132 incassum
1720 4078 1911 4134 inania
1943 4079 2189 4145 blaterat,

619 4163 712 4232 qui
751 4165 870 4218 novi
903 4163 1183 4235 quidpiam
1211 4177 1405 4236 praeter
1462 4169 1580 4226 haec
1607 4172 1776 4226 sentit
1807 4185 1899 4227 aut
1924 4173 2186 4244 loquitur.

619 4253 747 4310 Haec
775 4255 992 4325 scripsi,
1025 4258 1218 4326 partim
1248 4260 1468 4328 quidem
1527 4272 1587 4316 ut
1630 4275 1784 4318 extra
1818 4265 2031 4334 culpam
2067 4280 2189 4322 esse

617 4361 710 4402 me
741 4347 1060 4418 probarem;
1101 4354 1297 4421 partim
1329 4355 1494 4410 etiam
1526 4350 1916 4412 amantissima:
1940 4359 2187 4414 eminen-

2285 501 2540 574 ἐπιστολῇ
2580 517 2703 572 μου·
2731 499 2847 556 ἀλλ’
2871 501 3042 571 ὅτιτῇ
3077 497 3316 568 Χριστοῦ
3337 497 3507 551 εἰκόνι
3535 497 3600 551 οὑ
3627 497 3860 567 λατρεύ-

2284 595 2406 664 τέον
2424 609 2442 628 °
2487 592 2894 664 εἰδωλολατρίας
2922 592 3029 661 γὰρ
3062 591 3319 663 φρόνημα
3345 589 3502 644 τοῦτο
3524 605 3541 621 ο
3589 587 3731 660 μόνῃ
3752 587 3860 658 γάρ

2283 689 2352 760 τῇ
2406 686 2538 758 ἁγίᾳ
2567 685 2758 759 Τριάδι
2806 685 2964 739 τοῦτο
3009 683 3319 744 ἀναθετέον.
3371 681 3482 736 Καὶ
3528 680 3613 733 ὃτι
3647 681 3680 732 ό
3708 681 3766 732 ἐν
3792 681 3861 749 τῇ

2285 781 2419 852 ἀγίᾳ
2448 779 2616 833 εἰκόνι
2637 777 2777 851 [cod.
2811 775 2943 850 Reg.
2978 773 3181 848 οἰκείᾳ]
3213 771 3692 846 προσκυνούμενος
3728 771 3864 839 Χρυ-

2287 873 2432 937 στὸς,
2462 870 2780 943 λατρεύεται
2837 869 2933 924 σὺν
2966 870 3142 940 Πατρι
3171 868 3268 922 καὶ
3295 867 3575 937 Πνεύματι
3608 881 3625 897 ·
3669 863 3773 933 τὴν
3803 863 3863 917 δέ

2285 963 2523 1038 Χριστοῦ
2560 963 2744 1019 εἰκόνα
2774 962 3177 1034 προσκυνητέον
3209 961 3432 1031 σχετικῇ
3461 957 3862 1030 προσκυνήσει,

2288 1059 2384 1114 καὶ
2411 1059 2494 1112 ὅτι
2537 1056 2742 1127 ταύτην
2784 1052 3238 1124 προσκυνοῦντες,
3274 1051 3366 1105 τὸν
3396 1049 3637 1122 Χριστὸν
3691 1064 3864 1119 προσο

2285 1145 2584 1218 κυνοῦμεν,
2627 1144 2690 1200 οὐ
2746 1143 3123 1216 διαιρούμενον
3189 1140 3333 1196 κατὰ
3387 1139 3490 1210 τὴν
3535 1137 3863 1201 ὑπόστασιν,

2283 1238 2421 1295 ἀλλὰ
2464 1235 2888 1308 διαφορούμενον
2941 1232 3085 1288 κατά
3145 1231 3238 1293 τὸν
3282 1230 3383 1299 τῆς
3435 1229 3627 1292 οὑσίας
3682 1227 3863 1295 λόγον·

2284 1333 2421 1404 ὅπερ
2471 1329 2568 1386 καὶ
2603 1327 2820 1400 ἀληθές.
2873 1327 2948 1380 Τὸ
3003 1325 3112 1398 γὰρ
3169 1322 3476 1396 ἀρχέτυπον
3531 1322 3594 1374 ἐν
3658 1321 3730 1390 τῇ
3785 1319 3866 1371 εί-

2287 1423 2403 1482 κόνι
2441 1420 2760 1492 ἐκφαίνεται
2793 1435 2808 1450 ·
2839 1421 2938 1473 καὶ
2962 1416 3224 1489 ἐκάτερον
3247 1417 3306 1468 ἐν
3327 1413 3599 1483 ἐκατέρῳ,
3629 1411 3780 1466 κατά
3806 1411 3868 1465 τὸ

2283 1519 2385 1590 τῆς
2413 1515 2603 1578 οὐσίας
2628 1513 2904 1584 διάφορον,
2935 1509 3012 1575 ὣς
3023 1526 3189 1583 φησιν
3213 1511 3242 1563 ό
3261 1508 3538 1576 πάνσοφος
3559 1505 3866 1564 Διονύσιος.

2355 1607 2480 1670 Πῶς
2503 1604 2619 1668 οὖν,
2642 1601 2814 1666 οὑτως
2850 1601 3085 1671 ἐχούσης
3113 1598 3212 1670 τῆς
3237 1595 3551 1665 ἐπιπολῆς,
3578 1592 3866 1648 ἐνδιαὸἀλ-

2284 1701 2370 1754 λει
2399 1700 2430 1754 ό
2453 1697 2522 1752 δι’
2545 1695 2812 1758 ἐναντίας,
2830 1692 2926 1747 καὶ
2953 1689 3330 1745 ἀποδείκνυσιν
3361 1687 3557 1743 ἐαυτὸν
3585 1685 3867 1741 ἀντίθετον

2212 1765 2256 1828 Β
2287 1795 2400 1857 τοῖς
2433 1789 2644 1860 ἀγεοις;
2678 1785 2838 1847 Ἀλλὰ
2864 1785 2917 1840 τί
2946 1783 3219 1856 βούλοιτο;
3249 1780 3694 1854 προσκυνοῦντας
3721 1780 3868 1850 ἡμᾶς

2284 1879 2382 1952 τὴν
2403 1878 2498 1933 τοῦ
2526 1874 2767 1949 Χριστοῦ
2796 1874 3000 1940 εἰκόνα,
3031 1872 3314 1944 ὁμολογεῖν
3337 1872 3669 1942 προσκυνεῖν
3701 1871 3868 1938 ἄλλην

2287 1972 2616 2034 ὑπόστασιν;
2659 1966 2764 2021 Φεῦ
2801 1966 2902 2036 τῆς
2933 1965 3196 2028 ἀτοπίαςί
3251 1962 3410 2017 τοῦτο
3455 1961 3568 2033 γὰρ
3617 1961 3868 2032 μερίζειν

2286 2064 2404 2117 ἐστὶ
2428 2061 2496 2116 τά
2527 2061 2821 2132 ἀμέριστα,
2851 2056 2966 2112 ἀλλ’
2989 2056 3090 2110 οὑκ
3135 2055 3430 2125 ἐνδέχεται.
3483 2052 3627 2107 Οὔτε
3660 2053 3780 2124 γὰρ
3811 2051 3868 2106 τδ

2285 2155 2485 2228 κράτος
2519 2153 2778 2224 σχίζεται,
2827 2149 2952 2204 ούτε
2985 2151 3020 2222 η
3072 2149 3197 2216 δόξα
3253 2147 3559 2221 μερίζεται,
3592 2145 3676 2210 ὡς
3711 2143 3868 2213 αὖθις

2289 2265 2454 2322 φησιν
2483 2248 2512 2300 ὁ
2551 2246 2724 2323 μέγας
2753 2243 3054 2312 Βασίλειος.
3107 2243 3200 2296 Διὺ
3251 2245 3346 2298 καὶ
3374 2244 3868 2314 προσκυνουμένης

2286 2341 2384 2410 τῆς
2421 2339 2652 2405 εἰκόνος,
2704 2339 2734 2391 ό
2785 2337 3022 2406 Χριστὸς
3053 2337 3461 2407 προσκυνεῖται,
3499 2327 3563 2388 οὗ
3611 2336 3740 2388 ἐστι
3780 2335 3870 2386 καὶ

2286 2433 2560 2505 ὁμοιότης·
2587 2429 2683 2486 καὶ
2703 2429 2824 2499 οὐχὶ
2845 2431 2878 2498 ή
2904 2426 3278 2498 ὑποδεξαμένη
3303 2425 3402 2497 ῦλη
3430 2423 3528 2496 τὴν
3540 2423 3863 2495 ὁμοιότητα,

2285 2523 2361 2589 ὡς
2391 2525 2486 2578 καὶ
2518 2523 2611 2590 ἐπὶ
2637 2520 2737 2588 τοῦ,
2763 2519 2944 2574 τύπου.
2974 2518 3067 2574 τοῦ
3099 2516 3335 2590 σταυροῦ
3367 2515 3771 2571 διαδείκνυται,
3813 2516 3866 2570 ⁸0

2287 2617 2396 2688 γάρ
2425 2616 2524 2686 τὴν
2581 2614 2716 2684 ὓλην
2764 2612 2938 2668 δοκῶν
2992 2611 3351 2682 προσκυνεῖν,
3373 2609 3589 2681 νήπιος,
3643 2607 3866 2676 ἄλογος.

2289 2705 2425 2762 Οὔτε
2455 2703 2548 2762 οὑν
2579 2707 2614 2778 ἡ
2637 2706 2760 2776 ὕλη,
2799 2704 2883 2776 ἐφ’
2977 2705 3014 2776 η
3054 2700 3239 2766 εἰκὼν,
3279 2703 3705 2774 προσκυνεῖται,
3747 2699 3870 2755 οὕτε

2288 2802 2441 2872 παρὰ
2492 2801 2597 2871 τὴν,
2623 2799 2716 2852 τοῦ
2747 2793 3170 2868 εἰκονιζομένου,
3199 2793 3335 2866 ἀλλη
3385 2791 3715 2856 ὑπόστασις.
3751 2789 3872 2844 Ἐπ’

2289 2889 2616 2961 ἀμφοτέροις
2637 2887 2748 2959 γὰρ
2769 2885 2965 2957 ἐπίσης
2990 2887 3024 2958 η
3054 2883 3382 2957 παρατροπὴ
3409 2882 3471 2938 τὸ
3500 2883 3708 2946 ἀσεσές
3733 2882 3867 2960 ἔχει.

2289 2979 2590 3054 Τοιγαροῦν
2615 2981 2706 3036 διά
2732 2978 2892 3046 τοῦτο
2912 2977 3006 3032 καί
3035 2979 3065 3032 ό
3090 2977 3261 3041 τύπος
3283 2973 3380 3032 τοῦ
3430 2973 3671 3046 σταυροῦ
3704 2990 3870 3027 σταυ-

2215 3111 2259 3170 C
2292 3075 2386 3146 ρδς
2427 3073 2678 3146 εἴρηται,
2728 3071 2825 3170 καί
2861 3071 2898 3141 ἡ
2947 3068 3112 3170 εἰκῶν
3178 3067 3278 3170 τοῦ
3330 3065 3568 3170 Χριστοῦ
3627 3064 3871 3170 Χριρῃτίρς

2292 3168 2508 3240 εἴρηται
2543 3182 2558 3198 ·
2598 3165 2660 3220 οὐ
2692 3162 2917 3237 κυρίως,
2957 3161 3093 3218 ἀλλά
3148 3161 3293 3216 κατά
3321 3159 3685 3232 κατάχρησιν.
3745 3156 3871 3211 ms.

2291 3257 2386 3315 οὖν
2426 3257 2587 3313 τοῦτο
2622 3257 2774 3329 ἡμᾶς
2820 3255 2982 3326 πείσῃ
3017 3253 3093 3326 μὴ
3120 3258 3213 3308 τὸν
3257 3251 3426 3306 τύπον
3471 3249 3568 3304 τοῦ
3628 3247 3870 3320 σταυροῦ

2293 3353 2524 3424 σταυρὸν
2552 3349 2858 3421 ὀνομάζειν,
2899 3349 3140 3402 πείσειεν
3179 3347 3327 3419 ἡμᾶς
3366 3345 3503 3416 μήτε
3552 3343 3660 3416 τὴν
3683 3341 3872 3398 εἰκόνα

2248 3461 2252 3464 ’
2290 3446 2386 3501 τοῦ
2435 3443 2673 3516 Χριστοῦ
2721 3439 2956 3514 Χριστὸν
2990 3439 3298 3510 ὀνομάζειν,
3339 3439 3472 3502 Καὶ,
3522 3436 3638 3490 ἐὰν.
3679 3436 3745 3489 ἐν
3793 3435 3872 3507 τῷ

2293 3535 2492 3606 πρώτῳ
2513 3535 2574 3590 τὸ
2611 3535 2686 3608 μὴ
2713 3535 3038 3606 προσκυνεῖν
3068 3533 3160 3587 τὸν
3209 3529 3464 3601 σταυρὸν,
3497 3528 3874 3600 προσκυνοῦν-

2291 3647 2390 3694 τας
2417 3629 2509 3682 τὸν
2549 3627 2738 3693 τύπον,
2771 3625 2905 3699 μηδέ
2934 3626 2992 3680 ἐν
3012 3623 3090 3695 τῷ
3118 3622 3357 3696 δευτέρῳ
3385 3621 3719 3694 προσκυνεῖν
3737 3619 3874 3691 Χρι-

2293 3722 2438 3788 στὸν,
2505 3718 2946 3793 προσκυνοῦντας
3000 3717 3100 3791 τὴν
3149 3715 3401 3788 Χριστοῦ,
3431 3713 3642 3770 είκόνα.
3705 3711 3872 3768 ’Δλλά

2295 3814 2402 3886 μὴν
2429 3811 2490 3866 τδ
2524 3813 2738 3882 πρῶτον
2765 3809 2985 3880 ἀληθὲς,
3007 3809 3088 3863 ὅτι
3119 3807 3352 3879 σταυρὸς
3370 3808 3463 3862 καὶ
3489 3806 3748 3861 λέλεκται
3778 3805 3873 3858 καὶ

2291 3908 2676 3979 προσκυνεῖται
2698 3907 2726 3957 ό
2751 3905 2947 3966 οἰκεῖος
2992 3901 3157 3956 αὐτοῦ
3213 3901 3402 3966 τύπος.
3429 3899 3641 3955 Οὐκοῦν
3672 3899 3773 3952 καὶ
3809 3901 3872 3951 τὺ

2290 3998 2538 4070 δεύτερον
2563 3995 2881 4068 ἁληθέςιὸτι
2911 3993 3147 4064 Χριστὸς
3178 3994 3272 4057 καὶ
3299 3991 3547 4046 λέλεκται
3576 3992 3674 4045 καὶ
3698 4007 3874 4061 προσ.

2291 4093 2532 4149 κυνεῖται
2557 4090 2591 4160 ἡ
2621 4087 2794 4142 οἰκεία
2817 4084 2983 4140 αὑτοῦ
3016 4083 3178 4138 εἰκῶν
3207 4100 3221 4114 ·
3247 4082 3342 4143 καὶ
3376 4084 3552 4154 μάτην
3597 4079 3873 4134 εἰκαιολο-

2289 4187 2377 4254 γεῖ
2400 4185 2428 4237 ὁ
2457 4183 2607 4254 παρά
2651 4180 2827 4235 ταῦτα
2859 4176 3171 4248 καινότερόν
3203 4193 3259 4230 τι
3311 4173 3525 4247 φρονῶν
3574 4173 3610 4246 ἢ
3665 4171 3869 4239 λέγων.

2289 4275 2476 4330 Ταῦτα
2531 4273 2786 4344 γέγραφα
2815 4311 2833 4339 ,
2891 4269 3028 4340 ὁμοῦ
3091 4267 3191 4341 μὲν
3257 4267 3448 4324 ἐαυτὸν
3505 4265 3613 4332 ἔξω
3680 4264 3890 4332 αἰτίας,

2289 4367 2455 4431 τιθείς
2483 4384 2498 4399 ·
2551 4365 2686 4435 ὁμοῦ
2742 4365 2799 4420 δέ
2866 4363 2963 4418 καὶ
3031 4364 3131 4434 τῆς
3190 4363 3290 4434 σῆς
3341 4360 3657 4432 φειδόμενος
3718 4361 3866 4426 ἁγα-

622 4437 710 4494 liae
741 4448 845 4496 tua:
905 4443 1171 4500 rationem
1230 4444 1438 4502 habens
1470 4463 1485 4513 ;
1519 4457 1578 4504 ut
1607 4447 1764 4504 tidem
1819 4450 2181 4506 orthodoxam

2287 4457 2523 4528 πητικῆς
2581 4456 2890 4527 ὑπεροχῆς·
2945 4456 3026 4519 εἰς
3080 4454 3140 4508 τὺ
3194 4452 3587 4522 ἀντιποιεῖσθαι
3648 4450 3869 4520 690066-

617 4530 997 4601 amplectatur,
1032 4549 1135 4592 nec
1161 4535 1386 4594 alterius
1406 4538 1667 4595 doctrina:
1705 4541 2052 4598 sermonibus
2080 4541 2182 4598 ab-

615 4620 864 4678 ducatur.

941 4738 1142 4800 CLXII.
1165 4773 1230 4785 —
1253 4741 1522 4804 Theodoro
1548 4745 1802 4800 monacho
1845 4745 1942 4820 (⁸).

2290 4555 2381 4620 ξου
2405 4549 2662 4616 πίστεως,
2693 4549 2787 4601 καί
2819 4545 2894 4619 μὴ
2918 4545 3332 4619 παρασύρεσθαι
3364 4545 3543 4614 λόγοις
3565 4543 3868 4615 ἐτεροδιδατ

2291 4641 2536 4705 σκαλίας.

2541 4752 2684 4809 ΡΞΒ¹
2721 4751 2856 4825 (54).
2885 4781 2957 4792 —-
2990 4749 3264 4820 Θεοδώρῳ
3281 4747 3626 4821 (tardiora.

1383 4847 1469 4914 'De
1487 4858 1698 4916 diversis
1718 4864 2058 4925 argumentis:
2091 4875 2241 4934 atque
2263 4872 2312 4924 in
2343 4874 2466 4933 ﬁne,
2485 4871 2550 4922 de
2572 4868 2754 4920 sanctis
2776 4865 3092 4930 imaginibus.

687 4967 881 5040 Accepi
907 4968 1194 5041 epistolam
1223 4968 1542 5024 reverentiae
1567 4976 1693 5034 tute,
1723 4985 1846 5040 qum
1878 4971 1960 5028 sic
1985 4973 2183 5032 inscri-

613 5073 704 5133 pta
740 5069 876 5128 erat,
903 5060 1144 5132 Epistula
1175 5059 1446 5132 encyclica
1467 5103 1482 5127 ,
1505 5061 1757 5118 Videlicet
1799 5063 2138 5123 medicinalis
2164 5087 2179 5123 :

615 5152 915 5223 statimque
947 5154 1016 5208 ab
1049 5153 1205 5210 initio
1235 5155 1514 5224 obstupui,
1543 5155 1732 5212 frater.
1777 5155 2020 5216 Ulterius
2053 5175 2183 5218 vero

611 5261 958 5321 progressus,
991 5256 1172 5302 mente
1219 5250 1609 5319 propemodum
1662 5249 1864 5320 excidi,
1897 5268 2001 5310 nec
2050 5255 2178 5326 quid

610 5342 910 5400 edisseram
976 5335 1208 5408 habens,
1240 5357 1344 5399 nec
1387 5344 1545 5413 ~quid
1575 5343 1624 5401 ei
1653 5361 1812 5417 quem
1846 5347 2000 5405 valde
2059 5364 2186 5406 amo

613 5433 995 5506 respondeam.
1025 5431 1211 5504 Neque
1233 5440 1294 5488 tu
1322 5433 1560 5504 graviter
1586 5435 1750 5506 feras,
1774 5438 1878 5496 etsi
1899 5441 2180 5511 asperiora

615 5527 898 5594 videantur
920 5542 1044 5600 quae
1079 5541 1202 5584 sum
1230 5525 1484 5585 dicturus
1512 5545 1530 5584 :
1555 5541 1680 5585 cum
1725 5546 1995 5604 nequeam
2025 5531 2184 5590 aliter

2369 4979 2670 5050 Ἐδεξάμην
2696 4976 2794 5050 τὴν
2842 4975 3134 5046 ἐπιστολὴν
3156 4975 3256 5046 τῆς
3281 4975 3598 5048 τιμιότητός
3622 4993 3717 5028 σου
3741 4975 3858 5028 ἐπι-

2285 5069 2625 5142 γράφουσαν,
2665 5067 3018 5137 Ἐγκύκλιος
3043 5064 3362 5134 ἐπιστολὴ,
3391 5067 3520 5137 ἦτοι
3540 5065 3854 5137 θεραπευτι-

2286 5164 2378 5235 κὴ.
2409 5163 2520 5216 Καί
2547 5160 2710 5224 εὐθὺς
2741 5159 2848 5214 ἀπὸ
2877 5157 3124 5230 βαλϐίδος
3162 5157 3405 5230 ἐξέστην,
3432 5158 3625 5229 ἀδελφέ
3651 5173 3669 5190 ·
3698 5158 3852 5212 ἐπεὶ.

2292 5254 2402 5310 θὼν
2437 5255 2494 5308 δὲ
2517 5254 2630 5317 τοῖς
2659 5250 2878 5322 ἐφεξῆς,
2916 5249 3114 5321 μικροῦ
3153 5253 3246 5310 καὶ
3271 5251 3398 5314 τοὺς
3434 5252 3731 5323 λογισμοὺς
3753 5252 3856 5306 ἀπ·

2287 5347 2490 5412 ὤλεσα,
2517 5344 2591 5416 μὴ
2611 5343 2748 5414 έχων
2769 5342 2866 5414 ὅίτι
2881 5341 3329 5414 διαλογίσομαι,ῆ
3351 5343 3404 5397 τί
3420 5344 3854 5416 ἁποκριθήσομαι

2287 5437 2365 5508 τῷ
2387 5431 2747 5507 ἠγαπημένῳ.
2782 5434 2893 5486 Καί
2927 5451 3015 5504 μοι
3035 5432 3400 5505 μακροθύμως
3428 5433 3638 5497 οῖσειας
3656 5451 3671 5464 ·
3694 5435 3742 5487 εἰ
3764 5431 3856 5485 καὶ

2289 5527 2600 5600 τραχύτερα
2623 5526 2692 5580 τὰ
2718 5525 3094 5598 λεχθησόμενα
3115 5543 3130 5557 ο
3156 5526 3256 5582 οὑκ
3283 5527 3462 5598 ἔχοντι
3511 5526 3629 5591 πῶς
3686 5524 3852 5590 ἄλλως

2145 5643 2369 5703 ΝΟΤᾸΞ.

683 5734 794 5817 (54)
831 5736 1026 5794 lucod.
1062 5735 1190 5809 Reg.
1229 5737 1370 5824 ρμθ.

2375 5735 2448 5808 (⁸)
2479 5731 2814 5806 Dogmatica.
