4060 6374
624 327 759 393 1507
1813 342 1874 404 S.
1900 343 2190 407 THEODC

2292 349 2295 404 ῗ
2337 347 2691 410 STUDIT/E
3745 348 3882 414 1508

616 451 781 517 possit
812 449 880 505 iis
908 452 998 522 qui
1025 453 1271 523 ignorant
1291 464 1340 511 et
1367 467 1550 514 errant
1575 459 1618 495 "
1653 475 1670 528 ;
1698 475 1726 514 a
1774 476 1886 532 quo
1912 464 2194 535 encyclica

616 541 847 611 epistola
897 544 1143 598 mittatur
1202 550 1497 603 secundum
1544 551 1726 606 datam
1793 553 1841 608 ei
1888 569 1920 608 a
1989 554 2198 626 Spiritu

615 638 1114 722 potestatemiqni.
1147 641 1192 696 si
1223 643 1349 712 quid
1387 643 1440 699 in
1477 644 1565 701 his
1594 661 1716 716 quas
1746 659 2032 715 geruntur,
2057 665 2196 721 pra:-

616 735 699 780 ter
730 725 813 782 fas
839 744 901 784 ac
929 746 1039 785 non
1064 747 1127 786 ex
1161 749 1264 788 usu
1291 750 1412 790 esse
1455 737 1804 808 intelligeret,
1829 741 2056 795 omnino
2076 757 2198 811 quae

617 833 716 888 par
753 828 836 876 est
873 821 1208 892 loqueretur.
1275 824 1380 881 Sed
1433 843 1558 883 cum
1609 830 1994 900 pravalescere
2026 833 2198 888 haere-

619 911 722 966 sim
751 953 768 977 ,
815 921 869 967 et
903 916 1183 985 angustias
1214 919 1456 988 undique
1509 921 1717 978 instare
1775 923 1992 979 videat:
2051 934 2200 981 recte

614 1005 702 1058 vir
729 1005 885 1074 plane
913 1007 1130 1064 divinus
1158 1011 1292 1079 egit,
1321 1027 1443 1066 cum
1477 1015 1604 1068 sivit
1641 1030 1834 1070 omnes
1883 1017 1977 1086 qui
2021 1017 2199 1071 maxi-

620 1112 839 1166 mopere
853 1111 1134 1168 cuperent,
1155 1112 1320 1172 prout
1341 1104 1574 1176 quisque
1592 1118 1796 1176 posset,
1819 1109 2198 1179 ingruentibus

621 1189 825 1244 morbis
853 1191 1075 1246 mederi.
1103 1191 1182 1247 ita
1213 1211 1390 1265 neque
1427 1199 1508 1252 lex
1541 1215 1796 1268 suprema
1827 1202 2195 1270 promulgata,

619 1295 722 1334 nec
757 1293 938 1336 tamen
973 1285 1181 1354 absque
1221 1289 1479 1344 remediis
1519 1291 1705 1346 relicta
1741 1303 1825 1346 est
1858 1294 2062 1357 anima,
2097 1309 2195 1363 pro

613 1386 718 1440 qua
740 1373 994 1428 Christus
1013 1386 1093 1429 est
1124 1388 1409 1434 mortuus:
1442 1381 1617 1438 ethoc
1644 1384 1902 1438 nimirum
1928 1401 2102 1454 usque
2127 1387 2196 1441 ad

617 1466 888 1536 synodum
917 1469 1277 1524 orthodoxam
1313 1491 1328 1526 :
1369 1489 1480 1542 quo
1525 1483 1766 1545 tempore
1791 1485 1845 1530 et
1900 1493 2022 1546 qua:
2052 1486 2198 1532 recte

612 1565 788 1624 empta
815 1556 1037 1624 fuerint,
1061 1561 1562 1630 comprobabuntur
1582 1584 1597 1619 :
1617 1575 1672 1621 et
1693 1581 1816 1635 quae
1835 1581 1996 1622 secus
2020 1575 2192 1636 gesta,

609 1647 946 1716 rejicientur.
979 1651 1043 1706 Et
1071 1664 1154 1708 est
1200 1656 1313 1711 haec
1367 1659 1505 1711 ratio
1543 1658 1596 1710 in
1636 1658 1827 1728 primis
1861 1657 1970 1713 Deo
2018 1668 2193 1728 grata,

609 1738 700 1807 qui
749 1741 863 1810 vult
890 1743 1071 1797 salvos
1124 1744 1238 1799 ﬁeri
1272 1761 1462 1802 omnes
1494 1765 1508 1802 :
1543 1759 1747 1818 quanto
1777 1750 1949 1819 magis
1975 1767 2070 1804 eos
2097 1749 2191 1820 qui
2223 1777 2267 1831 Β

609 1831 676 1884 ad
712 1835 1045 1901 poenitentiae
1074 1838 1372 1892 remedium
1401 1849 1697 1894 accurrunt
1721 1841 1745 1894 ?
1770 1842 1862 1910 qui
1898 1840 2002 1896 fert
2031 1856 2190 1911 opem

610 1939 716 1978 una
748 1940 872 1980 cum
901 1942 966 1981 co
1016 1931 1108 1997 qui
1144 1928 1388 1984 fraterno
1441 1930 1636 1986 aﬂ'ectu
1702 1948 1922 1986 manum
1980 1934 2194 2008 tendit;

608 2017 702 2086 qui
733 2018 1033 2074 collaborat
1063 2022 1111 2076 ei
1171 2022 1261 2092 qui
1306 2021 1577 2092 jacentem
1610 2025 1790 2093 erigit.
1849 2024 2000 2080 Illius
2049 2025 2197 2080 enim

606 2123 670 2163 ea
710 2124 812 2163 vox
844 2120 967 2166 est:
1025 2110 1408 2178 Consolamiui,
1470 2115 1843 2179 consolamini,
1875 2116 2193 2184 sacerdotes,

604 2199 855 2267 populum
894 2217 1066 2255 meum
1093 2219 1112 2256 :
1147 2203 1424 2274 loquimini
1467 2206 1535 2257 ad
1589 2223 1744 2261 aures
1778 2205 2081 2262 Jerusalem
2125 2209 2192 2243 ³⁸·

606 2289 746 2356 Quid
793 2302 874 2348 est
902 2295 1048 2350 aliud
1079 2312 1247 2366 porro
1292 2300 1614 2365 consolatio,
1650 2317 1814 2370 quam
1842 2301 2194 2357 adversario-

605 2400 728 2442 rum
759 2388 1124 2452 conservatio,
1154 2399 1210 2444 et
1249 2405 1439 2445 eorum
1495 2393 1588 2462 qui
1619 2392 1687 2446 de
1716 2394 1804 2449 via
1848 2393 2191 2460 deﬂexerint,

611 2492 713 2551 per
767 2479 1146 2548 paenitentiam
1209 2483 1518 2538 emendatio
1551 2485 1575 2538 ?
1609 2484 1816 2540 Deinde
1853 2487 1919 2540 ad
1970 2502 2066 2541 eos
2098 2487 2194 2557 qui

607 2582 950 2641 peccarunt:
982 2573 1114 2628 Cum
1168 2591 1402 2630 reversus
1462 2577 1802 2647 ingemueris,
1831 2587 1954 2632 tunc
2010 2579 2190 2632 salvus

605 2662 736 2726 eris,
757 2674 806 2718 et
837 2681 969 2718 scies
994 2665 1084 2718 ubi
1119 2665 1284 2734 fueris
1314 2667 1382 2722 ³⁹.
1410 2666 1475 2722 Ει
1514 2684 1730 2724 rursum
1764 2688 1777 2724 :
1813 2670 1999 2724 Adhuc
2026 2672 2190 2727 verba

613 2772 835 2825 precum
869 2757 1112 2822 loquente
1142 2769 1210 2824 te,
1241 2759 1419 2815 dicet:
1468 2760 1600 2816 Ecce
1625 2762 1810 2816 adsum
1838 2763 1904 2816 ⁸ο.
1943 2763 2011 2818 Ει
2035 2763 2192 2818 auxi-

611 2849 768 2902 liator
792 2858 873 2904 est
905 2865 1100 2906 eorum
1153 2855 1243 2922 qui
1309 2863 1754 2910 convertuntura
1789 2856 1872 2910 via
1908 2855 2047 2909 mala
2082 2871 2098 2910 :
2131 2863 2189 2910 et

609 2956 764 2994 ovem
821 2942 1162 3013 deperditam
1223 2945 1467 3002 humeris
1502 2948 1640 3002 tollit
1674 2959 1766 3002 :et
1827 2949 1991 3003 donec
2035 2949 2190 3003 hodie

609 3037 1011 3107 cognominatur
1049 3037 1093 3071 δι
1145 3077 1162 3103 ,
1193 3040 1528 3110 ptenitentim
1592 3041 1987 3096 medicamenta
2046 3057 2186 3112 prae-

2299 467 2639 535 τριοπαθεῖν
2661 482 2726 521 τε
2751 465 3094 536 δυνάμενον
3121 465 3248 533 τοῖς
3277 465 3575 536 ἀγνοοῦσι
3599 467 3698 521 καὶ
3725 473 3882 521 πλα-

2299 557 2590 628 νωμένοις
2611 574 2625 589 ·
2661 551 2724 611 οὗ
2753 559 2786 628 ἡ
2813 556 3103 626 ἐγκύκλιος
3148 556 3405 628 ἐπιστολὴ
3440 557 3585 610 κατά
3614 558 3715 628 τὴν
3737 558 3880 611 δεδο-

2304 649 2477 720 μένην
2508 649 2658 721 αύτῷ
2687 648 2937 714 ἐξουσίαν
2968 650 3074 702 ὑπὸ
3101 648 3196 702 τοῦ
3224 649 3545 718 Πνεύματος
3572 667 3589 716 ;
3615 648 3676 710 ὃς
3705 651 3753 701 εί
3771 651 3883 718 ᾔδει

2300 741 2358 791 ἐν
2405 742 2512 804 τοῖς
2540 741 2842 810 γινομένοις
2892 739 3160 809 ἐκθεσμόν
3205 757 3258 793 τι
3280 740 3379 792 καὶ⁵
3425 739 3487 792 ού
3541 738 3883 802 λυσιτελοῦν,

2300 835 2521 896 πάντως
2548 833 2612 902 δὴ
2642 833 2944 901 ἐφθέγξατο
2976 831 3046 884 τά
3066 832 3273 887 εἰκότα.
3345 833 3485 884 Ἀλλ’
3543 832 3739 900 ἐπειδὴ
3786 833 3886 902 ὁρᾷ

2301 923 2707 995 ἐπικρατοῦσαν
2735 923 2836 994 τὴν
2859 922 3072 994 αἵρεσιν
3091 963 3106 987 ,
3139 923 3234 976 καὶ
3267 925 3431 977 στενὰ
3490 922 3886 993 ἀμφοτέρωθεν

2301 1017 2679 1088 παριστάμενα
2703 1033 2718 1047 ·
2747 1015 2932 1068 εἴασεν
2961 1015 3210 1078 ἅπαντας
3251 1017 3377 1078 τοὺς
3398 1014 3886 1086 προθυμουμένους

2303 1108 2485 1162 ἰᾶσθαι
2510 1108 2578 1161 τὰ
2621 1109 2973 1177 συμπεσόντα
3033 1107 3338 1176 νοσήματα,
3389 1107 3465 1168 ὡς
3500 1107 3740 1169 ἕκαστος
3777 1105 3887 1175 ἔχει

2297 1201 2611 1270 δυνάμεως,
2677 1195 2735 1254 εὖ
2781 1200 2949 1253 ποιῶν
3008 1199 3037 1251 ὁ
3080 1198 3535 1260 θεσπεσιὼτατος.
3600 1197 3695 1259 Ὡς
3751 1199 3887 1266 μήτε

2297 1290 2621 1362 νομοθεσίαν
2653 1286 2880 1358 εἶναιτὸ
2910 1288 3254 1359 τελούμενον,
3290 1288 3428 1358 μήτε
3484 1289 3596 1357 μὴν
3645 1287 3886 1356 ἁσθερα·

2299 1403 2497 1440 πευτον
2543 1385 2726 1456 ψυχὴν
2770 1385 2911 1456 ὑπὲρ
2942 1378 3011 1456 ἦς
3039 1383 3269 1454 Χριστὸς
3302 1381 3565 1443 ἀπέθανε,
3616 1381 3888 1445 καταλιμ-

2297 1477 2565 1532 πάνεσθαι
2599 1495 2613 1510 ’
2711 1479 2805 1530 καὶ
2863 1475 3021 1528 τοῦτο
3088 1474 3290 1544 δηλαδὴ
3341 1474 3532 1544 μέχρις
3597 1472 3885 1544 όρθοδόξου

2299 1571 2541 1624 συνόδου·
2563 1569 2800 1641 ὁπηνίκα
2816 1568 2990 1620 καὶτὰ
3014 1566 3192 1630 καλῶς
3208 1565 3539 1637 ὑπηργμένα
3559 1564 3793 1634 ἐγκριθή
3802 1581 3884 1615 σεο

2295 1677 2384 1714 ται
2406 1678 2420 1693 ο
2451 1660 2544 1715 καὶ
2571 1661 2640 1714 τὰ
2664 1659 2834 1723 ἄλλως
2861 1658 3058 1728 ἔχοντα
3074 1656 3644 1727 ἀποδοκιμασθήσεται
3667 1667 3684 1684 ·
3715 1655 3806 1707 καὶ
3825 1657 3884 1707 τὸ

2297 1755 2532 1824 πρᾶγμα
2559 1751 2679 1824 Θεῷ
2719 1749 3014 1822 προσφιλὲς
3047 1749 3129 1802 ὅτι
3159 1748 3417 1818 μάλιστα,
3451 1748 3511 1811 ὃς
3541 1749 3645 1818 ἐρᾷ
3673 1748 3882 1808 πάντας

2303 1844 2573 1910 σώζεσθαι
2598 1859 2613 1874 ⁸
2642 1842 2718 1913 μὴ
2742 1843 2825 1895 ὅτι
2852 1858 2914 1908 γε
2941 1843 3067 1904 τοὺς
3103 1840 3181 1910 τῷ
3233 1840 3335 1910 τῆς
3389 1839 3684 1910 μετανοίας
3743 1855 3882 1906 φαρο

2306 1937 2465 2008 μάκῳ
2540 1935 3023 2006 προστρέχονταςς
3098 1930 3156 1995 ὃς
3207 1933 3301 1985 καὶ
3358 1930 3754 1999 συνεπικουρεῖ
3805 1929 3883 1998 τῷ

2296 2027 2638 2097 φιλαδέλφως
2684 2029 2843 2098 χεῖρα
2893 2025 3140 2096 όρέγοντι
3166 2065 3181 2090 ,
3237 2025 3332 2078 καὶ
3388 2023 3750 2092 συνανὶστησι
3806 2023 3881 2090 τῷ

2298 2117 2666 2188 συνεγείροντι
2693 2115 2786 2169 τὸν
2833 2115 3132 2186 κάμνοντα.
3187 2113 3364 2168 Αὑτοῦ
3393 2114 3503 2184 γὰρ
3533 2117 3695 2182 φωνὴ
3727 2114 3842 2164 ἐστι
3863 2126 3877 2138 ·

2294 2207 2719 2276 Παρακαλεῖτε,
2751 2206 3175 2274 παρακαλεῖτε,
3215 2208 3271 2260 al
3329 2205 3533 2274 ἱεροῖς,
3563 2204 3679 2258 τὸν
3727 2203 3880 2256 ,λαόν

2289 2319 2408 2370 μου
2444 2316 2458 2330 ·
2509 2298 2820 2365 λαλήσατε
2847 2301 2934 2364 εὶς
2959 2298 3031 2352 τὰ
3057 2294 3178 2353 ὦτα
3236 2297 3662 2366 Ἰερουσαλήμ.
3731 2293 3799 2348 Τί
3837 2292 3881 2346 δ”

2292 2393 2358 2448 ἂν
2405 2393 2533 2447 ἄλλο
2594 2395 2678 2464 εἴη
2734 2395 2769 2464 ἡ
2839 2392 3206 2464 παράκλησις,
3257 2392 3290 2462 ἦ
3337 2393 3372 2462 ἡ
3429 2391 3541 2444 τῶν
3594 2389 3881 2459 ἀνθέστηο

2293 2485 2466 2538 κότων
2497 2485 2847 2555 συντήρησις,
2870 2484 2963 2537 καὶ
2991 2482 3098 2537 τῶν
3135 2483 3518 2554 ἐκτραπέντων
3561 2481 3655 2534 διὰ
3709 2497 3879 2550 μετα-

2291 2576 2440 2639 νοίας
2468 2575 2879 2646 ἐπανόρθωσις;
2914 2568 3047 2628 Εῐτα
3094 2574 3233 2646 πρὸς
3267 2576 3395 2638 τοὺς
3437 2574 3842 2645 ἡμαρτηκότας
3865 2591 3876 2600 θ

2293 2667 2480 2722 Ὅταν
2509 2667 2921 2738 ἀποστραφεὶς
2952 2667 3272 2736 στενάξῃς,
3305 2667 3435 2720 τότε
3464 2665 3752 2733 σωθήσῃ,
3785 2665 3878 2719 καὶ

2290 2763 2493 2834 ιγινγῶοηη
2534 2763 2652 2818 ποῦ
2676 2760 2857 2834 ἦσθα.
2885 2762 2991 2818 Καὶ
3015 2757 3168 2825 αὖθις
3187 2777 3202 2794 ⁸
3237 2762 3363 2814 ’Βτι
3391 2774 3508 2814 σου
3539 2760 3616 2812 τὰ
3635 2758 3880 2827 ῥήματα

2289 2854 2400 2924 τῆς
2437 2854 2787 2925 προσευχῆς
2816 2854 3176 2920 λαλοῦντος,
3220 2852 3372 2921 ἐρεῖν
3410 2851 3569 2908 Ἰδοὺ
3611 2851 3878 2922 πάρειμι.

2289 2947 2401 3001 Καὶ
2437 2945 2632 3018 βοηθός
2665 2947 2780 2998 ἐστι
2824 2944 2933 2998 τῶν
2962 2943 3413 3016 ἀποστρεφόντων
3456 2942 3568 2995 ἀπὸ
3612 2943 3740 2995 ὀδοῦ
3790 2959 3878 2995 πο-

2288 3042 2464 3113 νηρᾶς
2489 3055 2502 3071 ·
2549 3038 2646 3094 καὶ
2715 3038 2776 3092 τὸ
2825 3037 3241 3108 πεπλανημένον
3293 3035 3568 3105 πρόϐατον
3621 3035 3720 3087 ἐπὶ
3773 3035 3878 3088 τῶν

611 3129 701 3185 bet
735 3147 748 3184 :
782 3139 836 3185 et
890 3130 1156 3186 latronem
1217 3141 1497 3188 momento
1555 3134 1816 3204 temporis
1855 3133 1922 3187 ad
1971 3132 2186 3199 paradi-

2292 3133 2453 3203 ὤμων
2481 3131 2628 3202 αῐρει
2651 3146 2666 3162 ·
2706 3129 2802 3183 καὶ
2847 3128 3022 3198 ἄχρις
3051 3123 3122 3186 οὗ
3167 3127 3234 3182 τὸ
3273 3128 3542 3197 σήμερον
3580 3128 3877 3190 καλεῖται.

611 3237 728 3276 sum
759 3222 982 3279 admisit
1009 3240 1023 3278 :
1055 3231 1110 3278 et
1148 3238 1404 3295 magnum
1436 3223 1675 3289 Petrum,
1728 3225 1823 3296 qui
1853 3240 1978 3280 eum
2020 3240 2186 3295 nega-

610 3323 717 3380 rat,
751 3325 1140 3384 postamarum
1167 3314 1353 3370 ﬂetum
1394 3317 1598 3386 recepit
1627 3333 1642 3370 :
1675 3333 1738 3372 ac
1765 3318 1971 3378 Davidi.
2003 3318 2188 3388 perin-

610 3405 678 3460 de
703 3421 767 3460 ac
802 3406 846 3461 si
882 3407 1020 3462 nihil
1073 3416 1373 3476 peccasset,
1426 3409 1724 3478 prophetiae
1755 3408 1952 3464 iterum
1981 3410 2185 3464 donum

611 3495 892 3566 impertiit.
939 3497 1214 3564 Quorsum
1250 3513 1380 3554 vero
1436 3500 1627 3554 attinet
1679 3500 1839 3570 plura
1898 3515 2188 3571 suggerere

610 3589 880 3658 exempla,
921 3604 986 3644 ac
1043 3605 1351 3645 sermonem
1406 3591 1769 3660 protraheret
1803 3589 2077 3662 Benignus
2102 3599 2190 3646 est

615 3679 672 3734 in
725 3695 822 3736 eos
886 3681 981 3751 qui
1021 3697 1150 3750 erga
1209 3696 1504 3738 conservos
1553 3697 1683 3737 suos
1719 3682 1990 3754 benigni:
2043 3684 2186 3738 etin

610 3787 706 3827 eos
735 3787 956 3828 severus
1004 3773 1098 3844 qui
1147 3774 1607 3830 immisericordes
1633 3775 1962 3830 exstiterint.
1985 3773 2188 3842 Quam-

607 3866 794 3921 obrem
833 3881 1008 3936 ptena‘.
1031 3882 1154 3937 qua:
1183 3867 1526 3950 in|pracsenti
1566 3867 1900 3938 penduntur,
1936 3869 2180 3925 remedia

611 3969 740 4014 sunt
765 3978 780 4014 :
810 3977 917 4016 non
947 3970 1007 4015 ut
1058 3961 1366 4016 reverentia
1397 3971 1490 4017 tua
1517 3962 1658 4018 male
1678 3960 1861 4031 jocata
1893 3972 1998 4028 est,
2037 3963 2182 4018 absit

611 4059 758 4108 enim
819 4054 928 4108 tale
980 4053 1291 4109 convicium
1330 4071 1345 4109 :
1382 4069 1560 4124 neque
1602 4069 1666 4110 ea
1721 4071 1845 4125 quae
1898 4065 2182 4125 geruntur,

609 4145 995 4200 scandalorum
1027 4145 1210 4208 initia,
1247 4144 1344 4200 sed
1385 4160 1526 4200 vera:
1555 4146 1841 4202 charitatis
1867 4159 2186 4219 argumenta

609 4246 756 4290 sunt.
795 4237 885 4290 Ait
924 4237 1070 4291 enim
1107 4235 1368 4292 Dominus
1399 4253 1412 4290 :
1458 4235 1640 4292 Talem
1670 4239 1982 4293 charitatem
2035 4256 2184 4293 nemo

607 4327 781 4393 habet,
823 4337 877 4381 ut
899 4329 1132 4381 animam
1156 4345 1307 4382 suam
1329 4338 1488 4398 ponat
1516 4330 1632 4400 quis
1660 4347 1754 4401 pro
1777 4333 1960 4386 amicis
1981 4333 2090 4386 suis
2116 4333 2181 4386 δ’.

2287 3225 2356 3278 τὰ
2380 3225 2478 3295 τῆς
2515 3221 2802 3294 μετανοίας
2828 3221 3099 3290 φάρμακα
3136 3221 3492 3292 προστίθησι·
3521 3221 3620 3272 καὶ
3649 3221 3752 3273 τὸν
3787 3221 3880 3292 λῃ-

2291 3317 2421 3382 στὴν
2457 3317 2515 3369 ἐν
2546 3315 2646 3386 μιᾷ
2693 3311 2886 3381 καιροῦ
2935 3314 3076 3383 ῥοπῇ
3131 3312 3225 3366 τοῦ
3257 3312 3588 3382 παραδείσου
3633 3311 3874 3380 ἠξίωσεν

2287 3408 2382 3463 καὶ
2405 3407 2498 3460 τὸν
2530 3406 2703 3476 μέγαν
2732 3403 2934 3474 Πέτρον
2955 3404 3333 3474 ἀρνησάμενον
3354 3402 3432 3473 τῷ
3454 3402 3643 3472 πικρῴ
3667 3404 3876 3456 κλαυθ-

2292 3498 2377 3571 μῷ
2433 3498 2748 3570 προσήκατο
2779 3513 2793 3526 ·
2847 3497 2942 3548 καὶ
3002 3494 3082 3565 τῷ
3135 3493 3299 3547 Δαυῖδ
3323 3536 3340 3560 ,
3386 3493 3462 3556 ὡς
3519 3493 3647 3562 μηδ’
3687 3491 3878 3546 ὁτιοῦν

2289 3592 2693 3663 ἀμαρτήσαντι,
2721 3589 2886 3643 πάλιν
2911 3587 2974 3642 τὸ
3006 3589 3105 3659 τῆς
3135 3588 3473 3658 προφητείας
3508 3586 3690 3658 ἐνίησι
3719 3587 3878 3657 χάρι-

2290 3702 2424 3756 σμα.
2450 3683 2562 3738 Καὶ
2589 3682 2642 3736 τί
2671 3681 2754 3734 δεῖ
2776 3679 2847 3734 τά
2871 3680 3043 3734 πολλά
3071 3679 3490 3756 παραδείγματα
3517 3679 3876 3747 ὑποφαίνειν.

2287 3777 2384 3833 καὶ
2421 3775 2683 3848 μηκύνειν
2723 3775 2814 3828 τὸν
2847 3775 3040 3843 λόγον;
3077 3775 3172 3828 καὶ
3195 3772 3428 3844 χρηστός
3469 3773 3618 3824 ἐστιν
3659 3773 3724 3823 ἐν
3765 3775 3877 3834 τοῖς

2289 3869 2426 3941 πρὸς
2469 3868 2599 3930 τοὺς
2645 3866 2972 3937 ὁμοδούλους
3018 3865 3491 3937 χρηστευομένοις,
3541 3863 3638 3917 καὶ⁵
3669 3864 3878 3916 ἀπότο-

2290 3979 2388 4032 μος
2426 3961 2485 4014 ἐν
2525 3961 2636 4023 τοῖς
2676 3957 3075 4029 ἀσυμπαθέσιν.
3104 3943 3180 4011 ὀύ
3213 3957 3400 4010 εἵνεκα
3433 3957 3487 4008 αἱ
3525 3957 3792 4024 ἰατρεῖαι,
3820 3954 3878 4008 αἱ

2288 4050 2558 4124 ἐπιτιμίαι
2585 4050 2726 4104 κατά
2749 4050 2839 4103 τὸν
2866 4050 3110 4120 παρόντα
3138 4047 3325 4119 χρόνον
3367 4045 3684 4116 τελούμεναι
3723 4063 3742 4077 ο
3777 4046 3876 4116 οὐχ

2284 4144 2360 4208 ὡς
2387 4145 2421 4215 ἡ
2445 4144 2695 4216 τιμιότης
2723 4159 2816 4194 σου
2839 4139 3266 4210 κεκωμῴδηκεν,
3290 4139 3467 4205 ἄπαγε
3489 4138 3591 4206 τῆς
3622 4137 3875 4206 plani;-

2289 4233 2436 4306 μίας,
2471 4233 2592 4288 οὐδὲ
2626 4231 2938 4286 σκανδάλων
2981 4230 3246 4301 παραίτια
3284 4229 3354 4281 τὰ
3403 4227 3698 4296 γινόμενα,
3756 4225 3877 4282 ἀλλ.

2284 4328 2546 4400 ἀληθινῆς
2598 4326 2820 4396 ἀγάπης
2873 4324 3173 4394 τεκμήρια.
3230 4323 3366 4391 Φησὶ
3410 4320 3518 4388 γὰρ
3563 4319 3594 4370 ὁ
3633 4319 3871 4388 Κύριος,

2293 4420 2581 4488 Τοιαύτην
2607 4416 2852 4488 ἀγάπην
2881 4415 3079 4478 οὐδεὶς
3100 4416 3248 4483 ἔχει,
3275 4413 3376 4466 ἵνα
3399 4429 3489 4478 τις
3516 4411 3633 4479 τὴν
3655 4412 3871 4480 ψυχὴν

2283 4507 2468 4560 αὐτοῦ
2491 4503 2566 4574 θῇ
2597 4503 2751 4573 ὑπὲρ
2787 4503 2908 4557 τῶν
2937 4502 3131 4572 φίλων
3159 4501 3370 4555 αὑτοῦ.

679 4593 920 4649 Posuere
969 4593 1134 4664 igitur
1192 4594 1406 4650 animas
1452 4611 1582 4652 suas
1611 4596 1809 4652 medici
1832 4611 1932 4666 pro
1965 4598 2032 4652 iis
2089 4598 2183 4668 qui

2361 4597 2615 4650 Τιθέασιν
2637 4592 2731 4650 οὖν
2763 4596 2859 4660 τὰς
2889 4595 3067 4666 ψυχάς
3093 4593 3273 4647 αὐτῶν
3303 4593 3447 4664 ὑπὲρ
3471 4593 3581 4645 τῶν
3615 4609 3699 4645 ιατ
3711 4610 3865 4662 pauo-

605 4689 836 4757 egehant
881 4688 1160 4743 curatione
1191 4729 1207 4749 ,
1250 4688 1404 4759 juxta
1456 4705 1646 4745 verum
1703 4705 2006 4746 sermonem
2042 4709 2057 4746 :
2089 4707 2190 4748 nec

2303 4689 2479 4759 μένων
2511 4689 2558 4742 οἱ
2613 4687 2932 4758 ἀκέστορες,
2971 4687 3115 4740 κατά
3153 4684 3246 4739 τὸν
3303 4685 3484 4756 ἀληθῆ
3529 4685 3686 4754 λόγον
3711 4703 3726 4715 ο
3766 4688 3864 4739 οὐκ

607 4779 806 4834 divina:
831 4779 1254 4849 dispensationis
1283 4790 1647 4836 mercaturam
1703 4781 1949 4838 fecerunt
1981 4781 2187 4839 Christi

608 4871 989 4940 negotiatores.
1019 4872 1096 4927 Ac
1129 4873 1359 4943 populus
1403 4873 1494 4928 Dei
1535 4874 1775 4945 quotidie
1819 4885 2140 4946 repurgatur
2172 4891 2186 4928 :

607 4970 661 5014 et
699 4962 895 5017 domus
955 4962 1088 5017 Saul
1127 4964 1451 5022 decrescens
1512 4967 1798 5020 imminuta
1822 4976 1905 5022 est
1935 4984 1950 5022 :
1985 4967 2187 5024 domus

605 5066 786 5110 autem
821 5056 985 5111 David
1044 5059 1221 5129 major
1263 5057 1456 5114 eﬂ‘ecta
1494 5065 1549 5114 et
1587 5059 1934 5129 ampliﬁcata,
1969 5075 2187 5130 semper

607 5149 662 5202 in
709 5147 906 5203 melius
947 5149 1258 5217 proliciente
1324 5151 1556 5205 sanitate
1589 5149 1655 5205 ".
1709 5148 1814 5206 Sed
1865 5150 2010 5206 enim
2051 5151 2181 5222 quid

607 5249 786 5307 optas,
813 5239 896 5294 vir
943 5241 1178 5310 egregie,
1207 5241 1292 5294 his
1351 5243 1694 5310 temporibus
1756 5243 2181 5312 prmvalcscente

607 5330 826 5396 haeresi,
855 5346 920 5386 ac
946 5330 1130 5386 divino
1160 5339 1417 5401 pereunte
1443 5333 1682 5402 opiﬁcio,
1712 5335 1920 5389 nullum
1962 5336 2176 5404 uspiam

607 5424 879 5480 medicum
917 5423 1196 5480 inveniri?
1245 5425 1449 5479 nullam
1507 5440 1630 5481 esse
1659 5427 1906 5496 medendi
1959 5428 2179 5482 artem?

605 5532 717 5574 non
751 5517 977 5588 pmberi
998 5533 1143 5575 caeo
1175 5531 1392 5572 manum
1423 5517 1448 5571 ἲ
1477 5533 1586 5574 non
1634 5520 1818 5574 sanari
1865 5529 2124 5590 aegrotum
2156 5519 2180 5572 ?

611 5624 718 5667 non
764 5611 878 5667 indi
917 5611 1130 5668 vulneri
1169 5612 1536 5668 lineamentun
1570 5611 1593 5665 τ
1625 5626 1733 5666 non
1763 5611 2016 5667 c'audum
2039 5613 2172 5684 erigi

2290 4781 2720 4852 ἐμπορευόμενοι
2757 4781 2856 4850 τὴν
2897 4779 3177 4850 θεόκριτον
3214 4778 3528 4850 οίκονομίαν
3555 4779 3633 4843 ὡς
3656 4779 3858 4849 Χριστ-

2290 4873 2544 4947 έμποροι.
2578 4874 2690 4928 Καὶ
2734 4875 2762 4926 δ
2789 4872 2917 4936 λαὸς
2964 4871 3057 4925 τοῦ
3096 4871 3228 4925 Θεοῦ
3256 4871 3531 4943 ὁσημέραι
3559 4872 3860 4925 ἀνακαθαί-

2294 4982 2445 5035 ρεται
2475 4982 2491 4998 ·
2532 4965 2626 5018 καὶ
2650 4965 2679 5016 ό
2703 4958 2850 5027 οἶκος
2879 4963 3052 5016 Σαοὺλ
3081 4963 3326 5016 ἀσθενῶν
3356 4963 3666 5032 ἠλάττωται
3690 4979 3704 4992 υ
3737 4966 3767 5015 δ
3804 4962 3857 5014 δὲ

2287 5053 2433 5120 οἶκος
2461 5056 2626 5110 Δαυῒδ
2673 5055 3109 5126 μεγαλυνόμενος
3164 5054 3518 5124 ἐπηύξηται·
3556 5056 3622 5107 ἐκ
3667 5053 3854 5106 τούτου

2287 5153 2367 5213 είς
2411 5147 2569 5202 τοῦτο
2626 5147 3096 5218 μεταταττομένου
3145 5147 3240 5200 τοῦ
3290 5147 3638 5216 ἁνοσήματος
3694 5143 3850 5218 ιεοό.

2285 5239 2420 5310 Reg.
2443 5238 2898 5312 ἀνασφήλαντος].
2942 5239 3106 5292 Ἀλλά
3133 5239 3185 5293 τί
3206 5239 3438 5310 βούλοιο,
3466 5233 3512 5292 ὧ
3545 5239 3816 5309 θαυμάσιε
3834 5255 3849 5269 ³

2283 5331 2341 5384 ἐν
2368 5328 2644 5393 τοσούτοις
2703 5332 2915 5400 χρόνοις
2956 5331 3366 5402 ἐπικρατούσης
3407 5331 3507 5399 τῆς
3561 5331 3842 5400 αἱρέσεως.

2283 5421 2376 5477 καί⁵
2412 5422 2705 5492 όλλυμένου
2729 5421 2823 5476 τοῦ
2855 5422 3000 5475 θείου
3023 5422 3364 5494 πλάσματος,
3411 5421 3488 5493 μὴ
3516 5420 3846 5489 ὀπτανθῆναι

2287 5518 2470 5589 ἰατρόν
2526 5518 2581 5571 τί
2628 5527 2766 5584 nou;
2803 5516 2880 5588 μὴ
2933 5512 3069 5570 εἶναι
3114 5516 3520 5586 θεραπευτικάς
3555 5514 3844 5586 μεθόδουςς

2287 5613 2363 5685 μὴ
2409 5613 2889 5686 χειραγωγηθῆναι
2941 5611 3355 5682 τυφλώττοντα;
3416 5611 3488 5664 αὖ
3525 5608 3842 5678 ὑγιασθῆναι

679 5729 721 5760 ³⁷
757 5727 923 5784 Hebr.
964 5746 1020 5792 v.
1058 5728 1108 5783 l.
1219 5710 1411 5785 “'lsa.
1456 5746 1543 5792 ιι..
1591 5731 1610 5783 1
1652 5745 1716 5783 ex
1748 5725 1910 5784 LXX.
1987 5730 2156 5787 "lsa.

2292 5749 2342 5799 κ,
2391 5732 2458 5790 l5
2496 5747 2561 5789 ex
2579 5730 2742 5786 LXX.
2818 5730 2865 5763 ⁸ο
2899 5729 3003 5785 lsa.
3037 5742 3186 5794 Lvnl,
3218 5728 3327 5784 9e:
3361 5725 3524 5782 LXX.
3600 5725 3644 5755 ⁸³
3683 5722 3838 5778 Πρω.

609 5815 691 5866 tn,
730 5799 814 5854 i5.
927 5801 968 5832 “
998 5799 1156 5857 Joan.
1190 5815 1279 5869 xv,
1316 5799 1402 5856 15.
1503 5801 1548 5832 ⁸³
1573 5799 1615 5853 ll
1649 5799 1758 5871 Reg
1814 5817 1894 5869 tn,
1935 5802 1980 5854 ι.
