4060 6374
237 338 377 404 1509

1417 355 1948 424 EPISTOLARUM
2003 362 2149 424 LIB.
2195 361 2254 423 Il
2265 412 2278 425 .

3329 367 3464 436 1510

227 450 680 552 νοσηλεύομενονς
729 454 805 528 μὴ
879 459 1191 532 μοτωθῆναι
1242 467 1786 540 τραυματιζόμενον;

1900 483 1958 530 ιιι
2022 485 2172 532 recto
2238 477 2372 547 pede
2421 479 2638 534 incedat
2687 479 2850 535 ?non
2901 480 3048 552 quod
3121 481 3464 539 confractum

226 543 309 617 μὴ
348 544 706 615 ὀρθοποδῆσαι
751 549 1092 620 χωλεύοντας
1149 553 1226 626 μὴ
1278 559 1790 634 καταδεσμευθῆναι

224 634 672 727 συντριϐόμενον;
715 641 788 711 μὴ
827 643 1230 716 ἐπιστραφῆναι
1279 649 1664 720 πλανώμενον;
1715 657 1789 727 μὴ

217 726 365 779 κατὰ
387 729 495 780 πᾶν
523 729 701 784 ὁτιοῦν
744 732 954 803 νόσημα
994 734 1224 788 καθόσον
1267 733 1378 791 οἷόν
1409 757 1468 792 τε
1513 726 1790 812 ὲπαγωνίέ

217 819 416 872 σασθαι
449 819 540 872 τδν
574 823 1032 894 προαιρούμενονς
1067 827 1327 896 Καίτοιγε
1355 831 1572 902 ὁρῶμεν
1600 838 1656 887 ἐν
1678 840 1791 902 τοῖς

215 909 329 962 τῶν
361 911 627 981 σωμάτων
659 914 864 982 ἰατροῖς
915 916 1116 988 πολλὴν
1151 918 1252 989 τὴν
1299 921 1643 990 ἐπιμέλειαν,
1695 931 1790 983 καὶ

217 1001 392 1056 πολλὰ
408 1004 477 1056 τὰ
513 1006 732 1074 ίατήρια
763 1023 777 1036 ο
809 1007 902 1060 καὶ
922 1006 980 1070 ὃς
1008 1008 1108 1076 μὲν
1127 1011 1296 1076 τόνδε,
1320 1011 1378 1075 ὃς
1417 1012 1474 1065 δὲ
1515 1017 1664 1070 τόνδε
1697 1022 1792 1072 ὲκο

217 1093 564 1164 κεχείρισται
596 1095 922 1165 θεραπεύειν
943 1113 956 1126 ·
985 1099 1080 1150 καὶ
1109 1101 1229 1153 οὐδὲ
1257 1104 1286 1154 ὁ
1333 1105 1391 1155 ὲν
1419 1105 1575 1174 τάξει
1623 1107 1786 1180 [Cod.

218 1181 355 1250 Reg.
395 1183 614 1258 στάσει]
653 1187 928 1258 ὑπηρέτου
967 1193 1448 1262 κατατεταγμένος
1483 1198 1789 1254 κεκώλυται

218 1279 538 1346 χειραπτεῖν
572 1278 713 1334 κατά
741 1277 838 1350 τὴν
859 1279 1087 1335 ἐνοῦσαν
1135 1285 1322 1349 αὐτοῖς
1375 1287 1624 1360 ἰατρικὴν
1664 1293 1788 1345 ἐπι-

220 1366 518 1437 στήμην,ῆ
559 1367 925 1438 προῦχουσαν,
959 1372 991 1444 ἢ
1037 1373 1416 1448 ὑφισταμένην
1463 1378 1616 1450 [(Iod.
1657 1383 1786 1454 Ileg.

217 1454 568 1530 ὐφειμένην].
603 1461 714 1512 Καὶ
743 1459 1089 1533 καθεκάστην
1121 1467 1170 1518 οἱ
1202 1469 1631 1536 συγκύπτοντες,
1694 1475 1789 1528 καὶ

217 1545 451 1618 πλήρεις
475 1549 532 1600 αί
568 1548 788 1610 τούτους
816 1551 1204 1623 ὑποδεχόμεναι
1243 1558 1419 1611 ἑστίαι
1444 1575 1460 1590 ο
1489 1562 1582 1613 καὶ
1611 1562 1789 1627 οὐδεὶς

216 1639 550 1708 κατεγκαλεῖ
598 1641 698 1712 τὴν
741 1643 1062 1712 ἐπιμέλειαν
1094 1661 1107 1674 ·
1143 1647 1264 1700 οὐδὲ
1293 1653 1641 1706 καταιτιᾶται
1696 1653 1787 1707 τὸν

218 1734 352 1800 περὶ
381 1731 476 1802 τὴν
507 1733 748 1802 ἰατρείαν
805 1735 1420 1808 σπουδαιολογούμενον.
1479 1741 1641 1796 Ἀλλὰ
1689 1745 1785 1798 καὶ

1892 576 1977 622 est
2008 568 2300 639 colligari?
2337 585 2446 625 non
2479 581 2673 626 contra
2722 573 3018 642 quemlibet
3067 575 3318 628 morbum
3368 591 3466 645 pro

1891 659 2031 714 virili
2056 661 2336 718 decertare
2363 678 2487 718 eum
2517 663 2611 734 qui
2645 663 2824 720 facere
2855 664 2905 718 id
2939 664 3112 733 possit
3138 665 3162 718 ?
3192 663 3257 718 Et
3281 665 3466 734 utique

1891 750 1948 806 in
1982 752 2209 808 medicis
2241 769 2534 823 corporum
2589 756 2884 810 maximam
2939 757 3273 825 diligentiam
3307 757 3465 811 adhi—

1891 848 2103 912 bemus,
2151 861 2216 901 ac
2253 848 2648 902 medicamenta
2703 849 2960 918 plurima.
2989 847 3057 903 Et
3107 849 3194 904 hic
3242 850 3462 919 quidem

1889 936 2075 1002 istum,
2112 938 2278 992 alium
2309 937 2410 994 iste
2437 941 2742 994 curandum
2776 939 3045 1008 suscipit:
3071 955 3246 1008 neque
3276 941 3370 1010 qui
3407 941 3460 994 in

1890 1029 2082 1084 ordine
2128 1031 2508 1086 ministrorum
2563 1042 2820 1086 censetur
2849 1071 2865 1096 ,
2903 1032 3190 1088 admovere
3239 1049 3460 1087 manum

1889 1123 2250 1192 prohibetur,
2307 1123 2458 1192 juxta
2495 1139 2613 1178 eam
2659 1140 2822 1194 quam
2877 1125 3035 1179 callet
3077 1135 3245 1180 artem
3288 1125 3463 1180 medi-

1892 1215 2079 1279 candi,
2133 1215 2250 1270 sive
2293 1216 2667 1280 excellentem,
2706 1216 2822 1270 sive
2871 1215 3207 1272 inferiorem.
3239 1216 3305 1270 Et
3335 1227 3463 1272 sunt

1889 1305 2135 1376 quotidie
2167 1306 2259 1375 qui
2293 1307 2517 1361 vulnera
2552 1307 2879 1376 inspiciant,
2909 1315 2961 1360 et
2997 1309 3168 1376 plenae
3191 1317 3317 1362 sunt
3342 1324 3464 1377 qua:

1890 1397 1994 1451 hos
2027 1399 2309 1467 excipiunt
2335 1399 2477 1452 aedes
2525 1416 2538 1452 :
2575 1415 2676 1453 nec
2705 1400 2992 1468 quisquam
3021 1399 3352 1468 diligentiam
3378 1415 3465 1452 re-

1888 1490 2196 1558 prehendit,
2229 1497 2324 1544 aut
2369 1499 2591 1544 accusat
2627 1505 2749 1544 eum
2775 1491 2867 1559 qui
2915 1493 3136 1546 medicae
3165 1494 3266 1546 arti
3288 1493 3466 1562 perdi-

1888 1580 2101 1634 scenda:
2144 1581 2237 1633 dat
2277 1595 2522 1650 operam.
2554 1581 2656 1635 Sed
2685 1593 2738 1635 et
2771 1582 3044 1652 principes
3090 1597 3153 1636 ac
3205 1583 3463 1652 praecipui

1886 1675 2239 1740 medicorum,
2269 1683 2322 1729 et
2349 1675 2670 1736 mediocres,
2697 1663 2976 1738 et'iulimi,
3027 1675 3243 1744 plenum
3277 1675 3467 1728 huma-

1886 1765 2076 1820 nitatis
2102 1765 2424 1833 obsequium
2471 1764 2746 1820 deferunt.
2783 1764 2940 1830 Quod
2971 1765 3016 1820 si
3043 1765 3115 1818 ita
3137 1781 3196 1819 se
3234 1779 3323 1818 res
3355 1763 3468 1818 illic

219 1822 556 1892 πρώταρχοι,
581 1826 674 1878 καὶ
690 1827 999 1896 ἁρχιητροὶ,
1017 1831 1113 1882 καὶ
1132 1830 1198 1900 μέ
1208 1849 1310 1892 σοι,
1344 1833 1438 1886 καὶ
1457 1834 1778 1898 τελευταῖοι,

1888 1857 2101 1914 habet:
2143 1861 2316 1914 multo
2370 1859 2558 1914 verius
2613 1859 2800 1928 utique
2845 1858 2898 1912 in
2949 1857 3016 1912 iis
3055 1873 3176 1926 quae
3224 1857 3463 1912 animam

217 1913 316 1983 τὴν
365 1915 746 1985 φιλάνθρωπον
788 1917 1024 1988 δρῶντες
1073 1923 1410 1993 οἰκονομίαν.
1443 1927 1506 1980 El
1552 1927 1608 1980 δὲ
1666 1928 1782 1980 ἐκεῖ

215 2005 389 2069 οὕτως
415 2023 428 2038 ο
470 2007 649 2078 πολλῷ
677 2009 944 2080 δήπουθεν
975 2013 1032 2065 έν
1061 2015 1174 2076 τοῖς
1223 2015 1364 2068 κατὰ
1396 2016 1598 2088 ψυχὴν,
1637 2020 1784 2074 κατὰ

212 2099 276 2149 τδ
308 2099 588 2167 ἀνάλογον,
620 2100 799 2154 πάντα
833 2102 926 2154 καὶ
953 2103 1147 2171 ὁρᾶται
1203 2107 1299 2158 καὶ
1345 2107 1554 2175 ὀφείλει
1599 2111 1783 2179 γίγνε-

217 2192 365 2242 σθαι.
390 2191 502 2244 Καὶ
523 2191 551 2242 ὀ
585 2190 865 2256 κωλύσων,
901 2192 1116 2264 λυμεὼν
1147 2215 1231 2260 τις
1258 2198 1350 2252 καὶ
1384 2201 1562 2265 κοινὸς
1587 2203 1782 2274 ἐχθρὸς

212 2277 309 2331 τοῦ
335 2279 544 2347 γένους,
569 2277 645 2341 ὡς
664 2281 742 2350 τῷ
770 2282 864 2334 ἀπ’
905 2284 1082 2354 ἀρχῆς
1113 2287 1552 2360 ἀνθρωποκτόνῳ
1589 2308 1782 2364 συνερ-

215 2369 326 2436 γῶν
352 2369 753 2440 λογισθήσεται.
783 2373 884 2438 Οὐ,
904 2375 1068 2450 φησὶ,
1107 2378 1353 2431 τοιοῦτον
1380 2379 1440 2432 τὸ
1465 2382 1736 2455 ἡμέτερον
1765 2400 1778 2413 ⁸

210 2461 330 2514 ἀλλ’
354 2463 529 2515 έκεῖνο
553 2463 920 2534 πυνθάνομαι,
963 2467 1044 2520 ὅτι
1099 2469 1150 2522 εί
1184 2472 1212 2523 ὀ
1243 2471 1451 2542 Κύριος
1479 2473 1579 2544 τὴν
1616 2477 1778 2546 μετά-

211 2569 380 2618 νοιαν,
404 2555 766 2626 παρατροπὴν
790 2551 956 2610 οὖσαν
986 2560 1085 2630 τῆς
1113 2563 1209 2614 τοῦ
1243 2564 1455 2622 δικαίου
1493 2571 1784 2642 ἀκριϐείας

209 2645 302 2698 διὰ
333 2645 394 2697 τὸ
421 2645 624 2714 ἀγαθὸν
640 2648 700 2700 οὐ
729 2648 1036 2721 τεθάρρηκε
1064 2653 1385 2725 δωρεῖσθαι,
1410 2662 1543 2734 πρὶν
1597 2665 1782 2718 πᾶσαν

209 2736 570 2809 ὀφειλομένην
607 2741 720 2803 τοῖς
753 2741 845 2794 τοῦ
876 2743 1090 2798 δικαίου
1127 2748 1390 2819 σταθμοῖς
1431 2770 1490 2806 τε
1550 2758 1644 2809 καὶ
1688 2737 1802 2822 ζυέ

208 2830 352 2896 γοῖς,
388 2827 456 2882 δι’
495 2828 688 2882 ἑαυτοῦ
721 2834 1052 2890 καταθέσθαι
1095 2838 1310 2894 δικαίαν
1338 2847 1613 2917 τιμωρίαν
1641 2867 1657 2883 ο
1697 2853 1782 2916 τίς

209 2919 487 3016 τολμηρὸς
515 2919 610 3016 καὶ
640 2922 1016 3016 ὀτιερήφανος,
1047 2929 1106 2994 ὃς
1131 2934 1416 3005 ἐπιτρέψει
1463 2941 1644 3015 ἑαυτῷ
1685 2962 1782 3016 με-

208 3013 433 3064 τάνοιαν
465 3011 782 3084 καθαρίζειν
810 3017 922 3070 τῶν
954 3020 1353 3095 ἀρνησαμένων
1391 3031 1484 3086 τοῦ
1521 3011 1781 3109 Σωτῆρος

209 3102 373 3173 ἡμῶν
395 3105 734 3200 ξριστοῦῗτὰ
766 3109 906 3181 ὑπὲρ
940 3113 1099 3184 ήμῶν
1133 3119 1468 3191 παθήματα·
1505 3127 1580 3200 μὴ
1644 3102 1782 3199 στρόέ

208 3213 373 3266 τερον
390 3195 607 3252 ἅπασαν
633 3199 841 3256 ἔκτισιν
869 3204 1165 3263 ἀποδοῦναι
1193 3213 1260 3282 τῇ
1286 3213 1380 3266 τοῦ
1404 3195 1615 3273 δικαίου
1639 3195 1783 3275 ἀττα-
1807 3201 1852 3263 C

211 3291 439 3362 paﬁd‘rq.)
459 3295 762 3367 αὐστηρίᾳ;

282 3406 523 3498 φεῦ-τοῦ
557 3411 833 3483 τολμηροῦ
875 3417 969 3470 καὶ
1041 3417 1308 3474 ἀσυνέτου
1359 3425 1782 3498 προϐλήματοςί

211 3497 354 3550 Πότε
381 3493 560 3552 ὦπται
592 3502 620 3553 ὀ
660 3503 894 3572 Χριστὸς
935 3505 1033 3576 τὴν
1089 3511 1385 3579 μετάνοιαν
1405 3493 1784 3585 *εὐαγγελιζό-

213 3607 411 3661 μενοςς
447 3593 578 3645 πότε
607 3593 686 3663 τῷ
732 3597 1092 3672 παραλυτικῷ
1138 3605 1362 3676 εἴρηκε·
1416 3607 1654 3676 Θάρσει,
1687 3613 1783 3666 τέο

209 3699 385 3777 ξενον,
426 3683 725 3777 ἀφέωνται
751 3703 852 3742 σοι
907 3693 969 3745 αι
1011 3692 1290 3763 ἁμαρτίαι
1337 3714 1486 3763 σου;
1524 3703 1658 3756 Πότε
1711 3707 1778 3777 τῇ

205 3775 471 3848 δακρύοις
502 3775 772 3854 βρεχούσῃ
798 3782 973 3858 πόρνῃ
1001 3786 1128 3850 τοὺς
1157 3787 1335 3853 θείους
1377 3791 1541 3857 πόδας
1565 3797 1596 3866 ὴ
1637 3775 1776 3870 αὐτῆ

209 3870 570 3940 συγχώρησις
592 3870 914 3942 δεδώρηται,
957 3879 1368 3951 ἑπιπλήττουσα
1420 3885 1643 3956 Σίμωνα
1691 3890 1782 3944 τὸν

208 3961 538 4033 ἑστιάτορα;
587 3963 725 4020 Πότε
765 3967 843 4038 τῷ
895 3970 955 4022 ἐν
999 3970 1255 4044 ἀσθενείᾳ
1301 3981 1788 4052 κατακειμένῳιὲν

206 4057 508 4128 τριάκοντα
543 4061 638 4114 καὶ
685 4061 830 4116 ὀκτὼ
883 4062 1064 4116 ἐτεσιν
1116 4067 1334 4138 εἴρηται
1363 4086 1379 4101 ο
1438 4071 1561 4126 Ἴδε
1609 4075 1788 4144 ὑγιὴς

208 4150 488 4221 γέγονας,
511 4155 722 4222 μηκέτι
755 4155 1056 4225 ἁμάρτανε
1083 4173 1098 4188 ⁸
1135 4160 1237 4213 ἵνα
1263 4161 1349 4230 μὴ
1375 4164 1579 4234 χεῷόν
1601 4168 1660 4221 τί
1686 4187 1787 4222 σοι

206 4242 459 4312 γένηται
492 4261 507 4278 ’
541 4245 616 4310 ὡς
671 4247 730 4312 ἐξ
760 4249 1039 4320 ἁμαρτίας
1085 4250 1288 4324 δηλαδὴ
1342 4256 1450 4332 τῆς
1500 4257 1790 4326 ἀσθενείας

208 4335 630 4409 Emend/done;
669 4339 804 4394 ἀλλὰ
836 4342 973 4396 ἄττα
1002 4344 1101 4396 οὐκ
1148 4343 1407 4419 εὔκαιρον
1463 4350 1789 4421 ὑποφαίνειν

207 4428 616 4501 ἀνελιττομένῳ
651 4432 982 4503 θεοσημείας
1027 4434 1164 4508 ἔργα
1191 4455 1206 4471 ο
1254 4440 1485 4511 πότερον
1531 4443 1638 4515 πρὸ
1690 4445 1786 4499 τοῦ

1883 1959 2144 2021 spectant,
2197 1953 2552 2022 proportione
2601 1950 2716 2004 ﬁeri
2771 1951 2956 2004 omnia
3011 1960 3064 2005 et
3131 1949 3384 2003 videntur
3413 1957 3469 2003 et

1883 2059 2106 2100 necesse
2143 2054 2253 2098 est.
2279 2044 2356 2098 Ac
2390 2043 2436 2098 si
2468 2044 2591 2112 quis
2627 2043 2963 2112 prohibuerit
2985 2083 3000 2107 ,
3046 2041 3272 2095 humani
3308 2053 3466 2109 gene-

1883 2137 1963 2192 ris
2001 2137 2091 2192 ille
2122 2136 2290 2208 pestis
2320 2136 2567 2206 quaedam
2601 2144 2655 2192 et
2699 2129 3023 2190 communis
3057 2135 3230 2189 hostis
3271 2146 3466 2188 cense-
3572 2177 3578 2198 ,

1884 2230 2031 2286 bitur
2063 2270 2078 2296 ,
2131 2241 2390 2300 tanquam
2441 2231 2492 2285 ei
2547 2230 2640 2300 qui
2689 2231 2758 2284 ab
2803 2229 2960 2284 initio
3008 2229 3298 2282 homicida»
3334 2226 3463 2288 fuit.

1883 2324 2255 2378 consentiens.
2288 2321 2404 2377 Non
2443 2323 2559 2387 sic,
2605 2321 2806 2391 inquis,
2851 2330 3052 2375 nostra:
3093 2335 3183 2375 res
3219 2319 3462 2385 habent;

1883 2413 1981 2468 sed
2020 2413 2153 2468 illud
2183 2429 2314 2485 rogo
2344 2433 2357 2469 :
2389 2415 2436 2470 si
2477 2412 2743 2467 Dominus
2791 2413 3190 2481 penitentiam,
3223 2427 3342 2480 qua?
3367 2410 3465 2464 de-

1883 2503 2048 2559 fectio
2077 2514 2161 2560 est
2204 2505 2272 2560 ab
2297 2515 2488 2560 exacta
2517 2504 2728 2575 justitia
2760 2513 2814 2557 et
2841 2506 3042 2557 virtute
3063 2544 3077 2567 ,
3108 2501 3462 2572 quantumvis

1883 2597 2321 2654 commendanda
2349 2598 2439 2663 sit,
2461 2637 2478 2661 ,
2510 2612 2620 2651 non
2667 2610 2833 2651 ausus
2863 2605 2946 2650 est
2977 2595 3199 2664 praemio
3237 2593 3462 2658 donare,

1884 2698 2180 2758 antequam
2215 2689 2453 2744 debitam
2489 2688 2700 2743 meritis
2730 2703 2944 2757 ptenatn
2981 2701 3198 2740 omnem
3224 2685 3290 2740 ad
3325 2685 3466 2756 juris

1882 2789 1938 2838 et
1983 2782 2122 2852 atqui
2143 2782 2403 2837 trutinam
2433 2797 2498 2837 ac
2522 2791 2776 2837 stateram
2802 2796 2896 2849 per
2944 2793 3004 2834 se
3043 2793 3157 2848 Ipse
3189 2780 3464 2833 solveret:

1884 2875 2010 2945 quis
2047 2875 2225 2929 audax
2258 2875 2394 2929 adeo
2415 2889 2479 2929 ac
2517 2873 2844 2928 temerarius
2875 2913 2892 2939 ,
2931 2871 3024 2940 qui
3070 2872 3174 2926 hoc
3203 2870 3306 2925 sibi
3350 2871 3468 2940 ipse

1885 2973 2128 3033 arroget,
2178 2973 2239 3018 ut
2269 2963 2646 3034 paenitentiam
2699 2962 2888 3016 tollere
2937 2959 3068 3014 velit
3104 2974 3328 3024 eorum,
3373 2959 3466 3026 qui

1885 3059 2146 3113 toleratos
2193 3072 2224 3112 a
2267 3056 2486 3111 Christo
2537 3055 2822 3110 Servatore
2875 3061 3065 3106 nostro
3114 3059 3334 3121 propter
3367 3067 3468 3107 nos

1883 3151 2158 3208 cruciatus
2191 3158 2456 3221 negarunt
2478 3148 2617 3218 ;nisi
2648 3147 2798 3219 prius
2823 3161 2986 3202 omne
3008 3147 3248 3202 debitum
3279 3145 3470 3200 exsol-

1887 3244 2064 3298 verint
2092 3284 2108 3310 ,
2152 3243 2220 3298 ad
2271 3249 2518 3298 exactam
2582 3249 2637 3296 et
2683 3239 3049 3295 inviolabilem
3089 3237 3290 3294 summi
3327 3237 3470 3308 juris

1886 3334 2058 3407 legem
2079 3336 2116 3389 ἲ.

1961 3429 2103 3484 Proh
2152 3428 2331 3483 audax
2389 3437 2444 3483 et
2499 3427 2820 3483 inconsultze
2872 3427 3075 3484 mentis
3115 3427 3404 3498 quaesitum
3451 3427 3465 3482 ι

1886 3529 2244 3597 Quandonam
2270 3527 2422 3580 visus
2444 3533 2528 3580 est
2555 3525 2808 3580 Christus
2854 3527 3227 3596 paenitentiam
3257 3541 3471 3580 annun-

1891 3622 2033 3675 tians
2061 3617 2459 3685 ‘lQuandonam
2512 3615 2810 3687 paralytico
2857 3616 2995 3671 dixit
3025 3632 3042 3670 :
3083 3616 3339 3687 Conﬁde,
3366 3619 3469 3689 ﬁli-

1889 3711 2233 3765 remittuntur
2257 3706 2350 3760 tibi
2373 3715 2588 3776 peccata
2607 3716 2699 3760 tua
2716 3707 2762 3740 “
2781 3707 2805 3760 ?
2826 3707 3057 3774 Quando
3075 3709 3124 3764 ei
3157 3725 3277 3780 qua:
3297 3710 3472 3784 lacry-

1893 3801 1996 3855 mis
2027 3801 2242 3856 divinos
2267 3800 2430 3870 pedes
2462 3799 2682 3870 rigavit,
2718 3800 2907 3854 eadem
2940 3809 3148 3855 asserta
3183 3803 3336 3857 venia
3359 3817 3467 3870 est,

1891 3911 2016 3952 cum
2065 3894 2490 3966 reprehensione
2541 3891 2781 3949 Simonis
2835 3895 2927 3962 qui
2984 3896 3238 3950 convivio
3291 3898 3472 3967 ipsmu

1889 3999 2178 4058 exceperat
2215 3986 2303 4040 “‘2
2340 3984 2569 4052 Quando
2603 3987 2652 4042 ei
2685 3987 2778 4057 qui
2803 3996 2924 4042 erat
2955 3986 3009 4040 in
3039 3987 3350 4044 inhrmitate
3375 4005 3472 4060 po-

1891 4081 2028 4137 situs
2055 4081 2122 4135 ab
2170 4079 2330 4134 annis
2372 4087 2498 4134 octo
2528 4086 2579 4134 et
2605 4079 2824 4150 triginta
2856 4120 2872 4146 ,
2903 4080 3109 4135 dictum
3160 4090 3244 4138 est
3274 4100 3290 4137 :
3333 4082 3472 4139 Ecce

1890 4189 2052 4226 sanus
2089 4171 2263 4241 [actus
2287 4187 2363 4235 es,
2393 4171 2513 4241 jam
2565 4171 2674 4226 noli
2703 4187 2918 4242 peccare
2948 4189 2968 4227 :
3001 4188 3064 4228 ne
3105 4175 3336 4229 deterius
3372 4176 3469 4231 tibi

1891 4265 2091 4336 aliquid
2115 4265 2382 4334 contingat
2412 4264 2458 4297 “
2486 4283 2501 4320 :
2528 4274 2790 4336 tanquam
2815 4276 2932 4320 orta
2960 4266 3206 4324 videlicet
3247 4284 3314 4324 ex
3343 4285 3473 4341 pec-

1888 4366 2014 4411 cato
2042 4357 2362 4427 aegritudine
2396 4357 2419 4410 i
2455 4356 2663 4414 Caetera
2686 4399 2701 4425 ,
2742 4373 2860 4428 quae
2894 4358 3335 4428 intempestivum
3397 4364 3470 4419 sit

1892 4463 2184 4520 Suggerere
2221 4449 2420 4504 divinae
2448 4451 2666 4506 virtutis
2703 4466 2867 4521 opera
2896 4452 3247 4521 pervolventi,
3283 4465 3467 4510 utrum

210 4519 442 4614 ττάθους,
468 4521 506 4614 ζῆ
533 4524 673 4592 μετά
707 4525 768 4578 τὸ
801 4527 1000 4595 πάθος;
1035 4530 1097 4582 Εἰ
1125 4530 1182 4584 δὲ
1221 4533 1388 4586 πᾶσιν
1430 4533 1652 4606 εῠδηλον
1693 4539 1786 4592 καὶ

1895 4550 2020 4596 ante
2077 4542 2387 4612 passionem
2429 4552 2578 4614 gesta
2635 4556 2782 4609 sunt,
2822 4559 2890 4599 an
2933 4552 3058 4613 post
3107 4546 3472 4614 passionem?

207 4611 672 4684 ὁμολογούμενον,
713 4618 793 4671 ὅτι
853 4620 959 4690 πρὸ
1005 4621 1099 4675 τοῦ
1161 4624 1389 4690 πάθους,
1449 4627 1639 4702 ὥσπερ
1688 4633 1784 4686 καὶ

209 4704 342 4767 τοὺς
405 4706 660 4778 μαθητὰς
706 4709 1072 4777 ἀπεσταλκὼς
1121 4714 1336 4771 δίδωσιν
1376 4717 1648 4785 ἐξουσίαν,
1679 4721 1785 4779 πᾶ-

209 4811 338 4850 σαν
363 4798 554 4853 νόσον
579 4801 678 4855 καὶ
735 4798 944 4859 πᾶσαν
976 4809 1281 4876 μαλακίαν
1323 4813 1673 4880 θεραπεύειν
1695 4831 1710 4847 ο
1748 4817 1782 4886 ἦ

209 4904 300 4951 τις
323 4887 411 4942 διὰ
433 4890 530 4961 τῆς
556 4892 664 4946 τῶν
689 4897 1140 4968 προσευχομένων
1165 4896 1324 4970 [(ὶοιΙ.
1381 4903 1511 4973 Reg.
1549 4921 1786 4977 προπερ-

211 4981 488 5054 χομένωνι
549 4987 840 5055 μετανοίας
886 4990 980 5042 καὶ
1017 4991 1390 5058 ὑποπτώσεως
1438 4996 1740 5078 ὲδεδὼρητο
1767 5017 1782 5032 ’

210 5072 300 5135 τίς
327 5075 358 5144 ἡ
399 5075 648 5148 τολμηρὰ
679 5079 904 5147 γλῶσσα
929 5083 1377 5156 ἐπιφθεγγομένη
1412 5087 1486 5160 μὴ
1515 5072 1787 5164 τεθαρῤη-

213 5165 372 5218 κέναι
395 5167 651 5237 Χριστὸν,
677 5171 787 5242 πρὸ
814 5171 909 5226 τοῦ
931 5176 1061 5244 πρὶν
1079 5177 1260 5230 πᾶσαν
1291 5179 1653 5252 ὀφειλομένην
1673 5189 1787 5248 τοῖς

213 5254 314 5308 τοῦ
355 5256 566 5313 δικαίου
601 5263 860 5334 σταθμοῖς
900 5282 959 5318 τε
987 5267 1086 5319 καὶ
1125 5266 1312 5337 ζυγοῖς
1343 5270 1410 5324 δι’
1441 5273 1636 5328 ἑαυτοῦ
1684 5292 1784 5328 κα-

212 5347 482 5403 ταθέσθαι
538 5352 755 5408 δικαίαν
810 5357 1123 5430 τιμωρίανο
1181 5364 1477 5418 κάντεῦθεν
1526 5368 1786 5439 ἐπιτιμᾷν

216 5443 334 5502 τοῖς
363 5441 461 5513 τῆς
488 5450 785 5514 μετανοίας
835 5451 1258 5523 ἀναδεξαμένοις
1293 5455 1392 5528 τὴν
1427 5461 1741 5531 οἰκονομίαν
1770 5479 1782 5491 ·

215 5533 294 5596 ὡς
321 5535 612 5608 τολμηροῖς
661 5544 753 5594 καὶ
785 5543 1165 5616 ὑπερηφάνοις
1193 5564 1207 5579 ο
1247 5550 1320 5618 μὴ
1353 5551 1620 5624 πρότερον
1646 5552 1790 5607 ἄπα-

222 5642 326 5681 σαν
355 5627 645 5686 ἁποτίσαοι
678 5634 778 5705 τὴν
809 5636 903 5689 τοῦ
939 5638 1150 5694 δικαίου
1187 5642 1524 5714 αὐστηρίανς
1569 5645 1602 5715 ἢ
1632 5647 1790 5715 δῆλον

302 5805 344 5836 ἰδ
378 5805 567 5866 Matth.
606 5825 680 5880 ix,
721 5811 776 5869 2.
851 5815 894 5847 ⁸⁵
926 5815 1057 5874 Luc.
1090 5834 1184 5886 vn,
1221 5819 1306 5878 ll.
1383 5822 1426 5854 “
1454 5821 1611 5878 Joan.
1647 5839 1695 5889 ν,
1729 5824 1810 5880 14.

1890 4632 2046 4700 Quod
2081 4634 2126 4688 si
2163 4633 2509 4690 manifestum
2562 4638 2816 4694 omnibus
2885 4639 3307 4710 confessumque
3363 4649 3467 4707 est,

1893 4735 2020 4782 ante
2058 4728 2366 4797 passionem
2399 4738 2593 4798 gesta:
2633 4733 3090 4800 quemadmodum
3129 4741 3184 4788 et
3221 4734 3470 4803 discipu-

1894 4817 1961 4873 lis
1997 4832 2140 4888 quos
2192 4818 2364 4882 misit,
2407 4821 2554 4875 dedit
2589 4830 2939 4890 potestatem,
2968 4833 3023 4877 ut
3077 4834 3327 4879 curarent
3356 4842 3470 4880 om-

1891 4926 2008 4964 nem
2045 4911 2352 4982 languorem
2381 4921 2432 4966 et
2462 4929 2665 4966 omnem
2699 4915 3061 4984 inﬁrmitatem
3085 4917 3163 4972 δτι
3197 4933 3317 4987 qua:
3338 4934 3468 4987 pro-

1891 5013 2009 5073 pter
2037 5007 2377 5073 precantium
2411 5005 2782 5074 ptenitentiam
2809 5022 2872 5064 ac
2891 5009 3312 5066 submissionem
3339 5011 3463 5067 data

1893 5101 2020 5151 est:
2061 5105 2264 5164 quanta
2305 5098 2532 5152 audacia
2563 5109 2646 5155 est
2695 5100 2892 5172 linguai
2923 5101 3170 5168 dicentis,
3213 5121 3318 5161 non
3364 5121 3467 5161 au-

1893 5202 2015 5243 sum
2065 5202 2188 5243 esse
2241 5187 2542 5256 Christum,
2611 5203 2901 5263 antequam
2963 5195 3199 5252 debitam
3257 5199 3468 5254 meritis

1893 5296 2110 5352 poenam
2141 5297 2359 5338 onmem
2381 5287 2447 5339 ad
2485 5284 2626 5356 juris
2676 5288 2941 5343 trutinam
2990 5299 3045 5344 et
3083 5299 3338 5346 stateram
3371 5307 3469 5362 per

1898 5388 1957 5428 se
1984 5375 2219 5444 quisque
2248 5375 2485 5433 solveret
2517 5394 2532 5433 :
2562 5387 2726 5449 atque
2748 5379 2954 5435 idcirco
2983 5380 3050 5435 iis
3074 5382 3168 5450 qui
3201 5383 3468 5450 paeniten-

1893 5464 2023 5520 tiam
2063 5464 2391 5534 admittunt,
2429 5470 2890 5541 dispensationem
2941 5475 3270 5543 exprobrare
3295 5515 3310 5539 ,
3345 5483 3468 5528 tan-

1898 5571 2062 5626 quam
2113 5560 2410 5618 audacibus
2459 5577 2524 5616 ac
2579 5564 2862 5633 superbis,
2904 5565 3007 5618 nisi
3061 5579 3276 5619 omnem
3317 5568 3468 5636 prius

1895 5647 2036 5718 juris
2087 5649 2320 5722 rigorem
2359 5655 2732 5726 expleverint?
2763 5655 2956 5714 Nonne
3012 5657 3128 5714 haec
3184 5657 3469 5715 manifeste

1889 5828 1932 5859 ετ
1959 5827 2149 5886 Matth.
2176 5846 2232 5899 ι,
2259 5833 2306 5887 ι.
