4060 6374
597 317 724 383 1511

1771 325 1830 385 S.
1863 324 2257 387 THEODORI
2300 329 2650 395 STUDlTJE

3695 341 3836 410 1512

588 437 910 494 Pharisaicte
953 440 1150 496 mentis
1205 440 1539 512 objurgatio,
1577 457 1640 499 ac
1678 441 2004 500 Novatiana:
2035 459 2163 500 cru-

2267 449 2348 502 ὃτι
2377 453 2716 524 Φαρισαῖκῆς
2747 453 2988 519 διανοίας
3019 457 3051 526 ἡ
3081 455 3393 527 ἐπίπληξις,
3418 458 3515 512 καὶ
3551 461 3835 520 Naucra-

584 524 821 584 delitatis
847 531 1146 600 prohibitio
1178 544 1264 590 est.
1303 533 1328 588 ?
1355 533 1485 589 Vide
1508 534 1690 604 igitur,
1717 549 1751 588 o
1781 534 1882 598 vir,
1909 543 1988 599 ut,
2031 547 2083 590 te
2107 535 2160 590 in

586 620 818 678 sublime
867 623 1122 690 efferens,
1157 626 1210 681 iu
1264 627 1623 698 praecipitium
1673 629 1972 693 corrueris,
2007 637 2163 684 extra

586 715 838 786 proprios
905 715 1040 773 fines
1072 727 1127 773 et
1169 720 1441 775 cancellos
1483 733 1772 788 egressus,
1809 735 1906 774 nec
1941 735 2165 776 servans

587 821 713 862 eum
742 808 854 878 quo
888 810 1141 876 praeditus
1166 825 1224 863 es
1267 809 1548 880 dignitatis
1589 811 1859 881 gradum?
1883 808 2000 866 Non
2032 811 2165 882 legi-

590 897 659 954 sti
696 914 910 955 omnem
933 901 1244 972 episcopum
1281 903 1426 958 sedis
1473 903 1664 959 alienae
1701 905 2028 968 iuvasorcm,
2062 923 2164 962 ex-

589 990 1048 1047 communicatum
1105 1008 1225 1046 esse
1251 993 1274 1047 ἲ
1305 991 1428 1048 Non
1483 996 1774 1066 mittebam
1802 1013 1887 1051 eos
1921 1037 1937 1061 ,
1962 998 2160 1068 inquit,

588 1090 638 1134 et
668 1082 771 1144 ipsi
822 1083 1198 1151 prop/tetabmtt
1236 1083 1299 1138 ⁸⁸.
1347 1085 1409 1140 Et
1445 1102 1464 1140 :
1496 1085 1608 1139 Nec
1665 1089 1944 1158 quisquam
2000 1090 2163 1144 sumit

588 1171 690 1224 sibi
732 1171 1023 1239 honorem,
1053 1175 1144 1227 sed
1175 1175 1268 1245 qui
1336 1183 1553 1230 vocatur
1585 1196 1618 1230 ιι
1647 1177 1780 1232 Deo.
1811 1177 1903 1232 Sic
1925 1187 1974 1233 et
2005 1177 2163 1234 Chri-

587 1271 702 1316 stus
736 1278 836 1316 non
865 1266 1202 1335 semetipsum
1237 1269 1550 1337 clariﬁcavit
1577 1280 1630 1322 ut
1673 1269 1919 1341 Pontifex
1955 1271 2104 1341 ﬁe'ret
2134 1289 2153 1328 :

588 1354 1055 1423 quemadmodum
1091 1359 1352 1428 scriptum
1395 1370 1509 1426 est,
1569 1362 1659 1415 sed
1697 1364 1788 1433 qui
1841 1363 2046 1417 locutus
2084 1374 2162 1419 est

587 1446 659 1500 ad
686 1463 804 1501 eum
834 1460 856 1502 :
889 1447 966 1502 Tu
1001 1467 1052 1527 es
1077 1453 1319 1504 sacerdos
1343 1453 1394 1505 in
1423 1452 1676 1506 retentum
1706 1457 1990 1508 secundum
2013 1456 2162 1510 ordi-

585 1554 702 1594 nem
733 1537 1114 1596 Melchisedech
1148 1541 1215 1597 δ’.
1247 1541 1323 1598 Te
1360 1559 1508 1612 vero,
1544 1545 1727 1608 frater,
1764 1546 1889 1615 quis
1918 1547 2156 1614 vocavit,

587 1642 682 1687 aut
739 1632 865 1704 quis
923 1633 1290 1705 legislatorcm
1352 1637 1635 1692 cunstituit
1677 1639 1728 1692 in
1766 1639 2006 1695 Ecclesia
2044 1639 2160 1704 Dei,

585 1725 679 1795 qui
705 1741 880 1796 neque
918 1729 1109 1796 parere
1143 1727 1284 1784 forte
1326 1729 1564 1786 didicisti
1599 1731 1622 1785 ?
1653 1731 1726 1788 Ac
1762 1732 1989 1801 proinde
2033 1749 2158 1789 cum

585 1817 736 1872 visus
766 1819 1004 1874 nondum
1031 1819 1109 1876 sis
1167 1823 1421 1890 cuiquam
1466 1822 1732 1892 imperare
1771 1843 1784 1878 :
1819 1824 1987 1892 legem
2016 1826 2160 1882 acci-
2195 1805 2238 1864 Β

586 1924 714 1979 pere
744 1919 794 1965 te
818 1911 999 1967 verius
1035 1921 1117 1968 est
1143 1925 1306 1984 Quam
1333 1916 1629 1984 impellere,
1659 1931 1820 1972 manu
1855 1918 1965 1989 regi
1995 1934 2159 1988 quam

589 2013 794 2068 regere,
847 1999 1026 2056 lucem
1083 2003 1321 2057 mutuari
1371 2018 1537 2074 quam
1591 2005 1908 2077 impertiri,
1949 2007 2163 2065 discere

583 2103 748 2160 quam
777 2091 976 2149 docere
1009 2111 1023 2148 :
1064 2108 1119 2148 et
1141 2110 1206 2150 ex
1235 2095 1312 2152 rei
1351 2095 1550 2165 prioris
1573 2099 1946 2169 experimento
1983 2101 2049 2156 ad
2085 2101 2164 2156 al-

583 2191 758 2238 teram
809 2184 1038 2254 gradum
1069 2185 1251 2242 facere
1287 2188 1789 2258 :quemadmodum
1848 2189 1950 2246 fert
1979 2191 2162 2248 divina

583 2276 690 2341 lex,
707 2278 922 2348 egregie
943 2279 1139 2337 divinis
1158 2281 1522 2354 humanisque
1541 2284 1829 2339 sententiis
1843 2289 2160 2340 constituta.

653 2369 840 2440 Neque
888 2372 1033 2426 enim
1073 2373 1154 2428 sic
1180 2375 1579 2444 existimemus,
1613 2392 1646 2429 ο
1675 2377 1868 2442 amice,
1902 2377 1947 2432 si
1977 2377 2071 2448 qui
2094 2392 2164 2432 ex

582 2462 792 2517 insulsa
821 2465 1084 2531 sapientia
1121 2465 1300 2521 sciant
1336 2467 1566 2537 aliquid,
1590 2483 1656 2523 ac
1683 2467 1954 2523 nefarium
1987 2469 2163 2525 incul-‘

581 2565 706 2610 cent
759 2570 1092 2622 sermonem,
1119 2572 1186 2612 ea
1218 2574 1276 2613 re
1306 2559 1486 2630 legum
1528 2559 1730 2616 latores
1765 2560 1902 2616 ellici
1939 2579 1952 2616 :
1983 2562 2161 2632 siqui-'-

579 2649 703 2704 dem
746 2659 801 2705 et
834 2650 1086 2709 Moabitis
1127 2662 1183 2710 et
1225 2653 1558 2712 Ammonitis
1593 2656 1777 2711 aditus
1817 2655 1884 2711 ad
1915 2655 2161 2712 divinum

578 2741 752 2796 altare
794 2756 901 2796 non
946 2741 1163 2813 patuit:
1192 2745 1286 2800 sed
1341 2760 1482 2816 quos
1507 2746 1710 2802 Christi
1742 2746 2006 2802 imitatrix
2028 2746 2162 2802 ohe-‘-

578 2833 784 2890 dientia
830 2835 1162 2905 probaverit,
1193 2853 1332 2908 quos
1371 2839 1633 2894 diuturna
1664 2840 1925 2911 patientia
1975 2840 2162 2910 exploé

579 2926 803 2987 raverit,
854 2940 995 2996 quos
1049 2928 1363 2998 evangelica
1409 2927 1658 2983 doctrina
1715 2929 2013 2999 perfecerit
2052 2929 2161 2985 :-si

579 3033 707 3071 vero
733 3017 897 3072 etiam
918 3028 1140 3074 externa
1172 3020 1336 3086 adsit,
1359 3036 1467 3075 non
1495 3023 1840 3091 aSpernauda
1870 3038 1884 3076 :
1911 3021 1956 3076 si
1977 3031 2158 3076 tamen

580 3111 890 3168 humilitate
928 3116 1015 3168 est
1058 3122 1357 3178 exornata,
1420 3113 1467 3168 si
1510 3114 1838 3185 evangelicae
1897 3113 2161 3170 doctrinae

581 3203 894 3274 subjicitur,
923 3219 1024 3258 uec
1055 3205 1295 3276 propriis
1326 3205 1539 3275 placitis
1586 3206 1872 3263 insolescit
1911 3225 1923 3262 :
1957 3209 2160 3278 quibus

579 3297 674 3366 qui
700 3297 1028 3368 gloriantur,
1077 3307 1334 3368 tanquam
1362 3299 1671 3355 arundineo
1723 3300 1897 3356 innixi
1941 3301 2159 3370 baculo,

580 3389 778 3444 merito
805 3398 1026 3459 accepta
1045 3389 1204 3459 plaga
1232 3388 1674 3461 confringuntur.
1700 3391 1926 3457 Verum,
1953 3391 2158 3461 inquis,

581 3484 697 3538 zelo
749 3481 955 3536 solatus
1015 3497 1132 3536 sum
1191 3498 1288 3554 pro
1340 3482 1570 3537 Domino
1588 3483 1656 3548 5°,
1708 3498 1809 3539 nec
1859 3484 2164 3540 tolerabilia

581 3583 711 3629 sunt
758 3589 822 3629 ea
884 3589 1006 3644 qua:
1064 3575 1338 3630 videntur.
1372 3576 1440 3630 At
1480 3575 1569 3630 ubi
1600 3575 1780 3638 nobis,
1810 3576 1894 3632 vir
1932 3577 2158 3646 Optime,

581 3665 885 3737 prophetia:
917 3659 1170 3722 donum?
1201 3667 1291 3722 ulti
1333 3683 1491 3723 mons
1546 3667 1866 3724 Carmelus?
1897 3669 1986 3723 ubi
2035 3669 2161 3724 coeli

581 3759 796 3815 claves?
823 3760 912 3814 ubi
945 3761 1164 3830 pallium
1209 3761 1506 3816 Jordanem
1546 3761 1815 3825 dividens,
1852 3761 2000 3832 quod
2035 3778 2161 3817 cum

583 3853 729 3908 dono
761 3851 1246 3923 spiritusduplicis
1273 3851 1466 3909 Elisaao
1487 3853 1778 3925 obtigit“?
1811 3855 1980 3912 Nobis
2032 3870 2162 3910 vero

584 3945 688 4002 etsi
714 3948 919 4001 donum
955 3945 1175 4016 aliquod
1209 3945 1474 4012 iuest,cui
1507 3943 1904 4017 relinquemus,
1937 3947 2030 4017 qui
2060 3962 2163 4002 nec

584 4037 911 4109 discipulum
962 4037 1267 4092 habemus?
1309 4035 1428 4092 Jam
1490 4037 1675 4109 itaque
1731 4038 2047 4106 videamus,
2097 4055 2164 4094 ne

585 4129 798 4200 majora
826 4128 1037 4186 viribus
1085 4138 1404 4200 appetentes
1425 4168 1443 4192 .
1487 4145 1516 4185 a
1543 4129 1708 4203 justis
1738 4133 1900 4187 etiam
1931 4149 1994 4188 ac
2027 4131 2160 4203 legi-

586 4224 738 4280 timis
763 4222 1081 4279 cxcidamus
1119 4241 1134 4278 :
1173 4238 1305 4279 neve
1339 4223 1570 4280 culicem
1599 4224 1933 4292 cxcolautes,
1966 4225 2162 4296 glutia—

587 4330 712 4371 mus
742 4315 1012 4370 camelum
1030 4313 1076 4346 ⁸²
1111 4333 1124 4369 :
1157 4324 1254 4370 aut
1299 4315 1566 4372 festucam
1616 4331 1685 4372 ex
1709 4315 1884 4372 oculis
1931 4315 2163 4371 fratrum

589 4405 776 4463 tollere
823 4415 1124 4475 tentantes,
1162 4407 1265 4479 ipsi
1317 4409 1526 4464 trabem
1580 4408 1638 4464 in
1671 4409 1868 4476 oculis,
1902 4420 1962 4465 ut
2003 4409 2164 4480 vulgo

2265 543 2420 612 νικῆς
2460 545 2858 616 ἀπανθρωπίας
2893 549 2927 619 ἡ
2979 545 3389 622 ἀπαγόρευσις;
3422 552 3573 624 Ὅρα
3622 553 3692 625 δὴ
3738 556 3839 614 οὖν

2264 632 2474 699 λοιπδν,
2505 630 2550 688 ὧ
2582 636 2738 706 ἄνερ,
2773 635 2886 693 οἷον
2919 640 3427 714 ἀπομετεωρισθεὶς
3459 650 3842 718 κατεκρημνι.

2266 728 2421 798 σθης,
2457 729 2566 784 τῶν
2594 729 2816 786 οἰκείων
2835 732 3054 804 μέτρων
3086 733 3309 802 ἐκστὰς,
3342 737 3438 790 καὶ
3469 737 3546 809 μὴ
3579 755 3847 809 συντετη-

2267 821 2452 893 ρηκὼς
2476 823 2655 894 ἐαυτῷ
2686 824 2746 877 τὸ
2776 825 2896 878 ἐνόν
2935 843 3020 879 σοι
3065 827 3313 900 ἀξίωμα;
3353 832 3423 884 Ἦ
3454 832 3559 884 ούκ
3589 831 3846 900 ἀνέγνως

2261 913 2335 976 ὡς
2377 916 2487 979 πᾶς
2524 915 3082 987 ἀλλοτριοεπίσκοπος
3131 921 3509 991 ὲκκήρυκτος;
3555 923 3674 976 Kal
3729 925 3846 977 οὐκ

2262 1004 2647 1060 ἀπέστελλον
2663 1006 2905 1074 αὐτοὺς,
2938 1009 3097 1078 φησὶ,
3117 1011 3215 1064 καί
3240 1012 3681 1081 προεφήτευον.
3707 1014 3840 1076 Καὶ,

2267 1099 2390 1166 οὐχ
2418 1095 2611 1162 ἐαυτῷ
2642 1108 2735 1163 τις
2763 1096 2880 1166 τὴν
2929 1098 3110 1168 τιμὴν
3135 1100 3453 1170 λαμϐάνει,
3495 1103 3641 1158 ἀλλ’
3673 1107 3708 1158 ὀ
3741 1123 3848 1159 κα-

2261 1191 2559 1259 λούμενος
2604 1191 2724 1246 ὑπὸ
2757 1191 2863 1246 τοῦ
2905 1191 3078 1247 Θεοῦ.
3136 1191 3337 1258 θῦτως
3365 1195 3463 1248 καὶ
3517 1198 3553 1250 ὁ
3584 1197 3848 1264 Χριστὸς

2263 1281 2374 1348 οὐχ
2409 1275 2627 1334 ἑαυτὸν
2645 1277 2903 1346 ἐδόξαὰε
2930 1283 3209 1352 γενέσθαι
3232 1284 3514 1354 ἀρχιερέα
3544 1301 3560 1316 ·
3600 1289 3749 1342 κατά
3785 1289 3847 1342 τὺ

2261 1373 2650 1443 γεγραμμένον
2673 1389 2687 1404 ο
2727 1373 2869 1428 ἀλλ’
2898 1377 2933 1429 d
2956 1373 3243 1444 λαλήσας
3289 1378 3441 1444 πρὸς
3469 1380 3664 1431 αὐτόν
3688 1395 3705 1408 ⁸
3757 1380 3846 1433 Σὺ

2263 1463 2456 1531 ἱερεὺς
2488 1460 2545 1518 εἷ
2569 1459 2656 1532 εἰς
2678 1465 2785 1520 τὸν
2805 1463 2994 1520 αιῶνα
3014 1465 3167 1519 κατὰ
3195 1465 3310 1534 τὴν
3329 1467 3508 1531 τάξιν
3537 1471 3846 1538 Μελχισε-

2261 1555 2389 1612 δέκ.
2414 1551 2481 1610 Σὲ
2510 1557 2566 1612 δὲ
2599 1558 2684 1621 τίς
2739 1557 3041 1629 κέκληκεν,
3073 1558 3289 1628 ἀδελφὲ,
3323 1559 3408 1624 τίς
3440 1559 3497 1613 δὲ
3530 1562 3846 1632 κατέστησε

2262 1649 2559 1721 νομοθέτην
2585 1651 2678 1704 ἐπὶ
2721 1650 2822 1721 τῆς
2885 1649 3218 1721 Ἐκκλησίας
3262 1651 3359 1705 τοῦ
3398 1651 3563 1715 Θεοῦ,
3609 1652 3672 1715 ὃς
3707 1655 3846 1724 μηδὲ

2265 1741 2528 1816 ἄρχεσθαι
2566 1743 2729 1814 τυχὸν
2764 1742 3145 1814 μεμαθηκὼς;
3179 1745 3305 1798 Κάκ
3322 1744 3515 1798 τούτου
3539 1744 3616 1815 μὴ
3649 1745 3846 1815 ἄρχειν

2265 1834 2410 1898 τινὸς
2438 1833 2872 1906 τεθεωρημένος,
2905 1834 3144 1904 ὀφείλεις
3172 1834 3588 1906 νομοθετεῖσθαι
3636 1835 3845 1906 μᾶλλον

2263 1913 2634 1999 ἢνομοθετεῖν
2673 1943 2687 1959 ο
2723 1927 3190 1998 χειραγωγεῖσθαι
3236 1927 3438 1998 μᾶλλον
3475 1926 3510 1999 ἢ
3563 1944 3848 1998 χειραγω-

2265 2019 2418 2087 γεῖν·
2456 2011 2782 2088 φωτίζεσθαι
2834 2017 2868 2087 ἢ
2922 2017 3181 2088 φωτίζειν
3211 2036 3226 2051 ο
3283 2018 3640 2074 διδάσκεσθαι
3695 2020 3732 2090 ἢ
3764 2019 3848 2072 δι-

2264 2110 2484 2165 δάσκειν
2519 2127 2533 2140 ο
2562 2112 2674 2164 κάκ
2693 2110 2795 2180 τῆς
2815 2109 2908 2164 τοῦ
2942 2110 3214 2181 προτέρου
3258 2110 3456 2184 πείρας
3494 2112 3594 2166 ἐπὶ
3614 2111 3681 2165 τὺ
3725 2110 3850 2164 δεύ-

2263 2219 2420 2275 τερον
2441 2202 2649 2257 ἀνιέναι
2680 2217 2694 2230 '
2727 2203 2920 2274 ὥσπερ
2948 2202 3013 2273 δὴ
3039 2201 3182 2266 θεῖος
3218 2203 3387 2274 νόμος
3435 2204 3534 2257 καὶ
3564 2203 3846 2257 κάλλιστα

2264 2293 2404 2365 ἔχων
2422 2297 2524 2350 κάν
2545 2297 2657 2358 τοῖς
2679 2293 2865 2358 θείοις,
2884 2293 2987 2346 κάν
3013 2293 3124 2371 τοῖς
3151 2292 3513 2365 ἀνθρωπίνοις
3534 2293 3850 2365 ἀξιῶμασω

2334 2385 2427 2456 Μὴ
2459 2384 2569 2456 γὰρ
2605 2382 2868 2455 οἰώμεθα,
2896 2377 2942 2437 ῶ
2973 2381 3116 2453 φίλε,
3145 2382 3206 2436 τὸ
3235 2383 3301 2436 ὲκ
3328 2383 3428 2453 τῆς
3457 2382 3851 2454 μωρανθείπς

2263 2480 2458 2548 σοφίας
2487 2479 2688 2532 εἰδέναι
2719 2493 2774 2530 τι
2803 2474 3162 2553 φθέγγεσθαι,
3196 2474 3290 2528 καὶ
3320 2474 3652 2546 ἐπίτριπτον
3688 2475 3848 2542 λόγον

2264 2570 2688 2635 συνεισᾶίλλειν,
2716 2568 2877 2622 τοῦτο
2915 2566 3208 2637 καθίστησι
3233 2565 3554 2637 νομοθέτας·
3593 2567 3727 2619 ἐπεὶ
3756 2566 3850 2620 και

2261 2662 2578 2726 Μωαϐίταις
2604 2662 2700 2714 καὶ
2731 2659 3093 2732 Ἀμμανίταις
3117 2659 3218 2712 ούκ
3246 2657 3516 2728 είσιτητδν
3545 2657 3852 2730 θυσιαστήο

2263 2774 2400 2831 ριοψ
2432 2756 2547 2811 ἀλλ’
2570 2754 2662 2819 οὓς
2689 2752 2907 2824 ὑπακοὴ
2934 2752 3368 2825 χριστομίμητος
3398 2751 3728 2823 ἐδοκίμασε,
3761 2754 3852 2806 καὶ

2262 2847 2618 2920 πολυχρόνιος
2649 2842 2898 2917 ὑπομονὴ
2926 2841 3299 2915 ἐμαρτύρησε,
3332 2843 3427 2897 καὶ
3481 2843 3852 2912 εὖαγγελικδς

2261 2941 2420 3012 λόγος
2452 2940 2787 2994 ἐτελείωσεν·
2845 2939 2893 2992 εί
2948 2937 3007 2991 δὲ
3049 2937 3142 2990 καὶ
3191 2935 3516 3008 ὲξωτερικδς
3549 2935 3850 3006 πάρεστιν,

2261 3035 2362 3088 οὐκ
2388 3035 2614 3105 ἄχαριςο
2645 3030 2762 3100 είγε
2793 3024 2897 3083 ὑπὸ
2926 3027 3427 3100 ταπεινοφροσύνης
3472 3028 3848 3099 κεκόσμηται,

2187 3147 2232 3206 C
2262 3127 2356 3181 καὶ
2379 3124 2483 3179 ὑπὸ
2503 3123 2598 3178 τοῦ
2629 3120 2986 3192 εύαγγελικοῦ
3012 3119 3419 3192 ἡγεμονεύοιτο·
3454 3119 3596 3174 ἀλλά
3627 3120 3710 3193 μὴ
3739 3123 3853 3184 τοῖς

2263 3219 2486 3283 οἰκείοις
2517 3215 2824 3287 ἀξιώμασιν
2851 3215 3230 3285 ἐναϐρύνεται·
3261 3209 3344 3278 οἷς
3381 3214 3427 3267 oi
3471 3214 3852 3287 ἐναϐρυνόμε.

2260 3329 2363 3373 νοι,
2400 3311 2476 3373 ὡς
2500 3309 2594 3362 ἐπὶ
2620 3305 2900 3378 καλαμίνῃ
2937 3303 3117 3377 ῥάϐδῳ
3149 3305 3577 3375 ὲπερειδὸμενοι,
3614 3304 3850 3368 εἰκότως

2261 3399 2690 3472 τιτρωσκόμενοι
2725 3396 3186 3468 διαταράσσονται.
3229 3395 3416 3461 Ἀλλὰ,
3455 3394 3615 3465 φησὶ,
3649 3392 3851 3462 ζηλῶν

2261 3489 2528 3557 ἐζήλωκα
2557 3487 2638 3554 τῷ
2676 3484 2890 3556 Κυρίῳ,
2925 3486 3020 3540 καὶ
3066 3485 3169 3539 ούκ
3204 3486 3407 3540 ἀνεκτά
3449 3487 3522 3538 τά
3555 3485 3848 3555 ὁρώμενα.

2262 3581 2374 3635 Καὶ
2418 3578 2519 3634 ποῦ
2559 3579 2692 3650 ἡμῖν
2728 3578 2791 3632 τὸ
2815 3580 2916 3648 τῆς
2961 3576 3302 3648 προφητείας
3343 3576 3614 3648 χάρισμα,
3640 3569 3688 3629 ὧ
3722 3575 3852 3646 βέλ-

2261 3685 2445 3736 τιστες
2475 3671 2572 3726 καὶ
2603 3669 2707 3724 ποῦ
2745 3670 2808 3723 τδ
2847 3669 3171 3740 Καρμήλιον
3199 3668 3358 3736 ὅρος;
3389 3669 3484 3722 καὶ
3513 3667 3619 3722 ποῦ
3658 3669 3724 3721 αί
3754 3669 3854 3722 ού-

2264 3765 2445 3837 ράνιαι
2477 3763 2658 3828 κλεῐς;
2687 3763 2780 3817 καὶ
2808 3762 2911 3818 πού
2951 3763 2986 3833 ἡ
3031 3761 3394 3832 διατέμνουσα
3425 3762 3517 3815 τὸν
3565 3760 3852 3833 Ἰορδάνην

2265 3855 2510 3929 μηλωτὴ,
2541 3857 2598 3909 ὲν
2636 3854 2808 3926 διπλῷ
2832 3855 3135 3926 χαρίσματι
3170 3854 3250 3924 τῷ
3302 3853 3593 3925 Ἐλισσαίῳ
3620 3855 3852 3924 ἐπιφοι-

2261 3949 2508 4020 τήσασας
2552 3947 2684 4018 ἡμῖν
2729 3945 2786 3997 δὲ
2833 3947 2882 4000 εί
2926 3945 3021 4000 καί
3067 3963 3119 3999 τι
3166 3947 3402 4015 πάρεστι
3430 3945 3706 4017 χάρισμα,
3739 3945 3857 4000 τίνι

2262 4037 2674 4092 καταλειπτέον·
2709 4036 2845 4108 μηδὲ
2867 4035 3126 4109 φοιτητὴν
3153 4037 3366 4108 ἔχουσιν
3392 4055 3406 4103 ;
3431 4036 3596 4090 Ὅθεν
3616 4037 3856 4090 atomi:-

2267 4147 2366 4202 μεν
2393 4129 2492 4201 ήδη
2539 4130 2734 4202 μήπως
2770 4129 2878 4183 τῶν
2922 4129 3063 4200 ὑπὲρ
3108 4130 3340 4202 δύναμιν
3389 4129 3698 4201 ἐφιέμενοι,
3751 4130 3854 4183 καὶ
3945 4181 3962 4192 ,

2262 4221 2372 4276 τῶν
2405 4222 2642 4294 μετρίων
2675 4222 3078 4293 ἀποτύχοιμενο
3113 4222 3250 4294 μηδὲ
3279 4223 3372 4276 τὸν
3403 4220 3646 4276 κώνωπα
3667 4222 3852 4276 διῦλξ-

2265 4314 2468 4379 (οντες,
2495 4313 2594 4384 τὴν
2624 4313 2870 4387 κάμηλον
2899 4314 3308 4385 καταπίνωμεν·
3335 4314 3368 4384 ἢ
3403 4315 3500 4368 καὶ
3534 4313 3607 4366 τά
3647 4314 3849 4385 κάρφη

2265 4408 2332 4461 ὲκ
2372 4405 2482 4462 τῶν
2508 4406 2804 4480 ὀφθαλμῶν
2831 4407 2940 4462 τῶν
2971 4407 3215 4478 ἀδελφῶν
3242 4407 3480 4479 ἐξαίρειν
3510 4407 3848 4479 δοκιμάζον-

585 4499 811 4567 dicitur,
841 4509 1055 4572 gestare
1076 4500 1358 4557 videamur
1377 4499 1423 4536 ⁸³
1452 4517 1466 4556 :
1499 4511 1786 4574 propterea
1815 4506 1958 4572 quod
1987 4503 2076 4557 hic
2109 4513 2162 4557 et

2264 4517 2377 4565 τες,
2408 4500 2567 4554 αὐτοὶ
2596 4501 2696 4574 τὴν
2728 4501 2882 4555 δοκὸν
2922 4501 3017 4554 ἐπὶ
3048 4500 3156 4554 τῶν
3196 4500 3492 4572 ὀφθαλμῶν
3521 4501 3598 4572 μὴ
3629 4500 3849 4556 δοκοῦνί

590 4591 700 4648 illic
756 4606 1150 4647 convert-amur
1201 4600 1258 4648 et
1300 4593 1686 4659 convivamur,
1723 4593 1849 4662 jure
1893 4593 2158 4646 damnati,

594 4701 614 4738 ι
666 4681 878 4744 Atille.
932 4683 1128 4755 inquit,
1171 4686 1297 4740 ficte
1350 4684 1708 4756 simulateque
1741 4684 2030 4741 confessus
2059 4694 2162 4750 est,

591 4784 749 4845 turpe
789 4773 1003 4832 facinus
1033 4791 1194 4832 suum
1247 4777 1530 4834 occultans
1582 4795 1597 4832 :
1640 4777 1781 4834 alius
1832 4777 2163 4848 impietatem

591 4869 800 4935 celans,
818 4869 923 4925 alia
950 4885 1050 4942 pro
1078 4871 1200 4927 aliis
1224 4880 1411 4927 narrat
1443 4888 1457 4926 :
1485 4886 1594 4942 quo
1623 4870 1807 4942 itaque
1853 4879 2012 4942 pacto
2053 4886 2167 4926 me-

2264 4608 2357 4654 τες
2386 4591 2660 4662 φέρωμεν·
2691 4592 2752 4645 τὸ
2798 4592 2861 4661 δὴ
2897 4591 3209 4663 λεγόμενονο
3245 4591 3304 4657 ἐξ
3350 4586 3426 4647 ῶν
3474 4609 3846 4664 συναναστρεδ-

2271 4682 2484 4753 φῧμεθα
2521 4684 2617 4736 καὶ
2644 4683 2995 4753 συνεσθίομεν
3022 4677 3123 4738 ὧδε
3157 4684 3400 4745 κάκεῖσε,
3427 4686 3844 4754 καταγινωσκό-

2276 4791 2445 4846 μενοι.
2485 4793 2503 4826 ι
2551 4773 2608 4828 '0
2639 4774 2810 4840 δεῖνα,
2861 4774 3016 4845 φησὶ,
3061 4775 3271 4844 ψευδῶς
3309 4774 3665 4846 ὲξηγόρευκε,
3710 4778 3848 4848 κρύ-

2275 4873 2422 4923 πτων
2455 4867 2516 4922 τὸ
2548 4868 2774 4941 αἰσχρὸν
2802 4866 2969 4922 αὐτοῦ
3017 4868 3356 4940 ἁμάρτημ’
3397 4869 3494 4923 καὶ
3519 4868 3678 4933 ἄλλος
3709 4869 3847 4940 κρύ-

592 4960 750 5017 dicus
766 4973 1043 5020 asseveret
1071 4963 1375 5021 sanationis
1402 4965 1500 5020 hos
1526 4981 1650 5021 esse
1671 4962 1986 5035 compotes?
2005 4982 2024 5016 ι
2049 4961 2163 5019 Non

2271 4958 2379 5030 ψας
2406 4958 2469 5013 τὸ
2505 4959 2782 5033 ἀσέϐημα,
2822 4960 2986 5034 ἕτερα
3019 4960 3137 5015 ἀνθ’
3168 4961 3372 5035 ἐτέρων
3392 4961 3694 5032 ἰξηγεϊται.
3733 4962 3846 5016 Καὶ

594 5048 756 5109 ﬁdem
808 5053 929 5120 hoc,
982 5070 1016 5110 ο
1069 5055 1212 5110 bone
1243 5055 1347 5120 vir,
1378 5054 1470 5110 sed
1505 5069 1688 5110 acrem
1727 5052 2163 5125 objurgationcm

2276 5051 2393 5116 πῶς
2436 5053 2466 5106 ὁ
2517 5051 2681 5122 δῆθεν
2727 5052 2991 5126 ἰατρεύων
3041 5053 3267 5107 δύναται
3320 5053 3490 5124 φάναι
3548 5053 3844 5124 θεραπείας

595 5153 858 5203 tueretur.
908 5145 1094 5218 Neque
1148 5146 1294 5202 enim
1349 5147 1640 5218 quisquam
1693 5145 1763 5202 ad
1827 5143 2163 5202 curationem

2273 5141 2462 5200 τούσδε
2496 5148 2884 5219 τετυχηκέναιξ
2928 5167 2947 5200 ι
2997 5149 3071 5203 Οὐ
3120 5149 3457 5212 πιστευτέον,
3484 5140 3532 5201 ὧ
3556 5149 3676 5200 τᾶν·
3707 5145 3844 5200 ἀλλά

599 5238 746 5295 ultro
773 5254 832 5295 se
861 5238 1124 5306 conferat,
1149 5239 1244 5312 qui
1277 5247 1385 5294 non
1415 5248 1656 5311 retegere
1689 5238 1966 5311 proprium
1992 5235 2163 5294 scelus

2277 5238 2373 5292 καὶ
2402 5236 2522 5291 λίαν
2549 5237 2976 5310 κατηγορητέον.
3009 5225 3198 5300 Ούδεὶς
3229 5236 3338 5307 γὰρ
3369 5233 3710 5306 αὐθαιρέτως
3749 5232 3841 5286 ἰὼν

603 5335 808 5404 cupiat.
865 5331 1057 5388 Utrum
1095 5347 1226 5388 vero
1255 5342 1309 5388 et
1343 5332 1558 5390 sincere
1587 5348 1831 5403 semper;
1864 5346 1972 5386 non
1998 5326 2163 5385 nostri

2281 5331 2415 5401 πρὸς
2448 5330 2593 5384 ἴασιν
2639 5329 2716 5401 μὴ
2762 5317 2884 5401 ούχὶ
2915 5327 3267 5400 ἀπογυμνοῦν
3314 5327 3374 5380 τὺ
3423 5327 3625 5380 οἰκεῖον
3673 5323 3840 5384 πάθος

595 5416 790 5500 judicii
842 5434 950 5490 est,
1001 5425 1097 5482 sed
1141 5426 1482 5498 inspicientis
1532 5425 1647 5483 Dei.
1677 5427 1766 5482 Ait
1803 5425 1948 5482 enim
1983 5443 2000 5479 :
2039 5421 2163 5488 Qua:

2279 5422 2588 5494 αἱρήσεται.
2619 5422 2683 5474 Et
2709 5422 2765 5475 δὲ
2811 5422 2905 5476 καί
2942 5439 3033 5474 ποι
3068 5419 3292 5492 ἀληθὲς,
3321 5419 3422 5490 οὐχ
3444 5418 3604 5491 ἡμῶν
3631 5417 3692 5470 τὺ
3725 5416 3841 5487 κρί-

598 5519 820 5588 (ιυίάοιη
854 5527 1060 5589 patent,
1094 5515 1206 5572 Deo
1235 5533 1299 5574 ac
1327 5518 1488 5573 nobis
1521 5533 1683 5590 :quae
1715 5518 1905 5584 latent,
1938 5514 2163 5572 Domino

2273 5530 2407 5580 νειν,
2439 5513 2577 5568 ἀλλὰ
2619 5513 2757 5568 Θεοῦ
2797 5513 2891 5568 τοῦ
2938 5513 3266 5588 ἐφορῶντος.
3303 5511 3443 5584 Φησὶ
3473 5512 3603 5581 γάρ·
3633 5510 3713 5563 Τὰ
3743 5509 3840 5578 μὲν

599 5596 714 5666 Deo
737 5610 905 5668 tuo“.
937 5609 1016 5665 Tu
1045 5627 1164 5666 vero
1191 5610 1318 5683 quid
1337 5610 1553 5680 judicas
1583 5613 1805 5682 fratrem
1837 5619 1982 5665 ttmm
2001 5609 2025 5662 ?
2044 5604 2163 5677 quid

2276 5607 2509 5679 φανερὰ,
2535 5607 2655 5681 Θεῷ
2703 5607 2800 5663 καὶ
2838 5609 2990 5680 ἡμῖν’
3040 5607 3110 5662 τὰ
3151 5608 3207 5661 δὲ
3263 5604 3504 5678 κρυπτὰ,
3552 5599 3840 5674 Κυρίῳτῷ

1189 5732 1279 5787 ει.
1385 5729 1793 5798 ⁵⁹11εὺτ.ν,4,
1859 5733 1912 5785 5.
2022 5726 2068 5758 ⁸ο
2095 5722 2160 5779 ιιι

1177 5801 1221 5835 ⁸⁵
1249 5804 1265 5858 l
1289 5801 1420 5858 Rea:
1457 5818 1579 5858 ενι.
1617 5802 1668 5858 7.

2262 5738 2319 5794 εδ
2342 5739 2456 5795 xu,
2499 5726 2585 5783 10.
2692 5727 2734 5759 ⁸¹
2774 5725 2839 5784 IV
2873 5725 3002 5800 Reg.
3036 5740 3096 5792 ll,
3125 5726 3179 5783 8.
3286 5727 3331 5758 ⁵·
3359 5719 3830 5788 Matinum,”-

1205 5808 1221 5834 ⁵
1249 5808 1265 5858 l
1289 5808 1420 5874 Reg,
1457 5818 1579 5870 ενι,
1617 5808 1668 5860 ’1.

673 5728 717 5800 ff
741 5726 941 5786 Jerem.
983 5746 1140 5800 xxttt,
1189 5732 1279 5787 9|.

601 5787 652 5832 ⁸⁸
673 5796 856 5854 Matth.
889 5815 981 5868 vu,
1014 5803 1068 5856 δε
