4060 6374
287 305 422 372 Ῑ513

1463 310 2004 388 Epml‘OLARUM
2046 313 2196 376 LIB.
2237 316 2322 378 II.

3379 321 3518 390 ιιει

281 420 401 491 Θεῷ
445 438 560 478 σου.
593 425 676 480 Σὺ
706 427 774 482 δὲ
809 431 868 484 τι
894 430 1115 500 κρίνεις
1165 435 1271 486 τὸν
1301 425 1565 491 ινελφόν
1603 437 1760 488 σουέ
1798 424 1834 491 ἦ

1943 425 2213 480 medicum
2259 427 2559 493 spernis"?
2605 426 2876 483 Stabimus
2923 441 3098 485 autem
3131 449 3336 489 unum
3392 447 3518 491 ante

279 513 380 566 καὶ
410 515 503 567 ’σὺ
541 520 598 572 τί
641 520 978 590 ἐξουθενεῖς
1016 526 1123 580 τὸν
1159 511 1412 582 ιἠτῆραέ
1455 514 1686 580 Πάντες
1727 513 1840 584 γὰρ

278 614 788 682 παραστησόμεθα
831 614 912 681 τῷ
943 616 1151 672 Paulam
1201 604 1308 659 τοῦ
1335 606 1615 675 Χριστοῦ,
1644 605 1715 673 ὃς
1742 607 1842 661 καὶ

276 700 520 766 φωτίσει
542 701 613 756 τὰ
655 699 882 770 κρυπσὰ
921 694 1028 747 τοῦ
1052 694 1334 761 σκότους,
1369 695 1470 750 καί
1501 697 1839 768 φανερώσει

275 789 386 855 τὰς
423 792 664 858 βουλὰς
716 783 836 836 τῶν
872 785 1162 853 καρδιῶν·
1185 787 1285 840 καί
1336 791 1472 843 τότε
1519 792 1554 844 ό
1588 789 1840 858 ἔπαινος

275 883 586 952 γενήσεται
613 875 845 943 ἑκάστῳ
877 877 997 932 ἀπὸ
1029 879 1200 936 Θεοῦ.

355 993 374 1025 ε
413 969 636 1034 Πάντες,
674 969 858 1040 φησὶν,
917 971 1294 1042 ύπερσάθμιον
1332 973 1635 1030 ἑκτείνουσι
1678 977 1838 1039 πόδα,

271 1058 368 1113 καὶ
383 1059 488 1112 τῶν
513 1060 574 1112 ού
600 1077 969 1136 παρακεχωρη
978 1067 1154 1135 μένων
1179 1069 1581 1137 κατατολμῶσι,
1606 1072 1700 1125 καὶ
1725 1075 1840 1137 τοῖς

270 1149 628 1221 ὑψηλοτέροις
683 1155 1104 1213 ὲπεκτείνονται.
1146 1178 1166 1212 ι
1221 1161 1346 1222 Τοῖς
1387 1164 1610 1227 οἰκείοις
1664 1165 1838 1228 ἑάλως

267 1246 511 1314 πτεροῖς,
540 1242 616 1308 ὦς
647 1245 747 1299 πού
778 1264 860 1310 τις
888 1248 990 1320 ἔφη
1025 1251 1136 1304 τῶν
1164 1252 1290 1318 ἕξω·
1320 1253 1415 1323 ἀφ’
1437 1249 1499 1309 οὗ
1527 1256 1621 1309 καὶ
1648 1258 1680 1328 ἡ
1708 1256 1842 1326 πρό-

266 1334 426 1396 τασίς
457 1350 570 1389 σου.
621 1335 764 1400 Ποὺς
813 1335 922 1408 γάρ
969 1343 1335 1412 τεταγμένος,
1375 1344 1456 1408 εἰς
1506 1345 1747 1417 κεφαλὴν
1779 1345 1838 1411 ἐξ
1875 1419 1877 1422 φ

267 1425 558 1490 αὐθαδείας
583 1425 778 1499 apem.
817 1430 948 1494 Ταῖς
973 1431 1160 1494 ἄλλαις
1193 1434 1316 1487 δυσὶ
1341 1436 1640 1507 προτάσεσι
1669 1454 1831 1507 περι-

267 1519 487 1588 παρεὶς,
517 1513 562 1572 ὧ
591 1523 824 1588 γενναῖε,
852 1520 1016 1592 ἑτέρα
1053 1525 1214 1578 πάλιν
1253 1526 1530 1598 ἐγκλησις·
1573 1546 1592 1578 ι
1627 1529 1836 1593 Πάντες

266 1611 480 1674 ἑαυτοῖς
523 1609 872 1683 ἐπιτρέπουσι
920 1613 990 1668 τὰ
1035 1615 1177 1686 ὑπὲρ
1203 1616 1453 1688 δύναμιν,
1481 1619 1578 1672 καὶ
1603 1621 1835 1690 ἥττονας

265 1701 527 1773 ἡγοῦνται
580 1705 706 1767 τοὺς
739 1703 954 1770 ἄλλους·
1000 1708 1094 1760 καὶ
1143 1707 1223 1775 τῷ
1276 1708 1424 1764 λύειν
1475 1711 1571 1766 καὶ
1614 1713 1835 1784 δεσμεῖν

1941 518 2178 572 tribunal
2208 518 2408 574 Christi
2434 521 2563 590 :qui
2593 530 2644 575 et
2675 521 3000 576 illuminobit
3029 526 3342 581 abscondita
3376 539 3516 584 tene-

1939 609 2178 675 brarum,
2211 618 2262 664 et
2287 610 2651 680 manifestabit
2692 613 2921 667 consilia
2951 613 3191 669 cordium
3223 632 3242 670 :
3290 628 3341 673 et
3392 628 3516 674 tunc

1939 701 2060 755 tam
2089 703 2191 756 erit
2225 703 2508 772 unicuique
2534 720 2568 757 a
2600 703 2710 758 Deo
2726 705 2791 757 “.

2015 979 2036 1013 ι
2073 959 2297 1026 Omnes,
2331 963 2529 1035 inquit,
2561 966 2703 1020 ultra
2731 982 2893 1036 quam
2925 967 3008 1024 ias
3035 977 3118 1024 est
3147 969 3340 1039 pedem
3371 970 3514 1025 infe-

1938 1065 2088 1119 runt,
2116 1063 2172 1108 et
2211 1071 2275 1110 ea
2304 1056 2567 1114 invadunt
2609 1075 2732 1128 quae
2771 1069 2900 1115 sunt
2957 1063 3174 1131 propria
3197 1078 3388 1117 eorum
3418 1065 3513 1133 qui

1939 1162 2048 1200 non
2087 1159 2519 1212 secesserunt,et
2540 1151 2604 1204 ad
2628 1152 2949 1207 sublimiora
2981 1155 3284 1209 enituntur.
3327 1172 3346 1207 ι
3379 1151 3514 1210 Proe-

1939 1239 2073 1307 priis
2125 1240 2240 1308 ipse
2288 1239 2390 1294 alis
2442 1241 2675 1310 periisti,
2711 1253 2770 1296 ut
2819 1245 3038 1313 quidam
3093 1244 3356 1313 profanus
3385 1247 3508 1300 ait:

1939 1337 2103 1398 atque
2133 1331 2255 1384 inde
2289 1333 2590 1402 propositio
2617 1343 2730 1389 tua.
2761 1333 2894 1390 Nam
2928 1353 3052 1391 cum
3081 1339 3158 1393 sis
3187 1340 3338 1408 pedis
3389 1339 3512 1394 loco

1938 1422 2294 1484 constitutus,
2327 1437 2393 1476 ex
2428 1426 2736 1494 arrogantia
2771 1427 2948 1480 locum
2983 1428 3178 1498 capitis
3204 1430 3506 1499 occupasti.

1943 1511 2161 1567 Duabus
2205 1513 2329 1568 aliis
2394 1517 2859 1585 propositionibus
2906 1520 3016 1573 tuis
3075 1521 3379 1588 confossis,
3429 1523 3512 1577 vir

1937 1604 2172 1674 egregie.
2209 1619 2427 1660 rursum
2467 1609 2636 1661 altera
2691 1608 2807 1664 lucc
2851 1611 3161 1666 criminatio
3195 1627 3210 1665 :
3245 1629 3265 1664 ι
3306 1611 3511 1670 Omnes

1937 1697 2041 1750 sibi
2075 1698 2282 1767 majora
2313 1699 2521 1755 viribus
2558 1711 2834 1770 arrogant,
2864 1702 3110 1774 aliosque
3135 1705 3424 1762 inferiores
3451 1721 3512 1762 se

266 1793 514 1861 ἀσχέτως
544 1795 639 1848 καὶ
672 1794 921 1866 ἀκλήτως
957 1797 1326 1869 ἐπιτρέχουσι·
1360 1803 1456 1854 καὶ¹
1505 1804 1713 1869 πάντας
1741 1823 1832 1874 φι-

1937 1790 2324 1845 arbitrantur:
2366 1801 2420 1846 et
2467 1793 2534 1847 ad
2597 1795 2920 1848 solvendum
2974 1797 3361 1869 ligandumque
3391 1799 3512 1855 sine

265 1883 565 1939 λονεικοῦσι
590 1885 726 1953 πρὸς
756 1887 882 1950 τοὺς
909 1889 1144 1954 οἰκείους
1165 1891 1345 1946 ἕλκειν
1375 1895 1560 1959 πόδας·
1589 1897 1685 1950 καὶ
1722 1915 1832 1969 μη-

265 1977 393 2032 δένα
419 1979 602 2048 ἕτερον
629 1980 721 2033 τὸν
740 1979 984 2054 λύονταῆ
1015 1980 1175 2050 εἶναι,
1198 1987 1565 2059 ἣνομίζεσθαι
1593 1989 1830 2046 θέλουσι·

266 2069 363 2123 καὶ
395 2068 645 2138 φθονοῦσι
680 2073 791 2135 τοῖς
827 2072 898 2126 τὰ
923 2075 1101 2129 τοιάδε
1129 2077 1456 2147 πράττουσι·
1483 2080 1580 2134 καὶ
1607 2081 1832 2146 τούτους

267 2160 462 2230 μόνους
490 2159 776 2230 δέχεσθαι,
815 2162 909 2230 οὓς
953 2166 1109 2220 αὐτοὶ
1139 2167 1427 2224 λελύκασι·
1477 2174 1605 2236 τοὺς
1636 2173 1695 2226 δὲ
1741 2175 1832 2244 ὑφ’

265 2248 466 2320 ἑτέρων
514 2252 870 2321 τετυχηκότες
899 2255 1270 2329 ἐπιτιμήσεως
1295 2298 1311 2322 ,
1364 2261 1828 2334 ἀποστρέφεσθαι,

266 2343 363 2394 καὶ
400 2340 669 2410 ἰγκαλεῖν·
711 2345 834 2398 ἐπεὶ
885 2345 960 2418 μὴ
1007 2349 1142 2420 πρὸς
1189 2352 1385 2417 αὐτοὺς
1433 2354 1827 2428 δεδραμήκασι,

266 2432 366 2484 καὶ
399 2431 534 2502 παρ’
561 2431 742 2487 αὐτῶν
792 2437 1063 2508 ᾐτήσαντο
1113 2441 1211 2514 τὴν
1244 2443 1460 2513 ἄφεσιν.
1503 2465 1522 2498 ι
1564 2447 1831 2504 ’Δναπλά-

268 2536 447 2592 σματα
523 2520 763 2588 διανοίας
837 2527 1220 2600 δαιμονιώδους
1252 2535 1321 2588 τά
1348 2542 1780 2612 κατηγορήματα
1811 2583 1828 2609 ,

267 2613 360 2666 καὶ
405 2614 468 2666 ὲκ
511 2614 778 2688 φθονερᾶς
857 2622 1086 2694 καρδίας
1145 2628 1215 2680 τά
1277 2630 1678 2703 προϐλήματα·
1747 2631 1829 2700 οἷς

264 2703 604 2772 ιπιγελάσειέ
662 2725 743 2772 τις
795 2713 1017 2778 είκότως
1075 2716 1152 2780 ὡς
1202 2721 1420 2786 παιδιάς
1483 2739 1669 2790 τινας,
1735 2731 1832 2782 καί

263 2795 475 2864 ὕθλους,
532 2800 627 2854 καὶ
674 2803 1042 2880 ἀθύρματα·ἢ
1104 2811 1327 2880 μᾶλλον,
1361 2815 1592 2887 τάληθὲς
1629 2821 1826 2887 εἰπεῖν,

260 2889 389 2980 ἐπεὶ
437 2891 626 2962 μηδεὶς
657 2896 788 2966 ἡμῖν
821 2896 880 2964 te
917 2899 1178 2968 ἀπιστίας
1215 2906 1244 2958 ό
1289 2911 1645 2980 προστρέχων
1687 2915 1830 2967 κατᾶ

261 2979 425 3052 λῆψιν
453 2985 842 3059 ἐπιτιμήσεως,
874 2993 1198 3064 μσινόμεθα,
1223 2999 1362 3068 πρὸς
1388 2979 1514 3064 τούς
1541 3002 1606 3054 ἐκ
1638 3021 1830 3058 πεποι-

1940 1877 2103 1932 modo
2147 1877 2280 1942 ullo,
2312 1880 2432 1935 siue
2485 1892 2676 1935 vocatu
2702 1885 2995 1939 convolaut
3027 1896 3120 1942 :et
3144 1903 3337 1943 omnes
3384 1905 3509 1958 per.

1940 1969 2156 2025 trahere
2183 1982 2308 2026 ante
2335 1973 2584 2042 proprios
2614 1976 2778 2043 pedes
2809 1977 3136 2032 obnituntur
3162 1996 3177 2033 :
3205 1994 3306 2035 nec
3340 1980 3507 2036 alium

1938 2077 2268 2133 quemquam
2292 2067 2481 2121 volunt
2506 2077 2600 2123 aut
2640 2085 2763 2124 esse
2788 2079 2884 2125 aut
2919 2072 3222 2127 existimari
3265 2076 3358 2144 qui
3404 2076 3512 2131 sol.-

1937 2164 2032 2210 vat
2061 2173 2076 2210 ι
2108 2157 2354 2214 invident
2377 2161 2443 2215 iis
2464 2162 2556 2232 qui
2584 2163 2670 2216 illa
2701 2175 2868 2234 agunt
2897 2181 2913 2219 :
2949 2177 3113 2236 atque
3148 2168 3284 2222 adeo
3315 2169 3511 2224 admit-

1938 2257 2062 2304 tunt
2111 2266 2207 2306 eos
2253 2251 2542 2320 duntaxat,
2573 2269 2713 2324 quos
2747 2256 2847 2326 ipsi
2883 2257 3167 2312 solverunt
3207 2273 3223 2313 :
3253 2260 3345 2329 qui
3379 2275 3511 2316 vero

1939 2350 2070 2396 sunt
2105 2342 2174 2396 ab
2200 2343 2321 2397 aliis
2343 2344 2410 2399 ad
2439 2345 2815 2415 paenitentiam
2850 2348 3098 2416 admissi,
3128 2350 3194 2406 ad
3227 2349 3328 2406 hos
3348 2364 3512 2408 accu-

1939 2435 2140 2491 sandos
2165 2452 2224 2492 se
2249 2447 2573 2493 convertunt
2603 2457 2616 2492 :
2648 2441 2907 2510 quoniam
2944 2441 3010 2496 ad
3049 2442 3198 2513 ipsos
3227 2461 3338 2499 non
3372 2460 3510 2500 cono

1938 2529 2221 2595 volarunt,
2253 2544 2352 2583 nec
2387 2531 2460 2584 ab
2493 2531 2626 2600 ipsis
2674 2534 3062 2589 relaxationem
3111 2536 3443 2606 ﬂagitarunt.
3483 2555 3504 2590 ι

1937 2616 2221 2684 Figmenla
2270 2635 2468 2675 sensus
2514 2621 2768 2678 diabolici
2791 2632 2922 2678 sunt
2964 2625 3049 2679 ba:
3076 2627 3506 2693 criminationes.

1935 2721 1993 2764 et
2031 2710 2200 2764 invidi
2250 2711 2419 2766 animi
2458 2715 2710 2782 quaesita,
2740 2731 2862 2784 quae
2887 2717 3123 2787 quisque
3153 2719 3348 2772 merito
3377 2719 3506 2774 irri-

1936 2800 2064 2855 deat
2104 2809 2363 2873 tanquam
2394 2805 2659 2874 quosdam
2691 2808 2866 2876 jocos.
2894 2816 2948 2863 et
2977 2824 3169 2879 nugas,
3198 2811 3462 2882 lususque
3491 2831 3506 2870 :

1938 2895 2019 2949 vel
2045 2896 2249 2966 potius,
2282 2907 2342 2952 ut
2370 2913 2496 2953 vere
2534 2899 2736 2962 dicam.
2762 2902 3006 2971 quando,
3031 2903 3101 2956 ob
3129 2900 3505 2970 difﬁdentiam,

1939 3003 2099 3042 nemo
2125 2989 2191 3042 ad
2217 3005 2318 3045 nos
2345 2990 2580 3045 advolat
2599 2991 2667 3046 ad
2699 2993 3069 3062 accipiendam
3112 2995 3507 3064 timuiitentiam,

263 3076 474 3146 θήσεως
511 3079 621 3132 τῶν
654 3083 987 3149 προσιόντων
1027 3086 1450 3157 θεραπεύοντας,
1477 3093 1749 3165 δαιμόνιόν
1779 3115 1831 3151 τι

1936 3077 2242 3134 insanimus
2293 3084 2556 3136 adversus
2582 3097 2680 3138 eos
2715 3084 2807 3152 qui
2841 3093 3037 3139 sanant
3059 3085 3320 3142 adeuntes
3353 3089 3420 3142 ad
3450 3103 3508 3142 Se

261 3167 437 3232 πάθος
461 3170 902 3242 πάσχοντες,ικαὶ
927 3179 1040 3241 τοῖς
1066 3177 1458 3254 Εἰκονομάχοις
1488 3186 1555 3240 τά
1582 3187 1676 3243 ίσα
1703 3190 1831 3254 τοὺς

259 3261 386 3331 αίδή
396 3279 560 3332 μονας
591 3265 1029 3338 καθυϐρίζοντες.

337 3456 360 3490 ι
397 3435 484 3504 Τί,
519 3441 673 3512 φησι,
704 3443 766 3496 τδ
796 3444 1051 3519 διάφορον
1075 3450 1177 3520 τῆς
1206 3456 1585 3528 προαιρέσεως
1626 3460 1831 3532 ταύτης

260 3532 400 3603 πρὸς
426 3534 518 3586 τὸν
541 3536 919 3608 Μανιχαῐσμόν
941 3557 956 3606 ;
987 3541 1122 3612 Ούχὶ
1148 3547 1290 3600 κατὰ
1311 3548 1658 3620 Μανιχαῖκῆς
1682 3555 1832 3624 αίρέ-

262 3643 402 3689 σεως
426 3626 776 3698 ἠγωνίσμεθα
811 3633 907 3685 καὶ
935 3632 1114 3701 λόγοις
1143 3639 1239 3688 καί
1267 3637 1482 3708 ἔργοις;
1516 3642 1610 3694 καὶ
1643 3643 1830 3714 δηλοῦ-

261 3735 318 3770 σι
355 3718 424 3770 τὰ
452 3718 703 3789 ἔγγραφα
751 3725 1106 3794 συντάγματα
1133 3727 1243 3782 τῶν
1271 3731 1393 3783 κατ’
1427 3732 1595 3804 αὐτῆς
1630 3737 1832 3803 ἀγωνιε-

262 3809 518 3879 σαμένων
543 3852 560 3877 ,
593 3813 652 3866 ὲν
685 3807 767 3878 οἷς
804 3815 1270 3887 ἀπαραλογίστοις
1309 3823 1710 3896 συλλογισμοῖς,
1735 3828 1832 3882 καὶ

259 3901 643 3976 ἀκαθαιρέτοις
667 3906 1006 3973 ἀποδείξεσιν
1034 3911 1341 3978 ἀπέδειξαν·
1371 3916 1422 3968 εἰ
1449 3917 1544 3970 καὶ
1581 3916 1676 3971 νῦν
1705 3920 1834 3973 ἑαυ-

260 3995 372 4048 τῶν
425 3993 521 4050 uel.
571 3998 680 4051 τῶν
715 3999 931 4055 οἰκείων
965 4001 1376 4074 ὑπομνημάτων
1405 4008 1828 4078 ἀμνημονοῦσιν.

269 4089 518 4153 Ἔοικας,
573 4083 620 4144 ὦ
675 4092 880 4162 ἑταῖρε,
935 4093 1336 4164 ἀσυλλογίστως
1381 4099 1828 4171 συλλογίζεσθαιν,

262 4183 360 4234 καὶ
395 4181 546 4246 ἰδίοις
580 4182 858 4255 λογισμοῖς
883 4186 972 4238 ἐπ’
997 4187 1253 4258 ἀθετήσει
1284 4189 1542 4260 ἀληθείας
1577 4194 1826 4266 στηρίζε⁶

263 4272 409 4326 σθαι·
441 4272 515 4344 μὴ
548 4270 704 4336 εἰδὼς
729 4277 810 4328 ὅτι
848 4276 919 4330 τά
951 4278 1369 4350 παραδείγματα
1411 4285 1523 4346 τοῖς
1549 4286 1829 4355 πρωτοτύσυ

259 4381 386 4429 ποις
421 4368 898 4440 παραϐαλλόμενα,
943 4371 1042 4426 οὐκ
1075 4373 1216 4427 αὐτὰ
1255 4376 1438 4429 ἐκεῖνα
1474 4374 1584 4430 εἷεν
1629 4378 1696 4431 τὰ
1733 4380 1832 4450 ἀρ-

259 4459 493 4528 χέτυπα·
527 4460 662 4514 ἀλλά
689 4463 941 4516 τοσοῦτον
973 4465 1166 4535 ἔχοντα
1193 4467 1253 4519 τὸ
1297 4468 1434 4538 πρὸς
1462 4468 1667 4540 ἄλληλα
1693 4489 1829 4526 ταυ-

258 4550 374 4611 τὸν,
399 4551 522 4604 ὅσον
559 4553 620 4604 τὸ
651 4555 793 4608 κατά
833 4555 1072 4626 τοῦνομα
1101 4559 1281 4610 κοινόν
1321 4563 1436 4623 τοῖς
1467 4559 1645 4626 ἄλλοις
1672 4563 1830 4628 ἐξαλ-

260 4641 546 4698 λάττοντα.
580 4645 689 4697 Καὶ
720 4646 788 4699 τὰ
829 4647 929 4718 μὲν
959 4648 1164 4720 κυρίως
1190 4649 1526 4721 ὠνόμασται·
1560 4653 1627 4706 τά
1677 4654 1734 4707 δὲ
1767 4656 1828 4709 ού

261 4736 488 4806 κυρίως·
521 4740 615 4790 καὶ
644 4737 714 4791 τὰ
760 4739 859 4809 μὲν
893 4741 1038 4793 κατά
1067 4743 1409 4814 κατάχρησιν
1436 4723 1712 4798 λέλεκται·
1761 4749 1830 4800 τά

260 4823 319 4876 δὲ
351 4826 491 4878 κατά
517 4826 796 4896 ἀλήθειαν,
834 4823 944 4883 οἷον
973 4831 1108 4900 φέρε
1149 4834 1344 4895 εἰπεῖν,
1377 4836 1470 4888 ἐπὶ
1497 4836 1596 4906 τῆς
1625 4837 1832 4900 εἰκόνος

260 4917 501 4987 Χριστοῦ
527 4919 623 4973 καὶ
647 4920 812 4974 αὐτοῦ
837 4923 1094 4992 Χριστοῦ·
1119 4925 1199 4978 ὅτι
1219 4925 1248 4977 ό
1282 4926 1384 4996 μὲν
1403 4929 1547 4982 κατά
1571 4929 1829 5001 ἀλήθειαν

259 5012 497 5084 Χριστὸς
529 5013 624 5067 καὶ
666 5013 778 5068 εστι
806 5017 900 5068 καὶ⁴
941 5015 1286 5087 ὀνομάζεται·
1327 5021 1361 5090 ὴ
1405 5019 1463 5073 δι
1493 5022 1633 5076 κατά
1664 5023 1829 5076 κατάο

257 5120 461 5177 χρησιν
498 5104 618 5174 ἦτοι
658 5106 1001 5176 ὁμωνυμίαν.
1049 5107 1200 5162 Ἐπεὶ
1246 5109 1343 5163 καὶ
1381 5109 1590 5173 Παῦλος
1626 5114 1655 5166 ό
1687 5113 1829 5184 ίερδς

276 5196 557 5261 ’πόστολος
580 5238 596 5264 ,
639 5199 751 5269 ’τὴν
795 5199 1180 5272 φιλαργυρίαν,
1229 5202 1488 5274 δευτέραν
1541 5205 1826 5260 εἰδωλολα-

260 5289 449 5360 ιρείαν
487 5290 854 5358 ἁπεκάλεσεν,
881 5294 1279 5363 αἰτιολογικῶς,
1309 5299 1404 5350 καὶ
1442 5298 1585 5352 κατὰ
1619 5298 1828 5366 ἀναφο-

211 5415 224 5444 ,
261 5385 366 5457 ράν
389 5385 800 5456 ὁμοιωματικὴν
826 5385 927 5456 τῆς
946 5383 1112 5458 οὔσης
1140 5389 1605 5461 ιίδωλολατρείας.
1649 5391 1738 5456 Ἐξ
1767 5377 1828 5442 οὗ

209 5471 212 5474 ’
255 5476 385 5531 οὐδὲ
423 5477 777 5548 ὲπιτιμητέον
826 5481 940 5543 τοῖς
992 5479 1379 5550 φιλαργύροις,
1427 5478 1503 5546 ὡς
1542 5481 1828 5536 εἰδωλολάο

259 5583 440 5638 τραις·
472 5566 594 5620 ἐπεὶ
621 5567 728 5638 ἄρα
756 5568 1039 5638 ὀφείλομεν
1093 5570 1158 5621 ἐκ
1200 5571 1292 5622 τοῦ
1330 5570 1533 5641 κόσμου
1570 5571 1824 5638 ἐξελθεῖν.

259 5655 379 5711 Νῦν
425 5656 483 5709 δὲ
515 5656 699 5712 πολλοὶ
726 5659 1070 5732 φιλάργυροι,
1119 5662 1213 5716 καὶ
1245 5663 1421 5734 πάντη
1449 5665 1826 5736 ἀνεπιτίμητοι

1931 3186 2056 3227 cum
2088 3172 2307 3239 ﬁducia,
2343 3174 2612 3230 diabolico
2662 3175 2874 3247 abrepti
2929 3179 3059 3233 vitio
3087 3183 3355 3250 quodam,
3391 3182 3506 3251 pari

1933 3265 2235 3335 ignominia
2284 3267 2433 3323 viros
2475 3268 2696 3340 {probos
2743 3278 2908 3342 atque
2953 3269 3344 3330 lconomachos
3397 3276 3508 3329 alli-

1933 3360 2160 3415 cientes.

2007 3469 2027 3503 ι
2062 3452 2371 3518 Quodnam,
2407 3454 2604 3524 inquit,
2633 3454 2930 3510 discrimen
2959 3464 3122 3510 sectae
3149 3455 3312 3526 hujus
3340 3469 3369 3510 a
3396 3454 3509 3510 illa-

1935 3545 2431 3602 nichaica?Nonne
2463 3557 2654 3602 contra
2685 3547 3073 3604 Manichaicam
3108 3549 3357 3605 haeresim
3396 3566 3509 3604 ser-

1933 3653 2094 3693 mone
2138 3648 2193 3692 et
2233 3654 2397 3708 opere
2444 3639 2886 3697 decertavimus‘l
2917 3640 3108 3698 Testes
3149 3651 3279 3696 sunt
3323 3644 3507 3714 scripti

1931 3743 2122 3783 eorum
2175 3732 2576 3800 commentarii,
2609 3732 2703 3803 qui
2755 3741 2944 3788 contra
2985 3733 3125 3789 hanc
3158 3734 3510 3799 dimicarunt,

1933 3821 1988 3875 in
2034 3823 2234 3891 quibus
2277 3823 2501 3880 invictis
2532 3827 2870 3896 argumentis
2913 3837 2968 3882 et
2997 3815 3510 3896 inexpugnabilibus

1931 3914 2198 3982 exemplis
2253 3915 2305 3970 id
2359 3917 2734 3983 ostenderunt,
2771 3931 3083 3987 quanquam
3126 3935 3272 3974 nunc
3305 3928 3431 3974 sunt
3457 3929 3512 3974 ct

1933 4005 2016 4058 sui
2048 4004 2384 4074 ipsorum,et
2401 4009 2743 4078 propriorum
2766 4021 3247 4066 monumentorum
3279 4009 3452 4065 obliti.
3485 4033 3502 4063 ι

1935 4093 2169 4162 Videris,
2189 4115 2222 4152 0
2253 4100 2392 4154 bone
2421 4101 2524 4163 vir,
2553 4101 2804 4170 imperite
2835 4103 3174 4169 ratiocinari,
3199 4119 3262 4158 ac
3287 4108 3508 4176 privatis

1931 4186 2236 4240 rationibus
2286 4188 2353 4240 ad
2398 4187 2806 4258 abrogationem
2843 4191 3087 4248 veritatis
3141 4193 3300 4248 inniti
3336 4215 3349 4251 :
3383 4212 3506 4249 cum

1931 4276 2148 4332 nescias
2188 4277 2432 4346 exempla
2463 4281 2758 4350 prototypis
2779 4282 3014 4360 collata;
3061 4299 3166 4339 non
3225 4285 3340 4357 ipsa
3388 4303 3510 4342 esse

1931 4368 2261 4437 exemplaria
2321 4370 2436 4423 illa"
2463 4372 2784 4443 primigenia
2835 4394 2848 4428 :
2893 4377 2986 4430 sed
3049 4377 3247 4432 habere
3299 4389 3506 4432 tantum

1932 4457 2309 4512 similitudinis
2357 4459 2501 4514 inter
2530 4477 2610 4524 se,
2652 4473 2915 4532 quantum
2960 4480 3024 4518 ea
3063 4481 3183 4535 quas
3213 4463 3508 4522 commune

1932 4564 2128 4604 nomen
2179 4551 2398 4618 habent,
2414 4567 2538 4607 cum
2570 4555 2780 4608 cmteris
2809 4557 2972 4611 rebus
2997 4557 3269 4612 diﬂ'erant.
3304 4558 3367 4612 Et
3401 4560 3505 4612 alia

1930 4642 2149 4711 quidem
2185 4646 2404 4713 proprie
2429 4648 2696 4717 appellata
2733 4659 2880 4712 sunt,
2917 4651 3022 4704 alia
3065 4660 3246 4705 autem
3298 4653 3504 4722 impro-

1930 4737 2047 4806 prie
2079 4753 2092 4789 :
2131 4735 2236 4789 alia
2271 4737 2568 4791 secundum
2601 4737 2922 4792 abusionem
2951 4739 3116 4801 dicta,
3153 4741 3256 4794 alia
3303 4756 3504 4796 secun-

1931 4829 2061 4882 dum
2098 4829 2408 4883 veritatem.
2449 4827 2693 4897 Exempli
2719 4831 2916 4900 gratia,
2950 4831 3003 4883 in
3037 4831 3271 4900 imagine
3301 4832 3503 4888 Christi

1929 4931 1984 4973 et
2027 4921 2146 4990 ipso
2184 4920 2430 4980 Christo,
2469 4920 2569 4974 iste
2609 4920 2826 4987 quidem
2875 4923 3171 4976 secundum
3221 4925 3502 4981 veritatem

1929 5011 2179 5067 Christus
2207 5023 2262 5066 et
2283 5019 2369 5067 est
2395 5020 2450 5066 et
2475 5012 2785 5066 nominatur
2811 5029 2826 5068 :
2852 5014 2967 5069 bzec
2997 5024 3176 5070 autem
3203 5018 3500 5072 secundum

1930 5103 2273 5168 abusionem,
2307 5104 2411 5157 hoc
2449 5113 2532 5158 est
2576 5103 3006 5176 homonymiam.
3047 5103 3500 5178 Quandoquidem

1928 5206 1982 5250 et
2011 5205 2231 5251 sanctus
2257 5197 2761 5266 apostolus-vanius
2783 5199 3066 5254 avaritiam
3087 5201 3498 5267 nuncuparit".

1931 5290 2290 5345 idololatriam
2367 5290 2628 5355 alteram,
2693 5306 2916 5346 causam
2987 5292 3115 5347 dicti
3178 5292 3498 5363 subiiciens,

1930 5385 2229 5440 secundum
2281 5384 2598 5439 relationem
2650 5383 2899 5440 videlicet
2954 5385 3328 5440 similitudinis
3374 5399 3498 5439 cum

1929 5493 1990 5530 ea
2021 5492 2144 5547 quae
2171 5491 2298 5531 vere
2324 5475 2630 5531 idololatria
2651 5485 2756 5531 est.
2785 5476 2966 5542 Quare
2994 5492 3100 5530 non
3123 5476 3309 5531 eadem
3341 5489 3499 5542 pmua

1929 5569 2110 5623 avaris
2138 5567 2483 5637 imponenda,
2516 5581 2636 5636 qua
2658 5566 2960 5621 idololatria
2987 5583 3002 5619 :
3035 5566 3237 5636 alioqui
3271 5567 3498 5621 debere-

1929 5679 2053 5720 mus
2090 5677 2121 5719 e
2174 5663 2380 5719 mundo
2413 5661 2666 5733 migrare.
2717 5660 2787 5714 At
2849 5674 2994 5715 nunc
3038 5659 3188 5713 avari
3229 5658 3406 5728 multi,
3444 5668 3498 5714 et

334 5773 382 5807 ”
413 5773 572 5832 llom.
602 5791 713 5838 xrv,
767 5773 852 5832 10.
928 5777 975 5808 ⁸⁸
1000 5776 1021 5831 Ι
1043 5777 1166 5833 Cor.
1191 5795 1263 5843 Iv,
1291 5777 1344 5844 5,
1377 5777 1428 5832 6.
1508 5780 1554 5814 ³⁷
1571 5781 1767 5852 Ephes.
1797 5801 1849 5852 ν,
1873 5787 1924 5842 5.

527 5872 795 5934 ΡΑινιιυι..
838 5874 952 5934 Gn.
998 5873 1206 5932 XCIX.

3062 5863 3139 5926 #8
