4102 6374
569 272 707 340 1615

567 481 763 536 relicti.
787 481 926 549 Quid
959 484 1124 554 igitur
1149 495 1205 541 et
1229 486 1319 542 hic
1344 486 1637 550 absonum,
1661 485 1706 541 si
1731 483 2152 542 Iconomachica

555 574 794 630 'liaeresis
837 590 962 631 cum
993 575 1334 634 Manichaica
1365 585 1746 648 componatur,
1778 586 2042 647 quantum
2083 579 2152 634 ad

567 663 825 734 imaginis
845 668 1204 739 acjprototypi
1232 668 1502 724 rationem
1532 683 1546 721 :
1576 669 1829 738 quamvis
1851 676 1906 722 et
1931 665 2152 726 Nicazna

566 759 805 812 secunda
863 761 1200 816 (ecumenica
1241 769 1295 816 et
1323 772 1512 818 sancta
1541 762 1780 834 synodus
1812 778 1908 818 eos
1937 765 2032 834 qui
2059 780 2155 835 per

562 851 710 907 lianc
765 852 1016 908 haeresim
1069 854 1362 923 perierant,
1390 872 1499 912 non
1547 865 1807 928 tanquam
1847 857 2153 915 Manichai-

563 953 756 1000 nantes
804 948 1074 1002 damnans
1105 947 1391 1002 curaverit
1441 965 1456 1002 :
1498 956 1552 1003 et
1603 964 1945 1019 nequaquam
1997 951 2152 1007 obliti

567 1035 680 1090 sint
711 1035 746 1090 ii
783 1036 876 1112 qui
909 1051 1130 1107 operam
1161 1052 1315 1092 suam
1347 1038 1610 1095 adversus
1651 1039 1983 1099 Manichaeos
2013 1057 2151 1098 con-

566 1128 830 1192 tulerunt,
861 1143 921 1184 se
948 1136 1002 1183 et
1031 1143 1284 1184 sermone
1315 1139 1369 1186 et
1394 1145 1557 1200 opere
1581 1140 1772 1188 contra
1804 1133 1953 1204 ipsos
1985 1135 2149 1190 dimi-

564 1235 740 1275 casse.
771 1220 1008 1276 Omnino
1054 1221 1288 1292 teipsum
1349 1221 1636 1292 ignorasti,
1669 1238 1790 1293 quae
1819 1224 1996 1295 culpae
2038 1240 2148 1280 non

567 1312 866 1367 mediocris
892 1327 958 1368 ac
987 1313 1231 1382 stuporis
1265 1314 1619 1384 reprehensio
1647 1325 1752 1369 est.

627 1399 834 1458 Vellem
863 1402 1048 1472 itaque
1078 1411 1133 1457 et
1190 1383 1592 1472 propositiones
1624 1403 1760 1457 alias
1806 1401 1976 1457 libelli
2005 1402 2143 1457 mnl-
2227 1383 2230 1386 i

567 1505 746 1549 tarum
764 1495 1114 1565 paginarum,
1133 1495 1186 1549 in
1201 1496 1405 1564 quibus
1427 1495 1615 1550 eadem
1640 1495 1836 1549 iterum
1857 1505 2017 1565 atque
2039 1496 2144 1551 ite-

567 1601 688 1640 rum
717 1595 1060 1655 repetuntur,
1085 1585 1339 1654 superius
1366 1587 1816 1642 commemoratis
1832 1587 2142 1654 adnectere;

564 1684 620 1730 et
643 1675 789 1745 quod
812 1674 1029 1746 penitus
1063 1686 1210 1731 recta
1239 1677 1449 1730 ratione
1481 1675 1779 1732 confutata:
1821 1681 1933 1733 sint
1959 1689 2144 1734 osten—

563 1767 726 1822 dere:
749 1767 844 1822 sed
865 1767 1000 1822 alias
1017 1767 1237 1836 quidem
1261 1777 1521 1839 tanquam
1549 1769 1772 1824 inutiles
1805 1781 1860 1826 et
1884 1771 2096 1841 ineptas
2123 1789 2138 1828 :

2248 1769 2660 1844 ἀσυναρτήτους
2684 1795 2698 1810 ο
2739 1779 2806 1844 ἃς
2837 1781 2894 1836 δὲ
2929 1784 3004 1848 ὡς
3029 1788 3257 1842 αὐτόθεν
3293 1795 3523 1862 ἐχούσας

562 1857 702 1913 alias
760 1873 894 1913 vero
933 1866 992 1912 ut
1043 1874 1167 1930 qua).
1215 1859 1429 1929 seipsas
1507 1858 1794 1914 refellant:
1847 1863 2140 1919 nonnullas

564 1961 748 2005 autem
816 1959 1078 2020 tanquam
1147 1953 1418 2007 obscuras
1463 1962 1518 2008 et
1563 1954 1845 2023 oppositas
1895 1957 2137 2023 veritati,

558 2039 777 2111 procul,
808 2039 976 2095 veluti
1007 2041 1060 2096 in
1103 2039 1334 2096 Vulcani
1377 2041 1580 2112 ignem,
1627 2042 1886 2111 ablegans
1921 2059 1986 2099 ac
2012 2060 2140 2115 pro-

560 2131 780 2202 jiciens,
823 2147 889 2186 ac
932 2131 1094 2187 linem
1145 2133 1362 2188 dicendi
1411 2134 1640 2198 iaciens,
1692 2134 1838 2189 istud
1882 2136 2087 2203 adjicio
2123 2154 2138 2192 :

564 2221 730 2291 quod,
761 2222 807 2278 si
855 2223 1076 2292 quidem
1125 2225 1340 2276 veniam
1390 2237 1704 2292 poscamus,
1760 2225 1907 2294 quod
1943 2225 2142 2281 incon-

564 2315 799 2369 siderate
833 2324 887 2370 et
921 2314 984 2368 ad
1009 2315 1346 2369 iracundiam
1377 2315 1548 2370 Deum
1584 2317 1876 2384 movimus,
1908 2327 1961 2372 et
1997 2319 2140 2372 San-

563 2413 684 2462 ctos
722 2405 1019 2476 ignominia
1050 2405 1354 2472 all‘ecinius,
1389 2416 1445 2462 et
1476 2408 1823 2464 conl‘essores
1859 2409 2143 2464 damnavi-

563 2513 710 2563 mus.
749 2505 804 2553 et
835 2496 1138 2554 Ecclesiam
1173 2500 1567 2558 infamavimus
1590 2519 1604 2567 ;
1626 2513 1822 2572 agetur
1843 2518 1976 2558 sane
1999 2519 2143 2573 prte-

562 2589 730 2644 clare.
769 2588 864 2645 Sin
914 2574 1121 2652 minus.
1175 2601 1232 2646 at
1284 2609 1385 2648 nos
1423 2603 1570 2648 certe
1624 2593 1861 2648 humiles
1920 2609 2142 2648 manum

563 2683 645 2738 ori
677 2683 1117 2751 admovebimus,
1147 2701 1250 2740 nec
1273 2686 1618 2740 sanctitatem
1639 2696 1786 2741 tuam
1819 2685 1886 2742 ad
1913 2687 2142 2743 alteram

562 2775 922 2846 scriptioncm
957 2777 1292 2832 exarandam
1324 2775 1769 2846 provocabimus.

855 2889 1086 2948 CLXIII.
1113 2920 1185 2932 --
1213 2891 1482 2947 Theodoro
1507 2892 1734 2963 patricio
1765 2889 1852 2949 (Ἴ.

1759 240 1824 342 s.
1853 280 2246 345 TlIEODORI
2281 288 2622 372 STUmrmg
3049 263 3054 268 ’
3536 365 3543 376 .

565 391 786 451 uuidcm
834 391 1042 468 absque
1099 394 1303 453 indicta
1363 395 1501 468 ipsis
1551 394 1870 466 poenitentia
1915 411 2144 467 prorsus

568 481 738 508 ...ιΙΞΛοὲ
787 481 925 508 num
959 484 1123 508 :..:.....
1154 495 1200 508 -.
1229 486 1315 508 Ls-
1346 486 1611 508 -I.--_.-...
1663 485 1706 508 _:
1732 483 2145 508 l.---......--l-:--

2248 411 2687 508 παρεωραιξένοιο
2736 428 2803 470 τι
2828 422 2922 486 οὖν
2957 432 3166 506 ἀπᾷδον
3193 439 3493 508 κάνταῦθα,
3526 446 3578 498 ει
3609 447 3836 500 Είκσνο-

3693 323 3831 388 1516

2255 499 2464 606 pax-mh.
2491 502 2710 606 αῘΡεσις
2727 511 2824 606 .τῇ
2873 499 3178 600 Μακκαῖκῇ
3227 499 3656 606 παραϐάλλοιτο,
3707 499 3835 594 ὅσον

2252 593 2376 702 ἕπτ’
2406 595 2624 702 ἐἰκόνος
2655 599 2751 702 fta-1
2783 593 3340 702 πρωτοτύπουῖόγοελ·
3377 631 3512 685 καθὸ
3708 636 3740 702 ἡ
3770 593 3833 685 ὲν

2251 682 2459 787 limata
2481 687 2549 787 τὸ
2570 687 2835 787 ὸεύτερον
2878 682 3250 775 οίκουμενικη
3285 723 3343 760 τι
3390 682 3658 787 gat—aga—

2250 773 2625 884 660;,0'robf‘é‘v
2649 782 2822 881 ταύτῃ
2864 786 3202 859 ἑαλωκότας,
3226 773 3329 868 οὐχ
3362 773 3838 884 (betam-gates;

2250 867 2754 972 ceq'énsgsmoﬁoa
2800 875 3193 972 τεθεράπεῌυκε·
3247 867 3342 940 καὶ
3382 867 3838 972 ούτξπουδὴμνη-

2254 957 2554 1027 μονήκασιν
2581 960 2631 1012 οἱ
2658 960 2725 1015 τά
2771 965 2904 1036 περὶ
2950 967 3120 1040 αὐτῆς
3157 975 3446 1046 πονήματα
3490 957 3838 1044 surdam;—

2253 1061 2424 1116 μενοι·
2580 1049 2758 1144 λόγοις
2783 1055 2880 1108 καὶ
2914 1055 3098 1128 ἔργοις
3121 1063 3243 1116 κατ’
3267 1067 3436 1139 αὐτῆς
3462 1071 3844 1144 ἀνταγωνισάε

2251 1154 2430 1241 μενοι;
2474 1143 2781 1241 Ἠγνόηκας
2809 1145 2855 1199 δ’
2884 1145 3048 1214 αὐτὸς
3078 1151 3249 1218 ὅντως
3301 1159 3520 1228 ἑαυτὸν,
3567 1166 3842 1241 ὅπολλῆς

2249 1227 2368 1281 ἐστι
2400 1234 2738 1306 κατηγορίας
2776 1238 2874 1293 καὶ
2904 1241 3235 1318 ἀδελτηρίας
3264 1249 3542 1326 ἔγκλημα.

2333 1401 2668 1494 Ἐβουλόμην
2705 1405 2800 1463 οὖν
2845 1414 2938 1467 καὶ¹
2977 1415 3174 1488 ἑτέρας
3207 1425 3504 1494 προτάσεις
3537 1431 3633 1484 τοῦ
3671 1436 3839 1489 πολυ-

2247 1492 2463 1562 σχιδοῦς
2502 1501 2598 1552 καὶ
2647 1505 3099 1575 ταυτολογοῦντος
3132 1521 3514 1586 γραμματείου
3569 1534 3838 1581 συνεισῡῖ-

2249 1601 2342 1690 σαι
2375 1589 2491 1650 τοῖς
2523 1593 2892 1664 προλεχθεῖσι,
2931 1603 3027 1654 καὶ
3064 1605 3344 1672 ἀποδεῖξαι
3369 1615 3545 1683 πάντη
3583 1618 3641 1682 ἐξ
3672 1621 3838 1690 ὀρθοῦ

2247 1676 2406 1774 λόγου
2439 1681 2831 1756 ὲληλεγμέναςο
2860 1689 2996 1745 ἀλλά
3027 1693 3096 1758 ἃς
3136 1697 3237 1766 μὲν
3269 1701 3345 1764 ὡς
3376 1676 3719 1774 ἀλυσιτελεῖς,
3743 1689 3839 1768 καλ.

3552 1802 3644 1855 τὸν
3683 1806 3838 1874 ἐλεγ-

2245 1876 2340 1969 Ξίὶον
2371 1878 2386 1894 ο
2424 1863 2672 1969 ενίαςηὸὲ
2715 1870 2791 1969 ti);
2823 1878 3114 1969 σκοτεινὰς
3166 1883 3262 1936 καὶ
3315 1888 3626 1958 ἀντιθέτους
3673 1863 3833 1969 [Cod.

2248 1952 2385 2022 Reg.
2421 1955 2756 2061 ἀντιδόξους]
2781 1967 2849 2061 τῇ
2888 1967 3136 2061 ἀληθείᾳ,
3167 1976 3353 2047 πόρρω
3386 1996 3490 2034 που
3522 1952 3836 2061 sum};th

2252 2061 2416 2152 μενος
2470 2048 2548 2112 ὡς
2603 2054 2684 2116 είς
2732 2057 2846 2128 πῦρ
2889 2060 3211 2132 Ἡφαίστου·
3247 2072 3340 2124 ἐπὶ
3368 2074 3512 2130 τέλει
3551 2048 3836 2152 tofi-16%!»

2249 2137 2427 2193 ἐκεῖνο
2455 2141 2890 2244 επιφθέγγομαιο
2941 2155 3022 2210 ὃτι
3054 2158 3104 2211 εί
3155 2161 3252 2230 μὲν
3291 2165 3554 2238 αίτοῦμεν
3585 2137 3838 2244 συγγνὼ-

2252 2245 2361 2338 μηὶν
2387 2271 2416 2338 ,.
2450 2235 2538 2338 ἐ.φ’
2569 2233 2654 2338 οἷς
2704 2246 2995 2313 προπετῶς
3032 2252 3127 2304 καὶ
3179 2253 3312 2308 Θεὸν
3357 2233 3833 2338 παρωργίσαμεν,

2249 2324 2346 2376 καὶ
2391 2326 2585 2423 ἁγίους
2634 2334 3022 2410 ήτιμήσαμεν,
3073 2347 3171 2400 καὶ
3223 2349 3322 2418 τὴν
3359 2324 3652 2423 ὁμολογίαν
3697 2324 3837 2417 3m:

2247 2418 2599 2522 ῃξιασάμεθα
2621 2463 2650 2522 ,-
2670 2426 2766 2522 καὶ
2792 2429 2894 2498 τὴν
2931 2431 3263 2506 Ἐκκλησίαν
3308 2418 3836 2519 δεδυσφημήκαμεν,

2248 2509 2308 2558 εὑ
2335 2509 2411 2610 ⁹διν
2433 2509 2570 2578 ἔχοι·
2592 2516 2651 2610 ~si
2693 2515 2755 2610 6e
2781 2519 2879 2590 μὴ,
2922 2521 3039 2577 ἀλλ’
3067 2527 3228 2597 ἡμεῖς
3269 2546 3334 2598 γε
3370 2533 3421 2585 oi
3460 2509 3838 2599 ταπεινοίὲπί

2253 2606 2498 2697 στόματι-
2525 2606 2686 2676 χεῖρα
2743 2609 3124 2684 ἐπιθήσομεν,
3171 2620 3249 2690 μὴ
3295 2625 3698 2697 ὲκκαλούμενοί
3742 2649 3838 2688 σου

2250 2687 2350 2760 τὴν
2385 2691 2642 2766 ὁσιότητα
2701 2701 2783 2765 είς
2819 2701 3079 2776 δευτέραν
3133 2687 3551 2788 γραμματικὴν.
3584 2725 3838 2793 προσφώ-

2250 2795 2426 2850 νησιν.

2397 2897 2540 2952 ΡΞΓ¹
2564 2900 2698 2976 (55).
2720 2935 2794 2947 -
2814 2909 3094 2982 Θεοδιὶῳῳ
3134 2920 3438 2987 πατρικίῳ.
3470 2920 3674 2998 [xi-.72]

1873 3003 1950 3056 De
1984 3003 2165 3055 sanctis
2189 3005 2506 3070 imaginibus.

626 3115 705 3172 Ex
740 3115 1075 3170 lionorandis
1116 3113 1316 3170 litteris
1361 3114 1754 3184 conspeximus
1816 3112 2142 3169 laudatissi-

565 3223 712 3264 mam
743 3207 1092 3262 eminentiam
1142 3217 1290 3261 tuam
1319 3247 1334 3273 ,
1354 3203 1433 3261 'ex
1464 3206 1748 3262 auditione
1793 3220 1923 3261 vero
1954 3221 2138 3261 rerum

565 3315 706 3370 quas
739 3298 1146 3370 significabant,
1174 3298 1448 3370 egregiam
1492 3298 1736 3353 animam
1785 3307 1929 3352 tuam
1971 3311 2142 3367 agno-

567 3391 772 3446 vimus.
797 3391 952 3458 Quod
982 3391 1126 3446 enim
1155 3406 1284 3460 erga
1315 3405 1416 3446 nos
1434 3401 1752 3462 peccatores
1781 3398 1890 3445 tam
1913 3388 2140 3444 honori-

568 3485 688 3541 ﬁcis
725 3485 908 3541 verbis
931 3498 1066 3540 usus
1098 3499 1181 3548 es,
1211 3485 1467 3555 quodque
1513 3485 1772 3540 humilem
1817 3482 2011 3538 faciem
2044 3496 2144 3537 no-

573 3587 746 3633 stram
777 3576 966 3634 videre
1001 3575 1302 3642 desideras,
1331 3591 1396 3632 ac
1451 3576 1749 3633 salutarem
1797 3575 1995 3630 deinde
2025 3589 2141 3630 ser-

568 3685 786 3724 monem
813 3669 1004 3725 audire
1039 3686 1054 3736 ;
1087 3667 1325 3724 hominis
1353 3677 1441 3723 est
1487 3683 1618 3724 vere
1648 3683 1678 3722 a
1728 3666 1840 3722 Deo
1869 3666 2059 3732 alllati,
2085 3675 2142 3722 et

566 3761 767 3818 animae
791 3762 958 3820 Deum
991 3761 1448 3832 concupiscentis.
1481 3760 1652 3828 Quam
1674 3760 1942 3815 mirabilia
1956 3769 2138 3815 autem

467 3847 475 3856 “
569 3870 734 3926 opera
769 3855 952 3926 magni
995 3863 1051 3910 ct
1078 3855 1248 3910 solius
1307 3854 1478 3911 nostri
1520 3854 1962 3910 Christianorum
1997 3853 2139 3920 Dei;

569 3948 716 4018 quod
745 3958 799 4003 te
827 3948 895 4004 de
923 3955 1083 4020 gente
1109 3963 1217 4002 non
1247 3957 1436 4004 sancta
1467 3948 1541 4022 in
1584 3946 1954 4003 venerandam
1991 3947 2144 4017 agni-

569 4042 774 4096 tionem
807 4041 1051 4097 veritatis
1081 4057 1195 4098 sua:
1232 4041 1447 4099 vocavit
1482 4041 1574 4096 tali
1603 4040 1789 4108 modo,
1817 4040 1871 4094 in
1899 4040 2138 4110 speciem

565 4135 790 4205 quidem
818 4135 1042 4190 minime
1073 4135 1405 4201 voluntario,
1436 4135 1530 4190 sed
1563 4134 1742 4205 reipsa
1771 4133 1956 4189 liberae
1977 4147 2140 4204 quam

566 4227 808 4282 maxime
847 4226 1143 4282 voluntatis
1169 4266 1184 4291 ,
1234 4242 1339 4281 una
1369 4242 1492 4282 cum
1547 4227 1798 4298 cognatis
1851 4227 1945 4298 qui
1977 4225 2142 4283 simul

570 4317 798 4372 adducti
853 4317 1024 4372 sunt!
1078 4315 1196 4370 Non
1226 4317 1386 4370 aliter
1429 4317 1576 4372 enim
1604 4334 1704 4374 vos
1741 4319 1812 4373 ab
1865 4319 2143 4388 impietate

2328 3118 2460 3216 Ἀπὸ
2504 3122 2598 3175 τοῦ
2630 3127 2816 3195 τιμίου
2849 3145 2941 3182 σου
2985 3132 3318 3203 γράμματος
3356 3137 3574 3209 εῐδομέν
3609 3159 3707 3196 σου
3735 3145 3836 3216 τὴν

2247 3211 2607 3310 πανεύςρημον
2641 3217 2937 3310 ύπεροχὴν,
2967 3225 3062 3277 καὶ
3106 3225 3216 3279 ἀπὸ
3248 3229 3570 3301 ἀκροάσεως
3597 3235 3714 3288 τῶν
3748 3211 3838 3310 σηε-

2250 3303 2594 3394 μαινομένων
2635 3309 2957 3382 ἐπέγνωμεν
2997 3331 3092 3367 σου
3147 3315 3247 3387 τὴν
3290 3320 3464 3390 καλὴν
3509 3323 3715 3394 ψυχήν.
3763 3303 3838 3383 τὸ

2247 3391 2356 3464 γὰρ
2390 3395 2529 3466 πρὸς
2567 3398 2715 3468 ἡμᾶς
2751 3401 2878 3465 τοὺς
2922 3403 3288 3476 ἁμαρτωλοὺς
3319 3391 3835 3488 τοιούτοιςᾶρήσαο

2249 3487 2374 3542 σθαι
2399 3496 2712 3562 τιμητικοῖς
2740 3493 2942 3564 λόγοις,
2983 3500 3276 3572 ἐπιθυμεῖν
3304 3521 3364 3558 τε
3395 3507 3554 3577 ἡμῶν
3593 3487 3727 3564 ἰδεῖν
3773 3514 3836 3568 τὸ

2246 3579 2463 3646 εὐτελὲς
2485 3584 2795 3654 πρόσωπον,
2829 3584 2948 3643 εἷτα
2981 3592 3076 3645 καὶ
3104 3595 3503 3667 ἀκουτισθῆναι
3532 3600 3694 3670 λόγον
3730 3621 3836 3658 σω-

2245 3673 2456 3743 τήριον,
2478 3674 2671 3746 ἀνδρός
2711 3679 2858 3732 ἐστιν
2891 3679 3061 3746 ὅντως
3101 3683 3309 3750 ἐνθέου,
3348 3687 3445 3740 καὶ
3488 3687 3672 3760 ψυχῆς
3708 3694 3835 3746 ἐπι.

2248 3764 2520 3838 ποθούσης
2568 3768 2716 3826 Θεόν.
2759 3773 2867 3824 Καὶ
2893 3772 2970 3837 ὡς
2997 3773 3287 3846 θαυμαστά
3333 3779 3405 3832 τὰ
3437 3781 3575 3852 ἔργα
3606 3783 3703 3836 τοῦ
3737 3804 3836 3854 με·

2247 3856 2415 3924 γάλου
2461 3858 2556 3912 καὶ
2602 3860 2773 3931 μόνου
2811 3862 2948 3930 θεοῦ
2987 3866 3146 3936 ἡμῶν
3193 3869 3304 3923 τῶν
3351 3871 3721 3941 Χριστιανῶνο
3750 3877 3834 3930 ὅτι

2249 3947 2480 4003 ὲκάλεσέ
2513 3967 2572 4004 σε
2610 3951 2670 4017 ἐξ
2706 3953 2892 4020 ἔθνους
2921 3957 3019 4028 οὐχ
3046 3959 3195 4012 ὁσίου
3227 3961 3306 4024 είς
3345 3961 3444 4032 τὴν
3474 3964 3682 4035 σεπτὴν
3713 3967 3833 4019 ἐπί-

2248 4054 2449 4109 γνωσιν
2489 4041 2588 4112 τῆς
2641 4043 2900 4114 ἀληθείας
2931 4048 3096 4101 αὑτοῦ
3129 4051 3316 4121 τρόπῳ
3361 4052 3674 4126 τηλικούτῳ
3694 4097 3710 4119 ,
3743 4057 3832 4111 δο-

2249 4127 2435 4183 κοῦντι
2466 4132 2569 4202 μὲν
2599 4135 2856 4208 ἀκουσίῳ,
2888 4137 3196 4211 αὐθαιρέτῳ
3226 4142 3271 4194 δ’
3313 4143 3394 4198 ὄτι
3439 4146 3700 4215 μάλιστα.
3734 4151 3833 4204 σὺν

2248 4223 2362 4284 τοῖς
2431 4223 2838 4289 συνεξελθοῦσιν
2881 4230 3235 4302 ἀρχιερεῦσιν
3291 4233 3448 4306 [Cod.
3491 4239 3628 4310 Reg.
3677 4243 3834 4312 ἀγχι-

2251 4313 2515 4387 στεῦσιν]·
2551 4318 2779 4390 ἐπείπερ
2810 4321 2986 4386 ἄλλως
3011 4325 3072 4377 οὐ
3101 4325 3489 4398 δεδοκίμασται
3514 4334 3582 4403 τῇ
3610 4331 3731 4404 θείᾳ
3762 4336 3832 4400 οἰ-

567 4409 782 4478 eripere
817 4407 996 4462 visum
1050 4416 1134 4463 est
1171 4407 1372 4463 divinae
1415 4409 1833 4479 dispensationi.
1889 4409 1933 4465 0
1971 4411 2142 4462 mira-

2248 4408 2478 4479 κονομίᾳ
2535 4411 2859 4482 ἁφαρπάσαι
2913 4415 3058 4486 ὑμᾶς
3087 4419 3186 4488 τῆς
3239 4397 3581 4492 ἀθεότητος..⁷
3619 4397 3831 4494 ὨΙτῆς

570 4503 732 4557 bilem
787 4500 1171 4556 vocationem!
1223 4516 1255 4554 ο
1298 4499 1627 4556 laudandam
1666 4502 2138 4572 redemptionem!

569 4593 896 4649 Translatus
937 4607 1000 4648 es
1051 4593 1118 4646 de
1145 4591 1385 4647 tenebris
1437 4593 1491 4646 in
1543 4593 1920 4648 admirabilem
1969 4594 2140 4663 ipsius

569 4685 747 4740 lucem
779 4702 792 4738 :
822 4691 1022 4738 exutus
1054 4682 1224 4738 veteri
1262 4682 1503 4749 homine,
1523 4699 1648 4737 cum
1678 4682 1932 4738 absurdis
1960 4683 2142 4738 ethni-

2250 4497 2569 4572 Θαυμαστῆς
2603 4505 2878 4576 κλήσεωςι
2934 4508 2980 4561 ὣ
3022 4509 3122 4580 τῆς
3170 4513 3457 4582 ὲπαινετῆς
3511 4517 3830 4589 ἀπολυτρώ-

2249 4593 2426 4649 σεωςί
2459 4593 2692 4666 ὴνέχθης
2724 4599 2788 4651 ὲκ
2829 4600 3054 4665 σκότους
3087 4603 3168 4662 είς
3215 4606 3278 4656 τὸ
3323 4604 3640 4676 θαυμαστὸν
3665 4611 3828 4664 αὑτοῦ

2248 4682 2384 4753 φῶς·
2414 4685 2861 4758 ἀπεκδυσάμενος
2883 4693 2975 4745 τὸν
2997 4693 3226 4748 παλαιὸν
3255 4697 3564 4769 ἄνθρωπον,
3593 4703 3694 4756 σὺν
3717 4707 3826 4769 rei;

569 4779 758 4849 eisque
793 4775 1227 4848 cogitationibus
1291 4785 1346 4832 et
1389 4777 1648 4846 actibus;
1713 4777 1990 4832 Christum
2047 4779 2135 4833 in-

2248 4776 2472 4842 ἀτόποις
2502 4781 2615 4847 ⁸καὶ
2660 4781 2893 4848 ὲθνικοῖς
2949 4784 3232 4858 λογισμοῖς
3288 4807 3349 4843 τε
3405 4794 3502 4846 καὶ
3539 4796 3824 4866 πράξεσιν,

571 4871 761 4936 duisti,
796 4869 1146 4926 Christianus
1180 4869 1361 4940 reipsa
1401 4885 1502 4941 pro
1533 4869 1778 4936 ethnico,
1818 4869 1966 4926 titius
1995 4869 2134 4926 lucis

2248 4867 2482 4923 ὲνεδύσω
2513 4873 2607 4926 τὸν
2645 4874 2910 4945 Χριστὸν,
2947 4879 3276 4950 Χριστιανὸς
3305 4883 3420 4937 ἀντ’
3449 4885 3667 4940 ἑθνικοῦ
3696 4906 3826 4958 χρη·

569 4967 624 5015 et
658 4961 767 5015 diei
810 4975 910 5031 pro
962 4959 1077 5016 tilio
1110 4961 1467 5016 tenebrarum
1492 4970 1546 5016 et
1586 4961 1764 5017 noctis
1787 4962 2088 5034 impietatis
2119 4979 2136 5029 ;

2244 4963 2514 5032 ματίζων·
2544 4966 2661 5030 υἱὸς
2689 4969 2868 5037 φωτὸς
2926 4973 3021 5025 καὶ
3080 4974 3318 5044 ἡμέρας,
3352 4976 3472 5031 ἀνθ’
3521 4978 3642 5032 υἱοῦ
3696 4982 3830 5032 σκό-

570 5065 743 5106 unum
769 5050 941 5106 Deum
995 5049 1208 5119 colens,
1241 5051 1336 5122 qui
1369 5050 1423 5105 in
1473 5050 1633 5106 Patre
1661 5061 1715 5105 et
1756 5050 1896 5106 Filio
1927 5060 1983 5106 et
2015 5051 2142 5120 Spi-

2248 5073 2370 5118 τους
2409 5057 2504 5109 καὶ
2537 5058 2729 5123 νυκτὸς
2755 5061 3028 5128 ἀσεϐείας·
3063 5066 3161 5120 ἕνα
3199 5067 3332 5120 Θεὸν
3384 5069 3558 5122 σέϐων
3579 5111 3595 5136 ,
3629 5073 3720 5124 τὸν
3763 5075 3819 5125 ὲν

571 5142 681 5198 ritu
714 5151 906 5198 sancto
939 5142 1241 5210 adoratur;
1269 5143 1636 5199 multitudinis
1665 5142 1890 5198 deorum
1931 5152 1986 5198 et
2022 5143 2147 5198 Bul-

569 5235 770 5307 garicae
800 5234 1121 5291 idololatriae
1171 5236 1384 5307 fugiens
1407 5233 1599 5292 falsam
1619 5235 1971 5306 religionem:
2008 5251 2142 5291 con-

571 5331 730 5404 litens
785 5328 984 5386 deinde
1020 5344 1188 5384 unum
1238 5331 1307 5385 de
1365 5338 1554 5386 sancta
1609 5327 1896 5395 Trinitate,
1937 5327 2137 5384 Filium

572 5421 749 5494 ipsum
792 5433 849 5479 et
883 5423 1124 5480 Verbum
1175 5421 1270 5478 Dei
1322 5437 1421 5494 per
1460 5437 1729 5478 summam
1781 5437 1909 5494 erga
1968 5437 2143 5492 genus

2244 5146 2426 5217 Πατρὶ
2453 5148 2548 5201 καὶ
2584 5148 2698 5219 Υίῴ
2725 5151 2818 5204 καὶ
2847 5152 2986 5223 ἀγίῳ
3015 5154 3298 5226 Πνεύματι
3322 5159 3814 5230 προσκυνούμενον·

2247 5237 2545 5305 πεφευγὼς
2591 5239 2694 5310 τῆς
2735 5241 3029 5308 πολυθετας
3056 5246 3154 5298 καὶ
3184 5246 3567 5321 Βουλγαρικῆς
3613 5252 3814 5304 εἰδωλο-

2247 5327 2506 5399 λατρείας
2534 5331 2635 5403 τὴν
2665 5333 3006 5390 δυσσέϐειανο
3037 5335 3158 5392 εἶτα
3193 5341 3288 5392 καὶ
3311 5342 3588 5412 ὁμολογῶν
3613 5346 3701 5396 τὸν
3724 5345 3810 5396 ἕνα

2250 5421 2348 5491 τῆς
2379 5422 2544 5492 ἁγίας
2576 5425 2840 5496 Τριάδος,
2874 5428 3047 5500 αὐτὸν.
3073 5430 3164 5485 τὸν
3210 5432 3336 5487 Υίὸν
3369 5435 3465 5489 καὶ
3511 5438 3682 5506 Λόγον
3722 5437 3809 5490 τοῦ

2076 5627 2309 5686 NOT/E.

643 5745 719 5811 t‘l
748 5744 1082 5815 Doginatica.

2323 5745 2437 5819 (55)
2464 5747 2519 5805 In
2545 5749 2665 5809 cod.
2695 5749 2827 5825 Reg.
2863 5753 2998 5827 ρμδ’.
