4102 6374
964 5 1566 13 --άν--ῌ--ῤ

352 305 488 374 1517

1561 291 2094 361 EPISTULARUM
2132 291 2281 352 LIB.
2339 291 2420 351 II.

3473 293 3608 359 1513
3661 376 3668 386 D

349 419 509 483 Θεοῦ,
565 418 633 473 δι’
663 415 1002 488 ὑπερ6άλλον
1033 413 1180 480 ἕλεος
1224 413 1321 468 τοῦ
1360 413 1485 467 καθ’
1509 409 1658 480 ἡμᾶς
1702 410 1957 476 γένους..

2057 413 2278 460 nostrum
2302 401 2739 460 misericordiam
2773 402 3054 460 hominem
3079 419 3203 462 esse
3229 404 3434 462 factum
3459 409 3608 463 simi-

353 512 640 581 ἄνθρωπον
664 509 996 578 γεγενῆσθαι
1023 508 1208 578 ὅμοιον
1229 502 1362 570 ἡμῖν
1388 499 1529 554 κατὰ
1563 501 1762 564 πάντα,
1791 499 1930 568 μετὰ

356 601 448 652 καὶ
491 597 585 650 τοῦ
618 595 758 650 εἶναι
813 595 907 650 τὸν
955 596 1114 649 αὐτὸν
1155 589 1289 642 Θεὸν
1334 589 1564 643 τέλειον,
1597 588 1729 649 Θεὸς
1765 587 1872 656 γὰρ
1901 586 1932 638 ὁ

354 689 568 761 Πατὴρ,
608 690 739 752 Θεὸς
771 689 868 742 καὶ
905 688 938 734 ὃ
988 681 1138 744 Υἱὸς,
1183 680 1315 744 Θεὸς
1366 679 1463 733 καὶ
1509 678 1572 732 τὸ
1622 679 1848 750 ῐΙνεῦμα
1874 677 1935 730 τδ

357 782 530 851 ἆγιονο
565 776 644 842 εἷς
691 779 839 836 Θεὸς,
869 773 930 826 οὐ
969 775 1118 843 τρεῖς
1155 771 1290 836 θεοὶ,
1337 772 1518 841 ἄπαγε
1541 788 1555 804 ο
1595 771 1657 824 τὸ
1696 771 1815 840 μὲν,
1847 772 1936 824 διὰ

356 874 455 945 τὴν
492 873 621 941 μίαν
645 863 901 933 θεότητω
929 864 992 916 τὸ
1022 863 1079 916 δὲ
1099 862 1186 916 διὰ
1213 863 1282 916 τὰ
1311 862 1440 932 τρία
1468 861 1759 934 πρόσωπα.
1785 860 1932 931 Αῦτη

356 967 390 1036 ὴ
422 956 647 1027 ἀληθινὴ
690 955 869 1018 πίστις
909 955 1019 1006 τῶν
1047 953 1415 1026 Χριστιανῶν,
1447 951 1800 1025 καταργοῦσα
1829 953 1937 1006 πᾶ·-

355 1067 454 1104 σαν
485 1049 692 1117 πλάνην
729 1050 823 1100 καὶ
859 1046 1095 1117 αἵρεσιν.

441 1139 657 1211 Ἐπειδὴ
681 1139 740 1192 δὲ
778 1138 1003 1202 διπλοῦς
1026 1141 1055 1192 ὀ
1093 1139 1350 1210 Χριστὸς,
1376 1139 1517 1194 καθὸ
1549 1138 1680 1202 Θεὸς
1708 1137 1934 1201 τέλειος,

361 1235 456 1290 καὶ
503 1233 786 1304 ἄνθρωπος
837 1233 1062 1296 τέλειος
1099 1232 1162 1285 τὸ
1211 1232 1310 1302 μὲν
1354 1233 1429 1296 ῶς
1475 1234 1540 1287 ὲκ
1581 1232 1674 1286 τοῦ
1725 1231 1938 1302 Ila-.pr

361 1324 642 1393 γεννηθεὶς
673 1325 778 1394 πρὸ
819 1322 1052 1386 αἰώνων,
1092 1323 1168 1386 ὡς
1197 1324 1256 1388 ἐξ
1287 1325 1442 1394 ἡλίου
1481 1324 1850 1394 ἀπαύγασμα⁹
1877 1323 1938 1374 τὸ

361 1417 419 1469 δὲ
465 1417 529 1468 ἐκ
577 1415 676 1482 τῆς
735 1413 939 1484 μητρὸς
975 1415 1064 1466 ἐπ’
1115 1415 1362 1485 ἐσχάτων
1405 1413 1512 1467 τῶν
1539 1415 1770 1486 χρόνων,
1797 1414 1937 1484 ὠςή

363 1510 484 1564 καθ’
543 1509 690 1577 ἡμᾶς
744 1507 1034 1578 γέννησις.
1088 1507 1288 1578 μᾶλλον
1347 1507 1404 1560 δὲ
1446 1507 1542 1560 καὶ
1577 1507 1716 1576 ὑπὲρ
1767 1508 1936 1576 ἡμᾶς’

364 1600 554 1672 ἐπειδὴ
591 1599 856 1671 παρθένος
909 1601 944 1668 ὴ
989 1599 1225 1652 τεκοῦσα
1249 1639 1265 1665 ,
1317 1599 1414 1652 καὶ
1453 1601 1606 1672 πρὶν,
1645 1600 1741 1652 καὶ
1777 1600 1833 1650 ὲν
1863 1597 1940 1668 τῷ

365 1696 590 1755 τίκτειν,
629 1693 724 1745 καὶ
758 1691 895 1760 μετὰ
927 1691 987 1743 τὸ
1018 1691 1257 1744 τίκτειν
1289 1691 1375 1760 ἐφ’
1400 1686 1481 1755 οἷς
1535 1691 1631 1744 καὶ
1679 1689 1941 1752 Θεοτόκος

2032 497 2137 550 lem
2164 496 2323 550 nobis
2352 510 2449 565 per
2471 496 2676 561 omnia,
2708 511 2831 551 cum
2859 497 3000 551 idem
3035 498 3151 568 ipse
3176 501 3448 568 perfectus
3467 509 3614 556 esset

2035 589 2200 645 Deus.
2243 589 2388 644 Deus
2431 587 2577 642 enim
2604 585 2786 650 Pater,
2853 587 2998 644 Deus
3048 598 3104 643 ct
3137 589 3334 654 Filius,
3369 591 3511 643 Deus
3555 598 3614 643 et

2036 678 2276 750 Spiritus
2331 687 2588 742 sanctus;
2626 692 2770 732 unus
2800 676 2964 740 Deus,
3013 694 3118 732 non
3151 689 3263 732 tres
3295 679 3400 745 Dii,
3430 680 3612 734 absit:

2036 773 2140 826 hoc
2166 770 2413 839 quidem,
2446 776 2667 840 propter
2725 784 2890 822 unam
2941 770 3240 836 deitatem;
3280 772 3409 824 illud
3462 787 3615 831 vero,

2036 869 2264 932 propter
2310 871 2424 914 tres
2477 875 2761 928 personas.
2795 858 2923 914 llaec
2980 876 3110 915 vera
3161 872 3246 916 est
3282 862 3416 916 fides
3458 862 3618 918 Chri-

2037 953 2364 1015 stianorum,
2393 949 2625 1006 abolens
2682 965 2925 1037 errorem
2962 967 3180 1006 omnem
3237 963 3288 1007 et
3344 953 3615 1008 haeresim.

2109 1126 2382 1194 Quoniam
2430 1137 2613 1182 autem
2663 1127 2863 1198 duplex
2898 1137 2982 1182 est
3025 1126 3305 1191 Christus,
3348 1133 3621 1197 quatenus

2039 1219 2180 1275 Deus
2206 1219 2480 1290 perfecws
2497 1231 2552 1275 et
2572 1221 2734 1275 homo
2763 1219 3068 1290 perfectus;
3095 1221 3224 1274 illud
3247 1222 3465 1290 quidem
3503 1232 3622 1273 tan-

2038 1328 2201 1382 quam
2237 1329 2300 1367 ex
2342 1311 2502 1367 Patre
2532 1323 2694 1368 nutus
2718 1321 2844 1367 ante
2871 1313 3250 1374 saecula,sicnt
3279 1313 3536 1382 splendor
3556 1327 3621 1364 ex

2041 1401 2156 1456 sole
2179 1417 2194 1466 ;
2219 1403 2360 1456 istud
2381 1418 2510 1456 vero
2537 1419 2601 1456 ex
2621 1414 2815 1468 matre,
2835 1404 2891 1468 in
2912 1404 3230 1457 novissimis
3263 1404 3622 1471 temporibus,

2040 1501 2101 1547 ut
2139 1494 2394 1548 nativitas
2441 1503 2524 1548 est
2553 1505 2763 1558 nostra,
2805 1496 2888 1548 vel
2917 1495 3100 1564 potius
3126 1511 3289 1562 supra
3333 1503 3577 1547 nostram
3607 1510 3622 1556 ;

2041 1585 2520 1654 quandoquidem,
2543 1597 2596 1640 et
2625 1598 2772 1653 ante,
2794 1597 2849 1641 et
2883 1588 2935 1640 in
2963 1594 3142 1657 partu,
3176 1595 3230 1640 et
3258 1596 3380 1656 post
3409 1596 3623 1656 partum

2041 1677 2196 1746 virgo
2241 1687 2325 1732 est
2366 1691 2488 1748 qua:
2531 1679 2712 1748 ipsum
2776 1680 3024 1748 peperit:
3065 1695 3236 1748 quare
3287 1687 3341 1732 et
3394 1678 3624 1748 Deipara

365 1789 440 1851 ὼς
462 1786 673 1856 ἀληθῶς
701 1787 795 1838 καὶ
817 1785 1062 1853 νενόηται
1092 1785 1186 1836 καὶ
1217 1783 1670 1855 προσηγόρευται.
1703 1782 1800 1834 Διά
1825 1781 1946 1834 τοῦ-

2057 1765 2334 1820 verissime
2359 1777 2414 1821 et
2454 1767 2780 1838 intelligitur
2801 1777 2856 1821 et
2913 1769 3240 1836 appellatur.
3303 1766 3625 1836 Eapr0pter,

365 1898 450 1939 το,
490 1879 675 1947 ὥσπερ
703 1878 844 1930 κατὰ
885 1876 974 1928 τὸν
1014 1876 1235 1946 Πατέρα
1285 1875 1728 1946 ἁπερίγραπτος,
1774 1873 1944 1936 οὕτως

370 1972 465 2025 καὶ
513 1969 654 2022 κατὰ
691 1968 790 2036 τὴν
828 1970 1037 2038 μητέρα
1097 1967 1155 2018 ὲν
1189 1968 1378 2019 πίνακι
1435 1966 1943 2037 περιγραφόμενοςο

370 2065 465 2119 καὶ
501 2063 533 2132 ἡ
574 2059 892 2130 περιγραφὴ
941 2057 1108 2110 αὐτοῦ
1151 2058 1270 2128 ἤτοι
1301 2059 1336 2126 ἠ
1364 2057 1549 2123 εἰκὼν,
1593 2053 1947 2128 προσκυνητὴ

371 2159 466 2213 καὶ
492 2154 750 2224 σεϐαστὴ,
785 2154 844 2206 ὲν
948 2152 1204 2223 βλέπεται
1235 2152 1324 2220 ὑφ’
1352 2151 1510 2222 ήμῶν
1545 2150 1656 2203 τῶν
1691 2151 1950 2220 Χριστια-

371 2245 478 2298 νῶν
527 2244 644 2297 οἷαν
703 2242 916 2314 μορφὴν
969 2240 1244 2294 ἀνέλαϐε-ο
1282 2241 1377 2294 καὶ
1433 2239 1838 2310 δεδοξολόγηται
1873 2237 1950 2301 ὡς

365 2338 556 2405 ’ὅμοιος
599 2336 734 2404 ἡμῖν
788 2333 931 2387 κατά
966 2335 1144 2386 πάντα
1189 2332 1428 2401 γεγονὼς
1480 2332 1620 2403 πλὴν
1654 2331 1946 2403 ἁμαρτίας·

375 2428 734 2496 καταργήσας
774 2427 882 2478 πᾶν
920 2424 1192 2477 είδωλικὺν
1225 2424 1498 2496 ὁμοίωμα,
1533 2426 1616 2494 ἐφ’
1653 2419 1697 2492 ᾧ
1743 2423 1952 2476 ῶλλυτο

375 2518 632 2588 λατρεῦον
655 2555 670 2580 ,
725 2516 783 2581 ἐξ
810 2515 1032 2586 ἡμερῶν
1081 2515 1294 2580 αἰῶνος,
1326 2515 1387 2568 τὸ
1423 2515 1578 2583 γένος
1605 2514 1714 2566 τῶν
1740 2511 1953 2582 ἀνθρὼ-

378 2627 515 2664 πων.
549 2610 609 2662 ὐ
638 2607 766 2676 γοῦν
802 2609 878 2678 μὴ
916 2607 1347 2678 καταδεχόμενος
1375 2608 1536 2660 αὑτὸν
1566 2606 1950 2672 εἰκονίζεσθαι,

377 2698 423 2756 ὦ
468 2701 601 2756 καλὲ
647 2701 790 2770 φίλε,
847 2700 1204 2754 ἀπαναίνεται
1256 2702 1438 2762 αὐτοῖς
1485 2701 1798 2771 πράγμασι,
1850 2701 1953 2752 κᾶν

378 2791 520 2864 λόγῳ
560 2793 1046 2862 συγκατατίθηται,
1085 2792 1336 2861 γενέσθαι
1388 2793 1480 2845 τὸν
1513 2793 1638 2845 Υίὸν
1691 2791 1785 2845 τοῦ
1817 2790 1952 2844 Θεοῦ

378 2890 683 2960 ἄνθρωπον·
714 2887 806 2939 καὶ
837 2887 865 2939 ὁ
905 2887 978 2957 μὴ
1010 2886 1330 2957 προσκυνῶν
1355 2886 1522 2940 αὑτοῦ
1556 2887 1652 2955 τὴν
1687 2885 1848 2953 ἁγίαν
1873 2886 1953 2937 εί-

379 2981 546 3042 κὸνα,
583 2979 656 3048 μὴ
695 2979 1024 3049 προσκυνεῖν
1059 2976 1222 3031 αὑτὸν
1261 2977 1655 3041 ἀποδέδεικται,
1693 2977 1796 3029 κᾶν
1826 2978 1958 3046 ὁμο-

379 3072 510 3140 λογῇ
551 3071 906 3141 προσκυνεῖν.
974 3067 1040 3119 Ἦ
1088 3068 1198 3138 γάρ
1243 3067 1343 3136 τῆς
1375 3067 1588 3130 εἰκόνος
1623 3067 1786 3120 αὑτοῦ
1821 3066 1953 3136 τιμὴ
1984 3109 2027 3166 c

380 3163 472 3216 ἐπὶ
499 3163 561 3214 τὸ
595 3161 952 3232 πρωτότυπον
986 3159 1269 3214 διαϐαίνεν
1305 3158 1494 3230 ὥσπερ
1543 3159 1638 3212 καὶ
1669 3161 1701 3228 ἡ
1732 3159 1957 3230 ἄρνησις

380 3255 548 3324 αὐτῆς
576 3256 656 3316 εἰς
693 3253 853 3306 αὐτὸν
883 3253 982 3324 τὴν
1016 3253 1246 3323 ἄρνησιν
1282 3251 1619 3320 ἀναπέμπει.
1664 3251 1819 3304 Ἐπεὶ
1842 3245 1958 3314 οὖν,

380 3347 457 3408 ὡς
506 3345 795 3414 μανθάνω,
843 3343 1020 3406 οὕτως
1065 3344 1156 3396 καὶ
1206 3343 1369 3406 αὐτὸς
1401 3341 1700 3404 πέποιθας,
1751 3339 1847 3394 καὶ
1872 3340 1961 3394 διὰ

380 3437 538 3491 τοῦτο
560 3436 751 3506 στέλλῃ
776 3435 875 3504 τῆς
902 3435 1187 3498 κοινωνίας
1213 3435 1320 3488 τῶν
1351 3433 1751 3504 Είκονομάχων·
1784 3433 1960 3504 χαίρω

382 3529 479 3582 καί
507 3528 789 3598 συγχαίρω
815 3544 920 3590 σοι,
959 3527 1266 3596 εὐχαριστῶ
1289 3526 1386 3580 καὶ
1413 3527 1822 3597 συνευχαριστῶ
1853 3543 1958 3589 σοι,

383 3621 466 3673 ὅτι
507 3620 639 3690 ὁρᾷς
683 3616 781 3688 τὴν
813 3615 1105 3686 ἀλήθειαν,
1152 3615 1245 3668 καί
1282 3632 1364 3668 τοι
1405 3614 1676 3686 ὀψιμαθὴς
1707 3613 1817 3675 ὢν,
1866 3613 1964 3666 καὶ

385 3711 768 3782 ἁρτιγέννητος
819 3709 934 3770 υίὸς
971 3707 1128 3761 Θεοῦ.
1178 3709 1286 3760 Καὶ
1336 3707 1409 3777 μή
1442 3724 1524 3760 τοι
1563 3707 1848 3778 θαυμάσῃς
1881 3707 1962 3760 ὃτι

387 3806 482 3857 καὶ
527 3806 586 3856 ὲν
634 3802 979 3871 Χριστιανοῖς
1011 3801 1320 3869 εἰσέρχεται
1356 3798 1554 3868 πλάνη.
1583 3797 1760 3850 Ὅπου
1798 3796 1960 3866 γὰρὴ

389 3892 654 3963 σωτηρία,
695 3893 810 3944 ἐκεῖ
842 3892 1028 3960 τρέχει
1081 3892 1110 3942 ὁ
1162 3889 1380 3960 δράκων
1433 3888 1680 3951 διάϐολος
1736 3889 1963 3957 ποιῆσαι

387 3971 685 4038 ἀπώλεῗαν·
725 3981 996 4036 καὶτοῦτο
1027 3981 1096 4035 δι’
1127 3983 1244 4044 ἐνὸς
1278 3981 1566 4053 ἀνθρώπου
1599 3979 1694 4033 τοῦ
1722 3980 1966 4046 ἐξουσιά-

388 4076 593 4139 ζοντος.
633 4077 790 4146 Ἀρτι
831 4075 939 4146 γὰρ
970 4075 1004 4144 ἡ
1033 4073 1208 4144 πλάνη
1253 4071 1392 4141 αὕτη
1430 4071 1729 4143 ὲπεισήχθη
1766 4073 1824 4124 ὲν
1853 4075 1966 4136 τοῖς

389 4170 750 4239 Χριστιανοίς.
787 4166 942 4218 Ἐπεὶ
975 4165 1035 4230 ἐξ
1076 4163 1271 4228 αἰῶνος
1303 4165 1337 4236 ἡ
1377 4163 1615 4235 Χριστοῦ
1657 4162 1843 4233 εἰκὼν,
1866 4163 1965 4234 τῆς

390 4278 450 4313 τε
485 4260 778 4323 Θεοτόκου,
819 4258 914 4311 καὶ
946 4257 1054 4310 τῶν
1090 4256 1259 4325 ἁγίων
1286 4255 1474 4311 αὑτοῦ.

2049 1857 2509 1925 quemadmodum
2576 1858 3086 1928 incircumscriptus
3169 1867 3252 1914 est
3321 1858 3626 1913 secundum

2048 1945 2286 2013 Patrem,
2339 1947 2423 2002 sic
2456 1958 2511 2002 et
2560 1949 2862 2002 secundum
2914 1957 3144 2002 matrem
3180 1950 3235 2003 in
3288 1950 3474 2004 tabula
3530 1951 3626 2003 de-

2049 2042 2330 2106 scribitur,
2365 2051 2420 2097 et
2448 2042 2746 2112 descriptio
2797 2043 2918 2111 ejus
2967 2043 3081 2097 sive
3109 2043 3313 2111 imago,
3351 2044 3626 2096 adoranda

2049 2143 2104 2187 et
2139 2133 2492 2198 veneranda;
2542 2133 2596 2188 in
2631 2150 2737 2204 qua
2769 2134 3013 2189 cernitur
3041 2149 3070 2188 a
3110 2135 3270 2188 nobis
3297 2133 3631 2188 Christianis

2050 2224 2269 2292 qualem
2323 2223 2554 2278 formam
2623 2225 3031 2294 assumpserit;
3081 2235 3136 2279 et
3188 2225 3500 2279 declaratus
3548 2235 3632 2278 est

2051 2317 2248 2372 similis
2290 2315 2448 2370 nobis
2480 2315 2656 2372 factus
2708 2333 2806 2386 Per
2851 2317 3035 2372 omnia
3076 2327 3274 2388 przeter
3302 2329 3627 2388 peccatum:

2053 2407 2279 2463 abolens
2317 2422 2534 2462 omnem
2575 2409 2829 2462 idolicam
2869 2409 3309 2472 similitudinem,
3337 2425 3498 2480 quam
3534 2425 3629 2462 co-

2053 2499 2170 2554 lens
2225 2500 2393 2568 periit
2428 2499 2711 2554 hominum
2763 2516 2938 2571 genus
2965 2517 2994 2554 a
3026 2502 3218 2555 diebus
3273 2502 3486 2556 saeculi.
3524 2500 3631 2567 Qui

2052 2604 2182 2659 ergo
2210 2590 2362 2644 illum
2417 2590 2656 2661 imagine
2691 2592 3094 2660 repraesentari
3143 2607 3251 2646 non
3302 2592 3563 2658 admittit,
3597 2607 3634 2644 o

2053 2680 2197 2736 bone
2217 2682 2634 2752 amice,judicio
2650 2684 2953 2750 contendit,
2977 2686 3194 2738 tametsi
3215 2685 3382 2739 verbo
3405 2695 3634 2749 animal,

2055 2773 2254 2828 Filium
2311 2773 2406 2829 Dei
2441 2775 2717 2830 hominem
2772 2775 2976 2831 factum
3023 2776 3238 2833 fuisse:
3293 2787 3350 2832 et
3392 2779 3485 2847 qui
3516 2779 3637 2846 ejus

2056 2879 2302 2924 sanctam
2331 2868 2621 2940 imaginem
2647 2883 2756 2922 non
2782 2869 2995 2931 adorat.
3047 2868 3226 2938 ipsum
3276 2885 3384 2922 non
3408 2870 3638 2923 adorare

2057 2959 2345 3013 convictus
2372 2969 2474 3025 est,
2509 2959 2911 3013 licetadorare
2963 2973 3021 3013 se
3069 2959 3409 3028 profiteatur.
3455 2957 3641 3013 ||0n0r

2058 3053 2202 3107 enim
2229 3052 2482 3122 imaginis
2519 3052 2637 3118 ejus
2666 3053 2732 3106 ad
2761 3060 3109 3122 prototypum
3157 3053 3360 3106 transit
3390 3070 3403 3106 :
3440 3069 3636 3122 quem-

2060 3145 2356 3200 admodum
2415 3153 2472 3198 et
2520 3144 2776 3216 imaginis
2851 3144 3027 3214 ipsius
3080 3146 3298 3214 negatio
3341 3147 3409 3200 ad
3462 3149 3640 3217 ipsum

2060 3237 2322 3293 transfert
2368 3238 2736 3308 negationem.
2791 3237 2930 3292 Cum
2976 3252 3127 3308 ergo,
3192 3250 3251 3293 ut
3305 3239 3494 3304 audio,
3560 3241 3642 3295 sic

2058 3331 2222 3386 etiam
2259 3331 2375 3400 ipse
2430 3345 2750 3399 persuasum
2799 3331 3023 3394 habeas,
3074 3332 3306 3400 ideoque
3343 3333 3413 3386 ab
3448 3333 3642 3388 [cono-

2060 3423 2380 3476 machorum
2415 3421 2809 3480 communione
2849 3431 2932 3476 te-
2959 3422 3254 3476 subtrahas
3285 3439 3300 3488 ;
3353 3424 3562 3493 gaudeo
3590 3432 3646 3478 et

2060 3516 2380 3586 congaudeo
2415 3525 2591 3570 tecum
2624 3531 2639 3580 ;
2678 3516 2878 3586 gratias
2907 3531 3032 3584 ago,
3072 3526 3127 3570 et
3175 3525 3265 3570 tua
3316 3533 3484 3571 causa
3519 3533 3644 3588 gra-

2061 3609 2168 3664 tias
2191 3624 2316 3674 ago,
2341 3609 2488 3677 quod
2517 3623 2711 3664 cernas
2748 3610 3056 3672 veritatem,
3093 3609 3313 3663 tametsi
3347 3626 3471 3664 sero
3507 3611 3644 3665 edo-

2039 3711 2208 3762 ctus,
2241 3712 2300 3756 ut
2331 3701 2480 3756 filius
2521 3700 2613 3756 Dei
2647 3716 2822 3770 nuper
2872 3702 3110 3771 genitus.
3163 3703 3274 3757 Nec
3304 3718 3436 3758 vero
3469 3705 3639 3758 mire-

2063 3794 2141 3848 ris
2191 3793 2336 3864 quod
2371 3794 2538 3848 etiam
2589 3794 2733 3848 inter
2785 3794 3134 3848 Christianos
3178 3809 3334 3848 error
3391 3797 3644 3864 obrepat.

2070 3884 2168 3938 Ubi
2203 3887 2348 3939 enim
2388 3893 2474 3938 est
2525 3886 2694 3948 salus,
2746 3899 2813 3938 eo
2843 3886 3083 3940 accurrit
3113 3887 3278 3940 draco
3299 3887 3554 3941 diabolus
3591 3895 3650 3942 ut

2066 3977 2266 4032 inferat
2308 3979 2574 4032 exitium:
2615 3989 2794 4047 atque
2853 3980 2956 4033 hoc
3002 3985 3098 4048 per
3145 3980 3420 4032 hominem
3455 3995 3646 4042 unum,

2065 4085 2234 4142 penes
2279 4085 2442 4142 quem
2475 4081 2560 4125 est
2610 4078 2874 4139 potestas.
2928 4071 3116 4141 Nuper
3147 4072 3290 4126 enim
3348 4073 3436 4126 hic
3491 4089 3649 4127 error

2067 4165 2211 4218 inter
2258 4163 2602 4218 Christianos
2641 4165 2889 4219 invectus
2937 4174 3044 4218 est.
3081 4162 3214 4218 Nam
3244 4163 3314 4217 ab
3353 4165 3502 4218 omni
3538 4182 3650 4220 me-

2067 4256 2242 4310 moria
2284 4257 2466 4326 imago
2522 4255 2750 4322 Christi,
2791 4269 2846 4312 et
2889 4256 3156 4327 Deiparte,
3204 4265 3261 4312 et
3322 4267 3647 4312 sanctorum

2067 4363 2209 4418 ejus.

463 4437 652 4492 Ταῦτά
679 4455 799 4501 σοι,
839 4437 1077 4492 δέσποτα
1125 4433 1444 4506 τιμιώτατε,
1491 4435 1567 4497 ὡς
1623 4435 1776 4505 παρὰ
1827 4431 1957 4486 Θεοῦ

2142 4440 2267 4496 llaec
2292 4441 2550 4511 egotibi,
2584 4441 2805 4498 domine
2852 4442 3293 4508 honoratissime,
3330 4450 3590 4513 tanquam
3620 4459 3651 4498 a

395 4531 658 4601 κινηθεὶς,
710 4530 813 4583 κᾶν
869 4528 1197 4600 ἁμαρτωλός
1248 4529 1386 4598 ειμι,
1440 4526 1793 4604 ἐφθεγξάμην
1831 4526 1968 4596 πρὸς

396 4622 686 4694 βεϐαίωσιν
721 4622 820 4692 τῆς
857 4619 1092 4683 πίστεώς
1119 4635 1234 4672 σου·
1265 4618 1453 4689 ἐπειδὴ
1480 4619 1703 4686 ἀδελφὸς
1739 4619 1802 4670 σὺ
1833 4617 1970 4687 ὴμέ-

395 4731 574 4784 τερος,
611 4713 706 4766 καὶ
735 4714 795 4766 οὺ
819 4712 989 4779 ξένος,
1021 4711 1205 4775 καθὼς
1241 4712 1487 4781 εἴρηκας.
1525 4711 1587 4763 Εἰ
1619 4711 1674 4763 δὲ
1706 4710 1848 4774 ξένος
1876 4708 1970 4762 τοῦ

398 4808 625 4877 κόσμου,
665 4801 726 4860 εὖ
779 4805 848 4859 ἂν
890 4804 1024 4875 ἔχοι.
1065 4805 1176 4858 Καὶ
1220 4805 1378 4874 ἡμεῖς
1408 4804 1518 4872 γὰρ
1556 4804 1608 4855 οἱ
1640 4805 1888 4856 ταπεινοὶ
1912 4803 1973 4856 τὸ

399 4900 531 4954 αὐτὸ
557 4900 773 4971 ἔχομεν’
807 4900 900 4952 καὶ
925 4898 1016 4951 διὰ
1045 4897 1206 4951 τοῦτό
1241 4898 1420 4965 ἐσμεν
1449 4896 1852 4968 ἀπερριμμένοι
1881 4897 1971 4951 ἐν·

399 4993 573 5046 ταῦθα
598 4992 686 5045 διὰ
713 4991 806 5044 τὸν
835 4991 992 5060 λόγον
1028 4989 1122 5044 τοῦ
1169 4989 1327 5043 Θεοῦ.
1356 4991 1467 5042 Καὶ
1496 4990 1766 5059 μακάριος
1801 4985 1853 5042 εἷ
1881 5005 1973 5041 πι-

403 5086 609 5140 στεύων
635 5089 714 5150 εἰς
737 5086 972 5158 Χριστὸν
999 5083 1195 5156 ὀρθῶς,
1237 5085 1334 5139 καὶ
1372 5085 1552 5138 πάντα
1577 5083 1808 5155 δεύτερα
1832 5084 1975 5154 ὑπὲρ

344 5161 375 5212 ’δ
402 5178 567 5234 αὐτοῦ
613 5178 933 5249 ἡγούμενος.
968 5178 1194 5233 Ἰδέσθαι
1237 5178 1294 5232 δὲ
1320 5178 1576 5251 ἀλλήλους
1605 5177 1860 5231 δύσκολον
1887 5177 1976 5230 διὰ

401 5272 500 5342 τὴν
527 5270 798 5338 ἐξουσίαν’
833 5273 880 5325 εἰ
912 5271 988 5344 μή
1031 5289 1084 5325 τι
1111 5271 1242 5335 Θεὸς
1285 5271 1498 5325 κελεύει
1527 5271 1649 5324 καθ’
1685 5271 1744 5324 ὃν
1767 5270 1976 5323 οἰκονο-

409 5365 573 5434 μήσει
620 5362 840 5434 τρόπον.
880 5363 1207 5433 Μεμνῆσθαι
1251 5362 1310 5416 δέ
1339 5379 1434 5415 σου
1464 5363 1524 5416 οὐ
1555 5360 1974 5432 διαλειψόμεθα,

404 5458 502 5510 καὶ
528 5457 750 5526 ἀγαπᾷν
779 5471 837 5507 σε
863 5454 939 5518 ὡς
967 5455 1193 5520 ἀδελφὸν
1223 5456 1402 5526 ἡμῶνο
1432 5455 1491 5509 ὃν
1519 5473 1650 5508 ποτε
1679 5455 1778 5508 οὐκ
1805 5456 1977 5523 ἐγνω-

408 5549 639 5619 ρίσαμεν
693 5549 802 5601 ἀπὸ
859 5547 1059 5616 σαρκὸς
1102 5547 1196 5600 καί⁸
1225 5548 1474 5618 αἵματος
1508 5547 1602 5600 νῦν
1644 5546 1702 5600 δὲ
1745 5546 1853 5599 ἀπὸ
1883 5545 1977 5598 τοῦ

407 5641 562 5708 ἁγίου
591 5639 906 5712 Πνεῦματος
928 5640 1126 5711 ἔχομεν
1160 5641 1235 5704 ῶς
1270 5641 1550 5710 σύγγονον·
1587 5639 1977 5710 ἀποτεχθέντες

405 5733 706 5804 ἀμφότεροι
755 5733 820 5786 ἐκ
855 5734 1061 5804 μητρὸς
1092 5731 1192 5804 τῆς
1233 5732 1560 5803 υίοθετικῆς,
1593 5730 1977 5802 κολυμϐήθρας

2070 4534 2184 4588 Deo
2218 4533 2506 4603 impulsus.
2537 4534 2666 4588 licet
2704 4542 2964 4604 peccator
2997 4536 3124 4601 sim,
3174 4535 3492 4604 prolocutus
3528 4551 3648 4590 Sulll

2072 4627 2139 4681 ad
2194 4629 2667 4682 confirmationem
2747 4627 2872 4683 fidei
2930 4639 3041 4684 tute
3092 4645 3107 4684 :
3163 4630 3421 4698 quoniam
3484 4627 3654 4681 frater

2076 4730 2131 4774 tu
2204 4729 2392 4775 noster
2441 4738 2458 4789 ;
2510 4735 2619 4775 non
2701 4721 3024 4791 peregrinus
3091 4731 3153 4774 ut
3226 4722 3436 4775 dixisti.
3495 4719 3651 4788 Quod
3705 4703 3712 4714 ’

2074 4811 2120 4865 si
2156 4812 2477 4882 peregrinus
2513 4827 2574 4867 es
2617 4812 2828 4875 mundi,
2860 4813 2998 4866 bene
3061 4811 3247 4867 habet.
3285 4810 3398 4866 Nos
3453 4814 3654 4882 quippe

2077 4906 2311 4960 humiles
2365 4905 2470 4960 hoc
2518 4907 2693 4973 ipsum
2747 4920 2942 4960 sumus
2982 4923 2997 4958 :
3045 4914 3100 4960 et
3157 4915 3446 4974 propterea
3493 4904 3653 4973 ejecti

2077 4995 2186 5049 huc
2236 5010 2429 5082 spmus
2487 5005 2711 5064 propter
2779 4994 3007 5048 verbum
3075 4993 3189 5048 Dei.
3241 4994 3320 5048 Ac
3375 4994 3566 5048 beatus
3594 5009 3655 5048 es

2077 5087 2170 5157 qui
2230 5095 2374 5142 recte
2427 5087 2480 5140 in
2526 5088 2692 5140 Deum
2740 5085 2959 5150 credis,
2999 5098 3054 5141 et
3107 5085 3292 5140 omnia
3357 5085 3435 5139 illi
3499 5095 3654 5154 post-

2079 5179 2329 5248 ponenda
2395 5178 2576 5234 ducis.
2605 5176 2798 5234 Videre
2836 5189 3018 5234 autem
3069 5194 3169 5234 nos
3232 5178 3466 5233 invicem
3513 5177 3656 5231 ditii-

2078 5271 2180 5326 cile
2235 5280 2341 5336 est,
2375 5271 2700 5340 prohibente
2738 5271 2792 5325 id
2852 5271 3098 5342 principe
3141 5288 3155 5325 :
3193 5271 3298 5326 nisi
3349 5271 3490 5324 Deus
3541 5269 3656 5322 dis-

2079 5372 2246 5434 ponat
2277 5379 2389 5433 quo
2429 5363 2532 5434 ipsi
2595 5365 2760 5419 modo
2800 5365 3097 5419 videbitur.-
3139 5362 3243 5417 Tui
3289 5376 3420 5416 vero
3456 5361 3656 5414 memi-

2081 5457 2225 5511 nisse
2263 5471 2370 5510 non
2402 5455 2736 5522 desinemus,
2777 5466 2832 5511 et
2859 5471 3047 5510 amare
3105 5463 3154 5508 te
3182 5463 3240 5506 ut
3285 5452 3508 5506 fratrem
3549 5466 3654 5504 no-

2082 5559 2254 5604 strum
2282 5589 2298 5613 ,
2328 5563 2491 5618 (ιυρηι
2544 5564 2656 5602 non
2681 5564 2929 5618 .usquam
2985 5547 3248 5602 novimus
3291 5561 3354 5599 ex
3405 5557 3571 5597 carne
3599 5553 3656 5596 ει

2082 5637 2372 5706 sanguine,
2432 5653 2579 5692 mune
2618 5652 2750 5691 vero
2808 5644 2868 5690 ut
2919 5645 3211 5706 cognatum
3276 5634 3542 5688 habemus
3585 5648 3651 5684 ex

2084 5729 2289 5801 Spiritu
2325 5741 2518 5796 sancto
2542 5750 2556 5799 ;
2594 5730 2761 5800 geniti
2787 5730 2948 5785 ambo
2969 5745 3034 5784 ex
3056 5738 3228 5786 matre
3247 5726 3517 5798 adoptiva,
3547 5725 3650 5781 sci-
