4102 6374
501 283 644 348 1519

1679 275 1740 335 S.
1773 267 2169 336 THEODORI
2205 271 2552 338 STUDITE

3606 273 3743 338 1520

492 399 621 456 licet
655 395 866 470 piscina
898 394 1265 467 baptismatis.
1305 391 1415 450 Pax
1442 391 1558 459 tibi,
1597 391 1779 446 amice
1805 399 1860 445 et
1896 389 2066 444 frater

2169 387 2262 441 τοῦ
2298 388 2688 459 βαπτίσματος.
2720 399 2926 470 Εἰρήνη
2981 415 3086 463 σοι,
3129 397 3248 466 φίλε
3283 399 3376 450 καὶ
3419 396 3616 465 άδελςε
3649 399 3745 451 καὶ

489 500 547 548 et
575 491 820 546 domine.
851 491 967 546 Pax
995 498 1050 544 et
1083 486 1275 544 domui
1305 496 1436 554 tuae,
1460 494 1516 542 et
1539 483 1797 541 cronibus
1834 481 1931 554 qui
1995 481 2064 536 ad

489 593 546 639 te
594 582 888 654 pertinent,
925 579 1164 645 al’atre,
1181 589 1236 637 et
1261 578 1421 646 Filio,
1475 586 1532 632 et
1585 573 1795 647 Spiritu
1845 581 2064 631 sancto.

492 677 688 729 Amen.

703 789 934 846 CLXIV.
957 819 1030 832 —-
1064 787 1512 844 Archimandritae
1536 783 1762 841 Gott/tite
1794 783 1889 856 (*).

2170 477 2425 536 δέσποτα.
2453 482 2662 556 Εἰρήνη
2711 485 2808 539 καὶ
2860 490 2935 556 τῷ
2987 491 3122 561 οῐκῳ
3173 507 3286 556 σου,
3342 489 3436 543 καὶ
3469 491 3604 544 πᾶσι
3628 493 3743 553 τοῖς

2171 569 2490 644 διαφέρουσι
2513 592 2617 640 σοι,
2653 575 2764 630 άπὸ
2815 575 2912 628 τοῦ
2965 575 3178 647 Πατρδς
3204 582 3320 635 ἕκαὶ
3359 579 3456 634 τοῦ
3478 580 3614 634 Υἰοῦ
3647 585 3746 634 καὶ

2172 661 2268 717 τοῦ
2305 664 2463 733 ἁγίου
2511 665 2651 719 Πνεύ
2659 682 2852 736 ματος.

2309 775 2449 833 ΡΞΔ⁹
2473 778 2608 854 (56).
2631 806 2703 823 ά·-
2748 779 3194 852 Ἀρχιμανδρίτῃ
3215 781 3488 846 Γοτθιας.
3515 782 3642 856 [ψη]

1791 903 1866 953 De
1890 897 2160 951 monastico
2184 897 2431 950 instituto.

559 1010 806 1068 Gratiam
831 1009 1100 1065 habemus
1124 999 1318 1064 san'cto
1358 1007 1491 1074 Deo,
1529 1009 1676 1080 quod
1705 1009 1857 1081 digni
1893 1008 2068 1064 habiti

487 1118 681 1162 sumus
708 1103 802 1172 qui
830 1101 1038 1157 amicas
1062 1100 1376 1158 sanctitatis
1407 1108 1514 1157 tua:
1543 1101 1757 1157 litteras
1796 1101 2071 1172 accipere-

487 1211 632 1250 mus.
660 1191 773 1249 Nec
802 1209 930 1248 vero
948 1191 1218 1248 tarditatis
1245 1194 1598 1250 excusatione
1625 1193 1782 1248 nobis
1807 1204 1889 1248 est
1909 1207 2070 1264 opus.

487 1287 719 1354 Quinam
747 1285 894 1342 enim
921 1301 1115 1341 sumus
1143 1301 1247 1342 nos
1284 1285 1538 1342 homines
1569 1285 1769 1340 tantilli
1792 1285 1930 1339 iaut
1963 1300 2071 1354 qua

485 1380 554 1434 de
593 1393 760 1433 causa
789 1392 888 1433 vos
905 1378 1182 1434 ullatenus
1207 1378 1274 1446 de
1303 1379 1540 1449 negotiis
1567 1376 1768 1433 vestris
1808 1375 2068 1432 maximis

487 1469 554 1524 ad
597 1470 920 1524 tenuitatem
973 1477 1218 1524 nostram
1280 1467 1580 1524 referatis?
1628 1469 1883 1523 Attamen
1929 1467 2064 1538 quia

487 1557 700 1613 modice
718 1557 786 1613 de
815 1557 972 1613 vobis
1009 1558 1330 1624 sentientes,
1368 1558 1545 1614 nostis
1591 1557 1756 1614 etiam
1800 1555 2064 1610 minimos

463 1649 817 1720 complecti:
848 1649 1178 1706 conveniens
1201 1647 1305 1704 fuit
1345 1659 1400 1704 et
1443 1664 1542 1704 vos
1568 1648 1828 1713 scribere,
1861 1656 1916 1702 et
1961 1661 2066 1702 nos

463 1741 720 1807 qliscere,
751 1755 862 1795 non
895 1740 1072 1795 solum
1097 1756 1220 1810 quae
1249 1739 1475 1809 epistola
1507 1739 1844 1806 continebat,
1871 1751 2063 1793 verum

475 1835 650 1892 etiam
683 1849 806 1905 quae
829 1833 1265 1889 reverendissimi
1287 1831 1483 1887 fratres
1499 1846 1562 1886 ac
1594 1841 1778 1902 patres
1804 1831 2062 1896 docuere,

485 1922 580 1995 qui
609 1938 705 1979 eas
731 1923 1050 1980 attulerunt.
1095 1921 1300 1978 Contra
1343 1937 1467 1993 quae
1511 1922 1695 1978 omnia
1744 1921 1891 1978 Deus
1933 1937 2064 1992 pro-

487 2027 660 2073 tector
679 2027 886 2084 noster,
917 2025 975 2071 et
1011 2015 1417 2071 inconsiderate
1437 2013 1778 2084 obiectarum
1807 2014 2070 2069 crimina-

487 2108 699 2162 tionutn
733 2105 1011 2177 depulsor.
1056 2103 1414 2160 Conferemns
1447 2113 1628 2160 autem
1676 2115 1730 2160 et
1760 2119 1862 2160 nos
1891 2105 2070 2158 humi-

488 2199 591 2263 les,
618 2199 666 2254 si
702 2199 922 2270 quando
947 2196 1154 2253 incidat
1201 2211 1406 2263 sermo,
1436 2213 1560 2268 qu'e
1584 2197 1640 2252 in
1695 2197 1856 2252 nobis
1886 2206 2068 2262 erunt,

489 2290 630 2361 apud
657 2305 756 2347 eos
780 2290 873 2360 qui
899 2289 1174 2346 voluerint
1214 2289 1538 2346 calumniari
1563 2307 1578 2358 ;
1608 2305 1721 2344 non
1753 2305 1864 2359 quo
1901 2290 2068 2344 bette-

489 2383 673 2439 licium
706 2382 862 2438 vobis
897 2383 1282 2452 rependamus,
1305 2381 1402 2438 sed
1434 2382 1655 2450 utquod
1687 2382 1944 2438 charitati
1969 2383 2069 2438 de-

490 2477 666 2540 betur,
689 2473 1022 2544 expleamus.
1055 2474 1230 2541 Quam
1262 2475 1334 2529 ob
1355 2489 1579 2530 causam
1628 2474 1868 2531 scribere
1892 2473 2068 2530 coacti

489 2565 695 2621 fuimus
732 2564 827 2622 Dei
876 2567 1258 2622 amantissimo
1291 2564 1440 2620 Patri
1481 2575 1536 2621 et
1575 2565 1818 2636 pontilici
1845 2566 2070 2621 domino

490 2655 883 2713 Philaretozsi
916 2657 1055 2714 forte
1082 2668 1336 2728 suscepta
1387 2657 1552 2713 fuerit
1609 2657 1836 2714 humilis
1882 2669 2068 2716 nostra

491 2749 835 2815 intercessio,
865 2750 934 2808 ad
961 2751 1397 2822 componendam
1425 2765 1636 2822 pacem,
1667 2751 1798 2822 quia
1823 2752 1962 2807 nihil
1987 2763 2070 2809 est

493 2842 918 2909 conducibilius,
945 2851 1000 2898 et
1053 2859 1162 2914 qua
1188 2843 1393 2900 Christi
1426 2843 1702 2914 discipuli,
1733 2845 1827 2915 qui
1861 2845 1930 2901 ah
1951 2847 2072 2916 ipso

493 2936 671 2992 vocati
700 2944 856 3001 sunt.
886 2936 1140 3008 insigniri
1171 2937 1388 2993 debent.
1433 2936 1560 2994 Haec
1589 2939 1739 2993 velut
1760 2939 1816 2992 in
1846 2954 2064 2994 summa

493 3027 561 3084 de
593 3029 662 3084 iis
683 3043 806 3098 qum
836 3038 1052 3099 urgent.
1083 3027 1162 3084 De
1196 3029 1320 3085 aliis
1354 3044 1484 3085 vero
1531 3045 1794 3100 quorsum
1829 3045 1861 3084 a
1911 3031 2070 3086 nobis

493 3119 784 3188 quaesitum
818 3128 905 3174 est
937 3128 996 3174 ut
1021 3121 1491 3190 respondeamus?
1517 3136 1644 3176 cum
1685 3137 1785 3176 vos
1809 3122 2069 3177 divinitus

494 3207 674 3263 edocti
727 3207 929 3263 librum
965 3210 1150 3280 magni
1181 3209 1390 3266 Busiliii
1416 3226 1446 3265 a
1480 3209 1592 3266 Deo
1633 3221 1918 3268 exaratum
1969 3214 2069 3266 ha~

496 3296 689 3364 beatis,
722 3297 1010 3354 docentem
1061 3314 1184 3368 quae
1229 3302 1550 3357 monasticae
1591 3319 1688 3358 seu
1741 3302 2072 3358 cmoobiacae

497 3387 620 3444 vita:
641 3388 906 3443 salutaria
929 3397 1056 3444 sunt
1075 3396 1132 3444 et
1154 3390 1307 3446 utilia
1331 3409 1345 3446 :
1375 3392 1584 3462 absque
1609 3407 1719 3462 quo
1749 3407 1850 3448 nec
1877 3395 2077 3464 guber-

495 3495 630 3536 nare
650 3480 814 3552 digne
851 3479 961 3536 Deo
1008 3483 1182 3552 possit
1231 3499 1455 3554 praeses,
1491 3500 1593 3540 nec
1634 3486 1839 3542 utiliter
1879 3487 2078 3556 guber-

499 3573 620 3629 nari
647 3574 928 3631 subditus.
955 3574 1051 3630 Ille
1071 3576 1139 3631 de
1165 3577 1404 3647 quolibet
1433 3587 1488 3632 et
1513 3589 1834 3646 argumento
1875 3590 1931 3634 et
1963 3596 2078 3634 ma-

496 3663 634 3720 teria
683 3679 858 3721 sacrae
896 3666 1020 3722 vitae
1047 3667 1376 3724 cmnobiacaa
1423 3670 1645 3740 propria
1681 3671 2070 3743 interrogatus,

497 3771 596 3827 per
642 3756 909 3829 Spiritum
951 3768 1202 3816 sanctum
1233 3761 1561 3830 respondet:
1603 3771 1662 3818 ut
1708 3764 1940 3834 quiejus
1969 3764 2075 3820 du-

493 3860 644 3906 ctum
677 3852 945 3922 sequitur,
985 3852 1210 3908 ductum
1244 3862 1510 3924 sequatur
1565 3854 1806 3925 Spiritus
1848 3858 2025 3912 sancti
2057 3875 2072 3912 :

493 3944 590 4011 qui
620 3943 671 3998 ei
701 3958 810 4000 non
839 3944 1034 4010 credit,
1056 3944 1278 4000 Christo
1304 3945 1397 4016 qui
1431 3943 1529 4016 per
1568 3963 1694 4001 eum
1726 3947 1944 4002 locutus
1967 3957 2071 4010 est.

495 4051 607 4090 non
634 4036 840 4092 credat.
871 4035 1004 4104 Qua:
1029 4052 1161 4108 ergo
1195 4051 1292 4106 per
1323 4037 1592 4093 incuriam
1625 4038 1885 4094 fratribus
1909 4040 2074 4095 obre-

495 4135 634 4197 punt
663 4127 882 4197 delicta,
943 4143 1006 4184 ea
1039 4143 1135 4199 per
1169 4129 1342 4186 laicos
1389 4129 1638 4186 homines
1678 4130 1913 4201 judicari
1961 4146 2070 4184 non

498 4217 662 4272 licere
692 4232 849 4274 sacer
883 4218 998 4288 ipse
1041 4219 1246 4275 clamat
1293 4219 1625 4290 Apostolus:
1658 4220 1834 4274 Audet
1877 4219 2070 4291 aliquis

496 4320 726 4364 uestrum
751 4309 948 4365 habens
970 4313 1238 4382 negotium
1258 4312 1512 4366 adversus
1535 4312 1763 4366 alterum
1787 4353 1802 4378 ,
1825 4311 2069 4382 judicari

495 4401 638 4470 apud
677 4401 885 4473 iniquos
903 4411 971 4456 et
998 4418 1101 4457 non
1130 4405 1272 4471 apud
1300 4415 1512 4460 sanctos
1534 4403 1674 4458 “'5’.
1699 4403 1765 4459 Et
1781 4417 1904 4474 post
1924 4406 2027 4459 alia
2053 4424 2066 4462 :

496 4490 587 4546 Sic
604 4509 711 4548 non
733 4505 812 4548 est
837 4494 976 4549 inter
1000 4511 1088 4550 vos
1113 4497 1324 4566 sapiens
1353 4497 1654 4566 quisquam,
1685 4497 1777 4567 qui
1799 4498 1963 4566 possit
1977 4497 2071 4565 juo

494 4584 675 4640 dicare
711 4571 850 4640 inter
869 4585 1115 4656 [fratrem
1155 4605 1353 4651 suum;
1410 4590 1504 4643 sed
1548 4592 1718 4660 frater
1748 4606 1864 4644 cum
1905 4593 2070 4659 [ratre

494 4678 782 4744 contendit,
799 4687 847 4733 et
871 4679 967 4734 hoc
995 4683 1137 4749 apud
1158 4681 1396 4751 inﬁdeles
1418 4683 1463 4714 “
1477 4681 1499 4735 ?
1513 4681 1740 4736 Perinde
1763 4688 2066 4747 autem-est,

493 4784 561 4824 ac
587 4771 634 4824 si
655 4772 799 4841 apud
840 4771 1087 4829 inﬁdeles
1119 4772 1236 4840 ﬁat,
1288 4775 1434 4845 apud
1467 4773 1639 4829 laicos
1665 4773 2064 4828 monachorum

494 4861 734 4931 negotia,
763 4863 1088 4930 examinari,
1121 4874 1177 4920 et
1194 4865 1389 4935 janum
1420 4865 1489 4921 iis
1519 4865 1755 4934 aperire,
1789 4879 1929 4936 quos
1967 4881 2067 4922 ne-

495 4948 579 5006 fas
609 4963 696 5007 est
738 4967 828 5008 res
857 4966 1078 5012 nostras
1117 4956 1436 5026 inspicere:
1499 4957 1912 5030 absurdumque
1964 4959 2068 5015 hoc

494 5057 723 5114 prorsus
741 5055 798 5100 et
831 5045 1158 5104 damnosum
1189 5056 1245 5103 et
1269 5046 1532 5104 Ecclesiis
1563 5049 1676 5105 Dei.

555 5395 676 5428 suo
751 5397 882 5462 Cor.
915 5413 985 5463 vr,
1018 5398 1102 5451 ll.
1182 5398 1227 5429 “
1267 5399 1396 5454 ibid.
1421 5401 1473 5456 5.

2239 1006 2416 1078 Χάριν
2461 1003 2831 1076 ὁμολογοῦμεν
2872 1003 2949 1076 τῷ
2981 1003 3124 1075 ἁγίῳ
3150 1001 3290 1072 Θεῷ,
3323 1001 3405 1054 ὅτι
3436 997 3754 1071 ἠξιώθημεν

2165 1095 2420 1164 δέξασθαι
2443 1098 2748 1169 γράμματα
2773 1098 3088 1168 ἁγαπητικά
3129 1096 3229 1166 τῆς
3249 1095 3526 1167 ὁσιότητος
3561 1093 3749 1164 ὑμῶν

2166 1191 2230 1244 οὐ
2255 1190 2362 1260 μὴν
2411 1188 2688 1262 χρῄζομεν
2703 1187 2998 1258 ἀπολογίας
3017 1186 3106 1241 διὰ
3120 1187 3220 1258 τὴν
3249 1184 3578 1257 βραδυτῆτα.
3592 1184 3752 1246 Τίνες

2168 1281 2278 1354 γὰρ
2321 1281 2481 1352 ἡμεῖς
2533 1283 2584 1334 oi
2617 1278 2891 1346 εὐτελεῖς;
2921 1279 2954 1350 ἢ
3000 1279 3147 1344 τίνος
3183 1278 3370 1332 ἕνεκεν
3408 1277 3546 1340 ὅλως
3588 1276 3652 1330 τὸ
3681 1277 3750 1348 τῇ

2170 1371 2416 1443 ἡμετέρᾳ
2446 1371 2757 1442 οὐθενότητι
2789 1371 3083 1442 ἀναφέρειν
3121 1368 3267 1442 ὑμᾶς
3307 1368 3439 1440 περὶ
3475 1368 3586 1424 τῶν
3617 1357 3750 1436 auf-

2166 1464 2459 1518 κινούντων
2483 1466 2624 1536 ὑμᾶς
2643 1463 2978 1533 άναγκαίων;
2997 1464 3188 1533 Ὅμως
3212 1462 3400 1534 ἐπειδὴ
3429 1462 3754 1532 μετριόφρο-

2167 1575 2255 1621 vs;
2283 1557 2644 1629 τυγχάνοντες
2673 1557 2853 1611 οἴδατε
2882 1557 2974 1612 καὶ
3005 1558 3116 1619 τοῖς
3146 1554 3452 1626 ἐλαχίστοις
3476 1572 3753 1626 συμπερι-

2167 1650 2428 1721 φέρεσθαι
2452 1667 2467 1682 ο
2515 1650 2741 1714 εἰκότως
2769 1651 2864 1705 καὶ
2893 1649 3046 1704 αὐτοὶ
3087 1649 3422 1718 γεγράφατε,
3451 1650 3549 1702 καὶ
3584 1649 3753 1719 ἡμεῖς

2167 1739 2548 1810 ἐδιδάχθημεν,
2575 1741 2636 1794 οὐ
2664 1740 2825 1809 μόνον
2852 1741 2953 1794 ὅσα
2979 1741 3011 1811 ἠ
3045 1739 3322 1810 ἐπιστολὴ,
3358 1738 3492 1793 ἀλλὰ
3519 1738 3620 1794 καὶ
3645 1739 3751 1792 ὅσα

2166 1835 2216 1887 οἱ
2257 1832 2462 1905 ταύτην
2508 1833 2890 1904 ἐπιφερόμενοι
2935 1831 3354 1901 αἰδεσιμώτατοι
3395 1830 3619 1902 ἀδελφοὶ
3646 1833 3746 1890 καὶ

2171 1925 2415 1997 Πατέρες
2445 1925 2710 1992 ἐδίδαξαν.
2743 1925 2884 1980 Καθ’
2922 1918 2998 1980 ὧν
3032 1925 3287 1979 ἁπάντων
3331 1926 3360 1978 6
3402 1922 3534 1988 Θεὸς
3589 1925 3752 1994 ἡμῶν

2172 2011 2590 2084 ὑπερασπιστὴς
2632 2029 2647 2044 ⁸
2698 2013 2794 2067 καὶ
2837 2013 2947 2066 τῶν
2989 2013 3399 2084 ἐπιφερομένων
3443 2013 3752 2082 ἀλογίστως

2169 2103 2510 2174 αἰτιαμάτων
2535 2103 2884 2174 διαλλακτὴς.
2918 2105 3333 2174 Συνεισοίτομεν
3361 2103 3418 2158 δὲ
3446 2105 3543 2158 καί⁵
3589 2104 3754 2175 ἡμεῖς

2169 2198 2218 2250 οἱ
2243 2197 2507 2260 ταπεινοὶ,
2526 2197 2580 2251 ετ
2596 2214 2727 2252 ποτε
2760 2195 2920 2266 λόγος
2954 2197 3163 2267 γένοιτο
3183 2198 3250 2252 τὰ
3277 2197 3406 2269 παρ’
3429 2196 3662 2260 ἑαυτῶν,
3693 2199 3754 2250 ὲν

2168 2289 2281 2351 τοῖς
2319 2289 2612 2358 φθάζουσιν
2649 2289 3015 2344 ὲνδιαὸάλλειν
3041 2331 3056 2356 ,
3097 2290 3157 2344 οὐ
3202 2289 3364 2362 χάριν
3410 2289 3541 2360 ὑμῖν
3579 2307 3756 2344 κατα-

2171 2379 2487 2450 ϐαλλόμενοι
2505 2421 2522 2445 ,
2555 2381 2690 2435 ἀλλὰ
2711 2381 2771 2435 τὸ
2799 2381 3280 2453 κεχρεωστημένον
3307 2383 3374 2453 τῇ
3407 2380 3599 2451 ἀγάπῃ
3622 2381 3756 2433 ἀπο-

2169 2471 2572 2544 πληρώσαντες.
2624 2467 2700 2528 υῦ
2748 2473 2911 2544 χάριν
2968 2471 3398 2542 ἠναγκάσθημεν
3445 2471 3754 2524 ἐπιστεῖλαι

2169 2565 2264 2619 καὶ
2293 2565 2373 2638 τῷ
2401 2565 2804 2636 θεοφιλεστάτῳ
2835 2565 3011 2634 Πατρὶ
3037 2565 3131 2618 καὶ
3153 2565 3402 2634 ἀρχιερεῖ
3424 2563 3603 2635 κυρίῳ
3623 2563 3755 2616 Φιλ-

2171 2655 2378 2727 αρὲτῳο
2432 2655 2548 2724 εἴγε
2591 2655 2686 2708 καὶ
2722 2651 3079 2725 προσδεχθείη
3127 2653 3160 2724 ή
3207 2651 3554 2723 παράκλησις
3589 2650 3756 2721 ημῶν

2169 2747 2278 2800 τῶν
2301 2745 2594 2809 ταπεινῶν,
2623 2744 2917 2798 συνδέουσα
2951 2741 3023 2796 τὰ
3052 2743 3188 2814 πρὸς
3212 2744 3459 2814 εἰρήνην,
3487 2737 3556 2814 ἦς
3598 2742 3758 2796 οὐδὲν

2169 2839 2630 2910 λυσιτελέστερον,
2666 2837 2760 2892 καὶ
2803 2833 2949 2912 ὲφ’ᾖ
2992 2836 3230 2906 Χριστοῦ
3273 2836 3514 2909 μαθηταὶ
3559 2837 3612 2890 oi
3652 2837 3757 2890 ἀπ’

2170 2935 2337 2988 αὑτοῦ
2353 2931 2700 3003 κεκλημένοι,
2717 2931 2990 3002 ὀφείλουσι
3018 2929 3542 3004 χαρακτηρίζεσθαι.
3560 2931 3754 2984 Ταῦτα

2169 3024 2244 3088 ὡς
2272 3027 2330 3078 ὲν
2371 3023 2652 3095 κεφαλαίῳ
2695 3024 2824 3096 περὶ
2854 3023 2962 3078 τῶν
2990 3025 3449 3093 κατεπειγόντων.
3483 3024 3661 3096 ’Υπὲρ
3693 3025 3757 3078 δὲ

2169 3117 2278 3172 τῶν
2305 3117 2504 3186 ἄλλων,
2525 3118 2578 3172 τί
2606 3117 2700 3171 καὶ
2727 3114 3143 3189 ἑπεζητήθημεν
3181 3117 3319 3178 ὅλως
3349 3114 3755 3187 άποκριθῆναις

2172 3209 2404 3280 ἑχόντων
2427 3209 2581 3280 ὑμῶν
2607 3213 2719 3263 τῶν
2749 3208 3102 3264 θεοδιδάκτων
3127 3209 3226 3276 τὴν
3256 3208 3624 3280 θεοχάρακτον
3659 3208 3747 3278 βί-

2180 3302 2307 3355 ϐλον
2331 3300 2426 3354 τοῦ
2456 3301 2694 3371 μεγάλου
2725 3300 3028 3364 Βασιλείου,
3065 3301 3428 3355 διδάσκουσαν
3448 3300 3544 3355 τοῦ
3582 3317 3757 3371 μονα-

2176 3394 2348 3460 δικοῦ,
2384 3394 2483 3447 εἴτ’
2503 3389 2596 3448 οὖν
2628 3393 2969 3448 κοινοϐιακοῦ
3002 3393 3116 3463 βίου
3145 3395 3212 3448 τὰ
3236 3394 3478 3466 σωτήρια
3505 3395 3600 3448 καὶ
3627 3395 3757 3466 ὀνη-

2177 3486 2406 3558 σίφορα·
2441 3480 2511 3558 ἧς
2545 3485 2715 3557 χωρὶς
2747 3486 2846 3539 οὐκ
2876 3485 3023 3539 ἐστιν
3056 3485 3180 3538 οὔτε
3219 3486 3587 3558 καθοδηγῆσαι
3627 3486 3754 3540 θεο-

2177 3577 2424 3648 πρεπῶς.
2449 3575 2571 3631 οὔτε
2601 3577 3032 3648 καθοδηγηθῆναι
3051 3576 3363 3644 λυσιτελῶς,
3388 3576 3483 3630 καὶ
3509 3578 3754 3648 ἄρχοντα

2174 3669 2270 3720 καὶ
2298 3668 2618 3739 ἀρχόμενον.
2657 3668 2894 3731 Ἐκεῖνος
2927 3666 3280 3740 ἐρωτώμενος
3310 3671 3402 3723 ἐπὶ
3433 3669 3583 3741 πάσῃ
3615 3671 3754 3723 ὑπο-

2177 3761 2323 3814 θέσει
2366 3760 2458 3813 καὶ
2491 3760 2712 3831 ἀφορμῇ
2741 3760 2842 3831 τῆς
2880 3761 2938 3814 ἐν
2968 3760 3220 3832 κοινοσίῳ
3261 3762 3411 3832 ίερᾶς
3449 3761 3621 3832 ζωῆς.
3659 3763 3752 3817 διὰ

2175 3852 2490 3922 Πνεύματος
2509 3853 2664 3920 ἁγίου
2687 3849 3047 3923 ἀποκέκριται
3067 3869 3082 3883 ·
3109 3854 3206 3908 καὶ
3227 3856 3256 3908 6
3279 3854 3472 3926 ἐκείνῳ
3495 3857 3748 3944 στριχῶν,

2176 3944 2458 4015 ἐστοίχησε
2509 3944 2588 4016 τῷ
2626 3943 2765 4013 ἁγίῳ
2805 3942 3117 4014 Πνεύματι·
3163 3947 3193 3999 6
3223 3945 3270 3998 δ’
3301 3945 3452 4016 αὐτῷ
3479 3942 3748 4014 ἀπειθῶν,

2174 4035 2439 4106 ὴπείθησε
2465 4036 2544 4106 τῷ
2571 4037 2630 4091 ὲν
2655 4035 2802 4108 αὐτῷ
2839 4035 3197 4107 φθεγξαμένῳ
3223 4037 3464 4108 Χριστῷ.
3497 4037 3581 4091 Τὰ
3613 4038 3748 4107 γοῦν

2175 4127 2556 4198 συμπίπτοντα
2583 4128 2642 4194 ἐξ
2667 4128 2998 4198 άπροσεξίας
3022 4131 3134 4192 τοῖς
3158 4130 3408 4197 ἀδελφοῖς
3429 4129 3742 4202 σφάλματα,

2173 4221 2272 4272 οὐκ
2298 4217 2417 4284 ἐξὸν
2448 4219 2540 4272 ἐπὶ
2561 4218 2763 4272 λαῖκῶν
2790 4218 3096 4290 προσώπων
3128 4219 3432 4289 κρίνεσθαι,
3458 4221 3556 4275 καὶ
3581 4223 3745 4286 αὐτὸς

2173 4313 2200 4364 6
2222 4309 2364 4383 ἱερὸς
2400 4309 2718 4373 Ἀπόστολος
2759 4309 2889 4381 βοᾷο
2929 4308 3128 4378 Τολμᾷ
3169 4328 3260 4376 τις
3303 4309 3470 4380 ὑμῶν
3503 4311 3744 4381 πρᾶγμα

2170 4401 2326 4470 ἔχων
2350 4401 2658 4470 κρίνεσθαι
2683 4401 2781 4454 ἐπὶ
2807 4400 2926 4454 τῶν
2947 4401 3192 4466 ἀδίκων,
3218 4401 3317 4455 καὶ
3339 4403 3476 4470 οὐχί
3499 4403 3598 4456 ἐπὶ
3625 4403 3744 4458 τῶν

2170 4492 2392 4560 ἁγίων-ς
2423 4492 2532 4544 Καὶ
2561 4490 2681 4561 μεθ’
2703 4492 2862 4561 ἔτερα
2883 4507 2900 4523 ο
2935 4491 3132 4558 Οὕτως
3189 4494 3301 4547 οὐκ
3347 4493 3440 4547 ἔνι
3484 4494 3558 4548 ἐν
3599 4495 3744 4564 ὑμῖν

2107 4617 2143 4669 D
2171 4583 2362 4652 σοφός
2397 4581 2540 4637 οὐδὲ
2565 4578 2671 4649 εἷς,
2701 4582 2768 4650 ὃς
2791 4582 3120 4650 δυνήσεται
3151 4583 3462 4652 ἀνακρῖναι
3489 4585 3608 4640 ἀνὰ
3635 4585 3740 4655 μέ-

2170 4691 2286 4728 σον
2329 4673 2437 4728 τοῦ
2485 4673 2754 4744 ἀδελφοῦ
2805 4673 2994 4729 αὐτοῦ
3013 4689 3030 4704 ⁸
3082 4674 3245 4728 ἀλλὰ
3289 4674 3555 4744 ἀδελφὸς
3593 4675 3742 4744 μετὰ

2168 4765 2436 4836 ἀδελφοῦ
2465 4767 2747 4835 κρίνεται,
2781 4768 2879 4820 καὶ
2907 4766 3085 4822 τοῦτο
3119 4766 3218 4820 ἐπί
3251 4768 3544 4823 ἀπίστων.
3601 4769 3741 4822 Ἴσον

2167 4861 2223 4913 δὲ
2245 4861 2354 4914 τῶν
2378 4859 2622 4914 ἀπίστων
2651 4861 2766 4914 ἐστὶ
2783 4860 2852 4914 ’τὸ
2873 4861 2966 4914 ἐπὶ
2993 4859 3102 4914 τῶν
3125 4859 3328 4914 λαῖκῶν
3351 4860 3420 4914 τά
3441 4862 3552 4914 τῶν
3581 4879 3740 4932 μονα-

2168 4953 2284 5024 χῶν
2331 4953 2704 5020 ἐξετάζεσθαι,
2747 4955 2842 5007 καὶ
2899 4955 3137 5023 ἀνοίγειν
3180 4954 3353 5026 θύραν
3411 4951 3495 5016 οἷς
3553 4956 3739 5026 ἀθέμι-

2166 5060 2262 5096 τον
2305 5043 2689 5116 παρακύπτειν
2732 5046 2815 5110 είς
2851 5043 2922 5099 τὰ
2963 5045 3243 5116 ήμέτεριν
3289 5045 3385 5100 καὶ
3432 5046 3591 5100 τοῦτο
3637 5048 3740 5100 άπ-

2176 5134 2301 5206 ᾴδον
2335 5135 2789 5190 testudinatum
2835 5137 2930 5192 καὶ
2973 5136 3292 5208 ἀσύμφορον
3331 5140 3400 5211 τῇ
3447 5138 3736 5211 Ἐκκλησία

2173 5225 2266 5278 τοῦ
2298 5226 2456 5282 Θεοῦ.

2006 5553 2234 5612 ΝΟΤίΙῖ.

557 5710 634 5781 (⁸)
665 5710 990 5783 Dogmatica.

2266 5711 2375 5785 (36)
2406 5712 2462 5768 In
2484 5713 2604 5770 cod.
2632 5713 2766 5787 Reg.
2810 5716 2936 5788 pv6'.
