4102 6374
391 436 525 503 152!

1571 414 1938 489 EPISTULA
1946 422 2116 487 RUM
2175 422 2323 485 LIB.
2365 421 2451 482 Ιῐ.

3496 418 3633 483 κω

458 551 591 621 Περὶ
615 548 895 619 ἀποταγῆς
925 547 1019 603 καὶ
1040 544 1421 614 ἀποκαρσεως.
1446 541 1634 613 ἐπειδὴ
1656 541 1752 594 καὶ
1773 535 1964 591 τούτου

2137 534 2217 589 De
2253 530 2660 589 renuntiatinne
2710 539 2765 585 et
2812 539 3062 593 tonsura,
3090 526 3532 599 quandoquidem
3568 535 3637 585 de

387 643 566 711 λόγος,
617 639 741 694 οὔτε
800 640 862 693 τὸ
905 636 1253 694 ἀποσείεσθαι
1285 635 1601 689 ἀκίνδυνονο
1644 632 1779 704 φησί
1823 630 1955 701 γὰρ.

395 734 511 789 Τὸν
530 720 863 801 ἐρχόμενον
888 729 1039 796 πρός
1058 744 1158 795 με,
1188 729 1259 780 οὐ
1278 726 1365 795 μὴ
1390 725 1619 780 ἐκϐάλω
1647 726 1764 789 ἔξω
1784 739 1800 755 ο
1834 724 1960 778 οὔτε

389 832 452 881 τὸ
475 822 799 896 προσίεσθαι
827 820 1014 883 ἁπλῶς
1052 819 1145 872 καὶ
1182 819 1259 883 ὡς
1290 818 1475 889 ἔτυχε·
1510 818 1605 871 καί⁵
1647 814 1961 887 ἀποκείρειν

391 916 859 983 ἀνεπιστημόνως,
900 912 1068 972 ὅσιον,
1104 911 1165 965 Εἰ
1202 909 1312 981 γὰρ
1344 909 1540 975 οὐδεὶς
1567 909 1960 977 στρατευόμεο

387 1027 493 1075 νος
519 1004 876 1078 ἐμπλέκεται
903 994 1170 1069 ταῖς’τοῦ
1196 1005 1343 1070 ,βίου
1389 1004 1832 1072 πραγματείαις,
1863 1002 1964 1054 ἵνα

385 1103 467 1165 τῷ
492 1098 1045 1168 στρατολογήσαντι
1068 1095 1280 1164 ἀρέσῃ,
1311 1095 1454 1149 καθά
1488 1096 1836 1166 γέγραπται·
1867 1093 1964 1146 πό-

389 1211 468 1264 σῳ
509 1192 572 1263 δὴ
619 1190 713 1247 οὖν
742 1189 944 1260 μᾶλλον
978 1188 1071 1241 ἐπὶ
1097 1189 1225 1259 τῇδε
1262 1190 1330 1259 τῇ
1379 1187 1651 1257 θεολέκτῳ
1689 1186 1961 1256 στρατιᾷς

390 1286 562 1337 ιιᾶσιν
588 1280 961 1346 ἀποτάξασθαι
983 1280 1083 1344 δεῖ,
1107 1280 1325 1335 πάντων
1351 1276 1816 1349 ἀπογυμνωθῆναι
1836 1275 1963 1347 χρὴ.

391 1378 610 1429 πάντων
638 1375 1023 1445 ἀπορραγῆναι
1041 1371 1180 1434 δέον,
1204 1370 1298 1424 καὶ
1321 1370 1583 1441 σχέσεων,
1611 1368 1705 1423 καὶ
1725 1367 1964 1433 οἰκείων,

390 1468 487 1524 καὶ
512 1466 702 1537 φίλων,
722 1465 819 1519 καὶ
849 1465 1147 1533 συγγενῶν,
1181 1465 1275 1519 καὶ
1300 1463 1394 1517 τοῦ
1418 1462 1734 1533 σύμπαντος
1756 1461 1966 1531 κόσμου

389 1559 534 1615 κατά
551 1558 791 1613 διάθεσιν
818 1556 1139 1628 ξενωθῆναι,
1178 1556 1269 1609 τόν
1294 1573 1358 1625 γε
1387 1555 1464 1620 ὡς
1493 1555 1709 1623 ἀληθῶς
1737 1554 1965 1608 ἀκολου-

391 1656 504 1708 θεῖν
534 1652 794 1724 μέλλοντα
811 1650 889 1720 τῷ
914 1648 1133 1719 Χριστῷ
1152 1664 1164 1677 ο
1187 1644 1285 1701 εἷθ’
1306 1647 1477 1711 οὕτως
1505 1645 1851 1716 ποιχηθῆναι
1875 1644 1969 1698 καὶ

387 1742 787 1813 διαπλασθῆναι
814 1742 913 1809 τὴν
941 1739 1224 1810 θεοστοιχῆ
1256 1738 1351 1793 καί
1380 1737 1710 1791 θεόπλαστον
1745 1736 1969 1807 μοναδι-

388 1838 494 1907 ’κὴν
519 1835 636 1901 ἕξιν
660 1850 675 1865 ⁵
703 1833 796 1887 καὶ
817 1835 1013 1902 πεῖραν
1046 1831 1204 1885 δόντα
1238 1830 1332 1885 καὶ
1363 1830 1594 1900 βάσανον
1619 1829 1842 1901 ἀρετῆς,
1871 1827 1968 1882 οὓ-

390 1945 497 1992 τως
522 1924 837 1996 εἰσαχθῆναι
865 1926 931 1993 τῇ
963 1921 1236 1995 μαρτυρίᾳ
1263 1922 1373 1975 τῶν
1407 1920 1615 1975 πολλῶν
1639 1922 1719 1984 εἰς
1749 1920 1843 1991 τὴν
1871 1937 1966 1990 μο-

391 2022 619 2093 ναχικὴν
653 2020 955 2083 τελείωσιν,
990 2020 1083 2071 καὶ
1117 2018 1211 2071 ἕνα
1249 2017 1502 2086 γενέσθαι
1548 2016 1660 2069 τῶν
1702 2016 1798 2068 τοῦ
1831 2016 1965 2087 Χρι-

393 2110 521 2166 στοῦ
580 2110 885 2182 προϐάτων.
960 2109 1246 2178 Ἀμυήτως
1310 2108 1367 2162 δὲ
1422 2106 1518 2160 καὶ
1581 2104 1831 2174 ἀμαθῶς,
1889 2104 1963 2167 ὼς

391 2204 736 2273 ἀπήγγελται
792 2203 946 2271 ἡμῖν,
1004 2198 1415 2271 ἀποκείρεσθαι,
1476 2197 1811 2252 ἐπικίνδυνον
1873 2198 1966 2250 καὶ

390 2294 801 2368 ὀλεθριώτατον,
857 2293 951 2347 καὶ
996 2291 1075 2362 τῷ
1105 2291 1411 2362 κειρομένῳ
1456 2290 1551 2344 καὶ
1591 2289 1670 2360 τῷ
1704 2288 1961 2361 κείροντι.

406 2387 568 2441 Ἀλλὰ
610 2388 718 2457 γὰρ
770 2384 865 2438 καὶ
917 2384 1384 2454 ἀποσχηματίζειν
1416 2380 1671 2453 μοναχὸν,
1703 2381 1816 2434 ίσον
1848 2379 1966 2435 ἐστὶ

392 2479 472 2552 τῷ
514 2476 930 2541 ἀποϐαπτίζειν.
958 2475 1137 2539 Ὀλως
1168 2475 1435 2545 τολμᾶται
1475 2475 1635 2529 τοῦτο
1679 2472 1959 2543 γίνεσθαι’

394 2568 621 2641 φρικτόν
646 2569 763 2620 ὲστι
806 2566 901 2619 καί⁵
930 2565 1283 2635 ἀκουόμενον.
1318 2566 1382 2621 Εἰ
1411 2565 1469 2620 δὲ
1506 2564 1645 2636 μετά
1680 2563 1777 2618 τοῦ
1815 2564 1964 2618 δεόν-

392 2676 501 2722 τως
536 2658 846 2728 ἀποκεῖραι,
890 2654 1079 2727 ἐπειδὴ
1122 2655 1474 2710 ύπονοστοῦσί
1526 2673 1671 2719 τινες
1718 2653 1856 2727 πρὸς
1895 2654 1966 2708 τά

394 2748 615 2821 χείρονα
636 2764 651 2778 ⁸
682 2749 809 2811 τοὺς
848 2748 1121 2811 τοιούτους
1163 2748 1522 2817 ἐπιμένοντας
1550 2751 1615 2819 τῇ
1647 2748 1837 2819 κακίᾳ.
1872 2748 1967 2801 καὶ

397 2840 475 2916 μὴ
502 2839 763 2909 ἰωμένους
786 2840 1010 2902 ἑαυτοὺς
1026 2842 1084 2899 ὲν
1100 2841 1213 2902 τοῖς
1236 2841 1487 2909 ψυχικοῖς
1514 2840 1963 2911 ἀρρωστήμασιν,

396 2931 762 2991 ικκόπτεσθαι
814 2931 920 3003 χρὴ
970 2933 1071 3002 τῆς
1127 2932 1511 3003 ἀδελφότητος,
1551 2932 1674 2988 καθ’
1705 2931 1966 3004 ὁμοίωσιν

395 3025 505 3079 τῶν
539 3027 854 3097 σεσηπότων
901 3026 1099 3096 μελῶν,
1146 3026 1221 3091 ὼς
1252 3026 1318 3082 ἀν
1354 3026 1430 3099 μὴ
1465 3030 1532 3098 τῇ
1580 3028 1834 3098 συνεχείᾳ
1872 3026 1967 3080 καί.

396 3118 459 3171 τὸ
488 3117 638 3186 ὑγιὲς
671 3116 979 3187 βλάπτοιτο.
1014 3116 1152 3188 Φησί
1188 3118 1297 3189 γὰρ
1328 3120 1357 3172 ό
1397 3118 1625 3190 Κύριος·
1656 3116 1966 3189 Συμερερές

395 3225 499 3264 σοι
522 3209 623 3263 ἵνα
645 3206 715 3269 ἐν
738 3207 855 3263 τῶν
873 3207 1075 3278 μελῶν
1106 3226 1222 3264 σου
1246 3209 1546 3281 ἀποκοπῇ,
1579 3213 1679 3266 καί
1703 3212 1790 3281 μὴ
1818 3211 1968 3267 ὅλον
1995 3241 2038 3297 C

397 3301 465 3356 τὸ
491 3298 664 3370 σῶμά
695 3314 811 3355 σου
836 3300 1045 3370 ,ϐληθῇ
1072 3302 1160 3368 εις
1184 3302 1299 3370 τὴν
1330 3302 1585 3373 γέενναν
1618 3304 1727 3360 τοῦ
1756 3306 1969 3374 πυρός.

410 3392 535 3446 Ἐὰν
558 3391 617 3445 δὲ
640 3391 784 3462 ἄλλῳ
814 3391 1042 3446 δυνατὸν
1077 3389 1111 3467 ᾖ
1135 3393 1228 3447 τὸν
1254 3396 1559 3449 ἐκκοπέντα
1590 3396 1971 3468 προσήκασθαι

399 3482 542 3539 κατά
573 3482 984 3552 φιλανθρωπίας
1011 3485 1232 3556 τρόπον,
1263 3487 1363 3539 οὐκ
1391 3485 1496 3552 ἔξω
1529 3486 1623 3541 τοῦ
1659 3489 1887 3551 εἰκότος·
1922 3487 1975 3541 εί

396 3593 462 3645 γε
495 3575 744 3648 εὑρεθείη
777 3576 1341 3650 ὲπιστημονικὼτερος
1387 3577 1678 3649 ἰατρεύειν,
1723 3578 1860 3639 ἀλλά
1896 3579 1973 3650 μὴ

396 3667 786 3738 ἀπολλυμένων
814 3669 1379 3741 συμπεριφερόμενος.
1401 3672 1465 3724 Ol
1495 3670 1553 3725 δὲ
1574 3670 1751 3735 ἄλλως
1776 3672 1974 3741 κουφό-

397 3779 552 3816 τατοι
574 3760 960 3831 ἀποπηδῶντες
986 3760 1079 3815 τοῦ
1104 3763 1392 3829 κοινοσίου,
1414 3763 1774 3834 ἀπρόσδεκτοι
1801 3762 1971 3817 ἔστω-ν

401 3872 498 3908 σαν
550 3858 671 3919 ταῖς
725 3854 915 3920 ἄλλαις
950 3855 1307 3926 ἀδελφότησιν
1330 3872 1343 3885 ·
1377 3856 1465 3911 ἰνα
1512 3856 1885 3926 συνασπισμὸς

399 3945 498 3999 καὶ
521 3947 810 4017 συμφωνία
837 3946 980 4001 κατά
1002 3948 1178 4001 πάντα
1202 3948 1314 4011 τοῖς
1338 3947 1475 4000 πᾶσι
1492 3963 1508 3979 ο
1536 3946 1634 4001 κιιιί⁸
1665 3945 1740 4018 μὴ
1766 3947 1857 4001 ὑπ’
1878 3947 1976 4003 ἀλ-

401 4039 577 4109 λήλων
602 4042 669 4094 τὰ
698 4040 943 4111 ἀλλήλων
966 4038 1327 4105 καταλύοντες
1359 4040 1751 4112 σπουδάσματα
1768 4057 1785 4073 ο
1815 4038 1877 4107 ἐξ
1900 4036 1976 4095 ὧν

400 4134 462 4187 οὐ
491 4133 702 4203 κεφαλὴ
731 4134 759 4186 ὁ
790 4133 1043 4203 Χριστὸς,
1065 4135 1176 4204 ὀτῇ
1206 4134 1395 4206 εἰρήνῃ
1425 4133 1659 4187 συνδέων
1682 4133 1749 4185 τά
1774 4134 1973 4197 πάντα,

400 4223 538 4279 ἀλλὰ
567 4225 689 4291 τίς;
739 4226 1068 4279 ἀπευκταῖον
1120 4225 1216 4280 καὶ
1260 4225 1461 4295 λέγειν.
1491 4225 1687 4278 Δοῦλον
1728 4224 1788 4279 δὲ
1828 4223 1977 4295 ἔχειν

405 4314 638 4386 μοναχὸν
676 4316 759 4380 εἰς
794 4318 1175 4388 μοναστήριον,
1215 4317 1472 4370 τοσοῦτον
1500 4316 1647 4383 ξένον
1679 4317 1757 4381 ὠς
1787 4317 1885 4371 καὶ
1912 4315 1976 4369 τὸ

399 4408 548 4478 ἔχειν
581 4410 848 4477 γυναῖκα·
894 4410 1179 4481 ἀμφότερα
1213 4409 1322 4481 γὰρ
1357 4409 1456 4478 τῆς
1483 4410 1772 4481 παρακοῆς
1817 4408 1976 4480 εὑρέ-ν

403 4516 555 4571 ματα
571 4515 586 4530 °
619 4500 715 4554 καὶ
733 4502 845 4564 τοῖς
865 4502 945 4565 εἰς
969 4500 1030 4554 τὸ
1054 4502 1175 4554 κατ’
1200 4501 1375 4572 ἀρχὰς
1402 4501 1733 4572 ἀναδραμεῖν
1752 4502 1973 4573 ὲφιεμέη

400 4608 512 4655 νοις
542 4590 629 4646 διὰ
661 4592 763 4662 τῆς
797 4592 1089 4663 μοναδικῆς
1122 4593 1418 4660 πολιτείας,
1448 4594 1543 4648 καὶ
1586 4593 1686 4665 τὴν
1712 4595 1971 4666 ἀπήμονα
2003 4579 2048 4635 Ῑ)

398 4685 495 4738 τοῦ
543 4684 874 4756 παραδείσου
929 4684 1075 4757 ζωὴν
1130 4685 1414 4757 μιμεῖσθαι
1458 4685 1811 4758 ὲζηλωκόσιν,
1837 4688 1974 4743 dud-

402 4782 579 4851 ϐλητα
606 4782 677 4835 τὰ
708 4783 1103 4855 προειρημένα.
1141 4782 1326 4836 Ταῦτα
1357 4783 1457 4836 οὐκ
1486 4782 1715 4847 οἴκοθεν,
1751 4783 1867 4836 ἀλλ’
1913 4782 1973 4850 ἐξ

401 4864 479 4923 ὧν
518 4872 568 4923 οἰ
616 4870 863 4942 θεοφόροι
915 4872 1159 4943 Πατέρες
1210 4872 1561 4942 φθέγγοντες,
1596 4872 1973 4944 συνειληχότες

403 4962 829 5032 ύπομνηστικῶς
868 4962 1249 5033 ἐφθεγξάμεθα
1269 4979 1285 4996 ο
1319 4963 1632 5034 αἰτούμενοι
1670 4964 1816 5034 ὑμᾶς
1847 4965 1973 5029 τοὺς

402 5052 694 5124 πανιὲρους
746 5053 1143 5125 προσεύχεσθαι
1191 5054 1266 5125 μὴ
1300 5055 1460 5125 μόνον
1507 5056 1687 5125 λέγειν
1717 5056 1862 5128 ἡμᾶς
1903 5057 1971 5110 τὰ

403 5140 566 5205 καλὰ,
596 5140 733 5195 ἀλλά
759 5142 855 5195 καὶ
887 5142 1149 5214 πράττειν
1180 5144 1238 5197 ὲν
1265 5144 1475 5216 Κυρίῳ.

612 5254 763 5309 PEE'“
782 5256 914 5327 (57).
938 5287 1008 5298 -—
1028 5258 1331 5327 Γρηγορίῳ
1355 5259 1562 5327 τέκνῳ.

2062 628 2169 683 hoc
2200 627 2365 681 etiam
2421 639 2639 680 sermo:
2675 637 2776 677 nec
2823 621 3068 693 periculo
3113 629 3272 675 vacat
3327 619 3634 691 repellere;

2059 722 2136 774 ait
2160 719 2306 775 enim
2339 735 2354 772 :
2389 715 2528 771 Eum
2552 715 2644 786 qui
2662 716 2801 770 venit
2829 714 2899 770 ad
2921 730 3022 780 me,
3041 729 3146 768 non
3165 713 3380 779 eiiciam
3395 712 3635 785 foras“:

2061 824 2242 880 neque
2266 817 2469 864 temere
2498 822 2562 863 ac
2586 806 2812 863 fortuito
2849 807 3161 871 admittere,
3189 814 3243 862 et
3278 806 3501 862 tondere
3531 806 3640 861 im-

2061 904 2258 973 perite,
2294 910 2541 957 sanctum
2568 909 2671 955 est.
2699 898 2834 954 Nam
2858 899 2904 954 si
2939 914 3088 953 nemo
3120 898 3357 953 militans
3398 899 3640 967 implicat

2063 994 2286 1064 negotiis
2322 991 2692 1057 secularibus,
2719 999 2780 1045 ut
2801 991 2850 1044 ei
2887 989 3092 1058 placeat
3119 990 3206 1044 cui
3228 1005 3282 1044 se
3302 988 3540 1058 probavit
3568 990 3637 1052 ⁸³.

2063 1088 2206 1143 sicut
2237 1086 2501 1157 scriptum
2526 1095 2631 1152 est,
2652 1092 2860 1155 quanto
2893 1084 3065 1156 magis
3094 1083 3152 1139 in
3180 1084 3283 1139 hac
3304 1098 3336 1140 a
3365 1085 3476 1140 Deo
3501 1098 3638 1140 con-

2064 1181 2253 1237 stituta
2274 1180 2466 1234 militia
2489 1178 2513 1234 ?
2536 1177 2805 1234 Omnibus
2834 1178 3151 1232 renuntiare
3189 1185 3425 1248 oportet,
3461 1177 3639 1233 omni-

2067 1271 2170 1328 bus
2207 1271 2430 1342 spoliari
2460 1284 2686 1326 necesse
2726 1277 2832 1335 est,
2862 1268 2931 1324 ab
2956 1269 3215 1325 omnibus
3257 1269 3417 1324 avelli
3441 1282 3641 1326 conve-

2069 1365 2170 1427 nit,
2228 1374 2284 1420 et
2311 1362 2623 1427 aﬂectibus,
2657 1370 2713 1415 et
2764 1360 3100 1425 domesticis,
3129 1366 3186 1415 et
3212 1360 3425 1427 amicis,
3457 1369 3513 1416 et
3544 1375 3641 1417 co-

2073 1457 2274 1529 gnatis,
2308 1466 2364 1512 et
2396 1471 2425 1510 a
2454 1453 2662 1510 mundo
2692 1454 2951 1510 universo
2979 1452 3261 1508 voluntate
3303 1452 3642 1523 peregrinari

2067 1565 2216 1613 eum,
2246 1547 2338 1618 qui
2388 1563 2515 1603 vere
2559 1555 2850 1603 secuturus
2897 1546 2972 1601 sit
3020 1544 3341 1601 Christum:
3373 1553 3536 1614 atque
3563 1544 3641 1601 ita

2070 1644 2279 1698 institui
2308 1652 2364 1698 et
2384 1642 2615 1697 formari
2643 1641 3003 1697 monasticam
3038 1640 3436 1713 professionem
3468 1634 3499 1696 ά
3525 1642 3640 1697 Deo

2070 1736 2349 1791 conditam
2379 1753 2396 1793 :
2428 1750 2665 1806 eumque
2703 1735 2860 1805 cujus
2890 1737 3063 1791 virtus
3086 1744 3327 1805 spectata
3365 1743 3529 1805 atque
3548 1748 3646 1790 ex-

2070 1837 2225 1899 perta
2244 1827 2429 1893 luerit,
2474 1827 2556 1883 sic
2588 1827 2862 1882 introduci
2919 1826 3026 1884 sub
3059 1828 3362 1882 multorum
3396 1827 3646 1882 testimo-

2071 1920 2162 1973 nio
2194 1918 2260 1974 ad
2283 1918 2664 1973 monachicam
2693 1917 3108 1989 perfectionem,
3147 1925 3202 1973 et
3239 1933 3406 1974 unam
3432 1918 3552 1973 ﬁeri
3577 1918 3649 1974 de

2069 2009 2263 2064 nvibus
2292 2008 2519 2064 Christi.
2550 2008 2680 2065 Sine
2709 2010 3015 2066 initiatione
3042 2018 3222 2066 autem
3244 2018 3300 2066 et
3314 2010 3436 2065 sine
3465 2011 3649 2067 scien-

2072 2101 2168 2165 tia,
2201 2110 2262 2155 ut
2287 2100 2448 2156 nobis
2466 2100 2845 2156 denuntiatum
2877 2101 3000 2167 fuit,
3035 2101 3248 2158 tonderi
3268 2102 3646 2173 periculosum

2069 2203 2177 2257 est,
2214 2207 2280 2248 ac
2302 2192 2833 2262 perniciosissimum
2866 2203 2921 2250 et
2951 2202 3110 2251 tonso
3145 2204 3200 2251 et
3234 2195 3506 2250 tondenti.
3539 2195 3648 2253 Sed

2072 2294 2126 2337 et
2153 2283 2399 2339 habitum
2426 2283 2712 2340 detrahere
2741 2285 3034 2353 monacho,
3084 2287 3312 2356 perinde
3342 2295 3431 2344 est
3455 2303 3520 2345 ac
3552 2287 3651 2344 ba-

2069 2375 2274 2445 ptismo
2306 2374 2566 2445 spoliare.
2598 2373 2835 2430 Omnino
2864 2390 2933 2431 eo
2960 2376 3277 2446 proceditur
3304 2378 3552 2434 audaciae
3585 2389 3649 2435 ut

2091 2468 2240 2525 istud
2271 2468 2385 2535 tiat,
2414 2468 2713 2524 orrendum
2741 2478 2830 2525 est
2855 2468 2945 2525 vel
2981 2470 3197 2527 auditu.
3229 2470 3290 2525 Si
3317 2485 3452 2527 vero
3491 2478 3651 2543 post-

2070 2577 2235 2632 quam
2276 2571 2502 2617 tonsura
2532 2561 2636 2617 rite
2685 2561 2831 2617 facta
2882 2562 3071 2629 fuerit,
3128 2564 3200 2621 ad
3232 2563 3506 2622 deteriora
3561 2579 3651 2620 re-

2072 2655 2236 2709 deant
2279 2653 2472 2723 aliqui,
2515 2653 2663 2722 iique
2706 2655 3004 2724 persistant
3043 2655 3100 2710 in
3155 2655 3528 2729 improbitate,
3549 2667 3653 2712 nec

2071 2747 2270 2800 anima:
2307 2760 2421 2800 sua:
2452 2746 2678 2802 morbos
2713 2755 2907 2800 curent
2930 2764 2945 2813 ;
2967 2746 3217 2802 exscindi
3256 2746 3456 2802 debent
3483 2761 3516 2802 a
3537 2744 3652 2801 fra-

2072 2848 2217 2893 trum
2249 2849 2421 2905 coetu,
2462 2838 2606 2893 sicut
2653 2838 2831 2893 solent
2858 2840 3074 2909 putrida
3107 2840 3374 2903 membra,
3424 2853 3494 2895 ne
3514 2853 3652 2895 con-

2072 2939 2220 2986 tactu
2249 2931 2394 3001 quod
2424 2945 2621 2986 sanum
2648 2938 2732 2986 est
2757 2932 3001 2986 laedatur.
3036 2931 3177 2987 Dicit
3191 2933 3336 2988 enim
3355 2931 3650 2991 Dominus:

2071 3023 2312 3078 Prwstat
2342 3039 2504 3077 unum
2529 3022 2594 3077 de
2623 3024 2870 3079 membris
2914 3026 3019 3079 tuis
3073 3024 3334 3091 absciudi,
3369 3042 3529 3096 quam
3571 3036 3652 3080 to.

2074 3127 2185 3171 tum
2229 3133 2418 3187 corpus
2449 3127 2599 3171 tuum
2649 3117 2791 3171 mitti
2820 3118 2875 3171 in
2919 3116 3207 3188 gehennam
3254 3117 3390 3188 ignis
3408 3118 3476 3173 ".
3514 3117 3650 3173 Eum

2070 3220 2253 3266 autem
2286 3209 2382 3281 qui
2405 3211 2675 3265 rescissus
2709 3219 2815 3275 est,
2843 3209 2913 3264 ab
2933 3209 3105 3265 altero
3137 3210 3344 3279 suscipi
3392 3210 3656 3265 humani-

2073 3302 2205 3358 tatis
2226 3302 2422 3373 gratia,
2464 3317 2575 3357 non
2606 3312 2690 3356 est
2722 3311 2920 3371 praeter
2941 3300 3025 3357 fas
3051 3311 3107 3356 et
3140 3318 3358 3372 aequum
3386 3320 3403 3370 ;
3448 3305 3497 3359 si
3530 3318 3651 3358 mo-

2070 3398 2201 3454 dum
2258 3398 2487 3470 peritior
2529 3396 2775 3452 medicus
2808 3395 3123 3452 inveniatur
3176 3398 3273 3468 qui
3302 3413 3428 3453 eum
3472 3408 3656 3460 sanet.

2074 3506 2176 3548 nec
2207 3506 2238 3546 a
2271 3490 2628 3561 pereuntibus
2672 3489 2838 3546 simul
2885 3489 3209 3557 abducatur,
3258 3490 3525 3547 Caterum
3555 3493 3655 3561 qui

2073 3600 2172 3656 per
2215 3583 2489 3640 levitatem
2535 3593 2593 3639 et
2651 3584 2903 3640 coenobio
2957 3583 3244 3648 resiliunt,
3275 3584 3346 3641 ab
3377 3585 3501 3640 aliis
3535 3583 3651 3641 fra-

2075 3677 2427 3733 ternitatibus
2465 3677 2616 3732 nullo
2661 3677 2826 3732 modo
2853 3678 3221 3747 recipiantur:
3252 3686 3312 3733 ut
3351 3688 3541 3735 mutua
3580 3679 3653 3735 sit

2074 3770 2298 3827 dilectio
2326 3779 2381 3825 et
2430 3769 2726 3825 concordia
2758 3769 3005 3826 omnium
3055 3770 3112 3824 in
3139 3770 3442 3839 omnibus;
3491 3780 3547 3827 et
3583 3786 3654 3828 ne

2075 3863 2168 3917 alii
2195 3862 2429 3918 aliorum
2457 3861 2693 3916 invicem
2723 3862 2812 3931 pia
2850 3862 3034 3915 studia
3060 3862 3385 3929 destruant;
3416 3878 3485 3919 ex
3513 3863 3653 3934 qui-

2076 3956 2180 4011 bus
2210 3954 2289 4017 lit,
2320 3963 2381 4009 ut
2400 3962 2567 4023 caput
2595 3968 2705 4007 non
2747 3954 2821 4008 sit
2853 3952 3128 4019 Christus,
3184 3953 3278 4023 qui
3332 3969 3428 4022 per
3460 3969 3651 4024 pacem

2076 4046 2284 4116 colligit
2314 4046 2570 4101 universa
2594 4062 2611 4111 ;
2651 4044 2748 4100 sed
2771 4044 2898 4114 quis
2925 4044 2949 4098 τ
2975 4045 3356 4100 detestandum
3374 4057 3458 4100 est
3478 4046 3650 4103 dictu.

2076 4135 2234 4205 Quod
2261 4145 2442 4191 autem
2495 4150 2718 4192 servum
2765 4135 2973 4192 babeat'
3017 4137 3323 4193 monachus
3355 4137 3410 4192 in
3457 4154 3650 4193 mona-

2077 4228 2271 4295 sterio,
2306 4228 2361 4283 id
2410 4242 2519 4284 non
2576 4228 2765 4284 minus
2791 4228 3028 4283 alienum
3058 4238 3142 4284 est
3167 4244 3332 4299 quam
3367 4230 3413 4286 si
3456 4229 3653 4286 habeat

2076 4320 2362 4377 mulierem
2386 4337 2401 4388 ;
2435 4329 2668 4390 utraque
2693 4320 2838 4375 enim
2858 4320 3076 4375 inventa
3096 4321 3647 4378 suntinobedientizs:

2075 4421 2133 4468 et
2161 4412 2232 4468 iis
2256 4412 2355 4482 qui
2386 4412 2457 4467 ad
2502 4411 2888 4482 primigeniam
2917 4413 3283 4485 integritatem
3333 4416 3513 4472 redire
3555 4432 3654 4487 per

2076 4505 2455 4561 monachicam
2505 4506 2984 4561 conversationem
3037 4507 3285 4576 cupiunt,
3311 4516 3367 4563 et
3402 4508 3531 4563 mali
3555 4523 3651 4562 ex-

2076 4607 2285 4668 pertem
2318 4598 2559 4669 paradisi
2607 4600 2778 4653 vitam
2824 4597 3030 4654 imitari
3064 4597 3310 4666 student,
3342 4603 3649 4670 respuenda

2075 4699 2344 4761 suntquae
2370 4689 2638 4746 dixi.liazc
2678 4704 2789 4746 non
2822 4689 2973 4745 domi
3012 4699 3163 4756 nata,
3200 4690 3296 4747 sed
3329 4705 3395 4748 ex
3425 4692 3495 4748 iis
3528 4709 3651 4765 qua:

2075 4782 2249 4838 divini
2284 4781 2478 4838 Patres
2499 4782 2697 4838 docent
2722 4781 2923 4839 collata
2958 4783 3330 4853 protulimus;
3370 4785 3650 4855 postulan-

2079 4887 2164 4935 tes
2200 4887 2263 4933 ut
2289 4893 2388 4933 vos
2419 4875 2756 4933 sanctissimi
2780 4875 2972 4944 oretis,
3008 4885 3071 4932 ut
3107 4891 3210 4933 nos
3240 4878 3388 4935 bona
3426 4893 3537 4935 non
3568 4878 3663 4939 (1ἱτ.

2052 4952 2268 5029 (εαωιιε
2307 4971 2489 5036 modo,
2513 4970 2610 5027 sed
2637 4978 2694 5026 et
2719 4967 2988 5027 iaciamus
3012 4971 3063 5026 in
3090 4970 3348 5028 Domino.

2506 5254 2784 5313 CLXV.—
2804 5256 3056 5328 Gregorio
3093 5261 3228 5330 ﬁlio.

1689 5380 1766 5431 De
1800 5379 2012 5432 diversis
2035 5376 2360 5445 argumentis.

487 5456 721 5529 Ἐχάρην
748 5459 845 5513 ἐπὶ
873 5462 951 5533 τῷ
971 5461 1259 5535 γράμματι
1297 5481 1412 5530 σου,
1444 5464 1633 5519 τέκνον
1674 5467 1969 5538 ἠγαπημέ-

401 5565 514 5611 νον,
542 5552 624 5604 ὅτι
649 5552 742 5605 καὶ
770 5553 963 5608 ἀστεία
995 5555 1031 5627 ἡ
1064 5555 1182 5617 ὁδὸς
1210 5556 1319 5610 τῶν
1343 5558 1402 5609 ὲν
1426 5558 1577 5611 ἄστει
1597 5572 1615 5591 ⁶
1658 5558 1753 5619 καὶ
1781 5559 1972 5623 ὑγείαν

2148 5464 2381 5521 Gavisus
2436 5478 2556 5519 sum
2600 5462 2799 5518 litteris
2826 5462 2954 5527 tuis,
2996 5459 3194 5516 dilecte
3236 5459 3311 5514 liii
3342 5461 3524 5530 :quod
3555 5477 3667 5518 υτ-

2079 5559 2216 5613 bane
2245 5566 2299 5613 et
2331 5557 2563 5615 honeste
2592 5571 2653 5613 se
2686 5566 2882 5628 gerant
2912 5555 3006 5625 qui
3035 5560 3173 5613 sunt.
3205 5551 3260 5607 in
3308 5551 3464 5618 urbe,
3499 5555 3644 5624 quod

474 5666 518 5697 “
544 5665 703 5721 Joau.
740 5682 814 5733 vt,
845 5669 937 5723 3'7.
972 5670 1016 5702 °‘
1044 5668 1086 5723 ll
1128 5668 1455 5735 Timoth.,tt.
1484 5670 1538 5725 4.
1616 5671 1660 5708 ⁸⁸
1686 5669 1954 5735 Matth,v,
1986 5670 2073 5723 (ἔθα

1901 5761 2128 5819 ΝΟΤᾸῘ.

482 5845 590 5919 (57)
620 5847 676 5902 in
707 5848 827 5904 cod.
861 5848 991 5918 εἶρε.
1022 5850 1162 5923 ρμζί.
