4102 6374
528 395 664 462 1523

1717 401 1779 462 S.
1812 397 2212 462 THEODORI
2253 399 2603 463 STUDIT/E

3657 406 3794 472 1524

519 513 889 569 valetudinem
923 530 1047 568 cum
1085 513 1254 569 fratre
1293 513 1512 571 Zoslma
1554 516 1826 586 receperis
1844 530 1942 586 per
1973 530 2104 569 san-

2213 516 2550 585 προσελάϐου
2583 515 2701 586 ἅμα
2729 515 2808 586 τῷ
2829 514 3046 586 ἀδελφῷ
3067 518 3292 590 Ζωσιμᾷ
3311 517 3402 573 διὰ
3427 521 3528 590 τῆς
3548 519 3794 588 ἀφαιμά-

517 606 705 676 guinis
736 605 1132 661 detractionem
1161 618 1216 662 et
1241 608 1386 676 quod
1441 608 1550 662 alia
1582 608 1740 663 vobis
1795 623 1863 662 ex
1923 607 2110 662 animo

513 697 922 753 successerint.
972 697 1044 752 De
1060 697 1376 752 Xenodochi
1407 707 1590 754 autem
1617 699 2106 768 propositionibus,

519 787 664 854 quod
697 787 877 853 adhuc
907 803 937 841 a
975 787 1134 842 nobis
1161 787 1590 842 declarationem
1651 788 1904 855 ﬂagitasti
1935 808 1951 855 ;
1983 807 2108 845 cum

519 877 690 946 probe
724 877 800 931 illi
828 893 893 932 ex
944 876 1256 930 divinorum
1292 875 1515 930 Patrum
1571 877 1823 934 doctrina
1877 893 2107 948 respon-

523 969 696 1032 deris,
733 970 870 1024 nihil
929 969 1200 1024 habemus
1255 969 1482 1038 quodad
1543 971 1932 1039 responsiones
1986 981 2110 1026 tuas

517 1063 646 1117 addi
705 1064 897 1133 possit.
933 1061 1163 1118 Temere
1221 1073 1404 1118 autem
1447 1065 1718 1134 garriunt,
1754 1075 1813 1118 ut
1842 1077 2108 1134 apparet,

523 1172 626 1210 nec
658 1156 872 1210 discere
901 1157 1152 1224 cupiunt,
1185 1155 1282 1226 qui
1308 1156 1677 1225 interrogant.
1711 1157 1962 1211 Attamen
1981 1157 2109 1226 quia

519 1247 783 1315 scriptum
805 1257 914 1301 est:
950 1245 1140 1300 Parati
1170 1251 1238 1299 ad
1261 1247 1694 1316 satisfactionem
1711 1250 1854 1300 omni
1892 1264 2112 1316 poscen-

520 1341 561 1394 ti
586 1356 673 1393 ws
698 1339 955 1391 rationem
980 1337 1043 1391 de
1066 1356 1128 1392 ea
1148 1355 1266 1408 qua:
1301 1340 1356 1392 in
1405 1339 1551 1392 vobis
1614 1348 1690 1392 est
1725 1355 1812 1408 spe
1865 1340 1944 1407 “,
2025 1353 2113 1394 re-

518 1429 911 1499 spondebimus
942 1435 997 1482 et
1027 1444 1129 1484 nos
1168 1431 1296 1485 ista.
1320 1428 1714 1484 Monachorum
1747 1431 1966 1487 habitus
1999 1431 2112 1485 vir-

519 1521 769 1590 ginitatis
817 1533 902 1575 est
952 1521 1292 1590 progressio,
1331 1531 1386 1575 et
1434 1523 1758 1593 mysterium
1795 1534 1878 1577 est
1922 1537 2114 1577 mona-

520 1613 690 1669 chicae
733 1614 1108 1684 perfectionis,
1143 1624 1202 1668 ut
1226 1615 1470 1684 loquitur
1515 1615 1735 1669 divinus
1774 1623 1826 1670 et
1894 1615 2113 1684 sapien-

523 1707 770 1764 tissimus
802 1707 1108 1778 Dionysius.
1141 1705 1206 1758 Et
1231 1707 1376 1775 quod
1405 1717 1659 1776 quairunt
1689 1705 1969 1760 nonnulli:
2001 1691 2116 1759 Uti-

519 1802 720 1857 deuam
756 1809 874 1854 orta
911 1800 1150 1862 traditio,
1186 1816 1294 1868 qua
1347 1800 1511 1853 homo
1554 1799 1835 1852 renuntiat
1888 1798 2112 1862 saeculo,

2211 606 2346 673 ξεως
2365 624 2378 638 ·
2414 608 2510 661 καὶ
2539 607 2708 663 τᾶλλα
2751 609 2880 675 ὑμῖν
2909 607 2992 660 ὅτι
3019 609 3162 661 κατά
3192 610 3394 664 σκοπὸν
3422 611 3629 682 ἀπέϐη.
3673 612 3798 664 Ἐπὶ

2209 699 2268 752 δὲ
2312 702 2432 763 ταῖς
2470 699 2622 769 παρά
2647 699 2742 753 τοῦ
2773 699 3064 770 Ξενοδόχω
3095 702 3414 770 προτάσεσι,
3455 704 3510 755 τί
3552 704 3636 756 ὅτι
3665 705 3798 775 παρ’

2210 790 2368 862 ἡμῶν
2429 789 2775 862 έπεζήτησας
2832 789 2914 843 ἔτι
2972 790 3325 860 διασάφησιν.
3387 792 3801 863 ὲγκεκριμένως

2211 882 2532 952 ἀποκριθεὶς
2574 881 2724 952 αὑτῷ
2769 881 2912 935 κατά
2945 881 3044 950 τὴν
3085 883 3195 932 τῶν
3225 880 3504 948 θεοφόρων
3536 884 3798 954 Πατέρων

2211 973 2565 1028 διδασκαλίαν
2599 973 2750 1027 οὐδὲν
2801 973 3190 1044 περισσότερον
3229 971 3427 1041 ἔχομεν
3471 971 3654 1040 λέγειν
3694 975 3802 1027 τῶν

2214 1065 2324 1118 σῶν
2356 1066 2902 1136 ἀντιπαραστάσεων.
2952 1063 3362 1132 Είκαιολογοῦσι
3403 1063 3483 1128 δὲ,
3515 1065 3592 1128 ὠς
3630 1063 3800 1129 ἔοικε,

2213 1159 2308 1212 καὶ
2334 1158 2396 1212 οὐ
2427 1157 2818 1228 φιλομαθοῦσιν
2840 1160 2888 1211 οἱ
2911 1157 3294 1229 ἐπερωτῶντες
3315 1156 3466 1225 ὅμως
3493 1156 3686 1226 ἐπειδὴ
3707 1159 3802 1224 γέ-

2211 1267 2457 1322 γραπται
2478 1267 2492 1282 ·
2529 1251 2784 1321 Ἔτοιμοι
2835 1251 3008 1317 ὄντες
3044 1250 3196 1318 πρὸς
3239 1247 3581 1316 ἀπολογίαν
3616 1249 3800 1300 παντὶ

2211 1341 2293 1406 τῷ
2329 1339 2594 1396 αἰτοῦντι
2635 1339 2790 1410 ὑμᾶς
2824 1341 3010 1410 λόγον
3053 1339 3185 1408 περὶ
3221 1337 3330 1408 τῆς
3361 1340 3431 1392 ἐν
3459 1339 3605 1408 ὑμῖν
3632 1339 3804 1392 ital-

2213 1433 2340 1500 δοςο
2373 1434 2817 1506 ἀποκρινούμεθα
2861 1435 2955 1488 καὶ
2991 1435 3156 1505 ἡμεῖς
3189 1433 3338 1487 τάδε.
3369 1432 3443 1485 Τδ
3479 1432 3590 1485 τῶν
3636 1450 3801 1502 μονα-

2213 1527 2326 1598 χῶν
2350 1527 2561 1597 σχῆμα,
2584 1527 2881 1596 παρθενίας
2909 1524 3056 1578 ἐστὶν
3085 1523 3434 1594 ἐπάγγελμα,
3470 1523 3569 1576 καὶ
3590 1525 3802 1594 pugna-

2216 1620 2332 1690 ριὸν
2367 1621 2483 1671 ἐστι
2533 1619 2831 1689 μοναχικῆς
2873 1617 3228 1682 τελειώσεως,
3277 1616 3420 1670 κατά
3465 1616 3566 1688 τὴν
3613 1618 3798 1690 φωνὴν

2212 1710 2306 1764 τοῦ
2343 1711 2489 1764 θείου
2521 1712 2618 1764 καὶ⁵
2648 1711 2928 1780 πανσόφου
2957 1709 3256 1765 Διονυσίου.
3287 1710 3398 1763 Καὶ
3423 1709 3484 1762 τδ
3506 1709 3688 1777 λέγειν
3717 1728 3800 1762 τι-

2215 1803 2314 1866 νὰς
2353 1803 2435 1868 τὸ,
2459 1802 2630 1856 ιιόθεν
2658 1800 2933 1872 παρεδόθη
2968 1802 3030 1854 τὸ
3060 1800 3484 1866 ἀποτάσσεσθαι,
3515 1803 3612 1854 καὶ
3650 1802 3800 1868 γίνε-

521 1903 578 1950 et
615 1896 675 1949 ﬁt
709 1895 1037 1958 monachus,
1064 1893 1213 1948 aliud
1243 1893 1378 1947 nihil
1417 1892 2062 1962 respondendum,quam
2096 1908 2109 1944 :

2219 1894 2343 1949 σθαι
2387 1895 2648 1966 μοναχόν;
2681 1895 2834 1948 οὐδὲν
2860 1894 3049 1965 ἕτερον
3079 1895 3227 1946 ἐστιν
3261 1895 3458 1958 εἰπεῖν,
3496 1894 3528 1963 ἢ
3562 1895 3668 1956 ὅτι,
3695 1895 3798 1948 Πό-

524 1979 808 2040 Uudenam
839 1996 959 2038 orta
983 1985 1203 2038 traditio
1233 1999 1342 2054 qua
1392 1982 1740 2038 Christianus
1771 1985 1830 2036 lit
1878 1981 2115 2052 aliquis?

523 2088 628 2153 Qui
660 2088 806 2141 enim
843 2085 998 2155 prius
1039 2083 1221 2138 sanxit
1253 2083 1550 2152 apostolica
1581 2081 1897 2144 traditione,
1939 2096 2118 2150 poete-

525 2178 642 2232 rius
679 2181 846 2231 etiam
913 2176 1089 2230 edidit
1119 2174 1267 2245 (57")
1323 2189 1418 2229 sex
1469 2173 1724 2245 mysteria
1781 2173 2115 2229 instituens:

523 2272 764 2344 primum
813 2270 881 2324 de
927 2269 1256 2339 baptismate
1290 2284 1303 2320 :
1343 2265 1758 2332 secundum,de
1799 2265 1985 2335 synaxi
2017 2281 2114 2320 seu

523 2363 950 2419 communione:
983 2359 1224 2424 tertium,
1255 2359 1324 2414 de
1351 2358 1772 2414 consecratione
1803 2358 2068 2428 unguenti
2094 2375 2109 2412 :

503 2468 807 2529 quartum,
823 2457 891 2512 de
911 2453 1349 2512 sacerdotalibus
1374 2451 1776 2506 initiationibus
1799 2469 1813 2505 :
1836 2451 2112 2521 quintum,

524 2551 593 2606 de
622 2549 948 2605 monachica
989 2547 1328 2619 perfectione
1357 2563 1378 2602 .'
1419 2555 1658 2612 sextum,
1691 2545 1757 2600 de
1782 2553 1970 2600 sancte
1986 2544 2112 2598 dor-

531 2645 852 2700 mientibus.
885 2641 1029 2710 Quid
1069 2656 1200 2712 ergo
1235 2642 1289 2694 in
1317 2640 1401 2694 his
1438 2639 1732 2693 dicendum
1762 2640 1785 2692 ?
1814 2638 1972 2704 Quod
2016 2637 2112 2707 qui

522 2738 593 2794 de
616 2752 726 2792 uno
741 2727 953 2790 dubitat
985 2748 1048 2788 ex
1085 2733 1152 2786 iis
1183 2746 1306 2802 quae
1344 2729 1491 2785 dicta
1519 2738 1668 2795 sunt,
1697 2728 1925 2798 atubigit
1968 2725 2112 2781 haud

525 2832 688 2887 dubie
714 2829 852 2884 etde
874 2829 1018 2892 aliis,
1060 2837 1248 2882 utrum
1278 2840 1310 2879 a
1337 2825 1522 2879 divina
1554 2822 1843 2879 traditiOne
1874 2821 2114 2875 habean—

526 2934 658 2988 tur;
693 2929 748 2976 ct
775 2935 888 2976 uno
917 2919 1154 2984 sublato,
1191 2917 1355 2973 simul
1385 2915 1700 2971 necessario
1740 2913 2013 2967 tolluntur
2059 2920 2115 2966 et

525 3016 738 3085 reliqua
764 3057 779 3083 ,
805 3024 859 3069 et
890 3028 1066 3082 neque
1101 3011 1397 3080 baptisma,
1433 3023 1615 3078 neque
1653 3006 1900 3078 synaxis,
1936 3019 2114 3073 neque

526 3108 776 3166 divinum
799 3115 1160 3177 unguentum,
1192 3117 1369 3172 neque
1423 3098 1782 3155 sacerdotalis
1821 3095 2060 3150 initiatio
2093 3134 2110 3160 ,

2219 1987 2310 2041 θεν
2355 1987 2626 2057 παρεδόθη
2662 1986 2908 2054 γίνεσθαί
2945 2003 3067 2038 τινα
3107 1987 3464 2056 Χριστιανὸνς
3509 1985 3568 2039 '0
3601 1987 3714 2058 γὰρ
3737 1987 3799 2040 τὸ

2217 2081 2485 2151 πρότερον
2527 2077 2940 2149 θεσμοθετήσας
2978 2078 3308 2149 ἀποστολικῇ
3343 2079 3668 2150 παραδόσει,
3705 2082 3801 2131 καὶ

2213 2173 2275 2225 τὸ
2329 2171 2581 2243 δεύτερον
2637 2171 2935 2238 ἐξέδωκεν,
2985 2169 3045 2234 ἓξ
3101 2172 3380 2241 μυστήρια
3433 2170 3796 2234 έκτεθεικὼς·

2217 2262 2454 2333 πρῶτον,
2489 2261 2622 2332 περὶ⁹
2642 2261 3014 2332 φωτίσματος·
3045 2260 3318 2332 δεύτερον,
3343 2263 3475 2333 περὶ
3499 2263 3798 2329 συνάξεως,

2215 2351 2314 2409 εἶτ’
2352 2351 2446 2409 οὖν
2481 2354 2766 2418 κοινωνίας
2789 2369 2802 2382 ·
2833 2354 3015 2424 τρίτον
3055 2356 3183 2423 περὶ
3213 2353 3433 2423 τελετῆς
3477 2356 3681 2425 μύρου·
3711 2356 3801 2408 τέη

2213 2466 2434 2521 ταρτον,
2476 2448 2606 2519 περ)⁸
2650 2447 2938 2518 ίερατικῶν
2973 2447 3332 2500 τελειώσεωνο
3359 2448 3634 2516 πέμπτον,
3673 2452 3800 2520 περὶ

2218 2539 2522 2612 μοναχικῆς
2560 2539 2895 2602 τελειώσεως
2922 2555 2939 2571 ο
2966 2539 3146 2604 ἕκτον,
3177 2539 3308 2610 περὶ
3334 2538 3443 2592 τῶν
3494 2540 3657 2610 ίερῶς
3707 2557 3800 2593 κε-

2215 2631 2589 2703 κοιμημένων.
2641 2631 2708 2685 Τί
2740 2630 2834 2684 οὖν
2864 2629 3012 2684 ἔστιν
3049 2631 3224 2683 εἰπεῖν
3266 2631 3325 2682 ὲν
3354 2633 3606 2695 τούτοιςς
3642 2631 3728 2684 ὅτι
3768 2633 3799 2684 ά

2214 2724 2578 2796 ἀμφισϐητῶν
2619 2725 2750 2794 περὶ
2793 2723 2914 2787 ἐνὸς
2956 2723 3066 2777 τῶν
3093 2724 3422 2795 εἰρημένων,
3463 2723 3799 2794 ἀμφιϐάλλει

2213 2819 2458 2891 δηλονότι
2509 2818 2605 2872 καὶ
2666 2817 2796 2888 περὶ
2839 2817 2948 2870 τῶν
2999 2816 3196 2884 ἄλλων,
3249 2820 3326 2889 μὴ
3381 2818 3797 2889 θεοπαραδότως

2215 2912 2392 2982 ἔχειν·
2435 2911 2530 2964 καὶ
2577 2910 2644 2981 τῇ
2692 2909 2786 2962 τοῦ
2837 2909 2955 2974 ἑνὸς
2998 2910 3278 2981 ἀναιρέσει
3327 2910 3695 2982 συνανῄρηται
3738 2910 3797 2975 ἐξ

2213 3004 2520 3074 ἀναγκαίου
2555 3004 2653 3057 καὶ
2689 3001 2758 3056 τὰ
2795 3003 2958 3058 λοιπά
2980 3020 2996 3033 ·
3021 3005 3116 3057 καὶ
3151 3005 3276 3058 οὔτε
3307 3005 3555 3076 ἱερατικὴ
3578 3004 3797 3056 τελείω-

2217 3117 2321 3165 σις,
2354 3099 2478 3154 οὒτε
2507 3100 2617 3154 τῶν
2652 3099 2814 3170 ἱερῶς
2851 3097 3270 3168 κεκοιμημένων
3317 3097 3652 3160 διατύπωσις
3685 3093 3795 3149 εἷεν

529 3215 710 3270 neque
739 3205 928 3254 sancte
962 3194 1359 3249 dormientium
1396 3187 1686 3261 dispositio
1714 3189 1821 3244 erit
1875 3188 2008 3253 ulla,
2064 3186 2111 3241 si

2219 3193 2306 3255 ἂν,
2353 3192 2514 3263 εἴπερ
2563 3192 2636 3262 μὴ
2680 3192 3009 3262 πάρεστινή
3058 3188 3324 3261 μοναχικὴ
3355 3191 3662 3254 τελείωσις*
3702 3190 3796 3244 καί

531 3309 639 3350 non
677 3293 819 3347 adsit
848 3290 1170 3344 monachica
1203 3286 1466 3356 perfectio
1499 3303 1515 3351 ;
1552 3292 1609 3340 et
1633 3283 1712 3338 uti
1751 3281 1978 3354 gentiles
2017 3296 2110 3334 sa-

531 3387 732 3458 pimus,
759 3393 814 3438 et
850 3381 992 3436 atbei
1025 3395 1219 3434 sumus
1248 3380 1299 3431 in
1334 3377 1541 3430 mundo
1563 3413 1579 3439 ,
1609 3389 1788 3442 neque
1815 3386 1967 3442 spem
2019 3369 2114 3423 ha-

530 3482 746 3535 bemus.
792 3475 944 3530 Talis
970 3461 1051 3528 est
1085 3467 1629 3541 quipropositionem
1656 3466 1798 3519 hanc
1845 3463 2053 3534 profert
2095 3479 2110 3516 :

534 3569 822 3625 Undenam
858 3572 1136 3632 sumptum
1202 3561 1274 3614 sit
1319 3557 1463 3628 quod
1539 3555 1738 3626 aliquis
1793 3554 1888 3608 tiat
1917 3566 2112 3606 mona-

529 3663 688 3726 chus.
711 3660 787 3714 Ac
816 3657 1055 3712 nondum
1078 3654 1204 3709 dico
1242 3650 1613 3722 pracellentes
1668 3663 1861 3702 omnes
1899 3647 2115 3701 divinos

532 3756 746 3818 Patres,
777 3760 832 3805 et
860 3747 1162 3806 monachos
1199 3746 1386 3809 fuisse,
1421 3751 1477 3797 et
1506 3741 1883 3797 monachicam
1914 3739 2111 3801 vitam,

529 3848 680 3902 velut
703 3843 1027 3914 angelicam,
1054 3839 1260 3893 divinis
1291 3835 1549 3891 laudibus
1573 3834 1764 3889 elIerre
1793 3850 1810 3894 ;
1850 3848 1882 3887 a
1909 3832 2112 3902 quibus

531 3947 587 3994 ct
646 3937 713 3992 de
742 3949 912 3989 sacra:
937 3929 1336 3986 vitwinstitutis
1369 3928 1572 3998 scripta
1605 3935 1826 3981 exstant
1875 3924 2112 3978 volumi—

533 4047 623 4088 na.
659 4027 813 4095 Quod
858 4027 902 4080 si
923 4027 1046 4094 quis
1074 4023 1318 4078 animum
1369 4019 1634 4082 advertat,
1682 4017 1922 4071 inveniet
1973 4014 2118 4068 divi-

535 4111 862 4192 numipsum
884 4117 1225 4189 Dionysium,
1258 4115 1324 4168 ad
1353 4113 1528 4167 instar
1556 4109 1925 4179 angelicorum
1958 4105 2113 4160 ordi-

535 4233 690 4283 num,
725 4227 777 4269 et
797 4212 1164 4268 sacerdotales
1195 4207 1418 4278 gradus,
1472 4213 1527 4259 et
1572 4219 1669 4258 eos
1708 4203 1802 4272 qui
1849 4211 2002 4256 extra
2030 4214 2120 4253 sa-

533 4310 861 4369 cerdotium,
897 4294 1010 4376 pari
1039 4317 1267 4359 numero
1285 4310 1393 4356 tres
1421 4299 1476 4354 itt
1507 4298 1729 4354 ordines
1751 4294 2115 4358 distribuere;

535 4398 774 4468 primum
805 4394 984 4448 adhuc
1016 4391 1416 4461 incipientium,
1446 4403 1544 4442 seu
1575 4386 2116 4447 catechumenorum;

534 4490 769 4544 alterum
813 4486 1250 4555 baptizatorum;
1291 4481 1514 4534 tertium
1572 4477 1894 4532 monachica
1944 4473 2119 4543 perle-

2216 3285 2388 3353 ἐσμεν
2419 3282 2762 3355 έθνόφρονες,
2791 3283 2941 3338 ἄθεοι
2970 3283 3122 3345 ὄντες
3151 3283 3210 3335 ὲν
3245 3283 3324 3354 τῷ
3350 3284 3559 3353 κόσμῳ,
3587 3283 3682 3336 καὶ
3707 3284 3810 3335 ἑλέ

2215 3378 2345 3431 πίδα
2380 3377 2455 3448 μὴ
2489 3377 2722 3447 ἔχοντες.
2760 3375 3013 3438 Τοιοῦτός
3040 3377 3186 3432 ἐστιν
3211 3375 3240 3427 ὁ
3267 3375 3364 3444 τὴν
3394 3377 3660 3445 πρότασιν
3681 3377 3793 3429 εισι-

2215 3471 2400 3537 ἀγων,
2446 3469 2506 3523 τὸ
2541 3470 2706 3523 πόθεν
2758 3459 3130 3541 παρείληπται
3171 3469 3429 3538 μονάζειν
3482 3470 3788 3540 ἄνθρωπον.

2215 3565 2327 3617 Καὶ
2353 3562 2506 3617 οὖπω
2534 3563 2698 3632 λέγω,
2722 3563 2804 3616 ὅτι
2839 3563 2933 3615 καὶ
2956 3563 3158 3626 πάντες
3188 3563 3236 3614 οἱ
3267 3563 3438 3632 ἔξοχοι
3463 3563 3574 3617 τῶν
3605 3564 3792 3632 θεοφό-

2218 3673 2328 3728 ρων
2357 3654 2636 3724 Πατέρων,
2664 3653 2759 3708 καὶ
2788 3655 3051 3724 μονασταὶ
3075 3655 3351 3722 γεγόνασι,
3382 3655 3476 3708 καὶ
3505 3656 3598 3708 τὸν
3630 3674 3792 3726 μονα-

2217 3749 2369 3818 χικὸν
2405 3748 2538 3818 βίον,
2573 3748 2648 3812 ὡς
2676 3747 2990 3816 ἀγγελικδν,
3016 3747 3354 3811 ὲκθειάξουσι
3375 3762 3388 3776 ·
3421 3749 3556 3817 πρὸς
3593 3742 3668 3802 ὧν
3698 3749 3792 3802 καὶ

2216 3840 2284 3892 τά
2307 3839 2681 3893 διατυπωτικά
2712 3838 2814 3909 τῆς
2845 3839 2997 3910 ἱερᾶς
3019 3837 3165 3907 ζωῆς
3199 3840 3628 3910 συγγράμματα.
3657 3841 3791 3893 Είδὲ

2216 3949 2324 3985 τινι
2362 3930 2484 3994 νοῦς
2529 3932 2784 4002 πάρεστι,
2828 3933 3044 3995 πάντως
3087 3932 3332 4003 εὑρήσει,
3367 3934 3458 3985 καὶ
3494 3933 3656 3987 αὐτὸν
3703 3934 3790 3987 τὸν

2219 4023 2360 4077 θεῖον
2401 4023 2699 4090 Διονύσιον,
2750 4025 2870 4088 πῶς
2912 4025 3053 4077 κατὰ
3091 4027 3218 4088 τοὺς
3251 4027 3578 4095 ἀγγελικοὺς
3611 4027 3789 4080 διακό-

2223 4131 2414 4185 σμους,
2449 4114 2544 4168 καὶ
2586 4116 2714 4178 τοὺς
2757 4115 3066 4185 ίερατικοὺς
3111 4115 3377 4186 βαθμοὺςε
3412 4123 3506 4168 καὶ
3534 4119 3659 4180 τοὺς
3689 4117 3790 4182 ἐξω

2222 4205 2544 4277 ἱερωσύνης,
2606 4204 2930 4276 ἰσαρίθμους
2986 4207 3133 4276 τρισί
3203 4207 3422 4270 τάξεσιν
3489 4209 3788 4278 ἀπένειμε*

2221 4298 2447 4369 πρώτην
2469 4299 2563 4352 καὶ
2593 4299 2980 4370 εἰσαγωγικὴν,
3005 4299 3113 4352 τῶν
3142 4299 3222 4352 ἑτι
3254 4302 3650 4370 μαιευομένων,
3679 4304 3789 4373 ἦτοι

2181 4388 2672 4458 ’κατηχουμένωνσ
2721 4387 2980 4457 δευτέραν
3033 4387 3142 4443 τῶν
3199 4391 3650 4458 πεφωτισμένων,
3701 4394 3789 4444 καὶ

2218 4481 2412 4552 τρίτην
2462 4480 2571 4534 τῶν
2619 4481 2929 4551 μοναχικῶς
2971 4481 3396 4552 τελειουμένων·
3451 4483 3544 4536 καὶ
3583 4484 3646 4536 τὸ
3682 4487 3788 4547 τοῖς

535 4584 717 4638 ctione
761 4578 1113 4651 prazditorum
1145 4593 1159 4629 :
1192 4576 1263 4630 iis
1288 4583 1470 4628 autem
1499 4587 1622 4642 quae
1662 4569 1954 4624 manifesta
1988 4578 2113 4622 sunt

2223 4576 2478 4648 ἐναργέσι
2526 4574 2816 4646 μάχεσθαι,
2868 4575 3208 4648 ἀναισθήτων
3259 4575 3428 4642 ἐστὶν,
3474 4577 3508 4648 ἢ
3560 4577 3782 4632 ἀϐαπτί-

538 4689 862 4746 repugnare,
896 4687 1064 4727 sensu
1087 4669 1396 4724 carentium
1424 4675 1508 4721 est
1536 4707 1552 4732 ,
1588 4674 1684 4719 aut
1728 4662 1954 4717 minime
1984 4662 2119 4732 bap-

538 4771 852 4824 tizatorum.

614 4861 864 4916 Secunda
907 4855 1209 4928 propositio
1242 4893 1258 4920 ,
1304 4852 1372 4908 de
1423 4850 1774 4906 infantibus:
1809 4847 1955 4919 quod
1995 4862 2124 4903 san-

2181 4689 2188 4696 “
2221 4685 2384 4724 στων.

2291 4851 2365 4906 Τὸ
2393 4850 2645 4920 δεύτερον
2671 4848 2984 4920 πρόϐλημα,
3017 4848 3149 4919 περὶ
3171 4847 3278 4902 τῶν
3303 4849 3532 4919 νηπίων,
3561 4850 3663 4915 ὅτι,
3687 4865 3783 4918 ση-

537 4963 661 5009 ctus
695 4950 931 5006 Basilius
957 4948 1011 5002 in
1051 4946 1278 5016 Regalis
1305 4943 1622 5015 praecipiat,
1645 4941 1814 5011 utqui
1850 4941 1919 4995 ad
1946 4938 2113 5009 legiti-

2223 4943 2329 5006 σὶν,
2356 4945 2385 4996 ὁ
2421 4941 2574 5010 ἅγιος
2606 4941 2880 5003 Βασίλειος
2913 4940 2970 4992 ἐν
2991 4942 3100 5002 τοῖς
3138 4938 3373 5014 κανόσιν
3394 4940 3676 5009 ἐπιτρέπει
3699 4941 3782 5009 ἐρ-

538 5060 684 5100 mam
721 5041 962 5112 pervenit
1001 5049 1238 5103 :rtalem,
1272 5038 1319 5092 si
1349 5036 1628 5107 virginalis
1650 5033 1980 5104 vitaejugutn
2010 5049 2119 5087 non

540 5135 700 5190 ferat.
731 5133 917 5186 habitu
969 5131 1229 5199 spolictur
1264 5146 1278 5194 ;
1331 5143 1436 5180 non
1470 5136 1554 5180 est
1585 5126 1678 5186 ita,
1713 5123 1808 5179 sed
1847 5123 2031 5177 omnia
2063 5123 2118 5176 in

540 5226 799 5292 omnibus
826 5223 1010 5278 divino
1041 5221 1271 5289 Spiritu,
1299 5229 1354 5274 et
1380 5229 1685 5288 opportune
1716 5218 1780 5271 ad
1810 5217 1999 5270 mundi
2027 5232 2121 5270 sa-

542 5321 707 5374 lutem
738 5314 1045 5382 constituit.
1083 5312 1150 5366 Et
1172 5329 1240 5367 ne
1261 5314 1349 5366 cui
1403 5311 1586 5365 veniat
1619 5311 1673 5363 in
1707 5319 1941 5382 mentem
2002 5324 2118 5362 me-

542 5414 650 5467 lius
684 5407 889 5480 aliquid
915 5422 1058 5470 esse,
1110 5405 1463 5476 quantumvis
1510 5395 1738 5458 meliora
1804 5401 2120 5471 insipientes

539 5505 762 5579 quidam
805 5511 1048 5558 statuere
1078 5507 1347 5572 conentur
1367 5539 1382 5566 ,
1429 5497 1544 5568 ipse
1575 5498 1640 5552 de
1676 5495 1780 5550 illis
1829 5495 1996 5566 etiam
2025 5492 2118 5576 qui

631 5643 676 5676 “
711 5641 730 5696 ι
760 5641 906 5698 Pctr.
943 5657 1022 5706 ut,
1060 5637 1144 5692 15.

2227 5037 2435 5108 χόμενα
2478 5037 2558 5098 εἰς
2593 5035 2694 5105 τὴν
2731 5033 2954 5104 ἔννομον
2985 5031 3224 5102 ἠλικίαν,
3251 5034 3300 5085 εί
3348 5032 3421 5103 μὴ
3457 5034 3672 5102 φέροιεν
3699 5032 3781 5084 τὸν

2228 5123 2392 5191 ζυγὸν
2445 5121 2545 5191 τῆς
2587 5123 2646 5174 ὲν
2695 5121 2963 5192 παρθενίᾳ
3007 5119 3177 5190 ζωῆς,
3228 5121 3776 5193 ἀποσχηματίζεσθαι,

2226 5216 2324 5284 οὑχ
2351 5213 2523 5277 οὕτως
2545 5227 2560 5243 ·
2600 5213 2736 5268 ἀλλά
2767 5213 3136 5282 νομοθετήσας
3180 5213 3358 5266 πάντα
3391 5218 3450 5267 ὲν
3489 5217 3621 5268 πᾶσι
3663 5214 3776 5281 θείῳ

2231 5305 2526 5375 Πνεὺματι,
2556 5307 2645 5357 καὶ
2679 5305 2958 5374 σωτηρίως
2999 5303 3076 5374 τῷ
3105 5303 3314 5374 κόσμῳ.
3346 5306 3455 5357 Καὶ
3493 5306 3566 5368 ὼς
3602 5306 3694 5358 οὐκ
3719 5305 3777 5356 ἂν

2228 5400 2584 5469 ἐπινοηθεῖεν,
2647 5396 2996 5467 βελτιώτερόν
3061 5413 3112 5448 τι
3166 5397 3449 5464 γίνεσθαι,
3493 5400 3590 5452 κᾶν
3651 5412 3776 5455 τινες

2229 5489 2617 5566 ἀφρονεύοντες
2673 5487 2969 5560 πειρῶνται
3009 5487 3080 5542 τά
3122 5489 3408 5557 κρείττονα
3454 5488 3772 5560 νομοθετεῖν·

2095 5737 2324 5794 NOTAE.
3776 5731 3784 5782 Ι

619 5876 752 5939 (δῖ’)
785 5873 936 5928 llanc
975 5867 1216 5938 Dionysii
1243 5873 1297 5921 et
1327 5860 1600 5926 Theodori
1633 5855 1956 5928 sententiam
2001 5855 2236 5926 explicat
2269 5852 2628 5922 LeoAllatius
2657 5851 2753 5906 lib.
2783 5866 2844 5904 Ill
2874 5849 2950 5906 De
2976 5865 3258 5918 consensu,
3295 5867 3413 5922 cap.
3463 5849 3543 5906 16.
