4102 6374
405 378 544 444 1525
1580 352 2127 429 EPISTOLARUM
2171 367 2319 430 LIB.
2353 362 2455 434 III.
3510 357 3655 423 1526

397 487 561 552 αὐτὸς
599 482 694 539 καὶ
733 481 866 554 περὶ
895 479 1004 535 τῶν
1029 479 1138 534 ἀπὸ
1163 475 1388 549 πρώτης
1413 473 1630 546 ἡλικίας
1661 483 1965 545 προσερχο-

2088 494 2095 529 ι
2126 475 2301 544 prima
2323 481 2484 531 aetate
2504 469 2750 536 veniunt,
2774 467 3048 541 quomodo
3067 465 3286 539 regendi
3314 465 3446 532 sint,
3467 466 3641 536 legem

401 580 600 654 μένων,
627 576 741 638 τοῖς
775 571 1240 641 ἀναδεδεγμένοις,
1267 567 1359 621 τὸν
1400 567 1498 636 τῆς
1535 565 1834 636 ἡγεμονίας
1878 560 1968 616 θε-

2088 566 2402 636 iraescripsit
2452 564 2522 621 iis
2544 563 2638 635 qui
2673 563 2822 633 ipsos
2877 559 3240 630 receperint:
3301 558 3466 629 idque
3509 558 3646 612 liber

400 653 539 742 σμδν
567 664 960 737 νενομοθέτηκε
984 683 998 696 ·
1029 661 1123 717 καὶ⁹
1148 661 1182 731 ἡ
1211 659 1392 731 βίϐλος
1415 657 1593 731 δηλοῖ,
1623 657 1717 712 καὶ
1747 656 1810 710 τὸ
1843 655 1966 710 κατ’

2088 659 2322 732 :xplicat,
2361 666 2416 714 et
2447 665 2510 712 ut
2539 657 2750 727 singula
2791 655 2881 708 hic
2907 655 2976 708 ad
3039 654 3266 708 verbum
3325 653 3647 718 recitentur,

399 763 530 825 ἔπος
570 759 752 826 λέγειν
786 753 1020 809 ἐνταῦθα
1067 752 1167 805 οὐκ
1215 749 1474 820 ὲπαρκές.
1520 747 1666 820 Πλὴν
1699 749 1783 802 ὅτι
1829 747 1970 818 μετά

2088 768 2284 823 .empus
2312 766 2420 806 non
2453 749 2704 806 sulliciat.
2727 747 3019 812 Caeterum,
3045 745 3139 801 ubi
3161 745 3325 816 plane
3358 754 3648 813 compotes

399 853 496 925 τὴν
527 848 919 920 συμπλήρωσιν
957 841 1052 897 τοῦ
1085 842 1269 912 λόγου,
1307 842 1474 913 ἤγουν
1503 840 1611 894 ἀπὸ
1648 839 1971 894 ἑκκαιδεκα-

2088 844 2302 899 -ationis
2328 843 2439 912 jam
2472 850 2619 905 sunt,
2651 833 2768 894 hoc
2804 847 2888 894 est
2917 837 2985 892 ab
3025 851 3169 892 anno
3205 835 3378 891 aetatis
3431 836 3647 891 decimo

399 943 571 1004 ετίας,
605 938 698 992 καὶ
723 936 884 1007 πρὸς,
911 933 1026 1006 μεθ’
1057 925 1132 986 ὧν
1160 933 1258 986 καὶ
1285 934 1444 1002 τιμαὶ
1471 931 1564 985 καὶ
1584 929 1866 1002 τιμωρίαι,
1895 929 1972 993 ῶς

2088 946 2227 993 sexto
2255 945 2310 991 et
2331 934 2496 998 ultra,
2529 942 2659 988 tunc
2685 945 2809 987 cum
2850 940 2903 984 et
2932 930 3172 984 honores
3211 937 3268 984 et
3324 942 3499 999 paena:
3559 926 3650 982 lo-

401 1023 751 1102 φησινάὐτός
773 1040 789 1056 ⁸
819 1026 950 1096 περὶ
983 1022 1162 1078 αὐτῶν
1189 1021 1538 1092 ἑκκρίνεσθαι
1561 1021 1690 1086 δεῖν,
1722 1021 1818 1075 καὶ
1846 1036 1971 1076 συν-

2088 1043 2196 1086 :um
2227 1026 2449 1092 habent,
2493 1033 2552 1080 ιιι
2596 1025 2712 1094 ipse
2763 1023 2870 1088 ait,
2893 1023 2960 1078 de
2993 1021 3102 1077 illis
3131 1020 3322 1086 statui,
3359 1029 3415 1076 et
3451 1019 3650 1075 frater-

399 1121 667 1178 ἀπτεσθαι
694 1121 814 1181 ταῖς
842 1115 1164 1187 ἀδελφότησι
1191 1114 1279 1168 διά
1303 1115 1403 1185 τῆς
1431 1113 1730 1185 μοναχικῆς
1752 1111 1973 1167 τελειώ-

2088 1120 2230 1176 titati
2276 1120 2425 1188 ipsos
2448 1131 2546 1187 per
2583 1114 2958 1170 monachicam
2987 1111 3377 1183 perfectionem
3425 1109 3650 1181 adjungi

405 1229 543 1276 σεως
576 1209 946 1282 προστέταχε’
980 1205 1078 1260 καὶ
1113 1205 1298 1260 ἔκτοτε
1336 1203 1793 1276 μετατιθεμένους
1835 1204 1974 1275 πρὸς

2088 1213 2258 1267 ’ubet:
2286 1225 2354 1266 ex
2375 1224 2549 1280 eoque
2577 1216 2841 1277 tempore,
2876 1206 2922 1260 si
2959 1220 3056 1274 per
3085 1203 3388 1274 improbam
3416 1217 3655 1258 conver-

401 1303 493 1356 τὸν
521 1298 835 1354 κοινωνικὸν
859 1297 993 1369 βίον,
1016 1297 1075 1365 ἐξ
1096 1297 1409 1366 ἀνατροπῆς
1434 1297 1698 1368 πονηρᾶς,
1723 1295 1856 1368 μηδὲ
1879 1295 1974 1349 θύ-

2088 1305 2283 1361 tionem
2315 1303 2485 1358 velint
2516 1300 2583 1354 ad
2619 1313 2964 1355 communem
3001 1298 3168 1352 vitam
3194 1293 3517 1360 transferri,
3549 1308 3654 1348 nec

406 1411 507 1468 ραν
533 1391 847 1462 ἀνοίγεσθαι
888 1391 1076 1454 αὐτοῖς
1114 1390 1256 1445 κατά
1295 1389 1457 1462 ψιλὴν
1493 1389 1791 1461 παράδοσιν
1812 1387 1970 1460 [Cet].

2088 1397 2298 1462 ianuam
2332 1394 2467 1458 illis,
2502 1393 2666 1449 etiam
2717 1391 2947 1446 minimo
2994 1397 3118 1460 post
3137 1397 3406 1457 tempore,
3451 1383 3654 1454 aperiri

404 1487 539 1558 Reg.
573 1482 847 1557 περίοδον]
896 1481 956 1549 ἐξ
983 1475 1058 1536 ὧν
1081 1483 1398 1554 ἀπέστησαν
1421 1482 1763 1536 κεκέλευκεν.
1789 1481 1977 1534 Ἔνδο-

2088 1487 2247 1542 voluit
2284 1495 2343 1541 ut
2368 1485 2435 1541 ad
2463 1500 2529 1541 ea
2554 1483 2780 1539 redeant
2807 1497 2929 1552 qua:
2961 1481 3321 1550 reliquerunt.
3368 1476 3514 1530 lntra
3566 1474 3655 1530 di-

403 1579 497 1634 θεν
543 1577 601 1631 δὲ
644 1576 738 1630 τοῦ
773 1574 1171 1647 προειρημένου
1214 1574 1390 1638 ἔτους,
1431 1575 1478 1627 εί
1508 1573 1585 1646 μὴ
1614 1573 1977 1644 αἱρουμένους

2088 1589 2225 1637 ctum
2260 1589 2440 1634 autem
2487 1591 2719 1640 annum,
2743 1575 2836 1645 qui
2873 1589 2981 1628 non
3027 1572 3293 1641 elegerint
3330 1571 3498 1624 vitam
3543 1567 3658 1621 vir-

403 1669 496 1726 τὸν
544 1671 603 1724 ὲν
651 1667 922 1739 παρθενίᾳ
963 1667 1100 1736 βίον,
1135 1666 1170 1738 ἢ
1204 1667 1300 1722 καὶ
1325 1667 1704 1737 αἱρουμένους,
1733 1665 1870 1721 ἀλλὰ
1901 1665 1978 1738 μὴ

2088 1670 2335 1742 ginalem,
2363 1675 2458 1722 aut
2481 1666 2742 1737 elegerint
2768 1664 3009 1734 quidem,
3041 1661 3135 1716 sed
3165 1659 3234 1715 ad
3275 1660 3402 1716 vitae
3463 1672 3661 1712 mone-

406 1761 664 1824 θέλοντας
695 1757 1128 1828 καταρτισθῆναι
1174 1757 1314 1829 πρὸς
1341 1757 1441 1830 τὴν
1473 1757 1772 1830 μοναχικὴν
1795 1757 1940 1828 ζωὴν
1959 1796 1975 1823 ,

405 1849 821 1922 ἀποκρίνεσθαι,
849 1849 942 1902 καὶ
967 1848 1392 1918 ἀποπέμπεσθαι
1425 1849 1507 1914 είς
1535 1849 1626 1904 τὸν
1658 1848 1975 1904 κοινωνικὸν

408 1946 523 2017 βίον
555 1959 570 1974 '
622 1943 696 2006 ὡς
746 1941 821 2012 μὴ
865 1941 1042 2011 ὀνείδη
1117 1940 1452 1996 ἀνάπτεσθαι
1510 1939 1588 2012 τῷ
1651 1941 1782 2014 ἱερῷ
1853 1941 1972 2014 βίῳ.

407 2036 562 2108 |Cod.
591 2033 723 2104 Reg.
739 2032 1075 2086 ἀνάπτεσθαι
1093 2034 1216 2094 ταῖς
1234 2033 1558 2103 ἀποτυχίαις
1579 2033 1657 2106 τῷ
1676 2033 1805 2105 ἱερῷ
1825 2032 1974 2106 βίῳ].

407 2127 595 2182 Ταῦτα
621 2125 679 2179 δὲ
702 2126 822 2178 ἐπεὶ
852 2125 913 2177 οὐ
949 2125 1166 2188 πάντως
1197 2124 1437 2192 γίνονται
1462 2124 1520 2177 ἓν
1545 2142 1654 2178 τισι
1681 2123 1863 2188 καθὼς
1892 2126 1979 2178 ὲν-

407 2219 682 2283 τέταλται,
719 2216 856 2272 ἀλλά
907 2215 1260 2287 ἀποκείρουσι
1307 2216 1660 2288 νηπιόθενοῆ
1707 2217 1805 2271 καὶ
1840 2217 1982 2271 κατά

408 2309 627 2382 ἡλικίαν
661 2307 903 2376 ἔννομον,
952 2307 1068 2360 ἀλλ’
1090 2305 1151 2360 οὐ
1177 2307 1444 2378 νομίμως,
1473 2310 1569 2363 καὶ
1611 2313 1984 2382 κατηρτισμέ..

410 2418 551 2464 νωςο
585 2401 676 2454 διά
711 2399 870 2452 τοῦτο
903 2398 970 2451 τά
993 2399 1107 2454 ἄνω
1147 2399 1300 2453 κάτω
1323 2414 1339 2429 ’
1371 2402 1466 2454 καὶ
1511 2402 1690 2472 ἱερεὺς
1721 2402 1818 2457 καὶ
1848 2421 1983 2476 προ-

413 2495 597 2566 φήτης
620 2492 936 2562 ὲεἰέστησιιν,
965 2490 1107 2544 κατὰ
1133 2491 1194 2544 τὸ
1219 2492 1607 2563 γεγραμμένον
1627 2509 1642 2524 ⁸
1672 2495 1768 2548 καὶ
1795 2496 1985 2566 μυριό-

409 2581 561 2647 δοξος
591 2581 910 2651 παράδοσις,
952 2580 1049 2634 καὶ
1097 2581 1417 2652 αὐτόκριτος
1461 2584 1771 2654 νομοθεσία,
1807 2587 1867 2639 οὐ
1896 2586 1986 2640 διὰ

379 2669 617 2740 «φιλίαν,
656 2669 792 2722 ἀλλά
845 2669 934 2722 διά
969 2668 1366 2740 φιλαργυρίανο
1393 2670 1511 2723 οὐδὲ
1549 2671 1638 2726 διὰ
1690 2674 1984 2744 σωτηρίαν,

413 2762 548 2816 ἀλλά
581 2761 669 2814 διὰ
702 2761 1062 2833 φιλοκερδίαν.
1091 2761 1199 2814 Καὶ
1232 2761 1369 2832 πρὸς
1399 2761 1574 2815 ταῦτα
1605 2763 1717 2832 ἐγὼ
1757 2765 1786 2818 ὀ
1818 2765 1987 2826 τάλας

414 2853 804 2926 ἀποκρίνεσθαι
833 2853 934 2906 οὐκ
965 2852 1094 2924 ἔχω,
1129 2853 1162 2924 ἢ
1186 2853 1393 2907 στένειν
1424 2855 1520 2908 καὶ
1549 2855 1985 2926 σκυθρωπάζειν,

418 2947 512 2999 καὶ⁸
529 2946 627 3008 τάς
653 2943 863 2998 ἑαυτῶν
888 2944 1161 3016 ἁμαρτίας
1186 2944 1504 2999 ἀποκλαίειν
1523 2960 1538 2976 ·
1563 2947 1627 3000 σὺ
1650 2948 1709 3002 δὲ
1733 2948 1986 3020 σωθείης,

421 3039 608 3092 τέκνον
640 3038 830 3108 ἠγαπη
839 3037 1018 3108 μένον.
1712 3045 1714 3048 '

625 3151 809 3220 PEG'.
837 3151 950 3223 (58)
970 3182 1042 3192 —
1064 3152 1399 3220 Θεοκτίστῳ
1422 3153 1692 3226 ἐρημίτῃ.
1721 3157 1870 3234 [ipsa]

2077 1762 2248 1819 chicze
2273 1759 2662 1832 perfectionem
2696 1756 2873 1812 nolint
2896 1753 3226 1810 contendere
3257 1793 3274 1819 ,
3317 1751 3420 1806 hos
3445 1749 3658 1806 secerni

2078 1855 2233 1927 jubet
2262 1863 2314 1909 et
2347 1853 2412 1906 ad
2445 1865 2792 1907 communem
2828 1847 2994 1902 vitam
3048 1845 3354 1907 amandari,
3382 1859 3448 1898 ne
3489 1855 3660 1896 sacrae

2079 1948 2206 2002 vitae
2234 1944 2512 2000 infamiam
2543 1943 2786 1997 inurant.
2806 1939 2938 2007 Quae
2963 1937 3222 2010 quoniam
3249 1937 3306 1990 in
3331 1934 3660 2006 quibusdam

2079 2056 2190 2096 non
2215 2040 2291 2096 ita
2319 2051 2546 2109 prorsus
2567 2035 2704 2090 ﬁunt
2731 2042 2791 2088 ut
2829 2040 3096 2104 praecepta
3133 2036 3283 2095 sunt,
3318 2026 3412 2082 sed
3437 2025 3664 2081 tonden-

2083 2144 2172 2190 tur
2201 2131 2270 2186 ab
2295 2128 2520 2184 infantia
2551 2145 2565 2195 ;
2607 2135 2700 2181 aut
2724 2125 2771 2180 si
2801 2123 3040 2195 legitima
3075 2129 3257 2187 aetate,
3297 2126 3354 2174 at
3380 2132 3487 2173 non
3523 2118 3662 2188 legi-

2081 2226 2216 2280 time
2251 2231 2306 2278 et
2333 2219 2568 2292 perfecte
2607 2236 2623 2286 ;
2679 2225 2966 2287 propterea
3011 2227 3215 2283 susque
3252 2211 3429 2280 deque
3453 2210 3661 2270 omnia,

2082 2328 2138 2375 et
2170 2299 2425 2373 sacerdos
2464 2324 2520 2370 et
2567 2315 2829 2385 prOpheta
2874 2321 3054 2366 mente
3084 2307 3306 2365 alienati
3333 2317 3484 2372 sunt,
3520 2303 3666 2360 sicut

2084 2407 2352 2477 scriptum
2404 2411 2489 2462 est
2513 2403 2597 2482 ’,⁸,
2633 2412 2688 2458 et
2737 2415 2969 2456 numero
3019 2398 3231 2454 inlinita
3278 2394 3503 2450 traditio
3561 2405 3666 2462 pro

2085 2498 2312 2554 arbitrio
2344 2495 2630 2565 cujusque,
2663 2503 2718 2548 et
2743 2507 2906 2562 quam
2947 2504 3050 2544 suo
3071 2489 3303 2560 quisque
3329 2485 3537 2557 judicio
3556 2485 3667 2538 tin-
3726 2514 3729 2516 ›

2085 2591 2164 2662 git
2191 2589 2484 2660 legislatio,
2524 2601 2632 2640 non
2665 2577 2746 2642 ex.
2781 2583 3096 2648 dilectione,
3135 2581 3230 2636 sed
3258 2595 3323 2635 ex
3375 2577 3606 2632 avaritia
3643 2591 3662 2632 :

2088 2696 2264 2751 neque
2297 2677 2512 2745 salutis,
2551 2676 2644 2734 sed
2674 2675 2810 2731 lucri
2846 2673 3054 2730 studio.
3089 2673 3155 2726 Et
3182 2669 3251 2725 ad
3274 2669 3390 2723 haec
3425 2681 3526 2738 ego
3560 2664 3666 2720 mi-

2089 2790 2179 2831 ser
2207 2773 2338 2846 quid
2362 2769 2718 2840 respondeam
2752 2783 2860 2823 non
2888 2766 3061 2820 habeo
3096 2805 3111 2831 ,
3135 2762 3240 2817 nisi
3275 2771 3334 2815 ut
3361 2765 3594 2830 gemant-
3609 2766 3670 2812 et

2088 2870 2409 2933 tristenlur,
2439 2873 2494 2922 et
2522 2878 2621 2920 sua
2655 2863 2898 2932 ipsorum
2929 2868 3149 2931 peccata
3176 2854 3408 2911 deﬂeant
3439 2871 3452 2908 :
3490 2861 3544 2908 tu
3575 2864 3669 2908 ve-

2089 2979 2152 3017 ro
2183 2961 2366 3016 salvus
2389 2958 2490 3027 sis,
2515 2956 2592 3013 ﬁli
2625 2955 2844 3012 dilecte.

2393 3199 2396 3202 .
2458 3151 3057 3212 CLXVl.—Theoctisto
3085 3150 3357 3210 εγειηίιω..

1273 3265 1352 3316 De
1375 3265 1586 3318 diversis
1608 3271 1914 3334 argumentis
1934 3287 1948 3324 :
1971 3279 2025 3325 et
2042 3273 2098 3324 in
2118 3273 2215 3322 fine
2235 3271 2299 3322 de
2317 3268 2470 3320 sacris
2490 3263 2807 3328 imaginibus.

487 3365 787 3435 Δεξάμενος
834 3364 896 3418 τὸ
935 3368 1313 3437 γραμματεῖον
1361 3369 1462 3440 τῆς
1503 3372 1822 3444 τιμιότητός
1865 3391 1983 3436 σου.

2158 3373 2382 3428 Brevem
2411 3370 2697 3440 epistolam
2749 3367 3084 3421 reverentia)
3153 3374 3442 3422 tumcum
3505 3381 3687 3425 nece...

415 3461 516 3516 καὶ
554 3461 820 3526 ἀναγνοὺς
863 3460 944 3521 είς
975 3460 1210 3530 ἐπήκοον
1256 3460 1352 3513 τοῦ
1387 3462 1801 3532 θεοφιλεστάτου
1830 3467 1988 3540 ἀρχι-

421 3552 720 3606 επισκόπου
741 3552 836 3604 καὶ
863 3550 1091 3620 ἀδελφοῦ
1119 3568 1242 3621 μου,
1273 3553 1388 3623 ἅμα
1415 3556 1529 3618 τοῖς
1559 3555 1808 3612 συνοῦσιν
1832 3559 1988 3614 ἀδελ-

420 3647 539 3714 φοῖς
559 3659 575 3676 ο
605 3642 984 3714 ηὑχαρίστησα
1025 3644 1055 3696 ὀ
1079 3643 1336 3708 ταπεινὸς
1358 3644 1437 3715 τῷ
1468 3646 1658 3719 Κυρίῳ
1681 3690 1698 3715 ,
1723 3649 1782 3712 ὃς
1809 3651 1989 3708 ἔκλινε

419 3737 518 3807 τὴν
550 3733 782 3805 καρδίαν
819 3751 914 3788 σου
942 3735 1148 3805 γράψαι
1174 3735 1352 3808 ὀρθῶς
1372 3738 1435 3790 τὸ
1459 3739 1557 3810 τῆς
1583 3740 1818 3804 πίστεως
1847 3741 1989 3814 σύμ-

423 3828 600 3884 ϐολον.
634 3827 708 3880 Τὸ
741 3827 850 3898 γάρ
881 3827 1166 3898 ὁμολογεῖν
1207 3827 1458 3899 δέχεσθαι
1495 3831 1598 3901 τὴν
1624 3833 1866 3887 Παλαιὰν
1893 3836 1992 3888 καὶ

419 3921 566 3974 Νέαν
595 3919 894 3990 Διαθήκην,
923 3921 1018 3972 καὶ
1052 3919 1232 3973 πάντα
1259 3922 1328 3974 τά
1357 3921 1463 3974 ὑπὸ
1486 3922 1597 3976 τῶν
1625 3923 1798 3992 ἁγίων
1814 3926 1989 3980 Πατέ-

423 4028 532 4080 ρων
560 4011 967 4084 παραδεδομένα
981 4014 1049 4082 τῇ
1076 4011 1375 4083 Ἐκκλησία
1395 4013 1489 4066 τοῦ
1513 4015 1672 4081 Θεοῦ,
1692 4018 1992 4085 κεφαλαιω-

420 4102 527 4164 δῶς
546 4104 579 4172 ἡ
611 4103 840 4174 ὀρθότης
867 4103 984 4156 ἐστὶ
1013 4105 1112 4174 τῆς
1147 4103 1404 4168 πίστεως.
1448 4105 1666 4178 Ἐπειδὴ
1697 4107 1755 4161 δὲ
1783 4110 1990 4180 αἱρετι-

418 4199 537 4257 κοίς
584 4193 699 4247 ἐστι
743 4193 916 4247 ταῦτα
950 4193 1151 4263 λέγειν,
1197 4195 1258 4248 οὐ
1306 4195 1412 4267 μὴν
1445 4199 1794 4269 εὑρίσκεσθαι
1846 4206 1991 4258 κατὰ

419 4287 546 4348 τοὺς
595 4284 786 4354 λόγους
833 4285 1012 4339 αὐτῶν
1053 4286 1481 4357 ὀρθοτομοῦντας
1544 4291 1634 4347 τὸν
1681 4293 1840 4362 λόγον
1887 4296 1991 4367 τῆς

420 4375 678 4446 ἀληθείας
697 4393 712 4409 ο
743 4376 830 4429 διὰ
855 4375 1013 4430 τοῦτο
1035 4376 1186 4448 παρὰ
1209 4378 1318 4433 τῶν
1343 4381 1703 4451 πεμφθέντων
1725 4385 1988 4455 ἀδελφῶν,

421 4467 519 4522 καὶ
548 4467 784 4538 μάλιστα
811 4466 962 4538 παρά
987 4466 1081 4521 τοῦ
1103 4467 1249 4523 assa
1272 4471 1624 4546 Σωσιπάτρου
1651 4476 1992 4550 ὲπεζητήσα-

424 4577 526 4631 μεν
552 4561 614 4613 τὸ
641 4559 889 4630 ἀκριϐὲς,
912 4559 1057 4612 καθὰ
1083 4563 1178 4615 καὶ
1204 4563 1478 4634 ἐζήτησας
1510 4567 1567 4619 ὲν
1594 4569 1706 4631 τοῖς
1731 4571 1992 4640 γράμμα-

423 4666 509 4701 σι·
537 4649 626 4702 διὰ
655 4649 714 4702 τὸ
746 4648 821 4718 μὴ
845 4647 1022 4702 πάντα
1049 4650 1312 4720 ἐγχωρεῖν
1337 4652 1704 4721 ἀπαγγέλλειν
1737 4658 1838 4724 τὴν
1869 4659 1990 4709 ἑπι-

421 4739 644 4810 στολήν.
678 4741 772 4792 καὶ
796 4738 1028 4810 εθρομεν
1059 4741 1242 4811 χάριτι
1264 4743 1524 4813 Χριστοῦ,
1552 4721 1988 4815 ἀπαγγέλλοντας
2021 4721 2064 4776 D

419 4831 617 4894 αὐτοὺς
648 4829 992 4902 ὀρθοφρόνως
1021 4831 1091 4886 τά
1116 4833 1268 4904 παρά
1313 4833 1409 4886 σοῦ
1443 4836 1627 4902 αὐτοῖς
1657 4839 1988 4910 παρατιθέν-

417 4939 508 4975 τα.
537 4921 672 4975 Τίνα
701 4922 758 4975 δὲ
786 4921 994 4990 ταῦτα;
1038 4922 1147 4976 δεῖν
1176 4926 1236 4978 ὲν
1259 4926 1574 4994 κεφαλαίοις
1606 4929 1988 5002 ἐπισημανθῆ-

425 5030 536 5066 ναι.
568 5011 791 5082 Πρῶτον
820 5013 948 5083 περὶ
974 5015 1073 5084 τῆς
1099 5015 1262 5084 ἁγίας
1286 5016 1549 5072 Θεοτόκου
1567 5035 1581 5050 ·
1613 5023 1744 5089 φασὶ
1773 5021 1878 5094 γὰρ
1902 5023 1991 5078 λέ-

423 5117 544 5170 γειν
591 5118 672 5167 σε,
714 5102 799 5155 ὃτι
844 5102 950 5172 πρὸ
994 5103 1106 5159 τῶν
1155 5105 1370 5160 αἰώνων
1423 5108 1778 5178 ήΠαρΟένος.
1821 5111 1992 5165 Τοῦτο

423 5191 611 5265 ἐπειδὴ
648 5193 880 5264 ἀρνῆσαι
934 5194 1070 5265 μήτε
1122 5195 1321 5266 λέγειν,
1354 5199 1493 5270 μήτε
1521 5199 1577 5254 δὲ
1613 5204 1848 5272 φρονεῖν,
1875 5204 1992 5258 ἀλλ’

416 5285 698 5354 ὁμολογεῖν
725 5285 786 5350 ἐξ
817 5285 1007 5356 ἀνδρὸς
1029 5287 1124 5341 καὶ
1154 5290 1416 5356 γυναικὸς
1456 5293 1710 5364 Ἱωακεὶμ
1745 5295 1841 5348 καὶ
1862 5297 1993 5349 Ἀν-

419 5393 528 5447 νης.
551 5375 811 5447 τετάχθαι
833 5377 1024 5447 αὐτὴν,
1059 5375 1119 5432 εὖ
1151 5379 1217 5434 ἂν
1250 5381 1384 5453 ἔχοι.
1415 5384 1698 5458 Δεύτερον,
1731 5389 1862 5460 περὶ
1895 5390 1990 5442 τοῦ

421 5467 646 5536 Κυρίου,
688 5467 772 5521 ὅτι
818 5467 917 5522 οὐκ
955 5469 1297 5542 ἐσταυρώθη.
1347 5473 1565 5550 Ἐπειδὴ
1609 5477 1667 5532 δὲ
1708 5479 1990 5550 ὁμολογεῖς

512 5581 560 5614 ⁸⁸
635 5581 740 5639 lsa.
823 5596 1034 5646 xxvm,
1091 5582 1143 5636 7.

2089 3469 2314 3538 pissem,
2349 3465 2710 3535 legissemque
2741 3460 2996 3516 audiente
3035 3457 3130 3513 Dei
3171 3459 3552 3516 amantissimo
3582 3477 3673 3516 ar-

2088 3561 2437 3628 chiepiSCOpo
2474 3567 2528 3612 et
2555 3556 2894 3618 fratremeo,
2938 3569 3042 3606 una
3079 3569 3204 3609 cum
3247 3554 3511 3610 fratribus
3571 3557 3695 3627 qui.

2089 3653 2350 3716 aderant;
2381 3650 2612 3704 Domino
2661 3649 2884 3704 humilis
2912 3665 3013 3718 ego
3062 3647 3266 3717 gratias
3309 3648 3418 3716 egi,
3459 3648 3684 3717 quicor.

2091 3753 2242 3798 tuum
2273 3741 2493 3802 inﬂexit,
2526 3751 2586 3794 ut
2611 3741 3242 3811 tideisymbolum..recte
3272 3739 3667 3808 perscriberes.
3693 3794 3698 3798 .

2091 3833 2243 3899 Quod
2277 3833 2421 3888 enim
2455 3833 2734 3888 confiteris
2781 3841 2854 3883 te
2890 3827 3068 3882 Vetus-
3113 3825 3439 3896 Novutnque
3477 3827 3671 3882 Testa-

2092 3935 2332 3980 mentum
2366 3923 2629 3992 recipere,
2672 3921 2945 3990 simulque
2997 3918 3191 3974 omnia,
3225 3933 3349 3988 quae
3398 3934 3429 3971 a
3462 3919 3668 3974 sanctis

2089 4017 2344 4072 Pati-ibus
2373 4015 2570 4069 tradita
2597 4023 2727 4068 sunt
2759 4011 3017 4068 Ecclesia:
3039 4009 3156 4077 Dei,
3185 4021 3332 4065 recta
3377 4017 3464 4065 est
3503 4017 3670 4079 atque

2090 4109 2278 4163 omnia
2333 4107 2572 4164 breviter
2623 4105 2994 4175 complectens
3052 4101 3173 4158 fidei
3204 4101 3495 4171 professio.
3560 4098 3670 4156 Sed

2089 4200 2217 4268 quia
2251 4197 2484 4252 haeretici
2515 4196 2676 4252 etiam
2701 4195 2819 4250 haec
2847 4194 3028 4250 dicere
3057 4193 3258 4256 solent,
3323 4208 3426 4248 nec
3481 4201 3666 4248 tamen

2090 4299 2260 4356 recte,
2291 4298 2354 4344 ut
2372 4289 2474 4360 ipsi
2504 4289 2735 4359 iactant,
2791 4288 3035 4342 veritatis
3064 4287 3367 4342 doctrinam
3387 4286 3668 4356 explicate

2089 4381 2614 4452 deprehenduntur:
2668 4380 2876 4436 idcirco
2951 4379 3021 4434 ab
3072 4379 3140 4435 iis
3199 4379 3292 4450 qui
3336 4379 3670 4436 missi..sunt

2090 4473 2374 4536 fratribus,
2395 4470 2740 4540 maximeque
2763 4469 2832 4524 ab
2872 4467 3069 4524 abbate
3119 4467 3402 4538 Sosipatro
3432 4484 3548 4526 rem
3569 4484 3667 4524 ent-.-

2089 4565 2416 4634 quisivimus
2438 4607 2454 4628 ,
2489 4563 2949 4634 quemadmodum
2979 4562 3102 4632 ipse.
3130 4576 3225 4630 per
3250 4561 3462 4616 litteras
3481 4571 3672 4632 postu-

2091 4660 2236 4713 larns
2264 4674 2284 4720 ς
2326 4672 2394 4712 eo
2420 4656 2569 4726 quod
2588 4655 2781 4710 omnia
2814 4655 3102 4709 enuntiare
3126 4669 3230 4709 non
3255 4664 3440 4722 posset
3463 4655 3670 4723 episto-

2095 4749 2142 4802 la
2170 4747 2522 4816 ;Cbristique
2559 4745 2838 4801 beneﬁcio'
2883 4744 3286 4815 comperimus,
3353 4745 3690 4800 orthodoxe»

2093 4839 2330 4908 abipsis
2372 4838 2565 4894 referri
2617 4853 2742 4908 qua:
2759 4845 2815 4893 tu
2837 4837 2947 4892 illis
2977 4837 3351 4893 commiseras.
3403 4837 3667 4904 Quaenam

2095 4933 2211 4988 haec
2249 4939 2379 4987 sunt
2413 4931 2436 4985 ?
2462 4945 2688 4987 necesse
2710 4930 2967 4987 enim.est
2995 4928 3494 4998 utcacapitulatim
3521 4929 3669 4985 desi-

2095 5030 2360 5092 gnentur.
2386 5020 2656 5084 Primum,
2709 5021 2777 5076 de
2807 5027 2996 5076 sancta
3026 5018 3260 5088 Deipara
3280 5038 3302 5074 .-
3339 5019 3494 5074 aiunt
3518 5019 3667 5075 enim

2093 5113 2277 5168 dicere
2321 5123 2396 5179 te,
2453 5111 2730 5182 Virginem
2770 5119 2898 5166 ante
2947 5110 3485 5169 saecula.exstitisse.
3549 5109 3668 5166 Hoc

2093 5205 2221 5276 quia
2248 5219 2415 5276 negas
2445 5213 2498 5258 te
2517 5203 2603 5258 vel
2630 5203 2814 5259 dicere
2859 5202 2945 5258 vel
2971 5203 3229 5269 sentire...
3242 5202 3338 5259 sed
3389 5203 3668 5259 conﬁteris

2093 5285 2242 5352 illam
2274 5312 2342 5352 ex
2359 5297 2477 5352 viro
2505 5306 2562 5352 et
2583 5296 2806 5363 femina,
2840 5294 3097 5352 Joachim
3121 5306 3179 5352 et
3205 5295 3385 5360 Anna,
3410 5295 3667 5365 progeni-

2093 5401 2202 5445 tam
2229 5431 2244 5457 ,
2302 5390 2441 5447 bene
2487 5391 2674 5446 habet.
2715 5391 3051 5453 Secundum,
3089 5389 3158 5445 de
3212 5388 3466 5451 Domino,
3519 5388 3691 5458 quod.

2093 5481 2387 5542 crucifixus
2421 5497 2532 5541 non
2555 5480 2678 5540 fuit.
2710 5480 2981 5549 Quoniam
3003 5487 3186 5537 autem
3205 5477 3662 5537 .contiterisertte

1915 5675 2165 5738 NOTAE-

491 5787 604 5860 (58)
631 5787 690 5846 In
716 5789 836 5844 cod.
863 5787 996 5860 Reg.
1037 5799 1172 5860 ρνη¹.
