4102 6374
607 310 632 376 1
645 311 748 372 527

1797 311 1858 371 Β.
1889 307 2284 368 THEODORI
2314 307 2664 371 STUDszE

3672 313 3774 378 15%

595 423 813 476 citlsum
837 420 1011 478 fuisse
1043 421 1342 479 secundum
1397 423 1734 494 Seriptnras.
1793 424 1931 478 bene
1987 423 2169 479 habet.

2207 425 2253 483 Α
2272 422 2648 494 ἐσταυρῶσθαι
2706 419 2870 476 αὑτὸν
2917 419 3058 474 κατά
3091 418 3192 484 τὰς
3225 419 3466 492 ι’ραφάς,
3491 417 3546 478 εὖ
3582 425 3638 479 ἃν
3672 429 3773 499 ἔχοι,

595 513 884 580 Tertium,
943 515 1010 571 de
1033 517 1241 587 angelis
1303 525 1358 572 et
1439 515 2000 585 daetnonibus:quod
2049 525 2172 586 post

591 608 856 682 judicium
883 607 1384 670 luturaestiterum
1422 609 1696 665 restitutio
1723 610 1778 664 in
1833 610 2125 680 pristinum
2150 651 2167 675 ,

594 699 783 768 lietque
811 713 976 751 unum
1013 699 1166 764 ovile,
1201 708 1251 753 et
1293 715 1428 760 unus
1453 708 1638 765 pastor
1669 699 1714 730 “
1740 739 1756 754 .
1796 697 1862 754 Et
1893 701 2021 770 quia
2069 700 2174 753 hoc

595 805 761 860 negas
782 830 798 854 ,
829 788 1128 861 laterisque
1152 800 1411 846 aeternam
1442 791 1559 845 fore
1597 802 1711 845 tum
1738 793 2171 857 damnationem,

595 893 708 936 tum
739 898 967 954 regnum
1000 883 1288 949 cmlorum,
1320 882 1458 938 bene
1504 883 1686 938 habet.
1751 885 2047 950 Quartum,
2105 883 2173 938 de

596 980 867 1028 monacho
902 988 1251 1043 unoquoque,
1314 975 1458 1043 quod
1493 975 1669 1044 possit
1727 975 1906 1045 poenis
1942 976 2174 1030 liberare

593 1072 814 1118 centum
838 1062 1238 1134 quinquaginta
1281 1065 1590 1120 damnatos.
1639 1065 1706 1120 Et
1757 1067 2016 1136 quoniam
2072 1067 2176 1122 hoc

594 1170 783 1224 negas,
813 1166 868 1210 et
898 1155 1044 1210 dicis
1077 1171 1180 1212 nec
1209 1157 1587 1226 paenitentiam
1612 1173 1735 1214 esse
1763 1169 1884 1228 post
1918 1169 2172 1222 mortem,

593 1260 696 1300 nec
715 1261 1047 1316 quemquam
1075 1249 1170 1316 qui
1207 1249 1382 1318 possit
1412 1250 1481 1303 ab
1507 1250 1728 1306 inﬂictis
1775 1267 1806 1305 a
1835 1250 1944 1304 Deo
1999 1252 2176 1321 ptenis

588 1356 801 1406 eruere,
836 1343 974 1397 bene
1001 1345 1182 1398 habet.
1217 1345 1506 1410 Quintum,
1553 1346 1620 1401 de
1649 1346 1814 1410 libro,
1846 1347 1940 1416 qui
1967 1346 2177 1403 dicitur

587 1432 812 1491 Antonii
843 1451 858 1501 ;
893 1434 1038 1505 quod
1072 1451 1198 1490 eum
1223 1429 1394 1492 dicas
1427 1437 1621 1491 merito
1678 1437 2071 1506 recipiendum,
2119 1437 2175 1491 in

587 1537 699 1592 quo
723 1524 890 1580 multa
931 1536 1062 1582 sunt
1105 1527 1456 1597 blasphema;
1493 1531 1635 1585 sicut
1687 1529 1789 1599 ipsi
1808 1531 2045 1599 legentes
2083 1545 2177 1586 co-

587 1615 906 1682 gnovimus.
939 1618 1008 1676 Et
1032 1620 1290 1689 quoniam
1316 1620 1507 1675 fateris
1555 1629 1608 1674 te
1637 1622 1782 1675 hunc
1808 1621 2032 1690 rejicere
2058 1630 2178 1675 tan-

587 1723 760 1778 quam
792 1710 1031 1764 alienum
1069 1711 1138 1765 ab
1167 1710 1410 1767 Ecclesia
1459 1712 1577 1778 Dei,
1618 1728 1718 1766 nec
1749 1715 1982 1782 amplius
2009 1713 2177 1768 habe-

589 1812 650 1852 re
707 1807 801 1854 aut
832 1799 1048 1869 legere:
1079 1817 1254 1870 neque
1278 1810 1350 1865 te,
1439 1816 1618 1871 neque
1674 1802 1794 1855 illos
1847 1804 1939 1872 qui
1991 1813 2170 1857 tecum

587 1900 763 1957 sunt;
797 1891 935 1945 bene
986 1892 1168 1947 habet.
1249 1891 1688 1964 Benedictusth
1742 1895 1814 1949 sil-
1868 1895 2031 1961 Deus,
2081 1895 2172 1964 qni

589 1982 862 2052 praedictis
894 1985 1170 2040 scandulis
1216 2000 1312 2041 vos
1363 1987 1661 2055 purgavit:
1718 1995 1774 2041 et
1830 1987 2172 2042 benedictum

595 2092 794 2132 nomen
817 2078 1006 2148 gloriae
1062 2080 1203 2148 ejus,
1239 2079 1386 2149 quod
1417 2079 1693 2150 persuasit
1750 2087 1810 2134 ut
1853 2079 2068 2134 diceres
2124 2090 2176 2134 te

595 2170 865 2224 rusticmn
905 2185 1028 2226 esse
1090 2180 1254 2240 atque
1290 2171 1603 2240 imperitum
1627 2213 1642 2236 ,
1673 2186 2072 2241 cessurumque
2117 2171 2172 2226 in

590 2255 874 2321 omnibus,
907 2267 962 2312 et
1021 2257 1523 2328 obtemperaturum
1593 2256 1776 2313 verbis
1851 2257 2176 2314 humilitatis

593 2364 642 2400 ιιι
649 2361 746 2402 οω.

655 2520 771 2591 Ego
804 2537 933 2578 vero
977 2523 1112 2577 nihil
1140 2531 1328 2593 praeter
1359 2537 1422 2579 ea
1451 2538 1576 2594 qua:
1607 2537 1638 2578 a
1701 2523 1906 2580 sanctis
1955 2533 2174 2595 aposto-

588 2613 655 2666 lis
680 2621 734 2666 et
751 2613 1032 2682 prophetis
1053 2624 1107 2668 et
1137 2614 1392 2670 Patribus
1411 2614 1678 2671 divinitus
1708 2616 1990 2672 enuntiata
2022 2625 2174 2681 sunt,

587 2705 836 2764 suadebo
880 2705 964 2760 vel
1019 2706 1370 2776 praescribam
1420 2721 1437 2761 :
1491 2707 1590 2762 sed
1649 2709 1753 2764 hoc
1785 2709 1984 2779 ipsum,
2035 2712 2177 2764 sicut

587 2797 882 2868 scripsisti,
916 2806 976 2852 ut
1027 2798 1225 2855 credas
1256 2799 1311 2854 in
1368 2809 1616 2854 sanctam
1655 2798 1997 2865 Trinitatem,
2033 2801 2176 2856 indi-

592 2890 1044 2952 risantessentia,
1094 2889 1326 2946 divisam
1365 2891 1822 2948 cltaracteribus:
1869 2894 1924 2948 in
1957 2892 2174 2947 Patrem

588 2992 641 3044 get
680 2977 878 3033 Filium
906 2989 964 3034 et
1021 2979 1284 3052 Spiritum
1378 2993 1674 3050 sanctum;
1726 2999 1896 3038 unum
1962 2983 2176 3046 Deum,

2270 514 2484 586 Τρίτον,
2519 513 2648 584 περὶ
2689 512 2799 565 τῶν
2837 511 3088 580 ἀγγέλων
3133 511 3230 564 καὶ⁵
3272 511 3378 565 τῶν
3417 512 3680 582 δαιμόνων,
3713 523 3774 577 ὅτι

2275 606 2414 676 μετὰ
2467 604 2566 674 τὴν
2596 603 2776 674 κρίσιν
2816 601 3261 663 ἀποκατάστασις
3299 601 3454 656 ἔσται
3491 605 3664 659 πάλιν·
3703 617 3778 667 και

2270 693 2591 763 γενήσεται
2629 693 2738 762 μία
2782 692 3026 760 ποίμνη,
3065 685 3153 756 εἷς
3192 691 3437 760 ποιμήν.
3488 695 3588 748 Καὶ
3635 699 3779 774 ἐπειδὴ

2271 785 2429 841 τοῦτο
2461 787 2804 857 ἀπαρνῆσαι,
2830 786 2926 838 καὶ
2971 784 3253 855 ὁμολογεῖς
3303 785 3516 840 αίὼνιον
3553 785 3672 845 εἶναι
3712 799 3782 851 καὶ

2271 882 2372 948 τὴν
2404 880 2586 950 κρίσιν
2628 880 2723 933 καὶ
2761 878 2858 951 τὴν
2909 878 3185 949 βασιλείαν
3224 878 3332 931 τῶν
3361 879 3610 950 οὐρανῶν,
3648 880 3696 938 εὖ
3733 887 3782 940 ἂν

2273 973 2407 1042 ἔχοι.
2440 973 2710 1042 Τέταρτον
2761 972 2889 1041 περὶ
2933 969 3170 1041 μοναχοῦ
3200 970 3340 1035 ένὸς,
3371 971 3451 1024 ὅτι
3491 971 3683 1028 δύναται
3708 978 3784 1048 τῆς

2273 1062 2548 1124 κολάσεως
2581 1059 2846 1130 ῥύσασθαι
2876 1058 3070 1112 ἑκατὸν
3099 1059 3439 1127 πεντήκοντα
3466 1061 3782 1128 κρινομένους.

2275 1153 2384 1208 Καὶ
2407 1152 2593 1223 ἐπειδὴ
2622 1151 2780 1204 τοῦτο
2809 1149 3150 1222 ἀπαρνῆσαι,
3179 1149 3274 1201 καὶ
3299 1149 3493 1214 λέγεις,
3519 1153 3641 1219 μήτε
3663 1156 3780 1222 μετά.

2274 1263 2422 1299 νοιαν
2470 1240 2610 1299 εἶναι
2644 1243 2781 1312 μετά
2819 1242 3068 1304 θάνατον,
3105 1241 3242 1310 μήτε
3276 1241 3399 1293 τινά
3433 1240 3518 1296 τὸν
3543 1243 3784 1312 δυνάμενον

2275 1336 2554 1402 ἐξελέσθαι
2597 1335 2707 1389 ἀπὸ
2736 1335 2835 1405 τῆς
2871 1336 2936 1388 ὲκ
2962 1333 3054 1387 τοῦ
3087 1331 3223 1386 Θεοῦ
3253 1332 3666 1406 ἀπονεμηθείσης
3685 1337 3785 1392 ἑκά.

2279 1448 2387 1500 στῳ
2437 1429 2733 1494 κολάσεως,
2781 1423 2841 1481 εὖ
2888 1427 2955 1481 ἂν
2988 1427 3123 1496 ἔχοι.
3167 1425 3425 1495 Πέμπτον
3467 1425 3587 1495 περὶ
3625 1427 3784 1491 βιϐλίου

2275 1523 2369 1576 τοῦ
2411 1521 2801 1593 ἑπιλεγομένου
2839 1519 2934 1574 τοῦ
2970 1518 3256 1573 Ἀντωνίου
3277 1534 3292 1548 ·
3325 1518 3408 1570 ὅτι
3435 1518 3602 1586 λέγεις
3630 1521 3786 1574 εύαπό-

2275 1615 2462 1668 δεκτον
2504 1610 2642 1667 εῐναι
2673 1614 2730 1666 ὲν
2758 1605 2802 1680 ᾧ
2832 1610 3003 1666 πολλά
3031 1609 3348 1683 βλάσφημα,
3375 1610 3451 1674 ὡς
3489 1611 3635 1680 ἡμεῖς
3668 1613 3787 1666 αὐτοὶ

2277 1707 2601 1773 ἀναγνόντες
2635 1706 2899 1775 ἔγνωμεν.
2951 1704 3059 1757 Καὶ
3087 1705 3246 1759 τοῦτο
3289 1705 3522 1770 ἐπείπερ
3555 1705 3787 1776 ὁμολογεῖς

2207 1771 2247 1825 Β
2277 1771 2684 1850 ἀποϐάλλεσθαι
2739 1771 2816 1858 ὡς
2883 1793 3163 1864 ἀλλότριον
3215 1795 3319 1862 τῆς
3378 1771 3678 1863 Ἐκκλησίας
3708 1771 3785 1852 ’τοῦ

2275 1885 2432 1951 Θεοῦ,
2487 1887 2581 1940 καὶ
2627 1886 2826 1956 μηκέτι
2881 1886 3017 1956 μήτε
3061 1884 3204 1955 ἔχειν
3249 1886 3390 1956 μήτε
3426 1887 3784 1953 ἀναγινώσκειν,

2278 1979 2415 2049 μήτε
2440 1978 2520 2041 σὲ,
2559 1978 2696 2048 μήτε
2719 1977 2847 2040 τοὺς
2873 1977 3010 2044 μετὰ
3041 1977 3156 2049 σοῦ,
3195 1973 3256 2030 εὖ
3293 1976 3362 2030 ἂν
3389 1977 3522 2047 ἔχοι.
3552 1979 3650 2032 Καὶ
3674 1982 3788 2034 εὐλο-

2273 2045 2439 2138 γητὸς
2463 2070 2492 2122 ὁ
2513 2045 2646 2128 Θεὸς
2671 2069 2700 2121 ό
2725 2067 3096 2138 ποιησάμενος
3123 2045 3465 2138 καθαρισμδν
3495 2072 3548 2123 ὲν
3580 2071 3690 2141 ὑμῖν
3706 2074 3789 2126 τῶν

2275 2159 2685 2230 προειρημένων
2715 2157 3026 2212 σκανδάλων
3045 2172 3059 2188 ο
3085 2157 3177 2211 καὶ
3197 2159 3395 2228 εύλογη
3403 2160 3557 2230 μένον
3580 2160 3635 2214 τὸ
3657 2163 3789 2234 ὄνομα

2272 2249 2372 2316 τῆς
2404 2250 2561 2321 δόξης
2595 2249 2784 2316 αὑτοῦ,
2809 2249 2871 2304 τὸ
2901 2251 3096 2304 πεῖσάν
3129 2268 3188 2304 σε
3227 2253 3409 2306 εἰπεῖν
3439 2255 3657 2325 χωρικὸν
3683 2255 3790 2312 εἶναι

2274 2341 2372 2395 καὶ
2397 2341 2604 2413 ἀμαθῆ,
2639 2341 2735 2396 καὶ
2764 2342 2936 2395 εῐκειν
2963 2341 3106 2395 κατὰ
3133 2342 3311 2398 πάντα
3337 2345 3433 2398 καὶ
3455 2345 3711 2402 πείθεσθαι
3733 2349 3791 2422 τῷ

2274 2432 2419 2502 λόγῳ
2446 2434 2545 2504 τῆς
2571 2431 2952 2498 ταπεινώσεώς
2982 2451 3108 2500 μου.

2357 2523 2500 2592 Ἐγὼ
2525 2524 2580 2578 δὲ
2607 2525 2760 2578 οὐδὲν
2786 2525 2939 2596 παρά
2953 2526 3022 2579 τά
3051 2526 3284 2591 θειωδῶς
3311 2530 3685 2600 ἐκπεφασμένα
3708 2535 3792 2600 τοῖς

2275 2614 2450 2683 ἁγίοις
2487 2614 2804 2678 ἀποστόλοις
2825 2617 2919 2669 καὶ
2952 2617 3259 2688 προφήταις
3287 2621 3388 2672 καὶ
3417 2620 3668 2690 Πατράσι,
3691 2639 3794 2696 παρ-

2275 2706 2474 2760 αινέσω
2499 2705 2532 2777 ἢ
2559 2707 2910 2762 διατυπὼσω·
2936 2708 3052 2762 ἀλλ’
3081 2709 3210 2763 αύτὸ
3238 2709 3422 2776 τοῦτο,
3452 2711 3625 2776 καθὼς
3641 2713 3795 2785 γέγρα-

2277 2815 2404 2869 φας,
2441 2797 2716 2851 πιστεύειν
2743 2815 2804 2852 σε
2845 2800 2927 2864 είς
2955 2801 3056 2867 τὴν
3093 2801 3256 2870 ἁγίαν
3293 2802 3504 2873 Τριάδα
3528 2805 3618 2874 τὴν
3651 2807 3793 2878 άμερῆ

2274 2889 2396 2942 κατ’
2429 2888 2640 2956 οὐσίαν,
2668 2889 3051 2962 διαιρουμένην
3081 2891 3138 2946 δὲ
3173 2895 3286 2953 τοῖς
3305 2895 3709 2964 ρχαρακτῆρσινο
3735 2899 3797 2963 είς

2277 2981 2500 3052 Πατέρα
2539 2983 2634 3035 καὶ
2672 2981 2798 3034 Υἱὸν
2833 2985 2929 3036 καὶ⁵
2963 2983 3118 3049 ἀγιον
3157 2984 3406 3055 Πνεῦμα,
3439 2986 3531 3040 ἕνα
3557 2987 3693 3051 Θεὸν,
3722 2987 3798 3050 ἕνα

591 3088 761 3138 unum
800 3072 1092 3128 Dominum
1126 3091 1140 3128 :
1175 3073 1318 3129 sicut
1354 3083 1409 3128 ct
1433 3090 1541 3129 una
1584 3075 1736 3131 lides.
1785 3076 1880 3130 Est
1907 3086 2085 3132 autem
2125 3086 2174 3130 et

2207 3103 2247 3159 ο
2280 3072 2504 3142 Κύριον,
2531 3071 2665 3125 καθὸ
2697 3074 2784 3126 καὶ
2825 3072 2923 3144 μία
2956 3074 3156 3137 πίστις.
3185 3073 3342 3128 Ἐστι
3387 3075 3445 3128 δὲ
3483 3078 3572 3129 καὶ
3596 3079 3621 3130 ό
3646 3077 3798 3148 Πατὴρ

589 3161 751 3219 Pater
777 3163 938 3226 Deus,
968 3162 1206 3223 ctFilius
1234 3163 1398 3227 Deus,
1428 3175 1484 3219 et
1521 3165 1754 3236 Spiritus
1806 3167 1947 3222 Deus
1978 3184 1994 3234 ;
2063 3183 2173 3223 non

590 3265 700 3310 tres
729 3255 828 3318 dii,
856 3255 998 3319 absit
1027 3256 1040 3311 l
1087 3255 1179 3310 sed
1208 3271 1350 3311 unus
1398 3256 1568 3321 Deus,
1603 3257 2063 3326 quemadmodum
2121 3269 2177 3314 et

589 3347 880 3406 Dominus.
935 3347 1050 3404 lloc
1077 3357 1160 3403 est
1191 3348 1479 3419 theologia:
1509 3351 1726 3420 dogma.
1755 3351 1831 3406 De
1869 3353 2175 3408 oeconomia

591 3449 772 3490 autem
803 3436 1047 3506 credere,
1092 3451 1264 3492 unntn
1302 3437 1370 3491 de
1425 3451 1611 3492 sancta
1663 3437 1950 3504 Trinitate,
1999 3440 2176 3496 Patris

596 3528 958 3598 heneplacito,
990 3538 1045 3582 ct
1068 3529 1456 3599 cooperatione
1477 3531 1654 3586 sancti
1687 3530 1943 3601 Spiritus.
1991 3533 2173 3588 incar-

591 3630 780 3688 natum
809 3636 931 3676 esse
987 3618 1055 3673 tle
1081 3630 1268 3687 sancta
1301 3619 1552 3690 Deipara,
1585 3626 2001 3693 superveniente
2025 3627 2077 3680 in
2110 3627 2174 3681 il-

591 3716 696 3778 lam
727 3712 931 3782 Spiritu
948 3720 1158 3775 sancto,
1189 3721 1244 3768 et
1273 3712 1346 3766 ita
1384 3713 1741 3778 obumbrante
1761 3716 2024 3772 Altissimi
2060 3719 2175 3773 vir-

589 3814 724 3875 tute,
757 3804 906 3859 sicut
952 3813 1040 3859 est
1071 3803 1125 3868 in
1155 3802 1451 3874 Evangelio
1477 3805 1523 3848 ⁸⁷
1553 3823 1569 3873 ;
1597 3820 1661 3862 ex
1681 3823 1788 3876 qua
1815 3815 1869 3862 et
1902 3818 2063 3865 natus
2092 3819 2177 3864 est

591 3899 756 3954 homo
775 3895 1053 3967 perfectus
1092 3895 1256 3956 simul
1283 3905 1334 3950 et
1383 3896 1526 3953 Deus
1563 3898 1874 3967 perlectus;
1912 3893 2052 3954 unus
2081 3901 2178 3973 hy-

591 3991 823 4060 postasi,
848 3989 1051 4058 duplex
1105 3997 1338 4054 natura;
1372 3990 1836 4059 quemadmodum
1876 3991 2047 4046 divini
2076 3993 2175 4046 Pa-

590 4094 722 4147 tres,
751 4090 806 4137 et
831 4092 1036 4151 septem
1065 4092 1268 4136 sanctae
1291 4082 1640 4138 mcumeniear
1670 4084 1861 4154 synodi
1909 4101 2176 4156 exposue-

591 4185 738 4230 runt.
798 4173 1062 4230 Conliteri
1137 4174 1303 4227 etiam
1359 4173 1624 4246 virginem
1692 4169 1978 4245 Deiparam
2029 4194 2172 4242 esse,

590 4273 846 4329 omnibus
872 4268 1248 4325 sublimiorem
1295 4273 1350 4322 et
1398 4267 1849 4336 honoratiorem;
1892 4284 2014 4335 quae
2060 4285 2177 4324 ma-

591 4379 747 4423 terno
774 4367 897 4436 jure
935 4364 1076 4434 apud
1117 4361 1313 4417 Filium
1345 4376 1503 4416 snum
1565 4373 1630 4416 ac
1652 4359 1941 4430 Dominum
2005 4365 2177 4432 possit

2280 3162 2434 3228 Θεὸς,
2459 3163 2554 3216 καὶ
2574 3163 2602 3215 ό
2629 3161 2754 3226 Υἱὸς
2786 3161 2937 3226 Θεὸς,
2969 3163 3064 3216 καὶ
3088 3162 3148 3214 τὸ
3174 3162 3400 3234 Πνεῦμα
3427 3163 3575 3232 Θεὸς,
3600 3166 3654 3218 ού
3683 3169 3800 3236 τρεῖς

2278 3253 2424 3318 Θεοί,
2450 3253 2525 3324 μὴ
2549 3253 2787 3321 γένοιτοί
2820 3253 2937 3306 ἀλλ’
2965 3249 3045 3316 εἷς
3069 3253 3202 3318 Θεὸς
3225 3297 3240 3320 ,
3276 3253 3470 3326 ὥσπερ
3497 3258 3585 3310 καὶ
3616 3257 3797 3328 Κύριος.

2281 3344 2454 3397 Τοῦτο
2480 3345 2577 3414 τῆς
2605 3345 2881 3414 θεολογίας
2914 3344 2973 3398 τὸ
3001 3344 3200 3414 δόγμα.
3230 3347 3367 3418 Περὶ
3402 3346 3501 3415 τῆς
3538 3349 3800 3418 οἰκονομίας

2281 3436 2577 3501 πιστεύειν,
2611 3438 2693 3490 ὅτι
2735 3437 2765 3490 ό
2795 3434 2873 3500 εἷς
2913 3439 3012 3508 τῆς
3051 3437 3300 3508 Τριάδος,
3340 3439 3558 3511 εὐδοκία
3597 3438 3678 3493 τοῦ
3714 3441 3800 3493 Πα-

2279 3528 2428 3598 τρὸς,
2461 3530 2555 3582 καὶ
2595 3528 2855 3600 συνεργίᾳ
2877 3527 2971 3581 τοῦ
3003 3529 3160 3596 ἁγίου
3189 3529 3528 3600 Πνεύματος,
3558 3529 3801 3602 ἑσαρκὼθη

2279 3623 2344 3674 ὲκ
2371 3621 2473 3690 τῆς
2500 3621 2660 3688 ἁγίας
2687 3622 2970 3687 Θεοτόκου,
3017 3623 3535 3694 προεισεληλυθότος
3564 3625 3650 3678 τοῦ
3674 3607 3801 3693 ἁγίου

2281 3713 2600 3783 Πνεύματος
2651 3715 2711 3767 ὲν
2751 3714 2913 3784 αὐτῇ,
2959 3712 3052 3766 καὶ
3091 3712 3267 3776 οὕτως
3299 3715 3701 3779 ὲπισκιάσαντος
3723 3715 3801 3786 τῆς

2279 3805 2376 3858 τοῦ
2417 3803 2674 3874 Ὑψίστου
2700 3805 2998 3876 δυνάμεως,
3028 3806 3172 3862 κατὰ
3205 3807 3268 3860 τὸ
3299 3807 3650 3877 Εύαγγέλιονο
3674 3809 3726 3874 ἐξ
3747 3805 3802 3882 ἧς

2280 3897 2377 3952 καὶ
2405 3897 2600 3967 ἐτέχθη
2625 3897 2928 3967 ἄνθρωπος,
2953 3897 3159 3963 τέλειος
3180 3897 3257 3952 ὦν
3291 3901 3350 3952 έν
3375 3900 3556 3971 ταύτῷ
3584 3902 3668 3956 καὶ
3697 3902 3803 3965 Θεὸς

2278 3987 2515 4052 τέλειοςο
2544 3985 2624 4052 εἷς
2660 3990 2724 4059 τῇ
2753 3988 3067 4051 ὑποστάσει,
3095 3989 3316 4055 διπλοῦς
3339 3993 3408 4063 τῇ
3440 3992 3592 4062 φύσει
3611 4009 3624 4022 °
3655 3991 3803 4055 καθὼς

2279 4079 2330 4133 οἱ
2355 4078 2602 4149 θεοφόροι
2632 4079 2894 4151 Πατέρες,
2925 4081 3020 4134 καὶ
3041 4083 3097 4136 αί
3125 4083 3265 4137 ἑπτὰ
3289 4081 3446 4152 ἅγιαι
3472 4085 3802 4155 οίκουμενικιιὶ

2281 4169 2486 4224 σύνοδοι
2509 4170 2749 4236 ἐξέθεντο
2766 4187 2780 4204 ο
2817 4189 2837 4223 t
2879 4172 3187 4243 Ὀμολογεῖν
3207 4190 3266 4227 τε
3291 4174 3391 4246 τὴν
3418 4176 3679 4246 Παρθένον
3703 4175 3804 4228 Θεο-

2279 4263 2460 4328 τόκον,
2493 4263 2708 4318 πάντων
2745 4259 2910 4318 οὖσαν
2952 4265 3290 4339 ὑψηλοτέραν
3341 4275 3436 4324 καὶ
3477 4269 3800 4340 τιμιωτέραν

2279 4355 2583 4427 δυναμένην
2624 4373 2685 4409 τε
2730 4357 3053 4428 πρεσϐεύειν
3087 4361 3367 4430 μητρικῶς
3415 4360 3494 4428 τῷ
3535 4360 3690 4430 αὐτῆς
3712 4357 3802 4422 Titii

590 4476 689 4531 pro
721 4459 982 4514 universo
1009 4455 1212 4510 mundo
1239 4453 1596 4520 intercedere.
1637 4453 1874 4522 Angelos
1925 4454 2172 4509 conﬁteri

2208 4457 2251 4514 D
2279 4449 2373 4501 καὶ
2424 4449 2614 4521 Κυρίῳ
2641 4449 2782 4520 ὑπὲρ
2813 4450 3010 4514 παντὸς
3053 4449 3146 4503 τοῦ
3173 4452 3396 4521 κόσμου.
3439 4451 3730 4532 Ὀμολογεῖν
3754 4466 3802 4502 τε

588 4563 806 4619 quoque
842 4556 902 4609 ιιι
941 4543 1184 4614 angelos,
1224 4543 1316 4612 qni
1349 4551 1405 4595 et
1429 4540 1530 4610 ipsi
1563 4555 1890 4610 magnopere
1927 4557 2025 4611 pro
2052 4559 2174 4597 οιη-

592 4640 752 4695 nibus
782 4635 1096 4694 hominibus
1131 4633 1516 4704 deprecentur.
1567 4630 1774 4690 Horum
1807 4647 1988 4700 autem
2038 4649 2174 4690 con.

593 4732 764 4789 sortio
799 4745 974 4801 genus
1031 4728 1339 4782 daemonum
1397 4713 1678 4780 exclusum
1707 4741 1830 4780 esse
1877 4725 1931 4780 in
1967 4728 2168 4786 saecula

593 4821 942 4892 sempiterna.
975 4819 1307 4886 eosdemque
1336 4817 1561 4886 proprio
1587 4816 1865 4886 domicilio
1911 4832 2006 4890 per
2038 4834 2174 4888 apo,

593 4915 822 4971 stasiam
850 4914 1292 4982 ejectos,atque
1347 4924 1378 4962 a
1441 4906 1552 4962 Deo
1576 4909 1642 4960 ad
1695 4907 1844 4977 jusla
1905 4911 2173 4980 supplicia

593 5011 901 5063 damnatos.
932 5002 1189 5060 Conﬂteri
1257 5001 1432 5054 etiam
1486 5007 1704 5066 sanctos
1761 5013 1975 5064 omnes,
2027 5002 2176 5068 velut

597 5095 831 5152 famulos
871 5091 986 5157 Dei,
1020 5106 1118 5160 pro
1148 5089 1326 5144 salute
1395 5097 1583 5152 nostra
1629 5102 1790 5157 posse
1825 5089 1969 5158 apud
2004 5088 2172 5146 Deum

597 5186 954 5256 intercedere.
1005 5181 1266 5238 Conliteri
1292 5191 1556 5250 praeterea
1617 5188 1836 5236 sanctas
1859 5181 2122 5250 imagines
2158 5221 2174 5253 ,_

593 5289 651 5331 et
680 5273 854 5346 ipsius
884 5271 1096 5326 Domini
1129 5269 1300 5324 nostri
1323 5268 1453 5330 Jesu
1483 5269 1708 5343 Christi,
1742 5278 1796 5323 et
1817 5271 2010 5326 matris
2032 5272 2175 5342 ejus,

593 5365 1037 5435 Angelorumque
1056 5376 1121 5417 ac
1152 5373 1470 5417 sanctorum
1507 5360 1778 5426 omnium,
1803 5371 1858 5424 et
1900 5362 2132 5434 adorare
2156 5405 2172 5430 ,

2272 4541 2400 4604 τοὺς
2427 4541 2710 4608 ἀγγέλους,
2739 4541 3146 4613 ύπερδεομένων
3175 4543 3267 4596 καὶ
3298 4543 3477 4596 αὐτῶν
3504 4539 3704 4597 πάντων
3728 4543 3802 4595 άν-

2275 4631 2528 4704 θρώπων.
2553 4633 2626 4686 Τό
2653 4650 2710 4686 τε
2731 4633 3006 4704 δαιμόνιον
3029 4633 3194 4703 φῦλον
3222 4634 3421 4704 ἀμιγὲς
3443 4632 3580 4690 εῖναι
3601 4637 3673 4700 είς
3696 4635 3801 4688 αἰῶ-

2275 4739 2370 4786 νας
2399 4725 2807 4796 άτελευτὴτους,
2846 4725 2982 4798 πρὸς
3008 4726 3203 4789 αὐτοὺς
3242 4728 3304 4780 τὸ
3352 4728 3485 4782 ἴδιον
3525 4729 3803 4798 οἰκητήριον

2275 4813 2347 4883 δι’
2369 4815 2702 4870 ἀποστασίαν
2735 4816 3123 4885 ἀπολιπόντας,
3163 4819 3257 4872 καὶ
3284 4821 3804 4890 καταδεδικασμένους

2281 4907 2386 4960 ὑπὸ
2413 4907 2548 4962 Θεοῦ
2573 4909 2803 4973 ἐνδίκοις
2831 4909 3136 4964 κολάσεσιν.
3183 4911 3493 4982 Ὀμολογεῖν
3511 4929 3569 4965 τε
3593 4912 3680 4964 καὶ
3702 4910 3804 4968 τοὺς

2281 4999 2471 5070 ἀγίους
2500 4999 2710 5064 πάντας
2758 5001 2832 5064 ὡς
2859 5001 3195 5072 θεράποντας
3223 5003 3380 5067 Θεοῦ,
3412 5003 3717 5076 πρεσϐεύειν
3742 5001 3805 5069 τῷ

2281 5089 2400 5160 Θεῷ
2437 5090 2766 5162 δυναμένους
2790 5095 2872 5158 είς
2905 5095 3178 5165 σωτηρίαν
3198 5095 3379 5165 ἡμῶν.
3411 5095 3528 5148 Ἔτι
3561 5093 3804 5165 ὁμολογεῖν

2282 5181 2381 5243 τὰς
2409 5181 2571 5249 ἁγίας
2599 5184 2834 5250 εἰκόνας,
2859 5185 3022 5240 αὐτοῦ
3046 5203 3105 5238 τε
3126 5186 3219 5239 τοῦ
3250 5186 3456 5258 Κυρίου
3483 5187 3633 5257 ἡμῶν
3661 5181 3804 5255 Ἰησοῦ

2281 5271 2542 5342 Χριστοῦ,
2600 5276 2700 5341 τῆς
2745 5290 2805 5326 τε
2855 5273 3020 5329 αὐτοῦ
3064 5275 3305 5347 Μητρὸς,
3349 5277 3594 5344 ἀγγέλων
3634 5291 3688 5327 τε
3728 5274 3805 5326 καὶ

2280 5365 2499 5417 πάντων
2533 5364 2724 5433 ἁγίων,
2752 5370 3072 5436 προσκυνεῖν
3092 5385 3150 5420 τε
3176 5369 3271 5421 καὶ
3292 5367 3656 5438 ἀποδέχεσθαι,
3687 5365 3804 5419 κατὰ

595 5467 653 5510 ct
684 5456 983 5525 suscipere,
1011 5454 1166 5524 juxta
1197 5454 1248 5508 id
1275 5453 1422 5522 quod
1442 5461 1526 5506 est
1563 5452 1616 5505 in
1648 5448 1867 5514 Nicaana
1934 5454 2171 5522 secunda

2276 5454 2338 5506 τὸ
2391 5453 2752 5522 δογματισθὲν
2781 5458 2850 5526 τῇ
2896 5457 2954 5509 ὲν
3000 5453 3206 5527 Νικαίᾳ
3237 5456 3299 5509 τὸ
3334 5456 3578 5525 δεύτερον
3614 5451 3802 5516 συνόδῳ

599 5548 807 5624 synodo
835 5547 1188 5604 constitutum
1213 5563 1227 5612 ;
1262 5555 1316 5601 et
1340 5543 1805 5600 anathematizare
1835 5559 2026 5614 omnes
2057 5547 2168 5618 lue:

673 5727 715 5758 “
747 5723 903 5781 Joan.
939 5740 995 5789 κ,
1033 5724 1116 5779 l6.
1217 5723 1259 5755 ⁵⁷
1295 5719 1428 5816 Luc.
1483 5735 1520 5782 ι,
1556 5718 1649 5771 55.

2276 5545 2697 5630 ἀναθεματίζειν
2745 5566 2803 5602 τε
2846 5550 3051 5618 πάντας
3081 5549 3388 5622 αίρετικοὺς
3415 5549 3541 5612 τοὺς
3577 5544 3674 5612 ὑπὸ
3711 5539 3801 5602 τῦἳ

3943 926 3947 1098 Ν
