4102 6374
283 363 423 426 1520

1466 346 2006 422 EPISTOLARUM
2040 361 2190 424 LIB.
2241 362 2325 424 II.

3386 371 3532 436 1530

276 476 514 532 συνόδων
549 474 1140 548 ἀναθεματιζομίνουςο
1190 472 1585 545 ἀνακηρύττειν
1634 473 1830 535 πάντας

1943 473 2145 530 reticos
2168 475 2308 544 quia
2335 473 2558 547 synodis
2580 475 3020 533 analhematizati
3039 489 3168 536 sunt
3187 522 3203 548 ,
3247 486 3545 552 praedicare

272 565 404 631 τοὺς
435 565 748 638 ὀρθοδόξους
773 568 907 640 παρ’
933 567 1114 622 αὐτῶν
1137 566 1607 636 εύφημουμένους.
1636 562 1788 635 Αὕτη
1813 565 1849 636 ἡ

273 657 507 730 ἀληθινὴ
541 656 700 730 [Cod.
733 657 865 728 Reg.
890 656 1210 729 εἰλικρινὴς]
1241 657 1423 720 πίστις
1449 656 1559 710 τῶν
1583 657 1845 727 Χριστιαο

272 749 383 804 νῶν
407 767 421 782 ο
471 748 632 803 τοῦτο
673 749 732 803 τὺ
765 748 1060 820 μαρτύριον
1105 747 1208 817 τῆς
1253 747 1489 819 Χριστοῦ
1535 747 1843 819 ὁμολογίας.

271 839 436 914 Παρά
460 839 633 895 ταῦτα
660 843 689 894 ό
713 841 924 912 φρονῶν
949 843 1060 910 ἤτω
1081 838 1328 909 ἀνάθεμα
1355 839 1466 894 ἀπὸ
1490 839 1582 893 τοῦ
1609 839 1842 909 ιιατρὺς,

271 933 370 985 καὶ
399 930 494 984 τοῦ
520 929 676 997 Υίοῦ,
707 931 802 984 καὶ⁸
829 930 923 988 τοῦ
953 931 1107 998 ἁγίου
1129 929 1446 1001 Πνεύματος
1466 945 1481 961 ο
1506 930 1649 985 καθά
1679 946 1846 999 φησιν

265 1027 300 1078 ὁ
330 1022 626 1086 ἀπόστολος
675 1021 887 1084 Παῦλος
908 1038 924 1061 ν
955 1022 1086 1076 Ὀτι
1125 1021 1244 1076 κᾶν
1281 1021 1475 1090 ἡμεῖς,
1507 1020 1546 1090 ἢ
1589 1021 1844 1092 ἄγγελος

261 1117 339 1181 ἐξ
377 1114 633 1184 οὐρανοῦ
660 1113 1099 1184 δὺαγγελίζηται
1125 1115 1268 1186 ὑμῖν
1297 1113 1432 1183 παρ’
1461 1112 1494 1168 ὁ
1530 1115 1841 1183 εὐηγγελι-

261 1206 520 1277 σάμεθα.
545 1205 809 1274 ἀνάθεμα
825 1207 998 1260 ἔστω.
1038 1205 1132 1273 Ὧς
1160 1207 1502 1275 προείρηκα,
1527 1205 1627 1259 καὶ
1656 1203 1843 1258 πάλιν

261 1298 451 1366 λέγωο
481 1297 555 1351 Εἴ
587 1313 678 1362 τις
703 1299 855 1366 ὑμᾶς
891 1297 1324 1368 εὐαγγελίζεται
1351 1297 1488 1364 παρ’
1518 1295 1550 1350 ὃ
1579 1295 1839 1364 παρελά-

263 1390 416 1454 ϐετε,
445 1387 712 1457 ἀνάθεμα
743 1387 918 1443 ἔστω.
962 1388 1114 1444 Ἐπεὶ
1156 1385 1249 1444 οῦν
1285 1388 1448 1452 αὐτὸς
1484 1385 1839 1456 λεπτομερῶς

259 1479 438 1532 ταῦτα
461 1477 800 1548 ὲξεκάλυψας
838 1481 894 1532 ὲν
918 1483 1032 1545 τοῖς
1063 1480 1353 1552 γράμμασί
1382 1496 1476 1532 σου
1495 1493 1509 1507 ·
1539 1478 1656 1532 δέον
1687 1479 1838 1532 πᾶσα

261 1571 481 1639 ἀνάγκη
510 1570 843 1640 ὁμολογῆσαί
873 1587 931 1624 σε
965 1569 1107 1624 οὕτω
1135 1574 1370 1648 φρονεῖνῗ
1397 1569 1568 1624 Τοῦτο
1599 1569 1656 1623 δὲ
1681 1567 1836 1621 ἔσται

258 1663 416 1727 πῶς;
473 1661 561 1714 ἴνα
597 1662 656 1712 ὲν
693 1661 771 1731 τῷ
806 1661 1132 1734 πληρώματι
1165 1663 1266 1733 τῆς
1309 1659 1604 1730 ἐπιστολῆς
1633 1659 1836 1729 ταύτης

256 1750 587 1824 ὐπογράψῃς
617 1751 761 1806 κατὰ
790 1752 853 1804 τὸ
881 1753 1250 1824 ἐμφερόμενον
1277 1751 1582 1812 πιττάκιον.
1602 1750 1711 1804 Καὶ
1737 1749 1832 1802 οὖ-

1953 578 2048 621 eos
2080 581 2272 622 omnes
2295 581 2435 636 quos
2460 568 2662 623 easdem
2693 577 2753 623 ut
2785 569 3119 628 orthodoxos
3159 573 3414 632 laudibus
3433 593 3532 633 ex-

1952 659 2213 712 tulerunt.
2262 659 2390 716 llaec
2454 676 2579 716 vera
2621 669 2704 718 est
2747 661 3181 719 Christianorum
3215 667 3394 723 ﬁdes:
3430 669 3534 726 hoc

1951 750 2326 806 testimonium
2373 751 2736 809 confessionis
2784 753 3010 809 Christi.
3069 753 3234 812 Extra
3279 759 3395 815 hazc
3432 763 3533 830 qui

1949 837 2134 900 sentit,
2167 837 2455 891 anathema
2479 838 2548 892 sit
2577 853 2607 892 a
2643 838 2837 904 'Patre,
2893 851 2946 895 et
2999 841 3159 910 Filio,
3222 855 3276 899 et
3323 845 3526 914 Spiritu

1949 934 2178 980 sancto:
2209 927 2353 980 sicut
2377 927 2574 983 Paulus
2603 929 2883 996 apostolus
2914 931 2992 984 ait
3029 949 3042 986 :
3079 930 3226 986 Licet
3281 951 3394 998 nos,
3433 945 3530 988 aut

1947 1021 2162 1086 angelus
2192 1018 2255 1072 de
2285 1019 2412 1072 caelo
2459 1021 2776 1091 evaugciizet
2820 1023 2962 1076 vobis
3004 1033 3352 1094 praterquam
3386 1027 3527 1096 quod

1945 1109 2435 1180 euangelizavimus.
2485 1113 2769 1168 anathema
2804 1115 2896 1170 sit.
2961 1111 3113 1168 Sicut
3176 1115 3424 1184 prtedixi,
3476 1130 3527 1172 et

1947 1218 2084 1256 nunc
2133 1203 2323 1256 iterum
2372 1204 2491 1257 dico
2526 1219 2544 1257 :
2574 1203 2632 1260 Si
2663 1207 2780 1275 quis
2803 1207 2946 1261 vobis
2971 1206 3291 1278 evangelizet
3329 1220 3526 1278 praeter

1943 1291 2085 1361 quod
2109 1293 2409 1362 accepistis,
2440 1293 2725 1349 anathema
2751 1298 2820 1350 sit
2837 1297 2882 1330 ⁸⁸
2908 1336 2922 1351 .
2949 1296 3217 1365 Quoniam
3247 1314 3375 1370 ergo
3405 1302 3524 1357 haec

1944 1383 2258 1452 singillatim
2294 1385 2598 1454 exposuisti
2642 1387 2696 1441 in
2732 1387 2926 1443 litteris
2961 1388 3068 1444 tuis
3105 1405 3120 1454 ;
3167 1404 3393 1445 necesse
3440 1403 3524 1448 est

1943 1487 2171 1544 prorsus
2221 1475 2538 1530 conﬁtearis
2600 1485 2652 1531 te
2681 1477 2754 1532 ita
2813 1480 3034 1534 sentire.
3088 1478 3205 1534 Hoc
3245 1495 3372 1535 vero
3427 1482 3523 1552 qui

1939 1559 2034 1615 ﬁet
2059 1561 2082 1614 ?
2111 1560 2170 1615 Si
2190 1561 2258 1616 ad
2281 1560 2440 1618 ﬁnem
2463 1563 2707 1632 cpistola:
2727 1564 2892 1634 hujus
2919 1566 3236 1622 subscribas
3263 1566 3418 1636 juxta
3437 1568 3524 1622 in-

1939 1660 2146 1706 sertum
2179 1653 2232 1706 in
2262 1669 2326 1707 ea
2357 1654 2664 1723 pittacium.
2698 1657 2874 1726 Atque
2902 1659 2974 1711 ita
3007 1674 3114 1727 pax
3141 1657 3254 1726 Dei,
3281 1675 3398 1729 quae
3424 1676 3522 1714 ea:-

1939 1751 2147 1810 superat
2171 1759 2372 1797 omnem
2399 1760 2630 1811 sensum,
2653 1748 2910 1801 custodiet
2935 1747 3004 1813 “,
3036 1764 3374 1820 praemiaque
3412 1750 3524 1805 alli-

250 1816 452 1910 cwgnr}
495 1816 710 1910 ..ς’ίρήνη
755 1842 862 1896 τοῦ
1093 1816 1148 1910 ’ἠ
1205 1842 1588 1912 ὑπερέχουσα
1631 1841 1828 1895 πάντα

1941 1834 2048 1888 ciet
2077 1848 2177 1890 nos
2224 1844 2279 1890 et
2307 1851 2405 1890 vos
2445 1837 2498 1891 in
2541 1854 2652 1894 uno
2704 1839 2900 1908 spiritu
2933 1849 2988 1895 et
3037 1855 3148 1894 uno
3211 1845 3396 1908 corde,
3458 1852 3520 1898 ut

250 1932 429 1995 γοῦν,
473 1931 822 2002 φρουρήσει,
850 1933 944 1985 καὶ
970 1931 1259 2002 βραϐεύσει
1293 1933 1440 2004 ἡμᾶς
1474 1948 1534 1985 τε
1561 1932 1656 1985 καὶ
1683 1931 1829 2001 ὑμᾶς

249 2026 314 2079 ὲν
355 2025 436 2079 ἑνὶ
476 2026 747 2094 πνεύματι
775 2025 870 2078 καὶ
914 2027 1011 2095 μιᾷ
1041 2025 1260 2096 καρδίᾳ,
1283 2025 1562 2089 πιστεύειν
1611 2023 1703 2078 καὶ
1731 2023 1829 2077 λα-

247 2113 472 2181 τρεύειν
522 2115 588 2184 τῇ
631 2113 762 2184 ἁγία
799 2113 991 2185 Τριάδι
1045 2114 1139 2167 ἐπὶ
1187 2115 1433 2187 σωτηρίᾳ
1486 2113 1595 2171 τῶν
1639 2131 1700 2167 τε
1746 2114 1828 2166 ol-

247 2208 418 2260 κείων
437 2207 646 2277 ψυχῶν,
673 2208 766 2260 καὶ
793 2206 886 2260 τοῦ
925 2207 1290 2278 διαιρεθέντος
1317 2205 1449 2263 λαοῦ
1481 2209 1561 2269 είς
1587 2205 1682 2260 δύο
1727 2203 1826 2276 μέ-

1932 1924 2243 1994 credatnus,
2289 1927 2645 2000 colamusque
2682 1939 2930 1986 sanctam
2959 1932 3305 1997 Trinitatem,
3337 1933 3404 1988 ad
3429 1947 3520 1988 sa-

1933 2015 2102 2071 lutem
2132 2026 2445 2072 nostrarum
2469 2020 2800 2086 animarum,
2828 2029 2883 2076 et
2909 2021 3090 2090 populi
3115 2019 3171 2074 in
3207 2022 3345 2076 duas
3384 2037 3515 2092 par-

1933 2118 2016 2164 tes
2050 2110 2267 2166 dissecti
2293 2129 2308 2164 .
2345 2126 2533 2166 coram
2563 2113 2768 2168 domno
2805 2113 3092 2169 Joannicio
3113 2114 3388 2183 spirituali
3419 2130 3518 2184 pa-

1929 2207 2011 2254 tre
2040 2213 2246 2267 nostro,
2281 2211 2445 2273 teque
2470 2213 2525 2258 et
2554 2213 2709 2274 patre
2735 2214 2792 2259 et
2819 2205 2990 2260 fratre
3011 2215 3204 2262 nostro
3246 2207 3517 2263 honoran-

247 2315 324 2367 ρη
343 2315 358 2328 ·
381 2298 639 2351 ἀπέναντι
658 2295 754 2351 τοῦ
773 2297 952 2369 κυροῦ
981 2297 1306 2352 Ἰωαννικίου
1327 2298 1421 2351 τοῦ
1447 2293 1824 2367 πνευματικοῦ
1931 2294 2002 2347 do
2026 2293 2197 2364 (58*).

247 2387 413 2462 ἡμῶν
441 2387 675 2458 Πατρός,
717 2389 814 2442 καὶ
859 2387 954 2442 σοῦ
997 2387 1091 2443 τοῦ
1133 2389 1316 2460 τιμίου
1349 2388 1445 2442 καὶ⁴
1483 2387 1690 2460 πατρὸς
1728 2385 1825 2449 καὶ
1859 2381 2091 2451 ἀδελφοῦ
2115 2385 2290 2455 ἡμῶν.

489 2503 629 2558 ΡΞΖ¹
652 2503 790 2575 (59).
819 2532 894 2544 —
915 2503 1174 2574 Διογένει
1214 2501 1564 2574 ἀσηκρῆτις,

2195 2495 2448 2552 CLXVII.
2476 2527 2548 2538 —
2572 2497 2794 2569 Diogeni
2818 2503 3100 2558 secretario
3122 2501 3218 2573 (⁸).

757 2617 834 2669 De
851 2618 1153 2670 sanctissima
1175 2619 1390 2684 imagine
1409 2617 1612 2680 Christi,
1645 2624 1701 2670 et
1730 2616 1860 2686 quod
1883 2612 2074 2667 adorari
2095 2613 2244 2665 relati
2261 2627 2320 2665 vo
2340 2614 2544 2675 debeat,
2568 2630 2667 2666 non
2688 2617 2832 2668 latria
2855 2619 2978 2670 coli.

847 2725 1204 2781 ΕΡΩΤΗΣΙΣ.

317 2813 446 2883 Πῶς
469 2813 567 2870 δεῖ
587 2816 799 2870 καλεῖν
824 2815 942 2883 τὴν
964 2818 1220 2884 Χριστοῦ
1240 2818 1461 2884 είκόνα,
1489 2816 1590 2876 καί
1612 2815 1741 2885 πῶς

657 2885 850 2955 αὐτὴν
877 2887 1244 2954 προσκυνεῖν
1267 2888 1406 2958 χρή.

833 3000 1221 3055 ΔΠΟΚΡΙΣῙΣ.

2471 2721 3010 2786 INTERROGATIO.

1988 2810 2260 2878 Quomodo
2281 2812 2598 2891 appellanda
2621 2817 2690 2868 sit
2719 2817 2892 2891 imago
2915 2816 3138 2885 Christi,
3157 2829 3209 2874 ct
3231 2821 3492 2891 quomodo

2292 2884 2439 2938 illam
2468 2894 2707 2954 oporteat
2732 2884 2989 2942 adorare.

2537 2993 2940 3054 RESPONSIO.

325 3113 392 3169 Ἦ
413 3112 677 3187 ἐρώτησις
699 3113 892 3181 διπλῆν
913 3113 1014 3182 τὴν
1037 3113 1331 3184 ἀπόκρισιν
1351 3112 1490 3184 ἔχει,
1513 3113 1683 3184 ἤγουν
1709 3110 1808 3181 τὴν

1979 3105 2333 3178 Intermgatio
2360 3108 2632 3178 duplicem
2686 3111 2852 3168 habet
2902 3116 3335 3184 responsionem,
3373 3117 3494 3172 sive

1930 3197 2363 3267 appellationem.
2405 3198 2614 3256 Dicitur
2688 3204 2836 3259 enim
2888 3215 2943 3260 et
2989 3207 3243 3276 proprie,
3294 3217 3348 3262 et
3391 3225 3499 3262 non

241 3299 331 3350 ἐπ’
352 3295 488 3367 αὐτῇ
515 3295 933 3366 ὀνομαζόμενον.
955 3293 1173 3364 Κυρίως
1196 3296 1296 3364 μὲν
1316 3294 1447 3366 γὰρ.
1475 3291 1640 3348 εἰκὼν
1669 3293 1809 3364 Χρι-

1941 3287 2147 3359 ιινορνίο,
2188 3287 2241 3342 id
2291 3290 2435 3358 quod
2497 3291 2550 3345 in
2611 3307 2676 3348 ea
2743 3295 3081 3352 nominatur.
3148 3295 3393 3370 Proprie,
3449 3304 3498 3358 si

241 3383 370 3438 στοῦ
396 3385 629 3454 εἴρηται,
647 3384 682 3454 ἡ
703 3383 868 3435 εἰκὼν
888 3382 1074 3435 αὐτοῦ’
1096 3381 1156 3434 ού
1179 3381 1383 3452 κυρίως
1402 3381 1481 3446 δὲ,
1501 3381 1628 3434 ὃταν
1649 3377 1810 3449 καλῆ-

1941 3394 2108 3448 ιειιιρο
2163 3382 2343 3452 imago
2377 3381 2604 3450 Christi,
2667 3385 2786 3454 ejus
2831 3388 3012 3460 imago
3064 3390 3320 3460 dicatur;
3389 3411 3496 3452 non

237 3493 330 3530 ται
361 3475 614 3546 Χριστὸς,
633 3473 770 3528 ἀλλὰ
802 3474 944 3527 κατά
973 3473 1308 3544 κατάχρησιν
1323 3472 1398 3536 ῶς
1424 3473 1555 3543 ἔχει.
1586 3472 1709 3526 Ἐπί
1743 3487 1805 3524 τε

1941 3471 2133 3541 »τορι-ἱο
2159 3481 2360 3537 autem,
2402 3472 2450 3528 si
2487 3475 2746 3533 Christus
2799 3481 3119 3550 appelletur,
3162 3485 3256 3539 sed
3285 3501 3380 3554 per
3405 3501 3499 3541 ca-

236 3567 334 3622 τοῦ
356 3565 620 3632 ζωοποιοῦ
644 3564 872 3634 σταυροῦ
889 3563 1090 3619 καὶτοῦ
1109 3565 1280 3618 τύπου
1299 3563 1484 3628 αὐτοῦ,
1511 3561 1804 3634 ὁμολογοῦν

1941 3564 2230 3619 achresim.
2288 3562 2347 3618 In
2422 3567 2634 3623 viviﬂca
2679 3571 2809 3625 item
2869 3589 3050 3642 cruce,
3125 3587 3178 3631 et
3251 3578 3306 3632 in
3375 3579 3496 3648 ejus

235 3659 299 3712 τὺ
328 3655 609 3728 θεώρημα.
656 3656 924 3718 Ὡσαύτως
968 3657 1064 3710 κα)⁵
1095 3657 1185 3708 ἐπὶ
1225 3656 1322 3725 τῆς
1359 3658 1800 3726 προσκυνήσεως,

1941 3651 2110 3722 ﬂigie,
2168 3670 2264 3724 par
2333 3667 2418 3712 est
2468 3661 2629 3716 ratio.
2694 3662 2785 3718 Sic
2837 3666 3001 3720 etiam
3067 3668 3120 3723 in
3178 3671 3494 3727 adoratinne

244 3748 648 3819 παραπλησίως
679 3747 756 3820 τῷ
785 3749 938 3819 τύπῳ
964 3747 1058 3801 τοῦ
1086 3749 1388 3818 σταυροῦ,ή
1411 3745 1799 3819 προσκύνησις.

1941 3745 2154 3814 naginis
2201 3747 2451 3804 similiter
2531 3761 2696 3822 atque
2752 3754 2810 3810 in
2863 3758 3045 3814 crucis
3124 3761 3298 3831 elligie
3331 3803 3347 3826 ,
3431 3779 3493 3819 se

235 3839 475 3912 Σχετικὴ
500 3838 632 3910 γὰρ,
660 3840 736 3902 ὼς
759 3839 868 3894 τῶν
897 3839 1032 3911 πρός
1058 3857 1111 3893 τι
1141 3838 1332 3903 ὄντων,
1354 3836 1711 3908 πρωτοτύπου
1738 3853 1800 3890 τε

1941 3835 2062 3890 ahet
2123 3837 2394 3896 adoratio.
2476 3840 2718 3899 lielativa
2787 3848 2935 3902 enim
2961 3858 3064 3914 est,
3099 3863 3356 3924 tanquam
3397 3874 3490 3915 eo-

235 3933 334 3985 καὶ
365 3930 594 3995 εἰκόνος,
619 3931 760 3985 κατά
778 3931 878 4000 τὴν
903 3929 1085 4000 φωνὴν
1112 3929 1205 3984 τοῦ
1231 3928 1470 4000 μεγάλου
1492 3927 1795 3986 Βασιλείου.

1941 3941 2019 3979 ιω
2045 3943 2169 4018 quia
2202 3931 2272 3983 ad
2318 3932 2530 4003 aliquid
2563 3944 2716 4000 sunt,
2763 3944 3039 4010 prototypi
3087 3953 3139 3999 et
3186 3945 3440 4017 imaginis
3467 3992 3486 4018 ,

243 4022 315 4074 Ἢ
343 4020 451 4091 γὰρ
481 4021 614 4091 τιμὴ
647 4020 746 4090 τῆς
779 4021 985 4084 είκόνος
1029 4019 1124 4074 ἐπὶ
1167 4019 1228 4073 τὺ
1269 4019 1622 4090 πρωτότυπον
1660 4018 1793 4072 ἀνα-

1941 4023 2048 4069 Ixta
2093 4015 2315 4072 eﬂ‘atum
2373 4020 2558 4090 magni
2589 4020 2779 4077 Basilii
2817 4025 2883 4079 "°.
2929 4026 3113 4082 Honor
3148 4015 3322 4084 enini—
3351 4015 3486 4090 ima;

231 4109 442 4164 σαίνει·
471 4108 586 4162 ἐστι
622 4109 731 4163 τῶν
760 4109 1082 4180 ἀμφοτέρων
1116 4108 1212 4179 μία
1239 4109 1274 4178 ὴ
1302 4106 1670 4178 προσκύνησις
1689 4121 1703 4136 ⁸
1731 4107 1794 4162 οὐ

1941 4108 2037 4162 inis
2077 4110 2338 4164 ascendit.
2378 4112 2444 4166 ad
2473 4123 2818 4185 prototypum
2845 4131 2865 4170 :
2897 4132 3004 4172 una
3025 4119 3225 4189 quippe
3253 4133 3336 4177 est
3367 4139 3484 4179 am-

231 4200 554 4271 σχιζομένη,
588 4201 709 4255 οὐδὲ
735 4201 1107 4272 διαιρουμένη.
1137 4199 1256 4255 ἀλλ’
1281 4201 1376 4252 ἐπὶ
1407 4200 1504 4270 μὲν
1524 4199 1620 4254 τοῦ
1644 4215 1796 4270 πρωο

1941 4214 2088 4254 orum
2127 4199 2395 4268 adoratio,
2426 4219 2532 4258 ιιοιι
2554 4205 2749 4272 scissa,
2784 4223 2963 4278 neque
3026 4209 3200 4267 divisa
3231 4229 3246 4279 ;
3281 4215 3372 4270 sed
3425 4216 3480 4274 in

228 4289 468 4344 τοτύπου
495 4289 768 4353 ούσιωδῶς
787 4305 803 4322 ο
833 4293 926 4343 ἐπὶ
953 4290 1012 4343 δὲ
1035 4288 1130 4343 τοῦ
1160 4289 1494 4360 παραγώγου
1528 4287 1794 4358 σχετικῶς

1941 4299 2177 4362 rototypo
2201 4293 2422 4362 quidem
2465 4297 2834 4352 essentialiter
2872 4301 3192 4368 exsistens,
3227 4307 3278 4359 iu
3306 4305 3478 4378 elligie

229 4381 588 4451 ὑπάρχουσα·
637 4380 823 4452 ὥσπερ
870 4383 964 4434 καὶ
1011 4380 1074 4434 τὸ
1115 4375 1255 4444 εἶδος
1291 4379 1393 4450 τῆς
1429 4379 1642 4451 μορφῆς
1667 4396 1681 4410 ⁸
1708 4381 1791 4434 ὅτι

1941 4398 2018 4438 πο
2078 4399 2360 4452 expressa,
2412 4387 2655 4444 relative.
2699 4390 3170 4460 Quemadmodum
3194 4407 3247 4453 et
3289 4375 3477 4456 formae

225 4473 349 4524 ἐκεῖ
371 4471 469 4542 μὲν
494 4471 758 4540 φυσικῶς.
792 4471 1025 4526 ἐνταῦθα
1044 4471 1101 4526 δὲ
1120 4471 1397 4542 μεθεκτῶς
1425 4471 1705 4541 πάρεστιν.
1733 4471 1792 4524 '0
1824 4467 1830 4522 l

1941 4474 2122 4541 iecies,
2153 4477 2265 4531 illic
2292 4477 2511 4550 quidem
2533 4481 2884 4549 naturaliter,
2939 4485 3028 4541 hic
3095 4503 3223 4542 vero
3254 4492 3476 4559 partici-

225 4563 364 4632 γοῦν
384 4562 703 4634 προσκυνῶν
723 4563 822 4634 τὴν
847 4563 1030 4617 είκόνα
1055 4562 1384 4625 οὑτινοσοῦν,
1405 4563 1516 4616 εἴτε
1534 4561 1792 4634 Χριστοῦ,

1941 4566 2129 4623 atione.
2173 4568 2276 4634 Qui
2298 4586 2427 4641 ergo
2480 4571 2675 4629 adorat
2710 4575 3003 4647 imaginem
3060 4581 3469 4654 cujuscunque,

224 4655 342 4710 εἴτε
370 4654 466 4723 τῆς
496 4654 780 4718 Θεοτόκου,
807 4655 918 4707 εῐτε
943 4653 1120 4722 ἁγίου,
1153 4653 1262 4707 εἴτε
1288 4652 1473 4716 ἁπλῶς
1511 4651 1793 4722 βασιλέως,

1945 4674 2008 4714 ve
2040 4659 2261 4726 Christi,
2295 4663 2409 4717 sive
2439 4662 2702 4738 Deiparze,
2727 4667 2841 4722 sive
2869 4670 3068 4734 sancti,
3099 4672 3215 4727 sive
3257 4651 3469 4745 simpli-

223 4747 340 4800 εἴτε
367 4745 650 4816 ἄρχοντος,
687 4745 796 4798 εῐτε
847 4745 1138 4816 ὑφειμένου
1181 4742 1490 4815 ἀνθρώπου,
1534 4743 1592 4796 έν
1619 4741 1796 4814 ταύτῃ

1946 4757 2024 4804 ter
2052 4751 2215 4822 regis,
2251 4753 2364 4810 sive
2382 4755 2648 4826 principis
2673 4797 2690 4822 ,
2721 4759 2836 4814 sive
2860 4761 3140 4819 inferioris
3173 4765 3410 4822 hominis
3446 4785 3463 4833 ;

220 4835 606 4907 προσεκύνησε
655 4836 749 4890 τὸν
792 4830 961 4908 οὗπερ
1002 4835 1138 4907 αὕτη
1175 4836 1436 4904 τυγχάνει
1465 4832 1662 4887 εἰκών·
1698 4833 1794 4886 καὶ

1941 4860 1948 4895 ι
1980 4842 2083 4897 hac
2107 4845 2352 4901 adoravit
2380 4847 2532 4903 illum
2566 4849 2726 4920 cujus
2759 4853 2873 4922 ipsa
2900 4863 2986 4909 est
3026 4855 3208 4927 imago
3239 4874 3254 4922 ;
3304 4866 3359 4912 et
3387 4830 3486 4914 ita.

217 4926 370 4980 οὕτω
397 4927 718 5000 προσκυνῶν
742 4928 801 4980 ού
829 4927 1120 4996 σφάλλεται
1181 4926 1294 4980 ἀλλ’
1317 4925 1612 4998 όρθοδόξως
1642 4925 1790 4995 ὲρει-

1941 4934 2130 4991 lorans
2163 4940 2270 4992 non
2314 4948 2512 5004 errat,
2539 4942 2633 4996 sed
2693 4944 3003 5002 orthodoxe
3059 4925 3323 5015 ﬁrmatus,
3367 4965 3464 5006 eos

213 5019 469 5089 δόμενος,
514 5019 641 5082 τοὺς
686 5019 770 5087 ἐφ’
804 5021 1041 5092 ἑκάτερᾳ
1067 5022 1133 5090 τῇ
1164 5019 1391 5091 ἀληθείᾳ
1435 5016 1789 5072 ἀντιπίπτονν

1941 5026 1980 5080 ui
2005 5028 2218 5082 veritati
2259 5030 2581 5085 alterutram
2613 5032 2664 5086 in
2694 5045 2907 5104 partem
2947 5037 3240 5104 obsistunt,
3267 5042 3463 5099 merito

211 5125 344 5173 τας,
375 5109 602 5172 ἐνδίκως
628 5109 1016 5182 ἀποκρούεται.
1048 5111 1203 5174 Τίνες
1231 5112 1287 5163 δὲ
1319 5104 1493 5176 οὗτος
1517 5109 1571 5164 οτ
1593 5125 1652 5161 τε
1679 5110 1788 5162 άπ-

1945 5117 2110 5186 pellit.
2151 5119 2385 5184 Quinam
2416 5137 2545 5176 vero
2570 5123 2624 5177 hi
2656 5127 2832 5180 sunt?
2867 5136 2980 5182 tum
3013 5129 3046 5183 ii
3078 5130 3170 5199 qui
3199 5148 3461 5188 veneran-

211 5199 563 5270 αναινόμενοι
593 5205 918 5270 προσκυνεῖν
947 5201 1046 5264 τὰς
1089 5201 1290 5266 σεπτὰς
1317 5201 1532 5264 εἰκόνας
1556 5218 1570 5233 ο
1613 5203 1705 5254 καὶ
1735 5201 1786 5253 oi

1941 5221 1978 5260 IS
2005 5203 2267 5274 imagines
2306 5208 2544 5266 adorare
2569 5212 2821 5269 abnuunt
2854 5233 2870 5282 ;
2901 5227 3014 5272 tum
3048 5218 3084 5273 ii
3133 5221 3224 5289 qui
3255 5221 3459 5275 inado-

208 5295 274 5348 ἰν
325 5293 393 5362 τῇ
440 5293 806 5365 προσκυνήσει
845 5293 1113 5362 λέγοντες,
1167 5293 1306 5348 αὐτὰ
1341 5295 1409 5347 τὰ
1453 5294 1780 5363 πρωτότυπα

1945 5297 2087 5353 tione
2121 5299 2326 5367 dicunt,
2354 5311 2643 5376 prototypa
2692 5305 2808 5377 ipsa
2843 5325 2903 5367 se
2943 5310 3168 5383 physice
3195 5312 3455 5379 adorare;

290 5421 338 5456 ⁸⁸
362 5422 539 5482 Galat.
569 5442 612 5494 l,
690 5429 743 5498 8,
776 5430 832 5488 9.
903 5430 948 5472 ε’
975 5429 1171 5500 Philip.
1199 5445 1274 5497 tv,
1334 5429 1384 5488 7.
1452 5430 1500 5464 "°
1535 5427 1693 5484 Tom.
1722 5427 1788 5494 ll,
1819 5457 1830 5484 λ

1941 5430 2127 5502 Spiritu
2162 5449 2368 5504 sancto.
2404 5454 2457 5499 c.
2491 5439 2582 5507 18,
2612 5456 2668 5513 ι).
2703 5441 2825 5506 189.

1712 5548 1948 5614 NOTAE.

279 5660 431 5737 (58*)
458 5663 734 5737 Baronius
753 5667 846 5735 qui
867 5666 932 5722 ad
955 5682 1088 5737 ann.
1113 5667 1236 5732 8i5,
1265 5683 1320 5722 n.
1345 5666 1434 5734 68,
1457 5669 1600 5724 hanc
1619 5670 1775 5737 epist.

202 5734 428 5797 recitat,
459 5743 608 5788 notat
644 5734 888 5789 ultimam
947 5736 1176 5792 fortasse
1219 5737 1388 5794 fuisse
1424 5755 1454 5793 a
1491 5734 1778 5795 Theodoro

206 5807 426 5870 datam,
466 5804 732 5882 siquidem
777 5821 921 5868 anno
971 5811 1218 5877 sequenti
1251 5825 1283 5866 ο
1331 5810 1466 5870 \ivis
1525 5813 1776 5872 excessit.

239 3205 457 3277 κλῆσιν.
496 3203 728 3274 Λέγεται
758 3203 868 3273 γὰρ
910 3203 1004 3256 καὶ
1040 3202 1264 3274 κυρίως,
1299 3203 1393 3256 καὶ
1421 3202 1482 3255 ού
1515 3201 1722 3271 κυρίως
1745 3199 1808 3253 τὸ

1959 5666 2168 5748 (§_9)_ln
2195 5668 2318 5748 cod.
2342 5669 2474 5742 Reg.
2509 5673 2649 5748 ρηθν.

1954 5738 2030 5810 (⁸)
2063 5737 2392 5808 Dogmatica.
