4102 6374
651 353 780 437 1531

1838 371 1902 433 S.
1939 371 2336 438 THEODORI
2377 380 2724 452 STUDITAE
3777 394 3912 462 1532

642 499 878 556 quorum
928 498 1028 554 par
1052 492 1136 539 est
1181 492 1543 554 utrorumque
1584 483 1970 554 blasphemia:
2011 486 2226 542 illorum

2329 498 2578 564 φυσικῶς
2635 506 2997 573 προσκυνεῖν·
3057 499 3133 561 ὧν
3197 509 3528 582 ἀμφοτέρων
3595 511 3800 582 ἐπίσης
3856 510 3914 563 τὸ

641 574 888 644 quidem,
931 574 1108 644 utqui
1169 573 1567 628 incarnationis
1618 574 1941 642 mysterium
1981 577 2219 643 tollant;

645 668 836 722 borum
855 681 1005 732 vero,
1034 672 1108 734 jut
1136 665 1232 735 qui
1261 664 1394 719 deos
1419 665 1532 718 sive
1560 664 1897 719 substantias
1928 665 2128 720 faciant
2159 681 2224 722 ea

643 778 766 830 qua:
800 771 997 816 natura
1035 759 1224 829 procul
1271 759 1476 813 absunt
1525 772 1556 811 a
1607 757 1932 828 prototypis.
1973 758 2224 828 Quapro-
2301 771 2306 774 '

646 867 762 925 pter
787 854 1063 907 adoranda
1089 861 1172 908 est
1204 853 1384 922 imago
1417 850 1620 905 Christi
1652 849 1763 918 (hic
1786 850 1928 905 enim
1954 860 2037 905 est
2079 853 2254 932 colo-\

647 948 788 1013 plion
817 943 1237 1012 dissertationis)
1288 943 1533 1005 relative,
1605 951 1913 996 nonautem
1946 943 2094 996 cultu
2143 941 2224 993 la-

646 1035 792 1086 trize:
818 1033 920 1087 hoc
944 1032 1088 1084 enim
1105 1041 1314 1084 natura:
1339 1031 1443 1098 ipsi
1484 1030 1691 1084 Christi
1718 1029 1976 1083 convenit
2005 1043 2227 1098 ;quan-

643 1125 938 1192 doqttident
972 1122 1131 1176 unica
1159 1131 1245 1176 est
1307 1120 1591 1176 Trinitatis
1647 1121 1823 1175 latria.
1872 1121 1951 1174 Ac
1977 1137 2044 1174 ne
2111 1119 2226 1189 ipsa

644 1215 864 1284 quidem
889 1213 1115 1282 Deipara
1155 1212 1380 1266 colenda
1405 1221 1488 1266 est
1534 1213 1714 1276 latria,
1743 1227 1919 1281 neque
1953 1226 2086 1266 crux
2113 1211 2228 1279 ipsa

643 1304 878 1358 viviﬁca.
933 1302 1023 1358 Sic
1068 1319 1243 1373 neque
1300 1302 1503 1358 Christi
1549 1301 1769 1372 imagini
1818 1300 2106 1356 deferenda
2147 1309 2232 1356 est

643 1397 934 1459 l:itria,sed
962 1397 1211 1451 adoratio
1245 1414 1258 1450 :
1291 1396 1362 1449 ita
1401 1404 1460 1450 ut
1493 1410 1684 1450 omnes
1721 1393 2098 1450 adorationes.
2133 1408 2232 1462 per

644 1487 1052 1541 mediaillorum
1078 1497 1401 1557 ,prototypa,
1429 1487 1496 1540 ad
1523 1500 1685 1540 unam
1717 1485 2229 1553 solamquazsancta:

646 1578 937 1635 Trinitatis
987 1581 1358 1635 adorationem
1429 1579 1757 1634 refcrantur.
1821 1579 1954 1632 Alia:
1994 1591 2230 1646 namque

642 1687 751 1727 non
785 1673 1103 1736 latreuticae,
1136 1673 1231 1728 sed
1304 1672 1596 1726 adorativae
1641 1686 1855 1732 omnes,
1929 1668 2228 1724 secundum

646 1765 947 1821 discrimen
969 1766 1252 1822 inferioris
1277 1775 1370 1821 aut
1389 1764 1683 1819 eminentis
1714 1776 1982 1832 personae.

885 1976 1430 2039 CLXVlll.—Joanni
1462 1971 1818 2033 Grammatice
1845 1969 1942 2041 (³⁸).

2333 586 2654 661 βλάσφημον
2675 610 2690 625 ⁸
2734 595 2844 647 τῶν
2884 597 3002 665 μὲν.
3036 598 3112 662 ὡς
3145 601 3514 674 ἀναιρούντων
3545 603 3608 656 τὸ
3633 605 3738 671 τῆς
3771 604 3910 657 οἰκο-

2331 681 2523 752 νομίας
2557 689 2892 756 μυστήριον·
2928 689 3037 742 τῶν
3089 693 3145 746 δὲ
3194 693 3271 754 ὡς
3323 695 3747 758 θεοποιούντων,
3799 697 3914 763 ἦτοι

2329 771 2783 831 οὑσιοποιούντων
2821 779 2890 832 τὰ
2934 783 3150 852 μακρὰν
3179 786 3457 856 ἀπέχοντα
3498 788 3567 857 τῇ
3600 786 3768 855 φύσει
3811 787 3914 839 ἀπὺ

2328 863 2438 918 τῶν
2501 869 2898 937 πρωτοτύπων.
2956 875 3263 947 Τοιγαροῦν
3328 879 3750 950 προσκυνητέον
3820 880 3914 948 τὴν

2329 957 2516 1013 εἰκόνα
2537 961 2775 1030 Χριστοῦ
2797 981 2812 995 ’
2845 957 2948 1020 ὧδε
2981 968 3091 1040 γὰρ
3121 971 3149 1022 6
3172 970 3419 1041 κολοφὼν
3453 973 3550 1025 τοῦ
3571 973 3770 1043 λόγου-
3799 991 3916 1044 σχεο

2327 1050 2518 1116 τικῶς,
2549 1053 2666 1107 ἀλλ’
2710 1055 2770 1109 οὑ
2812 1058 3175 1130 λατρευτέονο
3208 1063 3370 1117 τοῦτο
3401 1064 3511 1137 γὰρ
3546 1066 3800 1134 φυσικῶς
3833 1067 3914 1119 ἐπ’

2330 1142 2496 1196 αὑτοῦ
2531 1145 2805 1217 Χριστοῦο
2843 1149 3075 1223 ἐπείπερ
3118 1154 3151 1223 ἡ
3195 1153 3425 1225 λατρεία
3467 1156 3567 1227 μία
3611 1159 3717 1226 τῆς
3747 1157 3792 1208 Τ
3797 1155 3917 1226 pui-

2330 1234 2439 1298 δος.
2471 1237 2583 1290 Καὶ
2616 1239 2738 1292 οὑδὲ
2765 1240 2902 1312 αὑτῇ
2930 1242 3178 1317 Θεοτόκῳ
3203 1245 3530 1318 λατρευτέον
3553 1263 3568 1278 °
3608 1247 3737 1300 οὐδὲ
3770 1246 3918 1315 αὑτῷ

2331 1325 2412 1390 τῷ
2439 1325 2687 1399 ζωοποιῷ
2713 1331 2954 1403 σταυρῷ.
2989 1333 3174 1398 Οὕτως
3217 1336 3339 1389 οὑδὲ
3370 1339 3435 1408 τῇ
3467 1336 3718 1408 Χριστοῦ
3751 1337 3919 1388 εἰκόνι

2335 1415 2660 1486 λατρευτέον
2679 1437 2694 1452 ·
2726 1421 2861 1476 ἀλλά
2891 1427 3301 1495 προσκυνητὲον
3322 1441 3338 1457 ⁸
3374 1429 3567 1481 πασῶν
3607 1429 3722 1481 τῶν
3753 1444 3919 1498 προσ⁸

2334 1510 2616 1580 κυνήσεων
2671 1511 2760 1566 διὰ
2801 1514 2967 1583 μέσου
3009 1517 3121 1570 τῶν
3162 1520 3284 1572 κατ’
3315 1522 3483 1584 αὑτὰς
3513 1521 3914 1591 πρωτοτὺπων,

2331 1601 2426 1652 ἐπὶ
2466 1601 2565 1668 τὴν
2605 1603 2735 1672 μίαν
2765 1606 2860 1660 καὶ
2922 1608 3091 1679 μόνην
3137 1609 3500 1683 λατρευτικὴν
3539 1611 3918 1682 προσκύνησιν

2329 1694 2429 1762 τῆς
2481 1693 2644 1761 ἁγίας
2676 1696 2906 1768 Τριάδος
2926 1701 3367 1773 ἀναφερομένων.
3403 1706 3468 1757 Ai
3499 1703 3611 1775 γὰρ
3667 1703 3827 1758 ἄλλαι
3856 1701 3917 1755 οὑ

2329 1782 2706 1855 λατρευτικαὶ,
2736 1790 2873 1845 ἀλλὰ
2927 1797 3300 1866 προσκυνηταὶ
3356 1796 3600 1860 ἅπασαι,
3659 1795 3808 1848 κατὰ
3860 1795 3919 1848 τὸ

2330 1874 2586 1948 διάφορον
2643 1879 2738 1932 τοῦ
2790 1881 3174 1956 ὑφειμένου,ἧ
3231 1885 3565 1956 προύχοντος
3594 1885 3914 1957 προσώτου.

2545 1973 2694 2026 ΡΞΗ⁹
2723 1973 2856 2046 (60).
2880 2003 2955 2018 -—
2986 1977 3234 2048 Ἰωάννῃ
3257 1978 3678 2051 Γραμμτικῷ.
3757 1977 3912 2051 [ἓξ-1

2032 2059 2158 2122 Quid
2181 2059 2248 2110 sit
2267 2062 2604 2124 suppositum.

713 2184 937 2241 Minime
965 2180 1207 2236 fucatum
1275 2177 1506 2231 sincerae
1559 2171 1842 2227 charitatis
1907 2167 2200 2222 candorem

641 2275 1040 2334 demonstravit
1070 2270 1464 2327 honorabilitas
1521 2274 1611 2320 tua
1647 2267 1699 2320 in
1761 2263 1848 2317 his
1897 2275 2018 2331 quae
2056 2257 2226 2313 corri-

639 2370 812 2443 genda
841 2365 1149 2423 observavit
1180 2369 1232 2416 in
1257 2363 1396 2416 libro
1425 2375 1455 2413 a
1484 2359 1642 2412 nobis
1688 2355 1954 2423 imperitis
1997 2365 2224 2419 compo-

639 2466 771 2518 sito.
805 2460 871 2513 Et
907 2469 1068 2514 erunt
1127 2457 1214 2509 illa
1271 2453 1492 2523 quidem
1552 2449 1832 2520 sigillatim
1890 2461 2013 2502 cum
2084 2444 2225 2496 libro

641 2550 992 2608 conferenda.
1031 2547 1184 2614 Quod
1226 2559 1354 2598 vero
1382 2540 1661 2604 hazsitasti,
1687 2554 1796 2607 quo
1827 2546 1986 2607 pacto
2018 2548 2224 2602 suppo-

643 2644 809 2696 situm
839 2641 920 2694 sic
957 2635 1432 2698 intellexerimus;
1464 2629 1620 2701 quasi
1666 2630 1823 2683 aliter
1861 2636 1961 2680 ate
1991 2625 2228 2693 accipia-

641 2744 750 2796 tur,
790 2733 932 2787 sicut
962 2726 1283 2799 signilicasti
1324 2723 1740 2778 :ltazsitavintus
1796 2735 1896 2774 nos
1952 2732 2171 2787 quoque
2207 2751 2226 2782 ,

640 2826 920 2895 quomodo
971 2819 1243 2876 litesitarit
1288 2818 1374 2871 vir
1431 2815 1795 2882 undequaque
1853 2809 2225 2864 doctissimus.

643 2914 999 2984 Sttppositum
1027 2909 1329 2971 autem,vir
1357 2904 1698 2969 admirando,
1733 2904 1923 2957 beatus
1943 2900 2226 2963 Leontius,

639 3009 798 3077 cujus
824 3006 1032 3062 scholia
1062 3012 1281 3058 exstant
1330 2999 1808 3071 praestantissima,
1866 2996 2227 3051 substantiam

642 3115 767 3154 esse
796 3099 929 3154 dicit
955 3112 1079 3151 cum
1116 3094 1419 3166 hypostasi.
1451 3092 1587 3146 Dicit
1615 3106 1777 3160 porro
1809 3099 1862 3144 et
1881 3104 2108 3158 magnus
2132 3087 2231 3139 Ba-

641 3193 824 3253 silius,
856 3206 960 3243 nou
989 3189 1043 3242 in
1071 3189 1365 3256 supposito.
1417 3187 1485 3240 de
1513 3195 1701 3240 sancta
1721 3183 1948 3253 loquens
1991 3181 2229 3236 Trinita-

641 3292 719 3339 te.
761 3282 868 3336 Srd
898 3290 952 3335 et
981 3278 1422 3349 sapientissimus
1453 3276 1745 3347 Dionysius
1801 3275 2038 3344 quodam
2109 3274 2230 3328 loco

2397 2168 2472 2220 T6
2497 2170 2862 2244 ἀνυπόκριτόν
2889 2191 2984 2227 σου
3017 2175 3118 2244 τῆς
3145 2175 3472 2249 εἰλικρινοῦς
3503 2178 3732 2248 ἀγάπης
3753 2179 3914 2233 δέδει-

2325 2277 2421 2331 χεν
2454 2262 2489 2332 ἡ
2517 2265 2771 2337 τιμιότης
2806 2283 2900 2320 σου
2929 2269 2988 2321 ὲν
3016 2271 3132 2333 τοῖς
3163 2269 3633 2341 ἐπανορθωτικοῖς
3667 2272 3910 2341 σημειῶ-

2328 2369 2484 2423 μασι,
2520 2354 2615 2410 τοῦ
2652 2357 2789 2429 πρὸς
2824 2360 2985 2430 ήμῶν
3011 2360 3123 2415 τῶν
3155 2363 3384 2434 ἀμαθῶν
3409 2363 3809 2433 συνταχθέντας
3831 2364 3912 2417 λό-

2327 2462 2450 2515 γου.
2477 2449 2589 2502 Καὶ
2611 2448 2725 2520 ἔχει
2750 2451 2849 2522 μὲν
2871 2453 3055 2507 ἐκεῖνα
3080 2453 3253 2519 οὕτως
3269 2455 3302 2527 ἢ
3321 2455 3495 2519 οὕτως
3513 2459 3911 2528 συγκεκρξσθιιι

2324 2539 2404 2609 τῷ
2430 2539 2592 2612 λόγῳ.
2643 2542 2861 2615 Ἐπειδὴ
2890 2543 2948 2598 δὲ
2972 2545 3240 2618 ἠπόρησε,
3273 2547 3389 2610 πῶς
3414 2550 3544 2619 ἡμῖν
3569 2549 3827 2620 νενόηται
3853 2553 3910 2602 τδ

2327 2633 2707 2703 ὑποκείμενον,
2738 2636 2830 2689 καὶ
2860 2636 2935 2700 ὡς
2967 2637 3141 2702 ἄλλως
3169 2639 3616 2710 ὲκλαμϐἁνεσθαι
3653 2621 3790 2712 παρ’
3819 2643 3912 2695 αὖ-

2325 2723 2422 2776 τοῦ
2477 2723 2636 2797 [Cod.
2685 2725 2820 2798 Reg.
2850 2727 3069 2801 αὑτῆς],
3111 2729 3258 2783 καθὰ
3309 2730 3747 2802 ὑπεσημῄνατοο
3793 2749 3910 2784 συν-

2326 2820 2689 2890 ηπορὴσαμεν
2736 2820 2834 2874 καὶ
2865 2821 3046 2892 ἡμεῖς,
3079 2822 3161 2875 ὃτι
3187 2822 3470 2894 ἠπόρησεν
3502 2825 3530 2876 6
3555 2823 3693 2894 περὶ
3736 2827 3911 2879 πάντα

2329 2910 2514 2978 σοφός.
2572 2910 2646 2962 Τὸ
2702 2911 2814 2980 γὰρ
2865 2913 3248 2982 ὑποκείμενον,
3299 2908 3344 2968 ὧ
3407 2914 3708 2985 θαυμάσιε,
3774 2919 3912 2969 κατὰ

2327 3002 2579 3056 Λεόντιον
2606 3003 2699 3056 τὸν
2731 3004 3027 3076 μακάριον,
3065 2997 3127 3058 οὗ
3151 3005 3221 3060 τά
3251 3005 3437 3076 σχόλια
3463 3008 3788 3080 ὑπερκαλῆ,
3817 3008 3906 3060 otio

2331 3091 2450 3144 σίαν
2478 3088 2618 3147 εἶναι
2648 3093 2800 3162 λέγει
2844 3095 2984 3166 μετά
3026 3096 3397 3161 ὑποστάσεως.
3429 3098 3594 3166 Λέγει
3631 3099 3690 3152 δὲ
3739 3101 3837 3152 καὶ
3879 3102 3908 3153 6

2275 3245 2286 3258 ,
2333 3183 2504 3256 μέγας
2533 3184 2832 3250 Βασίλειος.
2859 3187 2971 3240 οὐκ
3012 3188 3084 3241 ἐν
3125 3186 3206 3253 τῷ
3246 3189 3640 3258 ὑποκειμένῳ,
3675 3192 3774 3245 ἐπὶ

2328 3274 2491 3343 ἁγίας
2521 3275 2775 3347 Τριάδος.
2821 3276 2982 3330 Ἀλλὰ
3005 3276 3114 3349 γὰρ
3143 3278 3239 3331 καὶ
3267 3281 3294 3332 6
3320 3279 3598 3349 πάνσοφος
3631 3281 3908 3343 Διονύσιος

640 3375 756 3429 ait:
789 3371 987 3426 tMulta
1012 3370 1253 3440 quidem,
1284 3369 1491 3424 ratione
1506 3369 1861 3423 accidentium
1889 3384 1902 3433 ;
1935 3368 2029 3422 sed
2060 3383 2226 3422 unum

2331 3362 2433 3424 ὧδέ
2463 3368 2566 3422 πού
2599 3387 2732 3440 φησι
2764 3369 2856 3422 τόο
2889 3370 3100 3424 «Πολλά
3126 3372 3238 3435 τοῖς
3275 3371 3706 3440 συμϐεϐηκόσιν,
3748 3374 3810 3426 ἓν
3837 3373 3909 3444 τῷ

641 3471 853 3525 ratione
905 3466 1196 3539 suppositi.
1228 3466 1545 3520 Accidentia
1589 3473 1769 3519 autem
1807 3481 1914 3518 non
1957 3465 2010 3518 in
2091 3465 2222 3520 sub-

2331 3431 2695 3534 ὑποκειμένω.
2725 3462 3118 3533 Συμϐεϐηκότα
3154 3431 3421 3518 δὲόὑκ-ὲν
3457 3431 3527 3536 cii
3552 3431 3793 3518 καθόλου
3822 3431 3912 3519 οὐζ

643 3563 842 3619 stantia
883 3561 1206 3622 universali,
1268 3559 1364 3615 sed
1416 3559 1470 3613 in
1544 3559 1824 3630 hypostasi
1883 3565 2220 3628 spectantur,

645 3654 789 3707 sicut
826 3652 1022 3704 nosti.)
1065 3651 1250 3719 Itaque
1272 3647 1525 3703 cmnait:
1563 3667 1581 3698 ι
1622 3645 1788 3700 Multa
1815 3645 2032 3715 quidem
2053 3644 2220 3699 ratio-

645 3762 714 3801 ne
739 3744 1124 3808 accidentium,
1144 3757 1455 3797 unnmwro
1471 3741 1680 3794 ratione
1697 3739 1960 3809 suppositi
1993 3755 2006 3792 :
2039 3756 2058 3788 ›
2091 3752 2221 3808 sup-

645 3837 880 3906 positutn
912 3834 1177 3890 intellexit
1215 3834 1575 3889 sub5tantiam
1607 3849 1730 3886 cum
1787 3831 2065 3904 bypostasi
2091 3850 2106 3898 ;
2133 3847 2228 3886 ne-

643 3943 771 3997 que,
804 3938 860 3982 ut
880 3943 1023 3991 reor,
1075 3927 1233 3981 aliter
1259 3941 1422 3997 quam
1457 3925 1664 3988 debuit,
1695 3925 1747 3978 in
1791 3924 1929 3978 libro
1959 3924 2222 3994 scriptum

644 4030 747 4075 est.
783 4019 965 4084 Quare
993 4017 1162 4084 enim,
1195 4019 1242 4074 si
1288 4033 1396 4073 non
1430 4025 1515 4072 est
1538 4033 1705 4070 unum
1767 4017 2068 4086 supposito,
2110 4032 2222 4071 non

644 4113 818 4166 tribus
848 4113 1012 4166 etiam
1059 4111 1373 4166 nominibus
1406 4121 1459 4165 et
1485 4110 1648 4165 rebus
1683 4125 1713 4164 a
1755 4110 2021 4180 theologis
2051 4109 2224 4178 CXpli-

641 4200 855 4253 cabitur
885 4199 909 4252 7
945 4200 1019 4252 ita
1069 4208 1127 4253 ut
1164 4201 1507 4268 suppositum
1565 4199 1713 4254 aliud
1777 4200 1910 4254 nihil
1941 4201 2012 4254 sit
2056 4215 2218 4270 quam

641 4292 948 4345 substantia
970 4307 1092 4346 cum
1123 4293 1425 4363 Itypostasi.
1469 4292 1627 4358 Quod
1662 4294 1707 4346 si
1739 4294 1867 4361 quid
1893 4294 2108 4348 atutius
2138 4293 2221 4348 in-

639 4396 860 4439 ventum
902 4385 1069 4440 fuerit
1119 4400 1151 4438 a
1209 4386 1495 4440 sanctitate
1527 4393 1640 4452 tua,
1700 4386 1755 4440 id
1826 4387 2020 4442 docere
2070 4401 2216 4451 nos,

639 4487 695 4532 et
716 4477 1042 4548 perpolitum
1071 4478 1140 4532 ab
1173 4478 1290 4548 ipsa
1320 4493 1520 4532 munus
1546 4479 1813 4548 impertiri
1844 4495 1950 4533 non
1977 4488 2216 4535 recuset.

2328 3553 2440 3628 σῑᾳ,
2491 3555 2606 3610 ἀλλ’
2633 3557 2690 3610 ὲν
2719 3558 2788 3627 τῇ
2815 3556 3109 3610 ὑποστάσει
3149 3556 3510 3628 τεθεώρηται,
3549 3557 3626 3620 ὡς
3670 3553 3858 3614 οἶσθα.
3889 3578 3908 3611 ι

2327 3647 2494 3702 Ὥστε
2534 3647 2704 3702 εἰπὼν
2729 3649 2823 3702 τό·
2855 3666 2875 3700 ι
2908 3649 3086 3704 Πολλά
3119 3652 3230 3714 τοῖς
3261 3649 3700 3722 συμϐεϐηκόσιν,
3733 3649 3798 3704 ἓν
3839 3649 3910 3718 τῷ

2327 3739 2692 3811 ὑποκειμένῳε
2733 3760 2752 3794 ι
2807 3741 2866 3794 τὸ
2909 3743 3301 3813 ὑποκείμενον,
3338 3743 3527 3797 οὑσίαν
3578 3744 3720 3815 μετὰ
3773 3745 3907 3798 ὑπο-

2330 3833 2573 3895 στάσεως
2604 3833 2825 3904 εῐληιρε·
2855 3836 2949 3889 καί
2973 3835 3072 3888 οὑκ
3097 3835 3203 3901 ἐξω
3233 3835 3325 3889 τοῦ
3359 3836 3590 3902 εὶκὸτος,
3621 3835 3697 3900 ὡς
3728 3833 3909 3906 οἶμαι,

2327 3924 2406 3994 τῷ
2436 3924 2650 3978 κεῖσθαι
2679 3927 2738 3979 ὲν
2768 3925 2846 3995 τῷ
2876 3925 3036 3996 λόγῳ.
3070 3926 3194 3990 Πῶς
3224 3928 3333 3998 γάρ
3372 3928 3440 3982 ἂν
3487 3929 3564 3998 τῷ
3611 3927 3686 3998 μὴ
3727 3928 3793 3980 ἓν
3837 3928 3911 3996 τῷ

2327 4019 2692 4088 ὑποκειμένῳ,
2716 4017 2790 4089 μὴ
2813 4019 2936 4088 οὐχὶ
2956 4020 3102 4088 τρισὶ
3130 4019 3225 4072 καὶ
3251 4020 3477 4088 ὀνόμασι
3501 4021 3595 4073 καὶ
3617 4020 3910 4091 πράγμασι

2328 4108 2822 4181 θεολογηθήσεται;
2877 4110 2953 4173 ῶς
3003 4106 3142 4164 εἷναι
3200 4110 3261 4163 τὸ
3326 4111 3686 4182 ὑποκείμενον
3755 4113 3908 4166 οὐδὲν

2326 4202 2476 4266 ἄλλο,
2507 4203 2542 4273 ἢ
2566 4203 2753 4256 οὐσίαν
2789 4203 2928 4272 μετά
2956 4203 3326 4268 ὑποστάσεως.
3373 4205 3436 4257 Ei
3474 4205 3530 4257 δέ
3575 4222 3630 4258 τι
3671 4206 3911 4259 ὀπτικὼο

2325 4311 2482 4364 τερον
2504 4293 2811 4366 ἐξενεχθείη
2839 4293 2996 4365 [Cod.
3019 4295 3151 4366 Reg.
3190 4294 3526 4368 ὲξευρεθείη]
3555 4299 3610 4349 ὲν
3644 4301 3709 4367 τῇ
3737 4301 3908 4366 ἁγιωο

2326 4388 2458 4460 σύνῃ
2482 4405 2594 4454 σου,
2617 4389 2693 4459 μὴ
2711 4390 3117 4460 παραιτήσηται
3132 4388 3360 4454 διδάξαι,
3378 4391 3438 4443 τὸ
3453 4391 3626 4460 δῶρον
3645 4393 3782 4461 προς
3803 4393 3891 4443 αὕη

2323 4480 2424 4551 τῆς
2443 4479 2793 4548 ὲγκαλλωπιζ
2808 4480 3002 4550 όμενον
3031 4480 3187 4553 [Cod.
3221 4480 3355 4552 Reg.
3380 4481 3903 4552 ἑγκωμιαζὸμενον].

741 4590 973 4648 CLXIX.
1027 4623 1100 4634 ——
1157 4591 1608 4666 Theodorusupro
1656 4591 1933 4647 Eustratio
1999 4611 2211 4665 prwpo-

2326 4593 2464 4653 ΡΞΘ¹
2496 4593 2630 4666 (61).
2659 4623 2728 4636 -—
2758 4593 3058 4662 Θεόδωρος
3098 4593 3251 4666 ὑπὲρ
3279 4595 3675 4666 -Εὐστρατίου
3725 4594 3899 4662 ἢτοι»-

1284 4665 1386 4717 sito
1420 4663 1550 4734 (μ).

2877 4666 3088 4734 μένου.
3125 4663 3298 4737 [ψιδ’.ἳ

1503 4755 1643 4814 Quod
1668 4753 1893 4806 Christus
1917 4755 1983 4806 sit
2003 4740 2461 4823 incircumscriptus
2490 4762 2543 4806 et
2563 4753 2989 4818 circumscriptus.

711 4863 1042 4933 Propositio,
1099 4877 1261 4932 quam
1314 4875 1462 4916 sanm
1521 4861 1788 4916 doctrina:
1835 4863 2143 4930 arbitraris,
2182 4880 2216 4918 ο

2393 4865 2468 4916 Τὸ
2498 4861 2791 4932 πρόϐλημα
2833 4860 2928 4927 τῆς
2962 4857 3227 4928 δοκούσης
3276 4876 3360 4912 σοι
3403 4857 3677 4925 εὐδοξίας,
3710 4854 3754 4914 ὦ
3781 4861 3890 4923 τᾶν,

597 5019 604 5031 ,
637 4959 837 5020 amice,
895 4967 952 5010 ut
985 4957 1121 5011 alias
1153 4956 1537 5010 antecedentes
1563 4954 1646 5008 vel
1696 4955 2091 5026 subseqttentes
2137 4956 2224 5011 di-

635 5050 962 5114 ctiunculas,
999 5061 1254 5117 tanquam
1273 5049 1480 5118 ineptas
1505 5057 1556 5102 et
1583 5048 1814 5103 soluacas
1842 5049 2088 5102 omittam
2112 5064 2127 5114 ;
2153 5047 2221 5102 ad

633 5143 860 5198 verbum
893 5153 975 5198 est
1002 5143 1312 5212 huiusmodi
1337 5160 1351 5196 :
1376 5139 1833 5212 Quandoquidem
1854 5140 2104 5198 Christus
2123 5159 2220 5198 ve-

635 5250 732 5289 rus
763 5232 906 5288 Deus
925 5242 1130 5298 noster,
1152 5233 1289 5288 duas
1313 5241 1556 5297 naturas,
1575 5233 1711 5286 duas
1726 5231 2055 5299 voluntates,
2081 5233 2219 5288 duas

634 5327 1002 5397 opet'ationes,
1024 5328 1242 5382 unicam
1269 5342 1398 5381 vero
1418 5326 1616 5381 habeat
1633 5326 1863 5380 duarum
1891 5336 2214 5380 naturarum

609 5462 613 5466 .
639 5434 952 5486 personam,
985 5418 1271 5489 cujusnatn
1305 5417 1554 5490 eﬂingam
1579 5431 1868 5488 personam
1893 5417 1916 5470 ?
1941 5417 2211 5484 Quoniam

2325 4954 2413 5008 ἵνα
2467 4951 2637 5005 τᾶλλα
2697 4966 2780 5002 σοι
2849 4947 3238 5020 προηγούμενα
3291 4951 3386 5002 καὶ
3436 4949 3683 5019 ἑπόμενα
3733 4951 3896 5014 λεξεξ·

2323 5045 2430 5107 δια,
2496 5042 2572 5106 ὡς
2629 5040 2868 5110 dctian
2915 5057 2978 5093 τε
3034 5041 3130 5094 καὶ
3190 5040 3635 5111 σεσολοικισμένα
3705 5040 3891 5111 παρῶ·

2323 5135 2567 5191 τοιοῦτόν
2592 5137 2740 5188 ἐστιν
2774 5135 2868 5188 ἐπὶ
2899 5133 3120 5198 λέξεως·
3153 5134 3392 5204 Χριστὸς
3433 5135 3463 5186 6
3488 5132 3744 5204 ἀληθινὸς
3772 5133 3895 5194 8:6;

2325 5227 2506 5299 ἡμῶν,
2540 5225 2632 5278 δύο
2663 5223 2874 5295 φύσεις,
2900 5223 2994 5278 δύο
3023 5224 3292 5296 θελήσεις,
3314 5223 3406 5278 δύο
3434 5225 3735 5296 ἐνεργείας,
3763 5223 3816 5276 ἓν
3837 5224 3892 5275 δὲ

2311 5315 2618 5391 ’πρόσωπον
2677 5317 2813 5388 ἔχων
2869 5316 2978 5370 τῶν
3023 5316 3118 5370 δύο
3172 5317 3408 5386 φύσεων,
3466 5318 3612 5380 τίνος
3649 5317 3894 5369 εἰκούσω

2321 5413 2653 5484 πρόσωπον;
2697 5410 2914 5482 Ἐπειδὴ
2936 5407 3030 5465 οὗν
3058 5410 3374 5482 ἠρώτησας,
3391 5411 3550 5464 Ποῖον
3579 5411 3866 5480 πρόσωπον

637 5509 822 5580 igitur,
848 5509 1087 5580 Ecquam
1111 5525 1425 5581 personam,
1442 5509 1664 5580 rogasti,
1689 5507 1817 5562 audi
1837 5516 2058 5562 attente.
2077 5505 2210 5573 Quae

2326 5505 2552 5560 Ξκουσον
2581 5503 2855 5576 ἐμμελῶς.
2889 5503 2964 5556 Τὸ
2987 5503 3322 5574 εἰδοποιηθέν
3340 5519 3355 5534 ·
3382 5503 3568 5574 ἐπειδὴ
3599 5504 3629 5556 6
3658 5502 3891 5563 ἀνείδεος

639 5600 874 5659 formam
905 5603 1205 5675 assumpsit
1241 5622 1255 5660 :
1288 5601 1560 5675 siquidem
1592 5600 1783 5659 forma:
1811 5615 2004 5672 expers
2035 5599 2213 5669 imago

2321 5597 2611 5668 χαρακτὴρ
2662 5595 2762 5667 τῆς
2790 5595 3145 5660 ὑποστάσεως
3179 5593 3274 5650 τοῦ
3315 5596 3530 5666 Πατρός
3578 5593 3888 5663 εἰδοποιήωι

2113 5799 2339 5856 NOTAE.

709 5884 786 5951 (ﬂ
824 5886 1156 5953 Dngtnatica.

709 5957 814 6028 ("‘t
849 5957 1185 6028 Dogtnatica.

2389 5895 2503 5962 (60)
2531 5893 2589 5947 in
2618 5893 2740 5947 cod.
2777 5891 2908 5957 Reg.
2939 5891 3074 5962 pEy',

2395 5960 2507 6034 (6|)
2538 5962 2592 6020 ln
2619 5966 2740 6021 cod.
2780 5962 2914 6034 Reg.
2943 5960 3087 6034 ξρξηκ
