4102 6374
153 402 314 466 1⁸533

1357 390 1899 466 EPISTOLARUM
1960 401 2108 464 LIB.
2151 399 2243 462 ΙΙ..

3285 393 3422 459 1534

151 517 224 566 το
258 509 389 564 καθ’
426 508 596 580 ἡμᾶς.
642 509 716 564 Τὸ
748 507 1006 583 ἕτχρονον
1027 527 1042 543 ⁸
1075 511 1267 583 ἐπειδὴ
1306 513 1336 565 6
1364 512 1534 576 ἀῖδιος
1568 511 1748 581 παρά-

1850 507 2168 566 substantia:
2189 507 2385 576 Patris,
2408 507 2642 564 formam
2691 506 2904 565 scilicet
2939 517 3182 562 nostram
3220 507 3420 566 induit.

151 620 330 657 τασιν
371 599 486 671 ἔχει
531 599 689 672 [Cod.
724 600 858 672 Reg.
902 601 1116 675 εἴληφε]
1171 605 1450 673 χρονικήν.
1501 603 1575 655 Τὸ
1627 603 1749 673 ἕχον

149 693 507 764 ὀφθαλμοὺς,
562 687 697 757 ὦτα,
753 696 894 766 ῥῖνα,
945 695 1140 764 στόμα,
1191 695 1456 766 παρειάς·
1487 694 1677 766 ἐπειδὴ
1722 697 1750 748 6

150 790 583 860 ἀσχημάτιστος
616 790 674 841 ὲν
709 792 949 859 σχήματι
992 789 1194 860 εὑρέθη
1227 789 1302 853 ὡς
1335 789 1643 860 ἄνθρωπος.
1675 790 1748 844 Τὸ

155 881 428 950 φιληθέν·
455 880 640 948 ἐπειδὴ
661 881 690 932 6
717 881 1090 952 ἀπερίληπτος
1113 881 1487 952 περιληφθεὶς,
1515 881 1746 954 ἐφιλήοη

156 972 279 1024 ὑπὸ
319 971 417 1024 τοῦ
466 971 750 1042 προδότου.
793 972 867 1025 Τὸ
912 974 1208 1045 ῥαπισθέν·
1242 973 1430 1045 ἐπειδὴ
1472 977 1501 1028 6
1532 975 1746 1045 ἀναφὴς

157 1063 386 1133 ἐπαφος
409 1062 668 1132 γεγονὼς,
694 1065 999 1138 ὲρῤαπίσοη
1023 1067 1127 1120 ὑπό
1147 1065 1238 1120 τοῦ
1270 1067 1564 1139 ὑπηρέτου.
1592 1068 1664 1121 Τὸ
1687 1071 1746 1122 ὲν

161 1155 398 1226 σταυρῷ
426 1155 587 1225 ὁφθὲν
619 1159 913 1227 ὲγκάρσιον
939 1174 952 1190 ο
988 1158 1176 1231 ἐπειδὴ
1203 1161 1236 1217 6
1260 1160 1524 1225 ἀθάνατος
1558 1161 1745 1224 κλίνας

157 1248 274 1316 τὴν
324 1249 568 1320 κεφαλὴν
616 1249 901 1320 παρέδωκε
959 1250 1018 1304 τὸ
1067 1249 1309 1320 Πνεῦμα.
1357 1252 1468 1305 Καὶ
1503 1253 1563 1304 οὐ
1601 1252 1746 1306 δυοῖν

161 1339 484 1409 προσώπων
515 1339 674 1393 τοῦτο
703 1343 1064 1410 ἐμφαντικὸν
1096 1342 1274 1410 ἄπαγε
1319 1343 1420 1412 τῆς
1449 1343 1704 1408 ἀσεϐείας
1729 1361 1744 1376 ·

160 1433 290 1486 ἀλλ’
311 1433 430 1496 ἑνὸς
464 1434 755 1504 προσώπου
785 1434 878 1488 τοῦ
910 1437 975 1488 ἐκ
1004 1434 1116 1500 δύο,
1149 1437 1244 1490 καὶ
1277 1438 1335 1489 ὲν
1367 1437 1489 1490 δυσὶ
1517 1439 1747 1506 φύσεσιν

161 1528 326 1590 ὄντος
354 1527 675 1598 ἀδιαιρέτως
727 1529 823 1581 καὶ
861 1530 1182 1599 ἀσυγχύτως
1217 1531 1616 1586 ἀποδεικτικόν.
1655 1532 1748 1585 Διὸ

163 1636 339 1688 φησιν
395 1621 424 1672 6
479 1619 622 1690 ἱερὸς
655 1619 1006 1684 Ἀπόστολοςι
1041 1622 1182 1689 Περὶ
1233 1622 1340 1676 τοῦ
1395 1624 1529 1678 Υἰοῦ
1557 1624 1746 1679 αὐτοῦ

161 1714 280 1768 τοῦ
312 1713 638 1784 γενομένου
665 1715 733 1768 ἐκ
766 1713 1108 1783 σπέρματος
1131 1715 1314 1770 Δαυῒδ
1337 1718 1488 1772 κατὰ
1517 1717 1743 1785 σάρκαο

163 1807 279 1861 τοῦ
312 1806 656 1877 ὁρισθέντος
683 1807 819 1862 Υὶοῦ
851 1807 999 1861 Θεοῦ
1027 1809 1095 1862 ἐν
1123 1809 1372 1880 δυνάμει
1397 1809 1544 1864 κατὰ
1564 1810 1746 1864 πνεῦ-

159 1916 252 1968 μα
295 1899 654 1969 ἁγιωσύνης.
687 1900 880 1953 Τοίνυν
913 1901 1115 1970 δέδειχέ
1145 1919 1247 1966 σοι,
1291 1901 1380 1956 διὰ
1408 1902 1503 1956 τοῦ
1544 1905 1740 1969 εἰπεῖν,

166 1992 326 2046 κατὰ
368 1993 585 2061 σάρκα,
619 1994 998 2064 περιγραπτὸν
1031 1991 1193 2060 εἶναι,
1221 1996 1340 2064 ἦτοι
1374 1994 1746 2066 ὲξεικονισμέ-

169 2101 266 2136 νον
289 2101 302 2115 ·
349 2085 438 2139 διὰ
478 2079 536 2138 δέ
564 2085 657 2140 τοῦ
698 2086 888 2153 φάναι,
927 2085 1078 2140 κατὰ
1116 2087 1349 2155 πνεῦμα
1382 2087 1743 2155 ἁγιωσύνης,

167 2177 590 2247 ἀπερίγραπτον
620 2178 712 2230 τὸν
745 2177 908 2230 αὑτὸν
937 2178 1200 2249 ὑπάρχειν
1242 2178 1445 2248 Ἰησοῦν
1475 2179 1706 2250 Χριστόν
1727 2193 1743 2208 ⁶

168 2269 268 2337 ἀφ’
297 2262 357 2322 οῦ
387 2268 726 2339 ἐξειληφότες
759 2269 958 2334 πάντες
987 2272 1035 2324 ol
1067 2272 1313 2342 θεοφόροι
1335 2271 1575 2341 Πατέρες
1611 2272 1746 2341 βοῶ⁸

173 2377 230 2412 σι
283 2361 582 2430 τρανότατα
613 2368 984 2432 περιγραπτὸν
1005 2363 1166 2416 αὐτὸν
1193 2364 1286 2415 καὶ
1313 2363 1743 2434 ἁπερίγραπτον,

170 2451 370 2522 ὁρατόν
394 2469 455 2506 τε
483 2453 579 2506 καὶ
606 2454 858 2524 ἀόρατον,
886 2453 1142 2526 ἐγχρονόν
1167 2473 1228 2509 τε
1254 2457 1347 2509 καὶ
1375 2457 1564 2512 ἀΐδιον.

249 2697 313 2751 Et
344 2697 401 2752 δὲ
430 2697 492 2751 οὐ
518 2700 735 2771 χωρεῖς,
775 2699 1062 2754 Ἰουδαϊκὸν
1090 2701 1150 2754 τὸ
1172 2702 1388 2774 λῆμμαο
1418 2704 1536 2768 πῶς
1565 2705 1622 2758 δὲ
1653 2705 1750 2760 καὶ

175 2787 273 2842 δύο
311 2787 523 2857 φύσεων
559 2789 651 2842 τὸν
690 2791 924 2860 Χριστὸν
961 2791 1151 2860 λέγων,
1187 2792 1291 2864 φὴς
1338 2795 1750 2866 ἀπερίγραπτον

182 2877 378 2948 μόνως
409 2877 568 2931 τοῦτο
599 2879 708 2951 γὰρ
740 2882 868 2950 μιᾶς
902 2881 1115 2950 φύσεως
1147 2883 1312 2937 αὑτοῦ
1343 2886 1458 2938 ἐστι
1483 2903 1750 2955 σημαντι-

179 2970 299 3024 κόν.
331 2971 405 3024 Τὸ
434 2971 491 3025 δὲ
531 2972 640 3026 τῶν
681 2973 796 3038 δύο,
825 2973 884 3026 τὸ
913 2974 1286 3046 περιγραπτόν
1317 2978 1494 3030 εἰπεῖν
1527 2977 1750 3032 ἀκολού-

187 3062 293 3127 θως
319 3064 413 3118 καὶ
438 3065 872 3137 ἀπερίγραπτον.
905 3067 1112 3121 Οὐκοῦν
1139 3067 1316 3140 ἐαυτῷ
1341 3071 1748 3139 ἐναντιολογείς.

193 3157 253 3208 Et
294 3156 400 3228 γὰρ
451 3158 861 3228 ἁπερίγραπτος
912 3160 1071 3229 μόνον
1113 3160 1258 3214 δοκεί
1300 3178 1403 3228 σοι,
1454 3162 1614 3215 τοῦτο
1659 3164 1752 3215 καὶ

188 3247 468 3318 Μανιχαίῳ
499 3249 577 3318 τῷ
617 3249 1052 3319 ἀπαμφιεννύντι
1117 3251 1208 3304 τὸν
1273 3253 1443 3320 Λόγον
1496 3255 1595 3324 τῆς
1652 3256 1749 3308 ἀν-

191 3337 558 3409 θρωπότητος.
614 3340 672 3394 '0
716 3341 825 3411 γὰρ
868 3342 1028 3412 τῆσδε
1072 3342 1300 3412 γυμνὸς,
1342 3345 1754 3416 ἁπερίγραπτος

191 3435 282 3486 καὶ
323 3435 768 3501 ἁνεξειιιόνιστος.
799 3436 843 3488 Τ
847 3435 1010 3489 αὑτὸν
1041 3438 1150 3506 γὰρ
1183 3439 1488 3509 ἀμφότερα.
1527 3439 1598 3496 Ἣ
1637 3439 1753 3503 πῶς

191 3524 351 3578 πάλιν
399 3525 648 3595 μετέχεις
685 3526 780 3579 τοῦ
812 3525 1060 3596 σώματος
1109 3531 1201 3582 καὶ
1237 3530 1465 3599 αἵματος
1495 3530 1589 3583 τοῦ
1618 3533 1753 3602 Χρι-

193 3620 339 3680 στοῦ,
395 3619 559 3672 αὑτοῦ
603 3619 754 3684 ὄντος
807 3623 944 3675 κατὰ
993 3622 1052 3674 σὲ
1094 3624 1550 3694 ἀπεριγρὰπτου,
1581 3620 1653 3677 ὧν
1699 3627 1756 3679 δὲ

196 3712 440 3782 μετέχεις
473 3714 1034 3786 περιγεγραμμένων;
1075 3715 1109 3785 ἢ
1149 3718 1222 3785 μὴ
1255 3717 1472 3785 μέτεχε,
1507 3709 1552 3768 ὧ
1578 3716 1753 3785 βέλτι-

195 3821 304 3869 στε,
334 3803 367 3874 ἢ
405 3804 646 3874 μετέχων
675 3804 926 3874 ὁμολόγει
954 3804 1047 3858 τοῦ
1076 3807 1595 3877 περιγεγραμμένου
1626 3809 1757 3879 Χρι-

195 3894 316 3947 στοῦ
351 3895 602 3966 μετέχειν
638 3895 698 3949 τὸ
724 3899 1239 3968 περιγεγραμμένον
1272 3899 1429 3968 σῶμα
1461 3899 1554 3952 καὶ
1581 3895 1720 3970 αἷμα
1740 3917 1755 3931 ⁸

193 3986 277 4040 ἵνα
316 3986 389 4056 μὴ
427 3985 822 4057 Παυλιανίζῃςο
851 3985 926 4050 ὡς
960 3985 1116 4055 ψιλοῦ
1165 3985 1452 4058 ἀνθρώπου
1491 3989 1754 4058 μετέχων,

187 4077 302 4130 ἀλλ’
337 4077 396 4129 οὐ
441 4076 578 4130 Θεοῦ
611 4076 1049 4148 σεσαρκωμένου.
1086 4079 1358 4148 Σιινῆκται
1404 4078 1496 4131 οῦν
1539 4078 1597 4143 ἐξ
1628 4080 1759 4151 ἁληο

189 4167 337 4230 Θείας
366 4169 668 4238 ἀραρότως,
699 4167 774 4230 ὠς
811 4170 839 4220 6
867 4169 1223 4239 περιγράφων
1254 4169 1345 4221 τὸν
1371 4169 1624 4240 Χριστὸν,
1659 4170 1758 4223 οὐκ

189 4258 646 4330 ἀνθρωπολάτρης
693 4259 834 4312 κατὰ
878 4259 1194 4330 Νεστόριον,
1225 4261 1257 4333 ἢ
1289 4264 1759 4333 κτισματολάτρης

191 4353 331 4406 κατὰ
383 4353 625 4420 Ἀρειον,
671 4350 746 4415 ὡς
806 4351 1194 4424 ὲφληνάφησας
1243 4355 1592 4424 ἀμαθαίνωνσ
1646 4357 1759 4409 ἀλλ’

190 4445 356 4514 ἀπρὶξ
399 4445 678 4516 ὀρῢόδοξος
706 4445 1030 4514 Χριστιανὸς
1059 4445 1454 4517 ἀληθέστατος’
1487 4447 1562 4510 ὼς
1604 4449 1698 4500 καὶ
1734 4450 1762 4500 6

1852 598 1984 666 Quae
2027 599 2255 670 tempori
2288 600 2524 656 subest:
2562 599 2692 671 quia
2744 609 2982 653 aeternus
3048 599 3421 654 extensioan

1852 693 2009 747 habet
2033 692 2440 761 temporariam.
2490 691 2625 758 Quae
2652 693 2844 747 oculos
2877 691 3058 756 habet,
3105 705 3290 754 aures,
3321 707 3423 745 na-

1849 799 1993 849 sum,
2019 798 2102 847 os,
2137 783 2308 838 malas
2340 799 2354 836 :
2394 783 2535 853 quia
2577 775 2748 854 ﬁgura
2779 799 2996 848 carens,
3025 783 3077 836 in
3119 782 3290 852 figura
3338 781 3423 835 in-

1849 883 2043 927 ventus
2074 881 2239 927 estut
2271 871 2452 926 homo.
2508 869 2640 936 Qua:
2690 873 2936 927 osculum
2987 871 3233 940 excepit:
3295 869 3422 938 quia

1848 962 2416 1033 incomprehensibilis
2443 963 2896 1032 comprehensus,
2957 963 3148 1016 osculo
3197 961 3423 1015 allectus

1847 1064 1994 1111 esta
2036 1057 2330 1126 proditore.
2393 1052 2525 1121 Qua}
2555 1055 2766 1125 alapam
2828 1055 3082 1124 pertulit:
3139 1054 3265 1123 quia
3327 1053 3422 1122 qui

1847 1148 1990 1219 tangi
2013 1164 2119 1203 non
2153 1158 2382 1218 poterat,
2409 1147 2456 1202 is
2493 1150 2660 1202 tactui
2692 1146 2872 1202 lactus
2901 1147 3196 1212 obnoxius,
3263 1147 3421 1215 alapa

1846 1253 2021 1294 caesus
2052 1249 2136 1293 est
2157 1255 2187 1293 a
2214 1238 2484 1294 ministro.
2519 1238 2650 1306 Quze
2683 1240 2738 1293 in
2776 1253 2938 1292 cruce
2967 1238 3078 1292 visa
3110 1247 3193 1291 est
3241 1247 3424 1291 trans-

1846 1329 2046 1382 versim
2106 1339 2425 1398 exporreCta
2451 1330 2609 1398 :quia
2637 1328 2960 1383 immortalis
2993 1329 3250 1383 inclinato
3271 1327 3421 1396 capi-

1850 1429 1902 1474 te
1937 1419 2157 1474 tradidit
2177 1420 2450 1490 spiritum.
2488 1419 2675 1490 Neque
2707 1437 2840 1475 vero
2863 1419 3004 1475 duas
3037 1436 3300 1490 personas
3317 1420 3424 1474 hoc

1847 1511 2192 1566 demonstrat
2229 1528 2441 1584 :apage
2489 1513 2632 1568 hanc
2669 1513 3046 1582 impietatem:
3105 1511 3200 1567 sed
3256 1527 3422 1566 unam

1847 1619 2158 1674 personam,
2185 1620 2252 1658 ex
2298 1605 2510 1659 duabus
2539 1615 2593 1658 et
2621 1605 2673 1658 in
2705 1604 2921 1659 duabus
2953 1604 3164 1658 naturis
3191 1603 3424 1658 indivise

1846 1695 2239 1766 inconfuseque
2266 1697 2615 1751 exsistentem
2637 1695 2892 1750 ostendit.
2919 1693 3074 1749 Unde
3094 1696 3169 1748 ait
3201 1704 3425 1750 sanctus

1846 1786 2137 1855 Apostolus
2165 1803 2178 1839 :
2203 1785 2278 1839 De
2302 1784 2445 1839 Filio
2473 1802 2590 1851 suo,
2619 1785 2708 1855 qui
2729 1785 2900 1854 {actus
2915 1794 2990 1838 est
3014 1799 3078 1838 ea:
3095 1785 3287 1838 semine
3313 1783 3425 1836 Da-

1776 1875 1818 1930 B
1847 1879 1930 1932 vid
1957 1879 2241 1931 secundum
2267 1892 2510 1930 carnem:
2545 1878 2637 1947 qui
2691 1877 3101 1944 prwdestinatus
3148 1885 3224 1929 est
3249 1874 3424 1928 Filius

1846 1968 1942 2023 Dei
1962 1969 2014 2022 in
2039 1969 2228 2022 virtute
2259 1969 2546 2022 secundum
2577 1969 2826 2038 spiritum
2859 1968 3296 2036 sanctiﬁcationis
3326 1967 3370 1997 “
3408 2004 3425 2020 .

1845 2043 2012 2127 Igitur
2043 2059 2278 2113 ostendit
2304 2059 2421 2122 tibi,
2453 2073 2575 2112 cum
2633 2059 2774 2112 dicet
2825 2060 3112 2113 secundum
3175 2073 3424 2122 carnem,

1845 2152 2218 2206 circumscribi
2250 2166 2410 2220 posse
2459 2168 2555 2205 seu
2587 2152 2842 2221 eﬂigiari:
2905 2167 3030 2206 cum
3072 2151 3205 2205 dicit
3239 2161 3423 2204 autem

1845 2246 2135 2298 secundum
2183 2244 2432 2314 spiritum
2468 2245 2937 2313 sanctiﬁcationis,
3011 2242 3425 2298 incircumscri-

1846 2343 1999 2404 ptum
2037 2349 2158 2388 esse
2183 2335 2416 2389 eundem
2438 2332 2628 2389 Jesum
2651 2333 2952 2389 Christum.
2988 2332 3032 2385 Α
3084 2349 3193 2402 quo
3247 2332 3426 2387 edocti

1845 2439 2036 2479 omnes
2067 2423 2235 2478 divini
2263 2422 2451 2477 Patres
2481 2423 2787 2477 clarissima
2818 2433 2952 2476 v‘oce
3001 2421 3294 2490 praadicant
3315 2463 3330 2488 ,
3355 2421 3424 2475 il-

1847 2518 1957 2572 lum
1979 2526 2032 2573 et
2053 2517 2526 2586 circumscriptum
2551 2526 2607 2571 et
2636 2517 3164 2586 iueireumscriptum
3187 2555 3203 2580 ,
3238 2515 3426 2571 visibi-

1847 2613 1950 2668 lem
1975 2622 2029 2666 et
2065 2612 2418 2676 invisibilem,
2454 2612 2840 2681 temporarium
2869 2619 2922 2666 et
2944 2623 3228 2664 :eternum.

1918 2703 2072 2770 Quod
2096 2704 2141 2758 si
2169 2720 2273 2757 non
2334 2703 2613 2772 intelligis,
2668 2702 2898 2758 Judaica
2956 2711 3038 2756 est
3074 2701 3376 2772 propositio
3408 2719 3424 2757 :

1848 2812 1957 2866 quo
1985 2803 2163 2848 autem
2197 2804 2373 2864 pacto,
2412 2796 2641 2848 duarum
2685 2803 3004 2848 naturarum
3027 2794 3307 2848 Christum
3352 2794 3430 2849 di-

1851 2899 2000 2947 cens,
2063 2884 2442 2937 tantummodo
2499 2883 3040 2951 incircumscriptum
3087 2882 3277 2938 dicis?
3323 2883 3429 2937 hoc

1851 2975 1995 3030 enim
2021 2976 2236 3027 unicam
2267 2973 2388 3040 ejus
2413 2981 2662 3026 naturam
2692 2973 2986 3044 signiﬁcat.
3006 2973 3107 3039 Qui
3144 2989 3269 3028 vero
3292 2973 3430 3028 dua-

1852 3083 1978 3121 rum
2009 3066 2176 3128 dicat,
2211 3075 2266 3120 et
2293 3065 2770 3135 circumscriptum
2801 3082 3144 3135 consequens
3169 3075 3254 3120 est
3279 3066 3432 3120 dice-
3483 3061 3502 3076 ”

1855 3174 1933 3221 re,
1957 3167 2010 3211 et
2035 3158 2592 3227 incircumscriptum,
2622 3158 2786 3226 igitur
2816 3158 2912 3212 tibi
2942 3158 3056 3226 ipse
3080 3158 3429 3214 contradicis.

1853 3248 1986 3303 Nam
2027 3249 2071 3303 si
2103 3248 2607 3320 incircumscriptus
2643 3257 2853 3302 tantum
2905 3249 2999 3302 tibi
3051 3249 3289 3312 videtur,
3343 3249 3431 3302 id-

1854 3337 2031 3406 ipsum
2062 3346 2116 3390 et
2134 3334 2556 3404 Manichaeo,qui
2576 3335 2808 3390 Verbum
2828 3335 3024 3403 spoliat
3053 3334 3388 3388 humanitate
3413 3349 3430 3385 :

1854 3427 1947 3497 qui
1971 3428 2112 3480 enim
2144 3426 2230 3479 illa
2275 3434 2444 3489 caret,
2487 3425 2998 3492 incircumscriptus
3053 3432 3218 3476 estet
3259 3421 3433 3476 incili-

1855 3518 2087 3586 giabilis.
2112 3515 2256 3571 Idem
2284 3519 2428 3572 enim
2451 3526 2579 3571 sunt
2611 3517 2792 3571 ambo.
2813 3517 2923 3570 Aut
2945 3529 3134 3570 rursus
3157 3513 3433 3583 quomodo

1855 3605 2150 3674 participas
2185 3620 2386 3674 corpus
2417 3615 2470 3659 et
2505 3605 2830 3675 sanguinem
2861 3602 3087 3663 Christi,
3143 3617 3266 3654 eum
3317 3601 3434 3669 ipse

1855 3707 1945 3752 tua
1975 3699 2240 3752 sententia
2268 3697 2339 3751 sit
2372 3697 2913 3766 incircumscriptus,
2946 3703 2999 3748 et
3019 3694 3432 3763 circumscripta

1857 3787 1965 3841 sint
1991 3803 2052 3840 ea
2111 3803 2234 3856 qua:
2276 3788 2574 3857 participas
2603 3788 2626 3840 ἲ
2651 3789 2758 3840 Aut
2799 3787 3124 3856 participare
3177 3787 3428 3850 abstine,

1855 3879 1940 3932 vir
1970 3879 2196 3948 Optime,
2229 3888 2326 3934 aut
2355 3882 2690 3948 participans
2714 3879 2971 3933 conﬁtere
3003 3887 3054 3932 te
3085 3875 3435 3932 circumscri-

1856 3969 1936 4040 pti
2005 3970 2207 4024 Christi
2259 3971 2732 4038 circumscriptum
2777 3985 2975 4039 corpus
3007 3977 3061 4022 et
3111 3967 3432 4037 sanguinem

1857 4062 2182 4132 participare
2216 4078 2232 4114 :
2270 4071 2327 4115 ut
2351 4076 2458 4114 non
2491 4059 2866 4124 Paulianizes,
2889 4061 3036 4114 velut
3074 4063 3280 4113 nudum
3329 4059 3434 4112 ho-

1859 4154 2084 4219 minem,
2115 4163 2290 4206 etnon
2330 4151 2496 4206 Deum
2534 4153 2874 4207 iucarnatum
2909 4153 3263 4222 participans.
3297 4151 3434 4218 Apte

1861 4245 2027 4314 igitur
2056 4260 2121 4299 ex
2151 4247 2381 4299 veritate
2406 4245 2729 4298 conclusum
2761 4253 2864 4310 est,
2895 4245 3130 4314 eumqui
3155 4245 3429 4298 Christum

1861 4338 2303 4404 circumscribit,
2332 4351 2440 4393 non
2479 4352 2601 4392 esse
2633 4337 2872 4395 hominis
2908 4339 3246 4392 adoratorem
3277 4339 3433 4408 juxta

1862 4426 2198 4494 Nestorium,
2227 4445 2327 4483 nec
2359 4438 2623 4484 creaturae
2643 4430 3009 4496 adoratorem,
3044 4428 3195 4498 juxta
3219 4429 3432 4494 Arium,

198 4539 273 4610 μὴ
313 4540 666 4610 περιγράφων
712 4541 852 4592 κατὰ
884 4540 963 4602 σὲ,
1006 4539 1356 4610 Μανιχαῖζων
1388 4539 1521 4610 ὁμοῦ
1554 4559 1614 4594 τε
1663 4541 1751 4595 καὶ

1866 4519 2008 4575 sicut
2048 4530 2102 4573 tu
2153 4520 2403 4590 imperite
2470 4530 2708 4592 nugatus
2752 4536 2813 4576 es
2853 4538 2870 4588 ;
2919 4522 3012 4576 sed
3063 4521 3433 4576 orthodosum

195 4631 591 4694 Παυλιανίζων·
625 4631 686 4684 τὸ
723 4633 820 4701 μὲν
870 4635 934 4703 τῇ
987 4633 1082 4686 τοῦ
1142 4634 1557 4704 ἁπεριγράπτου
1610 4637 1758 4705 φωνῇ

194 4724 395 4794 γυμνὸν
459 4724 589 4776 Θεὸν
648 4725 905 4790 εἰσάγων,
972 4724 1356 4794 φαντασιωδῶς
1411 4725 1764 4796 ὲνανθρωπή-

198 4831 396 4868 σαντα’
441 4814 503 4866 τὸ
557 4814 612 4866 δὲ
667 4817 732 4885 τῇ
787 4817 920 4886 αὐτῇ
976 4818 1127 4886 φωνῇ
1171 4816 1265 4868 τοῦ
1320 4817 1760 4886 ἁπεριγρὰπτου,

195 4906 271 4969 ὡς
314 4906 468 4975 ψιλοῦ
517 4908 804 4979 ἀνθρώπου
856 4909 1098 4980 μετέχων
1149 4907 1308 4978 σῶμα
1353 4909 1447 4962 καὶ
1489 4903 1627 4978 αἷμα
1659 4926 1761 4962 κα-

196 4997 266 5051 τὰ
327 4997 570 5066 Παῦλον,
636 5001 732 5054 κα)⁴
792 5000 852 5054 οὐ
922 4999 1059 5056 Θεοῦ
1126 4999 1342 5071 ἀληθῶς
1407 4999 1758 5071 ὲνανθρωπή-

200 5101 405 5150 σαντος.

402 5348 505 5403 PO'
535 5349 672 5422 (62).
692 5379 763 5390 -—
789 5349 1061 5418 Θεοδώρῳ
1089 5349 1364 5417 διακόνῳ.
1389 5349 1584 5423 [ψκγ’.]

1860 4612 2159 4676 mordicus,
2191 4614 2656 4684 vcrissimumque
2715 4613 3088 4668 Christianum
3124 4631 3137 4667 :
3170 4613 3434 4680 quemad-

1858 4704 2080 4759 modum
2115 4705 2206 4774 qui
2237 4713 2414 4759 tecum
2451 4721 2560 4759 non
2593 4705 3021 4768 circumscribit,
3058 4704 3110 4757 in
3143 4702 3433 4758 Manichaei

1860 4797 2022 4852 simul
2095 4807 2144 4850 et
2177 4796 2328 4850 Pauli
2351 4798 2590 4852 hmreses
2612 4797 2842 4851 incurrit
2876 4814 2891 4851 :
2928 4797 2981 4850 in
3016 4796 3161 4850 illam
3186 4797 3431 4866 quidem,

1859 4888 1973 4958 ipsa
2010 4889 2466 4958 incircumscripti
2502 4905 2635 4943 voce
2678 4889 2942 4943 inducens
2971 4890 3175 4942 nudum
3211 4887 3377 4943 Deum
3413 4929 3429 4952 ,

1859 4981 2204 5050 phantastice
2271 4982 2547 5036 hominem
2599 4981 2801 5036 factum
2836 5000 2852 5051 ;
2883 4983 2936 5036 in
2972 4983 3111 5036 hanc
3140 4998 3290 5046 vero,
3339 4998 3433 5051 per

1861 5075 2111 5129 eamdem
2150 5075 2608 5144 incircumscripti
2636 5091 2848 5140 vocem,
2879 5086 2937 5132 ut
2975 5075 3069 5144 qui
3109 5075 3232 5128 nudi
3261 5074 3435 5127 homi-

1863 5166 1948 5220 nis
1981 5182 2180 5235 corpus
2226 5178 2280 5221 et
2309 5168 2630 5238 sanguinem
2670 5168 2938 5238 percipiat
2965 5169 3265 5226 secundum
3289 5166 3432 5220 l’au-

1862 5256 1996 5320 lum,
2024 5266 2078 5312 et
2106 5273 2210 5310 non
2237 5257 2331 5311 Dei
2358 5273 2484 5312 vero
2517 5257 2752 5312 hominis
2781 5256 2929 5312 facti.

2129 5349 2338 5404 CLXX.
2370 5382 2432 5392 -—-
2465 5350 2734 5410 Theodoro
2773 5352 2996 5405 diacono
3029 5351 3126 5422 (³⁸).

1492 5459 1818 5513 Cnnl'ntatoria
1844 5461 2184 5513 hereticarum
2207 5466 2549 5527 qozestionum.

178 5559 184 5568 ·
273 5542 426 5595 Ἥκω
447 5545 516 5614 τῇ
547 5545 812 5617 ἐπιτροπῇ
841 5546 942 5616 τῆς
970 5546 1187 5617 ἀγάπης
1228 5561 1322 5600 σου
1359 5546 1454 5598 ἐπὶ
1489 5547 1555 5616 τῇ
1579 5546 1754 5598 ἁπαν-

269 5651 310 5685 "'
339 5654 496 5708 ltom.
524 5669 539 5707 ι
572 5693 588 5716 ,
615 5655 669 5708 5.

1935 5543 2128 5612 Venio,
2167 5549 2452 5604 eharitatis
2491 5559 2594 5606 tua:
2643 5548 2920 5616 mandato,
2981 5544 3050 5602 ad
3110 5541 3434 5602 refellendas

1696 5733 1952 5806 sum!

269 5835 374 5905 (6'2;
404 5838 459 5892 lu
491 5839 610 5893 cod.
648 5837 774 5910 Ιιιιε.
813 5841 942 5911 ρξζ¹.

1937 5842 2010 5911 (⁸)
2040 5840 2374 5912 ῡοκιιιεῑὶρα.
