4102 6374
695 385 828 452 1535

1881 402 1944 466 S.
1973 404 2369 467 THEODORI
2391 409 2742 476 STUDI'I‘E

3809 413 3832 476 l
3844 415 3944 476 536

691 499 1070 556 haereticorum
1097 503 1435 575 obiectiones
1454 527 1468 565 :
1495 526 1634 582 quas
1649 511 1697 568 si
1725 524 1874 571 recte
1892 517 2246 574 confutavero

2369 523 2527 592 τὴσει
2561 521 2672 576 τῶν
2700 521 2998 592 αἱρετικῶν
3026 523 3464 595 προϐλημάτων·
3502 525 3603 581 καὶ
3653 525 3706 578 ει
3761 524 3864 596 μὲν
3897 517 3951 578 εὖ

691 594 973 664 scriptioni
1007 596 1247 667 sigillum
1277 615 1488 672 appone
1523 620 1538 671 ;
1576 605 1662 660 sin
1709 608 1915 673 minus,
1964 612 2264 682 explicabis

693 702 809 756 Ipse
836 686 1148 747 dilucidius,
1180 689 1320 758 Quia
1348 709 1480 750 vero
1518 701 1805 756 commode
1831 703 1969 760 solvi
2008 704 2264 763 haeretica

689 777 925 849 objectio
949 795 1056 836 non
1076 792 1272 852 potest,
1312 787 1417 842 nisi
1441 791 1743 860 propositio
1777 793 1895 863 ipsa
1933 806 2261 866 exponatur,

689 872 870 939 priore
899 873 990 928 illa
1021 875 1142 930 loco
1177 886 1474 948 statuetur,
1507 891 1622 939 tum
1679 885 1877 944 deinde
1920 887 2054 946 ﬁdes
2080 891 2266 946 ortho-

686 965 848 1020 doxa.

1171 1235 1411 1307 Objectt'o
1433 1237 1694 1299 'hwretici.

755 1317 930 1376 Unam
987 1335 1244 1382 naturam
1277 1328 1372 1386 Dei
1403 1330 1560 1390 Verbi
1580 1337 1919 1395 incarnatam
1949 1341 2215 1400 conﬁtens
2240 1385 2258 1412 ,

684 1421 856 1469 totum
894 1418 1152 1486 quiddam
1209 1423 1514 1491 Christum,
1553 1429 1670 1487 sive
1729 1448 1892 1488 unam
1933 1437 2257 1492 totalitatem

679 1522 744 1560 cx
785 1510 1050 1578 partibus,
1101 1515 1386 1574 divinitate
1423 1521 1633 1578 scilicet
1660 1532 1714 1580 et
1761 1525 2120 1593 humanitate,
2173 1529 2260 1584 di-

681 1599 830 1655 citis.
893 1601 1303 1679 Interrogamus
1339 1629 1491 1684 ergo,
1537 1619 1794 1688 quidnam
1835 1634 2038 1682 sancta:
2073 1623 2256 1681 Trini-

679 1691 774 1745 tati
797 1699 1172 1756 aunumeratis
1203 1701 1226 1755 ?
1258 1712 1525 1771 totumne,
1579 1724 1647 1764 an
1697 1723 1902 1782 partem
1927 1718 1952 1772 ‘i
1974 1717 2042 1775 Et
2081 1721 2258 1790 siqui-

677 1786 800 1840 dem
827 1796 1037 1857 totum,
1095 1807 1202 1849 non
1235 1797 1336 1850 erit
1359 1809 1544 1857 sancta
1595 1802 1835 1864 Trinitas
1895 1813 2256 1871 consubstan-

2367 613 2760 686 ἁπαντὴσοιμι,
2793 613 2981 678 ἐπίθες
3016 616 3119 688 τὴν
3158 619 3430 687 σφραγῖδα
3465 617 3548 690 τῷ
3587 619 3778 690 16m)-
3809 621 3860 672 εί
3899 621 3952 674 δὲ

2370 705 2534 775 μήγε,
2550 705 2906 776 σαφηνίσειας
2933 706 3094 772 αὐτὸς
3115 709 3558 783 εὐκρινέστερον.
3588 712 3752 766 Ἐπεὶ
3771 712 3832 766 δὲ
3859 712 3950 784 οὐχ

2363 787 2478 848 οἷόν
2536 811 2598 847 τε
2653 794 2716 849 εὖ
2757 796 2902 866 μάλα
2931 797 3180 851 διαλῦσαι
3209 799 3272 853 τὸ
3309 801 3590 870 αἱρετικὸν
3638 803 3948 874 πρόδλημα,

2367 881 2524 954 [Cod.
2555 883 2689 956 Reg.
2739 887 3018 960 φρόνημα]
3065 891 3114 942 εί
3157 890 3234 962 μὴ
3276 890 3479 964 αύτὴή
3515 893 3794 965 πρότασις
3827 895 3948 947 ἀπο-

2362 974 2639 1030 δείκνυται
2667 975 2829 1049 [Cod.
2868 977 2998 1046 Reg.
3029 980 3430 1055 ὑποδείκνυτο],
3487 983 3719 1054 πρῶτον
3756 986 3946 1040 κείσθω

2361 1066 2524 1139 αὕτη,
2551 1068 2650 1122 καὶ
2679 1065 2782 1124 εἷθ’
2807 1070 2982 1137 οὕτως
3009 1075 3044 1145 ἡ
3071 1074 3354 1146 όρθόὸοξος
3383 1077 3592 1143 πίστις.
3621 1077 3789 1150 [Cod.
3823 1079 3944 1150 Reg.

2360 1158 2562 1232 λύσις.]

2819 1258 3137 1327 Πρόὸλημα
3163 1257 3482 1326 αἱρετικοῦ.

2427 1349 2577 1404 Μίαν
2613 1350 2776 1419 φύσιν
2807 1351 2904 1405 τοῦ
2933 1349 3070 1404 Θεοῦ
3085 1351 3266 1420 Λόγου
3298 1353 3738 1425 σεσαρκωμένην
3763 1355 3950 1426 ὁμολο·

2356 1440 2606 1510 γοῦντες,
2642 1441 2766 1496 ὅλον
2797 1459 2852 1496 τι
2894 1441 2990 1494 τὸν
3027 1442 3286 1512 Χριστὸν,
3319 1443 3489 1514 ἧγουν
3540 1445 3680 1515 μίαν
3718 1446 3944 1516 ὅλάτητα

2355 1534 2423 1588 ἐκ
2465 1535 2668 1606 μερῶν,
2705 1535 2958 1606 θεότητός
2989 1552 3052 1589 τε
3091 1535 3187 1590 καὶ
3215 1535 3642 1609 ἁνθρωπότητος
3681 1539 3942 1610 δηλονότι,

2355 1625 2564 1696 λέγετε.
2606 1627 2999 1698 Πυνθανόμεθα
3044 1624 3160 1694 οὖν,
3189 1629 3244 1683 τί
3283 1630 3680 1702 συναριθμεῖτε
3718 1635 3790 1704 τῇ
3823 1633 3944 1703 ἁγίᾳ

2354 1720 2582 1792 Τριάδι;
2606 1719 2668 1774 τὸ
2695 1721 2838 1787 ὅλον,
2859 1721 2894 1793 ἢ
2925 1721 2989 1777 τὸ
3013 1721 3212 1793 μέρος;
3241 1723 3337 1778 καὶ
3364 1723 3415 1777 εί
3447 1724 3550 1794 μὲν
3574 1726 3638 1779 τὺ
3668 1725 3820 1790 ὅλον,
3853 1728 3944 1780 οὐκ

2354 1812 2509 1866 ἔσται
2542 1812 2828 1885 όμοούσιος
2855 1815 2890 1886 ἡ
2918 1814 3050 1883 ἁγία
3075 1815 3247 1887 Τριάς
3269 1830 3284 1847 ο
3316 1817 3366 1870 εί
3395 1813 3454 1870 δὲ
3472 1815 3536 1870 τὸ
3567 1818 3766 1890 μέρος,
3796 1819 3832 1890 ἦ
3853 1819 3944 1888 τὴν

680 1881 824 1938 tialis
855 1901 870 1939 :
905 1885 951 1939 si
983 1901 1111 1942 vero
1141 1900 1353 1958 partem
1383 1935 1398 1960 ,
1439 1905 1534 1951 aut
1582 1899 1924 1958 divinitatem
1982 1921 2248 1966 annume-

2357 1881 2590 1973 θεότητα
2631 1881 3322 1978 συναριθμοῦντεςξὲκτὺς
3370 1910 3470 1978 τῆς
3501 1881 3670 1977 ἁγίας
3714 1881 3942 1980 τριάδος

679 1984 886 2040 rantes,
918 1989 1071 2036 extra
1125 1995 1372 2042 sanctam
1433 1988 1755 2050 Trinitatem
1810 2000 2097 2070 perspicue
2150 2003 2255 2058 hu-

679 2071 994 2126 manitatem
1032 2075 1369 2146 relinquitis;
1402 2090 1499 2136 aut
1557 2085 1952 2145 humanitatem
1989 2107 2256 2152 annume-

679 2170 883 2231 rantes,
907 2166 1248 2227 divinitatem
1277 2185 1430 2232 extra
1461 2175 1788 2238 Trinitatem
1815 2183 1999 2244 dicere
2051 2187 2252 2262 depre-

678 2253 1012 2314 hendemini.

1241 2357 1454 2416 Salutio
1478 2365 1812 2435 objectiom's.

746 2438 920 2497 Unam
951 2455 1204 2504 naturam
1266 2452 1426 2512 Verbi
1484 2457 1825 2518 incarnatam
1897 2467 2250 2537 conﬁtentes,

674 2547 783 2588 non
813 2535 1136 2607 simpliciter
1195 2549 1370 2600 totum
1407 2550 1668 2619 quiddam
1711 2554 2012 2626 Christum,
2041 2562 2142 2624 sed
2181 2535 2252 2620 es

672 2626 888 2684 duabus
919 2631 1275 2692 totalitatibus
1306 2639 1472 2697 simul
1501 2643 1838 2716 conjunctis,
1864 2649 2149 2711 divinitate
2195 2667 2253 2713 et

674 2712 1028 2785 humanitate,
1062 2722 1388 2784 conﬁtemur
1410 2746 1425 2784 :
1449 2712 1752 2791 secundum
1773 2712 1912 2810 quas
1933 2744 2248 2814 totalitates,

671 2824 792 2878 qua;
821 2821 879 2868 ut
901 2824 1084 2883 partes
1106 2819 1173 2874 ad
1227 2827 1680 2893 compositionem
1731 2847 2028 2908 assumpta:
2067 2852 2198 2896 sunt
2229 2883 2247 2910 ,

672 2911 820 2961 totus
846 2916 948 2974 est,
1002 2918 1261 2983 tanquam
1293 2913 1458 2985 Deus,
1505 2918 1652 2976 Patri
1681 2933 1736 2979 et
1803 2925 2030 2997 Spiritui
2057 2945 2248 2992 sancto

671 2997 996 3055 naturaiiter
1023 3004 1358 3074 conjunctus
1388 3025 1404 3076 ;
1439 3021 1494 3065 et
1529 3021 1695 3082 totus,
1727 3019 1878 3076 velut
1905 3023 2090 3094 homo,
2123 3044 2245 3086 cum

671 3097 843 3144 matre
865 3097 922 3146 et
969 3092 1128 3149 nobis
1159 3096 1592 3160 substantialiter
1623 3117 1910 3180 cooptatus
1938 3132 1954 3182 ;
1982 3092 2246 3186 singulari

658 3182 982 3240 charactere
1031 3187 1297 3260 colligans
1352 3203 1594 3253 extrema
1619 3199 1673 3254 in
1720 3205 1919 3274 seipso,
1965 3220 2315 3292 extremo-c

669 3283 897 3292 mm”.--
939 3269 1036 3292 ,με
1631 3287 1643 3292 -

669 3283 900 3339 rumque
932 3269 1280 3334 deﬁnitiones
1319 3279 1516 3339 illaesas
1539 3295 1595 3341 et
1629 3269 1948 3351 inconiusas
1975 3297 2029 3352 in
2086 3301 2246 3358 unio-

659 3375 738 3416 .ne
768 3375 1120 3423 conservans.
1153 3365 1212 3424 ln
1248 3387 1360 3442 quo
1411 3375 1655 3435 Trinitas
1721 3394 1904 3441 manet
1979 3386 2240 3462 Trinitas,

661 3447 906 3504 alienum
942 3454 1303 3525 quidquama
1353 3471 1549 3520 natura
1599 3481 1695 3536 per
1752 3471 2084 3532 additionem
2131 3447 2245 3538 non

665 3535 1000 3607 admittens;
1050 3551 1106 3596 et
1145 3544 1468 3605 humanitas
1533 3535 1721 3612 manet
1767 3557 2108 3629 humanitas,

666 3627 817 3685 nnita
839 3631 941 3714 sibi
967 3633 1254 3698 divinitate
1286 3642 1515 3700 minime
1553 3645 1744 3712 divisa.
1781 3627 2120 3727 Quapropter
2153 3677 2246 3716 ra-

666 3719 830 3776 tionis
851 3712 1047 3792 espcrs
1071 3726 1176 3783 fuit
1195 3729 1430 3801 objectio
1463 3745 1573 3801 tua,
1591 3754 1658 3794 ex
1685 3712 2085 3815 Acc‘phalorum
2111 3766 2245 3809 con-

666 3810 1008 3871 fundendum
1043 3819 1234 3878 haeresi
1263 3826 1548 3887 ebulliens.

912 3905 1151 3976 Objectio
1177 3912 1349 3970 altera
1370 3917 1605 3986 ejusdem
1667 3925 1924 3984 hteretici.

733 3995 832 4053 Hic
857 3998 1131 4069 Christus,
1163 4021 1327 4076 quem
1357 4025 1461 4067 nos
1500 4015 1852 4088 conﬁtemur,
1905 4037 2242 4082 annumera-

662 4099 752 4145 tnr
780 4101 984 4149 sancta:
1023 4093 1298 4165 Trinitati,
1338 4103 1422 4158 vel
1439 4119 1570 4161 non.
1602 4106 1734 4166 Etsi
1767 4112 1988 4185 quidem
2037 4129 2242 4176 sanctae

660 4177 921 4240 Trinitati
972 4201 1389 4261 annumeratur,
1439 4211 1550 4266 quo
1618 4177 1802 4269 pacto-
1833 4204 1948 4274 jam
1997 4205 2240 4268 Trinitas

659 4278 768 4331 erit
795 4281 1285 4342 consubstantialis
1309 4287 1332 4341 ‘!
1357 4286 1414 4342 Si
1431 4296 1614 4345 autem
1644 4308 1755 4350 non
1801 4310 2198 4358 annumeratur
2222 4345 2239 4370 ,

662 4384 763 4425 nec
792 4369 938 4428 Deus
969 4376 1094 4442 erit,
1125 4378 1218 4433 sed
1249 4379 1433 4438 nudus
1499 4392 1712 4442 tantum
1776 4387 1964 4448 homo.
2029 4392 2240 4461 Quibus

663 4479 762 4518 vos
807 4467 989 4524 verbis
1015 4470 1412 4530 dubitationem
1461 4477 1707 4546 solvetis,
1745 4481 1970 4540 illaesam
2032 4489 2098 4545 de
2129 4506 2240 4546 uno

2355 1997 2455 2069 τὴν
2490 1997 2888 2070 ἀνθρωπότητα
2925 1997 3208 2070 προδήλως
3244 1999 3729 2071 καταλιμπάνετε·
3765 2001 3804 2072 ἦ
3850 2004 3940 2073 τὴν

2354 2091 2451 2146 ἀνθ
2459 2091 2746 2163 ρωπότητα
2768 2090 2994 2159 συναριθ
3003 2089 3248 2161 μοῦντες,
3283 2090 3561 2147 ἁλώσεσθε
3585 2093 3690 2166 τῆς
3709 2093 3942 2167 Τριᾶδος

2353 2183 2512 2248 ἐκτὸς
2531 2183 2632 2256 τὴν
2653 2183 2882 2256 θεότητα
2903 2182 3174 2254 λέγοντες.

2845 2362 3036 2429 Λύσις
3057 2361 3210 2432 πρὸς
3235 2363 3440 2424 τοῦτο.

2422 2454 2570 2512 Μίαν
2607 2453 2771 2525 φύσιν
2809 2453 2906 2510 τοῦ
2937 2455 3111 2526 Λόγου
3149 2457 3585 2531 σεσαρκωμένην
3611 2460 3935 2532 ὁμολογοῦν-

2350 2564 2465 2613 τες.
2494 2547 2594 2619 οὐχ
2633 2547 2820 2612 ἁπλῶς
2862 2548 2983 2602 ὅλον
3027 2565 3079 2602 τι
3107 2548 3200 2603 τὸν
3225 2538 3486 2634 Χριστὸν,
3533 2551 3658 2605 ἀλλ’
3691 2556 3759 2608 ἐκ
3797 2556 3936 2608 δυοῖν

2349 2638 2624 2713 όλοτήτων
2645 2641 3144 2712 συνενηνεγμένων,
3165 2640 3420 2714 θεότητός
3448 2660 3510 2697 τε
3529 2646 3629 2698 καὶ
3647 2645 3932 2717 ἀνθρωπό-

2349 2750 2534 2803 τητος,
2564 2733 2938 2805 ὁμολογοῦμεν
2961 2750 2977 2765 ’
3006 2732 3130 2788 καθ’
3160 2732 3230 2799 ἃς
3261 2734 3522 2807 ὅλότητας
3550 2737 3656 2802 τὰς
3686 2737 3766 2802 ὡς
3802 2739 3934 2810 μέρη

2351 2825 2490 2898 πρὸς
2516 2824 2614 2897 τὴν
2645 2824 2896 2880 σύνθεσιν
2923 2823 3282 2897 εἰλημμένας,
3316 2826 3438 2892 ὅλος
3469 2830 3646 2894 ἐστὶν,
3679 2830 3760 2895 ὡς
3787 2831 3934 2898 Θεὸς,

2348 2919 2428 2990 τῷ
2465 2919 2640 2990 Πατρί
2662 2935 2722 2972 τε
2755 2917 2851 2973 καὶ
2873 2917 2952 2989 τῷ
2980 2919 3256 2991 Πνεύματι
3282 2921 3532 2991 φυσικῶς
3563 2926 3930 2996 συνημμένος*

2348 3012 2445 3066 καὶ
2475 3011 2614 3076 ὅλος,
2644 3009 2718 3074 ὡς
2740 3010 3047 3082 ἄνθρωπος,
3076 3013 3143 3084 τῇ
3175 3012 3345 3085 μητρὶ
3373 3013 3471 3068 καὶ
3493 3015 3634 3086 ἡμῖν
3659 3017 3930 3081 οὐσιωδιξ

2350 3103 2783 3174 συντεταγμένος
2805 3117 2821 3132 ⁸
2867 3100 2948 3174 τῷ
2999 3104 3270 3177 μοναδικῷ
3317 3109 3634 3177 χαρακτῆρι
3681 3107 3757 3161 τὰ
3795 3109 3931 3180 ἄκρα
4040 3167 4041 3190 1

2352 3195 2492 3268 πρὸς
2537 3193 2731 3248 ἑαυτὸν
2765 3193 3018 3261 συνδέων,
3065 3200 3160 3251 καὶ
3199 3197 3326 3261 τοὺς
3373 3197 3484 3252 τῶν
3530 3197 3729 3270 ἄκρων
3777 3200 3930 3271 ὅρους
4039 3217 4041 3271 i

2347 3287 2660 3360 ἀλωὸἡτους
2703 3289 2799 3343 καὶ
2839 3288 3180 3360 ἀσυγχύτους
3221 3291 3279 3344 ἐν
3305 3293 3372 3363 τῇ
3403 3290 3603 3346 ἐνὼσει
3643 3292 3930 3360 διαφυλατ-

2345 3398 2475 3437 των.
2521 3381 2638 3452 Ἐφ’
2674 3372 2720 3450 ᾧ
2760 3381 2794 3452 ἡ
2825 3380 2997 3452 Τριέις
3026 3380 3178 3451 μένει
3211 3381 3404 3452 Τριὰς,
3431 3383 3734 3454 ἀωμφυές
3769 3403 3822 3440 τι
3857 3388 3930 3450 εἰς

2347 3475 2668 3548 προσθήκην
2697 3473 2773 3546 μὴ
2803 3475 3136 3548 προσιεμένη
3158 3491 3174 3506 ο
3205 3477 3356 3548 καὶὴ
3388 3476 3756 3550 ἁνθρωπότης
3786 3481 3932 3552 μένει
4039 3485 4041 3552 ;

2346 3567 2727 3641 ἀνθρωπότης,
2781 3566 2882 3636 τῆς
2927 3566 3221 3639 ἑνωθείσης
3274 3567 3413 3640 αὐτῇ
3462 3569 3728 3641 θεότητος
3774 3574 3930 3643 μήπω

2346 3659 2724 3732 διαιρουμένη.
2777 3658 2944 3712 Ὥστε
3001 3675 3096 3712 σου
3149 3659 3418 3730 ἀλογῶδες
3445 3661 3509 3715 τὸ
3532 3663 3835 3735 πρόϐλημα
3869 3667 3927 3717 ὲκ
4039 3658 4041 3696 ¹

2343 3751 2445 3820 τῆς
2467 3751 2576 3805 τῶν
2611 3749 2926 3820 ’Ᾱκεφάλων
2951 3752 3284 3823 συγχυτικῆς
3305 3752 3579 3824 αἱρέσεως
3603 3756 3927 3827 ἀποζευγν-ε.

2391 3860 2534 3898 ενον.

2349 3859 2605 3988 μενοέοὗ
2641 3932 2833 3989 αὐτοῦ
2869 3934 3168 4005 (tipatam?
3203 3935 3413 4004 ἕτερον
3443 3937 3798 4008 πρόϐλημα.

2417 4016 2588 4088 Οὗτος
2614 4023 2644 4076 6
2675 4023 2912 4095 Χριστὸς
2942 4027 2972 4078 6
3001 4027 3131 4097 παρ’
3158 4027 3192 4096 ἡ
3201 4024 3315 4096 μῶν
3334 4025 3779 4095 ὁμολογούμενος
3809 4043 3924 4080 ουν-

2343 4114 2659 4187 αριθμεῖται
2687 4117 2752 4188 τῇ
2779 4115 2910 4186 ἁγίᾳ
2936 4115 3151 4187 Τριὰδι,
3181 4112 3320 4187 ῆοῦ.
3352 4116 3464 4170 Καὶ
3491 4119 3540 4170 εί
3571 4117 3678 4188 μὲν
3709 4136 3924 4191 συναριο

2345 4207 2562 4278 θμείται
2601 4210 2669 4279 τῇ
2709 4207 2842 4279 ἁγίᾳ
2867 4208 3094 4280 Τριάδι,
3125 4207 3244 4271 πῶς
3269 4208 3424 4262 ἔσται
3456 4209 3648 4263 λοιπὸν
3695 4213 3732 4283 ἠ
3766 4213 3924 4285 Τριὰς

2340 4299 2658 4370 ὀμοούσιος;
2690 4301 2740 4354 εί
2771 4299 2834 4376 δε
2859 4301 2920 4354 οὐ
2951 4299 3362 4372 συναριθμεῖται
3383 4340 3399 4367 ,
3425 4303 3550 4356 οὐδὲ
3581 4303 3720 4368 Θεὸς
3754 4305 3920 4366 ἔσται,

2341 4391 2480 4448 ἀλλὰ
2531 4393 2691 4464 μόνον
2726 4391 2883 4462 ψιλὸς
2921 4391 3228 4464 ἄνθρωπος.
3277 4387 3373 4458 Οἷς
3401 4393 3586 4450 τοίνυν
3625 4396 3790 4467 ὑμεῖς
3831 4395 3922 4466 την

2341 4485 2578 4558 ἀπορίαν
2616 4483 2943 4539 ὲπιλύσεσθε
2977 4484 3175 4553 λόγοις,
3215 4486 3317 4558 τὴν
3363 4488 3494 4558 περὶ
3536 4487 3661 4552 ἑνὸς
3688 4486 3916 4558 Χριστοῦ

660 4555 884 4615 Christo
915 4574 1200 4623 servantes
1228 4567 1544 4638 opinionem
1579 4589 1596 4639 ;
1628 4574 1818 4630 eadem
1847 4577 1967 4648 ipsa
1985 4581 2142 4639 nobis
2169 4584 2237 4640 ad

2349 4555 2704 4647 φυλάττοντες
2729 4576 2888 4643 δόξαν
2915 4576 3235 4649 ἀπήμαντον
3252 4555 3283 4647 ,ν
3299 4555 3453 4634 οὗτοι
3486 4581 3584 4634 καὶ
3617 4555 3755 4654 ἡμῖν
3788 4582 3916 4653 πρὸς

660 4646 804 4709 hanc
833 4651 1123 4720 sullicient,

1129 4745 1342 4806 Salutio
1374 4751 1704 4822 objectionis.

730 4831 830 4890 llic
857 4834 1132 4908 Christus,
1157 4857 1318 4912 quem
1347 4859 1448 4902 nos
1480 4849 1824 4916 conﬁtemur,
1851 4853 2056 4923 quibus
2094 4857 2238 4912 veri-

659 4927 786 4983 tatis
813 4930 996 4987 verbis
1027 4933 1262 5002 priorem
1293 4937 1655 5008 objectionein
1700 4945 1921 5014 repulit,
1955 4947 2151 5005 iisdem
2185 4961 2240 5007 et

659 5032 982 5089 praesentem
1005 5027 1248 5096 repellet,
1281 5038 1342 5085 ut
1388 5047 1508 5102 quae
1539 5049 1724 5104 parem
1767 5040 2014 5098 continet
2043 5041 2240 5115 impie-

658 5123 850 5170 tatem.
883 5117 1055 5183 Quem
1087 5134 1218 5176 vero
1257 5138 1356 5180 vos
1388 5124 1694 5195 Christum,
1727 5146 1892 5186 unam
1925 5134 2136 5194 scilicet
2165 5153 2234 5194 ex

655 5207 920 5278 partibus,
942 5209 1226 5270 divinitate
1262 5224 1319 5270 et
1361 5215 1722 5288 humanitate,
1758 5223 2081 5281 totalitatem
2139 5242 2238 5282 na-

656 5299 886 5354 turalem
907 5301 1236 5371 praedicatis,
1278 5321 1380 5362 nec
1410 5311 1896 5369 consubstantialis
1919 5324 2003 5371 est
2033 5315 2178 5372 Patri
2215 5359 2232 5385 ,

654 5389 922 5458 siquidem
949 5388 1111 5448 Pater
1134 5392 1280 5450 Deus
1316 5395 1494 5452 solum
1527 5409 1631 5466 est,
1659 5409 1713 5456 et
1747 5417 1857 5458 non
1899 5403 2064 5461 homo
2091 5423 2106 5461 :
2137 5422 2236 5462 ne-

579 5471 584 5474 ’
653 5497 760 5553 que
799 5487 1286 5543 consubstantialis
1304 5490 1467 5546 matri
1497 5508 1516 5558 ε
1541 5494 1810 5564 siquidem
1852 5507 2028 5552 mater
2070 5501 2236 5558 homo

653 5581 740 5628 est
763 5581 997 5640 tantum,
1026 5584 1081 5630 et
1113 5591 1220 5633 non
1247 5576 1388 5634 Deus
1419 5596 1434 5634 :
1465 5591 1518 5637 et
1551 5591 1767 5654 tempus
1792 5596 1877 5642 est
1903 5597 1962 5643 ut
1981 5589 2236 5648 Christos

653 5664 791 5721 alios
826 5667 1105 5736 quaeratis,
1127 5668 1328 5739 quibus
1354 5670 1457 5728 iste
1488 5671 1558 5728 sit
1586 5676 2073 5735 consubstantialis
2108 5697 2124 5748 ;
2159 5682 2236 5737 si-

654 5753 877 5824 quidem
910 5773 1018 5812 non
1050 5769 1136 5814 est
1171 5761 1336 5817 ullam
1364 5764 1607 5835 reperire
1635 5776 1888 5824 naturam
1917 5785 2042 5842 quae
2069 5773 2235 5830 unius

654 5858 865 5913 tantum
896 5868 1140 5925 personae
1168 5857 1383 5933 propria
1409 5858 1498 5916 sit.
1521 5857 1674 5927 Quod
1701 5864 1746 5920 si
1781 5880 1888 5920 non
1915 5865 2231 5938 inveniatis,

2345 4671 2550 4745 ταύτην
2580 4671 2931 4745 ἀρκέσουσιν.

2826 4765 3018 4832 Λύσις
3055 4764 3206 4835 πρὸς
3235 4765 3429 4822 τοῦτο.

2415 4853 2586 4924 Οὗτος
2624 4858 2655 4912 6
2684 4858 2920 4930 Χριστὸς
2957 4860 2987 4912 6
3020 4858 3151 4930 παρ’
3179 4858 3335 4930 ἡμῶν
3359 4857 3815 4930 ὀμολογούμενκ,
3839 4852 3909 4920 οἷς

2342 4954 2523 5024 λόγοις
2549 4951 2885 5025 ἀληθότητος
2910 4952 3273 5026 ὲξεκρούσατο
3297 4953 3399 5025 τὴν
3427 4953 3705 5024 προτέραν
3729 4952 3910 5022 πρότα-

2345 5064 2452 5112 σιν,
2491 5045 2723 5110 τούτοις,
2767 5046 2865 5101 καὶ
2908 5047 3008 5118 τὴν
3054 5045 3338 5118 παροῦσαν
3376 5045 3788 5116 συγκρούσειεν,
3839 5045 3908 5108 ὥς

2345 5139 2654 5210 ίσοῤῥόπως
2679 5137 2743 5192 τὸ
2766 5136 2960 5202 ἀσεϐὲς
2985 5135 3232 5208 ἔχουσαν.
3267 5139 3365 5192 Ὃν
3390 5137 3450 5191 δὲ
3479 5139 3642 5208 ὑμεῖς
3669 5136 3902 5210 Χριστὸν,

2342 5230 2510 5300 ἦγουν
2539 5227 2670 5300 μίαν
2693 5228 2922 5300 ὀλότητα
2950 5229 3185 5302 φυσικὴν
3215 5231 3282 5283 ὲκ
3315 5230 3520 5301 μερῶν,
3561 5230 3811 5301 θεότητός
3849 5247 3902 5282 τε

2343 5324 2435 5375 καὶ
2478 5321 2920 5394 ἁνθρωπότητος,
2970 5322 3324 5391 πρεσϐεύετε,
3357 5320 3481 5376 οὔτε
3521 5323 3804 5394 όμοούσιος
3840 5323 3902 5377 ἂν

2341 5415 2428 5486 εἴη
2456 5414 2536 5486 τῷ
2567 5415 2763 5486 Πατρὶ,
2797 5415 2956 5486 εἰπερ
2992 5416 3022 5469 6
3046 5414 3232 5486 Πατὴρ
3259 5414 3391 5478 Θεὸς
3435 5415 3618 5486 μόνον,
3647 5417 3762 5472 ἀλλ’
3789 5417 3900 5487 οὐχὶ

2341 5510 2436 5562 καὶ
2459 5507 2776 5580 ἄνθρωπος’
2804 5507 2930 5563 οὔτε
2952 5507 3235 5577 όμοούσιος
3255 5508 3322 5578 τῇ
3349 5509 3538 5579 μητρὶ,
3561 5509 3716 5578 ειπερ
3743 5511 3778 5579 ἠ
3803 5509 3900 5580 μή·

2339 5616 2446 5670 τηρ
2475 5599 2761 5670 ἄνθρωπος
2797 5601 2979 5672 μόνον,
3008 5603 3124 5657 ἀλλ’
3158 5603 3280 5674 οὐχὶ
3313 5605 3406 5657 καὶ
3445 5604 3577 5669 Θεός
3596 5620 3612 5636 ⁸
3655 5606 3752 5679 καὶ
3789 5604 3898 5674 ὥρα

2342 5693 2471 5762 ὑμῖν
2499 5691 2684 5764 ζητεῖν
2709 5693 2930 5768 ἐτέρους
2961 5697 3249 5768 Χριστοὺς,
3281 5691 3360 5760 οἷς
3387 5687 3540 5760 οὗτος
3569 5697 3635 5752 ἂν
3660 5697 3742 5768 εῐη
3771 5698 3894 5766 ὀμο-

2340 5783 2516 5846 ούσιος
2540 5799 2556 5814 ·
2597 5777 2821 5856 ὲπεϊμὴ
2842 5781 2954 5839 οἷόν
2980 5801 3038 5838 τε
3067 5787 3490 5858 μονοπρόσωπον
3523 5787 3684 5854 φύσιν
3706 5787 3891 5854 γνωρί-

2343 5875 2551 5940 ζεσθαι.
2585 5877 2645 5930 Ei
2679 5877 2732 5931 δὲ
2762 5879 2858 5950 οὐχ
2887 5878 3219 5951 supinam,
3260 5883 3364 5945 τοῖς
3401 5879 3547 5945 ἰδίοις
3588 5879 3892 5954 προϐλημα-
