4102 6374
128 334 282 402 1537
1322 314 1869 397 EPISTOLARUM
1910 328 2035 391 LIB
2111 330 2195 390 II.
3249 312 3391 384 1538

119 466 216 501 σιν
244 447 571 514 ἑαλωκότες,
594 445 672 520 τῷ
695 446 837 520 κενῷ
862 445 1202 519 ἀναπλασμῷ
1224 445 1285 501 οὐ
1307 446 1541 517 Χριστὸν
1563 439 1699 498 εἶναι
1726 476 1739 504 Α

1764 441 2038 510 ,μορτὶίε
2089 436 2483 509 objectionibus
2533 436 2696 507 capti.
2752 435 2856 491 hoc
2912 435 3061 491 inani
3127 436 3384 506 figmento

117 540 273 606 ὅλως
306 540 602 607 δοξάζοιτε.

1809 530 2086 590 Christum
2116 546 2342 602 prorsus
2374 545 2483 584 non
2516 545 2638 585 esse
2669 530 2954 586 docebitis.

347 655 497 710 PUA’
523 656 658 726 (65).
688 685 759 697 -
790 655 1021 726 Νικήτᾳ
1039 652 1376 726 μονάζοντι.
1416 651 1608 727 [ψκδ’.,

1478 653 1608 725 κδ’.)
2112 645 2346 703 CLXXI.
2384 674 2435 685 —
2468 643 2675 699 Nicena
2702 645 2957 699 monacho
2991 646 3098 714 (⁸).,

118 770 274 831 Quod
295 769 711 832 quemadmodum
746 766 909 819 omnis
948 767 1031 818 vi?
1049 766 1322 832 perfectus,
1353 764 1550 832 etiamsi
1584 764 1636 815 in
1659 766 1933 832 apostolico
1944 763 2445 832 __ordine.'c_ens_eatur
2479 761 2672 827 indiget
2700 762 2831 814 libro
2862 761 3190 826 evangelico;
3220 758 3293 810 sic
3324 765 3380 810 et

1165 830 1357 890 pictura
1376 826 1597 877 historia:
1619 823 1729 890 qu?»
1757 825 1810 877 in
1830 840 1892 877 eo
1924 826 2050 876 libro
2086 823 2389 876 continetur.

194 912 276 966 Τὸ
306 910 459 982 παρὰ
486 910 587 981 τῆς
614 911 886 980 ὁσιότητος
919 908 1076 980 ήμῶν
1105 910 1193 962 διά
1221 909 1314 963 τοῦ
1354 909 1699 978 θεοφιλεστά-

1876 908 2046 974 Quem
2083 910 2346 963 sanctitas
2378 916 2558 963 vestra
2603 922 2700 979 per
2740 907 3215 978 religiosissimum
3260 924 3377 961 me-

115 1019 220 1055 του
277 1001 673 1072 μητροπολίτου
719 999 1020 1053 ἀποσταλὲν
1066 999 1198 1069 ἡμῖν
1229 996 1431 1068 βιϐλίον
1463 998 1700 1066 ἀνέγνω-

1804 1001 2117 1070 tropolitam
2148 1000 2212 1055 ad
2240 1015 2343 1055 nos
2376 1001 2579 1055 librum
2609 1000 2777 1065 misit,
2810 1000 3071 1071 legimus,
3103 1007 3157 1054 et
3194 999 3376 1070 profe-

121 1108 253 1161 μεν.
290 1091 402 1145 Καὶ
433 1091 534 1144 οὐκ
575 1090 721 1144 ἐστιν
750 1089 779 1141 ὁ
811 1089 969 1142 τοῦτο
1006 1088 1458 1158 συγγραψάμενος
1494 1088 1589 1142 ἐπὶ
1618 1088 1698 1160 τῷ

1803 1102 1912 1157 clo,
1943 1093 2034 1162 qui
2067 1093 2212 1147 hunc
2238 1092 2491 1161 scripsit,
2526 1094 2581 1146 in
2616 1092 3048 1147 venerandarutn
3078 1092 3369 1162 imaginum

118 1183 363 1249 δόγματι
393 1178 500 1232 τῶν
527 1179 738 1232 σεπτῶν
761 1178 982 1232 εἰκόνων
1010 1177 1373 1248 όρθοφρονῶν.
1399 1179 1562 1247 Λέγει
1587 1178 1695 1250 γὰρ

1802 1184 2057 1254 dogmate
2086 1199 2194 1238 non
2229 1192 2375 1239 recte
2404 1185 2586 1238 sentit.
2641 1184 2768 1239 Haec
2801 1184 2947 1240 enim
2978 1184 3139 1238 dicit:
3181 1201 3199 1235 ι
3231 1185 3374 1238 lnef—

118 1272 286 1327 τάδε·
329 1289 350 1323 ι
385 1271 497 1341 Τὴν
519 1271 756 1341 ἀρῤητον
790 1270 884 1323 καὶ
912 1269 1280 1341 ἀπερίληπτον
1308 1271 1390 1333 εἱς
1423 1272 1570 1340 ἡμᾶς
1600 1269 1694 1323 τοῦ

1801 1276 2019 1330 labilem
2055 1285 2109 1331 et
2145 1275 2653 1344 incomprehensam
2686 1275 2778 1330 Dei
2815 1291 2943 1346 erga
2981 1290 3082 1330 nos
3126 1276 3372 1345 benigni-

120 1363 261 1417 Θεοῦ
291 1362 720 1434 φιλανθρωπίαν,
745 1362 840 1416 καὶ
870 1363 994 1426 τοὺς
1025 1361 1202 1433 ἱεροὺς
1222 1361 1332 1415 τῶν
1354 1361 1525 1429 ἁγίων
1555 1361 1701 1428 ἀγῶ-

1796 1372 1981 1425 tatem.
2011 1374 2065 1419 et
2092 1380 2277 1420 sacros
2312 1363 2639 1419 Sanctorum
2673 1381 2875 1436 agones
2905 1366 2958 1420 in
2995 1365 3218 1420 Litteris
3246 1366 3371 1436 qui-

119 1473 224 1517 νας
270 1456 332 1508 ὲν
382 1455 678 1526 Γράμμασι
711 1454 810 1525 μὲν
853 1457 1015 1526 ἡμεῖς
1060 1456 1225 1525 ἱεροῖς
1268 1454 1700 1524 ἀνευφημετσθαι

1796 1456 1916 1511 dem
1945 1456 2341 1512 sacrislaudari
2372 1455 2730 1519 atlirmamus,
2764 1457 2914 1511 nullo
2944 1472 3046 1510 nos
3071 1456 3327 1525 figmento
3353 1495 3368 1518 ,

120 1545 522 1617 διατυποῦμεν,
554 1545 780 1618 οὐδεμιᾷ
820 1546 1016 1601 πλάσει
1056 1545 1119 1599 τὸ
1157 1546 1243 1614 ἐφ’
1275 1546 1406 1616 ἡμῖν
1440 1545 1472 1615 ἢ
1512 1548 1697 1616 γραφῇ

1798 1559 2063 1617 quantum
2093 1549 2147 1603 in
2182 1549 2340 1604 nobis
2364 1558 2468 1610 est.
2492 1550 2577 1604 vel
2601 1550 2813 1618 pictura
2840 1553 2989 1603 velut
3016 1549 3369 1604 oblcctantes.

120 1639 381 1711 καθάπερ
404 1638 563 1711 [Cod.
601 1638 731 1708 Reg.
765 1636 1039 1711 καθάπαξ]
1088 1638 1360 1708 ἡδόμενοι.
1387 1637 1704 1707 Συγχωροῦ-

1797 1641 2171 1697 Permittimus
2215 1647 2394 1695 autem
2440 1640 2897 1709 simplicioribus,
2940 1628 3372 1709 cum'imperfe-

121 1748 228 1799 μεν
268 1732 328 1786 δὲ
377 1735 488 1795 τοῖς
537 1731 924 1801 ἁπλουστέροις
960 1731 1329 1802 ἀτελεστέροις
1359 1730 1539 1795 αὐτοῖς
1577 1732 1682 1784 ὑπ·
1716 1726 1741 1783 Ῑ

1750 1732 1987 1787 ιοιίοιιεε
2040 1732 2186 1797 sint,
2233 1746 2334 1801 pro
2379 1731 2612 1785 naturali
2676 1732 2923 1799 ipsorqu
2970 1731 3370 1800 persuasione,

120 1821 406 1891 ἀρχουσιν,
449 1822 554 1875 ὑπὸ
588 1821 869 1892 συμφυοῦς
901 1822 1077 1874 αὐτῶν
1103 1822 1405 1892 ὲναγωγῆς,
1445 1822 1539 1875 καὶ
1572 1821 1693 1892 όψει

1797 1824 1961 1878 etiam
2005 1832 2227 1892 aspectu
2264 1822 2398 1892 ipsis
2436 1830 2767 1891 congruente
2793 1861 2809 1885 ,
2855 1821 2982 1875 talia
3018 1835 3113 1889 per
3154 1821 3369 1874 modum

119 1918 187 1985 τῇ
218 1915 402 1976 αὐτοῖς
428 1914 743 1985 συμμέτρῳ,
787 1914 856 1967 τὰ
880 1913 1100 1967 τοιαῦτα
1142 1916 1199 1966 ὲν
1228 1915 1538 1984 εἰσαγωγῆς
1565 1914 1692 1984 τρό-

1797 1914 2216 1971 introductionis
2246 1915 2448 1969 doceri.
2477 1932 2496 1966 ι
2536 1912 2677 1979 Quid
2722 1914 2787 1967 ad
2827 1914 2940 1967 hazc
2979 1913 3143 1981 igitur
3180 1913 3370 1966 dicen-

120 2025 211 2077 πῳ
266 2007 577 2078 μανθάνειν.
618 2025 638 2060 s
689 2008 754 2060 Τί
785 2003 878 2061 οῦν
919 2006 1066 2060 ἔστιν
1121 2008 1180 2060 ὲν
1233 2007 1443 2072 τούτοις
1481 2010 1689 2076 εἱπεῖν;

1796 2006 1923 2060 dum
1955 2005 2082 2060 est?
2115 2004 2356 2059 Primum
2386 2004 2630 2073 quidem,
2657 2004 2801 2073 quod
2834 2005 2998 2058 unius
3016 2013 3071 2057 et
3098 2002 3367 2072 perfectae,

120 2099 351 2171 Πρῶτον
395 2100 493 2170 μὲν
541 2100 623 2154 ὅτι
668 2099 935 2170 διαίρεσιν
980 2100 1081 2169 τῆς
1123 2101 1252 2171 μιᾶς
1290 2104 1383 2154 καὶ
1422 2101 1690 2167 ἐντελοῦς,

1798 2098 2113 2168 nullamque
2150 2098 2234 2152 vel
2276 2096 2609 2151 additionem
2646 2098 2729 2152 vel
2776 2097 3235 2151 substractionem
3270 2095 3367 2149 ad-

121 2191 221 2243 καὶ⁵
271 2190 395 2260 μηδ’
430 2189 607 2243 ὁτιοῦν
661 2188 1021 2261 πρόσθεσινὴ
1066 2189 1352 2259 ὑφαίρεσιν
1399 2188 1693 2258 προσιεμέ-

1799 2190 2064 2245 mittentis
2090 2190 2214 2245 fidei
2247 2200 2450 2244 nostra:
2472 2187 2794 2244 divisionem
2834 2188 3101 2254 instituit;
3132 2187 3238 2243 sibi
3265 2186 3366 2257 ipsi

119 2297 221 2350 νης
255 2282 491 2345 πίστεως
533 2280 688 2352 ἡμῶν
720 2280 1126 2350 ἀπεργάζεται·
1158 2279 1337 2350 ἑαυτῷ
1363 2279 1462 2350 μὲν
1485 2280 1583 2351 τὴν
1602 2280 1691 2334 διὰ

1796 2283 2014 2352 quidem
2055 2282 2277 2351 petitam
2325 2296 2391 2335 ex
2447 2281 2621 2335 sacris
2671 2279 2897 2335 Litteris
2946 2280 3362 2335 delineationem

120 2375 232 2429 τῶν
282 2374 442 2444 ἱερῶν
485 2374 831 2447 Γραμμάτων
874 2374 1161 2443 ἀπονέμων
1187 2373 1551 2427 διατύπωσιν
1580 2376 1693 2439 τοῖς

1796 2373 2142 2438 attribuens;
2184 2373 2619 2439 simplicioribus
2647 2388 2778 2428 vero
2812 2382 2974 2443 atque
3002 2373 3366 2442 imperfectiu-

120 2464 512 2537 ἁπλουστέροις
544 2467 601 2520 δὲ
628 2466 787 2537 δῆθεν
833 2467 929 2520 καὶ
978 2466 1352 2538 ἀτελεστέροις
1385 2467 1692 2537 ὑπάρχουσι

1795 2465 1949 2520 ribus
1994 2464 2283 2531 videlicet,
2336 2480 2433 2534 per
2466 2465 2619 2519 fictas
2653 2466 2740 2520 vel
2786 2466 2959 2535 pictas
2999 2464 3202 2535 efligies
3248 2464 3366 2520 edi-

120 2560 224 2630 τὴν
253 2561 311 2613 ὲν
340 2560 535 2613 πλάσει
564 2560 657 2613 καὶ
692 2562 876 2631 γραφῇ
914 2560 1152 2631 ἱστορίαν
1180 2559 1431 2624 ἀποίσας.
1460 2561 1690 2613 Ἔπειτα

1794 2558 1980 2613 scendi
2054 2557 2297 2612 studium
2356 2556 2631 2613 deferens.
2692 2557 2898 2611 Deinde
2960 2555 3065 2612 sibi
3145 2554 3363 2625 quidem

122 2650 274 2721 αὑτῷ
316 2649 418 2721 μὲν
447 2652 675 2706 ἀνάπτει
714 2651 775 2705 τὸ
805 2651 1008 2705 τέλειον
1048 2651 1147 2721 τῆς
1184 2651 1443 2722 χάριτος⁹
1488 2653 1602 2715 τοῖς
1632 2651 1689 2704 δὲ

1793 2650 2179 2721 perfectionem
2212 2651 2399 2720 gratiae
2435 2651 2655 2721 adaptat
2688 2667 2702 2703 :
2749 2651 2873 2706 aliis
2921 2668 3052 2706 vero
3081 2650 3364 2707 Judaicam

120 2744 224 2814 τὴν
255 2742 548 2814 Ἰουδαῖκὴν
573 2743 899 2815 ἀπορρίπτει
919 2744 1238 2814 νηπιότητα,
1261 2743 1536 2813 δεομένοις
1560 2761 1691 2813 συμ-

1792 2740 2047 2811 relinquit
2082 2738 2367 2795 infantiam
2395 2779 2410 2803 ,
2444 2740 2538 2810 qui
2571 2742 2806 2797 naturali
2838 2742 3182 2799 institutione
3223 2742 3364 2797 indi-

122 2835 293 2903 φυοῦς
335 2835 643 2905 ἀναγωγῆς.
674 2834 885 2889 υὺκοῦν
919 2835 1040 2889 κατ’
1077 2835 1240 2890 αὐτὸν
1278 2835 1620 2905 διαψεύδεται
1656 2838 1690 2911 ⁵ό

1792 2843 1974 2901 geant.
2024 2829 2189 2899 Igitur
2243 2834 2541 2887 secundum
2599 2833 2778 2902 ipsum
2829 2835 3094 2889 mentitur
3141 2842 3364 2889 sanctus

123 2927 269 2999 ἱερὸς
301 2926 620 2989 Ἀπόστολος
648 2927 903 2996 φάσκων·
939 2929 1059 2982 Οὐκ
1085 2928 1175 2982 ἔνι
1213 2926 1518 2996 Ἰουδαῖος,
1548 2927 1689 2982 οὐδὲ

1791 2922 2081 2991 Apostolus
2100 2938 2225 2977 cum
2254 2922 2331 2977 ait
2355 2941 2369 2977 :
2408 2921 2533 2978 Non
2555 2932 2635 2979 est
2650 2924 2896 2988 Judwus,
2922 2941 3083 2995 neque
3102 2924 3319 2979 Graecus
3338 2940 3358 2977 :

121 3017 394 3085 Ἕλλην’
430 3028 542 3074 οὐκ
580 3019 672 3072 ἔνι
722 3018 962 3083 δοῦλος,
1001 3019 1143 3074 οὐδέ
1175 3020 1488 3089 ἐλεύθερος
1510 3037 1525 3052 ·
1574 3022 1685 3074 οὐκ
1720 3082 1741 3089 _

1744 3083 1752 3089 _
1792 3032 1893 3068 non
1922 3025 1998 3068 est
2019 3014 2227 3082 πηνίκ’,
2253 3031 2416 3086 neque
2441 3015 2614 3071 liber:
2646 3033 2748 3071 non
2772 3026 2848 3070 est
2874 3016 3169 3081 masculus,
3203 3032 3364 3087 neque

120 3111 211 3164 ἔνι
261 3082 448 3179 ἄρσεν
494 3111 592 3165 καὶ
621 3111 794 3179 θῆλυ.
829 3082 1055 3177 [Ides-ec
1078 3112 1189 3181 γὰρ
1226 3082 1397 3179 ὑμεῖςζ
1432 3082 1520 3179 είς
1545 3112 1686 3167 ἐστε
1712 3082 1740 3139 ί

1740 3083 1753 3137 ἶ
1786 3107 2200 3176 [entinaﬂmnes
2223 3110 2361 3161 enim
2382 3125 2472 3163 vos
2496 3124 2661 3163 unum
2684 3110 2810 3163 estis
2836 3110 2890 3163 in
2916 3107 3122 3164 Christo
3147 3106 3279 3163 Jesu
3295 3110 3360 3163 ⁷⁸.

118 3203 183 3256 ἐν
212 3202 445 3272 Χριστῷ
481 3202 709 3269 Ἰησοῦ.
736 3203 799 3256 Ei
826 3202 883 3256 δὲ
911 3204 1184 3273 ἀληθεύει,
1219 3203 1411 3276 ὥσπερ
1439 3201 1533 3259 οῦν
1549 3205 1686 3276 ἠλή-

1787 3197 1882 3251 Siu
1926 3206 2108 3251 autem
2144 3212 2334 3251 verum
2378 3198 2552 3263 dicit,
2600 3206 2662 3252 ut
2706 3209 2851 3253 certe
2894 3199 3028 3253 dicit
3062 3239 3078 3265 ,
3125 3210 3181 3254 et
3217 3198 3362 3254 Unus

121 3293 326 3359 θευται,
367 3293 463 3346 καὶ
482 3288 588 3360 Εἷς
612 3294 848 3362 Κύριος,
878 3294 985 3363 μία
1008 3295 1231 3363 πίστις.
1263 3294 1334 3350 ἓν
1348 3295 1683 3366 βάπτισμασ

1784 3290 2079 3351 Dominus,
2134 3306 2244 3343 una
2281 3289 2448 3358 ﬁdes,
2497 3307 2662 3343 unum
2700 3290 2963 3361 baptisma
2992 3293 3070 3358 7';
3111 3308 3358 3362 quaenam

119 3385 199 3445 τίς
247 3386 279 3456 ἡ
322 3385 454 3459 κενὴ
503 3384 644 3457 αῦτη
674 3386 933 3457 διαίρεσις
958 3388 1037 3448 εἱς
1067 3386 1161 3440 δῦο
1188 3389 1452 3459 τμήματα
1481 3388 1682 3455 avena;

1783 3393 1867 3437 est
1901 3385 2017 3437 ltzec
2048 3382 2229 3437 inanis
2260 3382 2457 3437 divisio
2490 3383 2542 3437 in
2584 3394 2862 3452 segmenta
2898 3385 3007 3440 duo
3039 3385 3361 3454 inaequalia!

118 3477 170 3530 τὸ
212 3477 367 3541 ἔθνος
405 3477 467 3530 τὸ
493 3478 666 3546 ἆγιον,
698 3478 760 3531 τὸ
805 3477 1073 3549 βασίλειον
1108 3479 1427 3551 ἱεράτευμα,
1456 3480 1686 3553 ἀποκρί-

1783 3482 1998 3544 gentem
2025 3483 2292 3539 sanctam,
2325 3475 2505 3543 regale
2533 3476 2899 3530 sacerdotium
2931 3477 2996 3542 ⁷⁸,
3038 3477 3219 3531 dirimi
3255 3499 3266 3533 :
3308 3489 3361 3531 et

119 3585 271 3621 νεσαι
295 3584 311 3599 ·
340 3568 434 3621 καὶ
462 3568 522 3621 τδ
555 3568 652 3638 μὲν
675 3565 813 3623 εἶναι
840 3569 937 3636 τῆς
966 3569 1346 3640 ὲντελεστέρας
1380 3572 1593 3642 μοίραςο
1620 3573 1682 3626 τὸ

1782 3566 1919 3620 alios
1947 3565 2167 3635 quidem
2201 3564 2547 3636 perfectioris
2576 3568 2751 3637 partis
2781 3584 2925 3633 esse,
2957 3569 3093 3624 alios
3121 3570 3360 3624 deterio-

117 3657 291 3727 δὲτῆς
324 3658 807 3730 ὑφειμενεστέρας.
842 3659 1095 3723 Ἔπειτα,
1132 3659 1214 3711 ὅτι
1254 3659 1436 3729 ἐπειδὴ
1466 3663 1574 3723 πᾶς
1618 3657 1680 3714 εῦ

1783 3659 1880 3713 ris.
1916 3658 2157 3724 Deinde,
2187 3659 2452 3728 quoniam
2489 3663 2874 3731 unusquisque
2905 3663 2952 3716 si
2988 3664 3133 3733 sapit
3180 3661 3358 3732 perfe»

120 3747 331 3820 φρονῶν
364 3750 574 3818 ἐφίεται
604 3749 937 3819 τελειότητος
957 3765 972 3780 ο
1008 3749 1303 3820 νεμεσητὸν
1324 3751 1588 3821 ἡγήσεται
1620 3750 1682 3805 τὸ

1780 3752 2014 3806 ctionem
2053 3754 2301 3820 expetit;
2349 3752 2475 3807 odio
2507 3752 2734 3820 dignum
2778 3755 2939 3809 ducet
2977 3756 3120 3824 quod
3157 3756 3359 3825 imper-

119 3837 338 3901 ἀτελές·
389 3837 684 3892 κάντεῦθεν
733 3837 792 3903 ἐξ
833 3837 1130 3905 ἀναγκαίου
1162 3837 1433 3908 παρέλκον
1477 3840 1594 3894 ἐστὶ
1621 3840 1681 3893 τὸ

1780 3839 1982 3893 fectum
2017 3848 2137 3905 est;
2173 3849 2337 3910 atque
2376 3841 2504 3895 hinc
2533 3843 2846 3897 necessario
2889 3858 3354 3912 supervacaneum

118 3928 209 3997 τῆς
246 3927 483 3997 ἱστορίας
510 3928 705 3998 δόγμα.
744 3928 1112 3984 Ἑναντιοῦται
1135 3929 1192 3982 δὲ
1221 3930 1301 3983 ὅτι
1324 3931 1559 3999 μάλιστα
1586 3932 1680 3984 καὶ

1780 3939 1864 3983 est
1897 3929 2097 3997 dogma
2145 3930 2391 3999 picturae.
2435 3931 2771 3986 Adversatur
2799 3915 2868 3987 'et
2917 3950 3080 4001 quam
3119 3935 3355 3988 maxime

119 4018 187 4088 τῷ
247 4018 467 4090 μεγάλῳ
517 4018 802 4091 Βασιλείῳ,
850 4018 925 4090 μὴ
962 4018 1226 4083 ταυτίζων
1251 4018 1319 4073 τά
1347 4020 1439 4074 ὑπ’
1467 4020 1677 4074 ἐκείνου

1780 4035 1984 4089 magno
2014 4019 2240 4087 Basilio,
2272 4036 2381 4075 non
2412 4023 2755 4089 assentiens,
2798 4038 2899 4078 nec
2930 4038 2993 4077 ea
3023 4025 3184 4078 simul
3221 4039 3354 4080 ceu-

121 4112 311 4180 ἐπίσης
345 4111 855 4182 δογματιζόμενα.ἰ
896 4113 964 4165 Ἀ
992 4112 1102 4182 γὰρ
1132 4112 1160 4164 ὀ
1192 4110 1369 4179 λόγος.
1398 4112 1551 4183 φησὶ.
1581 4112 1680 4182 τῆς

1775 4108 2012 4178 jungens
2040 4125 2161 4179 quas
2195 4110 2288 4164 ille
2315 4127 2381 4166 ex
2416 4126 2574 4180 aequo
2600 4112 2810 4166 docuit.
2847 4131 2865 4164 ι
2893 4112 3023 4178 Quae
3061 4115 3227 4176 enim,
3265 4115 3351 4167 in-

122 4206 355 4275 ἱστορίας
400 4205 467 4258 δι’
496 4205 664 4274 ἀκοῆς
692 4204 1009 4275 παρίστησι,
1050 4203 1223 4269 ταῦτα
1265 4202 1509 4275 γραφικὴ
1552 4220 1678 4257 σιω-

1777 4200 1916 4270 quit,
1944 4200 2186 4256 historiae
2204 4217 2385 4257 sermo
2402 4218 2495 4273 per
2508 4219 2672 4258 aures
2702 4215 3057 4273 repraesentat
3077 4245 3092 4269 ,
3126 4204 3243 4260 hac
3266 4206 3352 4275 pi-

121 4280 274 4349 πῶσα
303 4295 387 4350 διὰ
416 4298 700 4366 μιμήσεως
734 4296 1021 4349 δείκνυσιν.
1062 4313 1081 4345 ι
1132 4295 1539 4348 Ἀντανίσταται
1569 4296 1677 4366 ἄρα

1776 4304 1930 4350 ctura
1969 4295 2136 4350 silens
2165 4310 2260 4366 per
2280 4298 2635 4352 imitationem
2666 4297 2980 4354 ostendit".
3016 4318 3034 4350 ι
3071 4297 3353 4369 Repuguat

120 4388 420 4456 όγεννάδας
457 4390 568 4451 τοῖς
604 4389 769 4457 ἱεροῖς
792 4386 1028 4455 Λογίοις,
1068 4385 1254 4457 ὥσπερ
1287 4387 1379 4439 καὶ
1406 4384 1483 4456 τῷ
1508 4403 1674 4457 κορυ-
1702 4407 1740 4466 ι]

1732 4403 1905 4464 )οιέο
1925 4389 2006 4441 vir
2036 4388 2288 4459 egregius
2316 4390 2494 4446 sacris
2525 4390 2827 4460 Scripturis
2851 4431 2866 4455 ,
2913 4392 3056 4446 sicut
3106 4399 3161 4446 et
3216 4407 3352 4461 pra:-

122 4477 259 4545 φαίῳ
286 4474 488 4545 Πατρί·
523 4476 615 4529 καὶ
649 4475 890 4545 οἱόμενος
923 4475 1080 4530 ἄλλον
1109 4474 1195 4528 ἐπ’
1225 4474 1374 4546 αὐτῷ
1410 4475 1475 4546 δὴ
1500 4475 1673 4545 τούτῳ

1775 4480 2116 4536 stantissimo
2161 4480 2308 4536 Patri
2342 4500 2356 4536 :
2397 4494 2451 4538 et
2489 4483 2618 4538 dum
2659 4485 2825 4538 alium
2858 4483 2911 4537 in
2950 4485 3051 4539 hoc
3094 4485 3211 4554 ipso
3250 4484 3349 4537 do-

121 4567 188 4636 τῷ
217 4567 447 4638 δόγματι
485 4567 845 4637 διορθοῦσθαι,
870 4566 1032 4630 αὐτὸς
1062 4565 1382 4638 πεφώραται
1413 4566 1676 4636 ὀφλισκά-

1778 4583 1955 4645 gmate
1972 4573 2246 4645 corrigere
2266 4575 2470 4640 studet,
2487 4575 2603 4645 ipse
2622 4575 2813 4630 frivola
2832 4575 3036 4630 dixisse
3057 4575 3350 4644 deprehen-

58 4666 59 4669 ‘
123 4672 217 4711 νων
247 4658 469 4727 μάταια.
496 4659 606 4711 Καὶ
632 4658 718 4712 διά
745 4658 901 4713 τοῦτο
931 4661 1093 4730 ἡμεῖς
1127 4659 1225 4729 μὲν
1249 4659 1424 4729 πάντη
1447 4659 1673 4730 διαγρά-

1776 4668 1943 4722 ditur.
1990 4666 2055 4721 Et
2088 4668 2228 4723 hanc
2262 4684 2489 4738 prorsus
2523 4669 2595 4724 ob
2623 4685 2847 4723 causam
2880 4668 3016 4723 tales
3044 4683 3216 4737 nugas
3244 4683 3346 4723 nos

124 4766 283 4819 υομεν
325 4750 393 4804 τὰ
423 4750 645 4804 τοιαῦτα
675 4750 1109 4823 βατταρίσματα.
1152 4752 1675 4823 ’Υπομιμνὴσκομεν

1776 4756 1995 4826 quidem
2018 4759 2242 4813 omnino
2268 4760 2572 4829 rejicimus.
2603 4760 3144 4816 Commonefacimus
3163 4769 3342 4813 autem

122 4838 171 4892 δὲ
207 4842 301 4893 καὶ
342 4840 441 4911 τὴν
469 4841 740 4912 ὑμετέραν
777 4842 1090 4912 ἐμμέλειαν,
1130 4841 1209 4912 τῷ
1248 4842 1393 4913 αὐτῷ
1446 4846 1675 4913 στοιχεῖν

1775 4849 2111 4918 diligentiam
2136 4859 2399 4919 vestram,
2430 4862 2491 4907 ut
2522 4853 2769 4908 eamdem
2812 4861 3074 4921 sequatur
3105 4851 3340 4920 regulam

58 4930 63 4955 ι
124 4932 295 4985 κανόνι
322 4933 425 5003 τῆς
451 4932 779 5005 ὁρθοδοξίας,
812 4933 1015 4988 εἰδυῖαν
1044 4934 1127 4988 ὅτι
1151 4934 1227 4998 ὼς
1253 4934 1423 4989 δεῖται
1457 4938 1564 5000 πᾶς
1589 4938 1675 4989 τέ-

1776 4939 1900 4992 fidei
1925 4939 2241 4996 orthodoxa:
2264 4981 2279 5005 ,
2322 4942 2500 4995 sciens
2524 4980 2539 5005 ,
2577 4939 3036 5011 quemadmodum
3070 4937 3342 5008 perfectus

58 5022 61 5049 ἶ
122 5020 274 5087 λειος,
300 5024 404 5078 κᾶν
430 5025 490 5077 ὲν
518 5026 860 5097 ἀποστολικῷ
886 5026 1154 5097 ἀξιώματι
1182 5027 1542 5093 κατείλεκται,
1576 5029 1674 5099 τῆς

1774 5028 2051 5099 quisque,
2105 5029 2230 5084 licet
2282 5032 2578 5100 apostolica
2631 5031 2897 5102 dignitate
2950 5041 3174 5087 ornatus
3221 5031 3338 5096 sit,

58 5112 63 5141 ί
126 5113 464 5185 ιὺαγγελικῆς
486 5114 668 5168 δέλτου
683 5132 699 5147 ο
728 5116 868 5170 οὓτω
895 5116 989 5169 καὶ
1010 5118 1108 5187 τῆς
1134 5116 1254 5169 κατ’
1277 5115 1445 5188 αὐτὴν
1469 5133 1671 5188 γραφι-

1772 5121 2082 5191 evangelica
2113 5130 2234 5192 eget
2266 5124 2504 5193 pagina;
2558 5123 2634 5179 ita
2683 5133 2738 5179 et
2787 5124 2994 5195 pictura
3039 5124 3334 5179 secundum

64 5224 65 5227 ‘
125 5203 212 5274 κῆς
240 5205 474 5277 ἱστορίας
494 5223 511 5239 ο
543 5208 625 5260 ὅτι
656 5208 751 5262 καὶ
786 5208 884 5279 τῆς
927 5207 1049 5279 ῐσης
1079 5208 1243 5281 τιμῆς
1272 5226 1332 5264 τε
1373 5210 1467 5265 καὶ
1501 5227 1673 5281 προσ.

1775 5214 1924 5268 illam
1960 5230 2221 5285 expressa
2256 5232 2271 5269 :
2319 5216 2578 5286 quoniam
2626 5217 2871 5289 ejusdem
2903 5218 3129 5274 honoris
3172 5227 3338 5285 atque

58 5298 65 5329 τ
127 5304 384 5369 κυνὴσεως
420 5300 725 5373 ἀμφότερα.

1775 5305 2115 5361 adorationis
2152 5316 2460 5379 utrumque.

185 5468 224 5500 "
257 5467 427 5525 Gal-at.
457 5486 539 5537 Ill,
569 5471 660 5527 28.
736 5472 781 5504 ⁷³
814 5470 1009 5543 Ephes.
1050 5487 1122 5537 iv,
1157 5473 1211 5527 5.
1283 5473 1331 5506 “
1362 5473 1381 5530 l
1416 5472 1561 5532 Petr.
1597 5491 1633 5530 ιι
1675 5475 1727 5530 9.
1804 5476 1850 5507 "
1882 5475 2041 5532 llom.
2080 5494 2169 5545 xx,
2211 5480 2266 5535 in
2291 5478 2361 5536 40
2402 5492 2692 5555 martyres.

1599 5647 1829 5704 NOT/E.

188 5735 285 5800 (65)
314 5738 373 5796 In
411 5740 531 5797 cod.
557 5740 689 5813 Reg.
725 5740 859 5812 ρξη’.

650 5758 689 5813 5.
725 5740 859 5812 ρξη’.
1836 5745 1908 5816 (δ)
1942 5745 2270 5817 Dogmatica.
