4102 6374
674 277 810 343 1539

873 392 1126 450 CLXXII.
1153 425 1222 434 —
1245 395 1505 465 Hesychia
1541 401 1905 464 protonotario
1936 398 2022 469 (').

1858 284 1919 345 S.
1959 281 2353 345 THEODORI
2392 281 2738 347 €TUD1T/E

3783 283 3908 348 15ιο

2410 395 2554 454 ΡΟΒ⁹
2586 400 2720 470 (64).
2745 430 2816 445 --
2853 399 3120 470 Ἦσυχτῳ
3143 398 3613 467 πρωτονοταρίφ.
3655 395 3846 468 [ψκεη

1346 514 1420 563 De
1445 512 1561 564 ﬁlia:
1587 513 1965 564 consecratione
1987 529 2000 564 :
2025 520 2078 563 et
2109 525 2174 562 ne
2197 510 2449 562 ullatenus
2473 529 2583 564 cum
2609 517 2860 569 haereticis
2893 515 3242 568 communicet.

737 619 1003 675 Praeclara
1025 617 1247 689 quidem
1287 619 1519 689 epistola
1557 621 2026 690 praestantissimae
2054 621 2234 676 hono-

2408 622 2564 694 Καλὴ
2594 627 2694 694 μὲν
2735 626 2769 696 ἡ
2800 625 3058 695 ἐπιστολὴ
3087 625 3189 693 τῆς
3215 622 3499 692 παγκάλου
3542 638 3636 674 σου
3676 618 3913 689 τιμιότηο

665 712 945 765 rifieentiae
973 720 1098 774 tuae,
1127 720 1180 766 et
1211 719 1470 777 tanquam
1499 711 1567 766 de
1599 713 1746 766 bono
1771 714 2032 768 thesauro
2054 713 2239 769 cordis

664 802 908 871 profecta
930 844 944 864 ,
975 815 1029 856 et
1067 813 1326 872 tanquam
1370 801 1776 872 pulchritudine
1809 805 2026 859 radians
2062 803 2242 859 chari-

663 894 792 948 tatis
830 912 843 947 :
894 910 1002 946 non
1035 895 1138 948 hoc
1172 904 1350 960 tamen
1392 895 1612 948 nomine
1645 894 1936 958 laudanda,
1966 893 2110 964 quod
2141 908 2242 949 nos

664 985 949 1054 imperitos
982 987 1236 1041 laudibus
1271 988 1590 1041 extollebat.
1636 985 1932 1056 Ecquando
1973 987 2118 1040 enim
2160 985 2243 1040 fa-

663 1091 786 1133 ctus
817 1096 964 1142 sum,
993 1081 1138 1150 quod
1166 1081 1287 1147 aisf,
1324 1081 1542 1134 lucerna
1576 1084 1766 1136 ardens
1797 1089 1845 1134 et
1868 1083 2046 1135 lucens
2081 1081 2149 1147 ⁷⁸,
2187 1080 2245 1135 in

663 1186 770 1239 qua
813 1185 868 1226 tu
900 1171 1167 1226 Dominus
1193 1188 1346 1228 meus
1383 1173 1503 1226 luce
1541 1173 1897 1227 collustratus
1937 1173 2246 1227 exsultave-

665 1261 781 1314 ris?
826 1269 920 1314 aut
964 1261 1089 1316 fons
1121 1263 1504 1330 limpidissime
1536 1261 1747 1325 ﬂuens,
1797 1262 1864 1314 de
1896 1277 2006 1330 quo
2029 1261 2246 1316 dilectio

667 1363 758 1406 tua
804 1368 1109 1407 sermonem
1153 1354 1450 1407 salutarem
1497 1351 1786 1406 hauserit?
1833 1351 2030 1404 Annon
2064 1351 2246 1420 potius

664 1446 955 1500 obscurata
985 1455 1070 1500 est
1103 1461 1135 1500 e
1179 1447 1461 1500 contrario
1488 1445 1653 1500 facies
1687 1454 1874 1499 nostra
1907 1460 2075 1514 supra
2121 1443 2249 1496 fuli-

670 1537 876 1605 ginem,
911 1545 971 1590 ut
1001 1551 1125 1590 cum
1167 1538 1435 1608 propheta
1468 1537 1662 1604 loquar
1691 1537 1758 1600 ⁷⁷,
1793 1552 1890 1606 per
1929 1536 2052 1590 vita;
2084 1535 2252 1589 inuti-

665 1628 915 1683 litatem?
951 1639 1006 1684 et
1047 1645 1228 1684 sermo
1272 1639 1459 1684 noster
1489 1629 1673 1698 operis
1712 1628 1924 1682 viribus
1953 1626 2252 1682 destitutus

666 1723 915 1790 elanguit
979 1722 1047 1776 ad
1078 1723 1439 1777 erudiendum
1497 1723 1661 1775 talem
1719 1719 2071 1775 auditorem?
2121 1717 2252 1782 Quae

666 1815 887 1885 quidem
922 1829 952 1868 a
988 1830 1077 1869 me
1110 1815 1390 1878 dicuntur,
1422 1829 1528 1866 non
1553 1813 1700 1882 quod
1735 1812 2124 1882 Smyrnensem
2152 1825 2252 1862 cu-

667 1909 902 1963 stodiam
937 1911 1288 1978 vituperem;
1334 1906 1520 1961 absit!
1569 1906 1878 1962 veneranda
1928 1905 2072 1960 enim
2124 1904 2248 1968 illa,

2339 731 2452 779 τος,
2475 716 2570 768 καὶ
2591 715 2668 779 ὡς
2687 717 2781 769 ἀπ’
2808 716 3012 784 ἀγαθοῦ
3047 714 3322 787 θησαυροῦ
3354 717 3453 786 τῆς
3475 713 3708 783 καρδίας
3737 711 3917 776 ἐξαγοο

2345 805 2626 879 ρευθεῖσασ
2677 808 2773 861 καὶ
2819 807 2896 872 ὡς
2939 807 3017 878 τῷ
3059 807 3245 861 κάλλει
3288 807 3387 876 τῆς
3417 806 3642 875 ἀγάπης
3675 803 3914 867 ὲναγλαῖ-

2343 901 2552 954 σθεῖσα.
2579 900 2655 954 Οὐ
2683 900 2789 972 μὴν
2811 900 2886 964 ὡς
2908 900 3281 971 ἀπεσέμνυνεν
3306 899 3452 969 ἡμᾶς
3475 897 3604 960 τοὺς
3629 894 3913 964 ἀμούσους,

2343 992 2534 1061 λόγους
2568 993 2860 1063 ἐγκωμίων
2890 992 3023 1062 ἔχει.
3050 992 3188 1045 Πότε
3228 991 3338 1060 γὰρ
3365 985 3663 1057 ἐγενόμην,
3689 985 3769 1049 ὡς
3800 985 3912 1052 φὴς.

2342 1086 2573 1154 λύχνος
2626 1086 2942 1154 καιόμενος
2990 1084 3086 1138 καὶ
3130 1085 3380 1153 φαίνων,
3412 1084 3470 1134 ὲν
3498 1074 3542 1147 ᾧ
3587 1077 3617 1133 ὁ
3649 1079 3916 1145 Δεσπότης

2350 1194 2451 1246 μου
2478 1176 2790 1246 ἡγαλλιάσω
2822 1176 3219 1245 φωτιζόμενος;
3251 1171 3286 1242 ἢ
3317 1173 3468 1244 πηγὴ
3497 1174 3708 1226 νάουσα
3743 1169 3919 1221 διειδὲ-

2347 1284 2535 1333 στατα,
2571 1268 2662 1335 ἀφ’
2687 1262 2754 1338 ἧς
2782 1265 3058 1339 ἠρῥύσατο
3096 1268 3128 1336 ἡ
3164 1266 3386 1335 φιλότης
3430 1281 3524 1317 σου
3562 1263 3726 1329 λόγον
3757 1260 3921 1328 σωτή-

2350 1376 2500 1429 ριονς
2536 1361 2632 1412 καὶ
2678 1360 2800 1429 οὐχὶ
2845 1359 3153 1411 τούναντίον
3207 1358 3406 1426 μᾶλλον
3446 1356 3749 1409 ὲσκότασεν
3793 1353 3920 1429 ὑπὲρ

2349 1427 2606 1520 ἀσϐόλην,
2644 1427 2997 1522 προιρητικῶς
3025 1451 3216 1514 εἰπεῖν,
3258 1450 3317 1504 τὸ
3351 1445 3490 1509 εἶδος
3530 1447 3695 1516 ἡμῶν
3739 1449 3805 1516 τῇ
3836 1427 3917 1498 τοῦ

2349 1543 2465 1613 βίου
2497 1544 2900 1614 ἀχρηστότητις
2936 1545 3029 1598 καὶ
3071 1542 3100 1594 δ
3133 1544 3286 1611 λόγος
3312 1543 3616 1613 ἠσθένησεν
3649 1541 3756 1593 οῦκ
3796 1540 3919 1608 ἔχων

2348 1635 2448 1706 τὴν
2482 1634 2540 1700 ἐξ
2576 1633 2737 1704 ἔργου
2781 1634 3031 1704 δύναμιν,
3063 1636 3140 1697 εἰς
3171 1633 3441 1704 ὲνίδρυσιν
3471 1631 3564 1686 τοῦ
3598 1631 3915 1692 ἀκοῦοντοςς

2350 1729 2461 1783 Καὶ
2495 1728 2669 1781 ταῦτα
2695 1728 2859 1796 λέγω,
2894 1728 2956 1780 οὐ
2985 1728 3082 1798 τὴν
3114 1729 3170 1780 ὲν
3199 1730 3264 1798 τῇ
3291 1726 3515 1796 Σμύρνῃ
3547 1722 3800 1794 φυλακὴν
3830 1740 3918 1774 και

2351 1823 2547 1886 κίζων·
2583 1822 2657 1892 μή
2691 1839 2743 1874 τι
2773 1820 2984 1888 γένοιτο
3005 1820 3019 1873 l
3044 1822 3078 1890 ἡ
3107 1819 3204 1888 μὲν
3234 1819 3342 1888 γὰρ
3370 1817 3631 1886 σεδαστὴ.
3666 1813 3919 1880 σεδαστῆς

2352 1914 2643 1985 ὁμολογίας
2686 1931 2775 1984 μοι
2809 1913 3043 1984 φρουρός
3067 1930 3082 1943 ⁸
3119 1912 3357 1981 ἐμαυτὸν
3389 1911 3446 1964 δὲ
3477 1909 3829 1979 αἰτιώμενος,
3855 1907 3920 1968 ὡς

667 1999 996 2052 Veneranda:
1012 1999 1382 2052 confessionis
1404 2013 1535 2051 mea:
1549 2005 1767 2070 custos:
1793 1994 1887 2050 sed
1906 2004 1964 2048 ut
1985 1994 2253 2062 meipsum

2364 2007 2454 2058 οὐκ
2482 2004 2647 2069 ἀξίως
2672 2006 2729 2056 ἐν
2757 2003 2894 2073 αὐτῇ
2927 2001 3403 2073 πολιτευσάμενον.
3441 1999 3584 2052 Ἀλλ’
3614 1997 3777 2066 ἀφεὶς
3807 1995 3920 2048 ταῦ-

667 2093 882 2162 οιιιροιιη
905 2133 918 2156 ,
951 2092 1044 2160 qui
1078 2107 1185 2144 non
1231 2107 1330 2160 pro
1361 2106 1427 2144 eo
1461 2105 1526 2144 ac
1564 2089 1750 2144 decuit
1785 2089 1840 2142 in
1880 2088 1968 2141 illa
2003 2094 2257 2140 versatus

669 2183 799 2236 sim.
829 2181 1026 2235 Verum
1057 2181 1144 2236 his
1166 2182 1545 2249 omissis,qua:
1574 2179 1776 2234 indicia
1797 2186 1926 2232 sunt
1947 2177 2254 2242 charitatis,

669 2276 736 2329 ad
758 2259 1068 2328 institutum
1095 2275 1395 2329 orationem
1420 2281 1706 2328 converto.
1736 2270 2078 2343 Signiﬁcavit
2097 2268 2258 2323 nobis

671 2367 890 2420 bonitas
918 2376 1010 2421 tua
1037 2407 1051 2432 ,
1079 2366 1220 2423 duas
1247 2378 1334 2433 te,
1363 2376 1423 2421 ut
1447 2366 1612 2421 verbo
1634 2365 1857 2433 dicam,
1888 2363 2088 2417 habere
2119 2362 2258 2416 ﬁlias

672 2476 703 2514 a
732 2461 838 2514 Deo
865 2460 1058 2527 datas;
1089 2469 1144 2516 et
1174 2461 1413 2530 priorem
1445 2460 1696 2531 quidem,
1729 2468 2024 2526 antequam
2064 2470 2259 2510 nasce-

674 2563 863 2616 retur,
919 2553 1030 2608 Deo
1085 2570 1181 2624 per
1243 2555 1367 2609 vitae
1423 2553 1740 2610 monasticae
1789 2551 2259 2608 consecrationem

674 2646 1069 2715 spepondisse;
1112 2647 1339 2700 alteram
1373 2646 1426 2699 in
1459 2647 1637 2700 medio
1664 2655 1719 2700 et
1745 2645 1966 2721 ancipiti
2000 2644 2260 2712 reliquis-

672 2753 734 2792 se
767 2760 782 2792 ;
819 2751 965 2791 nunc
999 2745 1182 2790 autem
1221 2745 1439 2791 mutato
1468 2737 1722 2798 consilio,
1760 2736 1876 2790 vice
1903 2749 2056 2789 versa
2086 2733 2263 2787 facere

674 2828 1031 2882 constituisse
1073 2827 1143 2881 ob
1180 2831 1477 2896 quamdam
1521 2827 1905 2882 necessitatem
1956 2840 2080 2895 quae
2127 2823 2263 2878 inci-

676 2918 795 2971 dit:
839 2926 901 2971 ut
935 2932 1130 2986 nempe
1171 2916 1280 2971 Deo
1326 2917 1659 2986 promissam
1683 2957 1700 2981 ,
1738 2915 1942 2970 mumlo
1981 2913 2262 2984 assignes,

677 3010 782 3064 hoc
814 3018 898 3064 est
929 3009 1046 3063 viro
1078 3008 1263 3064 tradas
1293 3008 1445 3063 omni
1472 3023 1538 3062 ex
1579 3017 1734 3078 parte
1770 3006 2034 3061 laudabili
2067 3047 2082 3070 ,
2113 3006 2263 3076 ejus-

677 3099 913 3168 demQue
959 3112 1083 3151 cum
1131 3097 1307 3166 puella
1358 3097 1576 3160 artatis;
1630 3095 1682 3150 in
1719 3096 1899 3150 medio
1930 3103 2110 3149 autem
2141 3093 2267 3148 reli-

678 3199 823 3245 ctam
851 3232 865 3256 ,
907 3189 1201 3244 admodum
1259 3189 1612 3260 juveuculam
1665 3197 1718 3243 et
1759 3189 2018 3258 imparem
2063 3197 2262 3254 aetate,

2354 2115 2445 2162 τα,
2493 2096 2570 2161 ὡς
2605 2095 2704 2164 τῆς
2752 2094 2972 2165 ἀγάπης
3013 2093 3141 2146 ὄντα
3190 2091 3515 2162 συμϐόλαια,
3558 2091 3656 2141 ἐπὶ
3696 2090 3760 2141 τδ
3805 2104 3922 2140 κατ-

2357 2194 2577 2259 επεῖγον
2613 2190 2704 2244 τὸν
2729 2190 2885 2258 λόγον
2916 2185 3356 2258 μεθαρμόσομαι.
3402 2185 3714 2254 Ἐσήμανεν
3746 2181 3867 2249 ἡμῖν
3893 2177 3920 2244 ἡ

2358 2282 2664 2354 χρηστότης
2700 2297 2817 2344 σου,
2850 2279 2925 2340 ὡς
2950 2277 3044 2330 δύο
3072 2277 3236 2347 ἔχειν,
3272 2277 3546 2342 συντόμως
3577 2275 3780 2331 εἰπεῖν,
3817 2271 3923 2321 ego.

2359 2375 2631 2446 δωρήτους
2665 2371 2971 2442 θυγατέρας
2991 2369 3010 2403 °"
3032 2370 3126 2423 καὶ
3153 2370 3254 2439 τὴν
3283 2369 3380 2438 μὲν
3415 2365 3642 2437 πρώτην
3677 2363 3785 2432 πρὸ
3812 2379 3919 2429 γεν-

2361 2468 2568 2538 νήσεως
2589 2463 3030 2534 καθυποσχέσθαι
3052 2461 3117 2516 δι’
3145 2459 3494 2531 ἀφιερώσεως
3520 2457 3620 2510 τοῦ
3653 2452 3923 2526 μοναδικοῦ

2363 2558 2478 2630 βίου
2510 2555 2628 2626 Θεῷ
2649 2571 2662 2585 ⁸
2693 2554 2791 2624 τὴν
2817 2553 2876 2605 δὲ
2904 2552 3160 2624 δευτέραν
3206 2553 3262 2604 ὲν
3295 2547 3605 2618 μεταιχμίῳ
3640 2545 3922 2617 φέρεσθιι’

2361 2649 2458 2704 νῦν
2489 2649 2545 2701 δὲ
2580 2645 3110 2718 μεταϐεϐουλεῦσθαι
3156 2643 3383 2708 ἐναλλὰξ
3422 2639 3756 2712 ποιήσασθαι
3803 2638 3928 2690 κατά

2361 2759 2486 2796 τινα
2513 2740 2816 2810 ἀναγκαίαν
2846 2739 3200 2810 περιπέτειαν
3220 2754 3234 2768 ·
3260 2736 3400 2790 ὥστε
3427 2735 3522 2805 τὴν
3545 2731 3930 2802 ὐποσχεθεῖσαν

2363 2839 2656 2908 ἀπονεῖμαι
2689 2835 2765 2906 τῷ
2795 2834 3005 2904 κόσμῳ,
3037 2834 3206 2903 ἦγουν
3253 2827 3551 2884 ἀποδόσθαι
3589 2826 3751 2894 ἀνδρὶ
3796 2821 3930 2890 καλῷ

2362 2946 2422 2982 τε
2461 2928 2529 2981 τὰ
2573 2927 2771 2988 πάντα,
2807 2924 2901 2978 καὶ
2924 2925 2992 2995 τῇ
3024 2922 3177 2975 παιδί⁵
3209 2918 3577 2991 συνηλικιώτῃ
3600 2933 3616 2947 ο
3651 2915 3754 2986 τὴν
3783 2914 3841 2968 δὲ
3879 2915 3931 2965 ἑν

2369 3019 2677 3092 μεταιχμίῳ
2706 3017 2901 3087 κομιδῇ
2945 3015 3074 3068 νέαν
3124 3013 3290 3067 οὖσαν
3328 3012 3422 3066 καὶ
3449 3011 3510 3063 οὐ
3545 3007 3931 3078 συντρέχουσαν

2365 3115 2432 3184 τῇ
2468 3111 2676 3183 ἡλικίᾳ,
2711 3109 2989 3164 ἀναθεῖναι
3020 3106 3173 3178 Θεῷ·
3206 3104 3308 3158 κᾶν
3349 3103 3524 3173 τούτῳ
3574 3100 3824 3162 σκάζειν,
3855 3097 3935 3148 καὶ
4027 3119 4029 3143 |

2321 3202 2762 3272 ’δυσχεραίνειν,
2819 3199 2893 3268 μή
2953 3215 3069 3262 πως
3120 3192 3485 3256 ὲναντιοθελὲς
3540 3191 3630 3260 εἴη
3687 3189 3767 3259 τῷ
3811 3186 3932 3254 Θεῷ.

679 3282 882 3337 oﬂ‘eras
917 3281 1060 3348 Deo;
1110 3291 1165 3336 et
1211 3282 1264 3335 in
1308 3282 1412 3336 hoc
1439 3282 1698 3336 vacillare
1744 3290 1795 3336 te
1844 3296 1907 3334 ac
1947 3282 2262 3352 perplexum

2377 3292 2523 3345 Ἐδει
2557 3291 2655 3360 μὲν
2694 3288 2810 3353 οὖν,
2837 3281 2882 3340 ὦ
2913 3287 3149 3340 δέσποτα
3177 3282 3493 3354 τιμιώτατε,
3524 3280 3722 3333 ἄλλους
3751 3277 3936 3328 πυνθά-

679 3391 832 3438 esse,
861 3389 928 3429 ne
958 3373 1095 3428 forte
1134 3374 1188 3428 id
1224 3383 1486 3443 repugnet
1519 3374 1793 3428 voluntati
1844 3372 1962 3428 Dei.
1991 3373 2270 3428 Dehueras

681 3469 968 3539 quidem“
995 3467 1222 3522 Domine
1267 3468 1694 3522 honoratissime
1717 3507 1732 3530 ,
1769 3467 1872 3521 hac
1908 3467 1976 3521 de
2027 3483 2086 3520 re
2135 3465 2274 3522 alios

684 3560 1027 3628 interrogare
1053 3598 1070 3623 ,
1111 3558 1180 3612 ab
1211 3559 1432 3627 iisque‘.
1462 3570 1523 3612 ut
1551 3557 1644 3627 qui
1676 3557 1898 3612 scientia
1935 3557 2092 3610 nobis
2121 3566 2275 3611 ante-

683 3653 905 3718 cellunt,
929 3651 1256 3706 snlutionem
1294 3649 1588 3720 accipere;
1644 3665 1824 3719 neque
1865 3665 1895 3703 a
1945 3651 2106 3704 nobis
2156 3658 2268 3702 tam

686 3747 852 3815 longo
884 3746 1129 3798 locorum
1168 3743 1456 3798 intervallo
1491 3740 1785 3812 disjunetis
1821 3758 2144 3812 responsum
2186 3758 2276 3796 re-

687 3837 928 3905 quirere.
979 3834 1233 3889 Attamen
1262 3834 1483 3906 quando
1531 3849 1631 3904 pro
1683 3849 1746 3888 ea
1817 3849 1982 3903 quam
2035 3832 2275 3887 habuisti

689 3929 892 3984 ﬁducia
914 3929 994 3984 sic
1021 3928 1292 3992 statuisti;
1325 3941 1386 3982 re
1413 3942 1538 3982 cum
1565 3917 1660 3980 Dei
1685 3927 2070 3981 amantissimo
2099 3925 2278 3981 archi-

689 4020 952 4089 episcopo
984 4027 1037 4072 et
1068 4016 1238 4071 fratre
1277 4025 1467 4071 nostro
1493 4015 1842 4070 considerata
1865 4057 1879 4080 ,
1907 4013 2276 4085 judicavimus

691 4127 813 4165 eam
847 4126 969 4165 esse
999 4121 1194 4181 praeter
1227 4108 1488 4175 ollieium,
1531 4119 1586 4163 ct
1617 4117 1814 4178 praeter
1843 4117 2049 4162 rectam
2083 4108 2239 4162 tidem
2260 4146 2276 4172 ,

692 4216 1003 4274 przeterqne
1031 4218 1094 4256 ea
1133 4217 1256 4271 qua:
1289 4217 1533 4271 unquam
1575 4201 1781 4255 fuerint
1813 4202 2085 4272 exempla.
2133 4201 2274 4255 Olim

693 4301 848 4351 Anna
884 4297 973 4350 illa
1011 4293 1244 4350 celebris
1295 4293 1606 4348 Samuelem
1649 4295 1969 4364 priusquam
2021 4309 2279 4348 nascere-

694 4398 785 4440 tur
819 4383 1062 4456 pol'licita
1089 4425 1106 4450 ,
1153 4399 1316 4454 quem
1365 4385 1695 4453 promiserat
1740 4400 1846 4438 non
1878 4385 2278 4450 commutavit,

697 4478 912 4532 tantetsi
944 4477 1083 4532 alios
1110 4477 1348 4530 habebat
1375 4475 1540 4541 ﬁlios,
1574 4475 1671 4530 sed
1701 4476 1847 4531 hunc
1876 4479 2053 4546 ipsum
2085 4477 2280 4531 obtulit

698 4571 834 4626 Deo.
884 4571 1044 4624 Beata
1107 4566 1341 4634 Nouna,
1394 4583 1519 4622 cum
1570 4567 1894 4640 Gregorium
1945 4568 2279 4640 Theologum

2373 3382 2560 3437 νεσθαι
2583 3383 2711 3452 περὶ
2739 3379 2892 3434 τοῦδε
2926 3377 3020 3431 τοῦ
3051 3377 3328 3448 δράματος
3346 3413 3362 3438 ,
3385 3373 3481 3428 καὶ
3511 3373 3645 3442 παρ’
3669 3369 3850 3422 αὐτῶν
3875 3367 3938 3428 ὡς

2375 3475 2830 3545 προφερεστέρων
2865 3471 3007 3526 κατά
3038 3469 3239 3540 γνῶσιν
3266 3468 3364 3537 τῆς
3387 3465 3543 3534 ἡμῶν
3576 3464 3940 3530 οὐθενῦτητοςτ

2374 3566 2675 3638 λαμϐάνειν
2715 3565 2812 3636 τὴν
2844 3564 3020 3625 λύσιν,
3050 3561 3145 3616 καὶ
3182 3561 3258 3631 μὴ
3293 3559 3528 3627 τοσούτῳ
3569 3559 3742 3627 μήκει
3771 3555 3942 3624 διῳκι-

2378 3659 2614 3730 σμένους
2666 3658 2814 3729 ἡμᾶς
2853 3660 2920 3727 τῇ
2967 3655 3115 3708 θέσει
3147 3653 3241 3707 τοῦ
3271 3652 3434 3707 τόπου
3477 3648 3944 3718 ὲπαναλαμδάνειν

2377 3754 2460 3816 είς
2507 3752 2821 3822 ἀπόκρισιν.
2860 3749 3052 3820 Ὅμως
3095 3747 3280 3817 ἐπειδὴ
3333 3745 3616 3814 κέκρικας,
3663 3738 3752 3805 οἷς
3799 3743 3946 3794 πεπί-

2378 3862 2612 3908 στευκας
2641 3843 2890 3914 τρόποις·
2925 3840 3085 3894 τοῦτο
3121 3841 3184 3910 δὴ
3234 3839 3373 3910 μετά
3413 3837 3506 3891 τοῦ
3535 3835 3946 3903 θεοφιλεστάτου

2377 3936 2806 4007 ἀρχιεπισκόπου
2848 3933 2944 3989 καὶ
2993 3930 3221 4001 ἀδελφοῦ
3269 3929 3426 4002 ἡμῶν
3473 3929 3846 3982 συνέσκεπται
3883 3927 3945 3986 ὼς

2377 4026 2530 4096 παρά
2578 4026 2640 4079 τὸ
2683 4024 2802 4078 δέον
2841 4023 2903 4076 τὸ
2936 4026 3192 4094 πρᾶγμα,
3224 4022 3321 4074 καὶ
3349 4019 3500 4090 παρά
3529 4017 3627 4090 τὴν
3659 4019 3836 4088 ὀρθὴν
3867 4019 3945 4067 πί-

2380 4137 2498 4174 στιν
2529 4117 2688 4190 [Cod.
2720 4117 2852 4184 Reg.
2886 4112 3115 4185 κρίσιν],
3194 4111 3291 4165 καὶ
3349 4110 3500 4181 παρὰ
3557 4109 3628 4163 τὰ
3669 4109 3734 4173 ἐξ
3769 4109 3944 4163 αξῶννδς

2379 4211 2820 4284 παραδείγματα.
2848 4207 3024 4260 Πάλαι
3057 4207 3224 4258 ’Ἅννα
3255 4205 3287 4274 ἠ
3320 4203 3562 4268 ἀοίδιμος
3594 4202 3684 4254 τὸν
3706 4198 3944 4270 Σαμουὴλ

2381 4305 2487 4377 πρὸ
2526 4306 2831 4373 γεννήσεως
2861 4298 3232 4370 ὑποσχομένη,
3267 4298 3365 4366 οὐχ
3394 4295 3666 4366 ὑπήλλαξε
3699 4295 3796 4345 τδν
3827 4292 3942 4344 ὑπο-

2383 4396 2664 4466 σχεθέντα,
2699 4393 2792 4448 καί
2831 4411 2914 4446 τοι
2950 4391 3150 4462 ἔχουσα
3184 4389 3276 4443 καὶ
3305 4389 3528 4460 ἐτέρους
3574 4387 3794 4448 παῖδας,
3825 4384 3944 4437 ἀλλὰ

2380 4491 2570 4544 τοῦτον
2591 4490 2908 4559 προσήγαγε
2934 4485 3012 4554 τῷ
3044 4485 3182 4555 Θεῷ.
3215 4484 3390 4536 Νὸννα
3425 4484 3458 4550 ή
3492 4480 3755 4551 μακαρία,
3784 4475 3946 4532 ὡσαὺ-

2380 4597 2490 4644 τως
2525 4578 2870 4649 ὑποσχομένη
2921 4576 3221 4645 Γρηγόριον
3253 4573 3345 4626 τὸν
3377 4571 3660 4639 Θεολόγον,
3707 4568 3938 4622 ἀπέδωκε

699 4664 954 4719 similiter
987 4662 1365 4734 promisisset.
1413 4670 1600 4714 votum
1657 4677 1818 4716 suum
1869 4660 1976 4715 Deo
2023 4660 2264 4715 reddidit

2383 4669 2462 4742 τῷ
2494 4669 2613 4740 Θεῷ
2643 4670 2741 4738 τὴν
2769 4667 2935 4739 εὐχὴν
2957 4667 3147 4736 αὐτῆς.
3180 4665 3291 4717 Καὶ
3324 4663 3431 4734 μὴν
3454 4664 3481 4715 ὁ
3502 4663 3662 4731 ἅγιος
3690 4660 3942 4727 Εὑθῦμινις

701 4759 939 4812 Sanctus
968 4755 1094 4809 item
1125 4753 1488 4824 Euthymius,
1513 4752 1650 4838 .Deo
1689 4768 1719 4807 a
1759 4753 2077 4822 parentibus
2121 4753 2281 4814 datus

701 4857 829 4902 ante
853 4848 1194 4902 nativitatem
1216 4884 1232 4910 ,
1268 4860 1376 4899 non
1408 4852 1494 4900 est
1521 4855 1711 4914 postea
1743 4854 2145 4901 commutatus.
2176 4844 2281 4911 Qui

701 4941 1061 4995 admirabiles
1105 4939 1264 5009 plane
1307 4939 1362 4994 in
1416 4939 1624 4994 mundo
1674 4939 1778 4994 visi
1821 4949 2000 4995 sunt:
2045 4956 2312 5011 quorum-

705 5050 869 5089 causa
901 5043 956 5089 et
1001 5042 1256 5103 parentes
1297 5032 1440 5088 beati
1473 5032 1746 5100 praedicati
1785 5043 1933 5089 sunt.
1968 5034 2088 5100 Quo
2119 5034 2284 5105 igitur

707 5119 1022 5200 pacto'nos,
1052 5127 1136 5180 vir
1159 5125 1498 5190 admirande,
1527 5135 1718 5182 contra
1751 5127 1865 5183 lucc
1894 5137 2116 5199 agentes
2137 5169 2153 5195 ,
2183 5143 2278 5184 ex-

705 5230 790 5274 tra
838 5218 1320 5290 reprehensionem
1366 5217 1620 5272 erimus?
1670 5234 1735 5274 ac
1780 5235 1888 5273 non
1941 5219 2120 5290 potius
2162 5235 2288 5290 per-

704 5313 936 5385 stringet
963 5328 1067 5369 nos
1093 5313 1287 5368 beatus
1331 5312 1527 5370 Petrus
1550 5354 1566 5381 ,
1601 5313 1800 5370 alicubi
1829 5314 2018 5369 dicens
2047 5332 2062 5370 :
2097 5312 2286 5367 Nonne

781 5495 828 5527 ⁷⁶
856 5493 1014 5549 Joan.
1051 5510 1105 5560 ν,
1142 5494 1232 5550 35.
1308 5495 1352 5528 '"
1383 5491 1590 5550 Thren.
1624 5510 1709 5560 IV,
1741 5490 1791 5547 8.

2382 4761 2533 4824 δοτδς
2565 4760 2642 4832 τῷ
2675 4759 2794 4830 Θεῷ
2818 4757 2968 4830 παρά
2995 4760 3104 4819 τοῖς
3135 4755 3351 4824 γονεῦσι
3379 4756 3486 4826 πρὸ
3512 4755 3838 4823 γεννήσεως,
3862 4755 3942 4799 ut

2382 4854 2444 4906 οὐ
2493 4852 2810 4924 διήλλακται
2858 4849 2996 4921 μετά
3027 4848 3127 4920 τὴν
3161 4849 3433 4918 γέννησιν.
3460 4846 3524 4899 Οἳ
3552 4846 3645 4898 καὶ
3683 4843 3866 4914 χρῆμά
3897 4856 3944 4890 τι

2383 4945 2698 5015 θαυμαστὸν
2724 4943 2802 5013 τῷ
2830 4943 3018 5013 κόσμῳ
3045 4941 3309 5013 ῶφθησαν
3330 4959 3343 4971 ·
3376 4940 3435 5006 ἐξ
3465 4933 3541 4994 ὧν
3570 4939 3664 4992 καὶ
3693 4939 3742 4990 οἱ
3785 4934 3942 4994 mei;

2389 5035 2829 5108 μεμακάρηνται.
2860 5033 2986 5097 Πῶς
3032 5033 3075 5086 δ’
3106 5033 3175 5087 ἂν
3221 5029 3314 5087 οῦν
3359 5034 3540 5103 ἡμεῖς,
3572 5025 3617 5084 ὦ
3653 5029 3946 5098 θαυμαστό-

2384 5144 2512 5180 τατε
2541 5125 2698 5197 [Cod.
2734 5123 2864 5196 Reg.
2904 5123 3292 5195 συνετώτατεῙ,
3342 5122 3492 5193 παρὰ
3535 5119 3705 5173 ταῦτα
3747 5116 3949 5171 ποιοῦν-

2383 5237 2494 5284 τες,
2549 5219 2654 5286 ἔξω
2708 5217 3052 5289 ἐγκλήματος
3097 5217 3396 5286 πέσοιμεν;
3450 5216 3543 5268 καὶ
3579 5215 3698 5282 οὐχὶ
3758 5209 3946 5280 μᾶλλον

2385 5310 2681 5382 καθάψοιτο
2711 5310 2870 5381 ήμῶν
2897 5312 2926 5363 ὁ
2952 5309 3221 5382 μακάριος
3256 5309 3458 5379 Πέτρος
3482 5300 3583 5361 ὧδέ
3617 5320 3717 5358 που

2229 5647 2462 5706 ΝΟΤιΕ.

785 5744 869 5816 (⁸)
898 5743 1230 5818 Dogmatica.

2369 5746 2484 5819 (61)
2512 5745 2569 5802 In
2602 5746 2724 5804 cod.
2752 5743 2883 5817 Reg.
2921 5742 3057 5816 950'.
