4102 6374
177 311 326 418 λιιι

1371 293 1919 375 EPISTOLARUM
1974 309 2120 372 LIB.
2161 308 2247 370 ΙΙ.

3316 302 3457 372 1542

203 429 329 498 1ὐχὶ
359 424 547 497 μένον
584 439 683 482 σοι
721 425 916 496 ἔμενε,
948 425 1047 481 και
1077 425 1304 496 πραθὲν
1347 426 1419 481 ἐν
1449 425 1523 496 τῇ
1548 424 1632 495 σῇ
1657 423 1758 488 s5-

1883 420 1963 474 Tibi
1992 437 2206 475 manens
2231 416 2499 486 manebat,
2523 425 2574 472 et
2601 421 2978 474 venumdatam
3001 421 3056 473 in
3090 429 3181 473 tua
3211 432 3323 474 erat
3353 441 3452 492 po-

189 521 372 588 ουσίςι
408 519 683 588 ὐπῆρχες
723 520 780 573 τί
809 519 900 573 ὅτι
925 517 1066 574 ἔθου
1092 518 1162 572 ἐν
1189 516 1264 586 τῇ
1295 516 1506 586 καρδίᾳ
1540 533 1656 571 σου
1694 513 1761 570 τὸ

189 610 429 680 πρᾶγμα
474 610 690 673 τοῦτο;
719 611 814 662 καὶ
841 609 900 662 τὸ
927 609 1055 680 ἑξῆς
1077 607 1362 678 δύσφημον
1402 605 1644 679 παρίημι
1673 607 1764 661 λέ-

189 719 254 772 γε
266 722 312 757 ιν
331 745 348 768 ,
377 702 542 756 εἰδότι
559 702 954 772 διαλεγόμενος.
984 699 1097 754 Καὶ
1120 701 1230 772 γὰρ
1256 699 1394 754 ὲπάν
1422 699 1603 754 ὁτιοῦν
1631 701 1767 755 ἀπο-

193 795 418 866 ταχθείη
462 793 580 865 Θεῷ
624 793 691 846 δι’
729 793 892 864 εὐχῆς
945 791 1148 859 αἰσίας,
1203 793 1284 856 είς
1329 790 1516 863 κοινὴν
1571 792 1766 864 χρῆσιν

199 886 528 959 μεταφέρειν
557 886 656 939 οὐκ
691 885 990 940 ἀκίνδυνον.

269 977 438 1047 Κοινὴ
469 976 526 1029 δὲ
555 975 751 1046 χρῆσίς
793 978 940 1029 ἐστιν
981 976 1013 1046 ἡ
1043 974 1137 1030 τοῦ
1169 974 1284 1046 βίου
1327 974 1618 1048 ἐπιγαμία.
1657 975 1770 1030 Καὶ

195 1067 384 1139 ὥσπερ
409 1069 438 1120 ὁ
469 1068 834 1138 ὑποσχόμενος
867 1068 1118 1138 μονάσαι,
1141 1069 1235 1122 καὶ
1257 1069 1350 1123 ἐπὶ
1376 1069 1550 1140 τούτῳ
1583 1069 1772 1137 κείμε-

181 1155 308 1224 ‘vog,
338 1159 707 1227 ὑπονοστήσας
729 1157 820 1209 καὶ
845 1159 1030 1227 γήμας
1060 1158 1483 1229 κατακέκριται·
1512 1157 1656 1211 οὕτω
1677 1158 1770 1211 καὶ

193 1249 224 1302 ὁ
256 1248 619 1318 προελόμενος
651 1248 763 1301 υἱὸν
790 1248 822 1319 ἢ
855 1247 1131 1320 θυγατέρα
1161 1253 1450 1320 προσοῖσαι
1479 1249 1620 1320 Θεῷ,
1653 1245 1770 1302 εἶτα

198 1339 535 1411 μεταλλάξας
552 1382 565 1403 ,
593 1340 690 1412 τὴν
722 1340 889 1412 αὐτὴν
921 1341 1244 1412 κατάκρισιν
1271 1341 1407 1411 έχοι.
1431 1339 1588 1394 Οὕτω
1616 1339 1770 1394 νοοῦο

201 1449 323 1502 μεν,
373 1431 644 1500 σύγγνωθι
669 1448 683 1463 ο
729 1431 932 1504 καίπερ
962 1431 1240 1502 ἐφιέμενοι
1275 1432 1336 1485 τὸ
1365 1433 1770 1486 ἀναπαυστικόν

197 1541 316 1586 σου,
348 1523 443 1578 καὶ
475 1524 535 1577 τὸ
568 1524 697 1595 περὶ
743 1525 966 1578 σεαυτὸν
993 1525 1204 1596 εὐχθὲν,
1245 1525 1326 1588 είς
1365 1525 1526 1596 ἔργον
1559 1524 1771 1595 ἀποδῆ-

196 1632 319 1670 ναι·
352 1617 467 1670 ἀλλ’
505 1616 568 1668 οὐ
602 1617 671 1670 δι’
706 1615 924 1688 ἐντολὴν
959 1617 1145 1689 ἐντολὴ
1179 1616 1604 1688 παραϐαίνοιτο·
1649 1617 1771 1670 οὐδὲ

195 1709 290 1764 διὰ
324 1709 388 1763 τὸ
424 1709 656 1780 θατέρου
691 1709 1050 1782 σωτηριῶδες,
1095 1711 1157 1764 τὸ
1195 1708 1424 1780 θατέρου
1480 1709 1771 1782 ἐπιζήμιον

198 1799 555 1870 θεραπεύοιτο
609 1800 770 1874 [ϐοά.
800 1801 934 1871 Reg.
958 1801 1446 1876 πραγματεύοιτο]’
1474 1803 1548 1867 ὡς
1573 1805 1622 1858 oi
1653 1804 1772 1858 θεο-

198 1895 358 1966 φόροι
411 1895 650 1963 Πατέρες
707 1895 1073 1964 ἀπεφήναντο.
1130 1895 1241 1949 Καὶ
1301 1896 1474 1950 ταῦτα
1531 1891 1652 1968 μὲν¹
1683 1898 1776 1952 ἐπὶ

195 1986 473 2040 τοσοῦτον.
515 1987 582 2042 Ἢ
615 1986 683 2041 δὲ’
707 1986 865 2058 τρίτη
917 1986 1138 2059 ἐπιϐολὴ
1181 1986 1276 2042 τοῦ
1317 1988 1496 2059 λόγου,
1541 1989 1622 2043 ὅτι
1668 1989 1776 2044 εἰσί

193 2095 346 2142 τινες
377 2079 600 2149 μοναχοὶ
632 2079 707 2142 ὡς
735 2080 795 2132 τὸ
827 2080 1004 2133 δοκεῖν
1034 2081 1134 2150 τῆς
1166 2079 1332 2152 ὀρθῆς
1375 2081 1612 2146 πίστεως
1649 2083 1778 2136 ἀντ-

195 2173 475 2243 εχόμενοι,
501 2174 595 2226 καὶ
628 2173 856 2236 πολλοὺς
884 2173 1157 2245 διωγμοὺς
1186 2174 1328 2245 ὑπὲρ
1353 2175 1610 2245 ἀληθείας
1645 2175 1778 2230 ὑπο-

199 2265 578 2334 μεμενηκότες
602 2306 617 2332 ,
653 2265 1221 2336 συναναστρεφόμενοι
1249 2265 1306 2320 δὲ
1326 2269 1497 2337 ὅμως,
1529 2267 1625 2321 καὶ
1647 2286 1776 2322 συν-

193 2353 471 2416 εσθίοντες
499 2357 609 2418 τοῖς
639 2355 954 2424 αἱρετικοϊς,
981 2357 1074 2408 καὶ
1105 2356 1652 2425 συγκαταϐαίνοντες,
1681 2359 1778 2412 καὶ

194 2447 492 2518 ἀδιάφορον
519 2449 580 2500 τὸ
611 2448 845 2518 πρᾶγμα
890 2449 1147 2518 οἰόμενοι,
1177 2449 1254 2514 ὡς
1289 2450 1442 2522 παρά
1467 2467 1576 2505 τινι
1604 2451 1778 2524 Πατρὶ

193 2538 704 2610 νενομοθετημένοι,
747 2541 876 2610 τρία
903 2539 1079 2595 ταῦτα
1115 2541 1488 2612 φυλάξασθαιο
1523 2544 1597 2616 μὴ
1622 2545 1778 2599 εὐλο-

195 2634 418 2700 γεῖσθαι
467 2632 570 2685 ὑπὸ
606 2631 714 2685 τῶν
740 2633 1122 2704 αίρετιζόντων
1145 2651 1160 2667 ⁸
1197 2635 1272 2706 μὴ
1305 2635 1640 2706 ωμψὰλλειν
1681 2638 1780 2690 αὺ-

195 2724 316 2784 τοῖς
343 2722 768 2792 προαρχομένοις
797 2737 814 2753 ⁸
840 2723 936 2775 καὶ
962 2722 1023 2775 τὸ
1046 2723 1351 2793 ἀπέχεσθαι
1373 2725 1473 2795 τῆς
1498 2725 1778 2789 κοινωνίας

197 2812 297 2865 τοῦ
324 2813 490 2883 ἄρτου
519 2812 715 2866 αὐτῶν.
754 2813 914 2886 Παρὰ
939 2813 1008 2868 τὰ
1035 2815 1433 2887 διατεταγμένα
1463 2818 1576 2880 τοῖς
1603 2817 1780 2885 ἁγίοις

197 2905 451 2976 Πατρὰσι
479 2905 541 2958 τὸ
565 2905 878 2976 λεγόμενον.
907 2904 1045 2960 Οὔτε
1072 2907 1180 2979 γὰρ
1221 2909 1776 2980 συναναστρέφεσθαι,

198 2998 330 3050 οὔτε
379 2997 699 3062 συνεσθίειν,
735 2997 859 3051 οὔτε
899 2997 1257 3068 συμψάλλειν,
1292 2996 1407 3051 οὗθ’
1451 2999 1589 3062 ὅλως
1635 2997 1778 3069 ἔχειν

197 3088 326 3136 τινὰ
345 3084 629 3138 κοινωνίαν
660 3087 796 3158 πρὸς
827 3086 1028 3148 αὐτοὺς
1061 3087 1481 3157 καταδέχονται·
1512 3087 1650 3142 ἀλλά
1683 3089 1778 3143 καὶ

1865 512 2100 567 testate?
2133 511 2312 577 Quare
2349 510 2572 579 posuisti
2613 511 2668 563 in
2711 509 2867 564 corde
2902 521 2992 564 tuo
3021 511 3158 564 hanc
3201 528 3308 566 rem
3355 512 3453 569 "‘i

1865 603 1934 660 Et
1976 605 2124 676 quod
2171 602 2422 673 sequitur
2467 603 2597 656 mali
2638 603 2839 659 ominis
2879 605 3282 674 praetermitto:
3323 621 3450 661 cum

1865 697 2061 752 scienti
2095 696 2312 766 loquar.
2357 694 2656 748 Enimvero
2689 694 2780 748 ubi
2824 695 3106 765 quidpiam
3145 695 3256 753 Deo
3287 697 3460 754 fuerit

1867 787 2015 844 felici
2044 798 2171 844 voto
2194 787 2514 860 sepositum,
2545 787 2597 840 in
2622 801 2972 842 communem
3002 803 3162 843 usum
3185 789 3240 845 id
3272 799 3454 846 trans-

1869 879 2014 936 ferre
2036 921 2051 946 ,
2087 881 2345 952 periculo
2375 897 2488 934 non
2519 888 2696 935 vacat.
2967 893 2970 896 ’

1939 973 2259 1028 Communis
2292 981 2471 1027 autem
2507 987 2640 1027 usus
2671 981 2753 1027 est
2782 973 3046 1028 saeculare
3071 974 3406 1029 connubium
3436 991 3450 1026 :

1868 1079 1922 1122 et
1949 1065 2408 1136 quemadmodum
2459 1066 2552 1134 qui
2587 1067 2946 1122 monasticam
2985 1067 3150 1120 vitam
3177 1067 3454 1136 promisit,

1869 1173 2103 1227 eamque
2147 1157 2382 1212 adorsus
2439 1169 2544 1220 est,
2578 1158 2622 1212 si
2668 1159 2978 1213 retrocedat
3035 1169 3090 1213 et
3140 1159 3454 1228 coniugium

1871 1249 2039 1314 ineat,
2093 1247 2489 1302 condemnatur
2525 1267 2537 1303 :
2569 1248 2649 1302 sic
2699 1258 2754 1303 ct
2803 1251 2896 1318 qui
2928 1250 3099 1304 ﬁlium
3147 1260 3242 1304 aut
3286 1251 3454 1304 tiliam

1872 1340 2071 1395 oﬁ‘erre
2128 1338 2239 1395 Deo
2283 1340 2543 1404 instituit,
2585 1342 2631 1395 si
2688 1353 2878 1411 postea
2917 1354 3112 1408 mutet,
3165 1344 3220 1398 in
3266 1345 3455 1398 eadem

1871 1431 1974 1486 erit
1995 1432 2471 1487 condemnatione.
2493 1431 2582 1486 Sic
2603 1432 2890 1498 Sentimus,
2924 1434 3176 1504 ignosce;
3203 1435 3458 1503 quamvis

1871 1538 1937 1577 ea
1979 1521 2162 1578 dicere
2204 1523 2407 1593 quibus
2436 1524 2758 1593 acquiescas
2794 1527 3105 1595 cupiamus,
3142 1537 3196 1581 et
3227 1529 3279 1581 id
3312 1527 3460 1597 quod

1873 1625 2031 1686 Optas
2083 1615 2179 1670 tibi
2208 1631 2276 1671 ex
2308 1617 2577 1671 sententia
2612 1619 2943 1685 succedere;
2998 1635 3106 1673 non
3143 1630 3228 1675 est
3279 1629 3462 1674 tamen

1873 1719 2206 1779 praeceptum
2242 1711 2496 1780 praecepti
2551 1726 2719 1766 causa
2770 1711 3122 1778 violandum;
3157 1727 3256 1766 nec
3289 1728 3352 1766 ex
3394 1726 3462 1766 eo

1874 1803 2019 1872 quod
2053 1803 2295 1858 salutare
2321 1813 2404 1858 est
2452 1804 2626 1870 alteri,
2659 1806 2959 1866 curabitur;
2993 1805 3138 1874 quod
3193 1806 3345 1860 alteri
3378 1807 3464 1860 est

1874 1896 2122 1960 noxium,
2173 1895 2319 1950 sicut
2359 1894 2528 1950 divini
2555 1895 2744 1952 Patres
2775 1898 3106 1952 docuerunt.
3143 1897 3220 1952 Ac
3271 1899 3338 1952 de
3376 1899 3463 1953 his

1873 1987 2093 2058 quidem
2114 1988 2222 2042 huc
2257 2004 2453 2058 usque.
2486 1987 2735 2045 Tertium
2764 1989 3010 2059 epistolae
3041 1999 3202 2058 caput
3243 1989 3309 2044 de
3341 2006 3462 2046 mo-

1875 2079 2066 2134 nachis
2092 2079 2554 2150 quibusdam,qui
2584 2091 2788 2136 rectam
2827 2082 2988 2136 ﬁdem
3015 2085 3153 2136 tueri
3184 2085 3463 2153 videntur,

1874 2177 1930 2223 et
1956 2167 2158 2223 multas
2186 2169 2596 2238 persecutiones
2619 2185 2716 2239 pro
2738 2169 2964 2224 veritate
2985 2169 3310 2238 pertulisse;
3333 2185 3465 2224 con--

1875 2267 2168 2313 versantur
2193 2268 2375 2314 tamen
2405 2271 2460 2315 et
2489 2271 2889 2315 convescnntur
2921 2277 3046 2317 cum
3083 2263 3376 2326 haereticis,
3410 2270 3468 2318 et

1877 2352 2347 2418 condescendunt,
2381 2369 2481 2422 pro
2510 2371 2568 2409 re
2600 2354 2931 2410 indiﬂ'erenti
2994 2356 3256 2412 habentes
3288 2354 3466 2428 (quasi

1877 2441 2020 2498 hanc
2073 2459 2104 2498 a
2152 2442 2314 2499 Patre
2359 2445 2542 2515 aliquo
2595 2445 2768 2514 legem
2826 2447 3168 2516 acceperint)
3203 2448 3306 2502 tria
3353 2448 3469 2504 haec

1875 2549 2110 2603 cavere,
2164 2535 2416 2591 videlicet
2467 2553 2535 2591 ne
2581 2536 3018 2593 benedictionem
3081 2539 3152 2593 ab
3199 2539 3470 2596 haereticis

1877 2629 2169 2697 accipiant,
2214 2643 2284 2682 ne
2326 2644 2452 2684 cum
2486 2629 2596 2684 illis
2637 2631 2876 2698 psallunt
2902 2630 3297 2700 praeeuntibus,
3325 2640 3378 2685 et
3411 2639 3472 2686 ut

1879 2733 1909 2772 a
1940 2721 2100 2788 panis
2123 2720 2366 2786 ipsorum
2397 2721 2786 2776 communione
2819 2722 3150 2777 abstineant.
3176 2721 3220 2774 A
3251 2733 3472 2778 sancto-

1879 2827 2002 2865 rum
2077 2811 2302 2867 Patrum
2363 2811 2866 2870 Constitutiouibus
2926 2813 3101 2869 aliena
3170 2824 3299 2869 sunt
3349 2831 3474 2886 quae

1879 2903 2090 2958 dicunt.
2126 2902 2262 2959 Nam
2295 2919 2473 2974 neque
2495 2905 2836 2972 conversari,
2860 2921 3036 2976 neque
3061 2907 3338 2970 convesci,
3373 2921 3472 2961 ne-

1879 3005 1989 3062 que
2015 3008 2125 3048 una
2157 2993 2407 3060 psallere,
2439 3010 2614 3064 neque
2669 2997 2839 3050 ullam
2881 2997 3108 3052 omnino
3158 2998 3473 3052 communi-

1881 3085 2156 3139 cationem
2207 3085 2409 3141 habere
2450 3087 2777 3156 permittunt
2809 3104 2824 3144 :
2861 3089 2994 3159 quin
3021 3097 3074 3144 et
3107 3105 3186 3143 vae
3235 3103 3478 3159 pronun-

197 3175 264 3229 τὸ
295 3176 417 3228 οὐαὶ
441 3176 864 3246 ἐπιφθέγγονται
893 3180 1006 3242 τοῖς
1039 3177 1200 3250 μέχρι
1223 3177 1534 3248 βρώματος,
1561 3178 1658 3232 καὶ
1681 3181 1780 3234 πό-

1883 3179 2020 3232 tiant
2048 3177 2100 3232 in
2130 3193 2225 3234 eos
2253 3179 2347 3248 qui
2376 3179 2462 3234 vel
2491 3179 2547 3234 in
2573 3181 2720 3244 cibo,
2747 3181 2834 3236 vel
2869 3181 2922 3235 in
2968 3191 3119 3252 potu,
3146 3183 3230 3237 vel
3265 3181 3465 3237 affectu

208 3286 398 3338 ματος.
426 3271 522 3323 καὶ
545 3269 780 3340 σχέσεως
811 3270 1159 3325 κοινωνοῦσιν
1183 3271 1386 3335 αὐτοῖς.
1414 3271 1577 3324 Ὥστε
1614 3271 1782 3342 ὲκκή-

207 3376 406 3430 ρυκτος
431 3364 524 3413 καὶ
555 3360 1122 3432 ἀλλοτριοδιδὰσκαλος
1145 3362 1175 3414 ὁ
1199 3363 1384 3416 ὲκεῖνα
1409 3361 1612 3432 λέγων,
1635 3363 1784 3426 ὅστις

204 3451 276 3507 ἂν
300 3453 386 3525 εἴη
413 3455 472 3507 ὲν
497 3452 827 3524 ἀνθρώποις.

455 3566 619 3621 P01".
645 3594 718 3606 ——
739 3565 1044 3636 Γρηγοριφ
1070 3564 1296 3632 ὑπάτῳ.
1331 3563 1526 3638 [dant]

1885 3285 2009 3324 cum
2040 3270 2146 3326 illis
2173 3271 2603 3327 communicant.
2631 3271 2816 3339 Quare
2859 3273 3170 3340 damnatus,
3201 3284 3256 3330 et
3285 3277 3478 3331 alienae

1886 3362 2154 3417 doctrinae
2176 3361 2548 3434 magisterest
2578 3364 2674 3434 qui
2702 3365 2818 3421 haec
2836 3364 2990 3434 dicit,
3020 3367 3275 3437 quisquis
3298 3367 3388 3424 ille
3409 3368 3481 3424 sit

1889 3453 2227 3508 mortalium.
3246 3462 3258 3472 '

2172 3561 2454 3620 CLXXIII.
2487 3595 2562 3608 —-
2587 3565 2839 3638 Gregorio
2867 3567 3076 3624 consuli
3092 3569 3189 3640 0*).

790 3700 845 3751 in
868 3700 994 3751 illud
1017 3700 1281 3764 Apostoli:
1311 3701 1377 3752 In
1401 3699 1510 3766 ipso
1541 3699 1776 3752 inhabitat
1799 3699 1956 3751 omnis
1976 3697 2226 3764 plenitudo
2255 3698 2527 3752 divinitatis
2557 3706 2902 3766 corporaliter.
2995 3688 3000 3702 ’

293 3835 554 3906 Ἐζημίου
581 3835 727 3906 ἡμᾶς
755 3835 914 3909 μέχρι
941 3835 1034 3890 τοῦ
1065 3836 1224 3910 δεῦρο
1247 3841 1281 3910 ἡ
1310 3839 1559 3909 τιμιότης
1587 3856 1681 3891 σου
1711 3837 1786 3910 μὴ

207 3928 593 3984 ὲπιστείλασα·
624 3929 829 4000 καίπερ
872 3929 1260 3984 ὲπιστέλλουσα
1291 3931 1504 3992 καλῶς’
1537 3930 1612 3994 ὼς
1649 3930 1789 3985 αὐτὰ

207 4021 282 4076 τὰ
311 4021 612 4092 γράμματα
636 4019 806 4092 δηλοῖ.
843 4018 960 4091 Ἐφ’
989 4017 1070 4086 οἷς
1113 4023 1212 4077 καὶ
1239 4021 1584 4094 ἐπῃνέσαμεν
1616 4023 1788 4094 αὐτῆς

209 4117 276 4171 οὐ
315 4117 474 4187 μόνον
524 4103 586 4169 τὸ
612 4117 869 4188 εὐμαθὲς,
919 4118 1056 4173 ἀλλά
1099 4120 1194 4175 καὶ
1235 4119 1296 4174 τὸ
1329 4119 1408 4173 ἐτι
1450 4119 1784 4192 φιλομαθέςο

209 4209 544 4281 γλιχομένης
583 4210 831 4272 παιδείας
873 4211 1210 4284 ὑψηλοτέρας
1259 4213 1582 4284 μετασχείνο
1624 4206 1694 4284 ἧς
1729 4210 1794 4264 τὸ

212 4299 469 4366 πυκτίον,
514 4301 698 4365 καθὼς
733 4303 1088 4375 ἐπεζήτησεν,
1120 4303 1315 4376 ἔχομεν
1347 4305 1468 4375 μὲν,
1495 4307 1554 4358 οὐ
1601 4303 1707 4375 μὴν
1745 4302 1793 4357 δ’

212 4391 476 4447 ἐνταῦθα.
510 4391 636 4446 Ἐὰν
663 4393 722 4446 δὲ
766 4395 1004 4466 συμϐαίη
1035 4395 1328 4466 ἀφικέσθαι
1373 4398 1432 4450 ἐν
1463 4398 1577 4460 τοῖς
1607 4395 1795 4450 αὐτόθι

211 4482 307 4536 τὸν
334 4483 734 4553 παροικονόμον
777 4483 955 4552 ἡμῶν,
995 4483 1176 4537 λαϐὼν
1205 4484 1262 4551 ἐξ
1290 4476 1462 4556 οὗπερ
1502 4481 1794 4554 τεταμίευ-

1964 3836 2174 3891 Damno
2223 3837 2400 3894 aﬁ‘ecit
2441 3855 2542 3895 nos
2599 3839 2870 3894 hactenus
2914 3837 3336 3892 honoriﬁcentia
3363 3847 3481 3906 tua,

1891 3929 2030 3984 nihil
2063 3929 2309 3986 scribens
2335 3931 2662 3994 litterarum,
2699 3929 2953 3999 quamvis
2991 3930 3207 3998 egregie
3253 3929 3484 3992 scribat,

1893 4027 1954 4072 ut
1998 4018 2190 4074 littera:
2230 4019 2362 4090 ipsa:
2390 4021 2793 4075 demonstrant.
2824 4018 2878 4072 In
2913 4020 3115 4089 quibus
3145 4019 3486 4074 laudavimus

1892 4107 2010 4176 ejus
2065 4122 2178 4161 non
2223 4109 2401 4162 solum
2432 4109 2793 4172 docilitatem,
2826 4107 2918 4162 sed
2946 4117 3208 4176 praeterea
3239 4108 3485 4162 discendi

1892 4213 2114 4269 quoque
2167 4199 2432 4266 studium,
2471 4209 2532 4255 ut
2575 4214 2696 4268 quat
2747 4199 3124 4253 sublimiorem
3176 4199 3486 4253 doctrinam

1893 4290 2128 4360 adipisci
2148 4290 2333 4360 cupiat
2359 4307 2376 4346 :
2405 4291 2561 4360 cujus
2593 4291 2834 4346 codicem
2865 4306 3027 4360 quem
3061 4290 3292 4360 expetis,
3317 4289 3488 4344 habe-

1895 4398 2020 4438 mus
2074 4383 2322 4452 quidem,
2350 4399 2462 4438 non
2516 4392 2698 4438 tamen
2749 4386 2852 4438 hoc
2888 4383 2942 4437 in
2978 4384 3118 4438 loco.
3149 4383 3330 4448 Quare
3360 4399 3482 4437 cum

1899 4489 2346 4546 parascon‘omum
2398 4485 2645 4530 nostrum
2714 4492 2780 4530 eo
2842 4476 3118 4546 proﬁcisci
3175 4477 3487 4546 continget,

214 4592 308 4627 ται
333 4574 498 4628 τόπου
527 4574 844 4628 ὲπιδὼσειεν
869 4575 1021 4629 αὑτό.
1049 4574 1202 4647 Καλὴ
1225 4576 1281 4629 δὲ
1306 4577 1339 4648 ὴ
1366 4575 1605 4637 παιδεία,
1640 4574 1684 4629 ὦ
1710 4575 1782 4628 δέ·

1899 4565 2025 4620 inde
2056 4565 2145 4620 ubi
2187 4565 2443 4622 conditus
2471 4577 2556 4621 est
2587 4567 2828 4621 ablatum
2865 4567 3042 4620 tradet
3073 4567 3190 4620 tibi.
3217 4565 3365 4620 Bona
3399 4582 3488 4621 res

217 4683 417 4732 σποτα,
443 4665 548 4730 ἕως
575 4665 640 4722 ἂν
669 4667 926 4738 συνεργὸς
951 4669 1035 4740 εἴη
1062 4668 1197 4740 πρὸς
1225 4668 1322 4740 τὴν
1350 4667 1518 4731 ὅντως
1539 4666 1797 4739 ἀληθινὴν

219 4753 473 4808 παιδείαν
496 4795 511 4819 ,
539 4755 674 4809 ἀλλά
711 4755 790 4827 μὴ
835 4757 1269 4829 κορυϐαντιῶσα,
1299 4756 1656 4821 ἀπαιδεύτους
1682 4757 1800 4810 δια-

219 4844 448 4918 δεικνύῃ
487 4845 614 4908 τοὺς
656 4846 915 4916 μετόχους
961 4846 1151 4916 αὐτῆς.
1191 4846 1299 4902 Τοῦ
1335 4848 1404 4924 δὲ⁴
1439 4847 1796 4902 ἀποστολικοῦ

225 4937 394 5007 ῥητοῦ
442 4938 476 5009 ἠ
523 4938 738 4992 ἔννοιαο
770 4938 1020 5008 Ὀταέν
1057 4937 1218 5004 αὑτῷ
1264 4938 1531 4996 κατοικεῖ
1565 4938 1691 4995 πᾶν
1730 4937 1799 4992 τὸ

223 5025 520 5094 πλήρωμα
543 5025 651 5094 τῆς
679 5026 956 5094 θεότητος
984 5027 1357 5097 σωματικῶς’
1394 5027 1564 5092 οὕτως
1599 5045 1688 5098 μοι
1718 5028 1802 5081 δο-

227 5117 317 5168 κεῖ
356 5115 539 5186 ἔχειν·
581 5115 864 5170 τουτέστιν
911 5117 993 5170 ὅτι
1053 5117 1112 5170 ὲν
1157 5119 1224 5188 τῇ
1281 5116 1691 5189 προσληφθείσῃ
1737 5117 1802 5170 ὲκ

230 5209 512 5279 Παρθένου
541 5209 705 5282 σαρκὶ
727 5207 823 5263 τοῦ
857 5211 1055 5278 Λόγου,
1083 5211 1203 5282 ἦτοι
1240 5213 1299 5264 ὲν
1319 5211 1396 5282 τῷ
1422 5212 1557 5284 ναῷ,
1589 5205 1633 5281 ᾧ
1661 5212 1804 5284 ᾠκο-

233 5293 472 5370 δόμησεν
501 5301 700 5371 ἐαυτῷ,
733 5304 976 5356 κατοικεῖ
1001 5304 1112 5358 πᾶν
1151 5302 1213 5357 τὸ
1241 5303 1518 5375 πλήρωμα
1548 5305 1648 5376 τῆς
1687 5304 1806 5358 θεό-

233 5407 420 5460 τητοςο
452 5393 560 5444 πᾶν
574 5392 634 5444 τὸ
665 5393 942 5464 πλήρωμά
963 5411 1148 5465 φησιν,
1181 5395 1242 5448 οὐ
1273 5396 1438 5468 μέρος
1457 5415 1509 5450 τι
1539 5397 1683 5451 καθά
1710 5413 1807 5449 πε-

238 5483 504 5554 φρόνηται
537 5485 649 5544 τοῖς
681 5484 779 5554 τὴν
820 5484 999 5555 ἀμερῆ
1033 5485 1313 5558 μερίζουσι
1354 5486 1602 5558 θεότητα.
1635 5487 1708 5541 Τὸ
1749 5487 1808 5542 δὲ

1901 4669 1986 4728 est
2031 4657 2294 4724 eruditio,
2323 4658 2562 4724 domine,
2593 4669 2864 4728 quatenus
2909 4657 3161 4712 conferre
3202 4667 3384 4727 potest
3414 4657 3483 4711 ad

1902 4767 2048 4817 eam,
2090 4767 2212 4822 quae
2263 4766 2391 4806 vera
2442 4765 2669 4820 prorsus
2727 4759 2833 4811 est,
2869 4747 3184 4803 doctrinam
3226 4749 3378 4804 :Osed
3419 4765 3490 4806 ne

1903 4846 2274 4916 Corybantum
2314 4859 2466 4897 more
2514 4841 2796 4896 insaniens
2823 4839 3104 4910 imperitos
3150 4841 3340 4896 reddat
3365 4842 3488 4898 illos

1901 4940 1996 5009 qui
2029 4940 2131 4994 hac
2160 4935 2352 4992 imbuti
2385 4935 2515 4990 sint.
2544 4934 2842 5002 Apostolici
2881 4947 3044 5002 porro
3079 4933 3207 4987 dicti
3239 4950 3435 4990 sensus
3469 4953 3483 4989 :

1902 5031 2044 5098 Quia
2087 5031 2144 5084 in
2181 5030 2295 5098 ipso
2344 5028 2606 5083 inhabitat
2651 5029 2820 5082 omnis
2866 5027 3140 5097 plenitudo
3191 5027 3486 5082 divinitatis

1900 5121 2243 5192 corporaliter
2259 5121 2305 5154 "'
2326 5162 2341 5186 ,
2364 5121 2451 5176 hic
2475 5135 2598 5176 esse
2625 5120 2752 5174 mihi
2775 5119 3009 5185 videtur,
3037 5120 3318 5186 nimirum,
3339 5121 3484 5188 quod

1901 5214 1954 5267 iu
1997 5227 2163 5268 carne
2197 5209 2379 5276 Verbi,
2411 5226 2574 5282 quam
2623 5211 2688 5265 de
2721 5208 2943 5280 Virgine
2988 5211 3326 5282 assumpsit,
3376 5211 3489 5265 sive

1913 5307 1968 5359 iu
2021 5303 2221 5373 templo
2271 5303 2414 5372 quod
2477 5301 2578 5357 sibi
2624 5303 2936 5366 exstruxit,
2984 5302 3249 5357 inhabitet
3307 5302 3488 5357 omnis

1913 5396 2192 5468 plenitudo
2253 5393 2580 5449 divinitatis.
2626 5392 2855 5447 Omnem
2907 5394 3297 5463 plenitudinem
3329 5392 3484 5455 dicit,

1914 5505 2026 5544 non
2070 5495 2281 5558 partem
2308 5485 2573 5557 aliquam,
2609 5495 2773 5556 prout
2804 5486 2839 5540 ii
2868 5495 3160 5540 senserunt
3193 5483 3285 5554 qui
3317 5483 3488 5554 parti-

241 5573 592 5645 σωματικῶς,
627 5573 793 5644 ἤγουν
819 5575 1090 5643 οὐσιωδῶς
1110 5593 1124 5607 ο
1176 5578 1320 5632 οὓτω
1351 5581 1461 5652 γὰρ
1493 5577 1782 5651 ὲξείληπτα

1914 5579 2018 5636 bus
2081 5587 2358 5635 carentem
2407 5577 2658 5634 dividunt
2712 5577 3072 5633 divinitatem.
3125 5575 3488 5645 Corporaliter

319 5749 368 5782 ⁷⁸
399 5749 525 5805 Act.
559 5767 614 5818 γ,
647 5751 701 5808 4.
777 5754 820 5788 ⁷⁸
850 5753 1058 5812 Coloss.
1097 5771 1159 5822 tl,
1197 5755 1252 5812 9.

1991 5758 2063 5830 (")
2097 5757 2428 5840 Dogmatica.
