4102 6374
262 369 401 434 1545

1451 370 1989 432 EPISTOLARUM
2051 371 2197 430 LIB.
2245 371 2324 430 Il.

3391 365 3526 430 1546
3581 377 3584 382 ’

249 487 418 557 αὐτῆς
448 483 612 556 ζήλου
636 498 650 514 ο
694 482 1124 554 ὲποικοδομοῦσα
1161 482 1238 554 τῷ
1265 483 1415 553 καλῷ
1456 484 1692 555 θεμελίῳ
1743 486 1843 548 τὰς

1950 485 2346 538 observationis
2405 492 2710 537 structuras
2737 481 3038 546 mdiﬁeans,
3074 491 3125 536 et
3169 497 3264 551 pro
3313 483 3532 536 humili-

249 581 350 651 τῆς
373 578 659 651 ἀκριϐείας
681 577 1018 649 χρυσοειδεῖς
1045 577 1366 648 ὲνδομήσεις
1390 593 1403 606 °
1441 577 1709 650 εὐχομένη
1747 577 1842 630 καὶ

249 671 391 742 ὑπὲρ
415 671 518 740 τῆς
542 667 928 730 ταπεινώσεως
955 665 1135 738 ἡμῶν.

384 780 532 836 ΡΟΕ’
561 780 697 849 (67).
729 809 799 821 -
825 777 1051 849 Εἰρήνῃ
1081 781 1380 847 πατρικίᾳ.
1427 779 1618 852 [44102]

1953 584 2002 628 li]
2013 585 2062 628 te
2092 584 2278 630 nostra
2311 590 2498 628 Ol‘illlS.

2299 771 2556 829 CLXXV.
2593 805 2661 814 —
2698 771 2869 826 [rente
2898 771 3165 840 patriciw.

1282 894 1345 944 Ut
1365 895 1426 944 ad
1450 893 1663 943 ofﬁcium
1693 897 1746 943 et
1771 891 2006 942 virtutem
2031 889 2261 940 maritum
2285 888 2495 938 excitet.

329 981 547 1055 Ἐπειδὴ
577 981 1032 1054 προσηγόρευσας
1053 983 1203 1055 ἡμᾶς
1223 983 1352 1046 τοὺς
1376 985 1692 1047 ταπεινοὺς,
1732 999 1832 1035 κυ-

247 1076 361 1150 ρία,
395 1076 484 1131 διὰ
507 1075 601 1130 τοῦ
660 1075 1096 1146 αἰδεσιμωτάτου
1130 1075 1508 1149 πρεσϐυτέρου
1537 1092 1551 1107 ·
1603 1075 1834 1147 ἀμειϐό-

247 1170 392 1242 μεθα
430 1169 528 1242 τὴν
552 1169 924 1241 προσηγορίαν
953 1169 1302 1240 γράμμασιν,
1324 1169 1716 1241 άποδεχόμενοί
1737 1185 1831 1223 σου

241 1259 347 1331 τὴν
399 1259 573 1329 καλὴν
599 1259 785 1312 πίστιν
813 1261 909 1313 καὶ
937 1260 1036 1330 τὴν
1062 1259 1274 1331 θερμὴν
1320 1260 1648 1330 πεποίθησιν
1676 1277 1692 1292 ·
1742 1261 1835 1330 ὲγ-

245 1351 484 1417 νωκότες
540 1351 794 1406 ἐντεῦθεν
814 1351 1030 1424 ἀγαθήν
1079 1369 1138 1405 σε
1178 1347 1319 1406 εἶναι
1363 1353 1423 1405 ὲν
1452 1353 1695 1422 γυναιξὶ,
1746 1369 1838 1422 φι-

245 1445 432 1500 λόθεον
461 1461 520 1497 τε
551 1445 646 1498 καὶ
695 1443 1058 1514 φιλομόναχον
1090 1459 1106 1474 ·
1159 1445 1302 1502 ὥστε
1362 1445 1604 1517 ἁρμόσαι
1661 1446 1840 1500 ἐκεῖνο

246 1537 686 1607 ἐπιφθέγξασθαι
760 1535 824 1587 τὸ
865 1535 1184 1604 Γραφικὸνο
1239 1534 1538 1601 Γυναικός
1605 1533 1840 1605 ἀγαθῆς

2013 977 2284 1044 Quoniam
2335 992 2430 1047 per
2458 977 2816 1033 reverendum
2852 977 3000 1033 hunc
3035 977 3407 1049 presbyterum
3441 976 3538 1031 hu-

1943 1074 2102 1129 miles
2131 1089 2254 1140 nos,
2303 1074 2548 1138 domina,
2575 1074 2824 1130 salutastl
2852 1091 2868 1128 :
2894 1083 3136 1128 mutuam
3158 1073 3539 1128 salutationem

1945 1179 2041 1232 per
2083 1163 2296 1219 litteras
2322 1164 2696 1234 rependimus,
2738 1165 3012 1234 egregiam
3049 1165 3209 1219 iidem
3244 1174 3416 1227 tuam,
3445 1179 3540 1219 ar-

1943 1256 2271 1327 dentemque
2329 1257 2585 1312 liduciam
2653 1258 2972 1327 probantes,
3006 1266 3172 1328 atque
3233 1259 3362 1314 hinc
3388 1273 3541 1328 egre-

1946 1348 2091 1419 giam
2160 1358 2214 1404 te
2273 1349 2416 1404 inter
2465 1349 2746 1416 mulieres,
2796 1350 3004 1422 Deique
3065 1361 3120 1405 et
3147 1362 3540 1406 monachorum

1947 1451 2221 1496 amantem
2251 1455 2374 1496 esse
2406 1451 2770 1510 agnoscentes
2793 1483 2807 1508 ,
2841 1451 2902 1498 ut
2955 1442 3090 1497 illud
3114 1441 3412 1512 Scriptura:
3445 1457 3542 1498 ac-

1947 1532 2186 1587 clamare
2237 1533 2530 1587 conveniat
2571 1549 2586 1586 :
2625 1533 2870 1588 Mulieris
2921 1534 3071 1589 bona:
3128 1535 3210 1590 vir
3245 1535 3429 1588 beatus
3461 1534 3539 1590 ⁸³.

239 1628 532 1698 μακάριος
575 1630 609 1682 ὀ
637 1626 792 1695 ἀνήρ
815 1665 830 1680 .
877 1625 1062 1698 Ὁρᾷς,
1093 1620 1138 1679 ὧ
1171 1625 1360 1696 κυρία,
1414 1625 1498 1678 ὅτι
1525 1625 1837 1697 μακαρίζε-

1950 1616 2138 1684 Vides,
2197 1619 2439 1686 domina,
2490 1621 2736 1678 bonitate
2779 1633 2870 1678 tua
2927 1625 3145 1679 beatum
3179 1641 3210 1679 a
3259 1622 3542 1695 Scriptura

243 1740 337 1775 ται
367 1724 434 1791 τῇ
467 1719 767 1790 ἁγαθότητί
799 1735 894 1773 σου
933 1719 1038 1772 ὑπὸ
1069 1719 1170 1788 τῆς
1220 1717 1446 1788 Γραφῆς
1496 1717 1524 1770 ὁ
1566 1716 1757 1787 κύριος
1807 1715 1836 1769 ὁ

250 1811 568 1881 πατρίκιος,
597 1809 690 1863 καὶ
722 1808 1002 1871 θέοσδοτός
1034 1825 1129 1861 σου
1156 1807 1411 1878 σύζυγος.
1473 1807 1684 1862 Οὐκοῦν
1737 1806 1838 1878 ξη-

245 1901 419 1957 λοῦσα
439 1901 684 1973 ζήλωσον
735 1900 818 1954 ἔτι
854 1899 1274 1972 μακαριώτερον
1317 1899 1484 1955 αὐτὸν
1513 1900 1837 1970 ἀπεργάσα-

248 1994 398 2049 σθαι.
427 1993 552 2058 Πῶς
583 1993 628 2046 δ’
658 1994 725 2048 ἂν
751 1989 863 2047 εἷεν
891 1991 1049 2046 τοῦτο
1073 2010 1089 2060 ;
1117 1995 1176 2046 ὲν
1207 1991 1287 2064 τῷ
1323 2009 1382 2046 σε
1439 1991 1520 2045 ἔτι
1567 1991 1838 2060 άγσθύνε-

250 2086 416 2141 σθαι·
470 2087 639 2158 ἤγουν
687 2085 1167 2157 ὑπομνηματίζειν
1213 2085 1417 2151 αὐτὸν,
1473 2085 1835 2156 παρακαλεῖν,

247 2179 591 2248 ὲκλιπαρεῖν,
628 2177 810 2248 τὸτῆς
840 2177 1174 2250 στρατηγίας
1205 2176 1413 2247 ὕψωμα
1450 2176 1659 2229 διέπειν
1718 2175 1838 2229 θεο-

251 2271 450 2341 φιλῶς,
495 2269 638 2326 καθά
684 2269 780 2323 καὶ
803 2270 1021 2324 διέπει·
1067 2269 1506 2324 ἐπισκέπτεσθαι
1568 2271 1841 2341 ὀρφανοὺς

247 2368 347 2420 καὶ
399 2367 575 2437 χήρας
627 2367 686 2417 ὲν
739 2366 808 2435 τῇ
865 2362 1044 2432 θλίψει
1083 2363 1305 2417 αὐτῶν·
1365 2362 1596 2416 ἄσπιλον
1646 2363 1841 2416 ἑαυτὸν

249 2461 439 2530 τηρεῖν
481 2457 590 2511 ἀπὸ
615 2456 833 2519 ἀδικίας
853 2471 868 2485 ·
902 2455 1266 2525 φιλομόναχόν
1301 2471 1361 2508 τε
1396 2450 1660 2508 εἶναικαὶ
1689 2454 1840 2524 φιλό-

251 2565 509 2621 πτωχον⁶
596 2549 902 2619 ἡμερότητι
989 2547 1365 2619 κεκραμένον
1426 2547 1724 2617 ἐπειδήπερ
1804 2547 1838 2615 ή

250 2643 473 2708 ἐξουσία
515 2641 654 2713 αὐτὴ
682 2639 928 2712 άρκοῦσά
969 2643 1087 2694 ἐστι
1151 2639 1502 2711 καταπλῆξαι
1551 2641 1682 2703 τοὺς
1735 2639 1843 2693 ὑπὸ

251 2737 412 2806 χεῖρα
436 2751 450 2766 ·
488 2736 584 2788 καὶ
614 2732 721 2804 μὴν
755 2732 1084 2802 ἀνεχόμενον
1140 2731 1376 2802 ἀπειλῆς
1412 2733 1508 2786 καὶ
1562 2733 1844 2785 παιδευτι-

253 2827 370 2892 κῶς
411 2826 512 2898 μὲν
554 2825 884 2895 πλήττοντα,
921 2823 1324 2894 φιλανθρώπως
1357 2824 1414 2877 δὲ
1444 2825 1540 2877 καὶ
1566 2841 1844 2896 μεμετρη-

257 2921 441 2992 μένως
501 2917 836 2990 μαστίζοντα
861 2933 877 2947 ⁸
905 2916 1140 2986 ἐπείπερ
1177 2915 1300 2970 οὔτε
1363 2917 1424 2969 τὸ
1455 2916 1654 2984 ἄφετον
1703 2935 1844 2971 παν-

1941 1713 2223 1784 prmdicari
2261 1714 2545 1770 dominum
2585 1715 2877 1786 patricium
2929 1717 3216 1787 conjugem
3253 1717 3351 1771 tibi
3381 1733 3410 1770 ιι
3432 1717 3545 1771 Deo

1939 1807 2149 1863 datum.
2190 1805 2375 1874 Quare
2426 1809 2576 1862 omni
2625 1809 2812 1864 studio
2839 1810 3110 1865 contende
3145 1819 3204 1864 ut
3233 1811 3388 1864 illum
3415 1812 3543 1865 bea-

1939 1901 2132 1957 tiorem
2195 1902 2376 1957 adhuc
2429 1902 2655 1958 efﬁcias.
2716 1902 2967 1970 Quonam
3049 1913 3231 1957 autent
3293 1913 3456 1972 pacto
3487 1903 3541 1958 id

1944 1995 2073 2050 lict?
2099 1995 2157 2050 Si
2196 1995 2334 2050 bene
2391 1995 2468 2050 illi
2503 1996 2685 2051 facere
2713 2012 2910 2066 pergas
2942 2013 2958 2061 ;
2993 1997 3100 2051 hoc
3148 2005 3254 2062 est,
3287 1998 3330 2052 si
3389 1998 3541 2051 illum

1941 2086 2424 2152 contmonefacias,
2459 2089 2720 2153 horteris,
2756 2103 2976 2154 exores,
3009 2099 3067 2143 ut
3094 2090 3348 2144 ntilitaris
3405 2105 3547 2160 prm-

1941 2179 2170 2236 fectttrze
2197 2181 2409 2252 apicem
2451 2196 2516 2235 ex
2548 2181 2640 2236 Dei
2674 2190 2809 2235 nutu
2835 2192 3007 2251 regat,
3035 2181 3179 2237 sicut
3237 2183 3414 2253 reipsa
3457 2197 3546 2236 re-

1941 2273 2054 2343 git;
2093 2280 2152 2326 ut
2179 2274 2555 2344 orphanorum
2583 2272 2990 2342 viduarumquc
3027 2289 3224 2328 curam
3259 2274 3311 2328 in
3352 2289 3543 2328 eorum

1942 2366 2208 2421 aerumnis
2266 2374 2420 2436 gerat
2447 2380 2462 2429 ;
2498 2365 2764 2420 intactum
2790 2380 2850 2420 se
2880 2365 2950 2419 ab
2997 2364 3287 2434 iniquitate
3317 2380 3542 2420 conser-

1940 2468 2071 2528 vet;
2109 2461 2507 2516 monachorum
2549 2468 2763 2514 amator
2789 2460 2860 2514 sit
2887 2469 2942 2514 et
2970 2474 3307 2529 pauperum:
3339 2458 3536 2513 huma-

1943 2554 2115 2610 nitate
2160 2561 2498 2624 temperatus
2535 2569 2550 2617 ;
2590 2561 2835 2623 potestas
2863 2552 3137 2622 siquidem
3169 2555 3286 2624 ipsa
3343 2551 3547 2608 suﬂicit

1943 2657 2004 2702 ut
2033 2647 2268 2703 subditis
2297 2659 2560 2701 terrorem
2597 2647 2844 2714 injiciat;
2879 2655 2934 2701 et
2973 2647 3152 2702 minas
3183 2648 3371 2716 utique
3397 2661 3546 2716 sper-

1944 2754 2107 2804 nens,
2141 2748 2197 2794 et
2249 2737 2611 2794 correctionis
2663 2739 2883 2808 quidem
2942 2739 3114 2808 gratia
3149 2737 3418 2807 plectens,
3453 2738 3545 2791 sed

1948 2831 2188 2885 humane
2219 2839 2275 2886 et
2306 2831 2586 2884 moderate
2647 2830 2866 2885 caedens
2901 2847 2914 2881 :
2950 2831 3082 2899 quia
3142 2845 3244 2884 nec
3293 2827 3550 2882 salutaris

1947 2935 2032 2980 est
2069 2924 2366 2979 immodica
2404 2938 2803 2994 usquequaque
2841 2923 3121 2987 remissio,
3153 2931 3210 2978 et
3247 2937 3392 2993 :ngre
3447 2923 3546 2976 ad-

255 3017 462 3069 τάπασι
495 3014 766 3084 σωτήριον
793 3029 808 3042 ο
859 3011 984 3064 οὔτε
1039 3011 1101 3064 τὸ
1137 3010 1485 3082 ὑπέρμετρον
1542 3009 1844 3081 πληκτικὸν

1950 3019 2186 3073 mittitur
2213 3031 2336 3088 quae
2391 3017 2613 3071 modum
2645 3017 2863 3072 excedit
2893 3016 3184 3071 severitas.
3263 3015 3404 3069 Ante
3431 3030 3551 3068 om-

253 3105 642 3162 εὐαπόδεκτον.
691 3105 802 3157 Καὶ
834 3104 1004 3176 πρόγε
1059 3104 1300 3166 πάντων,
1358 3103 1420 3155 τὸ
1461 3102 1603 3155 κατὰ
1656 3103 1842 3156 πίστιν

253 3198 562 3271 ὁρθόδοξον.
591 3195 654 3250 Ei
711 3195 818 3266 γάρ
883 3193 979 3248 καὶ
1027 3193 1166 3265 πρὸς
1216 3193 1278 3245 τὸ
1330 3191 1436 3258 ἔξω
1486 3193 1601 3245 ἐστι
1661 3193 1844 3260 λέγειν

255 3292 545 3346 ἀδυνατεῖν
569 3289 714 3343 κατά
747 3289 815 3341 τά
847 3287 1133 3356 φθάσαντα
1156 3287 1317 3339 τοῦτο
1347 3285 1638 3354 φυλάττειν
1657 3301 1672 3315 ο
1706 3286 1845 3356 ὅπερ

256 3384 548 3438 οὐδὲτοῦτο
564 3381 766 3452 ἀρκοῦν
785 3383 863 3444 εἰς
879 3380 1015 3434 Θεοῦ
1034 3380 1352 3448 ἀπολογίαν·
1381 3398 1400 3430 ι
1424 3381 1523 3449 τῆς
1540 3378 1647 3449 γὰρ
1674 3377 1844 3432 αὑτοῦ

258 3480 484 3548 ἀγάπης
506 3475 658 3530 οὐδὲν
685 3473 1101 3548 προτιμότερον
1136 3493 1156 3524 ι
1208 3473 1326 3526 ἀλλ’
1371 3469 1465 3526 οὖν
1491 3489 1555 3542 γε
1587 3472 1730 3526 κατὰ
1756 3473 1846 3528 τὸν

262 3572 377 3626 ἔσω
435 3570 766 3640 ἄνθρωπον,
823 3567 1050 3620 δυνατὸν
1102 3565 1262 3618 τοῦτο
1302 3566 1844 3636 παραφυλάττεσθαι,

260 3666 360 3721 καὶ
409 3663 621 3718 πολλῶν
658 3662 879 3732 σωτῆρα
908 3658 1268 3732 χρηματίζειν
1317 3659 1480 3712 αὐτον
1530 3660 1624 3712 καὶ
1681 3678 1849 3730 μονα-

262 3759 408 3811 στῶν
470 3756 565 3810 καὶ
609 3753 833 3818 λαῖκῶν,
888 3753 981 3805 καὶ⁹
1027 3752 1305 3820 ἀρχόντων
1359 3750 1455 3804 καὶ
1505 3752 1844 3821 ἀρχομένων.

261 3852 452 3905 Ταῦτα
481 3849 540 3915 ἐξ
565 3849 787 3917 ἀγάπης
817 3844 1200 3914 πνευματικῆς
1231 3847 1330 3914 τῆς
1363 3842 1501 3913 πρὸς
1557 3843 1702 3913 ὑμᾶς
1759 3860 1845 3896 κι-

259 3942 536 4014 νούμενοι,
585 3939 1016 4011 τεθαρρἠαμεν
1077 3935 1437 4006 ὑπομνῆσαι·
1498 3935 1701 4000 εἰδότες
1752 3936 1848 3990 καὶ

259 4034 696 4104 ἁνυπομνήστως
746 4029 966 4100 ἔχεσθαι
1001 4029 1149 4099 ὑμᾶς
1178 4027 1272 4081 τοῦ
1303 4025 1492 4080 καλοῦ.

440 4146 605 4211 POG'
632 4141 839 4215 (68)-
869 4141 1106 4210 Βρυένᾳ
1134 4138 1469 4210 στρατηγῷ.
1508 4137 1676 4212 [ψιίι]

1952 3109 2043 3162 nia
2077 3124 2208 3162 vero
2233 3107 2352 3176 ejus
2389 3107 2523 3162 fides
2557 3108 2630 3162 sit
2657 3107 2983 3162 orthodoxa.
3017 3107 3156 3161 Nam
3190 3106 3293 3161 etsi
3319 3105 3550 3160 fortasse

1951 3197 2101 3253 dicat
2143 3212 2254 3252 non
2325 3213 2488 3267 posse
2517 3198 2582 3251 ad
2619 3214 2682 3252 ea
2713 3214 2835 3268 quae
2869 3197 3434 3262 prmcesseruntltanc
3468 3196 3550 3250 fo-

1952 3291 2031 3345 ris
2063 3290 2270 3344 servari
2307 3309 2320 3344 :
2357 3290 2501 3359 quod
2527 3289 2708 3359 ipsum
2755 3299 2934 3343 tamen
2963 3305 3070 3344 non
3117 3289 3318 3345 sufﬁcit
3349 3300 3409 3344 ut
3439 3289 3550 3343 Deo

1954 3382 2188 3438 satisﬁat
2246 3381 2364 3452 (Dei
2414 3383 2560 3437 enim
2622 3383 2799 3435 amori
2896 3382 3044 3436 nihil
3111 3384 3549 3452 anteponendum

1951 3477 2058 3548 est)
2085 3518 2101 3542 ,
2129 3485 2186 3534 at
2225 3486 2376 3533 certe
2427 3477 2731 3532 secundum
2761 3477 3082 3532 interiorem
3133 3477 3408 3531 hominem
3437 3493 3552 3531 ser-

1951 3571 2071 3624 vari
2125 3579 2344 3640 potest:
2379 3578 2440 3624 ut
2493 3569 2686 3623 salutis
2745 3578 2940 3622 auctor
2982 3569 3171 3622 multis
3217 3569 3290 3621 sit
3333 3569 3469 3637 ipse,
3501 3577 3552 3620 et

1954 3661 2245 3715 monachis
2277 3671 2332 3715 et
2366 3661 2540 3725 laicis,
2565 3671 2618 3714 et
2647 3661 2988 3732 principibus
3015 3670 3071 3714 et
3103 3659 3364 3715 subditis.
3427 3659 3555 3714 "me.

1957 3754 2226 3823 spirituali
2255 3769 2385 3825 erga
2411 3769 2510 3808 vos
2535 3754 2809 3810 charitate
2842 3755 3076 3824 permoti
3109 3768 3405 3826 suggerere
3433 3756 3553 3808 ausi

1957 3862 2149 3902 sumus
2176 3864 2190 3900 :
2220 3861 2326 3900 non
2381 3847 2701 3916 ignorantes
2739 3848 2866 3903 boni
2892 3850 3139 3919 rectique
3168 3848 3373 3914 studio,
3391 3848 3552 3904 etiam

1957 3939 2078 3994 sine
2116 3940 2412 4004 monitore,
2469 3955 2566 3996 vos
2608 3942 2806 3996 teneri.

2320 4136 2602 4193 CLXXVI.
2634 4170 2705 4179 —
2733 4139 2952 4209 Bryena:
2975 4147 3230 4210 stratege.

1505 4254 1796 4306 Consolatur
1819 4251 1883 4303 de
1915 4252 2054 4303 obitu
2078 4253 2270 4303 matris.

347 4369 649 4440 ’Δνηγγέλη
688 4369 820 4439 ἡμῖν
850 4365 1132 4426 δθάνατος
1173 4363 1274 4434 τῆς
1306 4362 1587 4433 μακαρίας
1639 4363 1844 4435 μητρὸς

2021 4362 2280 4419 Nuntiata
2317 4365 2475 4420 nobis
2501 4374 2586 4419 est
2613 4379 2766 4419 mors
2799 4366 2973 4420 beata:
3012 4365 3203 4418 matris
3241 4385 3256 4420 :
3292 4378 3348 4421 et
3375 4383 3552 4438 quan-

265 4467 363 4522 καὶ
411 4465 536 4518 ὅσον
564 4459 934 4531 ὲστεύάξαμεν
965 4459 1021 4512 τί
1055 4459 1162 4530 χρὴ
1189 4459 1284 4510 καὶ
1304 4457 1516 4526 λέγειν;
1545 4457 1605 4510 οὺ
1633 4458 1724 4510 διὰ
1749 4457 1849 4527 τὴν

263 4557 429 4618 ὁσίως
452 4553 885 4627 κεκοιμημένην,
931 4553 1136 4619 ἄπαγε·
1175 4549 1368 4620 κέρδος
1403 4550 1511 4620 γὰρ
1556 4550 1696 4619 αὐτῇ
1731 4549 1852 4616 ἐγέ-

265 4663 390 4702 νετο
423 4649 456 4718 ἡ
485 4647 833 4716 μετάστασις,
852 4644 1102 4712 φυγούσῃ
1133 4641 1224 4694 τὸν
1248 4641 1710 4710 πολυαμάρτητον
1739 4639 1853 4710 βίον

265 4737 457 4792 τοῦτον
494 4753 508 4767 ·
543 4735 658 4790 ἀλλ’
685 4735 996 4798 ἐννοοῦντες
1035 4734 1136 4804 τὴν
1167 4733 1268 4804 σὴν
1302 4731 1731 4799 καλοκαγαθίαν,
1781 4731 1854 4793 ὡς

265 4829 773 4902 ἁπορφανισθεῖσαν
794 4829 1000 4892 τέλεον,
1037 4829 1130 4880 καὶ
1190 4825 1460 4896 μηδεμίαν
1515 4827 1572 4878 ὲν
1617 4824 1697 4896 τῷ
1751 4823 1852 4893 βίῳ

269 4923 629 4995 παραμυθίαν
661 4923 1030 4993 κεκτημένην.
1068 4921 1177 4975 Καὶ
1199 4919 1374 4973 ταῦτα
1406 4921 1464 4971 ὲν
1518 4917 1662 4971 οὕτω
1718 4936 1849 4971 σκυ-

271 5018 468 5088 θρωπῇ
531 5014 867 5068 καταστάσει
911 5015 1266 5085 ὑπάρχουσαν
1296 5028 1310 5040 ⁸
1363 5013 1460 5065 καὶ
1512 5012 1636 5064 οὐδὲ
1684 5012 1856 5082 αὐτῆς

271 5111 374 5180 τῆς
406 5108 560 5170 ὁσίας
591 5107 814 5177 κηδείας
846 5106 1234 5160 άπολαύσασαν
1255 5123 1267 5136 ·
1321 5105 1350 5157 ὃ
1372 5105 1560 5175 φέρειν
1607 5100 1712 5155 οἶδε
1767 5122 1858 5174 μι-

274 5205 418 5275 κράν
472 5201 856 5272 παρηγορίανο
899 5201 1060 5269 λόγος
1107 5201 1373 5270 ἐξιτήριος
1434 5200 1529 5251 καὶ
1572 5197 1859 5249 τελευταία

275 5297 455 5366 φωνὴ,
487 5295 827 5364 πρόσπτυξίς
851 5312 909 5346 τε
925 5294 1108 5363 τιμίου
1136 5293 1415 5360 λειψάνου,
1445 5292 1538 5346 καὶ
1567 5292 1736 5360 αὐτῆς
1762 5292 1860 5360 τῆς

278 5389 339 5440 ὲν
399 5381 444 5455 ᾧ
483 5388 835 5442 κατατίθεται
871 5388 1044 5458 θήκης
1074 5387 1422 5455 ἐπισκέψεως
1456 5401 1470 5416 ο

359 5595 408 5629 ⁸³
439 5595 608 5650 Eccli.
641 5610 794 5661 xm,
826 5594 876 5650 l.

1531 5386 1626 5438 καὶ
1680 5385 1862 5446 ἔοικας

276 5479 343 5532 τὸ
371 5479 464 5533 τοῦ
487 5480 764 5533 Ταντάλου
794 5479 1008 5551 παθεῖν)
1043 5479 1093 5533 εί
1125 5479 1221 5532 καὶ
1257 5477 1626 5550 μυθικώτερον
1658 5478 1716 5531 τὸ
1746 5477 1868 5530 ἐπί-

1951 4466 2070 4512 tum
2118 4457 2572 4527 ingemuerimus,
2602 4458 2732 4527 quid
2784 4458 2980 4514 attinet
3007 4457 3245 4514 dicere?
3275 4476 3384 4515 non
3423 4477 3553 4530 pro-

1952 4561 2072 4621 pter
2101 4551 2250 4606 illam
2306 4567 2428 4621 qua:
2458 4563 2649 4608 sancte
2701 4553 3061 4618 obdormivit,
3122 4553 3265 4608 absit
3296 4572 3311 4608 :
3345 4555 3554 4609 lucrum

1954 4646 2101 4698 enim
2167 4644 2272 4714 ipsi
2329 4643 2452 4708 fuit,
2514 4647 2660 4716 quod
2721 4646 2911 4699 multis
2965 4646 3204 4715 peccatis
3261 4646 3555 4701 obnoxiam

1958 4739 2102 4793 hanc
2133 4741 2300 4792 vitam
2349 4739 2524 4794 evasit
2553 4757 2568 4792 :
2601 4738 2695 4794 sed
2748 4754 2871 4792 cum
2906 4738 3274 4808 cogitaremus
3300 4741 3555 4794 eximiam

1955 4831 2280 4900 probitatem
2322 4840 2470 4884 tuam
2503 4830 2648 4883 velut
2682 4829 2932 4884 orbatam
2986 4845 3110 4884 esse
3167 4832 3406 4900 penitus,
3435 4846 3556 4886 ont-

1954 4924 2122 4994 nique
2155 4924 2209 4977 in
2235 4924 2344 4977 vita
2381 4922 2583 4976 solatio
2607 4921 2926 4977 destitutam
2964 4943 2977 4976 :
3018 4931 3182 4992 atque
3213 4923 3329 4977 lucc
3358 4925 3408 4976 in
3447 4933 3556 4978 tam

1956 5015 2098 5070 tristi
2158 5029 2344 5068 rerum
2414 5024 2633 5066 tuarum
2701 5022 2847 5067 statu
2887 5024 2988 5066 :et
3018 5015 3165 5084 quod
3235 5029 3336 5067 nec
3401 5013 3557 5083 justa

1963 5115 2167 5162 sancta:
2233 5107 2308 5160 illi
2369 5107 2682 5175 persolvere
2731 5122 2795 5160 ac
2851 5105 3018 5161 funus
3070 5122 3266 5161 curare
3317 5109 3554 5171 licuerit;

1965 5215 2088 5269 qua:
2139 5216 2229 5254 res
2263 5200 2502 5269 aliquam
2532 5197 2725 5252 ali‘errc
2761 5198 2898 5253 solet
2927 5199 3356 5254 consolationem
3397 5215 3410 5250 :
3445 5213 3558 5251 tuo-

1970 5290 2164 5345 rienlis
2189 5291 2368 5344 oratio
2395 5300 2450 5344 et
2485 5302 2763 5359 postrema
2802 5308 2928 5355 vox,
2961 5292 3253 5346 chararum
3295 5289 3526 5358 rcliquia
3556 5323 3561 5329 ε

1972 5397 2094 5434 ι·υιιι
2124 5383 2428 5450 amplexus,
2467 5381 2747 5450 ipsiusque
2780 5379 2831 5432 in
2887 5397 2997 5452 quo
3021 5382 3283 5451 deposita:
3317 5391 3446 5433 sunt
3477 5379 3560 5431 lo—

1976 5474 2084 5528 culi
2154 5474 2882 5544 conspectuszviderisque
2938 5474 3069 5528 mihi
3133 5474 3371 5543 idipsnm
3445 5470 3556 5542 pati

1819 5699 2050 5757 ΝΟΤᾸΞ.

361 5833 476 5906 (67)
505 5830 562 5888 In
589 5830 709 5896 cod,
742 5829 874 5901 Reg.
918 5830 1044 5896 ροζῖ

651 5932 918 5992 Pyrum“
968 5933 1062 5990 Gtt
1119 5928 1345 5990 XClX.

2048 5822 2159 5896 (68)
2189 5821 2245 5877 lu
2280 5822 2403 5879 cod.
2442 5823 2574 5894 Reg.
2615 5822 2749 5894 ροτί.

3169 5917 3242 5977 ῑιθ
