  <div class='ocr_page' id='page_1' title='image "/cluster/home/n/w/nwhite01/storage/ocr_20150623/99/hvd.32044024464356/781.png"; bbox 0 0 4102 6374; ppageno 0'>
   <div class='ocr_carea' id='block_1_1' title="bbox 570 328 705 391">
    <p class='ocr_par' dir='ltr' id='par_1_1' title="bbox 570 328 705 391">
     <span class='ocr_line' id='line_1_1' title="bbox 570 328 705 391; baseline 0.059 -7"><span class='ocrx_word' id='word_1_1' title='bbox 570 328 589 384; x_wconf 83' lang='lat' dir='ltr'><strong>l</strong></span> <span class='ocrx_word' id='word_1_2' title='bbox 604 329 705 391; x_wconf 70' lang='grc'>547</span> 
     </span>
    </p>
   </div>
   <div class='ocr_carea' id='block_1_2' title="bbox 1767 318 2647 386">
    <p class='ocr_par' dir='ltr' id='par_1_2' title="bbox 1767 318 2647 386">
     <span class='ocr_line' id='line_1_2' title="bbox 1767 318 2647 386; baseline -0.001 -1"><span class='ocrx_word' id='word_1_3' title='bbox 1767 322 1839 386; x_wconf 70' lang='grc' dir='ltr'>εξ</span> <span class='ocrx_word' id='word_1_4' title='bbox 1870 318 2263 384; x_wconf 83' lang='lat' dir='ltr'><strong>THEODORI</strong></span> <span class='ocrx_word' id='word_1_5' title='bbox 2296 318 2647 384; x_wconf 77' lang='lat' dir='ltr'><strong>STUDIT/E</strong></span> 
     </span>
    </p>
   </div>
   <div class='ocr_carea' id='block_1_3' title="bbox 3717 333 3857 400">
    <p class='ocr_par' dir='ltr' id='par_1_3' title="bbox 3717 333 3857 400">
     <span class='ocr_line' id='line_1_3' title="bbox 3717 333 3857 400; baseline 0.021 -3"><span class='ocrx_word' id='word_1_6' title='bbox 3717 333 3857 400; x_wconf 66' lang='lat'><strong>1543</strong></span> 
     </span>
    </p>
   </div>
   <div class='ocr_carea' id='block_1_4' title="bbox 562 433 2150 516">
    <p class='ocr_par' dir='ltr' id='par_1_4' title="bbox 562 440 2150 516">
     <span class='ocr_line' id='line_1_4' title="bbox 562 440 2150 516; baseline -0.007 -17"><span class='ocrx_word' id='word_1_7' title='bbox 562 444 707 512; x_wconf 82' lang='lat' dir='ltr'><strong>quod</strong></span> <span class='ocrx_word' id='word_1_8' title='bbox 736 440 997 497; x_wconf 73' lang='lat' dir='ltr'><strong>Tantalus</strong></span> <span class='ocrx_word' id='word_1_9' title='bbox 1026 444 1147 516; x_wconf 73' lang='lat' dir='ltr'><strong>(etsi</strong></span> <span class='ocrx_word' id='word_1_10' title='bbox 1195 442 1500 500; x_wconf 75' lang='lat' dir='ltr'><strong>faliulosior</strong></span> <span class='ocrx_word' id='word_1_11' title='bbox 1528 452 1609 497; x_wconf 82' lang='lat' dir='ltr'><strong>est</strong></span> <span class='ocrx_word' id='word_1_12' title='bbox 1661 441 1778 496; x_wconf 69' lang='lat' dir='ltr'><strong>haec</strong></span> <span class='ocrx_word' id='word_1_13' title='bbox 1808 454 2150 496; x_wconf 82' lang='lat' dir='ltr'><strong>commemo-</strong></span> 
     </span>
    </p>
   </div>
   <div class='ocr_carea' id='block_1_5' title="bbox 2254 433 3847 516">
    <p class='ocr_par' dir='ltr' id='par_1_5' title="bbox 2258 435 3847 516">
     <span class='ocr_line' id='line_1_5' title="bbox 2258 435 3847 516; baseline 0.013 -28"><span class='ocrx_word' id='word_1_14' title='bbox 2258 435 2498 508; x_wconf 83' lang='grc' dir='ltr'>φθεγμα,</span> <span class='ocrx_word' id='word_1_15' title='bbox 2531 438 2590 490; x_wconf 81' lang='grc' dir='ltr'>ὲν</span> <span class='ocrx_word' id='word_1_16' title='bbox 2608 437 2806 509; x_wconf 81' lang='grc' dir='ltr'><strong>μέσαις</strong></span> <span class='ocrx_word' id='word_1_17' title='bbox 2838 440 3044 509; x_wconf 81' lang='grc' dir='ltr'><strong>πηγαῖς</strong></span> <span class='ocrx_word' id='word_1_18' title='bbox 3081 439 3230 510; x_wconf 71' lang='grc' dir='ltr'>δίψει</span> <span class='ocrx_word' id='word_1_19' title='bbox 3277 442 3607 516; x_wconf 70' lang='grc' dir='ltr'><strong>τηκόμενος,</strong></span> <span class='ocrx_word' id='word_1_20' title='bbox 3636 449 3847 516; x_wconf 79' lang='grc' dir='ltr'>ἀκοαῖς.</span> 
     </span>
    </p>
   </div>
   <div class='ocr_carea' id='block_1_6' title="bbox 560 518 2155 606">
    <p class='ocr_par' dir='ltr' id='par_1_6' title="bbox 560 518 2155 606">
     <span class='ocr_line' id='line_1_6' title="bbox 560 518 2155 606; baseline -0.003 -17"><span class='ocrx_word' id='word_1_21' title='bbox 560 532 723 606; x_wconf 88' lang='lat' dir='ltr'><strong>ratio)</strong></span> <span class='ocrx_word' id='word_1_22' title='bbox 753 534 804 589; x_wconf 91' lang='lat' dir='ltr'><strong>in</strong></span> <span class='ocrx_word' id='word_1_23' title='bbox 843 518 1045 591; x_wconf 69' lang='grc' dir='ltr'>ηὶειίὶἰε</span> <span class='ocrx_word' id='word_1_24' title='bbox 1062 535 1308 593; x_wconf 86' lang='lat' dir='ltr'><strong>fontibus</strong></span> <span class='ocrx_word' id='word_1_25' title='bbox 1340 535 1429 592; x_wconf 91' lang='lat' dir='ltr'><strong>siti</strong></span> <span class='ocrx_word' id='word_1_26' title='bbox 1459 533 1742 590; x_wconf 80' lang='lat' dir='ltr'><strong>confectus</strong></span> <span class='ocrx_word' id='word_1_27' title='bbox 1773 550 1789 586; x_wconf 88' lang='lat'><strong>:</strong></span> <span class='ocrx_word' id='word_1_28' title='bbox 1818 547 1944 587; x_wconf 87' lang='lat' dir='ltr'><strong>eum</strong></span> <span class='ocrx_word' id='word_1_29' title='bbox 1970 534 2025 587; x_wconf 82' lang='lat' dir='ltr'><strong>tu</strong></span> <span class='ocrx_word' id='word_1_30' title='bbox 2054 545 2155 585; x_wconf 85' lang='lat' dir='ltr'><strong>au-</strong></span> 
     </span>
    </p>
   </div>
   <div class='ocr_carea' id='block_1_7' title="bbox 560 624 2151 694">
    <p class='ocr_par' dir='ltr' id='par_1_7' title="bbox 560 624 2151 694">
     <span class='ocr_line' id='line_1_7' title="bbox 560 624 2151 694; baseline -0.002 -13"><span class='ocrx_word' id='word_1_31' title='bbox 560 626 717 683; x_wconf 82' lang='lat' dir='ltr'><strong>ribus</strong></span> <span class='ocrx_word' id='word_1_32' title='bbox 769 638 1002 694; x_wconf 88' lang='lat' dir='ltr'><strong>tantum,</strong></span> <span class='ocrx_word' id='word_1_33' title='bbox 1027 638 1083 684; x_wconf 87' lang='lat' dir='ltr'><strong>et</strong></span> <span class='ocrx_word' id='word_1_34' title='bbox 1130 645 1239 684; x_wconf 89' lang='lat' dir='ltr'><strong>nou</strong></span> <span class='ocrx_word' id='word_1_35' title='bbox 1274 629 1470 694; x_wconf 91' lang='lat' dir='ltr'><strong>oculis,</strong></span> <span class='ocrx_word' id='word_1_36' title='bbox 1502 624 1697 682; x_wconf 90' lang='lat' dir='ltr'><strong>matris</strong></span> <span class='ocrx_word' id='word_1_37' title='bbox 1729 625 1939 680; x_wconf 89' lang='lat' dir='ltr'><strong>obitum</strong></span> <span class='ocrx_word' id='word_1_38' title='bbox 1997 639 2151 679; x_wconf 88' lang='lat' dir='ltr'><strong>acce-</strong></span> 
     </span>
    </p>
   </div>
   <div class='ocr_carea' id='block_1_8' title="bbox 559 717 2150 791">
    <p class='ocr_par' dir='ltr' id='par_1_8' title="bbox 559 717 2150 791">
     <span class='ocr_line' id='line_1_8' title="bbox 559 717 2150 791; baseline -0.003 -16"><span class='ocrx_word' id='word_1_39' title='bbox 559 726 729 791; x_wconf 80' lang='lat' dir='ltr'><strong>peris.</strong></span> <span class='ocrx_word' id='word_1_40' title='bbox 783 719 925 788; x_wconf 85' lang='lat' dir='ltr'><strong>Quid</strong></span> <span class='ocrx_word' id='word_1_41' title='bbox 980 736 1112 791; x_wconf 87' lang='lat' dir='ltr'><strong>ergo</strong></span> <span class='ocrx_word' id='word_1_42' title='bbox 1139 722 1192 776; x_wconf 94' lang='lat' dir='ltr'><strong>in</strong></span> <span class='ocrx_word' id='word_1_43' title='bbox 1240 719 1413 775; x_wconf 85' lang='lat' dir='ltr'><strong>istis?</strong></span> <span class='ocrx_word' id='word_1_44' title='bbox 1450 720 1531 773; x_wconf 85' lang='lat' dir='ltr'><strong>An</strong></span> <span class='ocrx_word' id='word_1_45' title='bbox 1568 727 1929 788; x_wconf 65' lang='lat' dir='ltr'><strong>praeterquam</strong></span> <span class='ocrx_word' id='word_1_46' title='bbox 1988 717 2150 772; x_wconf 89' lang='lat' dir='ltr'><strong>decet</strong></span> 
     </span>
    </p>
   </div>
   <div class='ocr_carea' id='block_1_9' title="bbox 558 806 2152 885">
    <p class='ocr_par' dir='ltr' id='par_1_9' title="bbox 558 806 2152 885">
     <span class='ocr_line' id='line_1_9' title="bbox 558 806 2152 885; baseline -0.002 -19"><span class='ocrx_word' id='word_1_47' title='bbox 558 812 983 885; x_wconf 74' lang='lat' dir='ltr'><strong>ingeniis-cenius</strong></span> <span class='ocrx_word' id='word_1_48' title='bbox 1013 813 1055 879; x_wconf 46' lang='lat' dir='ltr'><strong>ig-</strong></span> <span class='ocrx_word' id='word_1_49' title='bbox 1090 826 1160 866; x_wconf 89' lang='lat' dir='ltr'><strong>an</strong></span> <span class='ocrx_word' id='word_1_50' title='bbox 1211 810 1612 880; x_wconf 73' lang='lat' dir='ltr'><strong>inexplebiliter</strong></span> <span class='ocrx_word' id='word_1_51' title='bbox 1662 806 1957 864; x_wconf 80' lang='lat' dir='ltr'><strong>ﬂebimus?</strong></span> <span class='ocrx_word' id='word_1_52' title='bbox 1993 806 2152 863; x_wconf 71' lang='lat' dir='ltr'><strong>etfre-</strong></span> 
     </span>
    </p>
   </div>
   <div class='ocr_carea' id='block_1_10' title="bbox 560 901 2150 971">
    <p class='ocr_par' dir='ltr' id='par_1_10' title="bbox 560 901 2150 971">
     <span class='ocr_line' id='line_1_10' title="bbox 560 901 2150 971; baseline -0.003 -11"><span class='ocrx_word' id='word_1_53' title='bbox 560 917 688 961; x_wconf 87' lang='lat' dir='ltr'><strong>nate</strong></span> <span class='ocrx_word' id='word_1_54' title='bbox 712 905 1229 962; x_wconf 83' lang='lat' dir='ltr'><strong>stomachabimur?</strong></span> <span class='ocrx_word' id='word_1_55' title='bbox 1261 904 1329 959; x_wconf 87' lang='lat' dir='ltr'><strong>Et</strong></span> <span class='ocrx_word' id='word_1_56' title='bbox 1359 904 1453 958; x_wconf 87' lang='lat' dir='ltr'><strong>ubi</strong></span> <span class='ocrx_word' id='word_1_57' title='bbox 1480 902 1759 959; x_wconf 83' lang='lat' dir='ltr'><strong>scientia?</strong></span> <span class='ocrx_word' id='word_1_58' title='bbox 1797 901 1888 957; x_wconf 90' lang='lat' dir='ltr'><strong>ubi</strong></span> <span class='ocrx_word' id='word_1_59' title='bbox 1933 902 2150 971; x_wconf 89' lang='lat' dir='ltr'><strong>sapien-</strong></span> 
     </span>
    </p>
   </div>
   <div class='ocr_carea' id='block_1_11' title="bbox 560 996 2147 1068">
    <p class='ocr_par' dir='ltr' id='par_1_11' title="bbox 560 996 2147 1068">
     <span class='ocr_line' id='line_1_11' title="bbox 560 996 2147 1068; baseline -0.004 -14"><span class='ocrx_word' id='word_1_60' title='bbox 560 1000 677 1055; x_wconf 83' lang='lat' dir='ltr'><strong>tia?</strong></span> <span class='ocrx_word' id='word_1_61' title='bbox 709 1000 804 1055; x_wconf 90' lang='lat' dir='ltr'><strong>ubi</strong></span> <span class='ocrx_word' id='word_1_62' title='bbox 863 996 1427 1068; x_wconf 87' lang='lat' dir='ltr'><strong>prudentia?quibus</strong></span> <span class='ocrx_word' id='word_1_63' title='bbox 1493 996 1752 1053; x_wconf 84' lang='lat' dir='ltr'><strong>nobilitas</strong></span> <span class='ocrx_word' id='word_1_64' title='bbox 1807 1005 1898 1051; x_wconf 91' lang='lat' dir='ltr'><strong>tua</strong></span> <span class='ocrx_word' id='word_1_65' title='bbox 1951 1000 2147 1049; x_wconf 87' lang='lat' dir='ltr'><strong>ornata</strong></span> 
     </span>
    </p>
   </div>
   <div class='ocr_carea' id='block_1_12' title="bbox 558 1088 2148 1161">
    <p class='ocr_par' dir='ltr' id='par_1_12' title="bbox 558 1088 2148 1161">
     <span class='ocr_line' id='line_1_12' title="bbox 558 1088 2148 1161; baseline -0.004 -14"><span class='ocrx_word' id='word_1_66' title='bbox 558 1102 664 1156; x_wconf 84' lang='lat' dir='ltr'><strong>est,</strong></span> <span class='ocrx_word' id='word_1_67' title='bbox 690 1100 747 1148; x_wconf 89' lang='lat' dir='ltr'><strong>et</strong></span> <span class='ocrx_word' id='word_1_68' title='bbox 780 1093 1000 1161; x_wconf 86' lang='lat' dir='ltr'><strong>quidem</strong></span> <span class='ocrx_word' id='word_1_69' title='bbox 1048 1106 1210 1160; x_wconf 80' lang='lat' dir='ltr'><strong>supra</strong></span> <span class='ocrx_word' id='word_1_70' title='bbox 1241 1090 1444 1146; x_wconf 87' lang='lat' dir='ltr'><strong>multos</strong></span> <span class='ocrx_word' id='word_1_71' title='bbox 1473 1104 1664 1146; x_wconf 88' lang='lat' dir='ltr'><strong>eorum</strong></span> <span class='ocrx_word' id='word_1_72' title='bbox 1712 1089 1807 1160; x_wconf 90' lang='lat' dir='ltr'><strong>qui</strong></span> <span class='ocrx_word' id='word_1_73' title='bbox 1860 1088 2148 1159; x_wconf 87' lang='lat' dir='ltr'><strong>magistra-</strong></span> 
     </span>
    </p>
   </div>
   <div class='ocr_carea' id='block_1_13' title="bbox 559 1164 2146 1252">
    <p class='ocr_par' dir='ltr' id='par_1_13' title="bbox 559 1164 2146 1252">
     <span class='ocr_line' id='line_1_13' title="bbox 559 1164 2146 1252; baseline -0.003 -14"><span class='ocrx_word' id='word_1_74' title='bbox 559 1193 674 1239; x_wconf 87' lang='lat' dir='ltr'><strong>tum</strong></span> <span class='ocrx_word' id='word_1_75' title='bbox 710 1197 857 1238; x_wconf 90' lang='lat' dir='ltr'><strong>nuuc</strong></span> <span class='ocrx_word' id='word_1_76' title='bbox 885 1191 1101 1252; x_wconf 84' lang='lat' dir='ltr'><strong>gerunt.</strong></span> <span class='ocrx_word' id='word_1_77' title='bbox 1137 1164 1526 1252; x_wconf 78' lang='lat' dir='ltr'><strong>Nequaquam,</strong></span> <span class='ocrx_word' id='word_1_78' title='bbox 1550 1196 1585 1235; x_wconf 91' lang='grc' dir='ltr'><strong>ο</strong></span> <span class='ocrx_word' id='word_1_79' title='bbox 1606 1179 2008 1247; x_wconf 81' lang='lat' dir='ltr'><strong>amantissime,</strong></span> <span class='ocrx_word' id='word_1_80' title='bbox 2045 1195 2146 1235; x_wconf 89' lang='lat' dir='ltr'><strong>ne-</strong></span> 
     </span>
    </p>
   </div>
   <div class='ocr_carea' id='block_1_14' title="bbox 559 1272 2148 1346">
    <p class='ocr_par' dir='ltr' id='par_1_14' title="bbox 559 1272 2148 1346">
     <span class='ocr_line' id='line_1_14' title="bbox 559 1272 2148 1346; baseline -0.001 -16"><span class='ocrx_word' id='word_1_81' title='bbox 559 1289 836 1346; x_wconf 84' lang='lat' dir='ltr'><strong>quaquam</strong></span> <span class='ocrx_word' id='word_1_82' title='bbox 862 1292 880 1328; x_wconf 90' lang='lat'><strong>:</strong></span> <span class='ocrx_word' id='word_1_83' title='bbox 907 1274 1002 1331; x_wconf 87' lang='lat' dir='ltr'><strong>sed</strong></span> <span class='ocrx_word' id='word_1_84' title='bbox 1028 1274 1119 1329; x_wconf 89' lang='lat' dir='ltr'><strong>ubi</strong></span> <span class='ocrx_word' id='word_1_85' title='bbox 1165 1275 1442 1329; x_wconf 80' lang='lat' dir='ltr'><strong>moderate</strong></span> <span class='ocrx_word' id='word_1_86' title='bbox 1470 1274 1810 1345; x_wconf 82' lang='lat' dir='ltr'><strong>ingemueris</strong></span> <span class='ocrx_word' id='word_1_87' title='bbox 1840 1272 2148 1343; x_wconf 78' lang='lat' dir='ltr'><strong>et’planxe—</strong></span> 
     </span>
    </p>
   </div>
   <div class='ocr_carea' id='block_1_15' title="bbox 558 1365 2146 1437">
    <p class='ocr_par' dir='ltr' id='par_1_15' title="bbox 558 1365 2146 1437">
     <span class='ocr_line' id='line_1_15' title="bbox 558 1365 2146 1437; baseline -0.001 -15"><span class='ocrx_word' id='word_1_88' title='bbox 558 1367 661 1433; x_wconf 83' lang='lat' dir='ltr'><strong>ris,</strong></span> <span class='ocrx_word' id='word_1_89' title='bbox 688 1376 953 1437; x_wconf 89' lang='lat' dir='ltr'><strong>quantum</strong></span> <span class='ocrx_word' id='word_1_90' title='bbox 985 1366 1243 1423; x_wconf 83' lang='lat' dir='ltr'><strong>videlicet</strong></span> <span class='ocrx_word' id='word_1_91' title='bbox 1279 1368 1415 1423; x_wconf 81' lang='lat' dir='ltr'><strong>satis</strong></span> <span class='ocrx_word' id='word_1_92' title='bbox 1434 1376 1493 1422; x_wconf 83' lang='lat' dir='ltr'><strong>ut.</strong></span> <span class='ocrx_word' id='word_1_93' title='bbox 1522 1366 1788 1422; x_wconf 85' lang='lat' dir='ltr'><strong>maternis</strong></span> <span class='ocrx_word' id='word_1_94' title='bbox 1820 1365 2146 1422; x_wconf 80' lang='lat' dir='ltr'><strong>funebribus</strong></span> 
     </span>
    </p>
   </div>
   <div class='ocr_carea' id='block_1_16' title="bbox 557 1456 2150 1531">
    <p class='ocr_par' dir='ltr' id='par_1_16' title="bbox 557 1456 2150 1531">
     <span class='ocr_line' id='line_1_16' title="bbox 557 1456 2150 1531; baseline -0.001 -18"><span class='ocrx_word' id='word_1_95' title='bbox 557 1457 878 1530; x_wconf 75' lang='lat' dir='ltr'><strong>defungere,</strong></span> <span class='ocrx_word' id='word_1_96' title='bbox 917 1468 972 1514; x_wconf 86' lang='lat' dir='ltr'><strong>et</strong></span> <span class='ocrx_word' id='word_1_97' title='bbox 1021 1460 1167 1531; x_wconf 83' lang='lat' dir='ltr'><strong>quod</strong></span> <span class='ocrx_word' id='word_1_98' title='bbox 1223 1467 1435 1514; x_wconf 62' lang='lat' dir='ltr'><strong>natura:</strong></span> <span class='ocrx_word' id='word_1_99' title='bbox 1462 1466 1547 1515; x_wconf 86' lang='lat' dir='ltr'><strong>est</strong></span> <span class='ocrx_word' id='word_1_100' title='bbox 1596 1456 1927 1529; x_wconf 87' lang='lat' dir='ltr'><strong>patefacias;</strong></span> <span class='ocrx_word' id='word_1_101' title='bbox 1959 1459 2150 1514; x_wconf 88' lang='lat' dir='ltr'><strong>redea-</strong></span> 
     </span>
    </p>
   </div>
   <div class='ocr_carea' id='block_1_17' title="bbox 559 1549 2147 1621">
    <p class='ocr_par' dir='ltr' id='par_1_17' title="bbox 559 1549 2147 1621">
     <span class='ocr_line' id='line_1_17' title="bbox 559 1549 2147 1621; baseline 0.001 -17"><span class='ocrx_word' id='word_1_102' title='bbox 559 1564 685 1605; x_wconf 88' lang='lat' dir='ltr'><strong>mus</strong></span> <span class='ocrx_word' id='word_1_103' title='bbox 738 1550 941 1605; x_wconf 84' lang='lat' dir='ltr'><strong>iterum</strong></span> <span class='ocrx_word' id='word_1_104' title='bbox 969 1549 1038 1606; x_wconf 87' lang='lat' dir='ltr'><strong>ad</strong></span> <span class='ocrx_word' id='word_1_105' title='bbox 1068 1565 1192 1613; x_wconf 85' lang='lat' dir='ltr'><strong>nos.</strong></span> <span class='ocrx_word' id='word_1_106' title='bbox 1219 1552 1266 1606; x_wconf 90' lang='lat' dir='ltr'><strong>si</strong></span> <span class='ocrx_word' id='word_1_107' title='bbox 1291 1549 1489 1621; x_wconf 80' lang='lat' dir='ltr'><strong>placet,</strong></span> <span class='ocrx_word' id='word_1_108' title='bbox 1525 1550 1858 1620; x_wconf 89' lang='lat' dir='ltr'><strong>sublimique</strong></span> <span class='ocrx_word' id='word_1_109' title='bbox 1904 1558 2147 1605; x_wconf 87' lang='lat' dir='ltr'><strong>contem-</strong></span> 
     </span>
    </p>
   </div>
   <div class='ocr_carea' id='block_1_18' title="bbox 2266 527 3855 614">
    <p class='ocr_par' dir='ltr' id='par_1_18' title="bbox 2266 527 3855 614">
     <span class='ocr_line' id='line_1_18' title="bbox 2266 527 3855 614; baseline 0.009 -35"><span class='ocrx_word' id='word_1_110' title='bbox 2266 527 2484 595; x_wconf 83' lang='grc' dir='ltr'><strong>μόναις,</strong></span> <span class='ocrx_word' id='word_1_111' title='bbox 2531 527 2648 582; x_wconf 89' lang='grc' dir='ltr'>ἀλλ’</span> <span class='ocrx_word' id='word_1_112' title='bbox 2677 528 2779 582; x_wconf 85' lang='grc' dir='ltr'><strong>οὐκ</strong></span> <span class='ocrx_word' id='word_1_113' title='bbox 2812 528 3118 601; x_wconf 69' lang='grc' dir='ltr'>ὀφθαλμοῖς</span> <span class='ocrx_word' id='word_1_114' title='bbox 3144 533 3433 591; x_wconf 76' lang='grc' dir='ltr'>ὑπολαϐὼν</span> <span class='ocrx_word' id='word_1_115' title='bbox 3470 537 3575 609; x_wconf 75' lang='grc' dir='ltr'>τὴν</span> <span class='ocrx_word' id='word_1_116' title='bbox 3598 540 3702 610; x_wconf 84' lang='grc' dir='ltr'>τῆς</span> <span class='ocrx_word' id='word_1_117' title='bbox 3748 560 3855 614; x_wconf 68' lang='grc' dir='ltr'>μη-</span> 
     </span>
    </p>
   </div>
   <div class='ocr_carea' id='block_1_19' title="bbox 2259 620 3861 704">
    <p class='ocr_par' dir='ltr' id='par_1_19' title="bbox 2259 620 3861 704">
     <span class='ocr_line' id='line_1_19' title="bbox 2259 620 3861 704; baseline 0.011 -31"><span class='ocrx_word' id='word_1_118' title='bbox 2259 620 2390 690; x_wconf 70' lang='grc' dir='ltr'>τρδς</span> <span class='ocrx_word' id='word_1_119' title='bbox 2418 621 2700 693; x_wconf 83' lang='grc' dir='ltr'>κοίμησιν.</span> <span class='ocrx_word' id='word_1_120' title='bbox 2733 622 2801 675; x_wconf 89' lang='grc' dir='ltr'>Τί</span> <span class='ocrx_word' id='word_1_121' title='bbox 2833 621 2931 676; x_wconf 75' lang='grc' dir='ltr'>οὖν</span> <span class='ocrx_word' id='word_1_122' title='bbox 2954 624 3013 676; x_wconf 83' lang='grc' dir='ltr'>ὲν</span> <span class='ocrx_word' id='word_1_123' title='bbox 3057 623 3316 695; x_wconf 51' lang='grc' dir='ltr'>τούτοις</span> <span class='ocrx_word' id='word_1_124' title='bbox 3358 630 3695 702; x_wconf 80' lang='grc' dir='ltr'>στενάξομεν</span> <span class='ocrx_word' id='word_1_125' title='bbox 3744 637 3861 704; x_wconf 74' lang='grc' dir='ltr'>ἄρα</span> 
     </span>
    </p>
   </div>
   <div class='ocr_carea' id='block_1_20' title="bbox 2262 712 3860 792">
    <p class='ocr_par' dir='ltr' id='par_1_20' title="bbox 2262 712 3860 792">
     <span class='ocr_line' id='line_1_20' title="bbox 2262 712 3860 792; baseline 0.009 -27"><span class='ocrx_word' id='word_1_126' title='bbox 2262 712 2410 785; x_wconf 84' lang='grc' dir='ltr'><strong>πέρα</strong></span> <span class='ocrx_word' id='word_1_127' title='bbox 2438 713 2533 766; x_wconf 80' lang='grc' dir='ltr'>τοῦ</span> <span class='ocrx_word' id='word_1_128' title='bbox 2563 714 2774 778; x_wconf 60' lang='grc' dir='ltr'>δέοντος</span> <span class='ocrx_word' id='word_1_129' title='bbox 2800 732 2816 783; x_wconf 87' lang='grc'>;</span> <span class='ocrx_word' id='word_1_130' title='bbox 2850 715 3339 789; x_wconf 62' lang='grc' dir='ltr'>ὣκρυρῤοήσομεν</span> <span class='ocrx_word' id='word_1_131' title='bbox 3366 719 3664 792; x_wconf 77' lang='grc' dir='ltr'>ἄπληστας</span> <span class='ocrx_word' id='word_1_132' title='bbox 3722 726 3860 779; x_wconf 61' lang='grc' dir='ltr'>ἀπιο-</span> 
     </span>
    </p>
   </div>
   <div class='ocr_carea' id='block_1_21' title="bbox 2256 803 3863 882">
    <p class='ocr_par' dir='ltr' id='par_1_21' title="bbox 2256 803 3863 882">
     <span class='ocr_line' id='line_1_21' title="bbox 2256 803 3863 882; baseline 0.007 -23"><span class='ocrx_word' id='word_1_133' title='bbox 2256 803 2675 876; x_wconf 82' lang='grc' dir='ltr'>δυσπετήσομεν</span> <span class='ocrx_word' id='word_1_134' title='bbox 2714 805 3008 878; x_wconf 85' lang='grc' dir='ltr'>ἅκράτητα</span> <span class='ocrx_word' id='word_1_135' title='bbox 3035 823 3053 872; x_wconf 89' lang='grc'><strong>;</strong></span> <span class='ocrx_word' id='word_1_136' title='bbox 3084 809 3195 862; x_wconf 72' lang='grc' dir='ltr'><strong>Καὶ</strong></span> <span class='ocrx_word' id='word_1_137' title='bbox 3226 808 3332 863; x_wconf 83' lang='grc' dir='ltr'><strong>ποῦ</strong></span> <span class='ocrx_word' id='word_1_138' title='bbox 3377 813 3411 882; x_wconf 75' lang='grc' dir='ltr'>ἡ</span> <span class='ocrx_word' id='word_1_139' title='bbox 3441 814 3650 881; x_wconf 87' lang='grc' dir='ltr'>γνῶσις</span> <span class='ocrx_word' id='word_1_140' title='bbox 3676 833 3692 881; x_wconf 91' lang='lat'><strong>;</strong></span> <span class='ocrx_word' id='word_1_141' title='bbox 3754 817 3863 869; x_wconf 76' lang='grc' dir='ltr'>ποῦ</span> 
     </span>
    </p>
   </div>
   <div class='ocr_carea' id='block_1_22' title="bbox 2256 892 3862 977">
    <p class='ocr_par' dir='ltr' id='par_1_22' title="bbox 2256 892 3862 977">
     <span class='ocr_line' id='line_1_22' title="bbox 2256 892 3862 977; baseline 0.006 -28"><span class='ocrx_word' id='word_1_142' title='bbox 2256 897 2290 967; x_wconf 76' lang='grc' dir='ltr'><strong>ἡ</strong></span> <span class='ocrx_word' id='word_1_143' title='bbox 2320 897 2484 966; x_wconf 84' lang='grc' dir='ltr'>σοφία</span> <span class='ocrx_word' id='word_1_144' title='bbox 2511 912 2529 963; x_wconf 88' lang='lat'><strong>;</strong></span> <span class='ocrx_word' id='word_1_145' title='bbox 2558 896 2664 950; x_wconf 81' lang='grc' dir='ltr'>ποῦ</span> <span class='ocrx_word' id='word_1_146' title='bbox 2689 898 2723 969; x_wconf 83' lang='grc' dir='ltr'><strong>ή</strong></span> <span class='ocrx_word' id='word_1_147' title='bbox 2758 896 3016 965; x_wconf 83' lang='grc' dir='ltr'>σύνεσις;</span> <span class='ocrx_word' id='word_1_148' title='bbox 3046 892 3131 963; x_wconf 81' lang='grc' dir='ltr'><strong>οἷς</strong></span> <span class='ocrx_word' id='word_1_149' title='bbox 3160 901 3556 974; x_wconf 79' lang='grc' dir='ltr'><strong>κατεκοσμήθη</strong></span> <span class='ocrx_word' id='word_1_150' title='bbox 3592 921 3690 958; x_wconf 87' lang='grc' dir='ltr'><strong>σου</strong></span> <span class='ocrx_word' id='word_1_151' title='bbox 3712 905 3748 977; x_wconf 74' lang='grc' dir='ltr'><strong>ἡ</strong></span> <span class='ocrx_word' id='word_1_152' title='bbox 3766 906 3862 958; x_wconf 78' lang='grc' dir='ltr'><strong>εὑ-</strong></span> 
     </span>
    </p>
   </div>
   <div class='ocr_carea' id='block_1_23' title="bbox 2263 990 3863 1067">
    <p class='ocr_par' dir='ltr' id='par_1_23' title="bbox 2263 990 3863 1067">
     <span class='ocr_line' id='line_1_23' title="bbox 2263 990 3863 1067; baseline 0.006 -25"><span class='ocrx_word' id='word_1_153' title='bbox 2263 991 2476 1058; x_wconf 74' lang='grc' dir='ltr'>γένεια,</span> <span class='ocrx_word' id='word_1_154' title='bbox 2521 990 2616 1043; x_wconf 84' lang='grc' dir='ltr'>καί</span> <span class='ocrx_word' id='word_1_155' title='bbox 2641 1007 2705 1059; x_wconf 86' lang='grc' dir='ltr'><strong>γε</strong></span> <span class='ocrx_word' id='word_1_156' title='bbox 2736 990 2879 1059; x_wconf 80' lang='grc' dir='ltr'>ὑπὲρ</span> <span class='ocrx_word' id='word_1_157' title='bbox 2911 990 3143 1055; x_wconf 75' lang='grc' dir='ltr'>πολλοὺς</span> <span class='ocrx_word' id='word_1_158' title='bbox 3177 992 3287 1046; x_wconf 85' lang='grc' dir='ltr'><strong>τῶν</strong></span> <span class='ocrx_word' id='word_1_159' title='bbox 3312 992 3411 1046; x_wconf 81' lang='grc' dir='ltr'>νῦν</span> <span class='ocrx_word' id='word_1_160' title='bbox 3435 996 3738 1067; x_wconf 78' lang='grc' dir='ltr'><strong>ὁρωμένων</strong></span> <span class='ocrx_word' id='word_1_161' title='bbox 3798 1001 3863 1051; x_wconf 74' lang='grc' dir='ltr'>ἐν</span> 
     </span>
    </p>
   </div>
   <div class='ocr_carea' id='block_1_24' title="bbox 2256 1078 3865 1160">
    <p class='ocr_par' dir='ltr' id='par_1_24' title="bbox 2256 1078 3865 1160">
     <span class='ocr_line' id='line_1_24' title="bbox 2256 1078 3865 1160; baseline 0.006 -24"><span class='ocrx_word' id='word_1_162' title='bbox 2256 1081 2426 1139; x_wconf 81' lang='grc' dir='ltr'>τέλει.</span> <span class='ocrx_word' id='word_1_163' title='bbox 2461 1081 2748 1154; x_wconf 83' lang='grc' dir='ltr'><strong>Μηδαμῶς</strong></span> <span class='ocrx_word' id='word_1_164' title='bbox 2771 1078 2888 1150; x_wconf 82' lang='grc' dir='ltr'>οὖν,</span> <span class='ocrx_word' id='word_1_165' title='bbox 2941 1078 2989 1138; x_wconf 86' lang='grc' dir='ltr'><strong><em>ὦ</em></strong></span> <span class='ocrx_word' id='word_1_166' title='bbox 3018 1084 3342 1157; x_wconf 74' lang='grc' dir='ltr'>ἔπιπόθητε,</span> <span class='ocrx_word' id='word_1_167' title='bbox 3398 1089 3672 1160; x_wconf 81' lang='grc' dir='ltr'><strong>μηδαμῶς</strong></span> <span class='ocrx_word' id='word_1_168' title='bbox 3723 1091 3865 1144; x_wconf 78' lang='grc' dir='ltr'><strong>ἀλλά</strong></span> 
     </span>
    </p>
   </div>
   <div class='ocr_carea' id='block_1_25' title="bbox 2256 1170 3867 1253">
    <p class='ocr_par' dir='ltr' id='par_1_25' title="bbox 2256 1170 3867 1253">
     <span class='ocr_line' id='line_1_25' title="bbox 2256 1170 3867 1253; baseline 0.006 -26"><span class='ocrx_word' id='word_1_169' title='bbox 2256 1170 2524 1239; x_wconf 77' lang='grc' dir='ltr'><strong>στενάξας</strong></span> <span class='ocrx_word' id='word_1_170' title='bbox 2570 1172 2667 1227; x_wconf 70' lang='grc' dir='ltr'><strong>καὶ</strong></span> <span class='ocrx_word' id='word_1_171' title='bbox 2695 1173 2943 1240; x_wconf 80' lang='grc' dir='ltr'>κλαύσας</span> <span class='ocrx_word' id='word_1_172' title='bbox 2995 1178 3256 1246; x_wconf 77' lang='grc' dir='ltr'><strong>μετρίως,</strong></span> <span class='ocrx_word' id='word_1_173' title='bbox 3308 1177 3432 1231; x_wconf 83' lang='grc' dir='ltr'>ὅσον</span> <span class='ocrx_word' id='word_1_174' title='bbox 3470 1181 3571 1234; x_wconf 75' lang='grc' dir='ltr'><strong>καὶ</strong></span> <span class='ocrx_word' id='word_1_175' title='bbox 3620 1180 3692 1235; x_wconf 75' lang='grc' dir='ltr'><strong>τὰ</strong></span> <span class='ocrx_word' id='word_1_176' title='bbox 3752 1199 3867 1253; x_wconf 75' lang='grc' dir='ltr'>μη-</span> 
     </span>
    </p>
   </div>
   <div class='ocr_carea' id='block_1_26' title="bbox 2256 1264 3862 1345">
    <p class='ocr_par' dir='ltr' id='par_1_26' title="bbox 2256 1264 3862 1345">
     <span class='ocr_line' id='line_1_26' title="bbox 2256 1264 3862 1345; baseline 0.007 -26"><span class='ocrx_word' id='word_1_177' title='bbox 2256 1264 2423 1337; x_wconf 82' lang='grc' dir='ltr'>τρικά</span> <span class='ocrx_word' id='word_1_178' title='bbox 2476 1266 2768 1338; x_wconf 74' lang='grc' dir='ltr'>ἑπικήδεια</span> <span class='ocrx_word' id='word_1_179' title='bbox 2813 1267 3251 1336; x_wconf 79' lang='grc' dir='ltr'>ἀφοσιώσασθαι,</span> <span class='ocrx_word' id='word_1_180' title='bbox 3275 1271 3458 1325; x_wconf 76' lang='grc' dir='ltr'>καὶτὸ</span> <span class='ocrx_word' id='word_1_181' title='bbox 3489 1273 3592 1344; x_wconf 82' lang='grc' dir='ltr'>τῆς</span> <span class='ocrx_word' id='word_1_182' title='bbox 3641 1274 3862 1345; x_wconf 72' lang='grc' dir='ltr'>φύσεως</span> 
     </span>
    </p>
   </div>
   <div class='ocr_carea' id='block_1_27' title="bbox 2256 1356 3863 1437">
    <p class='ocr_par' dir='ltr' id='par_1_27' title="bbox 2256 1356 3863 1437">
     <span class='ocr_line' id='line_1_27' title="bbox 2256 1356 3863 1437; baseline 0.006 -26"><span class='ocrx_word' id='word_1_183' title='bbox 2256 1356 2667 1423; x_wconf 69' lang='grc' dir='ltr'>ἐπιδείξασθαι*</span> <span class='ocrx_word' id='word_1_184' title='bbox 2698 1360 2782 1423; x_wconf 82' lang='grc' dir='ltr'><strong>είς</strong></span> <span class='ocrx_word' id='word_1_185' title='bbox 2831 1360 3064 1425; x_wconf 76' lang='grc' dir='ltr'>ἑαυτοὺς</span> <span class='ocrx_word' id='word_1_186' title='bbox 3132 1363 3319 1430; x_wconf 83' lang='grc' dir='ltr'>πάλιν,</span> <span class='ocrx_word' id='word_1_187' title='bbox 3361 1366 3412 1417; x_wconf 84' lang='grc' dir='ltr'><strong>εί</strong></span> <span class='ocrx_word' id='word_1_188' title='bbox 3452 1364 3658 1435; x_wconf 82' lang='grc' dir='ltr'><strong>βούλει,</strong></span> <span class='ocrx_word' id='word_1_189' title='bbox 3686 1367 3863 1437; x_wconf 73' lang='grc' dir='ltr'>γενώ-</span> 
     </span>
    </p>
   </div>
   <div class='ocr_carea' id='block_1_28' title="bbox 2257 1451 3863 1531">
    <p class='ocr_par' dir='ltr' id='par_1_28' title="bbox 2257 1451 3863 1531">
     <span class='ocr_line' id='line_1_28' title="bbox 2257 1451 3863 1531; baseline 0.007 -28"><span class='ocrx_word' id='word_1_190' title='bbox 2257 1451 2402 1522; x_wconf 83' lang='grc' dir='ltr'>μεθα</span> <span class='ocrx_word' id='word_1_191' title='bbox 2434 1491 2451 1519; x_wconf 90' lang='grc'><strong>,</strong></span> <span class='ocrx_word' id='word_1_192' title='bbox 2534 1452 2633 1506; x_wconf 72' lang='grc' dir='ltr'><strong>καὶ</strong></span> <span class='ocrx_word' id='word_1_193' title='bbox 2708 1452 3089 1526; x_wconf 80' lang='grc' dir='ltr'>διαὸλέψωμεν</span> <span class='ocrx_word' id='word_1_194' title='bbox 3167 1456 3432 1528; x_wconf 77' lang='grc' dir='ltr'>μετεώρῳ</span> <span class='ocrx_word' id='word_1_195' title='bbox 3502 1458 3714 1531; x_wconf 72' lang='grc' dir='ltr'>θεωρίᾳ</span> <span class='ocrx_word' id='word_1_196' title='bbox 3788 1464 3863 1515; x_wconf 71' lang='grc' dir='ltr'>τὰ</span> 
     </span>
    </p>
   </div>
   <div class='ocr_carea' id='block_1_29' title="bbox 2252 1544 3861 1623">
    <p class='ocr_par' dir='ltr' id='par_1_29' title="bbox 2252 1544 3861 1623">
     <span class='ocr_line' id='line_1_29' title="bbox 2252 1544 3861 1623; baseline 0.005 -26"><span class='ocrx_word' id='word_1_197' title='bbox 2252 1544 2379 1617; x_wconf 80' lang='grc' dir='ltr'>τῇδε</span> <span class='ocrx_word' id='word_1_198' title='bbox 2417 1562 2431 1576; x_wconf 78' lang='grc' dir='ltr'><strong>ο</strong></span> <span class='ocrx_word' id='word_1_199' title='bbox 2465 1544 2542 1610; x_wconf 83' lang='grc' dir='ltr'>ὡς</span> <span class='ocrx_word' id='word_1_200' title='bbox 2587 1547 2743 1619; x_wconf 72' lang='grc' dir='ltr'>ὄναρ,</span> <span class='ocrx_word' id='word_1_201' title='bbox 2797 1547 2895 1602; x_wconf 72' lang='grc' dir='ltr'><strong>καὶ</strong></span> <span class='ocrx_word' id='word_1_202' title='bbox 2936 1548 3103 1611; x_wconf 83' lang='grc' dir='ltr'>σκιὰ,</span> <span class='ocrx_word' id='word_1_203' title='bbox 3167 1548 3263 1602; x_wconf 82' lang='grc' dir='ltr'><strong>καὶ</strong></span> <span class='ocrx_word' id='word_1_204' title='bbox 3309 1549 3370 1602; x_wconf 77' lang='grc' dir='ltr'>τὸ</span> <span class='ocrx_word' id='word_1_205' title='bbox 3410 1550 3509 1604; x_wconf 71' lang='grc' dir='ltr'><strong>ἐπὶ</strong></span> <span class='ocrx_word' id='word_1_206' title='bbox 3572 1553 3680 1623; x_wconf 75' lang='grc' dir='ltr'>γῆς</span> <span class='ocrx_word' id='word_1_207' title='bbox 3732 1552 3861 1607; x_wconf 68' lang='grc' dir='ltr'><strong>τοῦ⁸</strong></span> 
     </span>
    </p>
   </div>
   <div class='ocr_carea' id='block_1_30' title="bbox 557 1637 2150 1729">
    <p class='ocr_par' dir='ltr' id='par_1_30' title="bbox 557 1643 2146 1715">
     <span class='ocr_line' id='line_1_30' title="bbox 557 1643 2146 1715; baseline 0.001 -18"><span class='ocrx_word' id='word_1_208' title='bbox 557 1643 800 1713; x_wconf 85' lang='lat' dir='ltr'><strong>platione</strong></span> <span class='ocrx_word' id='word_1_209' title='bbox 855 1659 978 1715; x_wconf 78' lang='lat' dir='ltr'><strong>quae</strong></span> <span class='ocrx_word' id='word_1_210' title='bbox 1040 1645 1129 1700; x_wconf 86' lang='lat' dir='ltr'><strong>hic</strong></span> <span class='ocrx_word' id='word_1_211' title='bbox 1171 1655 1304 1700; x_wconf 88' lang='lat' dir='ltr'><strong>sunt</strong></span> <span class='ocrx_word' id='word_1_212' title='bbox 1355 1644 1725 1713; x_wconf 78' lang='lat' dir='ltr'><strong>despiciemus</strong></span> <span class='ocrx_word' id='word_1_213' title='bbox 1758 1661 1774 1699; x_wconf 89' lang='lat'><strong>:</strong></span> <span class='ocrx_word' id='word_1_214' title='bbox 1808 1659 1934 1701; x_wconf 89' lang='lat' dir='ltr'><strong>cum</strong></span> <span class='ocrx_word' id='word_1_215' title='bbox 1994 1658 2146 1699; x_wconf 84' lang='lat' dir='ltr'><strong>som-</strong></span> 
     </span>
    </p>
   </div>
   <div class='ocr_carea' id='block_1_31' title="bbox 2254 1637 3845 1729">
    <p class='ocr_par' dir='ltr' id='par_1_31' title="bbox 2254 1637 3845 1713">
     <span class='ocr_line' id='line_1_31' title="bbox 2254 1637 3845 1713; baseline 0.004 -24"><span class='ocrx_word' id='word_1_216' title='bbox 2254 1653 2311 1689; x_wconf 94' lang='grc' dir='ltr'><strong>το</strong></span> <span class='ocrx_word' id='word_1_217' title='bbox 2374 1637 2627 1706; x_wconf 79' lang='grc' dir='ltr'>παίγνιον</span> <span class='ocrx_word' id='word_1_218' title='bbox 2653 1678 2669 1704; x_wconf 89' lang='grc'><strong>,</strong></span> <span class='ocrx_word' id='word_1_219' title='bbox 2727 1639 2805 1704; x_wconf 80' lang='grc' dir='ltr'>ὥς</span> <span class='ocrx_word' id='word_1_220' title='bbox 2867 1640 2972 1694; x_wconf 81' lang='grc' dir='ltr'><strong>πού</strong></span> <span class='ocrx_word' id='word_1_221' title='bbox 3028 1640 3164 1711; x_wconf 78' lang='grc' dir='ltr'>φησί</span> <span class='ocrx_word' id='word_1_222' title='bbox 3229 1658 3316 1705; x_wconf 86' lang='grc' dir='ltr'><strong>τις</strong></span> <span class='ocrx_word' id='word_1_223' title='bbox 3369 1642 3482 1696; x_wconf 88' lang='grc' dir='ltr'><strong>τῶν</strong></span> <span class='ocrx_word' id='word_1_224' title='bbox 3541 1642 3845 1713; x_wconf 81' lang='grc' dir='ltr'>θεολόγων,</span> 
     </span>
    </p>
   </div>
   <div class='ocr_carea' id='block_1_32' title="bbox 560 1729 2150 1808">
    <p class='ocr_par' dir='ltr' id='par_1_32' title="bbox 560 1734 2146 1808">
     <span class='ocr_line' id='line_1_32' title="bbox 560 1734 2146 1808; baseline 0.001 -19"><span class='ocrx_word' id='word_1_225' title='bbox 560 1734 736 1801; x_wconf 90' lang='lat' dir='ltr'><strong>nium,</strong></span> <span class='ocrx_word' id='word_1_226' title='bbox 794 1744 849 1792; x_wconf 87' lang='lat' dir='ltr'><strong>et</strong></span> <span class='ocrx_word' id='word_1_227' title='bbox 915 1737 1135 1802; x_wconf 84' lang='lat' dir='ltr'><strong>umbra,</strong></span> <span class='ocrx_word' id='word_1_228' title='bbox 1173 1745 1229 1793; x_wconf 90' lang='lat' dir='ltr'><strong>et</strong></span> <span class='ocrx_word' id='word_1_229' title='bbox 1279 1737 1442 1793; x_wconf 87' lang='lat' dir='ltr'><strong>ludus</strong></span> <span class='ocrx_word' id='word_1_230' title='bbox 1472 1737 1545 1794; x_wconf 88' lang='lat' dir='ltr'><strong>sit</strong></span> <span class='ocrx_word' id='word_1_231' title='bbox 1575 1737 1846 1808; x_wconf 85' lang='lat' dir='ltr'><strong>quidquid</strong></span> <span class='ocrx_word' id='word_1_232' title='bbox 1901 1737 1958 1792; x_wconf 89' lang='lat' dir='ltr'><strong>in</strong></span> <span class='ocrx_word' id='word_1_233' title='bbox 1999 1745 2146 1792; x_wconf 79' lang='lat' dir='ltr'><strong>terra</strong></span> 
     </span>
    </p>
   </div>
   <div class='ocr_carea' id='block_1_33' title="bbox 2254 1729 3853 1808">
    <p class='ocr_par' dir='ltr' id='par_1_33' title="bbox 2255 1729 3853 1806">
     <span class='ocr_line' id='line_1_33' title="bbox 2255 1729 3853 1806; baseline 0.004 -24"><span class='ocrx_word' id='word_1_234' title='bbox 2255 1729 2358 1783; x_wconf 80' lang='grc' dir='ltr'><strong>οὐκ</strong></span> <span class='ocrx_word' id='word_1_235' title='bbox 2395 1729 2559 1795; x_wconf 73' lang='grc' dir='ltr'>ὄντας</span> <span class='ocrx_word' id='word_1_236' title='bbox 2598 1731 2904 1799; x_wconf 84' lang='grc' dir='ltr'>γενέσθαι,</span> <span class='ocrx_word' id='word_1_237' title='bbox 2970 1733 3066 1787; x_wconf 73' lang='grc' dir='ltr'>καὶ</span> <span class='ocrx_word' id='word_1_238' title='bbox 3114 1732 3443 1803; x_wconf 81' lang='grc' dir='ltr'>γενομένους</span> <span class='ocrx_word' id='word_1_239' title='bbox 3494 1735 3853 1806; x_wconf 82' lang='grc' dir='ltr'>ἀναλυθῆναι.</span> 
     </span>
    </p>
   </div>
   <div class='ocr_carea' id='block_1_34' title="bbox 558 1827 2153 1900">
    <p class='ocr_par' dir='ltr' id='par_1_34' title="bbox 558 1827 2153 1900">
     <span class='ocr_line' id='line_1_34' title="bbox 558 1827 2153 1900; baseline 0.003 -18"><span class='ocrx_word' id='word_1_240' title='bbox 558 1837 663 1890; x_wconf 88' lang='lat' dir='ltr'><strong>est,</strong></span> <span class='ocrx_word' id='word_1_241' title='bbox 733 1829 879 1885; x_wconf 85' lang='lat' dir='ltr'><strong>sicut</strong></span> <span class='ocrx_word' id='word_1_242' title='bbox 931 1827 1339 1899; x_wconf 88' lang='lat' dir='ltr'><strong>Theologorum</strong></span> <span class='ocrx_word' id='word_1_243' title='bbox 1397 1829 1624 1900; x_wconf 84' lang='lat' dir='ltr'><strong>quidam</strong></span> <span class='ocrx_word' id='word_1_244' title='bbox 1678 1830 1758 1885; x_wconf 89' lang='lat' dir='ltr'><strong>ait</strong></span> <span class='ocrx_word' id='word_1_245' title='bbox 1800 1848 1816 1884; x_wconf 89' lang='lat'><strong>:</strong></span> <span class='ocrx_word' id='word_1_246' title='bbox 1857 1830 2006 1885; x_wconf 86' lang='lat' dir='ltr'><strong>nasci</strong></span> <span class='ocrx_word' id='word_1_247' title='bbox 2057 1845 2153 1887; x_wconf 88' lang='lat' dir='ltr'><strong>eos</strong></span> 
     </span>
    </p>
   </div>
   <div class='ocr_carea' id='block_1_35' title="bbox 560 1919 2150 1992">
    <p class='ocr_par' dir='ltr' id='par_1_35' title="bbox 560 1919 2150 1992">
     <span class='ocr_line' id='line_1_35' title="bbox 560 1919 2150 1992; baseline 0 -17"><span class='ocrx_word' id='word_1_248' title='bbox 560 1922 652 1992; x_wconf 84' lang='lat' dir='ltr'><strong>qui</strong></span> <span class='ocrx_word' id='word_1_249' title='bbox 696 1935 806 1976; x_wconf 91' lang='lat' dir='ltr'><strong>non</strong></span> <span class='ocrx_word' id='word_1_250' title='bbox 858 1929 1008 1987; x_wconf 88' lang='lat' dir='ltr'><strong>sunt,</strong></span> <span class='ocrx_word' id='word_1_251' title='bbox 1040 1930 1095 1976; x_wconf 90' lang='lat' dir='ltr'><strong>et</strong></span> <span class='ocrx_word' id='word_1_252' title='bbox 1133 1931 1290 1977; x_wconf 87' lang='lat' dir='ltr'><strong>natos</strong></span> <span class='ocrx_word' id='word_1_253' title='bbox 1320 1922 1565 1977; x_wconf 87' lang='lat' dir='ltr'><strong>interire.</strong></span> <span class='ocrx_word' id='word_1_254' title='bbox 1618 1919 1753 1975; x_wconf 87' lang='lat' dir='ltr'><strong>Nam</strong></span> <span class='ocrx_word' id='word_1_255' title='bbox 1793 1931 1848 1977; x_wconf 90' lang='lat' dir='ltr'><strong>et</strong></span> <span class='ocrx_word' id='word_1_256' title='bbox 1873 1936 1976 1977; x_wconf 88' lang='lat' dir='ltr'><strong>nos</strong></span> <span class='ocrx_word' id='word_1_257' title='bbox 2007 1921 2150 1976; x_wconf 87' lang='lat' dir='ltr'><strong>viam</strong></span> 
     </span>
    </p>
   </div>
   <div class='ocr_carea' id='block_1_36' title="bbox 560 2013 2152 2085">
    <p class='ocr_par' dir='ltr' id='par_1_36' title="bbox 560 2013 2152 2085">
     <span class='ocr_line' id='line_1_36' title="bbox 560 2013 2152 2085; baseline 0.001 -16"><span class='ocrx_word' id='word_1_258' title='bbox 560 2013 809 2069; x_wconf 85' lang='lat' dir='ltr'><strong>eamdem</strong></span> <span class='ocrx_word' id='word_1_259' title='bbox 839 2014 1233 2085; x_wconf 79' lang='lat' dir='ltr'><strong>ingrediemur,</strong></span> <span class='ocrx_word' id='word_1_260' title='bbox 1261 2029 1429 2084; x_wconf 88' lang='lat' dir='ltr'><strong>quam</strong></span> <span class='ocrx_word' id='word_1_261' title='bbox 1461 2022 1651 2085; x_wconf 83' lang='lat' dir='ltr'><strong>patres</strong></span> <span class='ocrx_word' id='word_1_262' title='bbox 1680 2015 1857 2070; x_wconf 86' lang='lat' dir='ltr'><strong>nostri</strong></span> <span class='ocrx_word' id='word_1_263' title='bbox 1887 2024 2017 2069; x_wconf 89' lang='lat' dir='ltr'><strong>ante</strong></span> <span class='ocrx_word' id='word_1_264' title='bbox 2046 2030 2152 2070; x_wconf 88' lang='lat' dir='ltr'><strong>nos</strong></span> 
     </span>
    </p>
   </div>
   <div class='ocr_carea' id='block_1_37' title="bbox 560 2102 2150 2174">
    <p class='ocr_par' dir='ltr' id='par_1_37' title="bbox 560 2102 2150 2174">
     <span class='ocr_line' id='line_1_37' title="bbox 560 2102 2150 2174; baseline -0.001 -16"><span class='ocrx_word' id='word_1_265' title='bbox 560 2113 858 2160; x_wconf 87' lang='lat' dir='ltr'><strong>tenuerunt</strong></span> <span class='ocrx_word' id='word_1_266' title='bbox 901 2120 916 2157; x_wconf 89' lang='lat'>:</span> <span class='ocrx_word' id='word_1_267' title='bbox 951 2103 1206 2174; x_wconf 89' lang='lat' dir='ltr'><strong>idemque</strong></span> <span class='ocrx_word' id='word_1_268' title='bbox 1230 2118 1423 2158; x_wconf 88' lang='lat' dir='ltr'><strong>omnes</strong></span> <span class='ocrx_word' id='word_1_269' title='bbox 1459 2118 1526 2158; x_wconf 78' lang='lat' dir='ltr'><strong>ex</strong></span> <span class='ocrx_word' id='word_1_270' title='bbox 1553 2117 1715 2172; x_wconf 66' lang='grc' dir='ltr'>ωαυο</span> <span class='ocrx_word' id='word_1_271' title='bbox 1747 2111 2030 2172; x_wconf 83' lang='lat' dir='ltr'><strong>exspectat</strong></span> <span class='ocrx_word' id='word_1_272' title='bbox 2061 2102 2150 2159; x_wconf 91' lang='lat' dir='ltr'><strong>di-</strong></span> 
     </span>
    </p>
   </div>
   <div class='ocr_carea' id='block_1_38' title="bbox 560 2194 2149 2262">
    <p class='ocr_par' dir='ltr' id='par_1_38' title="bbox 560 2194 2149 2262">
     <span class='ocr_line' id='line_1_38' title="bbox 560 2194 2149 2262; baseline 0 -12"><span class='ocrx_word' id='word_1_273' title='bbox 560 2197 911 2262; x_wconf 85' lang='lat' dir='ltr'><strong>versorium;</strong></span> <span class='ocrx_word' id='word_1_274' title='bbox 952 2194 1142 2250; x_wconf 88' lang='lat' dir='ltr'><strong>forsan</strong></span> <span class='ocrx_word' id='word_1_275' title='bbox 1167 2203 1348 2250; x_wconf 86' lang='lat' dir='ltr'><strong>autem</strong></span> <span class='ocrx_word' id='word_1_276' title='bbox 1379 2204 1435 2250; x_wconf 91' lang='lat' dir='ltr'><strong>et</strong></span> <span class='ocrx_word' id='word_1_277' title='bbox 1458 2195 1607 2250; x_wconf 88' lang='lat' dir='ltr'><strong>aliud</strong></span> <span class='ocrx_word' id='word_1_278' title='bbox 1636 2194 1743 2251; x_wconf 89' lang='lat' dir='ltr'><strong>alio</strong></span> <span class='ocrx_word' id='word_1_279' title='bbox 1794 2195 2102 2251; x_wconf 87' lang='lat' dir='ltr'><strong>luctuosius</strong></span> <span class='ocrx_word' id='word_1_280' title='bbox 2133 2210 2149 2261; x_wconf 92' lang='lat'><strong>;</strong></span> 
     </span>
    </p>
   </div>
   <div class='ocr_carea' id='block_1_39' title="bbox 562 2285 2152 2358">
    <p class='ocr_par' dir='ltr' id='par_1_39' title="bbox 562 2285 2152 2358">
     <span class='ocr_line' id='line_1_39' title="bbox 562 2285 2152 2358; baseline -0.003 -14"><span class='ocrx_word' id='word_1_281' title='bbox 562 2289 826 2358; x_wconf 86' lang='lat' dir='ltr'><strong>quoniam</strong></span> <span class='ocrx_word' id='word_1_282' title='bbox 854 2287 942 2343; x_wconf 85' lang='lat' dir='ltr'><strong>hic</strong></span> <span class='ocrx_word' id='word_1_283' title='bbox 981 2286 1034 2340; x_wconf 93' lang='lat' dir='ltr'><strong>in</strong></span> <span class='ocrx_word' id='word_1_284' title='bbox 1062 2301 1192 2355; x_wconf 82' lang='lat' dir='ltr'><strong>pace</strong></span> <span class='ocrx_word' id='word_1_285' title='bbox 1224 2285 1475 2356; x_wconf 86' lang='lat' dir='ltr'><strong>sepultus</strong></span> <span class='ocrx_word' id='word_1_286' title='bbox 1508 2294 1595 2342; x_wconf 88' lang='lat' dir='ltr'><strong>est</strong></span> <span class='ocrx_word' id='word_1_287' title='bbox 1618 2285 1874 2352; x_wconf 84' lang='lat' dir='ltr'><strong>fortasse,</strong></span> <span class='ocrx_word' id='word_1_288' title='bbox 1907 2287 1996 2343; x_wconf 82' lang='lat' dir='ltr'><strong>hic</strong></span> <span class='ocrx_word' id='word_1_289' title='bbox 2020 2303 2152 2342; x_wconf 87' lang='lat' dir='ltr'><strong>vero</strong></span> 
     </span>
    </p>
   </div>
   <div class='ocr_carea' id='block_1_40' title="bbox 563 2378 2154 2447">
    <p class='ocr_par' dir='ltr' id='par_1_40' title="bbox 563 2378 2154 2447">
     <span class='ocr_line' id='line_1_40' title="bbox 563 2378 2154 2447; baseline -0.001 -11"><span class='ocrx_word' id='word_1_290' title='bbox 563 2397 672 2436; x_wconf 92' lang='lat' dir='ltr'><strong>non</strong></span> <span class='ocrx_word' id='word_1_291' title='bbox 708 2381 858 2447; x_wconf 87' lang='lat' dir='ltr'><strong>item,</strong></span> <span class='ocrx_word' id='word_1_292' title='bbox 886 2388 984 2435; x_wconf 86' lang='lat' dir='ltr'><strong>aut</strong></span> <span class='ocrx_word' id='word_1_293' title='bbox 1014 2380 1163 2435; x_wconf 85' lang='lat' dir='ltr'><strong>enim</strong></span> <span class='ocrx_word' id='word_1_294' title='bbox 1194 2378 1323 2434; x_wconf 86' lang='lat' dir='ltr'><strong>belli</strong></span> <span class='ocrx_word' id='word_1_295' title='bbox 1347 2378 1646 2434; x_wconf 86' lang='lat' dir='ltr'><strong>ludibrium</strong></span> <span class='ocrx_word' id='word_1_296' title='bbox 1678 2378 1805 2445; x_wconf 84' lang='lat' dir='ltr'><strong>fuit;</strong></span> <span class='ocrx_word' id='word_1_297' title='bbox 1834 2389 1931 2435; x_wconf 92' lang='lat' dir='ltr'><strong>aut</strong></span> <span class='ocrx_word' id='word_1_298' title='bbox 1982 2382 2154 2436; x_wconf 86' lang='lat' dir='ltr'><strong>maris</strong></span> 
     </span>
    </p>
   </div>
   <div class='ocr_carea' id='block_1_41' title="bbox 559 2472 2150 2544">
    <p class='ocr_par' dir='ltr' id='par_1_41' title="bbox 559 2472 2150 2544">
     <span class='ocr_line' id='line_1_41' title="bbox 559 2472 2150 2544; baseline -0.003 -14"><span class='ocrx_word' id='word_1_299' title='bbox 559 2473 817 2530; x_wconf 79' lang='lat' dir='ltr'><strong>ﬂuetibus</strong></span> <span class='ocrx_word' id='word_1_300' title='bbox 870 2475 1167 2541; x_wconf 85' lang='lat' dir='ltr'><strong>absorptus</strong></span> <span class='ocrx_word' id='word_1_301' title='bbox 1217 2481 1322 2537; x_wconf 89' lang='lat' dir='ltr'><strong>est,</strong></span> <span class='ocrx_word' id='word_1_302' title='bbox 1358 2480 1456 2527; x_wconf 87' lang='lat' dir='ltr'><strong>aut</strong></span> <span class='ocrx_word' id='word_1_303' title='bbox 1506 2472 1619 2527; x_wconf 88' lang='lat' dir='ltr'><strong>alio</strong></span> <span class='ocrx_word' id='word_1_304' title='bbox 1678 2473 1934 2544; x_wconf 86' lang='lat' dir='ltr'><strong>quopiam</strong></span> <span class='ocrx_word' id='word_1_305' title='bbox 1964 2472 2150 2538; x_wconf 89' lang='lat' dir='ltr'><strong>modo,</strong></span> 
     </span>
    </p>
   </div>
   <div class='ocr_carea' id='block_1_42' title="bbox 561 2564 2152 2639">
    <p class='ocr_par' dir='ltr' id='par_1_42' title="bbox 561 2564 2152 2639">
     <span class='ocr_line' id='line_1_42' title="bbox 561 2564 2152 2639; baseline 0.001 -17"><span class='ocrx_word' id='word_1_306' title='bbox 561 2567 757 2639; x_wconf 84' lang='lat' dir='ltr'><strong>quales</strong></span> <span class='ocrx_word' id='word_1_307' title='bbox 782 2566 971 2623; x_wconf 85' lang='lat' dir='ltr'><strong>videre</strong></span> <span class='ocrx_word' id='word_1_308' title='bbox 999 2574 1084 2621; x_wconf 88' lang='lat' dir='ltr'><strong>est</strong></span> <span class='ocrx_word' id='word_1_309' title='bbox 1136 2564 1485 2635; x_wconf 85' lang='lat' dir='ltr'><strong>diversorum</strong></span> <span class='ocrx_word' id='word_1_310' title='bbox 1512 2582 1775 2638; x_wconf 76' lang='lat' dir='ltr'><strong>generum</strong></span> <span class='ocrx_word' id='word_1_311' title='bbox 1806 2566 2152 2623; x_wconf 77' lang='lat' dir='ltr'><strong>miserandas</strong></span> 
     </span>
    </p>
   </div>
   <div class='ocr_carea' id='block_1_43' title="bbox 563 2656 2150 2729">
    <p class='ocr_par' dir='ltr' id='par_1_43' title="bbox 563 2656 2150 2729">
     <span class='ocr_line' id='line_1_43' title="bbox 563 2656 2150 2729; baseline -0.001 -14"><span class='ocrx_word' id='word_1_312' title='bbox 563 2667 775 2715; x_wconf 80' lang='lat' dir='ltr'><strong>mortes</strong></span> <span class='ocrx_word' id='word_1_313' title='bbox 824 2658 1163 2729; x_wconf 85' lang='lat' dir='ltr'><strong>repentinas.</strong></span> <span class='ocrx_word' id='word_1_314' title='bbox 1203 2656 1422 2726; x_wconf 85' lang='lat' dir='ltr'><strong>Quibus</strong></span> <span class='ocrx_word' id='word_1_315' title='bbox 1452 2660 1707 2729; x_wconf 88' lang='lat' dir='ltr'><strong>superior</strong></span> <span class='ocrx_word' id='word_1_316' title='bbox 1749 2660 1964 2715; x_wconf 76' lang='lat' dir='ltr'><strong>exstitit</strong></span> <span class='ocrx_word' id='word_1_317' title='bbox 1992 2660 2150 2715; x_wconf 86' lang='lat' dir='ltr'><strong>beata</strong></span> 
     </span>
    </p>
   </div>
   <div class='ocr_carea' id='block_1_44' title="bbox 563 2748 2148 2820">
    <p class='ocr_par' dir='ltr' id='par_1_44' title="bbox 563 2748 2148 2820">
     <span class='ocr_line' id='line_1_44' title="bbox 563 2748 2148 2820; baseline 0.001 -16"><span class='ocrx_word' id='word_1_318' title='bbox 563 2757 761 2815; x_wconf 85' lang='lat' dir='ltr'><strong>mater,</strong></span> <span class='ocrx_word' id='word_1_319' title='bbox 796 2765 918 2819; x_wconf 81' lang='lat' dir='ltr'><strong>quae</strong></span> <span class='ocrx_word' id='word_1_320' title='bbox 938 2748 992 2803; x_wconf 93' lang='lat' dir='ltr'><strong>in</strong></span> <span class='ocrx_word' id='word_1_321' title='bbox 1025 2749 1336 2814; x_wconf 84' lang='lat' dir='ltr'><strong>sanctitate,</strong></span> <span class='ocrx_word' id='word_1_322' title='bbox 1371 2757 1429 2804; x_wconf 88' lang='lat' dir='ltr'><strong>et</strong></span> <span class='ocrx_word' id='word_1_323' title='bbox 1457 2763 1680 2805; x_wconf 85' lang='lat' dir='ltr'><strong>crucem</strong></span> <span class='ocrx_word' id='word_1_324' title='bbox 1726 2759 1977 2820; x_wconf 79' lang='lat' dir='ltr'><strong>gestante</strong></span> <span class='ocrx_word' id='word_1_325' title='bbox 2012 2751 2148 2815; x_wconf 88' lang='lat' dir='ltr'><strong>vita,</strong></span> 
     </span>
    </p>
   </div>
   <div class='ocr_carea' id='block_1_45' title="bbox 492 2840 2152 2914">
    <p class='ocr_par' dir='ltr' id='par_1_45' title="bbox 492 2840 2152 2914">
     <span class='ocr_line' id='line_1_45' title="bbox 492 2840 2152 2914; baseline 0 -17"><span class='ocrx_word' id='word_1_326' title='bbox 492 2856 505 2863; x_wconf 77' lang='lat'>‘</span> <span class='ocrx_word' id='word_1_327' title='bbox 564 2842 693 2897; x_wconf 82' lang='lat' dir='ltr'><strong>hinc</strong></span> <span class='ocrx_word' id='word_1_328' title='bbox 723 2841 995 2913; x_wconf 82' lang='lat' dir='ltr'><strong>migravit.</strong></span> <span class='ocrx_word' id='word_1_329' title='bbox 1022 2840 1318 2912; x_wconf 82' lang='lat' dir='ltr'><strong>Reliquum</strong></span> <span class='ocrx_word' id='word_1_330' title='bbox 1364 2856 1498 2914; x_wconf 89' lang='lat' dir='ltr'><strong>ergo</strong></span> <span class='ocrx_word' id='word_1_331' title='bbox 1536 2849 1621 2899; x_wconf 84' lang='lat' dir='ltr'><strong>est</strong></span> <span class='ocrx_word' id='word_1_332' title='bbox 1671 2849 1733 2899; x_wconf 88' lang='lat' dir='ltr'><strong>ut</strong></span> <span class='ocrx_word' id='word_1_333' title='bbox 1779 2843 1835 2898; x_wconf 92' lang='lat' dir='ltr'><strong>in</strong></span> <span class='ocrx_word' id='word_1_334' title='bbox 1869 2843 1956 2899; x_wconf 84' lang='lat' dir='ltr'><strong>bis</strong></span> <span class='ocrx_word' id='word_1_335' title='bbox 2007 2843 2152 2898; x_wconf 82' lang='lat' dir='ltr'><strong>cele-</strong></span> 
     </span>
    </p>
   </div>
   <div class='ocr_carea' id='block_1_46' title="bbox 566 2931 2149 3005">
    <p class='ocr_par' dir='ltr' id='par_1_46' title="bbox 566 2931 2149 3005">
     <span class='ocr_line' id='line_1_46' title="bbox 566 2931 2149 3005; baseline 0.003 -20"><span class='ocrx_word' id='word_1_336' title='bbox 566 2932 720 2988; x_wconf 80' lang='lat' dir='ltr'><strong>brem</strong></span> <span class='ocrx_word' id='word_1_337' title='bbox 750 2933 898 2987; x_wconf 78' lang='lat' dir='ltr'><strong>illam</strong></span> <span class='ocrx_word' id='word_1_338' title='bbox 931 2933 1072 2988; x_wconf 88' lang='lat' dir='ltr'><strong>beati</strong></span> <span class='ocrx_word' id='word_1_339' title='bbox 1097 2931 1203 2989; x_wconf 85' lang='lat' dir='ltr'><strong>Job</strong></span> <span class='ocrx_word' id='word_1_340' title='bbox 1226 2948 1418 2993; x_wconf 87' lang='lat' dir='ltr'><strong>vocem</strong></span> <span class='ocrx_word' id='word_1_341' title='bbox 1469 2949 1803 3005; x_wconf 88' lang='lat' dir='ltr'><strong>usurpemus</strong></span> <span class='ocrx_word' id='word_1_342' title='bbox 1837 2952 1853 2990; x_wconf 92' lang='lat'><strong>:</strong></span> <span class='ocrx_word' id='word_1_343' title='bbox 1890 2933 2149 2990; x_wconf 81' lang='lat' dir='ltr'><strong>Dominus</strong></span> 
     </span>
    </p>
   </div>
   <div class='ocr_carea' id='block_1_47' title="bbox 2258 1823 3853 1901">
    <p class='ocr_par' dir='ltr' id='par_1_47' title="bbox 2258 1823 3853 1901">
     <span class='ocr_line' id='line_1_47' title="bbox 2258 1823 3853 1901; baseline 0.004 -25"><span class='ocrx_word' id='word_1_344' title='bbox 2258 1823 2371 1877; x_wconf 81' lang='grc' dir='ltr'><strong>Καὶ</strong></span> <span class='ocrx_word' id='word_1_345' title='bbox 2422 1823 2536 1895; x_wconf 83' lang='grc' dir='ltr'>γὰρ</span> <span class='ocrx_word' id='word_1_346' title='bbox 2588 1823 2690 1895; x_wconf 80' lang='grc' dir='ltr'>τὴν</span> <span class='ocrx_word' id='word_1_347' title='bbox 2741 1826 2915 1896; x_wconf 72' lang='grc' dir='ltr'>αὐτὴν</span> <span class='ocrx_word' id='word_1_348' title='bbox 2948 1826 3068 1879; x_wconf 80' lang='grc' dir='ltr'><strong>ὁδὸν</strong></span> <span class='ocrx_word' id='word_1_349' title='bbox 3116 1827 3211 1880; x_wconf 76' lang='grc' dir='ltr'><strong>καὶ</strong></span> <span class='ocrx_word' id='word_1_350' title='bbox 3241 1829 3403 1897; x_wconf 83' lang='grc' dir='ltr'>ἡμεῖς</span> <span class='ocrx_word' id='word_1_351' title='bbox 3450 1829 3853 1901; x_wconf 72' lang='grc' dir='ltr'>πορευσόμεθα,</span> 
     </span>
    </p>
   </div>
   <div class='ocr_carea' id='block_1_48' title="bbox 2254 1915 3854 1989">
    <p class='ocr_par' dir='ltr' id='par_1_48' title="bbox 2254 1915 3854 1989">
     <span class='ocr_line' id='line_1_48' title="bbox 2254 1915 3854 1989; baseline 0.004 -21"><span class='ocrx_word' id='word_1_352' title='bbox 2254 1915 2437 1986; x_wconf 81' lang='grc' dir='ltr'>ἥνπερ</span> <span class='ocrx_word' id='word_1_353' title='bbox 2461 1916 2510 1970; x_wconf 87' lang='grc' dir='ltr'>οἱ</span> <span class='ocrx_word' id='word_1_354' title='bbox 2548 1917 2795 1987; x_wconf 79' lang='grc' dir='ltr'>Πατέρες</span> <span class='ocrx_word' id='word_1_355' title='bbox 2825 1917 2989 1989; x_wconf 81' lang='grc' dir='ltr'>ήμῶν</span> <span class='ocrx_word' id='word_1_356' title='bbox 3022 1919 3438 1989; x_wconf 81' lang='grc' dir='ltr'>προωδεύκασι·</span> <span class='ocrx_word' id='word_1_357' title='bbox 3473 1923 3572 1974; x_wconf 75' lang='grc' dir='ltr'><strong>καὶ</strong></span> <span class='ocrx_word' id='word_1_358' title='bbox 3624 1922 3688 1974; x_wconf 75' lang='grc' dir='ltr'>τὸ</span> <span class='ocrx_word' id='word_1_359' title='bbox 3721 1923 3854 1976; x_wconf 74' lang='grc' dir='ltr'>αὐτὸ</span> 
     </span>
    </p>
   </div>
   <div class='ocr_carea' id='block_1_49' title="bbox 2255 2008 3852 2083">
    <p class='ocr_par' dir='ltr' id='par_1_49' title="bbox 2255 2008 3852 2083">
     <span class='ocr_line' id='line_1_49' title="bbox 2255 2008 3852 2083; baseline 0.007 -24"><span class='ocrx_word' id='word_1_360' title='bbox 2255 2009 2432 2061; x_wconf 83' lang='grc' dir='ltr'>πᾶσιν</span> <span class='ocrx_word' id='word_1_361' title='bbox 2462 2008 2524 2073; x_wconf 74' lang='grc' dir='ltr'>ἐξ</span> <span class='ocrx_word' id='word_1_362' title='bbox 2558 2008 2677 2062; x_wconf 80' lang='grc' dir='ltr'>ἴσου</span> <span class='ocrx_word' id='word_1_363' title='bbox 2705 2009 2971 2080; x_wconf 80' lang='grc' dir='ltr'>ἀναμένει</span> <span class='ocrx_word' id='word_1_364' title='bbox 3001 2009 3324 2083; x_wconf 75' lang='grc' dir='ltr'>κατάλυμαο</span> <span class='ocrx_word' id='word_1_365' title='bbox 3353 2013 3495 2083; x_wconf 79' lang='grc' dir='ltr'>τάχα</span> <span class='ocrx_word' id='word_1_366' title='bbox 3522 2013 3585 2068; x_wconf 82' lang='grc' dir='ltr'><strong>δὲ</strong></span> <span class='ocrx_word' id='word_1_367' title='bbox 3616 2017 3713 2068; x_wconf 81' lang='grc' dir='ltr'><strong>καὶ</strong></span> <span class='ocrx_word' id='word_1_368' title='bbox 3756 2017 3852 2071; x_wconf 70' lang='grc' dir='ltr'><strong>ἄλο</strong></span> 
     </span>
    </p>
   </div>
   <div class='ocr_carea' id='block_1_50' title="bbox 2256 2100 3852 2181">
    <p class='ocr_par' dir='ltr' id='par_1_50' title="bbox 2256 2100 3852 2181">
     <span class='ocr_line' id='line_1_50' title="bbox 2256 2100 3852 2181; baseline 0.005 -27"><span class='ocrx_word' id='word_1_369' title='bbox 2256 2101 2352 2155; x_wconf 90' lang='grc' dir='ltr'><strong>λου</strong></span> <span class='ocrx_word' id='word_1_370' title='bbox 2425 2100 2557 2156; x_wconf 76' lang='grc' dir='ltr'>ἄλλο</span> <span class='ocrx_word' id='word_1_371' title='bbox 2582 2118 2612 2156; x_wconf 91' lang='grc' dir='ltr'><strong>τ</strong></span> <span class='ocrx_word' id='word_1_372' title='bbox 2622 2102 3075 2175; x_wconf 85' lang='grc' dir='ltr'>ραγῳδικώτερον</span> <span class='ocrx_word' id='word_1_373' title='bbox 3095 2120 3111 2136; x_wconf 85' lang='grc'><strong>·</strong></span> <span class='ocrx_word' id='word_1_374' title='bbox 3150 2105 3231 2158; x_wconf 81' lang='grc' dir='ltr'>ὃτι</span> <span class='ocrx_word' id='word_1_375' title='bbox 3251 2104 3345 2159; x_wconf 79' lang='grc' dir='ltr'><strong>τοῦ</strong></span> <span class='ocrx_word' id='word_1_376' title='bbox 3376 2106 3476 2177; x_wconf 84' lang='grc' dir='ltr'>μὲν</span> <span class='ocrx_word' id='word_1_377' title='bbox 3505 2108 3566 2160; x_wconf 79' lang='grc' dir='ltr'>ἐν</span> <span class='ocrx_word' id='word_1_378' title='bbox 3592 2109 3793 2181; x_wconf 80' lang='grc' dir='ltr'>εἰρήνῃ</span> <span class='ocrx_word' id='word_1_379' title='bbox 3820 2113 3852 2181; x_wconf 70' lang='grc' dir='ltr'>ἡ</span> 
     </span>
    </p>
   </div>
   <div class='ocr_carea' id='block_1_51' title="bbox 2252 2194 3855 2271">
    <p class='ocr_par' dir='ltr' id='par_1_51' title="bbox 2252 2194 3855 2271">
     <span class='ocr_line' id='line_1_51' title="bbox 2252 2194 3855 2271; baseline 0.004 -24"><span class='ocrx_word' id='word_1_380' title='bbox 2252 2194 2401 2266; x_wconf 67' lang='grc' dir='ltr'>ταφὴ</span> <span class='ocrx_word' id='word_1_381' title='bbox 2433 2195 2617 2266; x_wconf 77' lang='grc' dir='ltr'>τυχὸν,</span> <span class='ocrx_word' id='word_1_382' title='bbox 2655 2195 2751 2249; x_wconf 81' lang='grc' dir='ltr'><strong>τοῦ</strong></span> <span class='ocrx_word' id='word_1_383' title='bbox 2782 2195 2841 2248; x_wconf 81' lang='grc' dir='ltr'><strong>δὲ</strong></span> <span class='ocrx_word' id='word_1_384' title='bbox 2870 2196 2970 2266; x_wconf 75' lang='grc' dir='ltr'><strong>οὐχ</strong></span> <span class='ocrx_word' id='word_1_385' title='bbox 2991 2195 3185 2259; x_wconf 77' lang='grc' dir='ltr'>οὕτως.</span> <span class='ocrx_word' id='word_1_386' title='bbox 3222 2198 3291 2251; x_wconf 83' lang='grc' dir='ltr'><strong>Ἦ</strong></span> <span class='ocrx_word' id='word_1_387' title='bbox 3323 2198 3434 2268; x_wconf 79' lang='grc' dir='ltr'><strong>γὰρ</strong></span> <span class='ocrx_word' id='word_1_388' title='bbox 3465 2198 3715 2271; x_wconf 83' lang='grc' dir='ltr'>πολέμου</span> <span class='ocrx_word' id='word_1_389' title='bbox 3751 2220 3855 2255; x_wconf 75' lang='grc' dir='ltr'>πα-</span> 
     </span>
    </p>
   </div>
   <div class='ocr_carea' id='block_1_52' title="bbox 2255 2287 3851 2370">
    <p class='ocr_par' dir='ltr' id='par_1_52' title="bbox 2255 2287 3851 2370">
     <span class='ocr_line' id='line_1_52' title="bbox 2255 2287 3851 2370; baseline 0.006 -28"><span class='ocrx_word' id='word_1_390' title='bbox 2255 2287 2559 2360; x_wconf 84' lang='grc' dir='ltr'>ρανάλωμα</span> <span class='ocrx_word' id='word_1_391' title='bbox 2586 2291 2812 2360; x_wconf 77' lang='grc' dir='ltr'>γέγονεν</span> <span class='ocrx_word' id='word_1_392' title='bbox 2839 2307 2855 2324; x_wconf 79' lang='grc' dir='ltr'><strong>ο</strong></span> <span class='ocrx_word' id='word_1_393' title='bbox 2918 2292 2953 2362; x_wconf 77' lang='grc' dir='ltr'><strong>ἢ</strong></span> <span class='ocrx_word' id='word_1_394' title='bbox 3010 2292 3291 2364; x_wconf 81' lang='grc' dir='ltr'>θαλάσσης</span> <span class='ocrx_word' id='word_1_395' title='bbox 3346 2295 3770 2368; x_wconf 74' lang='grc' dir='ltr'>ὐπορρόφημα·</span> <span class='ocrx_word' id='word_1_396' title='bbox 3818 2301 3851 2370; x_wconf 69' lang='grc' dir='ltr'>ἦ</span> 
     </span>
    </p>
   </div>
   <div class='ocr_carea' id='block_1_53' title="bbox 2257 2383 3853 2454">
    <p class='ocr_par' dir='ltr' id='par_1_53' title="bbox 2257 2383 3853 2454">
     <span class='ocr_line' id='line_1_53' title="bbox 2257 2383 3853 2454; baseline 0.004 -18"><span class='ocrx_word' id='word_1_397' title='bbox 2257 2400 2378 2446; x_wconf 83' lang='grc' dir='ltr'><strong>πως</strong></span> <span class='ocrx_word' id='word_1_398' title='bbox 2422 2383 2622 2450; x_wconf 79' lang='grc' dir='ltr'>ἄλλως,</span> <span class='ocrx_word' id='word_1_399' title='bbox 2668 2384 2745 2445; x_wconf 81' lang='grc' dir='ltr'>ὼς</span> <span class='ocrx_word' id='word_1_400' title='bbox 2794 2385 2991 2454; x_wconf 80' lang='grc' dir='ltr'>ὁρᾶται</span> <span class='ocrx_word' id='word_1_401' title='bbox 3017 2385 3089 2439; x_wconf 80' lang='grc' dir='ltr'>τὰ</span> <span class='ocrx_word' id='word_1_402' title='bbox 3135 2385 3315 2450; x_wconf 69' lang='grc' dir='ltr'>ἄλλοις</span> <span class='ocrx_word' id='word_1_403' title='bbox 3364 2388 3594 2453; x_wconf 81' lang='grc' dir='ltr'>τρόποις</span> <span class='ocrx_word' id='word_1_404' title='bbox 3644 2390 3853 2444; x_wconf 73' lang='grc' dir='ltr'>ἐλεεινά</span> 
     </span>
    </p>
   </div>
   <div class='ocr_carea' id='block_1_54' title="bbox 2252 2468 3849 2551">
    <p class='ocr_par' dir='ltr' id='par_1_54' title="bbox 2252 2468 3849 2551">
     <span class='ocr_line' id='line_1_54' title="bbox 2252 2468 3849 2551; baseline 0.004 -23"><span class='ocrx_word' id='word_1_405' title='bbox 2252 2473 2363 2528; x_wconf 87' lang='grc' dir='ltr'><strong>τῶν</strong></span> <span class='ocrx_word' id='word_1_406' title='bbox 2392 2474 2661 2544; x_wconf 76' lang='grc' dir='ltr'>ἐξαπίνης</span> <span class='ocrx_word' id='word_1_407' title='bbox 2693 2475 2946 2530; x_wconf 82' lang='grc' dir='ltr'>θανάτων</span> <span class='ocrx_word' id='word_1_408' title='bbox 2983 2490 2995 2502; x_wconf 89' lang='grc'><em>’</em></span> <span class='ocrx_word' id='word_1_409' title='bbox 3024 2468 3105 2530; x_wconf 83' lang='grc' dir='ltr'>ὧν</span> <span class='ocrx_word' id='word_1_410' title='bbox 3125 2478 3162 2549; x_wconf 83' lang='grc' dir='ltr'><strong>ἠ</strong></span> <span class='ocrx_word' id='word_1_411' title='bbox 3201 2479 3447 2549; x_wconf 83' lang='grc' dir='ltr'>μακαρία</span> <span class='ocrx_word' id='word_1_412' title='bbox 3484 2481 3673 2551; x_wconf 76' lang='grc' dir='ltr'>μήτηρ</span> <span class='ocrx_word' id='word_1_413' title='bbox 3705 2483 3849 2535; x_wconf 72' lang='grc' dir='ltr'>ἀνω-</span> 
     </span>
    </p>
   </div>
   <div class='ocr_carea' id='block_1_55' title="bbox 2250 2566 3849 2643">
    <p class='ocr_par' dir='ltr' id='par_1_55' title="bbox 2250 2566 3849 2643">
     <span class='ocr_line' id='line_1_55' title="bbox 2250 2566 3849 2643; baseline 0.006 -24"><span class='ocrx_word' id='word_1_414' title='bbox 2250 2566 2408 2639; x_wconf 80' lang='grc' dir='ltr'>τέρα,</span> <span class='ocrx_word' id='word_1_415' title='bbox 2447 2568 2507 2622; x_wconf 79' lang='grc' dir='ltr'>ὲν</span> <span class='ocrx_word' id='word_1_416' title='bbox 2537 2567 2778 2640; x_wconf 79' lang='grc' dir='ltr'>ὁσιότητι</span> <span class='ocrx_word' id='word_1_417' title='bbox 2804 2568 2901 2622; x_wconf 71' lang='grc' dir='ltr'><strong>καὶ</strong></span> <span class='ocrx_word' id='word_1_418' title='bbox 2927 2569 3287 2641; x_wconf 80' lang='grc' dir='ltr'>σταυροφόρῳ</span> <span class='ocrx_word' id='word_1_419' title='bbox 3318 2569 3420 2642; x_wconf 84' lang='grc' dir='ltr'>βίῳ</span> <span class='ocrx_word' id='word_1_420' title='bbox 3448 2573 3720 2643; x_wconf 80' lang='grc' dir='ltr'>ἀπάρασα</span> <span class='ocrx_word' id='word_1_421' title='bbox 3740 2575 3849 2628; x_wconf 81' lang='grc' dir='ltr'><strong>τῶν</strong></span> 
     </span>
    </p>
   </div>
   <div class='ocr_carea' id='block_1_56' title="bbox 2252 2654 3844 2736">
    <p class='ocr_par' dir='ltr' id='par_1_56' title="bbox 2252 2654 3844 2736">
     <span class='ocr_line' id='line_1_56' title="bbox 2252 2654 3844 2736; baseline 0.005 -27"><span class='ocrx_word' id='word_1_422' title='bbox 2252 2656 2486 2712; x_wconf 71' lang='grc' dir='ltr'>ἐνθένδε.</span> <span class='ocrx_word' id='word_1_423' title='bbox 2516 2657 2859 2730; x_wconf 81' lang='grc' dir='ltr'>Λειπόμενον</span> <span class='ocrx_word' id='word_1_424' title='bbox 2883 2654 2978 2713; x_wconf 79' lang='grc' dir='ltr'>οὖν</span> <span class='ocrx_word' id='word_1_425' title='bbox 3010 2658 3159 2713; x_wconf 76' lang='grc' dir='ltr'>ἔστιν</span> <span class='ocrx_word' id='word_1_426' title='bbox 3187 2662 3246 2713; x_wconf 82' lang='grc' dir='ltr'>ὲν</span> <span class='ocrx_word' id='word_1_427' title='bbox 3258 2660 3470 2724; x_wconf 78' lang='grc' dir='ltr'>τούτοις</span> <span class='ocrx_word' id='word_1_428' title='bbox 3486 2664 3667 2716; x_wconf 76' lang='grc' dir='ltr'>εἰπεῖν</span> <span class='ocrx_word' id='word_1_429' title='bbox 3696 2666 3844 2736; x_wconf 72' lang='grc' dir='ltr'>ἡμᾶς</span> 
     </span>
    </p>
   </div>
   <div class='ocr_carea' id='block_1_57' title="bbox 2252 2745 3845 2827">
    <p class='ocr_par' dir='ltr' id='par_1_57' title="bbox 2252 2745 3845 2827">
     <span class='ocr_line' id='line_1_57' title="bbox 2252 2745 3845 2827; baseline 0.006 -27"><span class='ocrx_word' id='word_1_430' title='bbox 2252 2745 2352 2819; x_wconf 78' lang='grc' dir='ltr'>τὴν</span> <span class='ocrx_word' id='word_1_431' title='bbox 2376 2746 2622 2818; x_wconf 84' lang='grc' dir='ltr'>ἀοίδιμον</span> <span class='ocrx_word' id='word_1_432' title='bbox 2658 2747 2876 2819; x_wconf 77' lang='grc' dir='ltr'>ἐκείνην</span> <span class='ocrx_word' id='word_1_433' title='bbox 2940 2746 3037 2801; x_wconf 84' lang='grc' dir='ltr'><strong>τοῦ</strong></span> <span class='ocrx_word' id='word_1_434' title='bbox 3101 2750 3376 2820; x_wconf 82' lang='grc' dir='ltr'>μακαρίου</span> <span class='ocrx_word' id='word_1_435' title='bbox 3445 2750 3570 2806; x_wconf 78' lang='grc' dir='ltr'><strong>ἰὼὸ</strong></span> <span class='ocrx_word' id='word_1_436' title='bbox 3622 2757 3845 2827; x_wconf 78' lang='grc' dir='ltr'>φωνήν·</span> 
     </span>
    </p>
   </div>
   <div class='ocr_carea' id='block_1_58' title="bbox 2267 2837 3850 2912">
    <p class='ocr_par' dir='ltr' id='par_1_58' title="bbox 2267 2837 3850 2912">
     <span class='ocr_line' id='line_1_58' title="bbox 2267 2837 3850 2912; baseline 0.006 -21"><span class='ocrx_word' id='word_1_437' title='bbox 2267 2837 2321 2891; x_wconf 92' lang='lat'><strong>&#39;0</strong></span> <span class='ocrx_word' id='word_1_438' title='bbox 2349 2838 2568 2907; x_wconf 83' lang='grc' dir='ltr'>Κύριος</span> <span class='ocrx_word' id='word_1_439' title='bbox 2608 2837 2857 2902; x_wconf 76' lang='grc' dir='ltr'>ἔδωκεν,</span> <span class='ocrx_word' id='word_1_440' title='bbox 2891 2841 2924 2893; x_wconf 88' lang='grc' dir='ltr'><strong>ό</strong></span> <span class='ocrx_word' id='word_1_441' title='bbox 2980 2838 3199 2907; x_wconf 82' lang='grc' dir='ltr'>Κύριος</span> <span class='ocrx_word' id='word_1_442' title='bbox 3261 2841 3548 2910; x_wconf 70' lang='grc' dir='ltr'>ἀφείλετο</span> <span class='ocrx_word' id='word_1_443' title='bbox 3572 2856 3588 2872; x_wconf 87' lang='grc'><strong>·</strong></span> <span class='ocrx_word' id='word_1_444' title='bbox 3638 2844 3726 2912; x_wconf 81' lang='grc' dir='ltr'>ὡς</span> <span class='ocrx_word' id='word_1_445' title='bbox 3774 2845 3850 2910; x_wconf 74' lang='grc' dir='ltr'>τῷ</span> 
     </span>
    </p>
   </div>
   <div class='ocr_carea' id='block_1_59' title="bbox 2254 2928 3849 3008">
    <p class='ocr_par' dir='ltr' id='par_1_59' title="bbox 2254 2928 3849 3008">
     <span class='ocr_line' id='line_1_59' title="bbox 2254 2928 3849 3008; baseline 0.004 -25"><span class='ocrx_word' id='word_1_446' title='bbox 2254 2930 2450 2997; x_wconf 73' lang='grc' dir='ltr'>Κυρίῳ</span> <span class='ocrx_word' id='word_1_447' title='bbox 2503 2928 2751 2995; x_wconf 76' lang='grc' dir='ltr'>ἔδωκεν,</span> <span class='ocrx_word' id='word_1_448' title='bbox 2776 2930 2968 2998; x_wconf 83' lang='grc' dir='ltr'>οὕτως</span> <span class='ocrx_word' id='word_1_449' title='bbox 2998 2931 3097 2985; x_wconf 78' lang='grc' dir='ltr'>καί</span> <span class='ocrx_word' id='word_1_450' title='bbox 3135 2931 3397 3001; x_wconf 72' lang='grc' dir='ltr'>ἐγένετο.</span> <span class='ocrx_word' id='word_1_451' title='bbox 3443 2935 3758 3008; x_wconf 84' lang='grc' dir='ltr'>Προσθείην</span> <span class='ocrx_word' id='word_1_452' title='bbox 3806 2937 3849 2990; x_wconf 86' lang='grc' dir='ltr'><strong>δ’</strong></span> 
     </span>
    </p>
   </div>
   <div class='ocr_carea' id='block_1_60' title="bbox 540 3013 2150 3104">
    <p class='ocr_par' dir='ltr' id='par_1_60' title="bbox 540 3024 2150 3104">
     <span class='ocr_line' id='line_1_60' title="bbox 540 3024 2150 3104; baseline 0.004 -27"><span class='ocrx_word' id='word_1_453' title='bbox 540 3026 731 3091; x_wconf 83' lang='lat' dir='ltr'><strong>.dedit,</strong></span> <span class='ocrx_word' id='word_1_454' title='bbox 785 3024 1045 3104; x_wconf 59' lang='lat' dir='ltr'><strong>Dominus</strong></span> <span class='ocrx_word' id='word_1_455' title='bbox 1075 3025 1296 3080; x_wconf 77' lang='lat' dir='ltr'><strong>abstulit</strong></span> <span class='ocrx_word' id='word_1_456' title='bbox 1326 3041 1345 3079; x_wconf 91' lang='lat'><strong><em>:</em></strong></span> <span class='ocrx_word' id='word_1_457' title='bbox 1379 3028 1522 3082; x_wconf 80' lang='lat' dir='ltr'><strong>sicut</strong></span> <span class='ocrx_word' id='word_1_458' title='bbox 1570 3025 1799 3082; x_wconf 83' lang='lat' dir='ltr'><strong>Domino</strong></span> <span class='ocrx_word' id='word_1_459' title='bbox 1824 3027 2050 3097; x_wconf 79' lang='lat' dir='ltr'><strong>placuit,</strong></span> <span class='ocrx_word' id='word_1_460' title='bbox 2072 3032 2150 3083; x_wconf 86' lang='lat' dir='ltr'><strong>ita</strong></span> 
     </span>
    </p>
   </div>
   <div class='ocr_carea' id='block_1_61' title="bbox 2254 3013 3846 3104">
    <p class='ocr_par' dir='ltr' id='par_1_61' title="bbox 2255 3013 3846 3093">
     <span class='ocr_line' id='line_1_61' title="bbox 2255 3013 3846 3093; baseline 0.009 -27"><span class='ocrx_word' id='word_1_461' title='bbox 2255 3013 2323 3067; x_wconf 86' lang='grc' dir='ltr'>ἂν</span> <span class='ocrx_word' id='word_1_462' title='bbox 2348 3013 2653 3068; x_wconf 80' lang='grc' dir='ltr'>λυσιτελεῖν</span> <span class='ocrx_word' id='word_1_463' title='bbox 2683 3017 2833 3087; x_wconf 77' lang='grc' dir='ltr'>ἡμᾶς</span> <span class='ocrx_word' id='word_1_464' title='bbox 2872 3016 2972 3086; x_wconf 84' lang='grc' dir='ltr'>τὴν</span> <span class='ocrx_word' id='word_1_465' title='bbox 3010 3019 3195 3090; x_wconf 82' lang='grc' dir='ltr'>φωνὴν</span> <span class='ocrx_word' id='word_1_466' title='bbox 3236 3020 3465 3093; x_wconf 85' lang='grc' dir='ltr'>ταύτην,</span> <span class='ocrx_word' id='word_1_467' title='bbox 3505 3025 3606 3078; x_wconf 83' lang='grc' dir='ltr'><strong>καὶ</strong></span> <span class='ocrx_word' id='word_1_468' title='bbox 3660 3027 3724 3079; x_wconf 79' lang='grc' dir='ltr'>ὲν</span> <span class='ocrx_word' id='word_1_469' title='bbox 3770 3020 3846 3087; x_wconf 73' lang='grc' dir='ltr'><strong>οἷς</strong></span> 
     </span>
    </p>
   </div>
   <div class='ocr_carea' id='block_1_62' title="bbox 564 3118 2156 3189">
    <p class='ocr_par' dir='ltr' id='par_1_62' title="bbox 564 3118 2156 3189">
     <span class='ocr_line' id='line_1_62' title="bbox 564 3118 2156 3189; baseline 0.003 -14"><span class='ocrx_word' id='word_1_470' title='bbox 564 3120 768 3189; x_wconf 75' lang='lat' dir='ltr'><strong>factum</strong></span> <span class='ocrx_word' id='word_1_471' title='bbox 794 3129 871 3174; x_wconf 77' lang='lat' dir='ltr'><strong>est</strong></span> <span class='ocrx_word' id='word_1_472' title='bbox 903 3119 970 3176; x_wconf 59' lang='grc' dir='ltr'><strong>δι.</strong></span> <span class='ocrx_word' id='word_1_473' title='bbox 1004 3118 1238 3182; x_wconf 85' lang='lat' dir='ltr'><strong>Addam,</strong></span> <span class='ocrx_word' id='word_1_474' title='bbox 1274 3120 1461 3176; x_wconf 88' lang='lat' dir='ltr'><strong>utilem</strong></span> <span class='ocrx_word' id='word_1_475' title='bbox 1500 3121 1660 3177; x_wconf 89' lang='lat' dir='ltr'><strong>nobis</strong></span> <span class='ocrx_word' id='word_1_476' title='bbox 1690 3120 1807 3178; x_wconf 90' lang='lat' dir='ltr'><strong>fore</strong></span> <span class='ocrx_word' id='word_1_477' title='bbox 1866 3122 2006 3178; x_wconf 84' lang='lat' dir='ltr'><strong>hanc</strong></span> <span class='ocrx_word' id='word_1_478' title='bbox 2058 3138 2156 3180; x_wconf 92' lang='lat' dir='ltr'><strong>vo-</strong></span> 
     </span>
    </p>
   </div>
   <div class='ocr_carea' id='block_1_63' title="bbox 514 3192 2156 3283">
    <p class='ocr_par' dir='ltr' id='par_1_63' title="bbox 514 3192 2156 3283">
     <span class='ocr_line' id='line_1_63' title="bbox 514 3192 2156 3283; baseline 0.002 -14"><span class='ocrx_word' id='word_1_479' title='bbox 514 3192 539 3209; x_wconf 55' lang='grc'><strong><em>⁸</em></strong></span> <span class='ocrx_word' id='word_1_480' title='bbox 562 3228 684 3269; x_wconf 85' lang='lat' dir='ltr'><strong>cem</strong></span> <span class='ocrx_word' id='word_1_481' title='bbox 725 3213 779 3267; x_wconf 90' lang='lat' dir='ltr'><strong>in</strong></span> <span class='ocrx_word' id='word_1_482' title='bbox 810 3212 1018 3283; x_wconf 87' lang='lat' dir='ltr'><strong>quibus</strong></span> <span class='ocrx_word' id='word_1_483' title='bbox 1051 3212 1437 3269; x_wconf 81' lang='lat' dir='ltr'><strong>conflictamur</strong></span> <span class='ocrx_word' id='word_1_484' title='bbox 1511 3228 1694 3268; x_wconf 87' lang='lat' dir='ltr'><strong>rerum</strong></span> <span class='ocrx_word' id='word_1_485' title='bbox 1743 3214 2156 3272; x_wconf 82' lang='lat' dir='ltr'><strong>difficultatibus</strong></span> 
     </span>
    </p>
   </div>
   <div class='ocr_carea' id='block_1_64' title="bbox 563 3305 2154 3376">
    <p class='ocr_par' dir='ltr' id='par_1_64' title="bbox 563 3305 2154 3376">
     <span class='ocr_line' id='line_1_64' title="bbox 563 3305 2154 3376; baseline 0.004 -18"><span class='ocrx_word' id='word_1_486' title='bbox 563 3314 621 3360; x_wconf 79' lang='lat' dir='ltr'><strong>et</strong></span> <span class='ocrx_word' id='word_1_487' title='bbox 674 3305 941 3375; x_wconf 84' lang='lat' dir='ltr'><strong>angustiis</strong></span> <span class='ocrx_word' id='word_1_488' title='bbox 1000 3305 1443 3375; x_wconf 77' lang='lat' dir='ltr'><strong>quandoquidem</strong></span> <span class='ocrx_word' id='word_1_489' title='bbox 1481 3306 1778 3376; x_wconf 85' lang='lat' dir='ltr'><strong>praeclarus</strong></span> <span class='ocrx_word' id='word_1_490' title='bbox 1810 3307 1904 3363; x_wconf 87' lang='lat' dir='ltr'><strong>ille</strong></span> <span class='ocrx_word' id='word_1_491' title='bbox 1941 3309 2045 3375; x_wconf 90' lang='lat' dir='ltr'><strong>vir,</strong></span> <span class='ocrx_word' id='word_1_492' title='bbox 2091 3316 2154 3365; x_wconf 88' lang='lat' dir='ltr'><strong>ut</strong></span> 
     </span>
    </p>
   </div>
   <div class='ocr_carea' id='block_1_65' title="bbox 565 3398 2156 3471">
    <p class='ocr_par' dir='ltr' id='par_1_65' title="bbox 565 3398 2156 3471">
     <span class='ocr_line' id='line_1_65' title="bbox 565 3398 2156 3471; baseline 0.003 -18"><span class='ocrx_word' id='word_1_493' title='bbox 565 3398 735 3459; x_wconf 77' lang='lat' dir='ltr'><strong>nosti,</strong></span> <span class='ocrx_word' id='word_1_494' title='bbox 765 3399 909 3452; x_wconf 83' lang='lat' dir='ltr'><strong>inter</strong></span> <span class='ocrx_word' id='word_1_495' title='bbox 954 3398 1278 3457; x_wconf 88' lang='lat' dir='ltr'><strong>innumeras</strong></span> <span class='ocrx_word' id='word_1_496' title='bbox 1321 3414 1617 3465; x_wconf 70' lang='lat' dir='ltr'><strong>aerumnas,</strong></span> <span class='ocrx_word' id='word_1_497' title='bbox 1645 3401 1945 3471; x_wconf 83' lang='lat' dir='ltr'><strong>gratiarum</strong></span> <span class='ocrx_word' id='word_1_498' title='bbox 1980 3402 2156 3457; x_wconf 88' lang='lat' dir='ltr'><strong>actio-</strong></span> 
     </span>
    </p>
   </div>
   <div class='ocr_carea' id='block_1_66' title="bbox 566 3486 2150 3561">
    <p class='ocr_par' dir='ltr' id='par_1_66' title="bbox 566 3486 2150 3561">
     <span class='ocr_line' id='line_1_66' title="bbox 566 3486 2150 3561; baseline 0.003 -19"><span class='ocrx_word' id='word_1_499' title='bbox 566 3504 665 3544; x_wconf 79' lang='lat' dir='ltr'><strong>nes</strong></span> <span class='ocrx_word' id='word_1_500' title='bbox 696 3486 808 3543; x_wconf 84' lang='lat' dir='ltr'><strong>Deo</strong></span> <span class='ocrx_word' id='word_1_501' title='bbox 847 3488 1104 3544; x_wconf 87' lang='lat' dir='ltr'><strong>reddebat</strong></span> <span class='ocrx_word' id='word_1_502' title='bbox 1137 3508 1152 3545; x_wconf 91' lang='lat'><strong>:</strong></span> <span class='ocrx_word' id='word_1_503' title='bbox 1195 3508 1262 3544; x_wconf 89' lang='lat' dir='ltr'><strong>ne</strong></span> <span class='ocrx_word' id='word_1_504' title='bbox 1296 3490 1461 3561; x_wconf 79' lang='lat' dir='ltr'><strong>igitur</strong></span> <span class='ocrx_word' id='word_1_505' title='bbox 1490 3489 1737 3544; x_wconf 88' lang='lat' dir='ltr'><strong>animum</strong></span> <span class='ocrx_word' id='word_1_506' title='bbox 1785 3491 2150 3555; x_wconf 85' lang='lat' dir='ltr'><strong>remittamus,</strong></span> 
     </span>
    </p>
   </div>
   <div class='ocr_carea' id='block_1_67' title="bbox 566 3583 2155 3650">
    <p class='ocr_par' dir='ltr' id='par_1_67' title="bbox 566 3583 2155 3650">
     <span class='ocr_line' id='line_1_67' title="bbox 566 3583 2155 3650; baseline 0.003 -11"><span class='ocrx_word' id='word_1_507' title='bbox 566 3583 927 3650; x_wconf 82' lang='lat' dir='ltr'><strong>amicissime,</strong></span> <span class='ocrx_word' id='word_1_508' title='bbox 981 3601 1084 3641; x_wconf 89' lang='lat' dir='ltr'><strong>nec</strong></span> <span class='ocrx_word' id='word_1_509' title='bbox 1117 3586 1244 3640; x_wconf 67' lang='lat' dir='ltr'><strong>vitae</strong></span> <span class='ocrx_word' id='word_1_510' title='bbox 1299 3586 1462 3642; x_wconf 67' lang='lat' dir='ltr'><strong>taedio</strong></span> <span class='ocrx_word' id='word_1_511' title='bbox 1527 3585 1831 3641; x_wconf 84' lang='lat' dir='ltr'><strong>alliciamur</strong></span> <span class='ocrx_word' id='word_1_512' title='bbox 1861 3604 1878 3642; x_wconf 91' lang='lat'><strong>:</strong></span> <span class='ocrx_word' id='word_1_513' title='bbox 1914 3587 2155 3643; x_wconf 83' lang='lat' dir='ltr'><strong>scientes</strong></span> 
     </span>
    </p>
   </div>
   <div class='ocr_carea' id='block_1_68' title="bbox 568 3676 2156 3750">
    <p class='ocr_par' dir='ltr' id='par_1_68' title="bbox 568 3676 2156 3750">
     <span class='ocr_line' id='line_1_68' title="bbox 568 3676 2156 3750; baseline 0.002 -20"><span class='ocrx_word' id='word_1_514' title='bbox 568 3692 682 3731; x_wconf 87' lang='lat' dir='ltr'><strong>non</strong></span> <span class='ocrx_word' id='word_1_515' title='bbox 734 3677 1129 3746; x_wconf 84' lang='lat' dir='ltr'><strong>permissurum</strong></span> <span class='ocrx_word' id='word_1_516' title='bbox 1187 3676 1503 3744; x_wconf 85' lang='lat' dir='ltr'><strong>Dominum,</strong></span> <span class='ocrx_word' id='word_1_517' title='bbox 1558 3686 1620 3732; x_wconf 89' lang='lat' dir='ltr'><strong>ut</strong></span> <span class='ocrx_word' id='word_1_518' title='bbox 1660 3684 1939 3733; x_wconf 80' lang='lat' dir='ltr'><strong>tentemur</strong></span> <span class='ocrx_word' id='word_1_519' title='bbox 1987 3693 2156 3750; x_wconf 82' lang='lat' dir='ltr'><strong>supra</strong></span> 
     </span>
    </p>
   </div>
   <div class='ocr_carea' id='block_1_69' title="bbox 566 3767 2156 3841">
    <p class='ocr_par' dir='ltr' id='par_1_69' title="bbox 566 3767 2156 3841">
     <span class='ocr_line' id='line_1_69' title="bbox 566 3767 2156 3841; baseline 0.003 -19"><span class='ocrx_word' id='word_1_520' title='bbox 566 3784 733 3838; x_wconf 86' lang='lat' dir='ltr'><strong>quam</strong></span> <span class='ocrx_word' id='word_1_521' title='bbox 764 3784 1065 3840; x_wconf 85' lang='lat' dir='ltr'><strong>possumus</strong></span> <span class='ocrx_word' id='word_1_522' title='bbox 1130 3770 1406 3825; x_wconf 89' lang='lat' dir='ltr'><strong>sustinere</strong></span> <span class='ocrx_word' id='word_1_523' title='bbox 1425 3769 1494 3826; x_wconf 81' lang='grc'><strong>⁸⁸.</strong></span> <span class='ocrx_word' id='word_1_524' title='bbox 1551 3767 1688 3836; x_wconf 80' lang='lat' dir='ltr'><strong>Quis</strong></span> <span class='ocrx_word' id='word_1_525' title='bbox 1712 3770 1816 3825; x_wconf 91' lang='lat' dir='ltr'><strong>scit</strong></span> <span class='ocrx_word' id='word_1_526' title='bbox 1838 3771 1970 3840; x_wconf 89' lang='lat' dir='ltr'><strong>quid</strong></span> <span class='ocrx_word' id='word_1_527' title='bbox 2002 3771 2156 3841; x_wconf 88' lang='lat' dir='ltr'><strong>pari-</strong></span> 
     </span>
    </p>
   </div>
   <div class='ocr_carea' id='block_1_70' title="bbox 565 3861 2156 3930">
    <p class='ocr_par' dir='ltr' id='par_1_70' title="bbox 565 3861 2156 3930">
     <span class='ocr_line' id='line_1_70' title="bbox 565 3861 2156 3930; baseline 0.002 -15"><span class='ocrx_word' id='word_1_528' title='bbox 565 3871 690 3918; x_wconf 85' lang='lat' dir='ltr'><strong>tura</strong></span> <span class='ocrx_word' id='word_1_529' title='bbox 718 3862 791 3918; x_wconf 86' lang='lat' dir='ltr'><strong>sit</strong></span> <span class='ocrx_word' id='word_1_530' title='bbox 810 3863 1053 3919; x_wconf 85' lang='lat' dir='ltr'><strong>crastiua</strong></span> <span class='ocrx_word' id='word_1_531' title='bbox 1074 3862 1193 3919; x_wconf 91' lang='lat' dir='ltr'><strong>dies</strong></span> <span class='ocrx_word' id='word_1_532' title='bbox 1213 3862 1298 3917; x_wconf 79' lang='lat'><strong>&quot;?</strong></span> <span class='ocrx_word' id='word_1_533' title='bbox 1324 3862 1391 3917; x_wconf 89' lang='lat' dir='ltr'><strong>Et</strong></span> <span class='ocrx_word' id='word_1_534' title='bbox 1416 3879 1431 3918; x_wconf 92' lang='lat'><strong>:</strong></span> <span class='ocrx_word' id='word_1_535' title='bbox 1456 3862 1590 3930; x_wconf 81' lang='lat' dir='ltr'><strong>Quis</strong></span> <span class='ocrx_word' id='word_1_536' title='bbox 1617 3863 1957 3918; x_wconf 77' lang='lat' dir='ltr'><strong>annuutialu&#39;t</strong></span> <span class='ocrx_word' id='word_1_537' title='bbox 1984 3861 2156 3918; x_wconf 81' lang='lat' dir='ltr'><strong>Abra-</strong></span> 
     </span>
    </p>
   </div>
   <div class='ocr_carea' id='block_1_71' title="bbox 566 3954 2150 4028">
    <p class='ocr_par' dir='ltr' id='par_1_71' title="bbox 566 3954 2150 4028">
     <span class='ocr_line' id='line_1_71' title="bbox 566 3954 2150 4028; baseline 0.001 -18"><span class='ocrx_word' id='word_1_538' title='bbox 566 3954 714 4021; x_wconf 84' lang='lat' dir='ltr'><strong>ham,</strong></span> <span class='ocrx_word' id='word_1_539' title='bbox 752 3955 885 4028; x_wconf 82' lang='lat' dir='ltr'><strong>quia</strong></span> <span class='ocrx_word' id='word_1_540' title='bbox 919 3955 1088 4010; x_wconf 80' lang='lat' dir='ltr'><strong>lactat</strong></span> <span class='ocrx_word' id='word_1_541' title='bbox 1126 3954 1296 4012; x_wconf 87' lang='lat' dir='ltr'><strong>Sarra</strong></span> <span class='ocrx_word' id='word_1_542' title='bbox 1324 3956 1370 3989; x_wconf 84' lang='grc'>⁸⁷</span> <span class='ocrx_word' id='word_1_543' title='bbox 1396 3956 1419 4011; x_wconf 74' lang='grc' dir='ltr'><strong>ῖ</strong></span> <span class='ocrx_word' id='word_1_544' title='bbox 1459 3954 1808 4027; x_wconf 81' lang='lat' dir='ltr'><strong>Symbolicus</strong></span> <span class='ocrx_word' id='word_1_545' title='bbox 1837 3965 1923 4012; x_wconf 87' lang='lat' dir='ltr'><strong>est</strong></span> <span class='ocrx_word' id='word_1_546' title='bbox 1948 3970 2150 4013; x_wconf 87' lang='lat' dir='ltr'><strong>sermo.</strong></span> 
     </span>
    </p>
   </div>
   <div class='ocr_carea' id='block_1_72' title="bbox 565 4046 2152 4119">
    <p class='ocr_par' dir='ltr' id='par_1_72' title="bbox 565 4046 2152 4119">
     <span class='ocr_line' id='line_1_72' title="bbox 565 4046 2152 4119; baseline 0 -15"><span class='ocrx_word' id='word_1_547' title='bbox 565 4049 805 4105; x_wconf 79' lang='lat' dir='ltr'><strong>Oramus</strong></span> <span class='ocrx_word' id='word_1_548' title='bbox 826 4048 1011 4119; x_wconf 88' lang='lat' dir='ltr'><strong>itaque</strong></span> <span class='ocrx_word' id='word_1_549' title='bbox 1041 4046 1331 4103; x_wconf 86' lang='lat' dir='ltr'><strong>Dominum</strong></span> <span class='ocrx_word' id='word_1_550' title='bbox 1368 4047 1546 4118; x_wconf 88' lang='lat' dir='ltr'><strong>ipsum</strong></span> <span class='ocrx_word' id='word_1_551' title='bbox 1568 4047 1778 4119; x_wconf 62' lang='lat' dir='ltr'><strong>gloria,</strong></span> <span class='ocrx_word' id='word_1_552' title='bbox 1798 4059 1861 4102; x_wconf 92' lang='lat' dir='ltr'><strong>ut</strong></span> <span class='ocrx_word' id='word_1_553' title='bbox 1880 4063 1977 4104; x_wconf 87' lang='lat' dir='ltr'><strong>cor</strong></span> <span class='ocrx_word' id='word_1_554' title='bbox 1997 4057 2152 4104; x_wconf 89' lang='lat' dir='ltr'><strong>tuum</strong></span> 
     </span>
    </p>
   </div>
   <div class='ocr_carea' id='block_1_73' title="bbox 565 4139 2155 4212">
    <p class='ocr_par' dir='ltr' id='par_1_73' title="bbox 565 4139 2155 4212">
     <span class='ocr_line' id='line_1_73' title="bbox 565 4139 2155 4212; baseline 0.001 -17"><span class='ocrx_word' id='word_1_555' title='bbox 565 4151 820 4212; x_wconf 86' lang='lat' dir='ltr'><strong>tangens,</strong></span> <span class='ocrx_word' id='word_1_556' title='bbox 857 4139 1042 4195; x_wconf 88' lang='lat' dir='ltr'><strong>lumen</strong></span> <span class='ocrx_word' id='word_1_557' title='bbox 1089 4141 1143 4193; x_wconf 87' lang='lat' dir='ltr'><strong>in</strong></span> <span class='ocrx_word' id='word_1_558' title='bbox 1188 4154 1255 4195; x_wconf 91' lang='lat' dir='ltr'><strong>eo</strong></span> <span class='ocrx_word' id='word_1_559' title='bbox 1282 4140 1549 4209; x_wconf 88' lang='lat' dir='ltr'><strong>producat</strong></span> <span class='ocrx_word' id='word_1_560' title='bbox 1587 4139 1983 4197; x_wconf 81' lang='lat' dir='ltr'><strong>consolationis</strong></span> <span class='ocrx_word' id='word_1_561' title='bbox 2016 4156 2155 4197; x_wconf 88' lang='lat' dir='ltr'><strong>nun-</strong></span> 
     </span>
    </p>
   </div>
   <div class='ocr_carea' id='block_1_74' title="bbox 563 4231 2152 4304">
    <p class='ocr_par' dir='ltr' id='par_1_74' title="bbox 563 4231 2152 4304">
     <span class='ocr_line' id='line_1_74' title="bbox 563 4231 2152 4304; baseline 0.003 -17"><span class='ocrx_word' id='word_1_562' title='bbox 563 4247 731 4303; x_wconf 87' lang='lat' dir='ltr'><strong>quam</strong></span> <span class='ocrx_word' id='word_1_563' title='bbox 758 4231 1063 4288; x_wconf 84' lang='lat' dir='ltr'><strong>deficientis</strong></span> <span class='ocrx_word' id='word_1_564' title='bbox 1094 4248 1108 4287; x_wconf 88' lang='lat'>:</span> <span class='ocrx_word' id='word_1_565' title='bbox 1149 4241 1211 4286; x_wconf 91' lang='lat' dir='ltr'><strong>ut</strong></span> <span class='ocrx_word' id='word_1_566' title='bbox 1236 4232 1290 4286; x_wconf 91' lang='lat' dir='ltr'><strong>in</strong></span> <span class='ocrx_word' id='word_1_567' title='bbox 1322 4232 1499 4302; x_wconf 84' lang='lat' dir='ltr'><strong>teipso</strong></span> <span class='ocrx_word' id='word_1_568' title='bbox 1551 4232 1762 4289; x_wconf 86' lang='lat' dir='ltr'><strong>habens</strong></span> <span class='ocrx_word' id='word_1_569' title='bbox 1792 4249 1902 4304; x_wconf 92' lang='lat' dir='ltr'><strong>quo</strong></span> <span class='ocrx_word' id='word_1_570' title='bbox 1933 4243 1986 4291; x_wconf 88' lang='lat' dir='ltr'><strong>te</strong></span> <span class='ocrx_word' id='word_1_571' title='bbox 2018 4249 2152 4290; x_wconf 91' lang='lat' dir='ltr'><strong>con-</strong></span> 
     </span>
    </p>
   </div>
   <div class='ocr_carea' id='block_1_75' title="bbox 565 4325 2151 4399">
    <p class='ocr_par' dir='ltr' id='par_1_75' title="bbox 565 4325 2151 4399">
     <span class='ocr_line' id='line_1_75' title="bbox 565 4325 2151 4399; baseline 0.003 -17"><span class='ocrx_word' id='word_1_572' title='bbox 565 4326 781 4391; x_wconf 83' lang='lat' dir='ltr'><strong>soleris,</strong></span> <span class='ocrx_word' id='word_1_573' title='bbox 834 4326 1061 4382; x_wconf 86' lang='lat' dir='ltr'><strong>alterius</strong></span> <span class='ocrx_word' id='word_1_574' title='bbox 1125 4340 1261 4382; x_wconf 84' lang='lat' dir='ltr'><strong>voce</strong></span> <span class='ocrx_word' id='word_1_575' title='bbox 1313 4341 1422 4381; x_wconf 89' lang='lat' dir='ltr'><strong>non</strong></span> <span class='ocrx_word' id='word_1_576' title='bbox 1463 4340 1649 4397; x_wconf 87' lang='lat' dir='ltr'><strong>egeas.</strong></span> <span class='ocrx_word' id='word_1_577' title='bbox 1690 4325 1941 4385; x_wconf 74' lang='lat' dir='ltr'><strong>Vidimus</strong></span> <span class='ocrx_word' id='word_1_578' title='bbox 1988 4344 2151 4399; x_wconf 90' lang='lat' dir='ltr'><strong>porro</strong></span> 
     </span>
    </p>
   </div>
   <div class='ocr_carea' id='block_1_76' title="bbox 2256 3104 3847 3182">
    <p class='ocr_par' dir='ltr' id='par_1_76' title="bbox 2256 3104 3847 3182">
     <span class='ocr_line' id='line_1_76' title="bbox 2256 3104 3847 3182; baseline 0.007 -21"><span class='ocrx_word' id='word_1_579' title='bbox 2256 3105 2425 3176; x_wconf 72' lang='grc' dir='ltr'>ἐσμὲν</span> <span class='ocrx_word' id='word_1_580' title='bbox 2451 3104 2754 3171; x_wconf 82' lang='grc' dir='ltr'>θλιπτικῶς</span> <span class='ocrx_word' id='word_1_581' title='bbox 2784 3109 2880 3162; x_wconf 77' lang='grc' dir='ltr'><strong>καὶ</strong></span> <span class='ocrx_word' id='word_1_582' title='bbox 2902 3108 3341 3182; x_wconf 79' lang='grc' dir='ltr'>ἐξαπορητικῶς.</span> <span class='ocrx_word' id='word_1_583' title='bbox 3391 3114 3549 3169; x_wconf 76' lang='grc' dir='ltr'>Ἐπεὶ</span> <span class='ocrx_word' id='word_1_584' title='bbox 3592 3120 3847 3181; x_wconf 77' lang='grc' dir='ltr'>κάκεῖνος</span> 
     </span>
    </p>
   </div>
   <div class='ocr_carea' id='block_1_77' title="bbox 2254 3196 3843 3276">
    <p class='ocr_par' dir='ltr' id='par_1_77' title="bbox 2254 3196 3843 3276">
     <span class='ocr_line' id='line_1_77' title="bbox 2254 3196 3843 3276; baseline 0.008 -24"><span class='ocrx_word' id='word_1_585' title='bbox 2254 3199 2284 3252; x_wconf 85' lang='grc' dir='ltr'><strong>ό</strong></span> <span class='ocrx_word' id='word_1_586' title='bbox 2329 3198 2597 3271; x_wconf 81' lang='grc' dir='ltr'>ἀοίδιμος,</span> <span class='ocrx_word' id='word_1_587' title='bbox 2627 3199 2703 3264; x_wconf 85' lang='grc' dir='ltr'>ὼς</span> <span class='ocrx_word' id='word_1_588' title='bbox 2727 3196 2910 3269; x_wconf 74' lang='grc' dir='ltr'>οἶσθα,</span> <span class='ocrx_word' id='word_1_589' title='bbox 2937 3203 3032 3256; x_wconf 76' lang='grc' dir='ltr'><strong>ὲπὶ</strong></span> <span class='ocrx_word' id='word_1_590' title='bbox 3063 3204 3288 3276; x_wconf 85' lang='grc' dir='ltr'>μυρίοις</span> <span class='ocrx_word' id='word_1_591' title='bbox 3320 3206 3597 3274; x_wconf 82' lang='grc' dir='ltr'>ἀλγεινοῖς</span> <span class='ocrx_word' id='word_1_592' title='bbox 3632 3212 3704 3264; x_wconf 75' lang='grc' dir='ltr'>τὰ</span> <span class='ocrx_word' id='word_1_593' title='bbox 3759 3213 3843 3264; x_wconf 82' lang='grc' dir='ltr'><strong>εὐ-</strong></span> 
     </span>
    </p>
   </div>
   <div class='ocr_carea' id='block_1_78' title="bbox 2254 3288 3843 3374">
    <p class='ocr_par' dir='ltr' id='par_1_78' title="bbox 2254 3288 3843 3374">
     <span class='ocr_line' id='line_1_78' title="bbox 2254 3288 3843 3374; baseline 0.015 -40"><span class='ocrx_word' id='word_1_594' title='bbox 2254 3290 2590 3360; x_wconf 84' lang='grc' dir='ltr'>χαριστήρια</span> <span class='ocrx_word' id='word_1_595' title='bbox 2618 3288 2699 3361; x_wconf 81' lang='grc' dir='ltr'>τῷ</span> <span class='ocrx_word' id='word_1_596' title='bbox 2723 3290 2844 3364; x_wconf 84' lang='grc' dir='ltr'><strong>Θεῷ</strong></span> <span class='ocrx_word' id='word_1_597' title='bbox 2876 3293 3155 3349; x_wconf 79' lang='grc' dir='ltr'>ἀπεδίδου.</span> <span class='ocrx_word' id='word_1_598' title='bbox 3213 3297 3306 3369; x_wconf 81' lang='grc' dir='ltr'><strong>Μὴ</strong></span> <span class='ocrx_word' id='word_1_599' title='bbox 3359 3297 3547 3353; x_wconf 81' lang='grc' dir='ltr'>τοίνυν</span> <span class='ocrx_word' id='word_1_600' title='bbox 3588 3302 3843 3374; x_wconf 70' lang='grc' dir='ltr'>ῥαθυμήο</span> 
     </span>
    </p>
   </div>
   <div class='ocr_carea' id='block_1_79' title="bbox 2256 3376 3838 3463">
    <p class='ocr_par' dir='ltr' id='par_1_79' title="bbox 2256 3376 3838 3463">
     <span class='ocr_line' id='line_1_79' title="bbox 2256 3376 3838 3463; baseline 0.007 -31"><span class='ocrx_word' id='word_1_601' title='bbox 2256 3395 2462 3448; x_wconf 86' lang='grc' dir='ltr'>σωμεν,</span> <span class='ocrx_word' id='word_1_602' title='bbox 2497 3376 2543 3435; x_wconf 80' lang='grc' dir='ltr'><strong>ὦ</strong></span> <span class='ocrx_word' id='word_1_603' title='bbox 2569 3380 2816 3452; x_wconf 81' lang='grc' dir='ltr'>φίλτατε,</span> <span class='ocrx_word' id='word_1_604' title='bbox 2852 3385 2990 3454; x_wconf 73' lang='grc' dir='ltr'>μηδὲ</span> <span class='ocrx_word' id='word_1_605' title='bbox 3025 3384 3460 3460; x_wconf 77' lang='grc' dir='ltr'>ἐξαπορήσωμεν</span> <span class='ocrx_word' id='word_1_606' title='bbox 3487 3391 3584 3445; x_wconf 71' lang='grc' dir='ltr'><strong>καὶ</strong></span> <span class='ocrx_word' id='word_1_607' title='bbox 3615 3393 3712 3446; x_wconf 75' lang='grc' dir='ltr'>τοῦ</span> <span class='ocrx_word' id='word_1_608' title='bbox 3742 3391 3838 3463; x_wconf 80' lang='grc' dir='ltr'>ζῇν</span> 
     </span>
    </p>
   </div>
   <div class='ocr_carea' id='block_1_80' title="bbox 2257 3470 3840 3556">
    <p class='ocr_par' dir='ltr' id='par_1_80' title="bbox 2257 3470 3840 3556">
     <span class='ocr_line' id='line_1_80' title="bbox 2257 3470 3840 3556; baseline 0.009 -33"><span class='ocrx_word' id='word_1_609' title='bbox 2257 3470 2461 3535; x_wconf 79' lang='grc' dir='ltr'>εἰδότες</span> <span class='ocrx_word' id='word_1_610' title='bbox 2514 3472 2597 3526; x_wconf 83' lang='grc' dir='ltr'>ὅτι</span> <span class='ocrx_word' id='word_1_611' title='bbox 2651 3475 2753 3529; x_wconf 78' lang='grc' dir='ltr'><strong>οὐκ</strong></span> <span class='ocrx_word' id='word_1_612' title='bbox 2801 3475 2954 3529; x_wconf 85' lang='grc' dir='ltr'>ὲὰσει</span> <span class='ocrx_word' id='word_1_613' title='bbox 2991 3478 3141 3548; x_wconf 78' lang='grc' dir='ltr'>ἡμᾶς</span> <span class='ocrx_word' id='word_1_614' title='bbox 3209 3474 3417 3550; x_wconf 76' lang='grc' dir='ltr'>Κύριος</span> <span class='ocrx_word' id='word_1_615' title='bbox 3476 3483 3840 3556; x_wconf 79' lang='grc' dir='ltr'>πειρασθῆναι</span> 
     </span>
    </p>
   </div>
   <div class='ocr_carea' id='block_1_81' title="bbox 2256 3565 3833 3647">
    <p class='ocr_par' dir='ltr' id='par_1_81' title="bbox 2256 3565 3833 3647">
     <span class='ocr_line' id='line_1_81' title="bbox 2256 3565 3833 3647; baseline 0.008 -28"><span class='ocrx_word' id='word_1_616' title='bbox 2256 3565 2450 3640; x_wconf 77' lang='grc' dir='ltr'>ὑπὲρό</span> <span class='ocrx_word' id='word_1_617' title='bbox 2475 3567 2775 3640; x_wconf 75' lang='grc' dir='ltr'>δυνάμεθα.</span> <span class='ocrx_word' id='word_1_618' title='bbox 2815 3571 2913 3634; x_wconf 84' lang='grc' dir='ltr'>Τίς</span> <span class='ocrx_word' id='word_1_619' title='bbox 2939 3566 3053 3626; x_wconf 78' lang='grc' dir='ltr'>οἶδε</span> <span class='ocrx_word' id='word_1_620' title='bbox 3108 3573 3164 3627; x_wconf 86' lang='grc' dir='ltr'><strong>τί</strong></span> <span class='ocrx_word' id='word_1_621' title='bbox 3224 3573 3439 3639; x_wconf 79' lang='grc' dir='ltr'>τέξεται</span> <span class='ocrx_word' id='word_1_622' title='bbox 3495 3578 3531 3647; x_wconf 74' lang='grc' dir='ltr'>ἡ</span> <span class='ocrx_word' id='word_1_623' title='bbox 3572 3577 3833 3641; x_wconf 68' lang='grc' dir='ltr'>ἐπιοῦσα,</span> 
     </span>
    </p>
   </div>
   <div class='ocr_carea' id='block_1_82' title="bbox 2256 3658 3835 3737">
    <p class='ocr_par' dir='ltr' id='par_1_82' title="bbox 2256 3658 3835 3737">
     <span class='ocr_line' id='line_1_82' title="bbox 2256 3658 3835 3737; baseline 0.006 -25"><span class='ocrx_word' id='word_1_624' title='bbox 2256 3658 2352 3712; x_wconf 80' lang='grc' dir='ltr'><strong>καὶ</strong></span> <span class='ocrx_word' id='word_1_625' title='bbox 2386 3659 2485 3725; x_wconf 76' lang='grc' dir='ltr'>Τίς</span> <span class='ocrx_word' id='word_1_626' title='bbox 2510 3660 2840 3731; x_wconf 66' lang='grc' dir='ltr'>ἀναγγελεῖ</span> <span class='ocrx_word' id='word_1_627' title='bbox 2872 3662 3152 3733; x_wconf 79' lang='grc' dir='ltr'>Ἀϐραὰμ,</span> <span class='ocrx_word' id='word_1_628' title='bbox 3185 3663 3276 3718; x_wconf 78' lang='grc' dir='ltr'>ὅτι</span> <span class='ocrx_word' id='word_1_629' title='bbox 3320 3666 3521 3736; x_wconf 63' lang='lat' dir='ltr'><strong>suppa</strong></span> <span class='ocrx_word' id='word_1_630' title='bbox 3562 3670 3835 3737; x_wconf 71' lang='grc' dir='ltr'><strong>θηλάζεε;</strong></span> 
     </span>
    </p>
   </div>
   <div class='ocr_carea' id='block_1_83' title="bbox 2257 3750 3835 3832">
    <p class='ocr_par' dir='ltr' id='par_1_83' title="bbox 2257 3750 3835 3832">
     <span class='ocr_line' id='line_1_83' title="bbox 2257 3750 3835 3832; baseline 0.006 -28"><span class='ocrx_word' id='word_1_631' title='bbox 2257 3750 2587 3821; x_wconf 77' lang='grc' dir='ltr'>συμϐολικὸς</span> <span class='ocrx_word' id='word_1_632' title='bbox 2613 3754 2642 3807; x_wconf 82' lang='grc' dir='ltr'><strong>ὁ</strong></span> <span class='ocrx_word' id='word_1_633' title='bbox 2669 3753 2848 3823; x_wconf 88' lang='grc' dir='ltr'>λόγος.</span> <span class='ocrx_word' id='word_1_634' title='bbox 2883 3753 3175 3827; x_wconf 82' lang='grc' dir='ltr'>Εὐχὸμεθα</span> <span class='ocrx_word' id='word_1_635' title='bbox 3204 3751 3299 3810; x_wconf 79' lang='grc' dir='ltr'>οὖν</span> <span class='ocrx_word' id='word_1_636' title='bbox 3317 3758 3483 3812; x_wconf 82' lang='grc' dir='ltr'>αὑτὸν</span> <span class='ocrx_word' id='word_1_637' title='bbox 3508 3759 3605 3812; x_wconf 79' lang='grc' dir='ltr'>τὸν</span> <span class='ocrx_word' id='word_1_638' title='bbox 3637 3760 3835 3832; x_wconf 77' lang='grc' dir='ltr'>Κύριον</span> 
     </span>
    </p>
   </div>
   <div class='ocr_carea' id='block_1_84' title="bbox 2253 3842 3835 3924">
    <p class='ocr_par' dir='ltr' id='par_1_84' title="bbox 2253 3842 3835 3924">
     <span class='ocr_line' id='line_1_84' title="bbox 2253 3842 3835 3924; baseline -0.01 -15"><span class='ocrx_word' id='word_1_639' title='bbox 2253 3843 2356 3911; x_wconf 84' lang='grc' dir='ltr'><strong>τῆς</strong></span> <span class='ocrx_word' id='word_1_640' title='bbox 2380 3842 2540 3915; x_wconf 77' lang='grc' dir='ltr'>δόξης</span> <span class='ocrx_word' id='word_1_641' title='bbox 2564 3883 2581 3910; x_wconf 85' lang='grc'><strong>,</strong></span> <span class='ocrx_word' id='word_1_642' title='bbox 2612 3845 2965 3917; x_wconf 74' lang='grc' dir='ltr'>ὲφαψάμενόν</span> <span class='ocrx_word' id='word_1_643' title='bbox 2996 3864 3090 3900; x_wconf 90' lang='grc' dir='ltr'><strong>σου</strong></span> <span class='ocrx_word' id='word_1_644' title='bbox 3127 3847 3230 3919; x_wconf 83' lang='grc' dir='ltr'>τῆς</span> <span class='ocrx_word' id='word_1_645' title='bbox 3286 3850 3537 3920; x_wconf 76' lang='grc' dir='ltr'>καρδίας,</span> <span class='ocrx_word' id='word_1_646' title='bbox 3599 3855 3835 3924; x_wconf 64' lang='grc' dir='ltr'>ἐμποιῇ-</span> 
     </span>
    </p>
   </div>
   <div class='ocr_carea' id='block_1_85' title="bbox 2257 3933 3834 4010">
    <p class='ocr_par' dir='ltr' id='par_1_85' title="bbox 2257 3933 3834 4010">
     <span class='ocr_line' id='line_1_85' title="bbox 2257 3933 3834 4010; baseline 0.008 -25"><span class='ocrx_word' id='word_1_647' title='bbox 2257 3949 2347 3986; x_wconf 89' lang='grc' dir='ltr'><strong>σαι</strong></span> <span class='ocrx_word' id='word_1_648' title='bbox 2374 3933 2491 4003; x_wconf 82' lang='grc' dir='ltr'><strong>φῶς</strong></span> <span class='ocrx_word' id='word_1_649' title='bbox 2519 3936 2576 3987; x_wconf 81' lang='grc' dir='ltr'>ἐν</span> <span class='ocrx_word' id='word_1_650' title='bbox 2601 3935 2736 4006; x_wconf 75' lang='grc' dir='ltr'>αὐτῇ</span> <span class='ocrx_word' id='word_1_651' title='bbox 2785 3935 3028 4007; x_wconf 88' lang='grc' dir='ltr'>ἀλήκτου</span> <span class='ocrx_word' id='word_1_652' title='bbox 3085 3939 3463 4010; x_wconf 70' lang='grc' dir='ltr'>παραμυθίας,</span> <span class='ocrx_word' id='word_1_653' title='bbox 3519 3941 3599 4005; x_wconf 85' lang='grc' dir='ltr'><strong>ὡς</strong></span> <span class='ocrx_word' id='word_1_654' title='bbox 3627 3943 3696 3997; x_wconf 81' lang='grc' dir='ltr'>ἂν</span> <span class='ocrx_word' id='word_1_655' title='bbox 3756 3945 3834 3997; x_wconf 86' lang='grc' dir='ltr'>οῖ-</span> 
     </span>
    </p>
   </div>
   <div class='ocr_carea' id='block_1_86' title="bbox 2254 4025 3837 4106">
    <p class='ocr_par' dir='ltr' id='par_1_86' title="bbox 2254 4025 3837 4106">
     <span class='ocr_line' id='line_1_86' title="bbox 2254 4025 3837 4106; baseline 0.008 -28"><span class='ocrx_word' id='word_1_656' title='bbox 2254 4025 2415 4079; x_wconf 85' lang='grc' dir='ltr'>κοθεν</span> <span class='ocrx_word' id='word_1_657' title='bbox 2449 4025 2681 4097; x_wconf 72' lang='grc' dir='ltr'>ἔχουσαν</span> <span class='ocrx_word' id='word_1_658' title='bbox 2712 4028 2812 4092; x_wconf 88' lang='grc' dir='ltr'><strong>τάς</strong></span> <span class='ocrx_word' id='word_1_659' title='bbox 2837 4029 3096 4103; x_wconf 82' lang='grc' dir='ltr'>ἀφορμὰς</span> <span class='ocrx_word' id='word_1_660' title='bbox 3128 4032 3228 4103; x_wconf 85' lang='grc' dir='ltr'>τῆς</span> <span class='ocrx_word' id='word_1_661' title='bbox 3252 4032 3674 4105; x_wconf 84' lang='grc' dir='ltr'>παρακλήσεως,</span> <span class='ocrx_word' id='word_1_662' title='bbox 3708 4038 3837 4106; x_wconf 77' lang='grc' dir='ltr'>μηδὲ</span> 
     </span>
    </p>
   </div>
   <div class='ocr_carea' id='block_1_87' title="bbox 2251 4115 3833 4198">
    <p class='ocr_par' dir='ltr' id='par_1_87' title="bbox 2251 4115 3833 4198">
     <span class='ocr_line' id='line_1_87' title="bbox 2251 4115 3833 4198; baseline 0.007 -28"><span class='ocrx_word' id='word_1_663' title='bbox 2251 4115 2479 4171; x_wconf 78' lang='grc' dir='ltr'>δεῖσθαι’</span> <span class='ocrx_word' id='word_1_664' title='bbox 2501 4122 2685 4191; x_wconf 78' lang='grc' dir='ltr'>φωνῆς</span> <span class='ocrx_word' id='word_1_665' title='bbox 2713 4120 2929 4192; x_wconf 77' lang='grc' dir='ltr'>ἑτέρας.</span> <span class='ocrx_word' id='word_1_666' title='bbox 2962 4122 3196 4194; x_wconf 79' lang='grc' dir='ltr'>Είδομεν</span> <span class='ocrx_word' id='word_1_667' title='bbox 3232 4124 3289 4178; x_wconf 78' lang='grc' dir='ltr'><strong>δὲ</strong></span> <span class='ocrx_word' id='word_1_668' title='bbox 3341 4125 3437 4179; x_wconf 81' lang='grc' dir='ltr'><strong>καὶ</strong></span> <span class='ocrx_word' id='word_1_669' title='bbox 3488 4127 3581 4179; x_wconf 78' lang='grc' dir='ltr'>τὸν</span> <span class='ocrx_word' id='word_1_670' title='bbox 3618 4129 3833 4198; x_wconf 77' lang='grc' dir='ltr'>ἀγαπη-</span> 
     </span>
    </p>
   </div>
   <div class='ocr_carea' id='block_1_88' title="bbox 2251 4208 3832 4287">
    <p class='ocr_par' dir='ltr' id='par_1_88' title="bbox 2251 4208 3832 4287">
     <span class='ocr_line' id='line_1_88' title="bbox 2251 4208 3832 4287; baseline 0.008 -25"><span class='ocrx_word' id='word_1_671' title='bbox 2251 4208 2346 4263; x_wconf 75' lang='grc' dir='ltr'><strong>τὸν</strong></span> <span class='ocrx_word' id='word_1_672' title='bbox 2403 4209 2632 4280; x_wconf 79' lang='grc' dir='ltr'>ἀδελφὺν</span> <span class='ocrx_word' id='word_1_673' title='bbox 2665 4212 2823 4283; x_wconf 73' lang='grc' dir='ltr'>ἡμῶν</span> <span class='ocrx_word' id='word_1_674' title='bbox 2847 4214 2942 4267; x_wconf 73' lang='grc' dir='ltr'>καὶ</span> <span class='ocrx_word' id='word_1_675' title='bbox 2985 4216 3358 4287; x_wconf 80' lang='grc' dir='ltr'>πνευματικὸν</span> <span class='ocrx_word' id='word_1_676' title='bbox 3412 4218 3557 4283; x_wconf 81' lang='grc' dir='ltr'>υἱέα,</span> <span class='ocrx_word' id='word_1_677' title='bbox 3603 4220 3695 4273; x_wconf 71' lang='grc' dir='ltr'><strong>τὸν</strong></span> <span class='ocrx_word' id='word_1_678' title='bbox 3742 4220 3832 4274; x_wconf 71' lang='grc' dir='ltr'><strong>κῦ-</strong></span> 
     </span>
    </p>
   </div>
   <div class='ocr_carea' id='block_1_89' title="bbox 2257 4302 3827 4383">
    <p class='ocr_par' dir='ltr' id='par_1_89' title="bbox 2257 4302 3827 4383">
     <span class='ocr_line' id='line_1_89' title="bbox 2257 4302 3827 4383; baseline 0.007 -29"><span class='ocrx_word' id='word_1_679' title='bbox 2257 4318 2373 4374; x_wconf 90' lang='grc' dir='ltr'>ριον</span> <span class='ocrx_word' id='word_1_680' title='bbox 2414 4302 2689 4374; x_wconf 79' lang='grc' dir='ltr'>Ἰωάννην,</span> <span class='ocrx_word' id='word_1_681' title='bbox 2723 4303 2816 4357; x_wconf 77' lang='grc' dir='ltr'>τὸν</span> <span class='ocrx_word' id='word_1_682' title='bbox 2858 4307 3136 4378; x_wconf 79' lang='grc' dir='ltr'>ὁμαίμονα</span> <span class='ocrx_word' id='word_1_683' title='bbox 3180 4312 3281 4381; x_wconf 86' lang='grc' dir='ltr'>τῆς</span> <span class='ocrx_word' id='word_1_684' title='bbox 3318 4309 3657 4383; x_wconf 79' lang='grc' dir='ltr'>ὑψηλότητός</span> <span class='ocrx_word' id='word_1_685' title='bbox 3721 4328 3827 4377; x_wconf 77' lang='grc' dir='ltr'>σου,</span> 
     </span>
    </p>
   </div>
   <div class='ocr_carea' id='block_1_90' title="bbox 563 4372 2150 4491">
    <p class='ocr_par' dir='ltr' id='par_1_90' title="bbox 563 4372 2150 4491">
     <span class='ocr_line' id='line_1_90' title="bbox 565 4372 2150 4397; baseline 0.002 -14"><span class='ocrx_word' id='word_1_686' title='bbox 565 4372 781 4391; x_wconf 52' lang='lat' dir='ltr'><strong>&quot;mw,</strong></span> <span class='ocrx_word' id='word_1_687' title='bbox 834 4372 1061 4382; x_wconf 58' lang='grc' dir='ltr'><strong>...η-η-</strong></span> <span class='ocrx_word' id='word_1_688' title='bbox 1138 4372 1260 4382; x_wconf 63' lang='grc' dir='ltr'><strong>η--</strong></span> <span class='ocrx_word' id='word_1_689' title='bbox 1466 4372 1649 4397; x_wconf 47' lang='lat' dir='ltr'><strong>ww&quot;</strong></span> <span class='ocrx_word' id='word_1_690' title='bbox 1711 4372 1941 4385; x_wconf 67' lang='grc' dir='ltr'><strong>...ω-...υ</strong></span> <span class='ocrx_word' id='word_1_691' title='bbox 2024 4372 2150 4387; x_wconf 73' lang='grc' dir='ltr'><strong>νην</strong></span> 
     </span>
     <span class='ocr_line' id='line_1_91' title="bbox 563 4372 2150 4491; baseline 0.004 -18"><span class='ocrx_word' id='word_1_692' title='bbox 563 4421 825 4476; x_wconf 83' lang='lat' dir='ltr'><strong>dilectum</strong></span> <span class='ocrx_word' id='word_1_693' title='bbox 869 4419 1034 4476; x_wconf 90' lang='lat' dir='ltr'><strong>etiam</strong></span> <span class='ocrx_word' id='word_1_694' title='bbox 1065 4417 1288 4475; x_wconf 86' lang='lat' dir='ltr'><strong>fratrem</strong></span> <span class='ocrx_word' id='word_1_695' title='bbox 1320 4427 1594 4487; x_wconf 87' lang='lat' dir='ltr'><strong>nostrum,</strong></span> <span class='ocrx_word' id='word_1_696' title='bbox 1622 4428 1677 4475; x_wconf 90' lang='lat' dir='ltr'><strong>et</strong></span> <span class='ocrx_word' id='word_1_697' title='bbox 1699 4372 2040 4491; x_wconf 55' lang='lat' dir='ltr'><strong>spiritualerrn</strong></span> <span class='ocrx_word' id='word_1_698' title='bbox 2091 4423 2150 4479; x_wconf 78' lang='lat' dir='ltr'><strong>ﬁ-</strong></span> 
     </span>
    </p>
   </div>
   <div class='ocr_carea' id='block_1_91' title="bbox 2254 4372 3828 4491">
    <p class='ocr_par' dir='ltr' id='par_1_91' title="bbox 2254 4372 3828 4469">
     <span class='ocr_line' id='line_1_92' title="bbox 2254 4372 3828 4469; baseline 0.008 -27"><span class='ocrx_word' id='word_1_699' title='bbox 2254 4372 2697 4462; x_wconf 71' lang='grc' dir='ltr'>ἑπισκεψάμενον</span> <span class='ocrx_word' id='word_1_700' title='bbox 2729 4372 2905 4464; x_wconf 42' lang='grc' dir='ltr'>ἡμᾶς’</span> <span class='ocrx_word' id='word_1_701' title='bbox 2927 4372 3055 4457; x_wconf 70' lang='grc' dir='ltr'>τοῖις</span> <span class='ocrx_word' id='word_1_702' title='bbox 3099 4372 3467 4469; x_wconf 61' lang='grc' dir='ltr'>ἁμαρτωλους</span> <span class='ocrx_word' id='word_1_703' title='bbox 3495 4372 3651 4455; x_wconf 56' lang='grc' dir='ltr'><strong>κᾷτά</strong></span> <span class='ocrx_word' id='word_1_704' title='bbox 3669 4401 3732 4454; x_wconf 78' lang='grc' dir='ltr'>τὸ</span> <span class='ocrx_word' id='word_1_705' title='bbox 3755 4372 3828 4454; x_wconf 53' lang='lat' dir='ltr'><strong>ei;</strong></span> 
     </span>
    </p>
   </div>
   <div class='ocr_carea' id='block_1_92' title="bbox 562 4507 2149 4582">
    <p class='ocr_par' dir='ltr' id='par_1_92' title="bbox 562 4507 2149 4582">
     <span class='ocr_line' id='line_1_93' title="bbox 562 4507 2149 4582; baseline 0.003 -18"><span class='ocrx_word' id='word_1_706' title='bbox 562 4510 723 4572; x_wconf 78' lang='lat' dir='ltr'><strong>lium,</strong></span> <span class='ocrx_word' id='word_1_707' title='bbox 753 4510 1037 4565; x_wconf 88' lang='lat' dir='ltr'><strong>dominum</strong></span> <span class='ocrx_word' id='word_1_708' title='bbox 1070 4507 1364 4573; x_wconf 80' lang='lat' dir='ltr'><strong>Joannem,</strong></span> <span class='ocrx_word' id='word_1_709' title='bbox 1405 4511 1878 4582; x_wconf 87' lang='lat' dir='ltr'><strong>consanguineum</strong></span> <span class='ocrx_word' id='word_1_710' title='bbox 1921 4513 2149 4569; x_wconf 83' lang='lat' dir='ltr'><strong>celsitu-</strong></span> 
     </span>
    </p>
   </div>
   <div class='ocr_carea' id='block_1_93' title="bbox 563 4596 2143 4675">
    <p class='ocr_par' dir='ltr' id='par_1_93' title="bbox 563 4596 2143 4675">
     <span class='ocr_line' id='line_1_94' title="bbox 563 4596 2143 4675; baseline 0.003 -19"><span class='ocrx_word' id='word_1_711' title='bbox 563 4596 710 4657; x_wconf 87' lang='lat' dir='ltr'><strong>dinis</strong></span> <span class='ocrx_word' id='word_1_712' title='bbox 734 4612 844 4657; x_wconf 75' lang='lat' dir='ltr'><strong>tuae</strong></span> <span class='ocrx_word' id='word_1_713' title='bbox 870 4619 886 4669; x_wconf 92' lang='lat'><strong>;</strong></span> <span class='ocrx_word' id='word_1_714' title='bbox 915 4603 1010 4675; x_wconf 85' lang='lat' dir='ltr'><strong>qui</strong></span> <span class='ocrx_word' id='word_1_715' title='bbox 1041 4617 1144 4658; x_wconf 89' lang='lat' dir='ltr'><strong>nos</strong></span> <span class='ocrx_word' id='word_1_716' title='bbox 1179 4612 1498 4673; x_wconf 78' lang='lat' dir='ltr'><strong>peccatores</strong></span> <span class='ocrx_word' id='word_1_717' title='bbox 1526 4610 1836 4672; x_wconf 89' lang='lat' dir='ltr'><strong>opportune</strong></span> <span class='ocrx_word' id='word_1_718' title='bbox 1862 4604 2143 4675; x_wconf 88' lang='lat' dir='ltr'><strong>visitavit;</strong></span> 
     </span>
    </p>
   </div>
   <div class='ocr_carea' id='block_1_94' title="bbox 562 4690 2143 4760">
    <p class='ocr_par' dir='ltr' id='par_1_94' title="bbox 562 4690 2143 4760">
     <span class='ocr_line' id='line_1_95' title="bbox 562 4690 2143 4760; baseline 0.004 -16"><span class='ocrx_word' id='word_1_719' title='bbox 562 4704 723 4759; x_wconf 88' lang='lat' dir='ltr'><strong>quem</strong></span> <span class='ocrx_word' id='word_1_720' title='bbox 775 4698 832 4744; x_wconf 83' lang='lat' dir='ltr'><strong>et</strong></span> <span class='ocrx_word' id='word_1_721' title='bbox 878 4691 1071 4760; x_wconf 82' lang='lat' dir='ltr'><strong>paucis</strong></span> <span class='ocrx_word' id='word_1_722' title='bbox 1124 4691 1308 4745; x_wconf 83' lang='lat' dir='ltr'><strong>verbis</strong></span> <span class='ocrx_word' id='word_1_723' title='bbox 1366 4690 1635 4747; x_wconf 89' lang='lat' dir='ltr'><strong>consolati</strong></span> <span class='ocrx_word' id='word_1_724' title='bbox 1666 4706 1860 4750; x_wconf 89' lang='lat' dir='ltr'><strong>sumus</strong></span> <span class='ocrx_word' id='word_1_725' title='bbox 1893 4695 1962 4750; x_wconf 90' lang='lat' dir='ltr'><strong>de</strong></span> <span class='ocrx_word' id='word_1_726' title='bbox 1989 4696 2143 4751; x_wconf 87' lang='lat' dir='ltr'><strong>obitu</strong></span> 
     </span>
    </p>
   </div>
   <div class='ocr_carea' id='block_1_95' title="bbox 564 4782 2145 4858">
    <p class='ocr_par' dir='ltr' id='par_1_95' title="bbox 564 4782 2145 4858">
     <span class='ocr_line' id='line_1_96' title="bbox 564 4782 2145 4858; baseline 0.006 -22"><span class='ocrx_word' id='word_1_727' title='bbox 564 4784 758 4838; x_wconf 83' lang='lat' dir='ltr'><strong>matris</strong></span> <span class='ocrx_word' id='word_1_728' title='bbox 794 4803 809 4839; x_wconf 90' lang='lat'><strong>:</strong></span> <span class='ocrx_word' id='word_1_729' title='bbox 842 4792 898 4837; x_wconf 86' lang='lat' dir='ltr'><strong>et</strong></span> <span class='ocrx_word' id='word_1_730' title='bbox 938 4782 1185 4839; x_wconf 77' lang='lat' dir='ltr'><strong>fraterna</strong></span> <span class='ocrx_word' id='word_1_731' title='bbox 1212 4784 1652 4855; x_wconf 82' lang='lat' dir='ltr'><strong>conspiratione,</strong></span> <span class='ocrx_word' id='word_1_732' title='bbox 1688 4801 1796 4841; x_wconf 89' lang='lat' dir='ltr'><strong>una</strong></span> <span class='ocrx_word' id='word_1_733' title='bbox 1828 4787 2043 4858; x_wconf 82' lang='lat' dir='ltr'><strong>egimus</strong></span> <span class='ocrx_word' id='word_1_734' title='bbox 2076 4790 2145 4846; x_wconf 91' lang='lat' dir='ltr'><strong>de</strong></span> 
     </span>
    </p>
   </div>
   <div class='ocr_carea' id='block_1_96' title="bbox 563 4875 1542 4945">
    <p class='ocr_par' dir='ltr' id='par_1_96' title="bbox 563 4875 1542 4945">
     <span class='ocr_line' id='line_1_97' title="bbox 563 4875 1542 4945; baseline 0.002 -14"><span class='ocrx_word' id='word_1_735' title='bbox 563 4875 781 4945; x_wconf 89' lang='lat' dir='ltr'><strong>pietatis</strong></span> <span class='ocrx_word' id='word_1_736' title='bbox 801 4876 970 4931; x_wconf 85' lang='lat' dir='ltr'><strong>etiam</strong></span> <span class='ocrx_word' id='word_1_737' title='bbox 1004 4883 1112 4932; x_wconf 69' lang='lat' dir='ltr'><strong>tute</strong></span> <span class='ocrx_word' id='word_1_738' title='bbox 1140 4878 1542 4933; x_wconf 89' lang='lat' dir='ltr'><strong>consolatione.</strong></span> 
     </span>
    </p>
   </div>
   <div class='ocr_carea' id='block_1_97' title="bbox 774 4987 1919 5064">
    <p class='ocr_par' dir='ltr' id='par_1_97' title="bbox 774 4987 1919 5064">
     <span class='ocr_line' id='line_1_98' title="bbox 774 4987 1919 5064; baseline 0.005 -19"><span class='ocrx_word' id='word_1_739' title='bbox 774 4987 1080 5047; x_wconf 75' lang='lat' dir='ltr'><strong>CLXXV“.</strong></span> <span class='ocrx_word' id='word_1_740' title='bbox 1111 5021 1183 5032; x_wconf 94' lang='lat'><strong><em>—</em></strong></span> <span class='ocrx_word' id='word_1_741' title='bbox 1213 4990 1576 5064; x_wconf 65' lang='lat' dir='ltr'><strong>Euphrosynen</strong></span> <span class='ocrx_word' id='word_1_742' title='bbox 1600 4994 1919 5063; x_wconf 69' lang='lat' dir='ltr'><strong>prwpositw.</strong></span> 
     </span>
    </p>
   </div>
   <div class='ocr_carea' id='block_1_98' title="bbox 2252 4482 3828 4561">
    <p class='ocr_par' dir='ltr' id='par_1_98' title="bbox 2252 4482 3828 4561">
     <span class='ocr_line' id='line_1_99' title="bbox 2252 4482 3828 4561; baseline 0.007 -26"><span class='ocrx_word' id='word_1_743' title='bbox 2252 4482 2350 4547; x_wconf 85' lang='grc' dir='ltr'>κός</span> <span class='ocrx_word' id='word_1_744' title='bbox 2379 4498 2395 4515; x_wconf 88' lang='grc'><strong>·</strong></span> <span class='ocrx_word' id='word_1_745' title='bbox 2430 4482 2490 4536; x_wconf 78' lang='grc' dir='ltr'>ὃν</span> <span class='ocrx_word' id='word_1_746' title='bbox 2515 4484 2610 4538; x_wconf 76' lang='grc' dir='ltr'><strong>καὶ</strong></span> <span class='ocrx_word' id='word_1_747' title='bbox 2638 4485 3156 4558; x_wconf 54' lang='grc' dir='ltr'>παμμυθησάμεθα</span> <span class='ocrx_word' id='word_1_748' title='bbox 3223 4488 3451 4561; x_wconf 80' lang='grc' dir='ltr'>βραχέσι</span> <span class='ocrx_word' id='word_1_749' title='bbox 3508 4491 3693 4561; x_wconf 81' lang='grc' dir='ltr'>λόγοις</span> <span class='ocrx_word' id='word_1_750' title='bbox 3746 4491 3828 4545; x_wconf 73' lang='grc' dir='ltr'>διὰ</span> 
     </span>
    </p>
   </div>
   <div class='ocr_carea' id='block_1_99' title="bbox 2247 4573 3827 4654">
    <p class='ocr_par' dir='ltr' id='par_1_99' title="bbox 2247 4573 3827 4654">
     <span class='ocr_line' id='line_1_100' title="bbox 2247 4573 3827 4654; baseline 0.006 -28"><span class='ocrx_word' id='word_1_751' title='bbox 2247 4573 2310 4628; x_wconf 82' lang='grc' dir='ltr'>τὸ</span> <span class='ocrx_word' id='word_1_752' title='bbox 2335 4574 2600 4646; x_wconf 78' lang='grc' dir='ltr'>μητρικδν</span> <span class='ocrx_word' id='word_1_753' title='bbox 2630 4575 2802 4640; x_wconf 82' lang='grc' dir='ltr'>πάθος</span> <span class='ocrx_word' id='word_1_754' title='bbox 2836 4593 2850 4607; x_wconf 90' lang='grc'><strong>·</strong></span> <span class='ocrx_word' id='word_1_755' title='bbox 2892 4578 2988 4631; x_wconf 74' lang='grc' dir='ltr'><strong>καὶ</strong></span> <span class='ocrx_word' id='word_1_756' title='bbox 3050 4583 3626 4654; x_wconf 80' lang='grc' dir='ltr'>συμπαρεκαλέσαμεν</span> <span class='ocrx_word' id='word_1_757' title='bbox 3668 4586 3827 4639; x_wconf 63' lang='lat' dir='ltr'><strong>aisais</strong></span> 
     </span>
    </p>
   </div>
   <div class='ocr_carea' id='block_1_100' title="bbox 2247 4667 3825 4747">
    <p class='ocr_par' dir='ltr' id='par_1_100' title="bbox 2247 4667 3825 4747">
     <span class='ocr_line' id='line_1_101' title="bbox 2247 4667 3825 4747; baseline 0.008 -27"><span class='ocrx_word' id='word_1_758' title='bbox 2247 4669 2312 4738; x_wconf 83' lang='grc' dir='ltr'><strong>τῇ</strong></span> <span class='ocrx_word' id='word_1_759' title='bbox 2344 4667 2604 4740; x_wconf 70' lang='grc' dir='ltr'>ἀδελφικῇ</span> <span class='ocrx_word' id='word_1_760' title='bbox 2659 4669 3001 4725; x_wconf 67' lang='grc' dir='ltr'>πνὸιαθὲσει</span> <span class='ocrx_word' id='word_1_761' title='bbox 3054 4671 3127 4726; x_wconf 81' lang='grc' dir='ltr'>τὰ</span> <span class='ocrx_word' id='word_1_762' title='bbox 3176 4673 3318 4728; x_wconf 81' lang='grc' dir='ltr'>κατά</span> <span class='ocrx_word' id='word_1_763' title='bbox 3366 4676 3467 4747; x_wconf 80' lang='grc' dir='ltr'>τὴν</span> <span class='ocrx_word' id='word_1_764' title='bbox 3520 4676 3825 4732; x_wconf 75' lang='grc' dir='ltr'>θεοσέϐειαν</span> 
     </span>
    </p>
   </div>
   <div class='ocr_carea' id='block_1_101' title="bbox 2254 4774 2368 4812">
    <p class='ocr_par' dir='ltr' id='par_1_101' title="bbox 2254 4774 2368 4812">
     <span class='ocr_line' id='line_1_102' title="bbox 2254 4774 2368 4812; baseline 0.026 -3"><span class='ocrx_word' id='word_1_765' title='bbox 2254 4774 2345 4810; x_wconf 90' lang='grc' dir='ltr'><strong>σου</strong></span> <span class='ocrx_word' id='word_1_766' title='bbox 2354 4798 2368 4812; x_wconf 80' lang='lat'><strong>.</strong></span> 
     </span>
    </p>
   </div>
   <div class='ocr_carea' id='block_1_102' title="bbox 2320 4998 3725 5080">
    <p class='ocr_par' dir='ltr' id='par_1_102' title="bbox 2320 4998 3725 5080">
     <span class='ocr_line' id='line_1_103' title="bbox 2320 4998 3725 5080; baseline 0.006 -27"><span class='ocrx_word' id='word_1_767' title='bbox 2320 5001 2466 5054; x_wconf 91' lang='lat' dir='ltr'><strong>POZ&#39;</strong></span> <span class='ocrx_word' id='word_1_768' title='bbox 2497 4998 2633 5069; x_wconf 86' lang='lat'><strong>(69).</strong></span> <span class='ocrx_word' id='word_1_769' title='bbox 2662 5029 2734 5040; x_wconf 91' lang='grc'><strong><em>-</em></strong></span> <span class='ocrx_word' id='word_1_770' title='bbox 2757 5000 3125 5071; x_wconf 68' lang='grc' dir='ltr'>Εὐφροσύνῃ</span> <span class='ocrx_word' id='word_1_771' title='bbox 3156 5001 3485 5074; x_wconf 74' lang='grc' dir='ltr'>ἡγουμένῃ.</span> <span class='ocrx_word' id='word_1_772' title='bbox 3522 5003 3725 5080; x_wconf 57' lang='lat' dir='ltr'><strong>[span]</strong></span> 
     </span>
    </p>
   </div>
   <div class='ocr_carea' id='block_1_103' title="bbox 1092 5104 3293 5183">
    <p class='ocr_par' dir='ltr' id='par_1_103' title="bbox 1092 5104 3293 5183">
     <span class='ocr_line' id='line_1_104' title="bbox 1092 5104 3293 5183; baseline 0.006 -27"><span class='ocrx_word' id='word_1_773' title='bbox 1092 5105 1206 5170; x_wconf 77' lang='lat' dir='ltr'><strong>Ejus</strong></span> <span class='ocrx_word' id='word_1_774' title='bbox 1245 5104 1362 5157; x_wconf 62' lang='lat' dir='ltr'><strong>vitae</strong></span> <span class='ocrx_word' id='word_1_775' title='bbox 1387 5108 1721 5183; x_wconf 69' lang='lat' dir='ltr'><strong>sanctitatem,</strong></span> <span class='ocrx_word' id='word_1_776' title='bbox 1747 5120 1804 5158; x_wconf 89' lang='lat' dir='ltr'><strong>ac</strong></span> <span class='ocrx_word' id='word_1_777' title='bbox 1827 5110 2116 5172; x_wconf 64' lang='lat' dir='ltr'><strong>praclaram</strong></span> <span class='ocrx_word' id='word_1_778' title='bbox 2138 5113 2429 5167; x_wconf 85' lang='lat' dir='ltr'><strong>monasterii</strong></span> <span class='ocrx_word' id='word_1_779' title='bbox 2455 5113 2936 5166; x_wconf 85' lang='lat' dir='ltr'><strong>administrationem</strong></span> <span class='ocrx_word' id='word_1_780' title='bbox 2966 5117 3293 5169; x_wconf 84' lang='lat' dir='ltr'><strong>commendat.</strong></span> 
     </span>
    </p>
   </div>
   <div class='ocr_carea' id='block_1_104' title="bbox 638 5192 2144 5264">
    <p class='ocr_par' dir='ltr' id='par_1_104' title="bbox 638 5192 2144 5264">
     <span class='ocr_line' id='line_1_105' title="bbox 638 5192 2144 5264; baseline 0.005 -15"><span class='ocrx_word' id='word_1_781' title='bbox 638 5193 796 5249; x_wconf 82' lang='lat' dir='ltr'><strong>Nunc</strong></span> <span class='ocrx_word' id='word_1_782' title='bbox 823 5192 986 5248; x_wconf 90' lang='lat' dir='ltr'><strong>etiam</strong></span> <span class='ocrx_word' id='word_1_783' title='bbox 1042 5209 1138 5264; x_wconf 87' lang='lat' dir='ltr'><strong>per</strong></span> <span class='ocrx_word' id='word_1_784' title='bbox 1166 5195 1376 5252; x_wconf 88' lang='lat' dir='ltr'><strong>litteras</strong></span> <span class='ocrx_word' id='word_1_785' title='bbox 1424 5194 1716 5252; x_wconf 87' lang='lat' dir='ltr'><strong>iuvisimus</strong></span> <span class='ocrx_word' id='word_1_786' title='bbox 1780 5199 2144 5256; x_wconf 83' lang='lat' dir='ltr'><strong>reverentiam</strong></span> 
     </span>
    </p>
   </div>
   <div class='ocr_carea' id='block_1_105' title="bbox 567 5290 2146 5367">
    <p class='ocr_par' dir='ltr' id='par_1_105' title="bbox 567 5290 2146 5367">
     <span class='ocr_line' id='line_1_106' title="bbox 567 5290 2146 5367; baseline 0.004 -21"><span class='ocrx_word' id='word_1_787' title='bbox 567 5300 740 5356; x_wconf 83' lang='lat' dir='ltr'><strong>tuam,</strong></span> <span class='ocrx_word' id='word_1_788' title='bbox 780 5290 925 5347; x_wconf 87' lang='lat' dir='ltr'><strong>scire</strong></span> <span class='ocrx_word' id='word_1_789' title='bbox 963 5299 1188 5346; x_wconf 84' lang='lat' dir='ltr'><strong>aventes</strong></span> <span class='ocrx_word' id='word_1_790' title='bbox 1221 5306 1385 5361; x_wconf 84' lang='lat' dir='ltr'><strong>quam</strong></span> <span class='ocrx_word' id='word_1_791' title='bbox 1408 5300 1734 5348; x_wconf 89' lang='lat' dir='ltr'><strong>constanter</strong></span> <span class='ocrx_word' id='word_1_792' title='bbox 1766 5292 1822 5348; x_wconf 86' lang='lat' dir='ltr'><strong>in</strong></span> <span class='ocrx_word' id='word_1_793' title='bbox 1852 5293 1961 5350; x_wconf 79' lang='lat' dir='ltr'><strong>vita</strong></span> <span class='ocrx_word' id='word_1_794' title='bbox 1989 5297 2146 5367; x_wconf 86' lang='lat' dir='ltr'><strong>spiri-</strong></span> 
     </span>
    </p>
   </div>
   <div class='ocr_carea' id='block_1_106' title="bbox 567 5381 2148 5462">
    <p class='ocr_par' dir='ltr' id='par_1_106' title="bbox 567 5381 2148 5462">
     <span class='ocr_line' id='line_1_107' title="bbox 567 5381 2148 5462; baseline 0.004 -22"><span class='ocrx_word' id='word_1_795' title='bbox 567 5381 699 5441; x_wconf 84' lang='lat' dir='ltr'><strong>tuali</strong></span> <span class='ocrx_word' id='word_1_796' title='bbox 735 5386 838 5441; x_wconf 86' lang='lat' dir='ltr'><strong>rite</strong></span> <span class='ocrx_word' id='word_1_797' title='bbox 876 5382 1102 5441; x_wconf 79' lang='lat' dir='ltr'><strong>ferenda</strong></span> <span class='ocrx_word' id='word_1_798' title='bbox 1150 5399 1480 5456; x_wconf 84' lang='lat' dir='ltr'><strong>perseveres.</strong></span> <span class='ocrx_word' id='word_1_799' title='bbox 1518 5385 1735 5443; x_wconf 83' lang='lat' dir='ltr'><strong>Etenim</strong></span> <span class='ocrx_word' id='word_1_800' title='bbox 1773 5396 1835 5444; x_wconf 85' lang='lat' dir='ltr'><strong>ut</strong></span> <span class='ocrx_word' id='word_1_801' title='bbox 1881 5387 1986 5446; x_wconf 83' lang='lat' dir='ltr'><strong>lioc</strong></span> <span class='ocrx_word' id='word_1_802' title='bbox 2017 5405 2148 5462; x_wconf 86' lang='lat' dir='ltr'><strong>aga-</strong></span> 
     </span>
    </p>
   </div>
   <div class='ocr_carea' id='block_1_107' title="bbox 637 5561 1010 5628">
    <p class='ocr_par' dir='ltr' id='par_1_107' title="bbox 637 5561 1010 5628">
     <span class='ocr_line' id='line_1_108' title="bbox 637 5561 1010 5628; baseline -0.011 -8"><span class='ocrx_word' id='word_1_803' title='bbox 637 5561 683 5593; x_wconf 77' lang='lat'>“</span> <span class='ocrx_word' id='word_1_804' title='bbox 707 5561 812 5619; x_wconf 75' lang='lat' dir='ltr'><strong>Job</strong></span> <span class='ocrx_word' id='word_1_805' title='bbox 849 5577 892 5628; x_wconf 77' lang='grc' dir='ltr'><strong>ι,</strong></span> <span class='ocrx_word' id='word_1_806' title='bbox 916 5562 1010 5616; x_wconf 70' lang='grc'><strong>21.</strong></span> 
     </span>
    </p>
   </div>
   <div class='ocr_carea' id='block_1_108' title="bbox 2324 5201 3813 5275">
    <p class='ocr_par' dir='ltr' id='par_1_108' title="bbox 2324 5201 3813 5275">
     <span class='ocr_line' id='line_1_109' title="bbox 2324 5201 3813 5275; baseline 0.001 -18"><span class='ocrx_word' id='word_1_807' title='bbox 2324 5203 2436 5258; x_wconf 81' lang='grc' dir='ltr'><strong>Καὶ</strong></span> <span class='ocrx_word' id='word_1_808' title='bbox 2468 5201 2565 5256; x_wconf 73' lang='grc' dir='ltr'><strong>ἐπὶ</strong></span> <span class='ocrx_word' id='word_1_809' title='bbox 2609 5201 2709 5255; x_wconf 82' lang='grc' dir='ltr'>τοῦ</span> <span class='ocrx_word' id='word_1_810' title='bbox 2764 5203 3036 5275; x_wconf 87' lang='grc' dir='ltr'>παρόντος</span> <span class='ocrx_word' id='word_1_811' title='bbox 3085 5202 3535 5274; x_wconf 78' lang='grc' dir='ltr'>ἑπισκεπτόμεθά</span> <span class='ocrx_word' id='word_1_812' title='bbox 3586 5222 3682 5259; x_wconf 88' lang='grc' dir='ltr'><strong>σου</strong></span> <span class='ocrx_word' id='word_1_813' title='bbox 3730 5204 3813 5272; x_wconf 60' lang='grc' dir='ltr'>τὴν</span> 
     </span>
    </p>
   </div>
   <div class='ocr_carea' id='block_1_109' title="bbox 2249 5292 3813 5368">
    <p class='ocr_par' dir='ltr' id='par_1_109' title="bbox 2249 5292 3813 5368">
     <span class='ocr_line' id='line_1_110' title="bbox 2249 5292 3813 5368; baseline -0.001 -20"><span class='ocrx_word' id='word_1_814' title='bbox 2249 5295 2546 5366; x_wconf 82' lang='grc' dir='ltr'>τιμιότητα</span> <span class='ocrx_word' id='word_1_815' title='bbox 2591 5293 2682 5348; x_wconf 72' lang='grc' dir='ltr'>διὰ</span> <span class='ocrx_word' id='word_1_816' title='bbox 2737 5292 2833 5348; x_wconf 79' lang='grc' dir='ltr'>τοῦ</span> <span class='ocrx_word' id='word_1_817' title='bbox 2876 5295 3231 5367; x_wconf 79' lang='grc' dir='ltr'>γράμματος,</span> <span class='ocrx_word' id='word_1_818' title='bbox 3283 5296 3597 5368; x_wconf 81' lang='grc' dir='ltr'>γλιχόμενοι</span> <span class='ocrx_word' id='word_1_819' title='bbox 3642 5296 3813 5368; x_wconf 77' lang='grc' dir='ltr'>μαθεῖν</span> 
     </span>
    </p>
   </div>
   <div class='ocr_carea' id='block_1_110' title="bbox 2246 5385 3811 5463">
    <p class='ocr_par' dir='ltr' id='par_1_110' title="bbox 2246 5385 3811 5463">
     <span class='ocr_line' id='line_1_111' title="bbox 2246 5385 3811 5463; baseline 0.002 -22"><span class='ocrx_word' id='word_1_820' title='bbox 2246 5387 2399 5453; x_wconf 85' lang='grc' dir='ltr'>ὅπως</span> <span class='ocrx_word' id='word_1_821' title='bbox 2428 5386 2597 5456; x_wconf 83' lang='grc' dir='ltr'>ὑγιῶς</span> <span class='ocrx_word' id='word_1_822' title='bbox 2639 5386 2846 5441; x_wconf 66' lang='grc' dir='ltr'>διατελε</span> <span class='ocrx_word' id='word_1_823' title='bbox 2877 5402 2906 5458; x_wconf 83' lang='grc' dir='ltr'><strong>η</strong></span> <span class='ocrx_word' id='word_1_824' title='bbox 2940 5385 3183 5461; x_wconf 67' lang='grc' dir='ltr'>φέρουσα</span> <span class='ocrx_word' id='word_1_825' title='bbox 3206 5387 3428 5458; x_wconf 58' lang='lat' dir='ltr'><strong>suavia;</strong></span> <span class='ocrx_word' id='word_1_826' title='bbox 3460 5388 3561 5463; x_wconf 76' lang='grc' dir='ltr'>τὴν</span> <span class='ocrx_word' id='word_1_827' title='bbox 3587 5406 3811 5460; x_wconf 75' lang='grc' dir='ltr'>πνευμα-</span> 
     </span>
    </p>
   </div>
   <div class='ocr_carea' id='block_1_111' title="bbox 1105 5560 2845 5636">
    <p class='ocr_par' dir='ltr' id='par_1_111' title="bbox 1105 5560 2845 5636">
     <span class='ocr_line' id='line_1_112' title="bbox 1105 5560 2845 5636; baseline 0.008 -21"><span class='ocrx_word' id='word_1_828' title='bbox 1105 5561 1151 5595; x_wconf 80' lang='grc'><strong>⁶³</strong></span> <span class='ocrx_word' id='word_1_829' title='bbox 1186 5560 1207 5615; x_wconf 89' lang='lat' dir='ltr'><strong>l</strong></span> <span class='ocrx_word' id='word_1_830' title='bbox 1243 5561 1372 5619; x_wconf 87' lang='lat' dir='ltr'><strong>Cor.</strong></span> <span class='ocrx_word' id='word_1_831' title='bbox 1402 5581 1459 5632; x_wconf 78' lang='grc' dir='ltr'>χ,</span> <span class='ocrx_word' id='word_1_832' title='bbox 1488 5567 1578 5622; x_wconf 82' lang='lat' dir='ltr'><strong>l5.</strong></span> <span class='ocrx_word' id='word_1_833' title='bbox 1651 5566 1697 5601; x_wconf 81' lang='lat'><strong>&quot;</strong></span> <span class='ocrx_word' id='word_1_834' title='bbox 1725 5565 1844 5624; x_wconf 83' lang='lat' dir='ltr'><strong>Jac.</strong></span> <span class='ocrx_word' id='word_1_835' title='bbox 1877 5583 1952 5634; x_wconf 83' lang='lat' dir='ltr'><strong>tv,</strong></span> <span class='ocrx_word' id='word_1_836' title='bbox 1990 5567 2077 5623; x_wconf 73' lang='grc'><strong>14.</strong></span> <span class='ocrx_word' id='word_1_837' title='bbox 2151 5567 2198 5601; x_wconf 80' lang='grc'><strong>⁸⁷</strong></span> <span class='ocrx_word' id='word_1_838' title='bbox 2224 5565 2363 5624; x_wconf 89' lang='lat' dir='ltr'><strong>Gen.</strong></span> <span class='ocrx_word' id='word_1_839' title='bbox 2394 5582 2510 5636; x_wconf 75' lang='lat' dir='ltr'><strong>xxi,</strong></span> <span class='ocrx_word' id='word_1_840' title='bbox 2533 5564 2697 5622; x_wconf 82' lang='lat' dir='ltr'><strong>7sec.</strong></span> <span class='ocrx_word' id='word_1_841' title='bbox 2731 5564 2845 5628; x_wconf 58' lang='lat' dir='ltr'><strong>LXI</strong></span> 
     </span>
    </p>
   </div>
   <div class='ocr_carea' id='block_1_112' title="bbox 2089 5701 2320 5762">
    <p class='ocr_par' dir='ltr' id='par_1_112' title="bbox 2089 5701 2320 5762">
     <span class='ocr_line' id='line_1_113' title="bbox 2089 5701 2320 5762; baseline 0.009 -3"><span class='ocrx_word' id='word_1_842' title='bbox 2089 5701 2320 5762; x_wconf 75' lang='grc' dir='ltr'><strong>ΝΟΤιΕ.</strong></span> 
     </span>
    </p>
   </div>
   <div class='ocr_carea' id='block_1_113' title="bbox 637 5815 1318 5890">
    <p class='ocr_par' dir='ltr' id='par_1_113' title="bbox 637 5815 1318 5890">
     <span class='ocr_line' id='line_1_114' title="bbox 637 5815 1318 5890; baseline 0 -18"><span class='ocrx_word' id='word_1_843' title='bbox 637 5816 754 5889; x_wconf 83' lang='lat'><strong>(69)</strong></span> <span class='ocrx_word' id='word_1_844' title='bbox 786 5816 843 5871; x_wconf 93' lang='lat' dir='ltr'><strong>In</strong></span> <span class='ocrx_word' id='word_1_845' title='bbox 866 5816 988 5882; x_wconf 76' lang='lat' dir='ltr'><strong>cod,</strong></span> <span class='ocrx_word' id='word_1_846' title='bbox 1021 5815 1153 5887; x_wconf 79' lang='lat' dir='ltr'><strong>Reg.</strong></span> <span class='ocrx_word' id='word_1_847' title='bbox 1191 5815 1318 5890; x_wconf 84' lang='grc' dir='ltr'>ροθ⁹.</span> 
     </span>
    </p>
   </div>
  </div>
