4102 6374
285 311 422 377 1549

1483 307 2024 382 EPISTOLARUM
2080 305 2230 369 LIB.
2268 303 2351 366 II.

3409 303 3542 368 1550

276 426 436 496 τικὴν
459 423 626 493 ζωήν.
664 422 776 476 Καὶ
801 423 914 495 γάρ
947 422 1108 492 ἔργον
1141 421 1272 493 ήμίν
1302 417 1651 490 ὀφειλόμενον
1701 416 1860 472 τοῦτο

1987 430 2112 481 nus,
2140 415 2301 472 ollicii
2330 423 2416 470 est
2445 414 2618 470 nostri
2650 432 2663 468 :
2691 424 2962 485 quatenus
2995 424 3054 470 tu
3100 416 3326 486 teipsam
3364 416 3544 469 burni-

283 518 458 571 ποιεῖν
483 531 497 546 ’
529 514 781 586 καθάπερ
805 515 902 568 καὶ
935 513 1080 583 αὐτη
1106 509 1607 583 προωνατέθεικας
1663 508 1865 580 ἑαυτὴν

283 611 350 680 τῇ
381 605 710 662 ταπεινώσει
737 606 914 677 ήμῶν,
949 605 1046 658 ἀπ’
1077 603 1249 672 αὐτῆς
1288 605 1389 674 τῆς
1421 601 1698 674 μακαρίας
1759 619 1864 670 μη-

281 697 412 769 τρός
442 713 536 750 σου
568 713 582 726 ’
617 689 684 767 ἦς
718 696 778 748 τὸ
812 694 1154 765 μνημόσυνον
1179 695 1238 746 ὲν
1270 691 1439 763 βίϐλῳ
1494 681 1739 757 ξώντωψ
1767 707 1864 743 καο

282 787 391 851 λῶς
423 785 720 858 βιωσάσης,
753 784 845 838 καὶ
875 782 1204 855 χαρακτῆρα
1235 781 1518 845 εὐσεϐείας
1550 781 1642 834 τὸν
1666 779 1868 849 ἑαυτῆς

287 879 402 952 βίον
431 877 856 946 καταλιπούσης,
891 876 952 928 οὐ
991 875 1156 945 μόνον
1184 891 1266 928 σοι
1300 877 1367 947 τῇ
1409 876 1532 945 ἱερᾷ
1585 873 1680 928 καὶ
1744 871 1864 925 θεό-

284 987 467 1042 φρονι,
501 971 620 1031 ταῖς
652 985 710 1022 τε
745 967 850 1019 ὑπὸ
877 968 1056 1036 χεῖρα,
1114 965 1250 1019 ἀλλά
1299 965 1394 1018 καὶ¹
1451 967 1617 1018 πᾶσιν
1664 963 1866 1031 ἄλλοις,

284 1057 367 1126 οἷς
397 1063 513 1115 ἐστι
545 1059 710 1122 πόθος
739 1059 934 1128 ζηλοῦν
965 1061 1032 1111 τὰ
1079 1058 1240 1112 καλά.
1274 1057 1346 1112 Τὸ
1385 1057 1516 1126 γοῦν
1564 1055 1870 1127 ὑπόδειγμα

284 1157 384 1225 τῆς
415 1153 614 1224 ἀρετῆς
643 1151 914 1222 μητρόθεν
945 1152 1164 1222 ἔχουσα,
1199 1149 1434 1221 πρόσθες
1458 1150 1553 1203 καὶ
1603 1150 1672 1202 τὰ
1726 1149 1870 1203 κατὰ

287 1246 490 1310 σαυτὴν
513 1244 616 1306 ἔτι,
644 1244 828 1315 κυρία,
853 1242 1300 1314 παρακαλοῦμεν·
1326 1241 1385 1309 ἐξ
1409 1243 1615 1306 εἰκόνος
1641 1242 1870 1314 ἀρίστης

287 1337 454 1391 εἰκὼν
475 1336 736 1407 γινομένη
761 1335 857 1390 καὶ
889 1337 1029 1408 αὐτὴ
1055 1331 1239 1390 ὲνθέου
1272 1335 1388 1406 βίου
1417 1338 1530 1398 τοῖς
1562 1333 1730 1405 ὁρῶσί
1783 1350 1864 1397 σε,

289 1423 480 1500 ὥσπερ
536 1431 630 1481 καὶ
654 1428 848 1497 γίνοιο,
919 1429 1029 1481 Kal.
1054 1427 1164 1499 γὰρ
1193 1426 1466 1497 ἀκούομεν
1519 1426 1598 1480 ἔτι
1643 1427 1737 1480 καὶ
1789 1425 1870 1478 ἔτι

290 1523 360 1576 τὰ
424 1521 564 1576 καλά
621 1537 681 1574 σε
711 1520 1060 1592 πράττουσαν
1090 1537 1106 1552 ο
1153 1519 1314 1573 τοῦτο
1339 1521 1436 1590 μὲν
1472 1522 1531 1574 ὲν
1590 1522 1658 1591 τῇ
1693 1517 1871 1590 καθη-

290 1613 452 1684 γήσει
482 1611 589 1666 τῶν
621 1612 889 1682 ἀδελφῶν,
930 1613 1028 1684 μιᾷ
1066 1611 1212 1682 ψυχῇ
1240 1610 1603 1682 ἀγαπητικῶς
1632 1612 1734 1675 τὰς
1775 1610 1874 1665 πά,

292 1723 393 1768 σας
413 1703 761 1776 συνέχουσαν,
781 1705 1164 1776 γρηγοροῦσαν
1193 1703 1260 1755 τὰ
1284 1703 1420 1774 πρὸς
1438 1703 1592 1769 Θεὸν,
1622 1703 1680 1756 ὲν
1706 1720 1874 1774 προσ-

293 1799 503 1867 ευχαῖς,
537 1799 594 1849 ὲν
626 1793 988 1866 ψαλμῳδίαις,
1043 1799 1100 1850 ὲν
1165 1794 1504 1862 ἀναγνώσεσι
1538 1813 1554 1828 ο

293 1890 391 1941 καὶ
422 1888 478 1940 ἐν
513 1887 826 1959 φιλαδέλφῳ
891 1885 1168 1959 ξενοδοχίᾳ
1217 1888 1573 1959 πολυτρόπως
1627 1889 1880 1959 διαμερι-

295 1979 532 2051 ζομένην
577 1983 698 2044 ταῖς
739 1978 1055 2051 φροντίσεσί
1084 1997 1145 2033 τε
1177 1981 1272 2034 καὶ
1297 1981 1570 2034 ὲπιδόσεσι
1596 1999 1610 2012 ·
1642 1981 1737 2036 καὶ
1768 1973 1880 2036 οἷόν

293 2090 379 2136 τις
401 2072 678 2144 ὀφθαλμὸς
704 2075 762 2124 ἐν
795 2070 1028 2142 σώματι,
1053 2071 1212 2126 τοῦτο
1261 2075 1319 2126 ὲν
1345 2075 1410 2144 τῇ
1447 2071 1756 2138 Βυζαντίδι,
1805 2072 1882 2138 ὡς

295 2163 568 2225 κατανοῶ,
599 2163 658 2216 τὸ
681 2163 773 2217 σὸν
795 2165 1159 2235 μοναστήριον
1179 2182 1194 2196 ο
1217 2164 1285 2218 δι’
1319 2154 1380 2218 οῦ
1412 2162 1696 2229 δοξάζεται
1724 2164 1880 2231 Θεὸς,

296 2255 392 2310 καὶ
425 2255 610 2324 ἣδεται
666 2255 923 2327 ἀρρήτως
973 2256 1006 2327 ή
1045 2255 1294 2326 μακαρία
1353 2257 1536 2328 μήτηρ
1571 2272 1587 2288 ο
1649 2256 1882 2324 ἐπείπερ

295 2345 561 2415 ἠξίωνται
594 2345 644 2398 οἱ
684 2345 830 2412 ἅγιοι
858 2344 1079 2415 βλέπειν
1135 2347 1245 2400 τῶν
1300 2348 1448 2416 σφῶν
1503 2347 1761 2418 μαθητῶν
1813 2347 1884 2400 τὰ

298 2435 726 2507 κατορθώματα.
760 2435 990 2507 Χαίροις
1042 2436 1156 2499 οῦν,
1188 2437 1366 2509 ἀγαθὴ
1420 2437 1729 2502 διδάσκαλε,
1789 2438 1886 2490 καὶ

301 2527 486 2598 μήτηρ
509 2526 875 2596 γνησιεύουσα
895 2527 1003 2580 τῶν
1031 2529 1172 2582 κατά
1202 2529 1334 2582 Θεὸν
1365 2531 1574 2583 τέκνων
1600 2547 1613 2560 ·
1646 2529 1744 2583 καὶ
1777 2530 1873 2584 ἀλ-

298 2618 382 2672 λοι
420 2618 519 2688 μὲν
552 2619 831 2690 ἐχέτωσαν
861 2620 1020 2686 δόξας
1048 2621 1244 2689 γηΐνας
1303 2621 1402 2674 καὶ
1467 2621 1882 2692 λαμπρότητας,

297 2709 612 2781 διαδήματά
669 2728 729 2764 τε
773 2710 868 2764 καὶ
919 2709 1325 2781 στεφανώματα
1381 2710 1696 2782 πρόσκαιρα
1725 2728 1738 2742 ·
1801 2711 1886 2765 σοὶ

299 2805 358 2859 δὲ
417 2807 642 2878 ἀρκέσει
665 2807 694 2860 ὁ
725 2809 958 2878 σταυρὸς
984 2807 1246 2879 Χριστοῦ,
1273 2808 1302 2860 ὁ
1331 2807 1626 2878 θεόληπτος
1662 2807 1795 2878 βίος,
1857 2810 1886 2861 ὁ

299 2897 727 2970 χριστοπόθητος
753 2899 1063 2971 παρθενών,
1104 2902 1154 2952 εί
1185 2900 1239 2953 δὲ
1272 2899 1476 2972 βούλει,
1499 2901 1568 2956 τά
1595 2900 1736 2972 ὑπὲρ
1755 2918 1888 2971 χρυ-

303 2990 416 3044 σίον
439 2991 535 3043 καὶ
565 2989 716 3045 λίθον
763 2991 950 3062 τίμιον
978 2991 1393 3064 τιμαλφέστερα
1417 2992 1575 3061 λόγια
1595 2993 1690 3044 τοῦ
1707 2991 1842 3045 Θεοῦ
1869 3006 1884 3020 ⁸

303 3082 369 3134 τὸ
395 3082 552 3152 φαιὸν
583 3084 818 3154 ἱμάτιον,
852 3085 886 3155 ή
923 3083 1285 3154 ἀκολούθησις
1311 3085 1405 3138 τοῦ
1454 3083 1694 3155 Χριστοῦ
1721 3101 1734 3114 ·
1768 3084 1886 3139 am.

297 3175 369 3229 νά
399 3175 516 3228 ἐστι
547 3175 718 3246 μείζω
753 3177 974 3232 πάντων
997 3177 1106 3232 τῶν
1151 3178 1434 3247 ἐπιγείων,
1475 3179 1572 3232 κα)⁸
1626 3178 1882 3250 ἁρῤαϐωο

301 3268 536 3337 νίσματα
576 3270 676 3340 τῆς
702 3268 980 3338 βασιλείας
999 3271 1110 3322 τῶν
1141 3269 1408 3339 οὐρανῶν.
1657 3267 1664 3272 ’

370 3359 464 3429 Μή
492 3376 575 3412 σοι
603 3359 790 3413 λοιπόν
812 3377 944 3414 ποτε
972 3363 1208 3434 νυστάξῃ
1229 3363 1288 3416 τὸ
1315 3363 1469 3434 ὄμμα
1494 3362 1594 3434 τῆς
1625 3361 1888 3426 διανοίας,

309 3451 448 3522 μηδὲ
481 3453 515 3522 ή
561 3451 699 3523 ἀκοὴ
741 3452 842 3522 τῆς
871 3453 1098 3523 καρδίας
1126 3455 1509 3527 ἀνακουστήσῃ
1529 3472 1544 3486 ο
1579 3455 1715 3525 μηδὲ
1754 3451 1890 3524 λήξῃ

306 3541 400 3594 σού
432 3559 564 3594 ποτε
604 3543 633 3594 ὁ
655 3541 796 3606 θεῖος
826 3541 967 3613 ἔρως
1001 3559 1015 3573 ο
1075 3544 1217 3597 ἀλλὰ
1239 3545 1348 3618 γὰρ
1399 3547 1494 3598 καὶ
1549 3545 1891 3616 προσθήκαις

303 3631 517 3701 ἀρετῶν
550 3632 638 3685 ἀεὶ
682 3632 968 3698 ἐπαύξαιο,
1002 3633 1276 3688 νύσσουσα
1329 3637 1426 3688 καὶ⁹
1479 3635 1893 3689 κατανύσσουσα

303 3721 402 3794 τὴν
427 3723 627 3794 ψυχὴν,
661 3724 755 3778 καὶ
779 3723 970 3794 ῶσπερ
997 3725 1060 3779 ἐκ
1086 3743 1232 3790 τινος
1250 3727 1438 3798 πηγῆς
1471 3727 1780 3798 προχέουσα
1801 3727 1888 3781 δά·

306 3830 496 3884 κρυον.
532 3813 711 3868 Καλὸν
749 3816 858 3886 γάρ
882 3816 1028 3870 ἐστιν
1061 3818 1143 3870 ὅτι
1179 3817 1416 3887 μάλιστα
1443 3815 1504 3870 τὸ
1545 3816 1689 3888 ὕδωρ
1713 3816 1891 3870 τοῦτο·

307 3905 563 3978 καθαίρει
591 3907 793 3980 ψυχὴν,
825 3907 938 3962 ἔσθ’
963 3909 1054 3962 ὅτε
1092 3909 1444 3982 ρυπουμένην
1471 3911 1530 3962 ὲν
1585 3909 1894 3979 λογισμοῖςο

308 3997 564 4065 σϐέννυ-σι
601 3999 714 4070 πῦρ
763 3998 824 4064 ἐξ
854 4001 1187 4070 ἀπροσεξίας
1221 4000 1596 4072 ἀναπτόμενον
1629 4002 1732 4054 ὐπὸ
1757 4001 1896 4073 ἔρω-

305 4105 398 4152 τος
429 4089 632 4160 σαρκός
651 4106 664 4120 ο
699 4090 1027 4156 κατευνάζει
1055 4094 1345 4164 ταραχώδη
1382 4093 1624 4148 διάθεσιν
1653 4094 1746 4147 καὶ
1771 4094 1899 4148 δυσ-

310 4179 508 4250 μενοῦς
541 4181 849 4253 προσϐολῆς
874 4201 887 4216 ·
931 4183 1268 4254 κάμπτειτῷ
1296 4185 1408 4238 ὄντι
1435 4185 1569 4239 Θεὸν
1612 4187 1692 4248 εἰς
1727 4185 1896 4240 ἔλεον·

313 4273 408 4326 καὶ
441 4273 625 4342 ἵστησι
655 4275 818 4327 πάλιν
873 4277 966 4328 ἐπὶ
997 4277 1098 4346 τῆς
1133 4281 1405 4350 προτέρας
1431 4280 1784 4351 γνησιότητος
1810 4279 1901 4333 τὸν

309 4365 573 4436 ἐραστήν.
611 4366 760 4437 Σοφὴ
797 4362 956 4431 οῦσα,
987 4370 1095 4422 νόει
1128 4369 1164 4424 ἃ
1193 4369 1358 4440 λέγω.
1412 4370 1611 4424 Δίδωσι
1664 4371 1772 4440 γάρ
1819 4386 1901 4422 σοι

1967 508 2106 564 litati
2133 517 2339 564 nostra:
2364 507 2691 563 commisisti
2748 517 2872 578 post
2893 507 3102 564 obitum
3129 509 3304 564 beatae
3357 513 3550 564 matris

1965 611 2072 655 tuae
2098 617 2113 668 ;
2142 600 2300 668 cujus
2327 599 2590 655 memoria
2613 599 2669 654 in
2699 600 2998 654 viventium
3032 599 3176 654 libro
3201 609 3306 662 est,
3339 607 3398 653 ut
3428 613 3553 667 quae

1967 705 2162 750 sancte
2197 693 2373 748 vixit:
2399 693 2725 764 pietatisque
2755 692 3012 758 formam,
3043 708 3202 749 suam
3241 693 3417 763 ipsius
3468 695 3553 746 vi-

1969 795 2076 841 tam
2116 787 2356 856 reliquit,
2386 800 2495 841 non
2546 785 2724 839 solum
2753 785 2872 850 tibi,
2919 801 3042 855 quae
3074 801 3230 840 sacra
3263 801 3343 849 es,
3372 795 3426 839 et
3466 785 3554 839 di-

1968 881 2096 935 vina
2149 881 2318 949 sapis,
2367 888 2422 933 et
2459 879 2526 933 iis
2565 893 2688 948 quae
2732 879 2834 933 sub
2865 894 3030 933 manu
3063 887 3154 933 tua
3193 887 3325 934 sunt
3351 877 3556 934 sorori-

1967 971 2095 1037 bus,
2149 972 2243 1026 sed
2274 971 2398 1025 aliis
2452 971 2616 1024 etiam
2673 969 2952 1035 omnibus,
2977 972 3069 1040 qui
3106 979 3254 1026 recta
3307 969 3554 1026 aemulari

1969 1064 2299 1120 desiderant.
2342 1062 2476 1118 Cum
2533 1079 2664 1135 ergo
2705 1063 2920 1117 virtutis
2968 1064 3279 1134 exemplum
3319 1079 3348 1117 a
3385 1073 3558 1117 matre

1969 1155 2194 1220 habeas,
2227 1155 2401 1225 adjice
2447 1156 2672 1226 insuper
2700 1172 2822 1228 quae
2849 1167 2939 1210 tua
2976 1168 3128 1222 sunt,
3160 1155 3407 1220 domina,
3454 1155 3555 1210 ob‘

1970 1261 2238 1306 testamur
2271 1289 2286 1314 ,
2325 1261 2380 1304 ut
2425 1266 2488 1305 ex
2529 1251 2735 1318 Optima
2773 1251 3009 1330 imagine
3035 1249 3217 1320 imago
3249 1261 3303 1306 et
3337 1251 3454 1320 ipsa
3483 1249 3564 1305 di-

1972 1344 2114 1398 vina:
2171 1344 2296 1398 vita:
2347 1344 2428 1397 sis
2461 1341 2834 1410 intuentibus,
2870 1343 3336 1414 quemadmodum
3375 1358 3561 1398 revera

1974 1436 2159 1490 futura
2189 1452 2268 1491 es.
2305 1435 2486 1490 Audio
2527 1435 2672 1490 enim
2697 1437 2863 1490 etiam
2887 1441 3056 1506 atque
3092 1435 3257 1490 etiam
3299 1435 3561 1506 prmclara

1974 1543 2101 1598 qua:
2127 1528 2298 1599 geris,
2322 1529 2521 1599 partim
2541 1529 2686 1582 circa
2720 1528 3106 1597 praefecturam
3137 1541 3414 1595 sororum,
3437 1544 3566 1584 cun.

1975 1633 2092 1678 ctas
2123 1623 2176 1677 in
2203 1623 2387 1677 anima
2409 1637 2514 1676 una
2535 1637 2631 1692 per
2649 1621 2971 1676 charitatem
2995 1631 3307 1686 continens,
3333 1621 3566 1692 vigilans

1976 1719 2034 1769 in
2088 1715 2157 1770 iis
2197 1730 2322 1784 quae
2376 1715 2442 1768 ad
2477 1713 2646 1768 Deum
2699 1723 2968 1783 spectant,
3013 1713 3067 1768 in
3112 1713 3478 1775 orationibus,
3511 1714 3563 1766 in

1613 1796 1770 1849 τοῦτο
1813 1796 1871 1849 δὲ
1905 1795 1949 1850 Β
1980 1803 2326 1875 psalmodiis,
2352 1803 2406 1856 in
2435 1801 2766 1858 lectionibus
2803 1823 2816 1857 :
2853 1804 3054 1872 partim
3086 1814 3142 1857 et
3179 1803 3233 1856 in
3262 1803 3442 1857 amica
3466 1801 3565 1856 ho—

1981 1895 2182 1962 spitum
2219 1906 2476 1947 sororum
2509 1891 2847 1960 receptione,
2879 1890 3125 1944 animum
3170 1890 3224 1943 in
3255 1903 3420 1944 curas
3461 1887 3566 1941 lar-

1981 1982 2326 2055 gitionesque
2364 1981 2656 2038 dividens:
2688 1981 2946 2052 quodque
3000 1981 3196 2037 oculus
3234 1992 3318 2035 est
3356 1979 3408 2034 in
3441 1993 3566 2034 εον⁴

1980 2090 2136 2148 pore,
2169 2075 2270 2130 hoc
2295 2075 2350 2129 in
2381 2074 2685 2148 Byzantina
2709 2075 2867 2140 urbe,
2902 2085 2965 2128 ut
2993 2074 3260 2143 intelligo,
3294 2079 3572 2126 monaste-

1983 2169 2130 2222 rium
2193 2177 2347 2222 tuum
2396 2165 2608 2238 :cujus
2672 2169 2844 2238 gratia
2903 2166 3238 2238 glorificatur
3311 2163 3477 2229 Deus,
3516 2170 3571 2218 et

1983 2259 2143 2316 beata
2197 2269 2372 2314 mater
2423 2259 2639 2314 laetatur
2676 2275 2839 2330 supra
2865 2274 3029 2330 quam
3056 2259 3162 2313 dici
3203 2265 3385 2328 potest
3417 2273 3432 2311 :
3462 2257 3568 2312 hoc

1983 2352 2130 2407 enim
2169 2350 2351 2406 meriti
2404 2360 2532 2406 sunt
2576 2351 2779 2417 sancti,
2809 2358 2868 2404 ut
2906 2347 3304 2418 discipulorum
3339 2359 3567 2403 suorum

1983 2451 2134 2497 recte
2180 2440 2322 2496 facta
2373 2440 2612 2496 videant.
2649 2440 2839 2496 Gaude
2878 2441 3066 2510 igitur,
3096 2439 3236 2493 bona
3285 2436 3569 2506 magistra,
3650 2438 3652 2441 ’

1983 2545 2039 2590 ει
2093 2550 2221 2589 vera
2257 2543 2432 2589 mater
2479 2535 2783 2590 secundum
2832 2532 3044 2587 Deum:
3076 2531 3293 2600 sibique
3337 2529 3573 2584 habeant

1985 2627 2078 2682 alii
2103 2627 2402 2698 dignitates
2461 2637 2710 2683 terrenas
2753 2634 2807 2681 et
2839 2624 3142 2687 claritatcs,
3177 2622 3486 2678 diademata
3519 2627 3574 2674 et

1985 2719 2167 2774 brevis
2199 2717 2461 2787 temporis
2486 2733 2760 2784 coronas;
2802 2717 2899 2770 tibi
2946 2731 3075 2771 vero
3124 2717 3261 2770 satis
3289 2713 3395 2769 erit
3435 2725 3572 2768 crux

1984 2808 2211 2871 Christi,
2239 2807 2348 2860 vita
2382 2805 2492 2862 Deo
2533 2819 2776 2877 accepta,
2802 2805 3024 2861 Christo
3064 2807 3230 2860 chara
3295 2805 3572 2875 virginum

1985 2901 2204 2968 domus,
2240 2918 2326 2969 ac,
2360 2903 2405 2959 si
2433 2903 2596 2956 modo
2641 2904 2747 2969 vis,
2771 2901 3151 2956 desiderabilia
3184 2916 3348 2972 super
3378 2915 3574 2954 aurum

1986 3003 2041 3047 et
2091 2993 2324 3064 lapidem
2359 2994 2686 3064 pretiosum,
2735 2991 2953 3060 eloquia
3019 2990 3157 3044 Dei:
3190 2989 3337 3060 pulla
3381 2987 3572 3050 vestis,

1987 3086 2324 3142 consectatio
2373 3085 2623 3140 Christi:
2659 3099 2782 3153 quae
2834 3075 3072 3152 quidem'
3111 3082 3340 3137 terrenis
3395 3081 3578 3136 omni»

1992 3177 2096 3232 bus
2130 3177 2293 3232 bonis
2335 3178 2549 3247 potiora
2581 3185 2732 3240 sunt,
2764 3183 2819 3229 ct
2844 3175 3072 3244 pignora
3105 3177 3258 3245 regni
3307 3172 3574 3227 caelestis.

2063 3353 2329 3408 Caeterum
2378 3365 2663 3422 nunquam
2698 3351 2794 3405 tibi
2822 3351 3085 3406 dormitet
3125 3351 3322 3408 oculus
3355 3352 3575 3416 mentis,

1993 3461 2170 3516 neque
2220 3447 2372 3501 auris
2426 3447 2610 3501 cordis
2661 3446 3040 3512 obsordescat,
3097 3461 3276 3516 neque
3334 3459 3626 3514 unquam!

1994 3549 2172 3594 cesset
2219 3539 2439 3593 divinus
2473 3554 2627 3593 amor
2659 3549 2784 3594 tuus
2818 3554 2836 3604 ;
2875 3540 2970 3593 sed
3023 3538 3372 3594 incrementis
3405 3539 3580 3593 virtu.

1993 3641 2111 3686 tum
2177 3647 2396 3702 semper
2451 3631 2730 3702 augeatis,
2787 3647 3041 3702 pungens
3100 3640 3155 3686 et
3208 3647 3582 3702 compungens

1995 3727 2256 3792 animam,
2295 3734 2351 3780 et
2399 3733 2661 3793 tanquam
2701 3740 2768 3778 ex
2823 3724 2970 3778 fonte
3021 3724 3257 3793 quodam
3310 3724 3582 3795 lacrymas

1996 3818 2302 3874 eﬂ‘undens.
2363 3817 2596 3872 Pulchra
2649 3817 2796 3869 enim
2830 3825 2913 3870 est
2967 3831 3133 3886 quam
3179 3815 3418 3868 maxime
3468 3813 3586 3868 ba-c

1998 3924 2162 3978 aqua,
2208 3919 2264 3962 et
2305 3908 2544 3962 animam
2585 3905 3018 3975 cogitationibus
3050 3903 3322 3959 interdum
3356 3902 3586 3958 sorden-

1999 4013 2106 4058 tem
2130 4002 2263 4055 eluit
2293 4017 2308 4065 ;
2346 4002 2522 4070 ignem
2560 3999 2883 4068 exstinguit,
2911 3999 3004 4068 qui
3035 4013 3098 4052 ex
3129 3996 3458 4065 negligentia
3488 4011 3587 4066 per

2000 4093 2186 4149 carnis
2231 4107 2475 4147 amorem
2511 4091 2865 4155 accenditur;
2900 4090 3054 4145 sedat
3085 4089 3453 4143 turbulentam
3496 4085 3586 4143 af-

2003 4183 2296 4255 fectionem
2349 4183 2418 4236 ab
2474 4180 2632 4235 hoste
2712 4179 2972 4249 iujectam
3017 4197 3030 4233 :
3076 4178 3306 4234 inﬂectit
3357 4194 3587 4248 prorsus

2002 4273 2170 4330 Deum
2199 4274 2266 4328 ad
2307 4273 2781 4328 misericordiam:
2817 4283 2872 4328 et
2902 4274 2957 4327 in
3005 4272 3243 4343 pristina
3274 4271 3589 4328 sinceritate

2002 4382 2196 4422 rursus
2225 4366 2524 4421 constituet
2555 4376 2880 4421 amatorem.
2926 4366 3159 4435 Sapiens
3220 4381 3343 4419 cum
3371 4366 3468 4430 sis,
3501 4367 3588 4419 in-

310 4454 516 4525 Κύριος
564 4457 746 4528 χάριν,
795 4460 890 4511 καὶ
930 4459 1121 4514 δὼσειέ
1160 4479 1246 4516 σοι
1302 4463 1406 4525 ἔτι,
1451 4465 1530 4525 εἰς
1551 4465 1613 4516 τὸ
1656 4465 1886 4534 στέργειη

2006 4461 2186 4530 tellige
2214 4460 2357 4530 quod
2391 4460 2535 4514 dico.
2583 4460 2684 4514 Dat
2709 4461 2855 4514 enim
2909 4460 3006 4514 tibi
3037 4457 3302 4513 Dominus
3332 4460 3586 4528 gratiam,

311 4551 474 4604 αὐτὸν
545 4553 642 4605 καὶ
714 4554 1190 4626 ἀντιστέργεσθαι,
1269 4560 1457 4613 ποθεῖν
1514 4560 1607 4613 καὶ
1659 4561 1894 4614 ἀντιπο-

312 4641 564 4696 θεῖσθαισ
620 4644 696 4708 ὡς
761 4645 828 4699 ἂν
880 4647 994 4712 ἕξει
1050 4650 1147 4703 καὶ
1207 4651 1292 4703 σοὶ
1363 4652 1538 4705 εἰπεῖν
1591 4652 1730 4722 μετὰ
1801 4651 1896 4704 τοῦ

323 4733 650 4787 ’Δποστόλου
683 4751 697 4765 ·
735 4735 827 4788 Ζῶ
855 4737 944 4803 δὲ,
979 4739 1182 4794 οὐκέτι
1221 4741 1354 4811 ἐγὼ,
1385 4741 1458 4810 ζῇ
1519 4743 1586 4796 δὲ
1643 4741 1716 4796 ἐν
1772 4741 1902 4812 ἐμοὶ

311 4826 587 4892 Χριστός.
620 4827 729 4880 Καὶ
785 4830 894 4901 γὰρ
922 4832 950 4882 ὁ
1012 4833 1243 4901 ἀγαπῶν
1284 4835 1586 4907 ὁλοσχερῶς
1641 4835 1732 4888 τὸν
1772 4835 1905 4889 Θεὸν

311 4916 589 4981 ἐξίσταται
635 4920 851 4984 ἑαυτοῦ,
896 4924 954 4976 ὲν
1003 4925 1082 4993 τῷ
1107 4927 1461 4997 ἀγαπωμένῳ
1508 4929 1602 4980 καὶ
1638 4929 1747 4992 ζῶν
1812 4930 1907 4981 καὶ

313 5009 634 5079 κινούμενος
687 5012 782 5066 καὶ
824 5013 922 5068 ῶν.
966 5017 1236 5088 Τοιαύτην
1287 5037 1348 5072 σε
1395 5020 1424 5071 ό
1466 5019 1624 5089 λόγος
1663 5021 1911 5090 ἐπιζητεῖ

312 5101 411 5172 τήν
459 5101 700 5170 Νύμφην
728 5104 823 5156 τοῦ
879 5107 1150 5176 Χριστοῦ,
1183 5111 1345 5178 καίγε
1416 5112 1517 5175 τὰς
1557 5113 1661 5166 ὑπὸ
1725 5112 1785 5165 σὲ
1816 5112 1908 5166 θυο

313 5196 556 5268 γατέρας
585 5196 746 5253 Θεοῦ.
774 5198 885 5252 Καὶ
915 5198 968 5250 τί
1005 5199 1070 5252 τὸ
1094 5200 1377 5266 ὲντεῦθεν;
1405 5203 1434 5254 ὁ
1467 5202 1719 5272 Νυμφίος
1766 5203 1903 5273 Χρι-

317 5287 443 5351 στὸς
464 5288 494 5340 ὁ
521 5289 846 5359 ἐπουράνιος
877 5305 938 5343 νυ
946 5289 1128 5361 μφὼν,
1146 5293 1242 5346 καὶ
1261 5293 1328 5346 τὰ
1349 5293 1532 5362 ἀγαθὰ
1551 5295 1650 5364 τῆς
1675 5295 1787 5348 ἄνω
1810 5293 1904 5348 Ἱε-

305 5380 842 5452 .ρουσαλὴμ,αῦτηή
876 5381 1128 5452 βασιλεία
1181 5386 1292 5438 τῶν
1340 5386 1589 5458 οὐρανῶν
1635 5388 1728 5441 καὶ
1803 5387 1906 5441 ὅσα

317 5470 656 5539 ἐπήγγελται
673 5473 1055 5528 ἁναπαυστικά
1073 5479 1185 5540 τοῖς
1211 5477 1408 5546 ἁγίοιςο
1427 5478 1462 5532 ἃ
1478 5479 1730 5548 φθάσασα
1747 5480 1778 5549 ή
1800 5497 1914 5550 μαε

319 5560 489 5629 καρία
521 5563 724 5632 μήτηρ,
759 5565 1068 5634 παρακαλεί
1083 5569 1364 5640 ἐπιμένειν
1389 5572 1533 5642 ὑμᾶς
1559 5575 1616 5626 ὲν
1641 5576 1708 5644 τῇ
1731 5575 1906 5643 ἀσκή-

320 5665 426 5713 σει,
462 5653 521 5705 ὲν
549 5655 617 5724 τῇ
663 5655 907 5726 ὁμονοία,
941 5658 999 5714 ἐν
1033 5663 1098 5733 τῇ
1131 5662 1450 5735 συμψυχίᾳο
1491 5667 1680 5718 πατεῖν
1707 5665 1774 5720 τά
1798 5666 1904 5720 πά-

418 5765 462 5798 ⁵³
501 5765 683 5823 Gulat.
722 5786 788 5838 ll,
819 5770 909 5826 22.

2000 4563 2166 4623 atque
2221 4552 2429 4607 utinam
2479 4553 2570 4608 det
2614 4568 2804 4623 porro,
2857 4561 2918 4606 ut
2967 4552 3146 4621 ipsum
3185 4566 3336 4606 ames
3369 4560 3424 4605 et
3466 4551 3589 4605 red-

2004 4645 2228 4711 ameris,
2246 4645 2522 4700 desideres
2543 4653 2597 4699 et
2618 4651 2810 4698 mutuo
2827 4643 3156 4698 desidereris
3177 4659 3192 4698 :
3213 4651 3270 4696 ut
3285 4642 3379 4696 tibi
3407 4641 3591 4696 dicere

2007 4739 2166 4793 liceat
2218 4753 2344 4793 cum
2401 4737 2710 4807 Apostolo:
2757 4734 2876 4788 Vivo
2917 4744 3120 4799 autem,
3166 4735 3289 4804 jam
3338 4751 3440 4788 non
3472 4751 3588 4805 ego,

2009 4833 2131 4886 vivit
2150 4848 2270 4886 vero
2297 4833 2350 4884 in
2381 4849 2462 4886 me
2485 4830 2728 4885 Christus
2751 4829 2819 4882 ⁸⁸.
2850 4829 3062 4883 Etenim
3087 4829 3178 4898 qui
3202 4830 3419 4898 penitus
3445 4841 3592 4884 amat

2005 4924 2199 4988 Deum,
2234 4924 2348 4979 exit
2392 4925 2460 4978 de
2482 4924 2684 4993 seipso,
2717 4932 2770 4976 et
2804 4922 2856 4975 in
2885 4931 3067 4975 amato
3095 4923 3230 4976 vivit
3265 4931 3318 4976 et
3343 4931 3593 4977 movetur

2004 5029 2060 5070 et
2095 5016 2329 5071 exsistit.
2368 5015 2554 5068 Talem
2593 5023 2646 5068 te
2689 5029 2814 5069 esse
2842 5013 3085 5083 postulat
3141 5014 3299 5079 ratio,
3332 5030 3591 5084 sponsam

2004 5107 2234 5174 Christi,
2282 5108 2560 5176 simulque
2598 5106 2696 5160 tibi
2730 5107 3056 5162 commissas
3087 5106 3179 5161 Dei
3234 5108 3390 5162 tilias.
3451 5106 3590 5174 Quid

2011 5199 2136 5254 inde
2165 5209 2345 5253 autem
2374 5198 2398 5250 ?
2437 5197 2686 5268 Sponsus
2721 5197 2992 5264 Christus,
3023 5186 3268 5254 caelestis
3293 5198 3590 5262 thalamus,

2008 5301 2065 5345 et
2100 5291 2243 5346 bona
2283 5305 2534 5359 superna:
2555 5287 2880 5355 Jerusalem,
2913 5289 3015 5344 hoc
3047 5300 3151 5356 est,
3175 5307 3399 5358 regnum
3428 5291 3594 5346 caelo-

2013 5402 2156 5451 rum,
2191 5398 2245 5440 et
2305 5401 2668 5455 quaecumque
2703 5385 2908 5439 sanctis
2943 5385 3010 5440 ad
3040 5385 3278 5454 quietem
3319 5385 3592 5454 promissa

2011 5487 2176 5544 sunt;
2217 5493 2339 5548 qua:
2369 5493 2494 5532 cum
2515 5476 2629 5546 jam
2667 5476 2862 5546 adepta
2887 5477 2959 5531 sit
2982 5477 3138 5532 beata
3172 5487 3366 5544 mater,
3406 5478 3591 5547 horta-

2005 5581 2094 5625 tur
2136 5586 2235 5626 nos
2295 5581 2353 5624 ut
2383 5569 2438 5623 in
2486 5569 2879 5626 exercitatione
2935 5572 3317 5641 persistamus,
3356 5571 3410 5624 in
3461 5586 3594 5622 con-v

1959 5719 1964 5726 ,
1995 5663 2190 5720 .cordia
2223 5672 2277 5719 et
2305 5661 2702 5729 unanimitate;
2735 5665 3178 5735 perturbationes
3239 5663 3411 5720 animi
3459 5676 3591 5718 con.
