4102 6374
479 384 483 389 .
545 306 675 372 15.51

1727 299 1788 360 S.
1815 295 2213 359 TIIEODORI
2266 294 2617 358 STUDITIE

3667 296 3800 361 155?.

538 418 820 469 culeemus
849 429 864 478 ;
907 424 1129 466 carnem
1159 408 1443 465 oderimus
1472 416 1525 462 et
1547 408 1868 477 sanguinem
1901 424 1916 471 ;
1958 405 2115 461 dediti

2231 403 2324 474 θη,
2379 408 2559 477 μισεῖν
2581 405 2763 476 σάρκα
2785 404 2880 459 καὶ
2905 398 3066 476 αἷμα,
3095 405 3417 477 ἀντέχεσθαι
3468 406 3579 461 τῶν
3600 410 3804 479 ἀρετῶν

536 514 710 561 siurus
742 506 1060 564 virtutibus,
1112 518 1212 573 per
1272 516 1413 573 quas
1478 500 1773 553 incﬂ‘abilza
1825 500 1940 553 haec
1980 497 2115 551 bona

2225 495 2298 549 δι’
2327 489 2406 551 ὧν
2436 496 2585 551 ἔστιν
2612 498 2891 569 ἐπιτυχεῖν
2925 496 3098 553 τῶνδε
3117 496 3228 552 τῶν
3261 500 3520 570 ἀρρήτων
3571 502 3802 568 ἀγαθῶν.

538 596 796 664 consequi
844 594 991 648 licet.

774 701 1103 759 CLXXVIII.
1138 734 1210 746 --
1244 700 1539 756 Eudocimo
1571 696 1870 767 spathario.

2347 691 2499 746 Pon'
2521 691 2658 763 (το).
2680 724 2749 735 -
2763 693 3078 767 Εὐδοκίμῳ
3109 698 3443 765 σπαθαρίφ.
3464 698 3643 770 [ψμβσ.
3652 699 3672 771 ]

1436 817 1597 882 ipsius
1615 816 1924 882 patientiam,
1958 820 2011 866 et
2034 813 2084 864 in
2104 810 2324 863 adversis
2342 813 2668 862 constantiam
2701 813 2886 863 laudat.

608 907 811 963 lterum
859 903 1041 962 scribo
1086 904 1153 959 ad
1187 903 1566 960 excellentiam
1604 913 1775 968 tuam,
1808 902 1970 971 idque
2008 900 2112 954 im-

535 999 702 1073 pulsu
754 997 961 1053 Silvani
1010 996 1453 1053 reverendissimi
1494 994 1683 1051 fratris
1714 994 1909 1050 nostri.
1957 991 2119 1048 Post-

536 1108 702 1165 quam
726 1092 872 1147 enim
900 1092 957 1146 in
980 1100 1338 1162 conspectum
1356 1097 1411 1144 et
1439 1089 1773 1159 colloquium
1821 1086 1987 1150 venit,
2018 1085 2121 1139 hu-

2302 896 2619 965 Δευτερεύω
2646 896 2742 951 τοῦ
2772 896 3114 952 ἐπιστέλλειν
3137 901 3203 972 τῇ
3227 901 3504 974 τιμιότητί
3535 920 3632 957 σου
3660 922 3676 936 ·
3718 907 3809 962 καὶ

2217 986 2379 1041 τοῦτο
2402 989 2748 1059 προτραπεὶς
2779 989 2932 1060 παρὰ
2949 990 3243 1044 Σιλουανοῦ
3260 992 3356 1046 τοῦ
3377 995 3808 1064 αίδεσιμωτάτου

2219 1081 2379 1151 ἡμῶν
2412 1080 2674 1150 ἀδελφοῦ.
2717 1081 2939 1151 Ἐπειδὴ
2967 1081 3072 1154 γὰρ
3100 1079 3271 1155 ἦλθεν
3301 1087 3383 1150 είς
3432 1087 3653 1157 ὁμιλίαν
3713 1089 3809 1160 τὴν

537 1184 720 1239 milem
766 1181 1006 1237 animam
1057 1190 1303 1236 nostram
1356 1179 1650 1250 percussit.
1719 1193 1847 1233 cum
1904 1174 2115 1246 singula

2222 1172 2341 1225 κατ’
2394 1171 2733 1243 ὀφθαλμοὺς,
2807 1174 3145 1228 κατέκλασεν
3181 1178 3213 1249 ἡ
3223 1177 3342 1248 μῶν
3395 1178 3496 1250 τὴν
3545 1181 3810 1254 ταπεινὴν

535 1285 846 1332 enarrasset
871 1312 888 1337 ,
930 1273 1394 1343 quemadmodum
1421 1287 1545 1327 cum
1579 1272 1876 1342 gratiarum
1903 1267 2115 1321 actione

2220 1262 2421 1335 ψυχὴν,
2451 1264 2799 1336 ἐξηγορήσας
2827 1265 3038 1321 ἕκαστα
3062 1268 3147 1322 ὅτι
3174 1269 3276 1322 καὶ
3299 1270 3651 1343 εὐχαρίστως
3709 1275 3809 1343 φέ-

535 1366 709 1433 l‘eras,
761 1366 986 1422 domine
1035 1374 1243 1428 noster.
1271 1364 1418 1436 quod
1468 1362 1689 1428 accidit,
1735 1371 1791 1417 et
1827 1360 1897 1415 ad
1957 1357 2115 1412 Dcun

2231 1373 2368 1426 ροις,
2397 1358 2426 1410 ὁ
2453 1356 2723 1429 δεσπότης
2773 1357 2955 1430 ήμῶν,
3017 1358 3080 1412 τὸ
3130 1359 3500 1430 συμϐεϐηκὸς,
3562 1363 3662 1416 καὶ
3717 1365 3809 1417 ἐπὶ

535 1458 743 1516 referas
792 1459 936 1514 hanc
968 1472 1312 1524 aerumnam;
1348 1467 1503 1512 extra
1555 1462 1612 1510 te
1656 1453 1841 1509 omnia
1879 1458 2115 1506 statuens

2224 1448 2356 1502 Θεὸν
2390 1449 2685 1520 ἀναφέρεις
2708 1449 2768 1503 τὸ
2813 1449 3011 1514 πάθος.
3042 1450 3192 1516 Ἔξω
3235 1453 3429 1507 ἑαυτὸν
3478 1454 3654 1518 τιθεὶς
3699 1455 3808 1508 τῶν

534 1567 661 1623 qua:
735 1552 1021 1608 hominum
1076 1549 1348 1620 iniustitia
1419 1547 1726 1603 machinata
1783 1552 1915 1610 est;
1961 1550 2115 1610 atque

2223 1539 2679 1612 σκαιωρηθέντων
2706 1539 3078 1612 ἀνθρωπίναις
3106 1543 3216 1612 ὲπη
3235 1542 3412 1614 ρείαις
3443 1561 3458 1576 ι
3503 1545 3597 1599 καὶ
3659 1546 3807 1610 τέλος

537 1656 709 1699 unum
768 1642 1007 1713 denique
1046 1640 1151 1697 hoc
1190 1655 1466 1711 quaerens,
1497 1652 1612 1710 quo
1645 1646 1805 1708 pacto
1866 1642 2115 1703 accepta-

2217 1627 2277 1682 ἓν
2310 1628 2525 1699 ζητῶν,
2572 1630 2723 1695 ὅπως
2773 1631 3168 1703 εὐπρόσδεκτος)
3218 1633 3358 1706 πρὸς
3409 1634 3475 1688 τὸ
3534 1636 3665 1707 ἑξῆς
3711 1637 3807 1709 τὴν

533 1735 695 1792 bilem
724 1733 958 1790 Domino
990 1733 1378 1788 universorum
1430 1733 1597 1785 vitam
1654 1729 1908 1784 instituas
1935 1726 1988 1780 in
2026 1738 2115 1795 ρος

2222 1721 2370 1794 ζωὴν
2395 1724 2799 1793 καταστήσειας
2831 1723 2910 1795 τῷ
2938 1725 3184 1798 Δεσπότῃ
3211 1727 3323 1781 τῶν
3358 1728 3637 1786 ἁπάντων.
3685 1731 3807 1785 Ἐπὶ

532 1836 763 1884 sterum.
819 1826 1032 1895 Quibus
1057 1824 1319 1879 euntibus
1360 1821 1539 1878 eﬂ‘ecit
1565 1827 1626 1875 ut
1654 1820 1852 1874 merito
1877 1817 2010 1872 illud
2039 1815 2115 1870 di.

2234 1814 2369 1867 πᾶσι
2394 1814 2607 1878 τούτοις
2633 1813 2883 1886 διέθηκεν
2931 1817 3080 1886 ἡμᾶς
3117 1817 3261 1871 κατά
3320 1817 3384 1871 τδ
3435 1820 3582 1883 είκδς
3637 1821 3808 1874 ἐκεῖνο

532 1933 784 1974 ceremus
825 1934 840 1972 :
879 1916 1060 1972 Bonus
1125 1918 1280 1971 homo
1334 1914 1403 1969 de
1456 1912 1590 1968 bono
1644 1911 1891 1967 thesauro
1946 1909 2115 1962 cordia

2231 1905 2488 1970 εἰπόντας
2509 1947 2525 1972 ,
2557 1904 2640 1961 ὅτι
2685 1906 2752 1961 '0
2794 1905 3019 1977 ἀγαθὸς
3045 1908 3355 1978 ἄνθρωπος
3382 1910 3452 1965 ἐκ
3517 1912 3627 1967 τοῦ
3663 1913 3806 1982 ἀγα-

530 2008 731 2080 profert
756 2010 892 2063 bona
924 2008 992 2064 ⁸³.
1028 2006 1241 2062 Etenim
1286 2021 1412 2061 cum
1460 2005 1515 2059 in
1542 2003 1724 2059 anima
1775 2011 2032 2071 tanquam
2066 1999 2115 2059 iu

2230 1997 2338 2053 θοῦ
2365 1998 2677 2067 θησαυροῦ
2708 1996 2821 2068 τῆς
2851 1999 3105 2069 καρδίας
3127 2001 3408 2058 ἐκϐάλλει
3466 2004 3540 2059 τὰ
3590 2005 3801 2074 ἀγαθά.

532 2100 913 2173 promptuario
945 2100 1208 2170 quodam,
1237 2115 1300 2154 ex
1339 2095 1612 2169 praeterita
1662 2093 2009 2149 institutione
2031 2091 2115 2147 di«

2228 2090 2340 2144 Καὶ
2373 2091 2483 2161 γάρ
2511 2092 2702 2163 ὥσπερ
2733 2090 2792 2144 ἐν
2817 2108 2925 2146 τινι
2952 2094 3209 2165 ταμιείῳ,
3251 2095 3321 2148 τά
3345 2095 3411 2149 εκ
3456 2096 3558 2167 τῆς
3605 2098 3809 2168 προλα-

530 2193 659 2247 vina
701 2201 757 2247 et
806 2192 1048 2247 humana
1088 2190 1381 2246 thesauros
1443 2187 1691 2243 scientia:
1753 2185 2115 2242 condideris:

2226 2180 2430 2253 εούσης
2458 2177 2706 2243 παιδείας
2732 2181 2886 2246 Θείας
2908 2200 2969 2236 τε
2997 2184 3092 2237 καὶ
3137 2185 3492 2257 ἀνθρωπίνης
3545 2187 3808 2242 ἐναποθέ-

532 2293 780 2354 tempore
818 2283 1069 2339 videlicet
1090 2290 1401 2354 opportuno
1432 2279 1750 2351 spirituales
1779 2277 1994 2349 profers
2025 2276 2115 2332 (li-

2228 2287 2389 2342 μενος
2412 2276 2477 2343 τῇ
2504 2272 2651 2344 ψυχῇ
2694 2274 2976 2341 γνωστικά
3010 2274 3454 2346 θησαυρίσματα,
3487 2277 3584 2331 ἐπὶ
3612 2278 3806 2349 καιροῦ

530 2376 715 2440 vitias,
755 2374 824 2431 ad
870 2374 1101 2432 salutem
1160 2386 1307 2430 tuam
1355 2373 1701 2445 dispensans.
1749 2371 1831 2429 Ac
1859 2370 2004 2434 vide,
2034 2370 2115 2425 vir

2224 2363 2452 2429 εἰκότως
2471 2363 2765 2436 χρειώδους
2794 2366 3010 2437 προίοις
3039 2365 3110 2419 τά
3164 2369 3516 2438 πνευματικά
3571 2369 3805 2441 πλούτη,

530 2465 760 2537 Optime,
815 2472 873 2519 ut
923 2463 977 2518 in
1013 2463 1217 2518 bonum
1262 2462 1356 2517 tibi
1406 2459 1672 2516 cesserint
1706 2457 1892 2512 divina
1945 2455 2115 2512 docu-

2220 2455 2522 2526 οἱκονομῶν
2549 2456 2609 2509 τδ
2642 2455 2785 2511 κατά
2816 2458 3045 2511 σεαυτὸν
3071 2459 3361 2529 σωτήριον.
3412 2461 3527 2514 Καὶ
3582 2461 3686 2526 ίδε,
3710 2463 3805 2516 ἄν·

531 2564 753 2621 ntenta;
786 2552 946 2607 lectio
976 2562 1030 2606 et
1061 2551 1322 2621 cognitio,
1351 2549 1524 2604 otium
1550 2556 1606 2603 et
1641 2545 1950 2617 occupatio,
1982 2560 2115 2601 con-

2221 2543 2406 2615 θρωπε
2431 2546 2625 2615 ἀγαθὲ,
2653 2547 2737 2600 ὅτι
2765 2548 2846 2610 είς
2874 2547 3038 2601 καλόν
3073 2566 3155 2602 σοι
3184 2548 3363 2621 ἀπέϐη
3390 2549 3460 2603 τὰ
3476 2550 3599 2606 θεῖα
3623 2553 3805 2623 μαθή-

531 2660 757 2714 gressus
781 2654 836 2701 et
865 2642 1065 2708 oratio,
1096 2657 1380 2698 sacrorum
1432 2654 1748 2697 sermonum
1782 2647 1837 2693 et
1863 2638 2111 2693 codicum

2221 2650 2371 2704 ματα
2394 2638 2461 2707 σή
2492 2637 2801 2705 ἀνάγνωσις
2827 2638 2924 2692 καὶ
2950 2639 2984 2709 ἡ
3019 2640 3334 2708 ἐπίγνωσις,
3363 2641 3396 2713 ἠ
3433 2641 3618 2714 σχολὴ,
3644 2644 3742 2697 καὶ
3772 2646 3807 2714 ἡ

532 2733 848 2805 possessio:
878 2747 1045 2804 quam
1098 2731 1251 2787 dives
1300 2739 1359 2785 tu
1406 2729 1729 2793 admodum,
1781 2727 1909 2781 licet
1938 2741 2111 2796 pauca

2218 2727 2460 2800 ὲντριδὴ,
2491 2729 2525 2800 ή
2551 2727 2790 2795 ἔντευξις
2810 2731 2905 2783 καὶ⁵
2927 2732 2959 2802 ἡ
2990 2731 3288 2801 προσευχὴ,
3316 2734 3350 2803 ἠ
3378 2733 3575 2803 κτῆσις
3600 2735 3711 2788 τῶν
3730 2737 3809 2789 is-

532 2824 630 2879 tibi
671 2833 873 2879 restent
910 2824 1035 2878 vitae
1065 2821 1309 2877 subsidia
1335 2837 1352 2877 :
1381 2834 1544 2891 quam
1594 2819 1809 2890 pulchri
1845 2818 1939 2873 tibi
1964 2818 2109 2874 oculi

2218 2820 2328 2890 ρῶν
2343 2818 2518 2889 λόγων
2543 2837 2605 2874 τε
2631 2822 2726 2875 καὶ
2752 2821 2950 2877 δέλτων
2980 2837 2995 2852 ⁶
3024 2822 3102 2886 ὡς
3125 2823 3380 2888 πλούσιος
3414 2824 3479 2878 σὺ
3503 2825 3669 2895 ἄγαν,
3701 2827 3808 2881 κᾶν

531 2926 588 2971 et
617 2915 905 2988 palpebrae,
939 2914 1063 2970 licet
1087 2915 1202 2968 visu
1237 2928 1332 2983 per
1381 2911 1644 2982 iniuriam
1714 2909 1938 2966 orbatus
1984 2909 2105 2966 sis:

2217 2911 2295 2975 είς
2315 2910 2469 2980 ὀλίγα
2493 2928 2574 2965 σοι
2594 2913 2841 2983 περίεστι
2867 2912 2936 2968 τά
2965 2914 3065 2984 τῆς
3093 2914 3242 2985 ζωῆς
3259 2914 3467 2984 ἐφόδιαο
3486 2916 3567 2981 ὡς
3582 2917 3808 2989 εὗὼπης

532 3026 697 3081 quam
731 3009 960 3065 illustris
992 3006 1152 3062 valde
1184 3007 1262 3062 sis
1292 3013 1348 3061 et
1378 3004 1671 3076 gloriosus,
1700 3002 1827 3058 licet
1876 3002 2107 3058 inhorre-

2217 3001 2309 3055 καὶ
2325 3002 2778 3075 καλλιδλέφαρος,
2805 3005 2907 3059 κᾶν
2930 3004 3030 3077 τὴν
3049 3005 3175 3076 ὄψιν
3196 3006 3384 3080 ἀδικίᾳ
3401 3009 3803 3081 ἀπεστέρησαν

533 3113 651 3151 ram
662 3097 1009 3165 etingloriam
1029 3095 1191 3149 vitam
1210 3095 1443 3148 tolerare
1454 3092 1803 3147 existimaris.
1822 3090 2115 3146 Enimvero

2217 3092 2290 3155 ὡς
2311 3095 2617 3166 περιφανὴς
2645 3095 2767 3150 λίαν
2783 3097 2878 3150 καὶ
2894 3096 3197 3167 περίδοξος,
3224 3097 3329 3153 κᾶν
3354 3100 3456 3170 τὴν
3480 3099 3684 3172 ἄτιμον
3711 3106 3810 3156 καὶ

535 3190 650 3242 tunc
673 3187 818 3242 haud
841 3188 1005 3242 dubie
1029 3186 1280 3256 probatio
1312 3193 1398 3240 est
1426 3184 1971 3254 experimentumque
2000 3183 2117 3248 yir-

532 3280 688 3343 tutis,
716 3288 777 3334 ut
809 3280 951 3333 unde
997 3293 1098 3333 nos
1122 3276 1412 3332 derelictos
1437 3282 1718 3346 putamus,
1748 3274 1873 3329 inde
1895 3288 1997 3328 nos
2025 3274 2119 3328 be-

532 3371 733 3427 neﬁcio
790 3368 1023 3425 affectos
1042 3385 1073 3423 a
1101 3370 1246 3423 bono
1295 3367 1406 3422 Deo
1433 3366 1832 3437 comperiamus
1862 3383 1877 3421 :
1911 3367 2001 3438 qui
2021 3382 2119 3437 per

533 3476 792 3531 prospera
810 3470 865 3515 et
889 3462 1140 3526 adversa,
1158 3473 1249 3527 per
1267 3458 1493 3531 gloriam
1523 3466 1572 3512 et
1596 3456 1999 3527 ignobilitatem,
2027 3475 2119 3529 per

534 3552 819 3622 infamiam
845 3561 894 3606 et
927 3550 1118 3605 bonam
1152 3551 1353 3621 famam
1384 3551 1451 3611 '°,
1492 3559 1547 3603 et
1588 3558 1857 3621 quotquot
1886 3550 1988 3604 alia
2013 3564 2117 3604 vox

534 3644 831 3714 apostolica
869 3644 1139 3707 distinxit,
1191 3643 1355 3697 vitam
1405 3651 1650 3697 nostram
1715 3641 1869 3696 novit
1912 3643 2119 3698 utiliter

533 3737 878 3807 dispensare.

604 3913 781 3984 Atque
814 3913 920 3968 hoc
968 3920 1124 3967 vetus
1172 3921 1257 3967 est
1301 3913 1602 3977 decretum,
1652 3921 1707 3966 et
1730 3912 1974 3966 omnium
2022 3912 2115 3980 qui

534 4004 741 4075 accepti
769 4000 879 4058 Deo
905 4011 1032 4057 sunt
1061 4004 1183 4058 vita:
1214 4001 1481 4072 probatio.
1505 4000 1673 4055 Sume
1697 4000 1828 4054 mihi
1860 4000 1993 4055 Abel
2018 4001 2112 4054 Dei

537 4094 848 4150 testimonio
877 4092 1127 4163 justum:
1171 4108 1354 4147 annon
1420 4094 1676 4147 fraterna:
1715 4106 1910 4145 manus
1970 4091 2114 4145 ludi-

536 4186 716 4240 brium
750 4184 918 4239 fuit"
939 4184 966 4238 2
1018 4183 1203 4239 Enocb
1243 4184 1391 4239 illum
1419 4183 1511 4254 qui
1532 4181 1640 4237 Deo
1661 4181 1896 4252 placuit:
1933 4196 2116 4237 annon

537 4284 763 4347 prepter
821 4276 968 4331 illius
992 4276 1258 4346 temporis
1316 4283 1698 4346 corruptores,
1736 4275 1831 4345 qui
1860 4285 1914 4331 et
1934 4275 2113 4346 ipsum

538 4380 889 4437 corrumpere
912 4367 1250 4431 nitebantur,
1283 4365 1428 4421 Deus
1453 4366 1602 4419 illum
1622 4366 1688 4420 de
1714 4366 1893 4420 medio
1912 4367 2112 4436 rapuit,

536 4467 703 4529 atque
740 4459 793 4513 in
828 4458 1013 4526 ignota
1067 4460 1184 4512 loca
1214 4458 1515 4519 transtulit,
1560 4457 1656 4511 ubi
1691 4455 1759 4511 ad
1802 4458 1942 4512 hanc
1967 4459 2109 4512 diem

536 4559 843 4623 permanet,
884 4551 1229 4621 praenuntius
1255 4549 1480 4605 secundi
1502 4549 1769 4604 adventus
1785 4548 1990 4604 Christi
2027 4549 2117 4605 iu-

540 4644 743 4698 turus?
770 4642 1017 4715 Agnosce
1057 4643 1334 4697 Abraham
1364 4641 1554 4696 multis
1583 4640 1763 4697 modis
1790 4648 2056 4696 tentatum
2087 4656 2119 4696 a

540 4733 652 4790 Deo
685 4751 700 4789 :
728 4734 884 4805 cujus
904 4735 1149 4805 probatio
1174 4736 1298 4802 ﬁdei
1347 4733 1513 4788 multo
1553 4733 1833 4801 pretiosior
1886 4748 2019 4786 auro
2046 4734 2116 4787 θ’.

2219 3184 2404 3250 ἄδοξον
2430 3184 2577 3256 ζωὴν
2612 3188 2812 3258 ἀντλᾷν
2864 3187 3231 3259 διανενόησαι.
3294 3192 3403 3245 Καί
3465 3208 3530 3260 γε
3582 3194 3809 3258 πάντως

2220 3278 2381 3331 τοῦτο
2408 3278 2606 3351 δοκιμὴ
2648 3279 2734 3344 τίς
2765 3282 2883 3335 ἐστι
2912 3280 3008 3335 καὶ
3039 3280 3275 3352 βάσανος
3313 3283 3540 3356 ἀρετῆς,
3598 3285 3691 3339 ἴνα
3746 3286 3809 3352 ἐξ

2222 3362 2300 3424 ὧν
2358 3369 2608 3441 δοκῶμεν
2672 3372 3182 3442 ἐγκαταλελεῖφθαι.
3243 3372 3491 3429 ἐντεῦθεν
3550 3374 3808 3448 εὕρωμεν

2222 3461 2629 3531 εὑεργετείσθαι
2708 3463 2850 3536 πρὸς
2909 3463 3047 3519 θεοῦ
3107 3464 3202 3519 τοῦ
3280 3466 3488 3536 ἀγαθοῦ
3522 3484 3537 3499 ·
3583 3468 3646 3533 ὃς
3715 3470 3808 3525 διά

2216 3552 2327 3604 τῶν
2348 3550 2542 3621 δεξιῶν
2566 3553 2663 3607 καὶ
2710 3554 3036 3625 ἀριστερῶν,
3066 3553 3165 3610 διὰ
3193 3554 3379 3624 δόξης
3429 3557 3530 3611 καί
3560 3558 3807 3629 ἀτιμίας

2217 3642 2316 3697 διὰ
2347 3644 2697 3715 δυσφημίας
2729 3646 2830 3701 καὶ
2856 3647 3180 3716 εὐφημίας,
3215 3647 3446 3702 καὶτῶν
3472 3649 3652 3703 ἄλλων
3701 3651 3806 3705 ὅσα

2218 3736 2254 3806 ἠ
2322 3736 2661 3808 ἀποστολικὴ
2715 3736 3050 3792 διεστείλατο
3097 3737 3254 3811 φωνὴ
3298 3734 3442 3794 οἶδεν
3493 3742 3805 3813 οἰκονομεῖν

2221 3827 2613 3897 συμφερόντως
2636 3827 2737 3899 τὴν
2772 3827 2919 3900 ζωὴν
2958 3829 3142 3903 ἡμῶν.

2288 3917 2399 3971 Καὶ
2421 3916 2579 3972 τοῦτο
2602 3918 2778 3990 δόγμα
2809 3921 3055 3992 ἀρχαῖον,
3086 3921 3182 3975 καὶ
3209 3922 3312 3993 τῆς
3336 3920 3445 3976 τῶν
3474 3920 3805 3993 θεολήπτων

2217 4008 2427 4082 ἀνδρῶν
2456 4009 2734 4075 πολιτείας
2772 4011 3154 4082 γνωριστικόν.
3187 4013 3336 4067 Λάδε
3379 4030 3472 4084 μοι
3502 4014 3677 4069 Ἅϐελ
3706 4016 3803 4070 τὸν

2219 4100 2512 4173 θεοκρίτως
2545 4102 2966 4174 μαρτυρηθέντα
2990 4102 3195 4157 δίκαιον
3218 4121 3233 4137 ·
3270 4103 3393 4174 οὐχὶ
3412 4106 3801 4176 παρανάλωμα

2216 4190 2512 4260 ἀδελφικῆς
2556 4191 2738 4262 χειρὸς
2784 4176 3015 4261 γέγονες
3064 4192 3169 4247 Τὸν
3212 4192 3384 4265 Ἑνὼχ
3428 4195 3643 4248 ἐκεῖνον
3680 4196 3802 4266 θεῷ

2217 4281 2689 4351 εὐαρεστήσαντα·
2746 4281 2869 4351 06x1
2906 4281 2996 4335 διὰ
3051 4283 3181 4347 τοὺς
3224 4283 3527 4352 τηνικαῦτα
3575 4284 3801 4356 φθορείς

2218 4373 2316 4424 καὶ
2347 4370 2590 4443 φθείρειν
2629 4371 2791 4425 αὐτὸν
2838 4372 3244 4437 ἐσπουδακότας
3269 4414 3285 4436 ,
3322 4373 3454 4438 Θεὸς
3502 4377 3570 4429 ἐκ
3621 4377 3797 4445 μέσου

2218 4462 2490 4534 ἥρπασεν,
2520 4465 2579 4514 ἐν
2604 4463 2819 4534 ἀδήλοις
2846 4465 3035 4526 τόποις
3062 4465 3450 4535 μεταῡέμενος,
3474 4466 3536 4529 ὃς
3568 4468 3668 4521 καὶ
3692 4470 3797 4537 μέ-

2214 4570 2295 4606 νει
2333 4554 2495 4624 μέχρι
2523 4555 2618 4608 τοῦ
2650 4554 2810 4626 δεῦρο
2850 4555 3190 4627 προάγγελος
3235 4556 3336 4625 τῆς
3357 4557 3622 4629 δευτέρας
3655 4560 3799 4629 Χρι-

2215 4645 2341 4698 στοῦ
2367 4647 2688 4714 ἐπιφανείας
2725 4646 3017 4718 ὲσόμενος;
3048 4647 3222 4702 Γνῶθι
3261 4648 3353 4701 τὸν
3386 4648 3641 4719 Ἀϐραὰμ
3682 4668 3802 4704 πει-

2217 4734 2520 4805 ραζόμενον
2540 4736 2645 4789 ὑπὸ
2660 4734 2797 4789 Θεοῦ
2827 4736 3179 4806 πολυτρόπως
3193 4754 3209 4770 ⁸
3223 4733 3285 4793 οὗ
3303 4738 3364 4791 τὸ
3383 4737 3665 4805 δοκίμιον
3686 4741 3801 4808 τῆς

538 4827 717 4896 Atque
749 4837 809 4882 ut
843 4828 981 4883 alios
1035 4828 1467 4897 praetermittam.
1524 4826 1729 4880 multos
1776 4839 2028 4889 numero,
2062 4833 2115 4880 et

2217 4826 2473 4893 πίστεως
2499 4827 2967 4896 πολυτιμότερον
2993 4825 3230 4895 χρυσοῦ
3259 4826 3349 4881 ὅτι
3369 4826 3664 4896 μάλιστα.
3684 4831 3799 4882 Καὶ

540 4918 633 4988 qui
664 4920 806 4974 intra
835 4920 1079 4988 epistola:
1108 4919 1329 4973 modum
1379 4917 1800 4973 commemorari
1842 4932 1950 4971 non
1980 4931 2111 4986 pos-

540 5011 775 5077 sunt;si
803 5027 927 5066 cum
959 5012 1219 5067 aerumnis
1235 5009 1359 5076 Job,
1392 5011 1551 5081 cujus
1587 5012 1871 5064 innumera
1895 5009 2113 5065 fuerunt

539 5099 859 5166 certamina,
921 5116 1196 5155 aerumnas
1262 5109 1478 5155 nostras
1544 5099 1958 5164 contendamus,
2016 5098 2113 5153 has

540 5191 732 5261 utique
813 5189 1102 5246 inferiores
1161 5190 1674 5260 deprehendamus;
1738 5199 1792 5243 et
1845 5188 2110 5243 celebrem

540 5284 688 5338 illam
722 5283 843 5354 ejus
871 5295 1063 5339 vocem
1089 5290 1420 5353 usurpantes
1456 5297 1562 5336 una
1582 5296 1705 5336 cum
1739 5281 1858 5350 ipso
1874 5295 2114 5351 pronun-

536 5370 817 5432 tiabimus.
850 5374 943 5432 Sic
968 5375 1139 5448 igitur
1174 5375 1463 5430 hortamur
1493 5382 1564 5439 te,
1606 5381 1668 5429 ut
1696 5375 1762 5429 de
1791 5374 1956 5430 rebus
2001 5375 2109 5430 tuis

2217 4918 2308 4971 ῑνα
2346 4920 2474 4981 τοὺς
2526 4918 2716 4980 ἄλλους
2750 4919 3187 4991 παραδράμοιμι,
3222 4918 3451 4981 πολλοὺς
3475 4918 3659 4982 ὄντας,
3700 4921 3799 4975 καὶ

2218 5007 2319 5060 οὐκ
2357 5007 2416 5058 ὲν
2461 5006 2752 5076 ἐπιστολῆς
2796 5008 2979 5078 μέτρῳ
3022 5006 3568 5078 ὑπομνηματίζεσθαι
3618 5012 3799 5079 ἐγχω-

2220 5097 2473 5168 ροῦντας,
2509 5096 2630 5150 ’1ὼό
2658 5098 2748 5151 τὸν
2779 5097 3075 5170 μυρίαθλον
3118 5098 3284 5169 τάχα,
3310 5100 3359 5151 εί
3385 5099 3798 5170 παραϐάλωμεν

2218 5192 2288 5245 τὰ
2327 5191 2538 5246 ἑαυτῶν
2566 5194 2680 5255 τοῖς
2711 5192 2922 5245 ἐκείνου
2948 5191 3200 5258 πάθεσιν,
3226 5190 3482 5263 εὕροιμεν
3505 5191 3573 5260 δὴ
3594 5192 3794 5256 ἐνδεῶς

2217 5282 2448 5353 ἔχοντα’
2490 5285 2589 5338 καὶ
2637 5282 3098 5355 συμφθεγξόμεθα
3138 5285 3242 5356 τὴν
3287 5284 3499 5338 ἐκείνου
3546 5283 3792 5356 ἀοίδιμον

2216 5374 2406 5446 φωνὴν
2432 5375 2697 5430 ἑκάστοτε
2738 5375 3228 5449 ἀκλαμδάνοντες.
3260 5376 3447 5440 Οὕτως
3470 5370 3567 5432 οὖν
3605 5391 3791 5448 παρα-

608 5491 656 5524 ³⁹
685 5490 880 5547 Matth.
909 5490 1122 5551 xn.‘55.
1197 5490 1245 5522 ’°
1275 5487 1317 5544 ll
1339 5489 1465 5545 Cor.
1496 5504 1570 5556 vr,
1607 5489 1660 5545 8.
1736 5489 1779 5522 ⁹¹
1817 5488 1945 5560 Sap.
1984 5503 2058 5555 tv,
2087 5487 2176 5543 ii.
2251 5490 2297 5521 "
2333 5486 2528 5545 lPetr.
2559 5505 2598 5555 ι,
2655 5490 2687 5542 7

2048 5606 2284 5664 NOTAE.

613 5729 726 5802 (70)
759 5730 812 5785 in
842 5729 963 5785 cod.
992 5725 1125 5798 licg.
1170 5734 1280 5799 ρπ’.
