4102 6374
296 384 318 448 1
331 387 436 448 553

1478 385 2017 448 EPISTOLARUM
2063 388 2212 449 LIB.
2272 389 2355 447 II.

3417 393 3548 454 1534

292 495 566 566 καλοῦμεν
605 513 686 562 σε,
717 495 1038 565 ἐπιπόθητε,
1065 495 1343 549 διαθέσθαι
1381 496 1447 549 τά
1477 496 1617 550 κατὰ
1653 497 1855 549 σαυτόν

1973 506 2208 560 statuas,
2235 497 2578 558 charissitte,
2621 504 2946 566 tempusque
3003 499 3345 554 adven-sitatis
3402 506 3544 556 utul-

291 586 402 639 Καὶ
455 586 546 637 τὸν
595 587 785 655 καιρὸν
829 588 926 656 τῆς
977 586 1318 654 δυσπραγίας
1355 589 1448 638 καὶ
1494 587 1861 648 πολυπαθείας

291 676 560 745 κρείττονι
592 676 836 746 λογισμῷ
861 679 954 730 καὶ
979 674 1337 746 βεϐαιοπίστῳ
1372 677 1565 750 γνώμῃ
1601 680 1679 740 εἰς
1702 679 1862 730 εὐτυ-

290 769 416 838 χίαν
454 770 547 821 καὶ
595 768 890 820 εὐπάθειαν
938 766 1544 836 μεταστοιχειώσασθαι.
1594 769 1698 821 Τὸν
1753 769 1863 839 γὰρ

289 860 467 924 οὕτως
497 861 886 930 ἐρηρεισμένον
922 860 1014 912 καὶ⁵
1043 859 1362 929 πεποιθήσει
1389 861 1524 913 Θεοῦ
1555 861 1753 925 ζῶντα,
1775 862 1862 914 οὐ-

288 952 377 1005 δὲν
427 957 793 1022 παρακινήσει
826 952 934 1003 τῶν
971 951 1359 1021 ἀνθρωπίνων·
1399 953 1729 1022 ὑψηλότερον
1769 970 1863 1004 πε-

289 1045 500 1113 φηνότα
534 1044 752 1096 πάντων
786 1043 894 1096 τῶν
921 1043 1111 1096 λυπεῖν
1158 1044 1445 1098 εἰωθότων.
1479 1043 1592 1096 Κᾶν
1615 1044 1779 1114 λέγῃς
1805 1047 1860 1095 ὲν

287 1139 352 1205 τῇ
383 1137 757 1206 παρακροάσει
788 1134 881 1190 τοῦ
912 1135 1379 1203 ἀναγινώσκοντος
1426 1137 1503 1198 είς
1547 1134 1713 1204 ῦμνον
1744 1134 1863 1204 τρέ-

288 1223 509 1284 πεσθαι,
543 1225 604 1276 οὐ
653 1222 868 1294 θαῦμαο
923 1225 1134 1292 πέφυκε
1189 1225 1298 1293 γάρ
1351 1226 1384 1291 ἡ
1433 1224 1723 1296 ἀφαίρεσις
1763 1223 1862 1292 τῆς

285 1315 461 1382 ὅψεως
492 1316 647 1368 τοῦτο
682 1313 1027 1385 ἐργάζεσθαι.
1064 1315 1184 1368 Κᾶν
1215 1319 1319 1386 φῇς
1371 1316 1536 1385 μηδὲν
1572 1315 1729 1386 ἔργον
1767 1315 1860 1367 ἐπὶ

284 1409 473 1477 χεῖρας
519 1406 680 1476 ἔχειν,
726 1406 1118 1478 ἀπρακτούσης
1155 1407 1254 1477 τῆς
1285 1407 1520 1476 φύσεως,
1571 1407 1738 1478 μηδέν
1778 1422 1860 1458 σοι

289 1501 518 1568 μελέτω.
550 1500 718 1566 Φησὶν
747 1501 775 1551 ὁ
816 1499 1136 1562 ’Δπόστολος
1157 1517 1170 1530 ·
1219 1499 1471 1567 Ψαλμύν
1493 1499 1671 1566 ἔχεις,
1698 1497 1861 1552 διδαο

287 1588 408 1657 χὴν
447 1589 606 1658 ἔχεις
629 1627 645 1652 ,
682 1589 975 1658 γλῶσσαν
1002 1590 1182 1659 ἔχεις,
1246 1590 1637 1657 ἀποκάλυψιν
1664 1589 1856 1657 ἔχεις·

285 1679 483 1731 πάντα
511 1678 661 1746 πρὸς
691 1678 1018 1748 οικοδομὴν
1046 1679 1322 1750 γινέσθω.
1350 1680 1516 1748 Φάγε,
1539 1679 1650 1744 πίε,
1678 1677 1859 1732 ὕπνω-

287 1788 402 1825 σον.
439 1772 615 1825 Μόνον
645 1771 705 1825 τὸ
735 1771 1056 1844 εὐχάριστον
1100 1771 1367 1841 κέκτησοο
1403 1772 1497 1823 καὶ
1527 1771 1628 1824 ὅσα
1665 1788 1747 1823 σοι
1779 1769 1860 1822 οῖ-

285 1865 462 1925 κοθεν,
498 1864 594 1918 καὶ
625 1866 680 1916 ἐν
703 1864 782 1934 τῷ
815 1864 1027 1936 φυσικῷ
1071 1865 1165 1917 τοῦ
1194 1863 1287 1916 νοῦ
1324 1864 1514 1934 βιϐλίῳ
1547 1864 1855 1926 ἀπόκειται,

1967 1856 2186 1910 condita
2215 1868 2361 1922 sunt,
2397 1859 2531 1929 lege.
2569 1861 2635 1913 Et
2662 1863 3006 1929 postmodum
3034 1875 3195 1920 acute
3221 1869 3542 1937 perspicies,
3637 1885 3650 1894 ‘

283 1959 648 2026 ἀναγίνωσκε.
678 1959 786 2010 Καὶ
812 1957 1006 2027 μικρὸν
1040 1955 1266 2025 ὕστερον
1304 1954 1662 2023 ἀναϐλέψειας
1693 1957 1856 2024 μέγα,

283 2051 380 2105 καὶ⁵
408 2051 540 2113 ἴδοις
570 2051 629 2104 τὸ
655 2050 770 2117 φῶς
799 2049 858 2102 τὸ
882 2050 1198 2118 ἀπρόσιτον,
1217 2046 1423 2116 Ἰησοῦν
1448 2048 1538 2099 τὸν
1570 2046 1697 2099 Υἰὺν
1721 2045 1857 2097 Θεοῦ

281 2143 377 2196 ἀπ’
407 2142 652 2211 οὐρανῶν
703 2141 996 2212 ἐρχόμενον
1044 2140 1184 2210 μετὰ
1225 2139 1383 2205 δόξης
1437 2139 1528 2191 καὶ
1575 2137 1859 2206 δυνάμεως

283 2235 450 2288 αὐτοῦ
478 2237 534 2286 ἐν
559 2234 694 2303 πυρὶ
726 2233 924 2302 φλογός
944 2249 956 2262 °
991 2231 1084 2296 οὒς
1116 2231 1216 2302 μὲν
1245 2233 1499 2302 κρίνοντα
1521 2229 1596 2292 ὡς
1616 2228 1860 2290 ἐνδίκους

283 2326 546 2396 κρίσεως*
583 2324 677 2388 οὒς
709 2324 766 2377 δέ
819 2322 1111 2388 δοξάζοντα
1161 2323 1235 2386 ῶς
1280 2322 1440 2392 δόξης
1503 2320 1857 2390 συνίστοραςο

280 2415 407 2486 ’μεθ’
437 2409 512 2469 ὧν
541 2414 658 2483 εἴης
687 2414 780 2466 καὶ
805 2413 988 2475 αὐτὸς,
1021 2413 1242 2482 φίλτατε
1278 2429 1368 2482 μοι
1403 2413 1501 2464 καὶ
1537 2408 1858 2480 τιμιώτατε,

283 2506 694 2576 ἀπαστράπτων
724 2505 813 2558 ἴσα
849 2505 944 2557 καὶ
971 2504 1121 2574 ἡλίου
1153 2503 1343 2572 βολίδι.
1370 2502 1503 2574 Περὶ
1531 2495 1591 2554 οὗ
1627 2499 1860 2570 προώριο

286 2617 382 2659 σας
418 2598 742 2669 προαστείου
789 2598 868 2660 εἰς
919 2598 1276 2666 μοναστήριον
1319 2594 1676 2658 καθεστάναι,
1716 2594 1770 2646 εί
1807 2611 1860 2646 τι

282 2687 375 2744 οῦν
402 2690 550 2754 ἄλλο,
583 2688 757 2752 οὔτως
784 2689 818 2758 ἣ
845 2689 1067 2758 ἑτέρως,
1112 2689 1171 2740 ἐν
1196 2686 1345 2757 καλῷ
1378 2686 1650 2758 διώριστο,
1683 2686 1860 2738 πάντα

283 2785 358 2847 ὡς
412 2781 514 2853 ήδη
552 2780 816 2850 γεγονότα
847 2780 978 2842 Θεὸς
1033 2779 1248 2842 ἐδέξατο
1271 2794 1284 2808 ·
1321 2778 1479 2848 εῖπερ
1518 2778 1860 2848 εὐχαρίστως

280 2875 378 2945 τὴν
411 2873 699 2944 ἀφαίρεσιν
726 2873 944 2926 πάντων
971 2870 1160 2932 οἴσεις.
1195 2870 1506 2942 Προσεύχου
1549 2871 1678 2939 περὶ
1702 2871 1860 2939 ἡμῶν

281 2967 392 3019 τῶν
423 2963 766 3035 ἁμαρτωλῶν
787 2979 800 2992 ⁸
836 2963 960 3034 άρτι
985 2964 1093 3034 γὰρ
1123 2964 1220 3032 οὐχ
1249 2965 1411 3033 ἡμεῖς
1449 2963 1498 3015 οῖ
1524 2961 1858 3032 ἁμαρτωλοὶ,

282 3057 421 3112 ἀλλά
463 3059 557 3110 καὶ
597 3055 653 3110 εῐ
689 3072 775 3118 τις
801 3055 910 3108 τῶν
944 3055 1108 3108 ὁσίων
1149 3055 1490 3125 ἐξαιτήσοιτο
1523 3054 1589 3107 ἄν
1624 3070 1718 3106 σου
1758 3053 1860 3122 τὴν

281 3149 485 3220 δέησιν,
535 3147 610 3211 ὼς
655 3147 953 3216 κάμνοντος
985 3149 1097 3208 τοῖς
1135 3144 1470 3215 παθήμασιν.
1515 3145 1572 3197 ’0
1609 3143 1858 3212 θεοφιλέ-

284 3256 476 3302 στατος
500 3237 728 3306 ἀδελφδς
775 3235 932 3307 ἡμῶν
961 3236 1057 3289 καὶ
1085 3235 1516 3306 άρχιεπίσκοπος
1546 3233 1773 3286 πλεῖστά
1799 3248 1859 3284 σε

283 3325 702 3400 προσαγορεύει.

553 3434 697 3491 ΡΟΘ¹
731 3437 868 3507 (71).
897 3467 968 3477 -
993 3437 1215 3505 Σεργίῳ
1245 3437 1576 3506 ἡγουμένῳ.
1656 3430 1861 3507 [dng

1968 597 2259 657 tarumque.
2289 603 2680 647 asruninarum.
2735 590 2946 644 meliori
2981 591 3314 660 cogitatione
3344 609 3409 648 ae
3439 593 3545 650 lida

1969 677 2094 729 nixa
2127 679 2421 742 sententia,
2457 678 2509 729 iu
2537 679 2845 732 felicitatem
2867 681 3391 752 prosperitatemque
3416 701 3550 738 con-

1967 782 2166 820 vertas.
2203 766 2338 820 Eum
2380 768 2526 822 enim
2553 770 2644 837 qui
2677 771 2750 824 sit
2775 769 3129 826 continuatus
3163 771 3382 842 Deoque
3411 792 3544 830 con-

1969 860 2099 911 ‘isus
2131 859 2282 920 vivit,
2313 859 2447 912 nihil
2482 875 2664 914 rerum
2718 861 3080 917 humanarum
3134 867 3541 934 commovebit;

1969 950 2146 1015 utqui
2177 951 2432 1003 munibus
2479 968 2600 1019 quae
2631 953 2906 1007 tristitiam
2957 955 3151 1010 alIerre
3198 959 3396 1022 solent,
3445 973 3509 1014 su

1968 1043 2149 1109 periot'
2185 1043 2517 1110 apparuerit.
2555 1043 2709 1109 Quod
2757 1047 2801 1099 si
2827 1047 2998 1113 dicas,
3037 1048 3156 1110 tibi,
3201 1051 3331 1103 dum
3365 1051 3538 1105 lecto-

1967 1145 2080 1184 rem
2118 1131 2298 1197 audis,
2330 1148 2583 1187 somnum
2628 1134 2908 1203 obrepere,
2961 1138 3099 1191 nihil
3135 1139 3370 1195 mirum:
3407 1143 3547 1198 solet

1967 1219 2111 1273 enim
2146 1221 2374 1289 privatio
2412 1223 2561 1277 visus
2598 1224 2702 1280 hoc
2734 1225 2970 1282 elﬁcere.
3005 1229 3061 1281 Si
3107 1230 3310 1284 dixeris
3335 1233 3542 1288 nullum

1968 1319 2021 1365 te
2042 1327 2179 1380 opus
2213 1328 2321 1381 prce
2354 1314 2602 1370 manibus
2633 1316 2852 1382 habere,
2889 1320 2960 1372 ob
2997 1319 3250 1374 inertiam
3288 1331 3496 1377 natura:
3528 1342 3543 1378 :

1969 1415 2036 1455 ne
2068 1402 2163 1454 tibi
2193 1401 2242 1454 id
2282 1418 2428 1457 cura:
2451 1404 2541 1459 sit.
2572 1405 2663 1459 Ait
2685 1408 2974 1476 Apostolus
3003 1427 3015 1463 :
3045 1409 3321 1464 Psalmum
3363 1414 3541 1480 habes,

1967 1493 2264 1547 doctrinam
2292 1496 2474 1559 habes,
2513 1497 2750 1568 linguam
2774 1499 2952 1562 habes,
2980 1503 3337 1573 apocalypst'm
3359 1505 3540 1576 [reve-

1967 1585 2248 1657 Iationem]
2281 1588 2440 1641 habes
2471 1605 2490 1642 :
2530 1592 2711 1643 omnia
2749 1592 2819 1644 ad
2862 1593 3269 1661 aediﬁcationem
3306 1598 3439 1664 fiant
3469 1599 3540 1653 ".

1964 1674 2096 1736 Ede,
2128 1676 2270 1742 bibe,
2296 1679 2494 1733 dormi.
2520 1677 2754 1759 Tantum
2813 1693 2969 1752 grato
2999 1685 3075 1740 sis
3107 1685 3314 1752 animo,
3343 1698 3396 1742 et
3425 1706 3546 1759 qua:

1965 1778 2029 1817 ex
2067 1765 2237 1832 teipso
2266 1766 2360 1818 tibi
2397 1758 2796 1837 suppetuntfet
2833 1771 2886 1823 in
2917 1773 3154 1826 naturali
3188 1778 3385 1833 mentis
3407 1758 3547 1833 libro

1960 1957 2018 2004 et
2052 1950 2264 2005 videbis
2284 1951 2454 2005 lucem
2485 1952 2940 2019 inaceessibilem,
2970 1953 3154 2009 Jesum
3198 1956 3395 2012 Filiqu
3441 1959 3537 2014 Det

1960 2042 2026 2094 de
2052 2042 2206 2095 caelis
2246 2043 2551 2097 venientem
2578 2059 2704 2096 cum
2760 2045 2930 2113 gloria
2969 2057 3022 2100 et
3048 2057 3312 2115 potestate
3348 2067 3450 2104 sua
3487 2052 3540 2105 in

1961 2134 2085 2201 igne
2118 2132 2392 2198 ﬂammic;
2427 2135 2529 2189 hos
2569 2136 2789 2205 quidem
2813 2137 3291 2204 comlenmantem,
3327 2152 3385 2195 ut
3422 2159 3546 2197 reos

1959 2223 2271 2292 jndicii“;
2335 2228 2430 2280 hos
2492 2241 2620 2279 vero
2698 2228 3088 2296 gloriﬁcantem
3140 2241 3201 2286 ut
3261 2243 3548 2288 consortes

1961 2313 2182 2382 gloriae:
2211 2314 2538 2383 quibuscum
2562 2316 2637 2370 sis
2665 2328 2719 2370 et
2756 2327 2833 2378 tu,
2865 2321 3200 2374 amicissime
3255 2323 3327 2376 mi
3354 2334 3406 2377 et
3443 2327 3544 2378 ho-

1961 2406 2330 2467 noratissimo,
2361 2423 2660 2462 coruscans
2691 2409 2863 2462 instar
2886 2411 3080 2466 solaris
3105 2413 3260 2468 radii.
3297 2413 3370 2466 De
3411 2418 3546 2472 sub-

1966 2497 2173 2550 urbano
2243 2497 2296 2550 in
2364 2516 2471 2567 quo
2515 2503 2910 2556 monasterium
2963 2507 3300 2561 constituere
3352 2509 3544 2564 decre-
3602 2502 3604 2504 ’

1961 2587 2108 2650 visti,
2153 2595 2266 2644 sive
2310 2592 2437 2658 quid
2496 2594 2641 2646 aliud
2691 2595 2796 2647 isto
2846 2596 2927 2649 vel
2964 2597 3058 2651 illo
3085 2601 3248 2652 modo
3303 2611 3452 2656 recte
3481 2618 3547 2655 at:

1963 2680 2222 2749 pricelare
2241 2682 2582 2751 designatum
2607 2696 2690 2738 est
2721 2701 2735 2748 ;
2767 2688 2972 2752 omnia,
3014 2699 3074 2743 ut
3097 2690 3212 2760 jam
3241 2692 3386 2746 facta
3420 2711 3546 2748 sus-

1962 2775 2103 2840 cepit
2127 2771 2269 2826 Deus
2299 2791 2310 2826 :
2348 2775 2510 2827 tnodo
2541 2777 2784 2830 omnium
2821 2781 3179 2847 privationem
3208 2796 3360 2854 grato
3397 2785 3542 2842 feras

1963 2865 2168 2917 animo.
2205 2865 2309 2919 Ora
2337 2882 2432 2934 pro
2461 2867 2617 2922 nobis
2648 2873 3062 2938 peccatoribus:
3107 2892 3282 2945 neque
3320 2894 3416 2946 pro
3440 2894 3536 2932 nov.

1963 2957 2045 3010 bis
2077 2957 2258 3020 modo,
2291 2960 2382 3026 qui
2411 2969 2723 3027 peccatores
2763 2977 2978 3030 sumus,
3013 2965 3108 3018 sed
3136 2967 3180 3021 si
3217 2968 3342 3036 quis
3374 2969 3538 3024 etiam

1961 3056 2280 3100 sanctorum
2317 3064 2503 3116 preces
2561 3059 2776 3119 expetet
2819 3062 2963 3117 tuas,
3013 3064 3073 3108 ut
3128 3057 3219 3125 qui
3281 3061 3543 3113 azrumnis

1964 3140 2309 3193 conllirteris.
2351 3140 2438 3193 Dei
2473 3144 2888 3199 amantissimus
2923 3145 3092 3202 frater
3130 3158 3315 3205 noster
3339 3160 3395 3206 ct
3438 3167 3538 3206 ar--

1967 3231 2349 3300 chiepiscopus
2380 3233 2678 3300 plurimum
2713 3244 2763 3289 te
2788 3237 3012 3293 salutat.

2281 3425 2562 3482 CLXXIX.
2597 3460 2668 3470 —
2697 3427 2881 3501 Sergio
2909 3435 3215 3503 praeposito.

1020 3526 1257 3576 Hortatur
1282 3527 1341 3575 ad
1363 3526 1661 3588 vigilantiam
1690 3530 1844 3586 utque
1874 3519 2225 3570 hazreticorum
2261 3517 2658 3569 communionem
2681 3519 2824 3571 vitet.

352 3607 528 3679 Χάρις
559 3606 770 3678 Κυρίῳ,
799 3607 881 3661 ὅτι
910 3608 1144 3676 ὑγιαίνει
1180 3611 1215 3677 ἡ
1241 3609 1490 3678 τιμιότης
1521 3627 1614 3661 σου
1637 3625 1652 3641 ·
1684 3609 1843 3660 τοῦτο

280 3697 389 3766 γὰρ
413 3697 704 3766 ἀνήγγειλε
727 3697 789 3749 τὸ
816 3697 1073 3766 γράμμα,
1101 3698 1196 3750 καὶ
1223 3699 1257 3767 ἡ
1294 3697 1424 3760 δυάς
1446 3697 1556 3749 τῶν
1578 3696 1848 3765 ἀδελφῶν.

293 3783 697 3854 Ἀπεδεξάμεθα
729 3784 786 3838 δὲ
809 3785 904 3839 καὶ
928 3785 1027 3856 τὴν
1055 3785 1310 3858 πρόθεσιν
1335 3787 1431 3838 τοῦ
1459 3786 1747 3855 ἐπιθυμεῖν
1788 3803 1850 3837 σε

278 3875 510 3947 ἀφῖχθαι
566 3875 703 3946 πρὸς
757 3877 927 3946 ἡμᾶς,
984 3874 1297 3930 κωλυθέντα
1339 3893 1404 3944 γε
1458 3878 1565 3947 μὴν
1610 3877 1714 3929 ὐπὸ
1749 3876 1850 3945 τῆς

279 3967 512 4036 συνοχῆς
539 3966 646 4020 τῶν
682 3967 960 4036 ἐμφυλίων
993 3967 1267 4034 πολέμων,
1312 3969 1408 4022 καὶ
1441 3969 1540 4038 τῆς
1581 3968 1723 4022 κατά
1753 3969 1854 4038 τὴν

278 4058 396 4112 ὁδὸν
444 4058 753 4128 άπηρείας·
805 4057 968 4112 ἅτινα
999 4057 1149 4113 κακὰ
1181 4060 1388 4130 Κύριος
1440 4061 1470 4112 ό
1513 4058 1644 4122 Θεὸς
1697 4060 1856 4130 ἡμῶν

276 4150 618 4204 διασκεδάσει
645 4153 702 4203 ἐν
731 4149 910 4222 τάχει,
959 4151 1251 4220 ἐπανάγων
1278 4154 1358 4217 είς
1397 4153 1622 4224 εἰρήνην
1649 4153 1711 4205 τὸ
1747 4153 1855 4207 ὐπ-

277 4248 462 4312 ήκοον,
509 4243 670 4310 καίγε
702 4243 1061 4297 ἀπαλλάττων
1100 4245 1198 4314 τῆς
1226 4244 1332 4298 τῶν
1372 4244 1691 4316 Ἀγαρηνῶν
1729 4247 1854 4298 ἐπι-

275 4332 508 4402 δρομῆς.
572 4332 961 4404 Ἑδιδάχθημεν
1013 4335 1120 4404 γὰρ
1173 4337 1265 4388 καὶ
1332 4337 1431 4406 τὴν
1489 4340 1616 4406 περὶ
1672 4338 1851 4390 αὐτῶν

278 4425 574 4493 ῥομφαίαν,
602 4424 690 4478 οἶα
720 4427 813 4478 καὶ
840 4425 1002 4496 ἡλίκη
1027 4427 1250 4494 γέγονεν
1279 4429 1338 4479 ἐν
1363 4430 1473 4490 τοῖς
1504 4429 1712 4482 αὐτόθι.
1743 4429 1854 4483 Καὶ

272 4514 446 4568 ταῦτα
527 4519 706 4570 πάντα
770 4517 1023 4588 ἐπιτίμιά
1068 4520 1184 4571 ἐστι
1229 4519 1380 4588 παρά
1438 4520 1594 4582 Θεοῦ,
1653 4523 1746 4574 ἐπὶ
1787 4524 1852 4593 τῇ

2022 3601 2236 3655 Gratias
2265 3601 2515 3668 Domino,
2566 3605 2714 3672 quod
2769 3606 3062 3662 incolumis
3107 3610 3180 3663 sit
3250 3610 3540 3688 honorabi-

1952 3694 2077 3746 litas
2100 3702 2190 3745 tua
2222 3709 2236 3758 ;
2274 3693 2377 3747 hoc
2405 3695 2551 3748 enim
2584 3697 2776 3750 littera:
2799 3701 3202 3764 renuntiarunt,
3255 3713 3310 3756 et
3344 3703 3541 3760 fratres

1953 3784 2085 3836 duo.
2119 3784 2433 3854 Pergratum
2460 3789 2620 3839 etiam
2673 3789 2987 3856 habuimus,
3036 3792 3184 3860 quod
3243 3796 3541 3850 consilium

1951 3887 2004 3930 et
2056 3877 2273 3930 animus
2319 3875 2483 3931 fuerit
2518 3877 2612 3930 tibi
2665 3878 2730 3930 ad
2775 3895 2874 3934 nos
2913 3881 3189 3947 veniendi,
3240 3885 3346 3940 nisi
3400 3887 3538 3942 bella

1955 3970 2136 4024 civilia
2168 3970 2530 4033 obstitissent,
2560 3979 2615 4024 et.
2666 3971 2882 4038 injuriae
2925 3975 3128 4042 quibus
3178 3977 3278 4030 viae
3327 3977 3540 4034 infesta:

1955 4073 2120 4116 sunt:
2161 4077 2284 4132 quae
2327 4063 2671 4116 incommoda
2732 4064 2884 4117 brevi
2929 4065 3225 4135 dissipabit
3271 4068 3536 4126 Dominus

1955 4152 2098 4209 Deus
2139 4164 2346 4218 noster,
2388 4153 2639 4209 subditos
2671 4155 2736 4208 ad
2763 4171 2950 4224 pacem
2986 4173 3266 4223 revocans,
3292 4167 3539 4218 eosdem-

1953 4261 2060 4316 que
2094 4246 2329 4299 liberaus
2354 4247 2422 4299 ab
2443 4246 2823 4316 Agarenorum
2856 4248 3194 4306 incursione.
3230 4253 3364 4306 Nam
3398 4258 3538 4311 etde

1957 4339 2274 4408 rbomphaaa
2316 4339 2530 4392 illorum
2595 4339 2909 4404 didicimus,
2961 4344 3150 4410 quales
3203 4354 3256 4401 et
3303 4357 3537 4417 quantas

1961 4431 2102 4500 apud
2125 4446 2222 4485 vos
2261 4441 2474 4502 strages
2519 4434 2768 4486 ediderit.
2801 4439 2976 4503 Atque
3008 4437 3122 4490 haec
3151 4438 3333 4491 omnia
3365 4456 3538 4504 poena:

1963 4533 2116 4586 sunt,
2145 4539 2176 4577 a
2211 4522 2319 4578 Deo
2350 4533 2569 4594 propter
2606 4525 3040 4594 impamitentem
3112 4532 3375 4586 malitiam
3438 4551 3536 4589 uo-

274 4609 636 4679 ἀμετανοήτῳ
686 4609 842 4678 ἡμῶν
885 4610 1074 4681 κακίᾳ.
1106 4610 1294 4680 Ὅμως
1341 4611 1429 4675 σὺ,
1480 4612 1612 4682 ἄνερ
1657 4612 1849 4679 ἀγαθὲ.

1960 4624 2130 4668 stram
2166 4615 2403 4670 inﬂictae.
2442 4617 2522 4670 Tu
2557 4627 2759 4681 tamen,
2793 4618 2875 4672 vir
2911 4620 3070 4684 bone,
3120 4637 3183 4675 ac
3223 4623 3392 4678 frater
3431 4627 3531 4680 ho-

273 4700 368 4751 καὶ
406 4699 602 4768 άδελφὲ
656 4700 973 4770 τιμιώτατε,
1026 4701 1184 4771 στῆθι
1231 4703 1326 4755 καὶ
1376 4704 1626 4774 ἁνδρίζου
1673 4707 1730 4756 ὲν
1775 4705 1853 4775 τῷ

274 4789 634 4862 καθηγεῖσθαι
681 4793 781 4859 τῆς
825 4793 1223 4862 ἀδελφότητος⁶
1259 4795 1335 4863 μὴ
1364 4795 1685 4848 ὑποπίπτων
1717 4796 1851 4848 ἀθυ-

275 4880 396 4952 μίᾳ,
431 4881 536 4934 κᾶν
566 4881 759 4934 πολλαὶ
803 4884 861 4934 αἱ
893 4883 1204 4936 δυσκολίαι·
1235 4884 1310 4953 μὴ
1353 4885 1692 4955 ἀποκάμνων
1729 4890 1848 4949 ταῖς

271 4973 551 5044 ἀπορίαις,
571 4974 675 5026 κᾶν
703 4976 736 5042 ἡ
762 4975 914 5044 ἰσχὺς
942 4977 1274 5030 δαπανᾶται.
1293 4977 1454 5029 Ἀλλὰ
1477 4978 1693 5047 πρῶτον
1721 4978 1842 5047 μὲν,

270 5061 300 5115 ὃ
333 5062 426 5114 καὶ
451 5061 668 5133 πρώτου
690 5062 848 5130 λόγου
868 5064 985 5116 ἐστὶ
1009 5066 1250 5136 ζήτημα,
1278 5066 1379 5135 τὴν
1406 5065 1589 5118 πίστιν
1617 5067 1844 5137 φρούρει

271 5152 490 5222 ἀσφαλῆ
525 5154 620 5205 καὶ
644 5153 984 5223 ἀκράδαντον
1003 5195 1019 5218 ,
1053 5156 1270 5223 φεύγων
1290 5159 1389 5226 τὴν
1422 5158 1708 5209 κοινωνίαν
1739 5157 1844 5209 τῶν

271 5243 595 5312 ἑτεροδόξων
629 5244 867 5312 παντοίῳ
895 5245 1101 5315 τρόπῳ.
1137 5247 1275 5302 Ἱσθι
1321 5248 1430 5317 γὰρ
1481 5247 1564 5299 ὅτι
1606 5247 1846 5316 διωγμὸς

271 5336 504 5405 πάρεστι
531 5352 546 5366 ο
583 5336 677 5388 καὶ⁴
702 5337 764 5388 οὐ
793 5336 1154 5406 τελειότητος,
1189 5339 1251 5391 τὸ
1284 5339 1427 5409 ὑμᾶς
1454 5339 1593 5392 οἶκοι
1616 5338 1843 5403 καθέζε-

273 5427 435 5489 σθαι,
471 5429 564 5480 καὶ
596 5427 892 5488 ἀδιὼκτους
933 5426 1209 5496 διαμένειν
1233 5444 1246 5459 ο
1298 5428 1409 5480 τῶν
1442 5428 1700 5498 ζηλωτῶν
1745 5428 1845 5497 τῆς

270 5517 551 5580 εὐσεϐείας
595 5516 766 5570 πολλὰ
803 5517 1186 5570 πεπονθότων·
1237 5518 1332 5570 καὶ
1373 5520 1672 5588 μαρτυρίου
1729 5520 1843 5572 διά·

339 5633 384 5663 "
413 5631 431 5685 l
470 5631 596 5687 Cor.
624 5648 736 5697 xiv,
773 5632 864 5687 26.
944 5634 993 5666 ⁸⁸
1018 5635 1063 5689 ll
1093 5633 1284 5689 Thess.
1321 5650 1378 5699 ll,
1415 5637 1469 5698 8,
1499 5650 1571 5688 vi.

1959 4706 2334 4772 noratissime,
2373 4715 2456 4761 sta
2483 4715 2537 4761 et
2575 4708 2804 4762 viriliter
2826 4724 2927 4778 age
2979 4711 3032 4764 in
3074 4711 3393 4779 praél‘ectura
3419 4713 3530 4768 fra-

1957 4807 2099 4850 trum
2133 4816 2146 4851 :
2185 4814 2282 4852 nec
2309 4799 2494 4852 animo
2517 4799 2702 4864 cadas,
2735 4802 2988 4870 quamvis
3025 4804 3210 4858 multa:
3247 4806 3355 4858 sint
3387 4807 3530 4860 dilli~

1953 4891 2226 4954 cultatcs;
2259 4907 2357 4944 nec
2390 4891 2607 4945 fatiscas
2639 4893 2692 4945 in
2750 4893 3042 4962 angustiis,
3099 4897 3200 4948 etsi
3221 4897 3366 4951 vires
3393 4912 3528 4952 con-

1952 4991 2268 5034 sumuntur.
2305 4981 2409 5036 Sed
2451 4983 2688 5051 primum
2723 4987 2966 5054 quidem,
3011 4988 3157 5057 quod
3204 4989 3379 5057 primo
3411 4991 3530 5046 loco

1951 5072 2234 5139 quaeritur,
2273 5073 2432 5126 ﬁdem
2474 5089 2630 5128 serva
2657 5078 2868 5131 lirmam
2896 5087 2950 5132 et
2988 5078 3395 5148 inconcussam,
3432 5083 3528 5137 lic-

1952 5163 2340 5218 terodoxorum
2370 5168 2814 5223 communionem
2856 5172 3030 5226 modis
3086 5175 3345 5230 omnibus
3374 5175 3528 5230 devi-

1955 5264 2096 5308 tans.
2132 5254 2252 5310 Seis
2302 5259 2445 5311 enim
2493 5259 2686 5313 adesse
2743 5267 3200 5330 persecutionem,
3261 5284 3362 5322 nec
3400 5283 3524 5337 per-

1950 5345 2201 5402 fectionis
2238 5363 2358 5402 esse
2417 5349 2655 5404 residere
2682 5367 2778 5406 vos
2827 5353 3000 5420 domi,
3033 5367 3194 5425 atque
3219 5368 3367 5411 extra
3403 5375 3525 5427 per—

1946 5441 2284 5494 secutimem
2357 5458 2716 5510 permanere;
2781 5447 2932 5510 dum,
2987 5447 3080 5511 qui
3150 5448 3267 5501 zelo
3311 5449 3526 5516 pietatis

1951 5529 2201 5598 ﬂagrant,
2247 5533 2414 5587 multa
2473 5535 2774 5604 patiuntur,
2814 5537 3093 5592 nounul!is
3137 5539 3247 5608 jam
3282 5542 3524 5611 martyrii

1777 5699 2005 5788 NOTAE.

345 5859 452 5927 (7|)
481 5859 532 5912 In
563 5859 681 5916 cod.
722 5859 832 5931 Reg
892 5868 1032 5931 ρπα⁹.
