  <div class='ocr_page' id='page_1' title='image "/cluster/home/n/w/nwhite01/storage/ocr_20150623/99/hvd.32044024464356/785.png"; bbox 0 0 4102 6374; ppageno 0'>
   <div class='ocr_carea' id='block_1_1' title="bbox 562 363 702 430">
    <p class='ocr_par' dir='ltr' id='par_1_1' title="bbox 562 363 702 430">
     <span class='ocr_line' id='line_1_1' title="bbox 562 363 702 430; baseline 0.007 -2"><span class='ocrx_word' id='word_1_1' title='bbox 562 363 702 430; x_wconf 82' lang='grc'><strong>1555</strong></span> 
     </span>
    </p>
   </div>
   <div class='ocr_carea' id='block_1_2' title="bbox 1735 357 2628 422">
    <p class='ocr_par' dir='ltr' id='par_1_2' title="bbox 1735 357 2628 422">
     <span class='ocr_line' id='line_1_2' title="bbox 1735 357 2628 422; baseline 0 -1"><span class='ocrx_word' id='word_1_2' title='bbox 1735 362 1794 422; x_wconf 93' lang='lat' dir='ltr'><strong>S.</strong></span> <span class='ocrx_word' id='word_1_3' title='bbox 1823 357 2216 421; x_wconf 85' lang='lat' dir='ltr'><strong>THEODORI</strong></span> <span class='ocrx_word' id='word_1_4' title='bbox 2279 358 2628 422; x_wconf 73' lang='lat' dir='ltr'><strong>STUDITIE</strong></span> 
     </span>
    </p>
   </div>
   <div class='ocr_carea' id='block_1_3' title="bbox 3695 358 3830 426">
    <p class='ocr_par' dir='ltr' id='par_1_3' title="bbox 3695 358 3830 426">
     <span class='ocr_line' id='line_1_3' title="bbox 3695 358 3830 426; baseline 0.03 -4"><span class='ocrx_word' id='word_1_5' title='bbox 3695 358 3830 426; x_wconf 70' lang='grc'><strong>1556</strong></span> 
     </span>
    </p>
   </div>
   <div class='ocr_carea' id='block_1_4' title="bbox 555 472 2161 546">
    <p class='ocr_par' dir='ltr' id='par_1_4' title="bbox 555 474 2138 546">
     <span class='ocr_line' id='line_1_4' title="bbox 555 474 2138 546; baseline -0.005 -12"><span class='ocrx_word' id='word_1_6' title='bbox 555 481 864 536; x_wconf 88' lang='lat' dir='ltr'><strong>diademate</strong></span> <span class='ocrx_word' id='word_1_7' title='bbox 897 479 1197 535; x_wconf 78' lang='lat' dir='ltr'><strong>coronatis.</strong></span> <span class='ocrx_word' id='word_1_8' title='bbox 1242 477 1589 546; x_wconf 88' lang='lat' dir='ltr'><strong>Quapropter</strong></span> <span class='ocrx_word' id='word_1_9' title='bbox 1622 484 1809 530; x_wconf 85' lang='lat' dir='ltr'><strong>exacta</strong></span> <span class='ocrx_word' id='word_1_10' title='bbox 1839 474 1996 529; x_wconf 84' lang='lat' dir='ltr'><strong>vobis</strong></span> <span class='ocrx_word' id='word_1_11' title='bbox 2025 474 2138 528; x_wconf 88' lang='lat' dir='ltr'><strong>vita</strong></span> 
     </span>
    </p>
   </div>
   <div class='ocr_carea' id='block_1_5' title="bbox 2264 472 3830 546">
    <p class='ocr_par' dir='ltr' id='par_1_5' title="bbox 2264 473 3830 546">
     <span class='ocr_line' id='line_1_5' title="bbox 2264 473 3830 546; baseline 0.002 -20"><span class='ocrx_word' id='word_1_12' title='bbox 2264 479 2390 543; x_wconf 72' lang='grc' dir='ltr'>ὲημα</span> <span class='ocrx_word' id='word_1_13' title='bbox 2418 474 2775 546; x_wconf 77' lang='grc' dir='ltr'>στεψαμένων</span> <span class='ocrx_word' id='word_1_14' title='bbox 2805 473 2988 529; x_wconf 83' lang='grc' dir='ltr'>τινῶν.</span> <span class='ocrx_word' id='word_1_15' title='bbox 3023 473 3189 528; x_wconf 82' lang='grc' dir='ltr'>’Ὥστε</span> <span class='ocrx_word' id='word_1_16' title='bbox 3229 473 3493 545; x_wconf 74' lang='grc' dir='ltr'>ἀκριϐοῦς</span> <span class='ocrx_word' id='word_1_17' title='bbox 3521 473 3672 545; x_wconf 79' lang='grc' dir='ltr'><strong>ζωῆς</strong></span> <span class='ocrx_word' id='word_1_18' title='bbox 3698 476 3830 544; x_wconf 77' lang='grc' dir='ltr'>ὑμῖν</span> 
     </span>
    </p>
   </div>
   <div class='ocr_carea' id='block_1_6' title="bbox 558 568 2139 644">
    <p class='ocr_par' dir='ltr' id='par_1_6' title="bbox 558 568 2139 644">
     <span class='ocr_line' id='line_1_6' title="bbox 558 568 2139 644; baseline -0.004 -15"><span class='ocrx_word' id='word_1_19' title='bbox 558 583 646 629; x_wconf 88' lang='lat' dir='ltr'><strong>est</strong></span> <span class='ocrx_word' id='word_1_20' title='bbox 681 589 843 644; x_wconf 89' lang='lat' dir='ltr'><strong>opus,</strong></span> <span class='ocrx_word' id='word_1_21' title='bbox 871 588 993 643; x_wconf 60' lang='lat' dir='ltr'><strong>quas</strong></span> <span class='ocrx_word' id='word_1_22' title='bbox 1041 572 1257 643; x_wconf 84' lang='lat' dir='ltr'><strong>expleat</strong></span> <span class='ocrx_word' id='word_1_23' title='bbox 1293 571 1440 641; x_wconf 91' lang='lat' dir='ltr'><strong>quod</strong></span> <span class='ocrx_word' id='word_1_24' title='bbox 1491 569 1764 639; x_wconf 89' lang='lat' dir='ltr'><strong>reliquum</strong></span> <span class='ocrx_word' id='word_1_25' title='bbox 1817 577 1903 623; x_wconf 90' lang='lat' dir='ltr'><strong>est</strong></span> <span class='ocrx_word' id='word_1_26' title='bbox 1923 568 2139 623; x_wconf 65' lang='lat' dir='ltr'><strong>aetatis:</strong></span> 
     </span>
    </p>
   </div>
   <div class='ocr_carea' id='block_1_7' title="bbox 559 662 2146 740">
    <p class='ocr_par' dir='ltr' id='par_1_7' title="bbox 559 662 2146 740">
     <span class='ocr_line' id='line_1_7' title="bbox 559 662 2146 740; baseline -0.003 -18"><span class='ocrx_word' id='word_1_27' title='bbox 559 669 787 740; x_wconf 85' lang='lat' dir='ltr'><strong>qualem</strong></span> <span class='ocrx_word' id='word_1_28' title='bbox 843 675 1086 724; x_wconf 88' lang='lat' dir='ltr'><strong>sectatus</strong></span> <span class='ocrx_word' id='word_1_29' title='bbox 1139 665 1346 736; x_wconf 78' lang='lat' dir='ltr'><strong>estqui</strong></span> <span class='ocrx_word' id='word_1_30' title='bbox 1392 673 1552 719; x_wconf 88' lang='lat' dir='ltr'><strong>antea</strong></span> <span class='ocrx_word' id='word_1_31' title='bbox 1603 663 1757 719; x_wconf 83' lang='lat' dir='ltr'><strong>vobis</strong></span> <span class='ocrx_word' id='word_1_32' title='bbox 1816 662 2057 734; x_wconf 73' lang='lat' dir='ltr'><strong>przefuit,</strong></span> <span class='ocrx_word' id='word_1_33' title='bbox 2091 673 2146 717; x_wconf 85' lang='lat' dir='ltr'><strong>et</strong></span> 
     </span>
    </p>
   </div>
   <div class='ocr_carea' id='block_1_8' title="bbox 561 756 2146 832">
    <p class='ocr_par' dir='ltr' id='par_1_8' title="bbox 561 756 2146 832">
     <span class='ocr_line' id='line_1_8' title="bbox 561 756 2146 832; baseline -0.006 -16"><span class='ocrx_word' id='word_1_34' title='bbox 561 776 729 832; x_wconf 89' lang='lat' dir='ltr'><strong>quam</strong></span> <span class='ocrx_word' id='word_1_35' title='bbox 769 762 837 814; x_wconf 81' lang='lat' dir='ltr'><strong>ab</strong></span> <span class='ocrx_word' id='word_1_36' title='bbox 891 759 986 814; x_wconf 92' lang='lat' dir='ltr'><strong>illo</strong></span> <span class='ocrx_word' id='word_1_37' title='bbox 1020 774 1120 812; x_wconf 89' lang='lat' dir='ltr'><strong>vos</strong></span> <span class='ocrx_word' id='word_1_38' title='bbox 1167 757 1530 826; x_wconf 81' lang='lat' dir='ltr'><strong>suscepistis:</strong></span> <span class='ocrx_word' id='word_1_39' title='bbox 1575 756 1734 825; x_wconf 84' lang='lat' dir='ltr'><strong>quale</strong></span> <span class='ocrx_word' id='word_1_40' title='bbox 1793 771 2031 825; x_wconf 77' lang='lat' dir='ltr'><strong>namque</strong></span> <span class='ocrx_word' id='word_1_41' title='bbox 2062 764 2146 809; x_wconf 89' lang='lat' dir='ltr'><strong>est</strong></span> 
     </span>
    </p>
   </div>
   <div class='ocr_carea' id='block_1_9' title="bbox 563 849 2142 924">
    <p class='ocr_par' dir='ltr' id='par_1_9' title="bbox 563 849 2142 924">
     <span class='ocr_line' id='line_1_9' title="bbox 563 849 2142 924; baseline -0.004 -16"><span class='ocrx_word' id='word_1_42' title='bbox 563 862 745 924; x_wconf 83' lang='lat' dir='ltr'><strong>caput,</strong></span> <span class='ocrx_word' id='word_1_43' title='bbox 785 853 892 907; x_wconf 88' lang='lat' dir='ltr'><strong>tale</strong></span> <span class='ocrx_word' id='word_1_44' title='bbox 919 861 973 906; x_wconf 89' lang='lat' dir='ltr'><strong>et</strong></span> <span class='ocrx_word' id='word_1_45' title='bbox 1002 859 1174 905; x_wconf 92' lang='lat' dir='ltr'><strong>totum</strong></span> <span class='ocrx_word' id='word_1_46' title='bbox 1231 865 1453 920; x_wconf 91' lang='lat' dir='ltr'><strong>corpus.</strong></span> <span class='ocrx_word' id='word_1_47' title='bbox 1495 849 1562 905; x_wconf 83' lang='lat' dir='ltr'><strong>Et</strong></span> <span class='ocrx_word' id='word_1_48' title='bbox 1606 851 1722 904; x_wconf 63' lang='lat' dir='ltr'><strong>haec</strong></span> <span class='ocrx_word' id='word_1_49' title='bbox 1760 849 1904 910; x_wconf 88' lang='lat' dir='ltr'><strong>dico,</strong></span> <span class='ocrx_word' id='word_1_50' title='bbox 1938 863 2046 902; x_wconf 91' lang='lat' dir='ltr'><strong>non</strong></span> <span class='ocrx_word' id='word_1_51' title='bbox 2079 858 2142 901; x_wconf 91' lang='lat' dir='ltr'><strong>ut</strong></span> 
     </span>
    </p>
   </div>
   <div class='ocr_carea' id='block_1_10' title="bbox 495 943 2147 1016">
    <p class='ocr_par' dir='ltr' id='par_1_10' title="bbox 495 943 2147 1016">
     <span class='ocr_line' id='line_1_10' title="bbox 495 943 2147 1016; baseline -0.001 -20"><span class='ocrx_word' id='word_1_52' title='bbox 495 989 500 996; x_wconf 88' lang='lat'><strong>.</strong></span> <span class='ocrx_word' id='word_1_53' title='bbox 563 945 930 1016; x_wconf 85' lang='lat' dir='ltr'><strong>dissipemini,</strong></span> <span class='ocrx_word' id='word_1_54' title='bbox 959 943 1051 998; x_wconf 90' lang='lat' dir='ltr'><strong>sed</strong></span> <span class='ocrx_word' id='word_1_55' title='bbox 1081 952 1141 997; x_wconf 91' lang='lat' dir='ltr'><strong>ut</strong></span> <span class='ocrx_word' id='word_1_56' title='bbox 1175 943 1466 1013; x_wconf 84' lang='lat' dir='ltr'><strong>diligenter</strong></span> <span class='ocrx_word' id='word_1_57' title='bbox 1490 943 1912 1005; x_wconf 89' lang='lat' dir='ltr'><strong>conservemini,</strong></span> <span class='ocrx_word' id='word_1_58' title='bbox 1942 952 1996 996; x_wconf 87' lang='lat' dir='ltr'><strong>et</strong></span> <span class='ocrx_word' id='word_1_59' title='bbox 2026 957 2147 995; x_wconf 90' lang='lat' dir='ltr'><strong>eor-</strong></span> 
     </span>
    </p>
   </div>
   <div class='ocr_carea' id='block_1_11' title="bbox 563 1031 2148 1097">
    <p class='ocr_par' dir='ltr' id='par_1_11' title="bbox 563 1031 2148 1097">
     <span class='ocr_line' id='line_1_11' title="bbox 563 1031 2148 1097; baseline -0.004 -5"><span class='ocrx_word' id='word_1_60' title='bbox 563 1035 917 1097; x_wconf 86' lang='lat' dir='ltr'><strong>roboremini,</strong></span> <span class='ocrx_word' id='word_1_61' title='bbox 933 1049 1223 1090; x_wconf 88' lang='lat' dir='ltr'><strong>commune</strong></span> <span class='ocrx_word' id='word_1_62' title='bbox 1245 1049 1368 1088; x_wconf 90' lang='lat' dir='ltr'><strong>cum</strong></span> <span class='ocrx_word' id='word_1_63' title='bbox 1391 1034 1586 1088; x_wconf 79' lang='lat' dir='ltr'><strong>lneresi</strong></span> <span class='ocrx_word' id='word_1_64' title='bbox 1609 1033 1745 1088; x_wconf 86' lang='lat' dir='ltr'><strong>nihil</strong></span> <span class='ocrx_word' id='word_1_65' title='bbox 1763 1031 2148 1086; x_wconf 81' lang='lat' dir='ltr'><strong>habentes.De-</strong></span> 
     </span>
    </p>
   </div>
   <div class='ocr_carea' id='block_1_12' title="bbox 565 1125 2145 1198">
    <p class='ocr_par' dir='ltr' id='par_1_12' title="bbox 565 1125 2145 1198">
     <span class='ocr_line' id='line_1_12' title="bbox 565 1125 2145 1198; baseline -0.004 -13"><span class='ocrx_word' id='word_1_66' title='bbox 565 1131 719 1196; x_wconf 85' lang='lat' dir='ltr'><strong>inde,</strong></span> <span class='ocrx_word' id='word_1_67' title='bbox 737 1129 1020 1183; x_wconf 87' lang='lat' dir='ltr'><strong>attendens</strong></span> <span class='ocrx_word' id='word_1_68' title='bbox 1045 1127 1284 1192; x_wconf 79' lang='lat' dir='ltr'><strong>attende,</strong></span> <span class='ocrx_word' id='word_1_69' title='bbox 1303 1137 1357 1181; x_wconf 89' lang='lat' dir='ltr'><strong>et</strong></span> <span class='ocrx_word' id='word_1_70' title='bbox 1379 1127 1612 1198; x_wconf 78' lang='lat' dir='ltr'><strong>vigilans</strong></span> <span class='ocrx_word' id='word_1_71' title='bbox 1632 1126 1809 1196; x_wconf 86' lang='lat' dir='ltr'><strong>vigila,</strong></span> <span class='ocrx_word' id='word_1_72' title='bbox 1830 1126 1958 1195; x_wconf 85' lang='lat' dir='ltr'><strong>quia</strong></span> <span class='ocrx_word' id='word_1_73' title='bbox 1989 1125 2145 1179; x_wconf 89' lang='lat' dir='ltr'><strong>multi</strong></span> 
     </span>
    </p>
   </div>
   <div class='ocr_carea' id='block_1_13' title="bbox 565 1218 2148 1290">
    <p class='ocr_par' dir='ltr' id='par_1_13' title="bbox 565 1218 2148 1290">
     <span class='ocr_line' id='line_1_13' title="bbox 565 1218 2148 1290; baseline -0.003 -12"><span class='ocrx_word' id='word_1_74' title='bbox 565 1223 636 1278; x_wconf 84' lang='lat' dir='ltr'><strong>ab</strong></span> <span class='ocrx_word' id='word_1_75' title='bbox 674 1221 785 1276; x_wconf 92' lang='lat' dir='ltr'><strong>alto</strong></span> <span class='ocrx_word' id='word_1_76' title='bbox 830 1222 1210 1290; x_wconf 79' lang='lat' dir='ltr'><strong>impugnantes</strong></span> <span class='ocrx_word' id='word_1_77' title='bbox 1271 1237 1393 1284; x_wconf 85' lang='lat' dir='ltr'><strong>nos,</strong></span> <span class='ocrx_word' id='word_1_78' title='bbox 1427 1220 1555 1288; x_wconf 88' lang='lat' dir='ltr'><strong>quia</strong></span> <span class='ocrx_word' id='word_1_79' title='bbox 1588 1219 1791 1274; x_wconf 90' lang='lat' dir='ltr'><strong>diaboli</strong></span> <span class='ocrx_word' id='word_1_80' title='bbox 1841 1218 2148 1287; x_wconf 85' lang='lat' dir='ltr'><strong>complures</strong></span> 
     </span>
    </p>
   </div>
   <div class='ocr_carea' id='block_1_14' title="bbox 565 1308 2144 1382">
    <p class='ocr_par' dir='ltr' id='par_1_14' title="bbox 565 1308 2144 1382">
     <span class='ocr_line' id='line_1_14' title="bbox 565 1308 2144 1382; baseline -0.006 -13"><span class='ocrx_word' id='word_1_81' title='bbox 565 1324 696 1369; x_wconf 88' lang='lat' dir='ltr'><strong>sunt</strong></span> <span class='ocrx_word' id='word_1_82' title='bbox 733 1312 910 1382; x_wconf 87' lang='lat' dir='ltr'><strong>laquei</strong></span> <span class='ocrx_word' id='word_1_83' title='bbox 943 1329 956 1364; x_wconf 91' lang='lat'><strong>:</strong></span> <span class='ocrx_word' id='word_1_84' title='bbox 993 1311 1133 1375; x_wconf 83' lang='lat' dir='ltr'><strong>Quia</strong></span> <span class='ocrx_word' id='word_1_85' title='bbox 1162 1319 1414 1378; x_wconf 85' lang='lat' dir='ltr'><strong>tanquam</strong></span> <span class='ocrx_word' id='word_1_86' title='bbox 1434 1308 1514 1362; x_wconf 82' lang='lat' dir='ltr'><strong>leo</strong></span> <span class='ocrx_word' id='word_1_87' title='bbox 1550 1309 1760 1380; x_wconf 82' lang='lat' dir='ltr'><strong>rugiens</strong></span> <span class='ocrx_word' id='word_1_88' title='bbox 1783 1309 1972 1378; x_wconf 80' lang='lat' dir='ltr'><strong>qmerit</strong></span> <span class='ocrx_word' id='word_1_89' title='bbox 1994 1325 2144 1378; x_wconf 85' lang='lat' dir='ltr'><strong>quem</strong></span> 
     </span>
    </p>
   </div>
   <div class='ocr_carea' id='block_1_15' title="bbox 564 1399 2149 1471">
    <p class='ocr_par' dir='ltr' id='par_1_15' title="bbox 564 1399 2149 1471">
     <span class='ocr_line' id='line_1_15' title="bbox 564 1399 2149 1471; baseline -0.003 -13"><span class='ocrx_word' id='word_1_90' title='bbox 564 1403 882 1458; x_wconf 78' lang='lat' dir='ltr'><strong>devoret”.</strong></span> <span class='ocrx_word' id='word_1_91' title='bbox 920 1403 1100 1471; x_wconf 87' lang='lat' dir='ltr'><strong>Atque</strong></span> <span class='ocrx_word' id='word_1_92' title='bbox 1160 1401 1308 1456; x_wconf 89' lang='lat' dir='ltr'><strong>bunc</strong></span> <span class='ocrx_word' id='word_1_93' title='bbox 1363 1401 1582 1468; x_wconf 87' lang='lat' dir='ltr'><strong>quidem</strong></span> <span class='ocrx_word' id='word_1_94' title='bbox 1644 1400 1923 1468; x_wconf 89' lang='lat' dir='ltr'><strong>voluptate</strong></span> <span class='ocrx_word' id='word_1_95' title='bbox 1970 1399 2149 1454; x_wconf 88' lang='lat' dir='ltr'><strong>carnis</strong></span> 
     </span>
    </p>
   </div>
   <div class='ocr_carea' id='block_1_16' title="bbox 570 1491 2151 1559">
    <p class='ocr_par' dir='ltr' id='par_1_16' title="bbox 570 1491 2151 1559">
     <span class='ocr_line' id='line_1_16' title="bbox 570 1491 2151 1559; baseline -0.004 -7"><span class='ocrx_word' id='word_1_96' title='bbox 570 1495 874 1552; x_wconf 78' lang='lat' dir='ltr'><strong>exsorbere</strong></span> <span class='ocrx_word' id='word_1_97' title='bbox 900 1502 1160 1559; x_wconf 88' lang='lat' dir='ltr'><strong>conatur;</strong></span> <span class='ocrx_word' id='word_1_98' title='bbox 1193 1493 1356 1549; x_wconf 91' lang='lat' dir='ltr'><strong>alium</strong></span> <span class='ocrx_word' id='word_1_99' title='bbox 1387 1508 1517 1547; x_wconf 87' lang='lat' dir='ltr'><strong>vero</strong></span> <span class='ocrx_word' id='word_1_100' title='bbox 1536 1491 1932 1548; x_wconf 83' lang='lat' dir='ltr'><strong>incredulitatis</strong></span> <span class='ocrx_word' id='word_1_101' title='bbox 1959 1493 2151 1546; x_wconf 83' lang='lat' dir='ltr'><strong>morbo</strong></span> 
     </span>
    </p>
   </div>
   <div class='ocr_carea' id='block_1_17' title="bbox 567 1581 2150 1653">
    <p class='ocr_par' dir='ltr' id='par_1_17' title="bbox 567 1581 2150 1653">
     <span class='ocr_line' id='line_1_17' title="bbox 567 1581 2150 1653; baseline -0.002 -17"><span class='ocrx_word' id='word_1_102' title='bbox 567 1601 599 1642; x_wconf 84' lang='lat' dir='ltr'><strong>a</strong></span> <span class='ocrx_word' id='word_1_103' title='bbox 630 1596 890 1653; x_wconf 80' lang='lat' dir='ltr'><strong>compage</strong></span> <span class='ocrx_word' id='word_1_104' title='bbox 926 1581 1156 1636; x_wconf 83' lang='lat' dir='ltr'><strong>fratrum</strong></span> <span class='ocrx_word' id='word_1_105' title='bbox 1212 1581 1490 1635; x_wconf 88' lang='lat' dir='ltr'><strong>divellere.</strong></span> <span class='ocrx_word' id='word_1_106' title='bbox 1551 1581 1731 1634; x_wconf 88' lang='lat' dir='ltr'><strong>Alium</strong></span> <span class='ocrx_word' id='word_1_107' title='bbox 1783 1581 2000 1636; x_wconf 65' lang='lat' dir='ltr'><strong>invidiae</strong></span> <span class='ocrx_word' id='word_1_108' title='bbox 2028 1581 2150 1634; x_wconf 87' lang='lat' dir='ltr'><strong>telis</strong></span> 
     </span>
    </p>
   </div>
   <div class='ocr_carea' id='block_1_18' title="bbox 569 1672 2152 1738">
    <p class='ocr_par' dir='ltr' id='par_1_18' title="bbox 569 1672 2152 1738">
     <span class='ocr_line' id='line_1_18' title="bbox 569 1672 2152 1738; baseline -0.003 -8"><span class='ocrx_word' id='word_1_109' title='bbox 569 1675 845 1738; x_wconf 85' lang='lat' dir='ltr'><strong>vulnerat,</strong></span> <span class='ocrx_word' id='word_1_110' title='bbox 905 1682 966 1728; x_wconf 90' lang='lat' dir='ltr'><strong>ut</strong></span> <span class='ocrx_word' id='word_1_111' title='bbox 997 1673 1129 1728; x_wconf 84' lang='lat' dir='ltr'><strong>Cain</strong></span> <span class='ocrx_word' id='word_1_112' title='bbox 1157 1673 1387 1726; x_wconf 86' lang='lat' dir='ltr'><strong>alterum</strong></span> <span class='ocrx_word' id='word_1_113' title='bbox 1433 1672 1669 1726; x_wconf 78' lang='lat' dir='ltr'><strong>efficiat:</strong></span> <span class='ocrx_word' id='word_1_114' title='bbox 1712 1674 1877 1726; x_wconf 88' lang='lat' dir='ltr'><strong>alium</strong></span> <span class='ocrx_word' id='word_1_115' title='bbox 1909 1672 2152 1726; x_wconf 64' lang='lat' dir='ltr'><strong>avaritiae</strong></span> 
     </span>
    </p>
   </div>
   <div class='ocr_carea' id='block_1_19' title="bbox 569 1763 2147 1836">
    <p class='ocr_par' dir='ltr' id='par_1_19' title="bbox 569 1763 2147 1836">
     <span class='ocr_line' id='line_1_19' title="bbox 569 1763 2147 1836; baseline -0.004 -12"><span class='ocrx_word' id='word_1_116' title='bbox 569 1783 700 1824; x_wconf 88' lang='lat' dir='ltr'><strong>casu</strong></span> <span class='ocrx_word' id='word_1_117' title='bbox 739 1766 942 1836; x_wconf 78' lang='lat' dir='ltr'><strong>dejicit,</strong></span> <span class='ocrx_word' id='word_1_118' title='bbox 976 1765 1170 1819; x_wconf 83' lang='lat' dir='ltr'><strong>Judam</strong></span> <span class='ocrx_word' id='word_1_119' title='bbox 1231 1765 1460 1817; x_wconf 87' lang='lat' dir='ltr'><strong>alterum</strong></span> <span class='ocrx_word' id='word_1_120' title='bbox 1540 1763 1780 1834; x_wconf 80' lang='lat' dir='ltr'><strong>gestiens</strong></span> <span class='ocrx_word' id='word_1_121' title='bbox 1839 1763 2147 1818; x_wconf 86' lang='lat' dir='ltr'><strong>ostendere.</strong></span> 
     </span>
    </p>
   </div>
   <div class='ocr_carea' id='block_1_20' title="bbox 571 1855 2150 1929">
    <p class='ocr_par' dir='ltr' id='par_1_20' title="bbox 571 1855 2150 1929">
     <span class='ocr_line' id='line_1_20' title="bbox 571 1855 2150 1929; baseline -0.005 -14"><span class='ocrx_word' id='word_1_122' title='bbox 571 1863 749 1929; x_wconf 80' lang='lat' dir='ltr'><strong>Atque</strong></span> <span class='ocrx_word' id='word_1_123' title='bbox 780 1870 840 1913; x_wconf 90' lang='lat' dir='ltr'><strong>ut</strong></span> <span class='ocrx_word' id='word_1_124' title='bbox 866 1857 1034 1913; x_wconf 84' lang='lat' dir='ltr'><strong>semel</strong></span> <span class='ocrx_word' id='word_1_125' title='bbox 1085 1857 1292 1922; x_wconf 86' lang='lat' dir='ltr'><strong>dicam,</strong></span> <span class='ocrx_word' id='word_1_126' title='bbox 1343 1871 1480 1925; x_wconf 89' lang='lat' dir='ltr'><strong>opus</strong></span> <span class='ocrx_word' id='word_1_127' title='bbox 1533 1855 1653 1925; x_wconf 81' lang='lat' dir='ltr'><strong>ejus</strong></span> <span class='ocrx_word' id='word_1_128' title='bbox 1685 1865 1876 1910; x_wconf 89' lang='lat' dir='ltr'><strong>noctes</strong></span> <span class='ocrx_word' id='word_1_129' title='bbox 1905 1855 2150 1924; x_wconf 86' lang='lat' dir='ltr'><strong>diesque,</strong></span> 
     </span>
    </p>
   </div>
   <div class='ocr_carea' id='block_1_21' title="bbox 571 1945 2152 2010">
    <p class='ocr_par' dir='ltr' id='par_1_21' title="bbox 571 1945 2152 2010">
     <span class='ocr_line' id='line_1_21' title="bbox 571 1945 2152 2010; baseline -0.001 -6"><span class='ocrx_word' id='word_1_130' title='bbox 571 1962 820 2006; x_wconf 87' lang='lat' dir='ltr'><strong>nostrum</strong></span> <span class='ocrx_word' id='word_1_131' title='bbox 843 1950 1194 2004; x_wconf 82' lang='lat' dir='ltr'><strong>estexitium.</strong></span> <span class='ocrx_word' id='word_1_132' title='bbox 1230 1945 1496 2010; x_wconf 80' lang='lat' dir='ltr'><strong>Observa,</strong></span> <span class='ocrx_word' id='word_1_133' title='bbox 1531 1947 1744 2002; x_wconf 86' lang='lat' dir='ltr'><strong>custodi</strong></span> <span class='ocrx_word' id='word_1_134' title='bbox 1776 1963 1834 2002; x_wconf 90' lang='lat' dir='ltr'><strong>re</strong></span> <span class='ocrx_word' id='word_1_135' title='bbox 1878 1961 1942 2001; x_wconf 89' lang='lat' dir='ltr'><strong>ac</strong></span> <span class='ocrx_word' id='word_1_136' title='bbox 1967 1947 2152 2002; x_wconf 86' lang='lat' dir='ltr'><strong>verbis</strong></span> 
     </span>
    </p>
   </div>
   <div class='ocr_carea' id='block_1_22' title="bbox 573 2036 2155 2106">
    <p class='ocr_par' dir='ltr' id='par_1_22' title="bbox 573 2036 2155 2106">
     <span class='ocr_line' id='line_1_22' title="bbox 573 2036 2155 2106; baseline -0.004 -8"><span class='ocrx_word' id='word_1_137' title='bbox 573 2056 704 2098; x_wconf 86' lang='lat' dir='ltr'><strong>oves</strong></span> <span class='ocrx_word' id='word_1_138' title='bbox 725 2040 927 2096; x_wconf 88' lang='lat' dir='ltr'><strong>Christi</strong></span> <span class='ocrx_word' id='word_1_139' title='bbox 959 2058 972 2106; x_wconf 93' lang='lat'><strong>;</strong></span> <span class='ocrx_word' id='word_1_140' title='bbox 1005 2049 1058 2094; x_wconf 90' lang='lat' dir='ltr'><strong>et</strong></span> <span class='ocrx_word' id='word_1_141' title='bbox 1088 2054 1299 2092; x_wconf 85' lang='lat' dir='ltr'><strong>merces</strong></span> <span class='ocrx_word' id='word_1_142' title='bbox 1335 2037 1430 2091; x_wconf 90' lang='lat' dir='ltr'><strong>tibi</strong></span> <span class='ocrx_word' id='word_1_143' title='bbox 1464 2036 1635 2090; x_wconf 90' lang='lat' dir='ltr'><strong>multa</strong></span> <span class='ocrx_word' id='word_1_144' title='bbox 1676 2040 1782 2090; x_wconf 86' lang='lat' dir='ltr'><strong>erit</strong></span> <span class='ocrx_word' id='word_1_145' title='bbox 1809 2054 1835 2088; x_wconf 89' lang='lat' dir='ltr'><strong>a</strong></span> <span class='ocrx_word' id='word_1_146' title='bbox 1872 2036 2001 2090; x_wconf 78' lang='lat' dir='ltr'><strong>Deo.</strong></span> <span class='ocrx_word' id='word_1_147' title='bbox 2035 2038 2155 2106; x_wconf 82' lang='lat' dir='ltr'><strong>Ipse</strong></span> 
     </span>
    </p>
   </div>
   <div class='ocr_carea' id='block_1_23' title="bbox 572 2131 2152 2205">
    <p class='ocr_par' dir='ltr' id='par_1_23' title="bbox 572 2131 2152 2205">
     <span class='ocr_line' id='line_1_23' title="bbox 572 2131 2152 2205; baseline -0.003 -15"><span class='ocrx_word' id='word_1_148' title='bbox 572 2136 718 2191; x_wconf 85' lang='lat' dir='ltr'><strong>enim</strong></span> <span class='ocrx_word' id='word_1_149' title='bbox 781 2136 1155 2205; x_wconf 84' lang='lat' dir='ltr'><strong>apostolorum</strong></span> <span class='ocrx_word' id='word_1_150' title='bbox 1205 2134 1497 2203; x_wconf 74' lang='lat' dir='ltr'><strong>coryplneo</strong></span> <span class='ocrx_word' id='word_1_151' title='bbox 1533 2133 1708 2186; x_wconf 81' lang='lat' dir='ltr'><strong>dixit:</strong></span> <span class='ocrx_word' id='word_1_152' title='bbox 1763 2131 1945 2186; x_wconf 86' lang='lat' dir='ltr'><strong>Simon</strong></span> <span class='ocrx_word' id='word_1_153' title='bbox 1977 2132 2152 2197; x_wconf 72' lang='lat' dir='ltr'><strong>Joncr,</strong></span> 
     </span>
    </p>
   </div>
   <div class='ocr_carea' id='block_1_24' title="bbox 571 2223 2155 2300">
    <p class='ocr_par' dir='ltr' id='par_1_24' title="bbox 571 2223 2155 2300">
     <span class='ocr_line' id='line_1_24' title="bbox 571 2223 2155 2300; baseline 0 -22"><span class='ocrx_word' id='word_1_154' title='bbox 571 2227 750 2297; x_wconf 78' lang='lat' dir='ltr'><strong>diligis</strong></span> <span class='ocrx_word' id='word_1_155' title='bbox 778 2243 858 2280; x_wconf 86' lang='lat' dir='ltr'><strong>me</strong></span> <span class='ocrx_word' id='word_1_156' title='bbox 888 2225 1004 2294; x_wconf 80' lang='lat' dir='ltr'><strong>plus</strong></span> <span class='ocrx_word' id='word_1_157' title='bbox 1031 2225 1111 2278; x_wconf 83' lang='lat' dir='ltr'><strong>his</strong></span> <span class='ocrx_word' id='word_1_158' title='bbox 1135 2225 1159 2277; x_wconf 73' lang='grc' dir='ltr'><strong>Σ)</strong></span> <span class='ocrx_word' id='word_1_159' title='bbox 1194 2223 1355 2276; x_wconf 79' lang='lat' dir='ltr'><strong>Pasce</strong></span> <span class='ocrx_word' id='word_1_160' title='bbox 1382 2238 1498 2276; x_wconf 81' lang='lat' dir='ltr'><strong>oves</strong></span> <span class='ocrx_word' id='word_1_161' title='bbox 1538 2239 1679 2276; x_wconf 80' lang='lat' dir='ltr'><strong>meas</strong></span> <span class='ocrx_word' id='word_1_162' title='bbox 1711 2224 1999 2300; x_wconf 28' lang='lat' dir='ltr'><strong>&quot;altaque</strong></span> <span class='ocrx_word' id='word_1_163' title='bbox 2025 2239 2155 2293; x_wconf 85' lang='lat' dir='ltr'><strong>pro-</strong></span> 
     </span>
    </p>
   </div>
   <div class='ocr_carea' id='block_1_25' title="bbox 574 2299 2154 2388">
    <p class='ocr_par' dir='ltr' id='par_1_25' title="bbox 574 2299 2154 2388">
     <span class='ocr_line' id='line_1_25' title="bbox 574 2299 2154 2388; baseline 0 -16"><span class='ocrx_word' id='word_1_164' title='bbox 574 2323 719 2376; x_wconf 85' lang='lat' dir='ltr'><strong>batio</strong></span> <span class='ocrx_word' id='word_1_165' title='bbox 739 2320 943 2375; x_wconf 88' lang='lat' dir='ltr'><strong>amoris</strong></span> <span class='ocrx_word' id='word_1_166' title='bbox 973 2334 1100 2388; x_wconf 79' lang='lat' dir='ltr'><strong>erga</strong></span> <span class='ocrx_word' id='word_1_167' title='bbox 1126 2321 1304 2388; x_wconf 86' lang='lat' dir='ltr'><strong>ipsum</strong></span> <span class='ocrx_word' id='word_1_168' title='bbox 1330 2327 1433 2380; x_wconf 89' lang='lat' dir='ltr'><strong>est,</strong></span> <span class='ocrx_word' id='word_1_169' title='bbox 1449 2317 1605 2385; x_wconf 77' lang='lat' dir='ltr'><strong>juxta</strong></span> <span class='ocrx_word' id='word_1_170' title='bbox 1628 2299 2154 2388; x_wconf 75' lang='lat' dir='ltr'><strong>Scripturam,virga</strong></span> 
     </span>
    </p>
   </div>
   <div class='ocr_carea' id='block_1_26' title="bbox 573 2410 880 2482">
    <p class='ocr_par' dir='ltr' id='par_1_26' title="bbox 573 2410 880 2482">
     <span class='ocr_line' id='line_1_26' title="bbox 573 2410 880 2482; baseline -0.01 -13"><span class='ocrx_word' id='word_1_171' title='bbox 573 2410 880 2482; x_wconf 80' lang='lat' dir='ltr'><strong>pastoralis.</strong></span> 
     </span>
    </p>
   </div>
   <div class='ocr_carea' id='block_1_27' title="bbox 965 2694 1792 2766">
    <p class='ocr_par' dir='ltr' id='par_1_27' title="bbox 965 2694 1792 2766">
     <span class='ocr_line' id='line_1_27' title="bbox 965 2694 1792 2766; baseline 0 -14"><span class='ocrx_word' id='word_1_172' title='bbox 965 2694 1224 2752; x_wconf 76' lang='lat' dir='ltr'><strong>CLXXX.</strong></span> <span class='ocrx_word' id='word_1_173' title='bbox 1258 2729 1326 2738; x_wconf 93' lang='lat'><strong>——</strong></span> <span class='ocrx_word' id='word_1_174' title='bbox 1351 2695 1620 2766; x_wconf 78' lang='lat' dir='ltr'><strong>Stephano</strong></span> <span class='ocrx_word' id='word_1_175' title='bbox 1660 2697 1792 2765; x_wconf 78' lang='lat' dir='ltr'><strong>ﬁlio.</strong></span> 
     </span>
    </p>
   </div>
   <div class='ocr_carea' id='block_1_28' title="bbox 2247 562 3831 637">
    <p class='ocr_par' dir='ltr' id='par_1_28' title="bbox 2247 562 3831 637">
     <span class='ocr_line' id='line_1_28' title="bbox 2247 562 3831 637; baseline 0.004 -23"><span class='ocrx_word' id='word_1_176' title='bbox 2247 564 2408 633; x_wconf 79' lang='grc' dir='ltr'>χρεία</span> <span class='ocrx_word' id='word_1_177' title='bbox 2433 602 2449 627; x_wconf 84' lang='grc'><strong>,</strong></span> <span class='ocrx_word' id='word_1_178' title='bbox 2481 562 2906 635; x_wconf 85' lang='grc' dir='ltr'>ἀναπληρούσης</span> <span class='ocrx_word' id='word_1_179' title='bbox 2935 563 2997 617; x_wconf 80' lang='grc' dir='ltr'>τὸ</span> <span class='ocrx_word' id='word_1_180' title='bbox 3028 563 3247 626; x_wconf 76' lang='grc' dir='ltr'>ἐλλιπὲς</span> <span class='ocrx_word' id='word_1_181' title='bbox 3277 567 3381 635; x_wconf 80' lang='grc' dir='ltr'><strong>τῆς</strong></span> <span class='ocrx_word' id='word_1_182' title='bbox 3426 564 3646 635; x_wconf 81' lang='grc' dir='ltr'>ἡλικίας</span> <span class='ocrx_word' id='word_1_183' title='bbox 3682 562 3831 637; x_wconf 89' lang='lat' dir='ltr'><strong>[cod.</strong></span> 
     </span>
    </p>
   </div>
   <div class='ocr_carea' id='block_1_29' title="bbox 2248 653 3840 729">
    <p class='ocr_par' dir='ltr' id='par_1_29' title="bbox 2248 653 3840 729">
     <span class='ocr_line' id='line_1_29' title="bbox 2248 653 3840 729; baseline 0.002 -21"><span class='ocrx_word' id='word_1_184' title='bbox 2248 655 2383 725; x_wconf 81' lang='lat' dir='ltr'><strong>Reg.</strong></span> <span class='ocrx_word' id='word_1_185' title='bbox 2416 655 2810 720; x_wconf 77' lang='grc' dir='ltr'>ὑπο-πτώσεως,</span> <span class='ocrx_word' id='word_1_186' title='bbox 2844 653 3213 728; x_wconf 73' lang='grc' dir='ltr'><strong>ρωηὶεθηεὲιε],</strong></span> <span class='ocrx_word' id='word_1_187' title='bbox 3244 658 3310 728; x_wconf 78' lang='grc' dir='ltr'><strong>ἣν</strong></span> <span class='ocrx_word' id='word_1_188' title='bbox 3336 656 3614 710; x_wconf 79' lang='grc' dir='ltr'><strong>ὑπέπεσεν</strong></span> <span class='ocrx_word' id='word_1_189' title='bbox 3645 659 3676 711; x_wconf 91' lang='lat'><strong>6</strong></span> <span class='ocrx_word' id='word_1_190' title='bbox 3705 676 3840 729; x_wconf 86' lang='grc' dir='ltr'>προ-</span> 
     </span>
    </p>
   </div>
   <div class='ocr_carea' id='block_1_30' title="bbox 2247 745 3842 818">
    <p class='ocr_par' dir='ltr' id='par_1_30' title="bbox 2247 745 3842 818">
     <span class='ocr_line' id='line_1_30' title="bbox 2247 745 3842 818; baseline 0.003 -20"><span class='ocrx_word' id='word_1_191' title='bbox 2247 746 2711 816; x_wconf 78' lang='grc' dir='ltr'>καθηγησάμενος</span> <span class='ocrx_word' id='word_1_192' title='bbox 2742 747 2922 817; x_wconf 81' lang='grc' dir='ltr'>ὑμῶν,</span> <span class='ocrx_word' id='word_1_193' title='bbox 2969 747 3065 800; x_wconf 76' lang='grc' dir='ltr'>καὶ</span> <span class='ocrx_word' id='word_1_194' title='bbox 3111 747 3183 800; x_wconf 77' lang='grc' dir='ltr'><strong>δι’</strong></span> <span class='ocrx_word' id='word_1_195' title='bbox 3213 745 3381 800; x_wconf 80' lang='grc' dir='ltr'>αὑτοῦ</span> <span class='ocrx_word' id='word_1_196' title='bbox 3419 747 3624 809; x_wconf 84' lang='grc' dir='ltr'>πάντες</span> <span class='ocrx_word' id='word_1_197' title='bbox 3675 750 3842 818; x_wconf 75' lang='grc' dir='ltr'>ἡμεῖς</span> 
     </span>
    </p>
   </div>
   <div class='ocr_carea' id='block_1_31' title="bbox 2245 839 3844 911">
    <p class='ocr_par' dir='ltr' id='par_1_31' title="bbox 2245 839 3844 911">
     <span class='ocr_line' id='line_1_31' title="bbox 2245 839 3844 911; baseline 0 -20"><span class='ocrx_word' id='word_1_198' title='bbox 2245 841 2310 908; x_wconf 84' lang='grc' dir='ltr'>τῇ</span> <span class='ocrx_word' id='word_1_199' title='bbox 2351 840 2564 892; x_wconf 78' lang='grc' dir='ltr'>ἐκείνου</span> <span class='ocrx_word' id='word_1_200' title='bbox 2599 839 2906 911; x_wconf 85' lang='grc' dir='ltr'>παραδοχῇ.</span> <span class='ocrx_word' id='word_1_201' title='bbox 2938 839 3045 892; x_wconf 78' lang='grc' dir='ltr'><strong>Οἴα</strong></span> <span class='ocrx_word' id='word_1_202' title='bbox 3087 839 3198 909; x_wconf 85' lang='grc' dir='ltr'><strong>γὰρ</strong></span> <span class='ocrx_word' id='word_1_203' title='bbox 3239 841 3273 910; x_wconf 84' lang='grc' dir='ltr'><strong>ἡ</strong></span> <span class='ocrx_word' id='word_1_204' title='bbox 3319 839 3566 910; x_wconf 80' lang='grc' dir='ltr'>κεφαλὴ,</span> <span class='ocrx_word' id='word_1_205' title='bbox 3595 840 3844 893; x_wconf 83' lang='grc' dir='ltr'>τοιοῦτον</span> 
     </span>
    </p>
   </div>
   <div class='ocr_carea' id='block_1_32' title="bbox 2247 929 3846 1001">
    <p class='ocr_par' dir='ltr' id='par_1_32' title="bbox 2247 929 3846 1001">
     <span class='ocr_line' id='line_1_32' title="bbox 2247 929 3846 1001; baseline 0.001 -19"><span class='ocrx_word' id='word_1_206' title='bbox 2247 931 2343 982; x_wconf 73' lang='grc' dir='ltr'><strong>καὶ</strong></span> <span class='ocrx_word' id='word_1_207' title='bbox 2367 930 2429 983; x_wconf 85' lang='grc' dir='ltr'>τὸ</span> <span class='ocrx_word' id='word_1_208' title='bbox 2453 930 2574 982; x_wconf 86' lang='grc' dir='ltr'>ὃλον</span> <span class='ocrx_word' id='word_1_209' title='bbox 2603 930 2787 1001; x_wconf 82' lang='grc' dir='ltr'>σῶμα.</span> <span class='ocrx_word' id='word_1_210' title='bbox 2837 930 2951 985; x_wconf 75' lang='grc' dir='ltr'><strong>Καὶ</strong></span> <span class='ocrx_word' id='word_1_211' title='bbox 2981 929 3157 984; x_wconf 89' lang='grc' dir='ltr'>ταῦτα</span> <span class='ocrx_word' id='word_1_212' title='bbox 3188 929 3352 998; x_wconf 84' lang='grc' dir='ltr'>λέγω,</span> <span class='ocrx_word' id='word_1_213' title='bbox 3401 930 3502 1001; x_wconf 76' lang='grc' dir='ltr'><strong>οὐχ</strong></span> <span class='ocrx_word' id='word_1_214' title='bbox 3533 930 3619 984; x_wconf 80' lang='grc' dir='ltr'>ἶνα</span> <span class='ocrx_word' id='word_1_215' title='bbox 3651 931 3846 984; x_wconf 82' lang='grc' dir='ltr'>διαλυ-</span> 
     </span>
    </p>
   </div>
   <div class='ocr_carea' id='block_1_33' title="bbox 2249 1021 3846 1095">
    <p class='ocr_par' dir='ltr' id='par_1_33' title="bbox 2249 1021 3846 1095">
     <span class='ocr_line' id='line_1_33' title="bbox 2249 1021 3846 1095; baseline 0.001 -20"><span class='ocrx_word' id='word_1_216' title='bbox 2249 1021 2406 1092; x_wconf 81' lang='grc' dir='ltr'>θῆτε,</span> <span class='ocrx_word' id='word_1_217' title='bbox 2440 1021 2554 1076; x_wconf 86' lang='grc' dir='ltr'>ἀλλ’</span> <span class='ocrx_word' id='word_1_218' title='bbox 2587 1023 2675 1076; x_wconf 78' lang='grc' dir='ltr'>ἵνα</span> <span class='ocrx_word' id='word_1_219' title='bbox 2702 1022 3047 1093; x_wconf 84' lang='grc' dir='ltr'>συντηρῆσθε</span> <span class='ocrx_word' id='word_1_220' title='bbox 3071 1022 3337 1092; x_wconf 77' lang='grc' dir='ltr'><strong>ἀκριϐῶς,</strong></span> <span class='ocrx_word' id='word_1_221' title='bbox 3372 1024 3467 1075; x_wconf 70' lang='grc' dir='ltr'><strong>καὶ</strong></span> <span class='ocrx_word' id='word_1_222' title='bbox 3492 1023 3846 1095; x_wconf 67' lang='grc' dir='ltr'>ἐπιρρώννυ-</span> 
     </span>
    </p>
   </div>
   <div class='ocr_carea' id='block_1_34' title="bbox 2252 1113 3846 1188">
    <p class='ocr_par' dir='ltr' id='par_1_34' title="bbox 2252 1113 3846 1188">
     <span class='ocr_line' id='line_1_34' title="bbox 2252 1113 3846 1188; baseline 0 -22"><span class='ocrx_word' id='word_1_223' title='bbox 2252 1115 2345 1166; x_wconf 86' lang='grc' dir='ltr'><strong>σθε</strong></span> <span class='ocrx_word' id='word_1_224' title='bbox 2395 1117 2462 1186; x_wconf 81' lang='grc' dir='ltr'>τῇ</span> <span class='ocrx_word' id='word_1_225' title='bbox 2515 1114 2786 1186; x_wconf 79' lang='grc' dir='ltr'>ἁμεθεξῐᾳ</span> <span class='ocrx_word' id='word_1_226' title='bbox 2830 1115 2931 1183; x_wconf 82' lang='grc' dir='ltr'>τῆς</span> <span class='ocrx_word' id='word_1_227' title='bbox 2973 1113 3257 1188; x_wconf 77' lang='grc' dir='ltr'>αἱρέσεως.</span> <span class='ocrx_word' id='word_1_228' title='bbox 3311 1113 3601 1184; x_wconf 81' lang='grc' dir='ltr'>Δεύτερον,</span> <span class='ocrx_word' id='word_1_229' title='bbox 3653 1116 3846 1184; x_wconf 72' lang='grc' dir='ltr'>νήφων</span> 
     </span>
    </p>
   </div>
   <div class='ocr_carea' id='block_1_35' title="bbox 2250 1205 3845 1278">
    <p class='ocr_par' dir='ltr' id='par_1_35' title="bbox 2250 1205 3845 1278">
     <span class='ocr_line' id='line_1_35' title="bbox 2250 1205 3845 1278; baseline 0 -20"><span class='ocrx_word' id='word_1_230' title='bbox 2250 1207 2411 1275; x_wconf 77' lang='grc' dir='ltr'>νῆφε,</span> <span class='ocrx_word' id='word_1_231' title='bbox 2456 1208 2552 1259; x_wconf 79' lang='grc' dir='ltr'>καὶ</span> <span class='ocrx_word' id='word_1_232' title='bbox 2600 1205 2892 1277; x_wconf 83' lang='grc' dir='ltr'><strong>γρηγορῶν</strong></span> <span class='ocrx_word' id='word_1_233' title='bbox 2921 1206 3187 1278; x_wconf 86' lang='grc' dir='ltr'>γρηγόρει</span> <span class='ocrx_word' id='word_1_234' title='bbox 3208 1221 3224 1234; x_wconf 86' lang='grc'><strong>·</strong></span> <span class='ocrx_word' id='word_1_235' title='bbox 3254 1206 3336 1258; x_wconf 80' lang='grc' dir='ltr'>ὅτι</span> <span class='ocrx_word' id='word_1_236' title='bbox 3381 1206 3569 1259; x_wconf 71' lang='grc' dir='ltr'>πολλοὶ</span> <span class='ocrx_word' id='word_1_237' title='bbox 3598 1208 3647 1259; x_wconf 78' lang='grc' dir='ltr'><strong>οἱ</strong></span> <span class='ocrx_word' id='word_1_238' title='bbox 3677 1207 3845 1260; x_wconf 81' lang='grc' dir='ltr'>πολεο</span> 
     </span>
    </p>
   </div>
   <div class='ocr_carea' id='block_1_36' title="bbox 2255 1297 3845 1369">
    <p class='ocr_par' dir='ltr' id='par_1_36' title="bbox 2255 1297 3845 1369">
     <span class='ocr_line' id='line_1_36' title="bbox 2255 1297 3845 1369; baseline 0.001 -19"><span class='ocrx_word' id='word_1_239' title='bbox 2255 1298 2485 1368; x_wconf 86' lang='grc' dir='ltr'>μοῦντες</span> <span class='ocrx_word' id='word_1_240' title='bbox 2508 1300 2656 1369; x_wconf 80' lang='grc' dir='ltr'>ἡμᾶς</span> <span class='ocrx_word' id='word_1_241' title='bbox 2680 1298 2790 1352; x_wconf 85' lang='grc' dir='ltr'>ἀπὸ</span> <span class='ocrx_word' id='word_1_242' title='bbox 2817 1297 2986 1368; x_wconf 77' lang='grc' dir='ltr'>ὕψους</span> <span class='ocrx_word' id='word_1_243' title='bbox 3009 1315 3022 1328; x_wconf 88' lang='grc'><strong>·</strong></span> <span class='ocrx_word' id='word_1_244' title='bbox 3057 1299 3140 1352; x_wconf 81' lang='grc' dir='ltr'>ὅτι</span> <span class='ocrx_word' id='word_1_245' title='bbox 3169 1297 3340 1351; x_wconf 86' lang='grc' dir='ltr'>πολλά</span> <span class='ocrx_word' id='word_1_246' title='bbox 3369 1297 3438 1350; x_wconf 79' lang='grc' dir='ltr'>τὰ</span> <span class='ocrx_word' id='word_1_247' title='bbox 3471 1297 3728 1369; x_wconf 82' lang='grc' dir='ltr'>Θήρατρα</span> <span class='ocrx_word' id='word_1_248' title='bbox 3748 1299 3845 1352; x_wconf 78' lang='grc' dir='ltr'><strong>τοῦ</strong></span> 
     </span>
    </p>
   </div>
   <div class='ocr_carea' id='block_1_37' title="bbox 2250 1389 3850 1462">
    <p class='ocr_par' dir='ltr' id='par_1_37' title="bbox 2250 1389 3850 1462">
     <span class='ocr_line' id='line_1_37' title="bbox 2250 1389 3850 1462; baseline 0.001 -18"><span class='ocrx_word' id='word_1_249' title='bbox 2250 1391 2530 1444; x_wconf 79' lang='grc' dir='ltr'>διαϐόλουο</span> <span class='ocrx_word' id='word_1_250' title='bbox 2587 1393 2717 1445; x_wconf 79' lang='grc' dir='ltr'>Ὅτι</span> <span class='ocrx_word' id='word_1_251' title='bbox 2769 1391 2851 1458; x_wconf 87' lang='grc' dir='ltr'><strong>ὡς</strong></span> <span class='ocrx_word' id='word_1_252' title='bbox 2901 1391 3060 1445; x_wconf 75' lang='grc' dir='ltr'>λέων</span> <span class='ocrx_word' id='word_1_253' title='bbox 3109 1391 3455 1462; x_wconf 82' lang='grc' dir='ltr'>ὠρυόμενος</span> <span class='ocrx_word' id='word_1_254' title='bbox 3499 1389 3663 1459; x_wconf 79' lang='grc' dir='ltr'>ζητεῖ</span> <span class='ocrx_word' id='word_1_255' title='bbox 3709 1394 3850 1446; x_wconf 84' lang='grc' dir='ltr'>τίνα</span> 
     </span>
    </p>
   </div>
   <div class='ocr_carea' id='block_1_38' title="bbox 2252 1484 3847 1556">
    <p class='ocr_par' dir='ltr' id='par_1_38' title="bbox 2252 1484 3847 1556">
     <span class='ocr_line' id='line_1_38' title="bbox 2252 1484 3847 1556; baseline -0.001 -18"><span class='ocrx_word' id='word_1_256' title='bbox 2252 1485 2533 1553; x_wconf 81' lang='grc' dir='ltr'>καταπίῃ.</span> <span class='ocrx_word' id='word_1_257' title='bbox 2574 1486 2688 1538; x_wconf 91' lang='lat' dir='ltr'><strong>Kal.</strong></span> <span class='ocrx_word' id='word_1_258' title='bbox 2714 1484 2776 1538; x_wconf 83' lang='grc' dir='ltr'>ὃν</span> <span class='ocrx_word' id='word_1_259' title='bbox 2805 1486 2903 1556; x_wconf 79' lang='grc' dir='ltr'><strong>μὲν</strong></span> <span class='ocrx_word' id='word_1_260' title='bbox 2928 1485 3090 1556; x_wconf 81' lang='grc' dir='ltr'><strong>ἠδονῇ</strong></span> <span class='ocrx_word' id='word_1_261' title='bbox 3128 1484 3329 1556; x_wconf 81' lang='grc' dir='ltr'>σαρκὸς</span> <span class='ocrx_word' id='word_1_262' title='bbox 3373 1485 3632 1554; x_wconf 81' lang='grc' dir='ltr'>πειρᾶται</span> <span class='ocrx_word' id='word_1_263' title='bbox 3666 1485 3847 1554; x_wconf 63' lang='grc' dir='ltr'><strong>ῥοφῆ-</strong></span> 
     </span>
    </p>
   </div>
   <div class='ocr_carea' id='block_1_39' title="bbox 2253 1575 3850 1649">
    <p class='ocr_par' dir='ltr' id='par_1_39' title="bbox 2253 1575 3850 1649">
     <span class='ocr_line' id='line_1_39' title="bbox 2253 1575 3850 1649; baseline 0 -19"><span class='ocrx_word' id='word_1_264' title='bbox 2253 1595 2378 1632; x_wconf 86' lang='grc' dir='ltr'><strong>σαι·</strong></span> <span class='ocrx_word' id='word_1_265' title='bbox 2424 1578 2482 1631; x_wconf 83' lang='grc' dir='ltr'>ὃν</span> <span class='ocrx_word' id='word_1_266' title='bbox 2512 1578 2570 1630; x_wconf 83' lang='grc' dir='ltr'><strong>δὲ</strong></span> <span class='ocrx_word' id='word_1_267' title='bbox 2617 1579 2876 1643; x_wconf 77' lang='grc' dir='ltr'><strong>ἀπιστίας</strong></span> <span class='ocrx_word' id='word_1_268' title='bbox 2913 1579 3184 1649; x_wconf 83' lang='grc' dir='ltr'>νοσήματι</span> <span class='ocrx_word' id='word_1_269' title='bbox 3229 1575 3525 1648; x_wconf 74' lang='grc' dir='ltr'>διαρρῆξαι</span> <span class='ocrx_word' id='word_1_270' title='bbox 3570 1577 3671 1648; x_wconf 79' lang='grc' dir='ltr'>τῆς</span> <span class='ocrx_word' id='word_1_271' title='bbox 3717 1595 3850 1630; x_wconf 79' lang='grc' dir='ltr'>συν·-</span> 
     </span>
    </p>
   </div>
   <div class='ocr_carea' id='block_1_40' title="bbox 2254 1671 3846 1741">
    <p class='ocr_par' dir='ltr' id='par_1_40' title="bbox 2254 1671 3846 1741">
     <span class='ocr_line' id='line_1_40' title="bbox 2254 1671 3846 1741; baseline -0.002 -15"><span class='ocrx_word' id='word_1_272' title='bbox 2254 1672 2453 1738; x_wconf 80' lang='grc' dir='ltr'>αφείας</span> <span class='ocrx_word' id='word_1_273' title='bbox 2481 1671 2590 1724; x_wconf 84' lang='grc' dir='ltr'><strong>τῶν</strong></span> <span class='ocrx_word' id='word_1_274' title='bbox 2619 1671 2888 1741; x_wconf 67' lang='grc' dir='ltr'>ἀδελφῶν.</span> <span class='ocrx_word' id='word_1_275' title='bbox 2915 1673 3026 1728; x_wconf 88' lang='lat' dir='ltr'><strong>Kal.</strong></span> <span class='ocrx_word' id='word_1_276' title='bbox 3047 1673 3206 1727; x_wconf 82' lang='grc' dir='ltr'>ἄλλον</span> <span class='ocrx_word' id='word_1_277' title='bbox 3241 1672 3437 1741; x_wconf 79' lang='grc' dir='ltr'>φθόνου</span> <span class='ocrx_word' id='word_1_278' title='bbox 3467 1671 3645 1740; x_wconf 81' lang='grc' dir='ltr'>βέλεσι</span> <span class='ocrx_word' id='word_1_279' title='bbox 3672 1688 3846 1725; x_wconf 80' lang='grc' dir='ltr'>κατα·</span> 
     </span>
    </p>
   </div>
   <div class='ocr_carea' id='block_1_41' title="bbox 2255 1763 3849 1837">
    <p class='ocr_par' dir='ltr' id='par_1_41' title="bbox 2255 1763 3849 1837">
     <span class='ocr_line' id='line_1_41' title="bbox 2255 1763 3849 1837; baseline -0.003 -18"><span class='ocrx_word' id='word_1_280' title='bbox 2255 1763 2572 1836; x_wconf 79' lang='grc' dir='ltr'><strong>τιτρώσκει,</strong></span> <span class='ocrx_word' id='word_1_281' title='bbox 2592 1768 2734 1820; x_wconf 86' lang='grc' dir='ltr'><strong>Κὰῖν</strong></span> <span class='ocrx_word' id='word_1_282' title='bbox 2763 1766 2921 1820; x_wconf 85' lang='grc' dir='ltr'>ἄλλον</span> <span class='ocrx_word' id='word_1_283' title='bbox 2948 1766 3226 1832; x_wconf 79' lang='grc' dir='ltr'>ἀποδεῖξαι</span> <span class='ocrx_word' id='word_1_284' title='bbox 3258 1766 3586 1837; x_wconf 82' lang='grc' dir='ltr'>βουλόμενος</span> <span class='ocrx_word' id='word_1_285' title='bbox 3605 1784 3618 1796; x_wconf 68' lang='grc' dir='ltr'>δ</span> <span class='ocrx_word' id='word_1_286' title='bbox 3655 1765 3849 1836; x_wconf 75' lang='grc' dir='ltr'>ἕτερον</span> 
     </span>
    </p>
   </div>
   <div class='ocr_carea' id='block_1_42' title="bbox 2257 1856 3850 1928">
    <p class='ocr_par' dir='ltr' id='par_1_42' title="bbox 2257 1856 3850 1928">
     <span class='ocr_line' id='line_1_42' title="bbox 2257 1856 3850 1928; baseline 0.001 -20"><span class='ocrx_word' id='word_1_287' title='bbox 2257 1856 2314 1909; x_wconf 82' lang='grc' dir='ltr'><strong>δὲ</strong></span> <span class='ocrx_word' id='word_1_288' title='bbox 2345 1857 2713 1928; x_wconf 77' lang='grc' dir='ltr'><strong>φιλαργυρίας</strong></span> <span class='ocrx_word' id='word_1_289' title='bbox 2745 1856 3003 1928; x_wconf 80' lang='grc' dir='ltr'>πτώματι</span> <span class='ocrx_word' id='word_1_290' title='bbox 3033 1857 3382 1922; x_wconf 79' lang='grc' dir='ltr'>καταϐάλλει,</span> <span class='ocrx_word' id='word_1_291' title='bbox 3425 1857 3626 1910; x_wconf 84' lang='grc' dir='ltr'>Ἰούδαν</span> <span class='ocrx_word' id='word_1_292' title='bbox 3654 1857 3850 1910; x_wconf 81' lang='grc' dir='ltr'>δεύτε-</span> 
     </span>
    </p>
   </div>
   <div class='ocr_carea' id='block_1_43' title="bbox 2263 1948 3849 2024">
    <p class='ocr_par' dir='ltr' id='par_1_43' title="bbox 2263 1948 3849 2024">
     <span class='ocr_line' id='line_1_43' title="bbox 2263 1948 3849 2024; baseline -0.003 -20"><span class='ocrx_word' id='word_1_293' title='bbox 2263 1969 2355 2024; x_wconf 93' lang='grc' dir='ltr'><strong>ρον</strong></span> <span class='ocrx_word' id='word_1_294' title='bbox 2381 1951 2650 2022; x_wconf 76' lang='grc' dir='ltr'><strong>γνωρίσαι</strong></span> <span class='ocrx_word' id='word_1_295' title='bbox 2698 1949 3040 2022; x_wconf 83' lang='grc' dir='ltr'>γλιχόμενος.</span> <span class='ocrx_word' id='word_1_296' title='bbox 3085 1950 3196 2003; x_wconf 87' lang='lat' dir='ltr'><strong>Kal.</strong></span> <span class='ocrx_word' id='word_1_297' title='bbox 3227 1948 3374 2014; x_wconf 79' lang='grc' dir='ltr'>ἄπαξ</span> <span class='ocrx_word' id='word_1_298' title='bbox 3421 1948 3633 2013; x_wconf 83' lang='grc' dir='ltr'>ἁπλῶς,</span> <span class='ocrx_word' id='word_1_299' title='bbox 3685 1948 3849 2018; x_wconf 76' lang='grc' dir='ltr'>ἔργον</span> 
     </span>
    </p>
   </div>
   <div class='ocr_carea' id='block_1_44' title="bbox 2262 2041 3850 2114">
    <p class='ocr_par' dir='ltr' id='par_1_44' title="bbox 2262 2041 3850 2114">
     <span class='ocr_line' id='line_1_44' title="bbox 2262 2041 3850 2114; baseline -0.003 -16"><span class='ocrx_word' id='word_1_300' title='bbox 2262 2045 2430 2098; x_wconf 85' lang='grc' dir='ltr'>αὑτοῦ</span> <span class='ocrx_word' id='word_1_301' title='bbox 2460 2043 2679 2112; x_wconf 82' lang='grc' dir='ltr'>νύκτωρ</span> <span class='ocrx_word' id='word_1_302' title='bbox 2721 2044 2816 2096; x_wconf 56' lang='grc' dir='ltr'><strong>καὶ⁸</strong></span> <span class='ocrx_word' id='word_1_303' title='bbox 2861 2043 2981 2113; x_wconf 85' lang='grc' dir='ltr'>μεθ’</span> <span class='ocrx_word' id='word_1_304' title='bbox 3028 2043 3265 2114; x_wconf 77' lang='grc' dir='ltr'><strong>ἡμέραν,</strong></span> <span class='ocrx_word' id='word_1_305' title='bbox 3309 2043 3344 2112; x_wconf 79' lang='grc' dir='ltr'><strong>ἡ</strong></span> <span class='ocrx_word' id='word_1_306' title='bbox 3384 2041 3508 2095; x_wconf 79' lang='grc' dir='ltr'>καθ’</span> <span class='ocrx_word' id='word_1_307' title='bbox 3536 2043 3571 2112; x_wconf 70' lang='grc' dir='ltr'><strong>ἡ</strong></span> <span class='ocrx_word' id='word_1_308' title='bbox 3583 2041 3701 2110; x_wconf 81' lang='grc' dir='ltr'><strong>μῶν</strong></span> <span class='ocrx_word' id='word_1_309' title='bbox 3742 2043 3850 2094; x_wconf 82' lang='grc' dir='ltr'>ἁπ-</span> 
     </span>
    </p>
   </div>
   <div class='ocr_carea' id='block_1_45' title="bbox 2263 2133 3850 2208">
    <p class='ocr_par' dir='ltr' id='par_1_45' title="bbox 2263 2133 3850 2208">
     <span class='ocr_line' id='line_1_45' title="bbox 2263 2133 3850 2208; baseline -0.002 -22"><span class='ocrx_word' id='word_1_310' title='bbox 2263 2135 2452 2190; x_wconf 84' lang='grc' dir='ltr'>ῶλεια.</span> <span class='ocrx_word' id='word_1_311' title='bbox 2486 2134 2711 2199; x_wconf 87' lang='grc' dir='ltr'><strong>Σκόπει,</strong></span> <span class='ocrx_word' id='word_1_312' title='bbox 2744 2134 3016 2204; x_wconf 80' lang='grc' dir='ltr'>φυλάττου</span> <span class='ocrx_word' id='word_1_313' title='bbox 3045 2135 3268 2208; x_wconf 85' lang='grc' dir='ltr'>τρόποις</span> <span class='ocrx_word' id='word_1_314' title='bbox 3293 2133 3388 2186; x_wconf 77' lang='grc' dir='ltr'><strong>καὶ</strong></span> <span class='ocrx_word' id='word_1_315' title='bbox 3417 2133 3598 2200; x_wconf 78' lang='grc' dir='ltr'>λόγοις</span> <span class='ocrx_word' id='word_1_316' title='bbox 3624 2133 3695 2186; x_wconf 74' lang='grc' dir='ltr'>τὰ</span> <span class='ocrx_word' id='word_1_317' title='bbox 3715 2134 3850 2201; x_wconf 83' lang='grc' dir='ltr'>τιρό-</span> 
     </span>
    </p>
   </div>
   <div class='ocr_carea' id='block_1_46' title="bbox 2264 2223 3852 2300">
    <p class='ocr_par' dir='ltr' id='par_1_46' title="bbox 2264 2223 3852 2300">
     <span class='ocr_line' id='line_1_46' title="bbox 2264 2223 3852 2300; baseline -0.003 -20"><span class='ocrx_word' id='word_1_318' title='bbox 2264 2229 2406 2283; x_wconf 79' lang='grc' dir='ltr'>6ατα</span> <span class='ocrx_word' id='word_1_319' title='bbox 2450 2228 2546 2282; x_wconf 90' lang='grc' dir='ltr'><strong>τοῦ</strong></span> <span class='ocrx_word' id='word_1_320' title='bbox 2585 2228 2847 2300; x_wconf 80' lang='grc' dir='ltr'><strong>Χριστοῦ.</strong></span> <span class='ocrx_word' id='word_1_321' title='bbox 2888 2229 3000 2284; x_wconf 84' lang='lat' dir='ltr'><strong>Kal.</strong></span> <span class='ocrx_word' id='word_1_322' title='bbox 3025 2229 3055 2282; x_wconf 97' lang='lat'><strong>6</strong></span> <span class='ocrx_word' id='word_1_323' title='bbox 3090 2226 3284 2298; x_wconf 88' lang='grc' dir='ltr'>μισθός</span> <span class='ocrx_word' id='word_1_324' title='bbox 3335 2242 3430 2278; x_wconf 89' lang='grc' dir='ltr'>σου</span> <span class='ocrx_word' id='word_1_325' title='bbox 3483 2224 3654 2286; x_wconf 83' lang='grc' dir='ltr'>πολὺς</span> <span class='ocrx_word' id='word_1_326' title='bbox 3694 2223 3852 2292; x_wconf 75' lang='grc' dir='ltr'>παρὰ</span> 
     </span>
    </p>
   </div>
   <div class='ocr_carea' id='block_1_47' title="bbox 2263 2315 3853 2392">
    <p class='ocr_par' dir='ltr' id='par_1_47' title="bbox 2263 2315 3853 2392">
     <span class='ocr_line' id='line_1_47' title="bbox 2263 2315 3853 2392; baseline -0.004 -20"><span class='ocrx_word' id='word_1_327' title='bbox 2263 2320 2420 2374; x_wconf 83' lang='grc' dir='ltr'>Θεοῦ.</span> <span class='ocrx_word' id='word_1_328' title='bbox 2471 2321 2646 2385; x_wconf 78' lang='grc' dir='ltr'>Αὐτὸς</span> <span class='ocrx_word' id='word_1_329' title='bbox 2695 2319 2804 2392; x_wconf 80' lang='grc' dir='ltr'>γὰρ</span> <span class='ocrx_word' id='word_1_330' title='bbox 2853 2321 3041 2392; x_wconf 78' lang='grc' dir='ltr'>εἴρηκε</span> <span class='ocrx_word' id='word_1_331' title='bbox 3093 2319 3231 2390; x_wconf 84' lang='grc' dir='ltr'>πρὸς</span> <span class='ocrx_word' id='word_1_332' title='bbox 3259 2319 3350 2372; x_wconf 73' lang='grc' dir='ltr'>τὸν</span> <span class='ocrx_word' id='word_1_333' title='bbox 3400 2318 3703 2388; x_wconf 72' lang='grc' dir='ltr'>κορυφαῖον</span> <span class='ocrx_word' id='word_1_334' title='bbox 3741 2315 3853 2366; x_wconf 75' lang='grc' dir='ltr'>τῶν</span> 
     </span>
    </p>
   </div>
   <div class='ocr_carea' id='block_1_48' title="bbox 2265 2410 3852 2483">
    <p class='ocr_par' dir='ltr' id='par_1_48' title="bbox 2265 2410 3852 2483">
     <span class='ocr_line' id='line_1_48' title="bbox 2265 2410 3852 2483; baseline -0.002 -19"><span class='ocrx_word' id='word_1_335' title='bbox 2265 2411 2580 2466; x_wconf 85' lang='grc' dir='ltr'>ἀποστόλων</span> <span class='ocrx_word' id='word_1_336' title='bbox 2600 2429 2614 2446; x_wconf 75' lang='grc' dir='ltr'><strong>ο</strong></span> <span class='ocrx_word' id='word_1_337' title='bbox 2639 2415 2837 2483; x_wconf 78' lang='grc' dir='ltr'>Σίμων</span> <span class='ocrx_word' id='word_1_338' title='bbox 2865 2410 3055 2479; x_wconf 88' lang='grc' dir='ltr'>Ἰωνᾶ,</span> <span class='ocrx_word' id='word_1_339' title='bbox 3075 2411 3274 2482; x_wconf 72' lang='grc' dir='ltr'>φιλεῖς</span> <span class='ocrx_word' id='word_1_340' title='bbox 3287 2428 3362 2480; x_wconf 82' lang='grc' dir='ltr'><strong>με</strong></span> <span class='ocrx_word' id='word_1_341' title='bbox 3380 2410 3574 2464; x_wconf 73' lang='grc' dir='ltr'>πλέον</span> <span class='ocrx_word' id='word_1_342' title='bbox 3588 2410 3852 2473; x_wconf 68' lang='grc' dir='ltr'>τούτωνς</span> 
     </span>
    </p>
   </div>
   <div class='ocr_carea' id='block_1_49' title="bbox 2268 2501 3852 2574">
    <p class='ocr_par' dir='ltr' id='par_1_49' title="bbox 2268 2501 3852 2574">
     <span class='ocr_line' id='line_1_49' title="bbox 2268 2501 3852 2574; baseline -0.001 -19"><span class='ocrx_word' id='word_1_343' title='bbox 2268 2503 2554 2572; x_wconf 77' lang='grc' dir='ltr'><strong>Ποίμαινε</strong></span> <span class='ocrx_word' id='word_1_344' title='bbox 2581 2503 2654 2557; x_wconf 84' lang='grc' dir='ltr'>τὰ</span> <span class='ocrx_word' id='word_1_345' title='bbox 2682 2503 2949 2572; x_wconf 80' lang='grc' dir='ltr'>πρόϐατὰ</span> <span class='ocrx_word' id='word_1_346' title='bbox 2971 2521 3114 2574; x_wconf 84' lang='grc' dir='ltr'>μου.</span> <span class='ocrx_word' id='word_1_347' title='bbox 3147 2505 3311 2556; x_wconf 80' lang='grc' dir='ltr'>Ὥστε</span> <span class='ocrx_word' id='word_1_348' title='bbox 3333 2501 3613 2566; x_wconf 81' lang='grc' dir='ltr'>ἀπόδειξις</span> <span class='ocrx_word' id='word_1_349' title='bbox 3637 2505 3744 2571; x_wconf 80' lang='grc' dir='ltr'><strong>τῆς</strong></span> <span class='ocrx_word' id='word_1_350' title='bbox 3776 2504 3852 2563; x_wconf 86' lang='grc' dir='ltr'><strong>εἰς</strong></span> 
     </span>
    </p>
   </div>
   <div class='ocr_carea' id='block_1_50' title="bbox 2263 2594 3738 2667">
    <p class='ocr_par' dir='ltr' id='par_1_50' title="bbox 2263 2594 3738 2667">
     <span class='ocr_line' id='line_1_50' title="bbox 2263 2594 3738 2667; baseline -0.001 -17"><span class='ocrx_word' id='word_1_351' title='bbox 2263 2595 2425 2650; x_wconf 78' lang='grc' dir='ltr'>αὐτὸν</span> <span class='ocrx_word' id='word_1_352' title='bbox 2457 2597 2703 2666; x_wconf 84' lang='grc' dir='ltr'>ἀγάπης,</span> <span class='ocrx_word' id='word_1_353' title='bbox 2730 2599 2764 2667; x_wconf 79' lang='grc' dir='ltr'>ἡ</span> <span class='ocrx_word' id='word_1_354' title='bbox 2794 2597 3126 2666; x_wconf 73' lang='grc' dir='ltr'>ποιμαντικὴ</span> <span class='ocrx_word' id='word_1_355' title='bbox 3151 2597 3296 2649; x_wconf 77' lang='grc' dir='ltr'>κατὰ</span> <span class='ocrx_word' id='word_1_356' title='bbox 3321 2597 3482 2665; x_wconf 81' lang='grc' dir='ltr'>λόγον</span> <span class='ocrx_word' id='word_1_357' title='bbox 3511 2594 3738 2667; x_wconf 73' lang='grc' dir='ltr'><strong>ῥάϐδος.</strong></span> 
     </span>
    </p>
   </div>
   <div class='ocr_carea' id='block_1_51' title="bbox 2443 2706 3676 2780">
    <p class='ocr_par' dir='ltr' id='par_1_51' title="bbox 2443 2706 3676 2780">
     <span class='ocr_line' id='line_1_51' title="bbox 2443 2706 3676 2780; baseline 0.005 -21"><span class='ocrx_word' id='word_1_358' title='bbox 2443 2706 2552 2760; x_wconf 92' lang='lat' dir='ltr'><strong>PIl&#39;</strong></span> <span class='ocrx_word' id='word_1_359' title='bbox 2584 2707 2818 2778; x_wconf 64' lang='grc' dir='ltr'><strong>(7ἓο73).</strong></span> <span class='ocrx_word' id='word_1_360' title='bbox 2845 2740 2912 2751; x_wconf 85' lang='lat'><strong>——</strong></span> <span class='ocrx_word' id='word_1_361' title='bbox 2935 2709 3216 2778; x_wconf 66' lang='grc' dir='ltr'>Στεφάνῳ</span> <span class='ocrx_word' id='word_1_362' title='bbox 3236 2708 3444 2776; x_wconf 80' lang='grc' dir='ltr'><strong>τέκνῳ.</strong></span> <span class='ocrx_word' id='word_1_363' title='bbox 3475 2707 3676 2780; x_wconf 48' lang='lat' dir='ltr'><strong>[Qui]</strong></span> 
     </span>
    </p>
   </div>
   <div class='ocr_carea' id='block_1_52' title="bbox 1627 2807 2792 2874">
    <p class='ocr_par' dir='ltr' id='par_1_52' title="bbox 1627 2807 2792 2874">
     <span class='ocr_line' id='line_1_52' title="bbox 1627 2807 2792 2874; baseline 0.01 -16"><span class='ocrx_word' id='word_1_364' title='bbox 1627 2807 1909 2860; x_wconf 73' lang='lat' dir='ltr'><strong>Monasticaa</strong></span> <span class='ocrx_word' id='word_1_365' title='bbox 1932 2815 2236 2874; x_wconf 86' lang='lat' dir='ltr'><strong>paupertatis</strong></span> <span class='ocrx_word' id='word_1_366' title='bbox 2271 2830 2436 2867; x_wconf 87' lang='lat' dir='ltr'><strong>curam</strong></span> <span class='ocrx_word' id='word_1_367' title='bbox 2463 2820 2792 2872; x_wconf 87' lang='lat' dir='ltr'><strong>commendat.</strong></span> 
     </span>
    </p>
   </div>
   <div class='ocr_carea' id='block_1_53' title="bbox 646 2915 2158 2986">
    <p class='ocr_par' dir='ltr' id='par_1_53' title="bbox 646 2915 2158 2986">
     <span class='ocr_line' id='line_1_53' title="bbox 646 2915 2158 2986; baseline 0 -12"><span class='ocrx_word' id='word_1_368' title='bbox 646 2919 881 2975; x_wconf 83' lang='lat' dir='ltr'><strong>Advenit</strong></span> <span class='ocrx_word' id='word_1_369' title='bbox 902 2927 957 2974; x_wconf 92' lang='lat' dir='ltr'><strong>et</strong></span> <span class='ocrx_word' id='word_1_370' title='bbox 986 2917 1156 2973; x_wconf 89' lang='lat' dir='ltr'><strong>abbas</strong></span> <span class='ocrx_word' id='word_1_371' title='bbox 1189 2917 1506 2976; x_wconf 86' lang='lat' dir='ltr'><strong>Anthimns,</strong></span> <span class='ocrx_word' id='word_1_372' title='bbox 1541 2917 1759 2986; x_wconf 80' lang='lat' dir='ltr'><strong>egregie</strong></span> <span class='ocrx_word' id='word_1_373' title='bbox 1781 2915 2078 2985; x_wconf 75' lang='lat' dir='ltr'><strong>Stepliane,</strong></span> <span class='ocrx_word' id='word_1_374' title='bbox 2105 2929 2158 2974; x_wconf 90' lang='lat' dir='ltr'><strong>et</strong></span> 
     </span>
    </p>
   </div>
   <div class='ocr_carea' id='block_1_54' title="bbox 578 3007 2161 3078">
    <p class='ocr_par' dir='ltr' id='par_1_54' title="bbox 578 3007 2161 3078">
     <span class='ocr_line' id='line_1_54' title="bbox 578 3007 2161 3078; baseline -0.003 -12"><span class='ocrx_word' id='word_1_375' title='bbox 578 3010 654 3067; x_wconf 80' lang='lat' dir='ltr'><strong>fili</strong></span> <span class='ocrx_word' id='word_1_376' title='bbox 673 3010 871 3066; x_wconf 89' lang='lat' dir='ltr'><strong>dilecte</strong></span> <span class='ocrx_word' id='word_1_377' title='bbox 907 3027 922 3064; x_wconf 89' lang='lat'><strong>:</strong></span> <span class='ocrx_word' id='word_1_378' title='bbox 957 3020 1220 3078; x_wconf 85' lang='lat' dir='ltr'><strong>cumque,</strong></span> <span class='ocrx_word' id='word_1_379' title='bbox 1254 3016 1314 3060; x_wconf 90' lang='lat' dir='ltr'><strong>ut</strong></span> <span class='ocrx_word' id='word_1_380' title='bbox 1344 3022 1442 3076; x_wconf 91' lang='lat' dir='ltr'><strong>par</strong></span> <span class='ocrx_word' id='word_1_381' title='bbox 1466 3015 1603 3072; x_wconf 87' lang='lat' dir='ltr'><strong>erat,</strong></span> <span class='ocrx_word' id='word_1_382' title='bbox 1647 3018 1904 3076; x_wconf 90' lang='lat' dir='ltr'><strong>tanquam</strong></span> <span class='ocrx_word' id='word_1_383' title='bbox 1929 3007 2161 3077; x_wconf 90' lang='lat' dir='ltr'><strong>teipsum</strong></span> 
     </span>
    </p>
   </div>
   <div class='ocr_carea' id='block_1_55' title="bbox 579 3100 2162 3173">
    <p class='ocr_par' dir='ltr' id='par_1_55' title="bbox 579 3100 2162 3173">
     <span class='ocr_line' id='line_1_55' title="bbox 579 3100 2162 3173; baseline -0.001 -15"><span class='ocrx_word' id='word_1_384' title='bbox 579 3103 940 3173; x_wconf 85' lang='lat' dir='ltr'><strong>accepissem,</strong></span> <span class='ocrx_word' id='word_1_385' title='bbox 972 3100 1304 3170; x_wconf 78' lang='lat' dir='ltr'><strong>interrogavi</strong></span> <span class='ocrx_word' id='word_1_386' title='bbox 1337 3100 1805 3168; x_wconf 82' lang='lat' dir='ltr'><strong>quemadmodum</strong></span> <span class='ocrx_word' id='word_1_387' title='bbox 1839 3109 1892 3155; x_wconf 86' lang='lat' dir='ltr'><strong>te</strong></span> <span class='ocrx_word' id='word_1_388' title='bbox 1925 3115 2162 3170; x_wconf 82' lang='lat' dir='ltr'><strong>gereres.</strong></span> 
     </span>
    </p>
   </div>
   <div class='ocr_carea' id='block_1_56' title="bbox 579 3191 2164 3262">
    <p class='ocr_par' dir='ltr' id='par_1_56' title="bbox 579 3191 2164 3262">
     <span class='ocr_line' id='line_1_56' title="bbox 579 3191 2164 3262; baseline -0.003 -11"><span class='ocrx_word' id='word_1_389' title='bbox 579 3193 716 3251; x_wconf 81' lang='lat' dir='ltr'><strong>Nam</strong></span> <span class='ocrx_word' id='word_1_390' title='bbox 743 3192 870 3262; x_wconf 86' lang='lat' dir='ltr'><strong>quia</strong></span> <span class='ocrx_word' id='word_1_391' title='bbox 901 3192 1007 3246; x_wconf 90' lang='lat' dir='ltr'><strong>hoc</strong></span> <span class='ocrx_word' id='word_1_392' title='bbox 1023 3191 1268 3261; x_wconf 81' lang='lat' dir='ltr'><strong>postulat</strong></span> <span class='ocrx_word' id='word_1_393' title='bbox 1295 3191 1632 3260; x_wconf 69' lang='lat' dir='ltr'><strong>praefecturae</strong></span> <span class='ocrx_word' id='word_1_394' title='bbox 1663 3192 1826 3258; x_wconf 88' lang='lat' dir='ltr'><strong>ratio,</strong></span> <span class='ocrx_word' id='word_1_395' title='bbox 1889 3193 1970 3246; x_wconf 87' lang='lat' dir='ltr'><strong>sic</strong></span> <span class='ocrx_word' id='word_1_396' title='bbox 1998 3193 2164 3248; x_wconf 87' lang='lat' dir='ltr'><strong>etiam</strong></span> 
     </span>
    </p>
   </div>
   <div class='ocr_carea' id='block_1_57' title="bbox 2334 2923 3850 3001">
    <p class='ocr_par' dir='ltr' id='par_1_57' title="bbox 2334 2923 3850 3001">
     <span class='ocr_line' id='line_1_57' title="bbox 2334 2923 3850 3001; baseline 0.003 -22"><span class='ocrx_word' id='word_1_397' title='bbox 2334 2926 2613 2980; x_wconf 77' lang='grc' dir='ltr'>Κατέλαϐε</span> <span class='ocrx_word' id='word_1_398' title='bbox 2645 2927 2741 2981; x_wconf 82' lang='grc' dir='ltr'><strong>καὶ</strong></span> <span class='ocrx_word' id='word_1_399' title='bbox 2768 2929 2797 2981; x_wconf 88' lang='lat'><strong>6</strong></span> <span class='ocrx_word' id='word_1_400' title='bbox 2821 2927 2999 2992; x_wconf 66' lang='lat' dir='ltr'><strong>assa;</strong></span> <span class='ocrx_word' id='word_1_401' title='bbox 3019 2929 3281 3000; x_wconf 80' lang='grc' dir='ltr'>’Λνθιμος</span> <span class='ocrx_word' id='word_1_402' title='bbox 3303 2971 3317 2991; x_wconf 83' lang='grc'>,</span> <span class='ocrx_word' id='word_1_403' title='bbox 3340 2923 3386 2983; x_wconf 81' lang='grc' dir='ltr'><strong>ὧ</strong></span> <span class='ocrx_word' id='word_1_404' title='bbox 3416 2931 3551 2983; x_wconf 79' lang='grc' dir='ltr'>καλὲ</span> <span class='ocrx_word' id='word_1_405' title='bbox 3585 2931 3850 3001; x_wconf 79' lang='grc' dir='ltr'>Στέφανε,</span> 
     </span>
    </p>
   </div>
   <div class='ocr_carea' id='block_1_58' title="bbox 2261 3017 3854 3093">
    <p class='ocr_par' dir='ltr' id='par_1_58' title="bbox 2261 3017 3854 3093">
     <span class='ocr_line' id='line_1_58' title="bbox 2261 3017 3854 3093; baseline 0.004 -23"><span class='ocrx_word' id='word_1_406' title='bbox 2261 3017 2355 3070; x_wconf 71' lang='grc' dir='ltr'><strong>καὶ</strong></span> <span class='ocrx_word' id='word_1_407' title='bbox 2390 3018 2472 3072; x_wconf 77' lang='grc' dir='ltr'><strong>υἱὲ</strong></span> <span class='ocrx_word' id='word_1_408' title='bbox 2504 3019 2871 3090; x_wconf 76' lang='grc' dir='ltr'>ὴγαπημένεο</span> <span class='ocrx_word' id='word_1_409' title='bbox 2923 3021 3019 3073; x_wconf 76' lang='grc' dir='ltr'><strong>καὶ</strong></span> <span class='ocrx_word' id='word_1_410' title='bbox 3061 3022 3313 3093; x_wconf 83' lang='grc' dir='ltr'>καθάπερ</span> <span class='ocrx_word' id='word_1_411' title='bbox 3371 3039 3432 3074; x_wconf 89' lang='grc' dir='ltr'><strong>σε</strong></span> <span class='ocrx_word' id='word_1_412' title='bbox 3479 3022 3854 3093; x_wconf 77' lang='grc' dir='ltr'>ὀφειλομένως</span> 
     </span>
    </p>
   </div>
   <div class='ocr_carea' id='block_1_59' title="bbox 2267 3108 3854 3187">
    <p class='ocr_par' dir='ltr' id='par_1_59' title="bbox 2267 3108 3854 3187">
     <span class='ocr_line' id='line_1_59' title="bbox 2267 3108 3854 3187; baseline 0.006 -25"><span class='ocrx_word' id='word_1_413' title='bbox 2267 3108 2392 3163; x_wconf 87' lang='grc' dir='ltr'><strong>ἰδὼν</strong></span> <span class='ocrx_word' id='word_1_414' title='bbox 2424 3111 2706 3181; x_wconf 80' lang='grc' dir='ltr'>ἀνέκρινα,</span> <span class='ocrx_word' id='word_1_415' title='bbox 2755 3112 2906 3176; x_wconf 83' lang='grc' dir='ltr'>ὅπως</span> <span class='ocrx_word' id='word_1_416' title='bbox 2952 3113 3182 3183; x_wconf 83' lang='grc' dir='ltr'>διάγοις.</span> <span class='ocrx_word' id='word_1_417' title='bbox 3239 3116 3460 3187; x_wconf 79' lang='grc' dir='ltr'><strong>Ἐπειδὴ</strong></span> <span class='ocrx_word' id='word_1_418' title='bbox 3493 3120 3521 3170; x_wconf 88' lang='grc' dir='ltr'>ὁ</span> <span class='ocrx_word' id='word_1_419' title='bbox 3553 3117 3718 3186; x_wconf 76' lang='grc' dir='ltr'>λόγος</span> <span class='ocrx_word' id='word_1_420' title='bbox 3753 3118 3854 3187; x_wconf 74' lang='grc' dir='ltr'><strong>τῆς</strong></span> 
     </span>
    </p>
   </div>
   <div class='ocr_carea' id='block_1_60' title="bbox 2265 3203 3850 3280">
    <p class='ocr_par' dir='ltr' id='par_1_60' title="bbox 2265 3203 3850 3280">
     <span class='ocr_line' id='line_1_60' title="bbox 2265 3203 3850 3280; baseline 0.005 -26"><span class='ocrx_word' id='word_1_421' title='bbox 2265 3203 2600 3272; x_wconf 77' lang='grc' dir='ltr'>προστασίας</span> <span class='ocrx_word' id='word_1_422' title='bbox 2647 3204 2871 3258; x_wconf 84' lang='grc' dir='ltr'>ἀπαιτεῖ</span> <span class='ocrx_word' id='word_1_423' title='bbox 2911 3205 3113 3273; x_wconf 86' lang='grc' dir='ltr'>τοῦτο,</span> <span class='ocrx_word' id='word_1_424' title='bbox 3161 3206 3335 3271; x_wconf 78' lang='grc' dir='ltr'>οὕτως</span> <span class='ocrx_word' id='word_1_425' title='bbox 3379 3208 3715 3280; x_wconf 79' lang='grc' dir='ltr'>ἐχρησάμην</span> <span class='ocrx_word' id='word_1_426' title='bbox 3755 3209 3850 3262; x_wconf 75' lang='grc' dir='ltr'>καὶ</span> 
     </span>
    </p>
   </div>
   <div class='ocr_carea' id='block_1_61' title="bbox 584 3279 2161 3380">
    <p class='ocr_par' dir='ltr' id='par_1_61' title="bbox 584 3279 2160 3351">
     <span class='ocr_line' id='line_1_61' title="bbox 584 3279 2160 3351; baseline -0.002 -13"><span class='ocrx_word' id='word_1_427' title='bbox 584 3298 718 3340; x_wconf 83' lang='lat' dir='ltr'><strong>usus</strong></span> <span class='ocrx_word' id='word_1_428' title='bbox 744 3297 866 3338; x_wconf 76' lang='lat' dir='ltr'><strong>lum</strong></span> <span class='ocrx_word' id='word_1_429' title='bbox 899 3297 1027 3351; x_wconf 86' lang='lat' dir='ltr'><strong>erga</strong></span> <span class='ocrx_word' id='word_1_430' title='bbox 1049 3279 1277 3335; x_wconf 83' lang='lat' dir='ltr'><strong>fratrem</strong></span> <span class='ocrx_word' id='word_1_431' title='bbox 1305 3289 1456 3334; x_wconf 90' lang='lat' dir='ltr'><strong>tuutn</strong></span> <span class='ocrx_word' id='word_1_432' title='bbox 1504 3281 1847 3334; x_wconf 82' lang='lat' dir='ltr'><strong>Anthimum.</strong></span> <span class='ocrx_word' id='word_1_433' title='bbox 1877 3281 1943 3336; x_wconf 89' lang='lat' dir='ltr'><strong>Et</strong></span> <span class='ocrx_word' id='word_1_434' title='bbox 1973 3282 2160 3337; x_wconf 87' lang='lat' dir='ltr'><strong>chari-</strong></span> 
     </span>
    </p>
   </div>
   <div class='ocr_carea' id='block_1_62' title="bbox 2264 3279 3853 3380">
    <p class='ocr_par' dir='ltr' id='par_1_62' title="bbox 2267 3295 3853 3371">
     <span class='ocr_line' id='line_1_62' title="bbox 2267 3295 3853 3371; baseline 0.005 -24"><span class='ocrx_word' id='word_1_435' title='bbox 2267 3295 2360 3347; x_wconf 67' lang='grc' dir='ltr'>ἐπὶ</span> <span class='ocrx_word' id='word_1_436' title='bbox 2399 3295 2494 3349; x_wconf 90' lang='grc' dir='ltr'><strong>τοῦ</strong></span> <span class='ocrx_word' id='word_1_437' title='bbox 2522 3295 2759 3366; x_wconf 81' lang='grc' dir='ltr'>ἀδελφοῦ</span> <span class='ocrx_word' id='word_1_438' title='bbox 2791 3315 2887 3351; x_wconf 91' lang='grc' dir='ltr'>σου</span> <span class='ocrx_word' id='word_1_439' title='bbox 2924 3298 3204 3368; x_wconf 74' lang='grc' dir='ltr'>Ἀνθεμου.</span> <span class='ocrx_word' id='word_1_440' title='bbox 3238 3301 3348 3354; x_wconf 72' lang='grc' dir='ltr'><strong>Καὶ</strong></span> <span class='ocrx_word' id='word_1_441' title='bbox 3376 3301 3458 3354; x_wconf 84' lang='grc' dir='ltr'><strong>ὅτι</strong></span> <span class='ocrx_word' id='word_1_442' title='bbox 3491 3301 3592 3371; x_wconf 84' lang='grc' dir='ltr'><strong>μὲν</strong></span> <span class='ocrx_word' id='word_1_443' title='bbox 3624 3301 3853 3371; x_wconf 78' lang='grc' dir='ltr'><strong>ἀγάπην</strong></span> 
     </span>
    </p>
   </div>
   <div class='ocr_carea' id='block_1_63' title="bbox 585 3372 2163 3444">
    <p class='ocr_par' dir='ltr' id='par_1_63' title="bbox 585 3372 2163 3444">
     <span class='ocr_line' id='line_1_63' title="bbox 585 3372 2163 3444; baseline -0.001 -14"><span class='ocrx_word' id='word_1_444' title='bbox 585 3383 748 3430; x_wconf 87' lang='lat' dir='ltr'><strong>tatem</strong></span> <span class='ocrx_word' id='word_1_445' title='bbox 777 3372 996 3444; x_wconf 90' lang='lat' dir='ltr'><strong>quidem</strong></span> <span class='ocrx_word' id='word_1_446' title='bbox 1025 3379 1272 3427; x_wconf 89' lang='lat' dir='ltr'><strong>mutuam</strong></span> <span class='ocrx_word' id='word_1_447' title='bbox 1305 3372 1446 3425; x_wconf 68' lang='lat' dir='ltr'><strong>inter</strong></span> <span class='ocrx_word' id='word_1_448' title='bbox 1483 3387 1577 3426; x_wconf 89' lang='lat' dir='ltr'><strong>vos</strong></span> <span class='ocrx_word' id='word_1_449' title='bbox 1625 3387 1747 3428; x_wconf 88' lang='lat' dir='ltr'><strong>esse</strong></span> <span class='ocrx_word' id='word_1_450' title='bbox 1795 3375 2043 3444; x_wconf 77' lang='lat' dir='ltr'><strong>cognovi.</strong></span> <span class='ocrx_word' id='word_1_451' title='bbox 2067 3375 2163 3430; x_wconf 90' lang='lat' dir='ltr'><strong>sed</strong></span> 
     </span>
    </p>
   </div>
   <div class='ocr_carea' id='block_1_64' title="bbox 585 3463 2160 3536">
    <p class='ocr_par' dir='ltr' id='par_1_64' title="bbox 585 3463 2160 3536">
     <span class='ocr_line' id='line_1_64' title="bbox 585 3463 2160 3536; baseline 0 -15"><span class='ocrx_word' id='word_1_452' title='bbox 585 3481 696 3524; x_wconf 79' lang='lat' dir='ltr'><strong>on</strong></span> <span class='ocrx_word' id='word_1_453' title='bbox 726 3465 945 3536; x_wconf 87' lang='lat' dir='ltr'><strong>qualem</strong></span> <span class='ocrx_word' id='word_1_454' title='bbox 976 3464 1180 3519; x_wconf 85' lang='lat' dir='ltr'><strong>veritas</strong></span> <span class='ocrx_word' id='word_1_455' title='bbox 1231 3463 1402 3531; x_wconf 83' lang='lat' dir='ltr'><strong>exigit</strong></span> <span class='ocrx_word' id='word_1_456' title='bbox 1459 3463 1510 3516; x_wconf 91' lang='lat' dir='ltr'><strong>in</strong></span> <span class='ocrx_word' id='word_1_457' title='bbox 1535 3465 1812 3534; x_wconf 81' lang='lat' dir='ltr'><strong>germanis</strong></span> <span class='ocrx_word' id='word_1_458' title='bbox 1862 3466 2160 3521; x_wconf 89' lang='lat' dir='ltr'><strong>secundum</strong></span> 
     </span>
    </p>
   </div>
   <div class='ocr_carea' id='block_1_65' title="bbox 587 3556 2162 3628">
    <p class='ocr_par' dir='ltr' id='par_1_65' title="bbox 587 3556 2162 3628">
     <span class='ocr_line' id='line_1_65' title="bbox 587 3556 2162 3628; baseline -0.003 -11"><span class='ocrx_word' id='word_1_459' title='bbox 587 3559 879 3618; x_wconf 86' lang='lat' dir='ltr'><strong>Dominum</strong></span> <span class='ocrx_word' id='word_1_460' title='bbox 915 3556 1199 3613; x_wconf 79' lang='lat' dir='ltr'><strong>fratribus.</strong></span> <span class='ocrx_word' id='word_1_461' title='bbox 1252 3557 1392 3624; x_wconf 86' lang='lat' dir='ltr'><strong>Quid</strong></span> <span class='ocrx_word' id='word_1_462' title='bbox 1437 3557 1712 3627; x_wconf 88' lang='lat' dir='ltr'><strong>hoc_enim</strong></span> <span class='ocrx_word' id='word_1_463' title='bbox 1744 3567 1832 3613; x_wconf 90' lang='lat' dir='ltr'><strong>est</strong></span> <span class='ocrx_word' id='word_1_464' title='bbox 1873 3560 2020 3628; x_wconf 90' lang='lat' dir='ltr'><strong>quod</strong></span> <span class='ocrx_word' id='word_1_465' title='bbox 2052 3573 2162 3614; x_wconf 90' lang='lat' dir='ltr'><strong>non</strong></span> 
     </span>
    </p>
   </div>
   <div class='ocr_carea' id='block_1_66' title="bbox 584 3647 2166 3722">
    <p class='ocr_par' dir='ltr' id='par_1_66' title="bbox 584 3647 2166 3722">
     <span class='ocr_line' id='line_1_66' title="bbox 584 3647 2166 3722; baseline 0 -15"><span class='ocrx_word' id='word_1_466' title='bbox 584 3650 900 3712; x_wconf 89' lang='lat' dir='ltr'><strong>communia</strong></span> <span class='ocrx_word' id='word_1_467' title='bbox 953 3647 1133 3705; x_wconf 85' lang='lat' dir='ltr'><strong>facitis</strong></span> <span class='ocrx_word' id='word_1_468' title='bbox 1182 3649 1411 3712; x_wconf 88' lang='lat' dir='ltr'><strong>omnia;</strong></span> <span class='ocrx_word' id='word_1_469' title='bbox 1465 3651 1559 3704; x_wconf 89' lang='lat' dir='ltr'><strong>sed</strong></span> <span class='ocrx_word' id='word_1_470' title='bbox 1613 3660 1668 3704; x_wconf 90' lang='lat' dir='ltr'><strong>et</strong></span> <span class='ocrx_word' id='word_1_471' title='bbox 1724 3651 1996 3720; x_wconf 90' lang='lat' dir='ltr'><strong>privatum</strong></span> <span class='ocrx_word' id='word_1_472' title='bbox 2051 3652 2166 3722; x_wconf 87' lang='lat' dir='ltr'><strong>ipse</strong></span> 
     </span>
    </p>
   </div>
   <div class='ocr_carea' id='block_1_67' title="bbox 585 3741 2165 3814">
    <p class='ocr_par' dir='ltr' id='par_1_67' title="bbox 585 3741 2165 3814">
     <span class='ocr_line' id='line_1_67' title="bbox 585 3741 2165 3814; baseline 0 -15"><span class='ocrx_word' id='word_1_473' title='bbox 585 3758 781 3800; x_wconf 90' lang='lat' dir='ltr'><strong>aurum</strong></span> <span class='ocrx_word' id='word_1_474' title='bbox 805 3741 996 3808; x_wconf 90' lang='lat' dir='ltr'><strong>babes,</strong></span> <span class='ocrx_word' id='word_1_475' title='bbox 1031 3750 1086 3796; x_wconf 89' lang='lat' dir='ltr'><strong>et</strong></span> <span class='ocrx_word' id='word_1_476' title='bbox 1110 3756 1305 3795; x_wconf 89' lang='lat' dir='ltr'><strong>aurum</strong></span> <span class='ocrx_word' id='word_1_477' title='bbox 1336 3741 1424 3796; x_wconf 84' lang='lat' dir='ltr'><strong>ille</strong></span> <span class='ocrx_word' id='word_1_478' title='bbox 1443 3741 1698 3810; x_wconf 89' lang='lat' dir='ltr'><strong>privatim</strong></span> <span class='ocrx_word' id='word_1_479' title='bbox 1732 3742 1914 3809; x_wconf 88' lang='lat' dir='ltr'><strong>habet,</strong></span> <span class='ocrx_word' id='word_1_480' title='bbox 1945 3743 1996 3798; x_wconf 91' lang='lat' dir='ltr'><strong>id</strong></span> <span class='ocrx_word' id='word_1_481' title='bbox 2021 3743 2165 3814; x_wconf 90' lang='lat' dir='ltr'><strong>quod</strong></span> 
     </span>
    </p>
   </div>
   <div class='ocr_carea' id='block_1_68' title="bbox 585 3833 2167 3900">
    <p class='ocr_par' dir='ltr' id='par_1_68' title="bbox 585 3833 2167 3900">
     <span class='ocr_line' id='line_1_68' title="bbox 585 3833 2167 3900; baseline -0.001 -7"><span class='ocrx_word' id='word_1_482' title='bbox 585 3835 844 3893; x_wconf 88' lang='lat' dir='ltr'><strong>dirimere</strong></span> <span class='ocrx_word' id='word_1_483' title='bbox 867 3833 1009 3890; x_wconf 88' lang='lat' dir='ltr'><strong>solet</strong></span> <span class='ocrx_word' id='word_1_484' title='bbox 1065 3833 1429 3888; x_wconf 85' lang='lat' dir='ltr'><strong>charitatem?</strong></span> <span class='ocrx_word' id='word_1_485' title='bbox 1458 3834 1746 3900; x_wconf 83' lang='lat' dir='ltr'><strong>Quomodo</strong></span> <span class='ocrx_word' id='word_1_486' title='bbox 1783 3837 1933 3890; x_wconf 83' lang='lat' dir='ltr'><strong>enim</strong></span> <span class='ocrx_word' id='word_1_487' title='bbox 1981 3837 2167 3891; x_wconf 90' lang='lat' dir='ltr'><strong>anima</strong></span> 
     </span>
    </p>
   </div>
   <div class='ocr_carea' id='block_1_69' title="bbox 587 3927 2166 3997">
    <p class='ocr_par' dir='ltr' id='par_1_69' title="bbox 587 3927 2166 3997">
     <span class='ocr_line' id='line_1_69' title="bbox 587 3927 2166 3997; baseline -0.001 -12"><span class='ocrx_word' id='word_1_488' title='bbox 587 3944 696 3986; x_wconf 88' lang='lat' dir='ltr'><strong>una</strong></span> <span class='ocrx_word' id='word_1_489' title='bbox 729 3935 785 3984; x_wconf 90' lang='lat' dir='ltr'><strong>et</strong></span> <span class='ocrx_word' id='word_1_490' title='bbox 817 3943 914 3983; x_wconf 87' lang='lat' dir='ltr'><strong>cor</strong></span> <span class='ocrx_word' id='word_1_491' title='bbox 937 3943 1108 3982; x_wconf 92' lang='lat' dir='ltr'><strong>unum</strong></span> <span class='ocrx_word' id='word_1_492' title='bbox 1141 3935 1306 3997; x_wconf 86' lang='lat' dir='ltr'><strong>queat</strong></span> <span class='ocrx_word' id='word_1_493' title='bbox 1350 3942 1492 3991; x_wconf 90' lang='lat' dir='ltr'><strong>esse,</strong></span> <span class='ocrx_word' id='word_1_494' title='bbox 1529 3927 1618 3981; x_wconf 89' lang='lat' dir='ltr'><strong>ubi</strong></span> <span class='ocrx_word' id='word_1_495' title='bbox 1683 3943 1864 3982; x_wconf 86' lang='lat' dir='ltr'><strong>meum</strong></span> <span class='ocrx_word' id='word_1_496' title='bbox 1912 3937 1968 3984; x_wconf 88' lang='lat' dir='ltr'><strong>et</strong></span> <span class='ocrx_word' id='word_1_497' title='bbox 2010 3939 2166 3984; x_wconf 91' lang='lat' dir='ltr'><strong>tuum</strong></span> 
     </span>
    </p>
   </div>
   <div class='ocr_carea' id='block_1_70' title="bbox 587 4017 2164 4096">
    <p class='ocr_par' dir='ltr' id='par_1_70' title="bbox 587 4017 2164 4096">
     <span class='ocr_line' id='line_1_70' title="bbox 587 4017 2164 4096; baseline -0.003 -19"><span class='ocrx_word' id='word_1_498' title='bbox 587 4019 948 4077; x_wconf 83' lang='lat' dir='ltr'><strong>nominatur?</strong></span> <span class='ocrx_word' id='word_1_499' title='bbox 987 4017 1144 4096; x_wconf 76' lang='lat' dir='ltr'><strong>Hinc</strong></span> <span class='ocrx_word' id='word_1_500' title='bbox 1173 4019 1538 4090; x_wconf 86' lang='lat' dir='ltr'><strong>suspiciones,</strong></span> <span class='ocrx_word' id='word_1_501' title='bbox 1572 4019 1700 4073; x_wconf 90' lang='lat' dir='ltr'><strong>hinc</strong></span> <span class='ocrx_word' id='word_1_502' title='bbox 1746 4020 2164 4075; x_wconf 88' lang='lat' dir='ltr'><strong>oblocutiones:</strong></span> 
     </span>
    </p>
   </div>
   <div class='ocr_carea' id='block_1_71' title="bbox 588 4111 2164 4182">
    <p class='ocr_par' dir='ltr' id='par_1_71' title="bbox 588 4111 2164 4182">
     <span class='ocr_line' id='line_1_71' title="bbox 588 4111 2164 4182; baseline -0.001 -15"><span class='ocrx_word' id='word_1_503' title='bbox 588 4114 717 4169; x_wconf 90' lang='lat' dir='ltr'><strong>hinc</strong></span> <span class='ocrx_word' id='word_1_504' title='bbox 740 4113 922 4176; x_wconf 91' lang='lat' dir='ltr'><strong>tertio,</strong></span> <span class='ocrx_word' id='word_1_505' title='bbox 970 4111 1116 4182; x_wconf 88' lang='lat' dir='ltr'><strong>quod</strong></span> <span class='ocrx_word' id='word_1_506' title='bbox 1144 4113 1336 4166; x_wconf 90' lang='lat' dir='ltr'><strong>nonin</strong></span> <span class='ocrx_word' id='word_1_507' title='bbox 1387 4111 1568 4166; x_wconf 87' lang='lat' dir='ltr'><strong>medio</strong></span> <span class='ocrx_word' id='word_1_508' title='bbox 1605 4120 1847 4166; x_wconf 89' lang='lat' dir='ltr'><strong>vestrum</strong></span> <span class='ocrx_word' id='word_1_509' title='bbox 1893 4111 2164 4177; x_wconf 86' lang='lat' dir='ltr'><strong>Christus,</strong></span> 
     </span>
    </p>
   </div>
   <div class='ocr_carea' id='block_1_72' title="bbox 586 4200 2168 4272">
    <p class='ocr_par' dir='ltr' id='par_1_72' title="bbox 586 4200 2168 4272">
     <span class='ocr_line' id='line_1_72' title="bbox 586 4200 2168 4272; baseline 0 -14"><span class='ocrx_word' id='word_1_510' title='bbox 586 4204 680 4272; x_wconf 90' lang='lat' dir='ltr'><strong>qui</strong></span> <span class='ocrx_word' id='word_1_511' title='bbox 716 4204 892 4258; x_wconf 79' lang='lat' dir='ltr'><strong>dixit:</strong></span> <span class='ocrx_word' id='word_1_512' title='bbox 931 4200 1030 4256; x_wconf 90' lang='lat' dir='ltr'><strong>Ubi</strong></span> <span class='ocrx_word' id='word_1_513' title='bbox 1058 4210 1184 4255; x_wconf 82' lang='lat' dir='ltr'><strong>sunt</strong></span> <span class='ocrx_word' id='word_1_514' title='bbox 1228 4200 1334 4256; x_wconf 87' lang='lat' dir='ltr'><strong>duo</strong></span> <span class='ocrx_word' id='word_1_515' title='bbox 1386 4200 1464 4256; x_wconf 81' lang='lat' dir='ltr'><strong>vel</strong></span> <span class='ocrx_word' id='word_1_516' title='bbox 1505 4210 1610 4256; x_wconf 86' lang='lat' dir='ltr'><strong>tres</strong></span> <span class='ocrx_word' id='word_1_517' title='bbox 1647 4202 1952 4272; x_wconf 80' lang='lat' dir='ltr'><strong>congregati</strong></span> <span class='ocrx_word' id='word_1_518' title='bbox 1995 4203 2050 4255; x_wconf 86' lang='lat' dir='ltr'><strong>in</strong></span> <span class='ocrx_word' id='word_1_519' title='bbox 2075 4219 2168 4258; x_wconf 86' lang='lat' dir='ltr'><strong>no-</strong></span> 
     </span>
    </p>
   </div>
   <div class='ocr_carea' id='block_1_73' title="bbox 589 4296 2170 4362">
    <p class='ocr_par' dir='ltr' id='par_1_73' title="bbox 589 4296 2170 4362">
     <span class='ocr_line' id='line_1_73' title="bbox 589 4296 2170 4362; baseline -0.001 -11"><span class='ocrx_word' id='word_1_520' title='bbox 589 4299 726 4352; x_wconf 85' lang='lat' dir='ltr'><strong>mine</strong></span> <span class='ocrx_word' id='word_1_521' title='bbox 773 4312 908 4360; x_wconf 79' lang='lat' dir='ltr'><strong>meo,</strong></span> <span class='ocrx_word' id='word_1_522' title='bbox 949 4296 1025 4348; x_wconf 84' lang='lat' dir='ltr'><strong>ibi</strong></span> <span class='ocrx_word' id='word_1_523' title='bbox 1072 4311 1190 4348; x_wconf 89' lang='lat' dir='ltr'><strong>sum</strong></span> <span class='ocrx_word' id='word_1_524' title='bbox 1230 4296 1283 4348; x_wconf 85' lang='lat' dir='ltr'><strong>in</strong></span> <span class='ocrx_word' id='word_1_525' title='bbox 1325 4296 1502 4349; x_wconf 87' lang='lat' dir='ltr'><strong>medio</strong></span> <span class='ocrx_word' id='word_1_526' title='bbox 1535 4297 1815 4362; x_wconf 69' lang='lat' dir='ltr'><strong>eorum”;</strong></span> <span class='ocrx_word' id='word_1_527' title='bbox 1866 4297 1961 4350; x_wconf 88' lang='lat' dir='ltr'><strong>sed</strong></span> <span class='ocrx_word' id='word_1_528' title='bbox 1993 4296 2170 4351; x_wconf 86' lang='lat' dir='ltr'><strong>hostis</strong></span> 
     </span>
    </p>
   </div>
   <div class='ocr_carea' id='block_1_74' title="bbox 587 4389 2166 4458">
    <p class='ocr_par' dir='ltr' id='par_1_74' title="bbox 587 4389 2166 4458">
     <span class='ocr_line' id='line_1_74' title="bbox 587 4389 2166 4458; baseline -0.001 -12"><span class='ocrx_word' id='word_1_529' title='bbox 587 4392 899 4446; x_wconf 87' lang='lat' dir='ltr'><strong>animarum</strong></span> <span class='ocrx_word' id='word_1_530' title='bbox 937 4397 1273 4452; x_wconf 86' lang='lat' dir='ltr'><strong>nostrarum,</strong></span> <span class='ocrx_word' id='word_1_531' title='bbox 1305 4390 1910 4458; x_wconf 84' lang='lat' dir='ltr'><strong>quidissccatmemhra</strong></span> <span class='ocrx_word' id='word_1_532' title='bbox 1941 4389 2166 4446; x_wconf 87' lang='lat' dir='ltr'><strong>Christi.</strong></span> 
     </span>
    </p>
   </div>
   <div class='ocr_carea' id='block_1_75' title="bbox 588 4479 2167 4550">
    <p class='ocr_par' dir='ltr' id='par_1_75' title="bbox 588 4479 2167 4550">
     <span class='ocr_line' id='line_1_75' title="bbox 588 4479 2167 4550; baseline -0.001 -14"><span class='ocrx_word' id='word_1_533' title='bbox 588 4481 945 4550; x_wconf 68' lang='lat' dir='ltr'><strong>Perspicuum</strong></span> <span class='ocrx_word' id='word_1_534' title='bbox 979 4480 1124 4534; x_wconf 89' lang='lat' dir='ltr'><strong>enim</strong></span> <span class='ocrx_word' id='word_1_535' title='bbox 1151 4493 1253 4542; x_wconf 74' lang='lat' dir='ltr'><strong>esr,</strong></span> <span class='ocrx_word' id='word_1_536' title='bbox 1289 4479 1379 4533; x_wconf 91' lang='lat' dir='ltr'><strong>ubi</strong></span> <span class='ocrx_word' id='word_1_537' title='bbox 1412 4479 1484 4533; x_wconf 89' lang='lat' dir='ltr'><strong>sit</strong></span> <span class='ocrx_word' id='word_1_538' title='bbox 1505 4479 1716 4549; x_wconf 82' lang='lat' dir='ltr'><strong>privata</strong></span> <span class='ocrx_word' id='word_1_539' title='bbox 1737 4495 1915 4534; x_wconf 85' lang='lat' dir='ltr'><strong>rerum</strong></span> <span class='ocrx_word' id='word_1_540' title='bbox 1948 4495 2167 4549; x_wconf 82' lang='lat' dir='ltr'><strong>posses-</strong></span> 
     </span>
    </p>
   </div>
   <div class='ocr_carea' id='block_1_76' title="bbox 588 4571 2166 4637">
    <p class='ocr_par' dir='ltr' id='par_1_76' title="bbox 588 4571 2166 4637">
     <span class='ocr_line' id='line_1_76' title="bbox 588 4571 2166 4637; baseline -0.001 -11"><span class='ocrx_word' id='word_1_541' title='bbox 588 4576 672 4628; x_wconf 89' lang='lat' dir='ltr'><strong>sio</strong></span> <span class='ocrx_word' id='word_1_542' title='bbox 706 4582 761 4630; x_wconf 90' lang='lat' dir='ltr'><strong>et</strong></span> <span class='ocrx_word' id='word_1_543' title='bbox 795 4590 907 4628; x_wconf 85' lang='lat' dir='ltr'><strong>non</strong></span> <span class='ocrx_word' id='word_1_544' title='bbox 960 4573 1346 4637; x_wconf 84' lang='lat' dir='ltr'><strong>communitas,</strong></span> <span class='ocrx_word' id='word_1_545' title='bbox 1393 4572 1544 4626; x_wconf 92' lang='lat' dir='ltr'><strong>illinc</strong></span> <span class='ocrx_word' id='word_1_546' title='bbox 1598 4573 1791 4627; x_wconf 90' lang='lat' dir='ltr'><strong>abesse</strong></span> <span class='ocrx_word' id='word_1_547' title='bbox 1844 4571 2166 4626; x_wconf 85' lang='lat' dir='ltr'><strong>Christum:</strong></span> 
     </span>
    </p>
   </div>
   <div class='ocr_carea' id='block_1_77' title="bbox 587 4658 2246 4738">
    <p class='ocr_par' dir='ltr' id='par_1_77' title="bbox 587 4658 2246 4738">
     <span class='ocr_line' id='line_1_77' title="bbox 587 4658 2246 4738; baseline -0.004 -18"><span class='ocrx_word' id='word_1_548' title='bbox 587 4668 845 4737; x_wconf 88' lang='lat' dir='ltr'><strong>quoniam</strong></span> <span class='ocrx_word' id='word_1_549' title='bbox 877 4668 946 4722; x_wconf 91' lang='lat' dir='ltr'><strong>de</strong></span> <span class='ocrx_word' id='word_1_550' title='bbox 971 4666 1234 4738; x_wconf 90' lang='lat' dir='ltr'><strong>apostolis</strong></span> <span class='ocrx_word' id='word_1_551' title='bbox 1256 4667 1520 4737; x_wconf 84' lang='lat' dir='ltr'><strong>scriptum</strong></span> <span class='ocrx_word' id='word_1_552' title='bbox 1556 4675 1641 4721; x_wconf 86' lang='lat' dir='ltr'><strong>est</strong></span> <span class='ocrx_word' id='word_1_553' title='bbox 1673 4685 1687 4719; x_wconf 90' lang='lat'><strong>:</strong></span> <span class='ocrx_word' id='word_1_554' title='bbox 1724 4665 1890 4719; x_wconf 84' lang='lat' dir='ltr'><strong>Erant</strong></span> <span class='ocrx_word' id='word_1_555' title='bbox 1917 4666 2028 4719; x_wconf 82' lang='lat' dir='ltr'><strong>illis</strong></span> <span class='ocrx_word' id='word_1_556' title='bbox 2057 4682 2170 4720; x_wconf 87' lang='lat' dir='ltr'><strong>om-</strong></span> <span class='ocrx_word' id='word_1_557' title='bbox 2200 4658 2246 4714; x_wconf 89' lang='lat' dir='ltr'><strong>D</strong></span> 
     </span>
    </p>
   </div>
   <div class='ocr_carea' id='block_1_78' title="bbox 589 4758 2168 4828">
    <p class='ocr_par' dir='ltr' id='par_1_78' title="bbox 589 4758 2168 4828">
     <span class='ocr_line' id='line_1_78' title="bbox 589 4758 2168 4828; baseline 0 -17"><span class='ocrx_word' id='word_1_558' title='bbox 589 4760 681 4812; x_wconf 83' lang='lat' dir='ltr'><strong>nia</strong></span> <span class='ocrx_word' id='word_1_559' title='bbox 705 4760 1042 4825; x_wconf 84' lang='lat' dir='ltr'><strong>communia;</strong></span> <span class='ocrx_word' id='word_1_560' title='bbox 1083 4774 1174 4812; x_wconf 84' lang='lat' dir='ltr'><strong>nec</strong></span> <span class='ocrx_word' id='word_1_561' title='bbox 1212 4758 1495 4828; x_wconf 80' lang='lat' dir='ltr'><strong>quisquam</strong></span> <span class='ocrx_word' id='word_1_562' title='bbox 1517 4774 1699 4812; x_wconf 84' lang='lat' dir='ltr'><strong>eorum</strong></span> <span class='ocrx_word' id='word_1_563' title='bbox 1727 4773 1846 4828; x_wconf 76' lang='lat' dir='ltr'><strong>qua:</strong></span> <span class='ocrx_word' id='word_1_564' title='bbox 1869 4758 2168 4827; x_wconf 81' lang='lat' dir='ltr'><strong>possidebat</strong></span> 
     </span>
    </p>
   </div>
   <div class='ocr_carea' id='block_1_79' title="bbox 589 4848 2170 4922">
    <p class='ocr_par' dir='ltr' id='par_1_79' title="bbox 589 4848 2170 4922">
     <span class='ocr_line' id='line_1_79' title="bbox 589 4848 2170 4922; baseline -0.001 -17"><span class='ocrx_word' id='word_1_565' title='bbox 589 4851 792 4922; x_wconf 82' lang='lat' dir='ltr'><strong>aliquid</strong></span> <span class='ocrx_word' id='word_1_566' title='bbox 818 4867 973 4905; x_wconf 85' lang='lat' dir='ltr'><strong>suum</strong></span> <span class='ocrx_word' id='word_1_567' title='bbox 1001 4867 1114 4905; x_wconf 86' lang='lat' dir='ltr'><strong>esse</strong></span> <span class='ocrx_word' id='word_1_568' title='bbox 1136 4849 1344 4902; x_wconf 82' lang='lat' dir='ltr'><strong>dicebat</strong></span> <span class='ocrx_word' id='word_1_569' title='bbox 1377 4849 1444 4903; x_wconf 69' lang='lat'><strong>9°.</strong></span> <span class='ocrx_word' id='word_1_570' title='bbox 1491 4848 1609 4904; x_wconf 86' lang='lat' dir='ltr'><strong>Non</strong></span> <span class='ocrx_word' id='word_1_571' title='bbox 1646 4850 1811 4920; x_wconf 86' lang='lat' dir='ltr'><strong>pudet</strong></span> <span class='ocrx_word' id='word_1_572' title='bbox 1852 4865 2018 4915; x_wconf 84' lang='lat' dir='ltr'><strong>nunc,</strong></span> <span class='ocrx_word' id='word_1_573' title='bbox 2044 4849 2170 4904; x_wconf 87' lang='lat' dir='ltr'><strong>date</strong></span> 
     </span>
    </p>
   </div>
   <div class='ocr_carea' id='block_1_80' title="bbox 593 4941 2171 5014">
    <p class='ocr_par' dir='ltr' id='par_1_80' title="bbox 593 4941 2171 5014">
     <span class='ocr_line' id='line_1_80' title="bbox 593 4941 2171 5014; baseline -0.001 -16"><span class='ocrx_word' id='word_1_574' title='bbox 593 4944 831 5007; x_wconf 89' lang='lat' dir='ltr'><strong>veniam,</strong></span> <span class='ocrx_word' id='word_1_575' title='bbox 861 4958 989 4998; x_wconf 89' lang='lat' dir='ltr'><strong>cum</strong></span> <span class='ocrx_word' id='word_1_576' title='bbox 1015 4943 1125 4996; x_wconf 92' lang='lat' dir='ltr'><strong>duo</strong></span> <span class='ocrx_word' id='word_1_577' title='bbox 1143 4941 1283 5006; x_wconf 90' lang='lat' dir='ltr'><strong>sitis,</strong></span> <span class='ocrx_word' id='word_1_578' title='bbox 1309 4942 1448 4996; x_wconf 88' lang='lat' dir='ltr'><strong>bona</strong></span> <span class='ocrx_word' id='word_1_579' title='bbox 1479 4942 1531 4996; x_wconf 92' lang='lat' dir='ltr'><strong>in</strong></span> <span class='ocrx_word' id='word_1_580' title='bbox 1555 4957 1842 4998; x_wconf 91' lang='lat' dir='ltr'><strong>commune</strong></span> <span class='ocrx_word' id='word_1_581' title='bbox 1865 4958 1971 4998; x_wconf 90' lang='lat' dir='ltr'><strong>non</strong></span> <span class='ocrx_word' id='word_1_582' title='bbox 1991 4943 2171 5014; x_wconf 87' lang='lat' dir='ltr'><strong>possi-</strong></span> 
     </span>
    </p>
   </div>
   <div class='ocr_carea' id='block_1_81' title="bbox 593 5033 2170 5104">
    <p class='ocr_par' dir='ltr' id='par_1_81' title="bbox 593 5033 2170 5104">
     <span class='ocr_line' id='line_1_81' title="bbox 593 5033 2170 5104; baseline -0.003 -14"><span class='ocrx_word' id='word_1_583' title='bbox 593 5037 723 5090; x_wconf 88' lang='lat' dir='ltr'><strong>dere</strong></span> <span class='ocrx_word' id='word_1_584' title='bbox 757 5054 770 5089; x_wconf 92' lang='lat'><strong>:</strong></span> <span class='ocrx_word' id='word_1_585' title='bbox 805 5049 928 5088; x_wconf 92' lang='lat' dir='ltr'><strong>cum</strong></span> <span class='ocrx_word' id='word_1_586' title='bbox 967 5033 1108 5089; x_wconf 90' lang='lat' dir='ltr'><strong>inter</strong></span> <span class='ocrx_word' id='word_1_587' title='bbox 1131 5033 1433 5104; x_wconf 87' lang='lat' dir='ltr'><strong>apostolos,</strong></span> <span class='ocrx_word' id='word_1_588' title='bbox 1475 5036 1568 5102; x_wconf 88' lang='lat' dir='ltr'><strong>qui</strong></span> <span class='ocrx_word' id='word_1_589' title='bbox 1609 5049 1839 5089; x_wconf 89' lang='lat' dir='ltr'><strong>numero</strong></span> <span class='ocrx_word' id='word_1_590' title='bbox 1882 5042 1963 5088; x_wconf 88' lang='lat' dir='ltr'><strong>tot</strong></span> <span class='ocrx_word' id='word_1_591' title='bbox 1989 5044 2170 5097; x_wconf 88' lang='lat' dir='ltr'><strong>erant,</strong></span> 
     </span>
    </p>
   </div>
   <div class='ocr_carea' id='block_1_82' title="bbox 594 5126 2173 5196">
    <p class='ocr_par' dir='ltr' id='par_1_82' title="bbox 594 5126 2173 5196">
     <span class='ocr_line' id='line_1_82' title="bbox 594 5126 2173 5196; baseline -0.001 -14"><span class='ocrx_word' id='word_1_592' title='bbox 594 5127 960 5182; x_wconf 85' lang='lat' dir='ltr'><strong>communitas</strong></span> <span class='ocrx_word' id='word_1_593' title='bbox 986 5127 1624 5196; x_wconf 81' lang='lat' dir='ltr'><strong>exsisteret?Propterea</strong></span> <span class='ocrx_word' id='word_1_594' title='bbox 1651 5127 1722 5180; x_wconf 89' lang='lat' dir='ltr'><strong>ibi</strong></span> <span class='ocrx_word' id='word_1_595' title='bbox 1750 5135 1868 5182; x_wconf 90' lang='lat' dir='ltr'><strong>erat</strong></span> <span class='ocrx_word' id='word_1_596' title='bbox 1895 5126 2173 5182; x_wconf 88' lang='lat' dir='ltr'><strong>Christus:</strong></span> 
     </span>
    </p>
   </div>
   <div class='ocr_carea' id='block_1_83' title="bbox 593 5215 2174 5288">
    <p class='ocr_par' dir='ltr' id='par_1_83' title="bbox 593 5215 2174 5288">
     <span class='ocr_line' id='line_1_83' title="bbox 593 5215 2174 5288; baseline 0 -18"><span class='ocrx_word' id='word_1_597' title='bbox 593 5218 733 5272; x_wconf 88' lang='lat' dir='ltr'><strong>inter</strong></span> <span class='ocrx_word' id='word_1_598' title='bbox 767 5233 864 5270; x_wconf 88' lang='lat' dir='ltr'><strong>vos</strong></span> <span class='ocrx_word' id='word_1_599' title='bbox 898 5226 1076 5270; x_wconf 90' lang='lat' dir='ltr'><strong>autem</strong></span> <span class='ocrx_word' id='word_1_600' title='bbox 1100 5232 1470 5286; x_wconf 84' lang='lat' dir='ltr'><strong>nequaquam,</strong></span> <span class='ocrx_word' id='word_1_601' title='bbox 1498 5219 1599 5272; x_wconf 90' lang='lat' dir='ltr'><strong>etsi</strong></span> <span class='ocrx_word' id='word_1_602' title='bbox 1643 5232 1807 5288; x_wconf 79' lang='lat' dir='ltr'><strong>grave</strong></span> <span class='ocrx_word' id='word_1_603' title='bbox 1840 5225 1924 5271; x_wconf 91' lang='lat' dir='ltr'><strong>est</strong></span> <span class='ocrx_word' id='word_1_604' title='bbox 1957 5215 2174 5271; x_wconf 88' lang='lat' dir='ltr'><strong>dicere:</strong></span> 
     </span>
    </p>
   </div>
   <div class='ocr_carea' id='block_1_84' title="bbox 593 5307 2177 5378">
    <p class='ocr_par' dir='ltr' id='par_1_84' title="bbox 593 5307 2177 5378">
     <span class='ocr_line' id='line_1_84' title="bbox 593 5307 2177 5378; baseline -0.001 -16"><span class='ocrx_word' id='word_1_605' title='bbox 593 5309 802 5378; x_wconf 88' lang='lat' dir='ltr'><strong>alioqui</strong></span> <span class='ocrx_word' id='word_1_606' title='bbox 833 5308 1121 5363; x_wconf 86' lang='lat' dir='ltr'><strong>unanimes</strong></span> <span class='ocrx_word' id='word_1_607' title='bbox 1159 5307 1373 5374; x_wconf 89' lang='lat' dir='ltr'><strong>essetis,</strong></span> <span class='ocrx_word' id='word_1_608' title='bbox 1399 5319 1453 5364; x_wconf 90' lang='lat' dir='ltr'><strong>et</strong></span> <span class='ocrx_word' id='word_1_609' title='bbox 1488 5309 1917 5370; x_wconf 84' lang='lat' dir='ltr'><strong>consentientes,</strong></span> <span class='ocrx_word' id='word_1_610' title='bbox 1952 5317 2008 5361; x_wconf 92' lang='lat' dir='ltr'><strong>et.</strong></span> <span class='ocrx_word' id='word_1_611' title='bbox 2041 5321 2177 5363; x_wconf 90' lang='lat' dir='ltr'><strong>con-</strong></span> 
     </span>
    </p>
   </div>
   <div class='ocr_carea' id='block_1_85' title="bbox 585 5401 2172 5466">
    <p class='ocr_par' dir='ltr' id='par_1_85' title="bbox 585 5401 2172 5466">
     <span class='ocr_line' id='line_1_85' title="bbox 585 5401 2172 5466; baseline 0 -14"><span class='ocrx_word' id='word_1_612' title='bbox 585 5401 815 5466; x_wconf 80' lang='lat' dir='ltr'><strong>cordes;</strong></span> <span class='ocrx_word' id='word_1_613' title='bbox 841 5401 1074 5455; x_wconf 89' lang='lat' dir='ltr'><strong>invicem</strong></span> <span class='ocrx_word' id='word_1_614' title='bbox 1112 5401 1468 5464; x_wconf 88' lang='lat' dir='ltr'><strong>sustinentes,</strong></span> <span class='ocrx_word' id='word_1_615' title='bbox 1502 5401 1734 5454; x_wconf 84' lang='lat' dir='ltr'><strong>invicem</strong></span> <span class='ocrx_word' id='word_1_616' title='bbox 1769 5408 2042 5462; x_wconf 86' lang='lat' dir='ltr'><strong>curantes,</strong></span> <span class='ocrx_word' id='word_1_617' title='bbox 2075 5415 2172 5452; x_wconf 86' lang='lat' dir='ltr'><strong>vo-</strong></span> 
     </span>
    </p>
   </div>
   <div class='ocr_carea' id='block_1_86' title="bbox 593 5491 2173 5560">
    <p class='ocr_par' dir='ltr' id='par_1_86' title="bbox 593 5491 2173 5560">
     <span class='ocr_line' id='line_1_86' title="bbox 593 5491 2173 5560; baseline -0.003 -10"><span class='ocrx_word' id='word_1_618' title='bbox 593 5493 679 5550; x_wconf 88' lang='lat' dir='ltr'><strong>bis</strong></span> <span class='ocrx_word' id='word_1_619' title='bbox 707 5494 1060 5557; x_wconf 77' lang='lat' dir='ltr'><strong>sufﬁcientes,</strong></span> <span class='ocrx_word' id='word_1_620' title='bbox 1114 5493 1256 5547; x_wconf 83' lang='lat' dir='ltr'><strong>bene</strong></span> <span class='ocrx_word' id='word_1_621' title='bbox 1309 5493 1506 5556; x_wconf 76' lang='lat' dir='ltr'><strong>affecti,</strong></span> <span class='ocrx_word' id='word_1_622' title='bbox 1538 5491 1741 5556; x_wconf 87' lang='lat' dir='ltr'><strong>blandi,</strong></span> <span class='ocrx_word' id='word_1_623' title='bbox 1775 5491 1998 5555; x_wconf 87' lang='lat' dir='ltr'><strong>hilares,</strong></span> <span class='ocrx_word' id='word_1_624' title='bbox 2033 5506 2173 5560; x_wconf 73' lang='lat' dir='ltr'><strong>prae-</strong></span> 
     </span>
    </p>
   </div>
   <div class='ocr_carea' id='block_1_87' title="bbox 663 5677 1823 5743">
    <p class='ocr_par' dir='ltr' id='par_1_87' title="bbox 663 5677 1823 5743">
     <span class='ocr_line' id='line_1_87' title="bbox 663 5677 1823 5743; baseline -0.002 -13"><span class='ocrx_word' id='word_1_625' title='bbox 663 5678 709 5711; x_wconf 78' lang='lat'>”</span> <span class='ocrx_word' id='word_1_626' title='bbox 738 5677 757 5730; x_wconf 87' lang='grc' dir='ltr'><strong>Ι</strong></span> <span class='ocrx_word' id='word_1_627' title='bbox 784 5679 926 5732; x_wconf 80' lang='lat' dir='ltr'><strong>Petr.</strong></span> <span class='ocrx_word' id='word_1_628' title='bbox 965 5695 1014 5742; x_wconf 82' lang='grc' dir='ltr'>ν,</span> <span class='ocrx_word' id='word_1_629' title='bbox 1047 5677 1102 5730; x_wconf 87' lang='lat'><strong>8.</strong></span> <span class='ocrx_word' id='word_1_630' title='bbox 1184 5677 1414 5732; x_wconf 77' lang='lat' dir='ltr'><strong>&quot;Joan.</strong></span> <span class='ocrx_word' id='word_1_631' title='bbox 1455 5694 1568 5743; x_wconf 72' lang='lat' dir='ltr'><strong>xst,</strong></span> <span class='ocrx_word' id='word_1_632' title='bbox 1618 5677 1823 5732; x_wconf 72' lang='lat'><strong>15-17.‘</strong></span> 
     </span>
    </p>
   </div>
   <div class='ocr_carea' id='block_1_88' title="bbox 2266 3385 3850 3464">
    <p class='ocr_par' dir='ltr' id='par_1_88' title="bbox 2266 3385 3850 3464">
     <span class='ocr_line' id='line_1_88' title="bbox 2266 3385 3850 3464; baseline 0.004 -25"><span class='ocrx_word' id='word_1_633' title='bbox 2266 3385 2420 3456; x_wconf 77' lang='grc' dir='ltr'>ἔχετε</span> <span class='ocrx_word' id='word_1_634' title='bbox 2466 3388 2584 3458; x_wconf 88' lang='grc' dir='ltr'>μετ’</span> <span class='ocrx_word' id='word_1_635' title='bbox 2614 3389 2864 3461; x_wconf 85' lang='grc' dir='ltr'>ἀλλήλων</span> <span class='ocrx_word' id='word_1_636' title='bbox 2895 3389 3148 3459; x_wconf 82' lang='grc' dir='ltr'>διέγνων,</span> <span class='ocrx_word' id='word_1_637' title='bbox 3173 3393 3233 3446; x_wconf 83' lang='grc' dir='ltr'>ού</span> <span class='ocrx_word' id='word_1_638' title='bbox 3269 3392 3375 3464; x_wconf 84' lang='grc' dir='ltr'>μὴν</span> <span class='ocrx_word' id='word_1_639' title='bbox 3399 3393 3515 3446; x_wconf 83' lang='grc' dir='ltr'>οἵαν</span> <span class='ocrx_word' id='word_1_640' title='bbox 3541 3393 3850 3464; x_wconf 78' lang='grc' dir='ltr'><strong>ὲπιζητεῖἠ</strong></span> 
     </span>
    </p>
   </div>
   <div class='ocr_carea' id='block_1_89' title="bbox 2265 3479 3852 3555">
    <p class='ocr_par' dir='ltr' id='par_1_89' title="bbox 2265 3479 3852 3555">
     <span class='ocr_line' id='line_1_89' title="bbox 2265 3479 3852 3555; baseline 0.005 -25"><span class='ocrx_word' id='word_1_641' title='bbox 2265 3479 2491 3549; x_wconf 83' lang='grc' dir='ltr'>ἀλήθεια</span> <span class='ocrx_word' id='word_1_642' title='bbox 2516 3481 2610 3534; x_wconf 77' lang='grc' dir='ltr'><strong>ἐπὶ</strong></span> <span class='ocrx_word' id='word_1_643' title='bbox 2635 3480 2886 3551; x_wconf 81' lang='grc' dir='ltr'>ἀδελφοῖς</span> <span class='ocrx_word' id='word_1_644' title='bbox 2917 3485 3268 3554; x_wconf 84' lang='grc' dir='ltr'>γνησιεύουσι</span> <span class='ocrx_word' id='word_1_645' title='bbox 3301 3484 3444 3538; x_wconf 84' lang='grc' dir='ltr'>κατὰ</span> <span class='ocrx_word' id='word_1_646' title='bbox 3476 3485 3707 3555; x_wconf 83' lang='grc' dir='ltr'>Κύριον.</span> <span class='ocrx_word' id='word_1_647' title='bbox 3739 3485 3852 3538; x_wconf 73' lang='grc' dir='ltr'><strong>Καὶ</strong></span> 
     </span>
    </p>
   </div>
   <div class='ocr_carea' id='block_1_90' title="bbox 2266 3570 3854 3639">
    <p class='ocr_par' dir='ltr' id='par_1_90' title="bbox 2266 3570 3854 3639">
     <span class='ocr_line' id='line_1_90' title="bbox 2266 3570 3854 3639; baseline 0.004 -16"><span class='ocrx_word' id='word_1_648' title='bbox 2266 3571 2319 3623; x_wconf 83' lang='grc' dir='ltr'>τί</span> <span class='ocrx_word' id='word_1_649' title='bbox 2347 3570 2505 3624; x_wconf 89' lang='grc' dir='ltr'>τοῦτο</span> <span class='ocrx_word' id='word_1_650' title='bbox 2531 3573 2614 3626; x_wconf 84' lang='grc' dir='ltr'><strong>ὅτι</strong></span> <span class='ocrx_word' id='word_1_651' title='bbox 2643 3573 2706 3627; x_wconf 84' lang='grc' dir='ltr'>ού</span> <span class='ocrx_word' id='word_1_652' title='bbox 2744 3577 3102 3629; x_wconf 84' lang='grc' dir='ltr'>κοινοποιεῖτε</span> <span class='ocrx_word' id='word_1_653' title='bbox 3137 3576 3318 3630; x_wconf 77' lang='grc' dir='ltr'>πάντα</span> <span class='ocrx_word' id='word_1_654' title='bbox 3339 3617 3354 3639; x_wconf 91' lang='grc'>,</span> <span class='ocrx_word' id='word_1_655' title='bbox 3390 3575 3530 3630; x_wconf 81' lang='grc' dir='ltr'>ἀλλὰ</span> <span class='ocrx_word' id='word_1_656' title='bbox 3561 3576 3663 3630; x_wconf 82' lang='grc' dir='ltr'>καὶ</span> <span class='ocrx_word' id='word_1_657' title='bbox 3688 3577 3854 3639; x_wconf 76' lang='grc' dir='ltr'>αὐτὸς</span> 
     </span>
    </p>
   </div>
   <div class='ocr_carea' id='block_1_91' title="bbox 2270 3661 3854 3740">
    <p class='ocr_par' dir='ltr' id='par_1_91' title="bbox 2270 3661 3854 3740">
     <span class='ocr_line' id='line_1_91' title="bbox 2270 3661 3854 3740; baseline 0.004 -25"><span class='ocrx_word' id='word_1_658' title='bbox 2270 3662 2614 3733; x_wconf 79' lang='grc' dir='ltr'>ἰδιοχρυσεῖς,</span> <span class='ocrx_word' id='word_1_659' title='bbox 2640 3665 2736 3720; x_wconf 76' lang='grc' dir='ltr'>καὶ</span> <span class='ocrx_word' id='word_1_660' title='bbox 2763 3661 2921 3730; x_wconf 75' lang='grc' dir='ltr'>οὗτος</span> <span class='ocrx_word' id='word_1_661' title='bbox 2953 3667 3249 3738; x_wconf 83' lang='grc' dir='ltr'>ἰδιοχρυσεῖ</span> <span class='ocrx_word' id='word_1_662' title='bbox 3274 3707 3290 3732; x_wconf 91' lang='grc'><strong>,</strong></span> <span class='ocrx_word' id='word_1_663' title='bbox 3341 3669 3477 3739; x_wconf 85' lang='grc' dir='ltr'>ὅπερ</span> <span class='ocrx_word' id='word_1_664' title='bbox 3503 3669 3623 3721; x_wconf 77' lang='grc' dir='ltr'>ἐστὶ</span> <span class='ocrx_word' id='word_1_665' title='bbox 3647 3668 3854 3740; x_wconf 84' lang='grc' dir='ltr'>διαιρε-</span> 
     </span>
    </p>
   </div>
   <div class='ocr_carea' id='block_1_92' title="bbox 2266 3756 3856 3832">
    <p class='ocr_par' dir='ltr' id='par_1_92' title="bbox 2266 3756 3856 3832">
     <span class='ocr_line' id='line_1_92' title="bbox 2266 3756 3856 3832; baseline 0.004 -24"><span class='ocrx_word' id='word_1_666' title='bbox 2266 3756 2418 3808; x_wconf 87' lang='grc' dir='ltr'>τικὸν</span> <span class='ocrx_word' id='word_1_667' title='bbox 2443 3757 2698 3825; x_wconf 75' lang='grc' dir='ltr'>ἀγάπηςς</span> <span class='ocrx_word' id='word_1_668' title='bbox 2728 3758 2838 3812; x_wconf 90' lang='grc' dir='ltr'>Ποῦ</span> <span class='ocrx_word' id='word_1_669' title='bbox 2863 3759 2971 3830; x_wconf 84' lang='grc' dir='ltr'>γὰρ</span> <span class='ocrx_word' id='word_1_670' title='bbox 2995 3759 3199 3814; x_wconf 86' lang='grc' dir='ltr'>δύναιτ’</span> <span class='ocrx_word' id='word_1_671' title='bbox 3227 3759 3292 3814; x_wconf 86' lang='grc' dir='ltr'><strong>ἂν</strong></span> <span class='ocrx_word' id='word_1_672' title='bbox 3319 3760 3421 3830; x_wconf 80' lang='grc' dir='ltr'>μία</span> <span class='ocrx_word' id='word_1_673' title='bbox 3447 3759 3599 3832; x_wconf 69' lang='grc' dir='ltr'><strong>ψυχὴ</strong></span> <span class='ocrx_word' id='word_1_674' title='bbox 3627 3760 3728 3814; x_wconf 75' lang='grc' dir='ltr'>καὶ</span> <span class='ocrx_word' id='word_1_675' title='bbox 3757 3761 3856 3830; x_wconf 78' lang='grc' dir='ltr'><strong>μία</strong></span> 
     </span>
    </p>
   </div>
   <div class='ocr_carea' id='block_1_93' title="bbox 2267 3845 3857 3923">
    <p class='ocr_par' dir='ltr' id='par_1_93' title="bbox 2267 3845 3857 3923">
     <span class='ocr_line' id='line_1_93' title="bbox 2267 3845 3857 3923; baseline 0.002 -21"><span class='ocrx_word' id='word_1_676' title='bbox 2267 3849 2464 3917; x_wconf 78' lang='grc' dir='ltr'>καρδία</span> <span class='ocrx_word' id='word_1_677' title='bbox 2495 3845 2658 3916; x_wconf 76' lang='grc' dir='ltr'>εἶναι,</span> <span class='ocrx_word' id='word_1_678' title='bbox 2689 3851 2824 3905; x_wconf 85' lang='grc' dir='ltr'>ὅπου</span> <span class='ocrx_word' id='word_1_679' title='bbox 2859 3855 2923 3904; x_wconf 83' lang='grc' dir='ltr'>τὸ</span> <span class='ocrx_word' id='word_1_680' title='bbox 2947 3853 3196 3922; x_wconf 51' lang='lat' dir='ltr'><strong>meum</strong></span> <span class='ocrx_word' id='word_1_681' title='bbox 3225 3853 3288 3906; x_wconf 77' lang='grc' dir='ltr'>τὸ</span> <span class='ocrx_word' id='word_1_682' title='bbox 3314 3853 3406 3906; x_wconf 87' lang='grc' dir='ltr'>σὺν</span> <span class='ocrx_word' id='word_1_683' title='bbox 3432 3853 3653 3923; x_wconf 79' lang='grc' dir='ltr'>εἴρηται</span> <span class='ocrx_word' id='word_1_684' title='bbox 3677 3869 3691 3917; x_wconf 92' lang='lat'><strong>;</strong></span> <span class='ocrx_word' id='word_1_685' title='bbox 3738 3853 3857 3907; x_wconf 77' lang='grc' dir='ltr'><strong>Ἔν-</strong></span> 
     </span>
    </p>
   </div>
   <div class='ocr_carea' id='block_1_94' title="bbox 2268 3939 3856 4014">
    <p class='ocr_par' dir='ltr' id='par_1_94' title="bbox 2268 3939 3856 4014">
     <span class='ocr_line' id='line_1_94' title="bbox 2268 3939 3856 4014; baseline 0.005 -22"><span class='ocrx_word' id='word_1_686' title='bbox 2268 3939 2460 3993; x_wconf 89' lang='grc' dir='ltr'>τεῦθεν</span> <span class='ocrx_word' id='word_1_687' title='bbox 2487 3943 2543 3995; x_wconf 85' lang='grc' dir='ltr'>αἱ</span> <span class='ocrx_word' id='word_1_688' title='bbox 2572 3943 2820 4014; x_wconf 80' lang='grc' dir='ltr'>ὑποψίαι,</span> <span class='ocrx_word' id='word_1_689' title='bbox 2866 3945 3120 4000; x_wconf 71' lang='grc' dir='ltr'>ἐντεῦθεν</span> <span class='ocrx_word' id='word_1_690' title='bbox 3164 3949 3220 3999; x_wconf 80' lang='lat' dir='ltr'><strong>al</strong></span> <span class='ocrx_word' id='word_1_691' title='bbox 3267 3946 3609 4002; x_wconf 77' lang='grc' dir='ltr'>καταλαλιαί.</span> <span class='ocrx_word' id='word_1_692' title='bbox 3643 3947 3757 4000; x_wconf 81' lang='grc' dir='ltr'><strong>Καὶ</strong></span> <span class='ocrx_word' id='word_1_693' title='bbox 3794 3947 3856 4000; x_wconf 77' lang='grc' dir='ltr'><strong>τὸ</strong></span> 
     </span>
    </p>
   </div>
   <div class='ocr_carea' id='block_1_95' title="bbox 2267 4031 3856 4106">
    <p class='ocr_par' dir='ltr' id='par_1_95' title="bbox 2267 4031 3856 4106">
     <span class='ocr_line' id='line_1_95' title="bbox 2267 4031 3856 4106; baseline 0.004 -23"><span class='ocrx_word' id='word_1_694' title='bbox 2267 4031 2468 4100; x_wconf 78' lang='grc' dir='ltr'>τρίτον.</span> <span class='ocrx_word' id='word_1_695' title='bbox 2499 4032 2754 4086; x_wconf 82' lang='grc' dir='ltr'>ἐντεῦθεν</span> <span class='ocrx_word' id='word_1_696' title='bbox 2777 4035 2876 4105; x_wconf 83' lang='grc' dir='ltr'>οὐχ</span> <span class='ocrx_word' id='word_1_697' title='bbox 2905 4037 2933 4088; x_wconf 83' lang='lat'><strong>6</strong></span> <span class='ocrx_word' id='word_1_698' title='bbox 2962 4035 3200 4106; x_wconf 85' lang='grc' dir='ltr'>Χριστὸς</span> <span class='ocrx_word' id='word_1_699' title='bbox 3225 4038 3283 4089; x_wconf 84' lang='grc' dir='ltr'>ἐν</span> <span class='ocrx_word' id='word_1_700' title='bbox 3317 4035 3466 4106; x_wconf 82' lang='grc' dir='ltr'><strong>μέσῳ</strong></span> <span class='ocrx_word' id='word_1_701' title='bbox 3507 4035 3688 4106; x_wconf 83' lang='grc' dir='ltr'>ὑμῶν,</span> <span class='ocrx_word' id='word_1_702' title='bbox 3720 4038 3750 4089; x_wconf 92' lang='lat'><strong>6</strong></span> <span class='ocrx_word' id='word_1_703' title='bbox 3777 4037 3856 4089; x_wconf 74' lang='grc' dir='ltr'><strong>εἰ-</strong></span> 
     </span>
    </p>
   </div>
   <div class='ocr_carea' id='block_1_96' title="bbox 2270 4120 3855 4198">
    <p class='ocr_par' dir='ltr' id='par_1_96' title="bbox 2270 4120 3855 4198">
     <span class='ocr_line' id='line_1_96' title="bbox 2270 4120 3855 4198; baseline 0.008 -25"><span class='ocrx_word' id='word_1_704' title='bbox 2270 4120 2422 4174; x_wconf 76' lang='grc' dir='ltr'>πών’</span> <span class='ocrx_word' id='word_1_705' title='bbox 2447 4124 2642 4179; x_wconf 81' lang='grc' dir='ltr'>Ὅπου</span> <span class='ocrx_word' id='word_1_706' title='bbox 2669 4125 2790 4179; x_wconf 72' lang='grc' dir='ltr'>εἰσὶ</span> <span class='ocrx_word' id='word_1_707' title='bbox 2815 4126 2926 4181; x_wconf 83' lang='grc' dir='ltr'>δύο</span> <span class='ocrx_word' id='word_1_708' title='bbox 2973 4127 3013 4196; x_wconf 79' lang='grc' dir='ltr'>ἢ</span> <span class='ocrx_word' id='word_1_709' title='bbox 3050 4128 3207 4196; x_wconf 79' lang='grc' dir='ltr'>τρεῖς</span> <span class='ocrx_word' id='word_1_710' title='bbox 3252 4128 3623 4198; x_wconf 73' lang='grc' dir='ltr'><strong>συνηγμένοι</strong></span> <span class='ocrx_word' id='word_1_711' title='bbox 3661 4131 3751 4195; x_wconf 76' lang='grc' dir='ltr'>εις</span> <span class='ocrx_word' id='word_1_712' title='bbox 3787 4129 3855 4181; x_wconf 79' lang='grc' dir='ltr'>τὸ</span> 
     </span>
    </p>
   </div>
   <div class='ocr_carea' id='block_1_97' title="bbox 2269 4213 3854 4290">
    <p class='ocr_par' dir='ltr' id='par_1_97' title="bbox 2269 4213 3854 4290">
     <span class='ocr_line' id='line_1_97' title="bbox 2269 4213 3854 4290; baseline 0.006 -23"><span class='ocrx_word' id='word_1_713' title='bbox 2269 4213 2420 4282; x_wconf 81' lang='grc' dir='ltr'>ἐμὸν</span> <span class='ocrx_word' id='word_1_714' title='bbox 2464 4215 2675 4284; x_wconf 83' lang='grc' dir='ltr'>ὄνομα,</span> <span class='ocrx_word' id='word_1_715' title='bbox 2722 4218 2854 4272; x_wconf 82' lang='grc' dir='ltr'>ἐκεῖ</span> <span class='ocrx_word' id='word_1_716' title='bbox 2893 4221 3014 4290; x_wconf 78' lang='grc' dir='ltr'>ειμι</span> <span class='ocrx_word' id='word_1_717' title='bbox 3045 4220 3117 4274; x_wconf 76' lang='grc' dir='ltr'>ἐν</span> <span class='ocrx_word' id='word_1_718' title='bbox 3153 4219 3323 4290; x_wconf 83' lang='grc' dir='ltr'><strong>μέσῳ</strong></span> <span class='ocrx_word' id='word_1_719' title='bbox 3370 4221 3573 4275; x_wconf 83' lang='grc' dir='ltr'>αὐτῶν</span> <span class='ocrx_word' id='word_1_720' title='bbox 3595 4237 3611 4252; x_wconf 89' lang='grc'><strong>·</strong></span> <span class='ocrx_word' id='word_1_721' title='bbox 3663 4223 3782 4276; x_wconf 85' lang='grc' dir='ltr'>ἀλλ’</span> <span class='ocrx_word' id='word_1_722' title='bbox 3825 4223 3854 4276; x_wconf 89' lang='lat'><strong>6</strong></span> 
     </span>
    </p>
   </div>
   <div class='ocr_carea' id='block_1_98' title="bbox 2271 4305 3854 4383">
    <p class='ocr_par' dir='ltr' id='par_1_98' title="bbox 2271 4305 3854 4383">
     <span class='ocr_line' id='line_1_98' title="bbox 2271 4305 3854 4383; baseline 0.007 -27"><span class='ocrx_word' id='word_1_723' title='bbox 2271 4305 2467 4376; x_wconf 74' lang='grc' dir='ltr'>ἐχθρὸς</span> <span class='ocrx_word' id='word_1_724' title='bbox 2494 4307 2602 4360; x_wconf 85' lang='grc' dir='ltr'>τῶν</span> <span class='ocrx_word' id='word_1_725' title='bbox 2654 4309 2843 4380; x_wconf 73' lang='grc' dir='ltr'>ψυχῶν</span> <span class='ocrx_word' id='word_1_726' title='bbox 2881 4311 2915 4380; x_wconf 77' lang='grc' dir='ltr'><strong>ἠ</strong></span> <span class='ocrx_word' id='word_1_727' title='bbox 2926 4309 3064 4382; x_wconf 86' lang='grc' dir='ltr'>μῶν,</span> <span class='ocrx_word' id='word_1_728' title='bbox 3095 4312 3124 4364; x_wconf 90' lang='lat'><strong>6</strong></span> <span class='ocrx_word' id='word_1_729' title='bbox 3155 4312 3458 4382; x_wconf 81' lang='grc' dir='ltr'>διατέμνων</span> <span class='ocrx_word' id='word_1_730' title='bbox 3480 4311 3553 4366; x_wconf 83' lang='grc' dir='ltr'>τὰ</span> <span class='ocrx_word' id='word_1_731' title='bbox 3579 4313 3720 4383; x_wconf 78' lang='grc' dir='ltr'>μέλη</span> <span class='ocrx_word' id='word_1_732' title='bbox 3758 4313 3854 4367; x_wconf 84' lang='grc' dir='ltr'><strong>τοῦ</strong></span> 
     </span>
    </p>
   </div>
   <div class='ocr_carea' id='block_1_99' title="bbox 2271 4396 3850 4473">
    <p class='ocr_par' dir='ltr' id='par_1_99' title="bbox 2271 4396 3850 4473">
     <span class='ocr_line' id='line_1_99' title="bbox 2271 4396 3850 4473; baseline 0.004 -24"><span class='ocrx_word' id='word_1_733' title='bbox 2271 4396 2528 4467; x_wconf 79' lang='grc' dir='ltr'>Χριστοῦ.</span> <span class='ocrx_word' id='word_1_734' title='bbox 2571 4399 2742 4470; x_wconf 84' lang='grc' dir='ltr'>Δῆλον</span> <span class='ocrx_word' id='word_1_735' title='bbox 2771 4401 2879 4472; x_wconf 83' lang='grc' dir='ltr'><strong>γὰρ</strong></span> <span class='ocrx_word' id='word_1_736' title='bbox 2921 4403 3007 4454; x_wconf 84' lang='grc' dir='ltr'><strong>ὅτι</strong></span> <span class='ocrx_word' id='word_1_737' title='bbox 3042 4401 3180 4455; x_wconf 83' lang='grc' dir='ltr'>ὅπου</span> <span class='ocrx_word' id='word_1_738' title='bbox 3213 4401 3632 4473; x_wconf 78' lang='grc' dir='ltr'>ξδιοκτημοσύνη</span> <span class='ocrx_word' id='word_1_739' title='bbox 3667 4403 3764 4456; x_wconf 76' lang='grc' dir='ltr'>καὶ</span> <span class='ocrx_word' id='word_1_740' title='bbox 3793 4403 3850 4455; x_wconf 79' lang='grc' dir='ltr'><strong>οὺ</strong></span> 
     </span>
    </p>
   </div>
   <div class='ocr_carea' id='block_1_100' title="bbox 2272 4490 3855 4564">
    <p class='ocr_par' dir='ltr' id='par_1_100' title="bbox 2272 4490 3855 4564">
     <span class='ocr_line' id='line_1_100' title="bbox 2272 4490 3855 4564; baseline 0.004 -23"><span class='ocrx_word' id='word_1_741' title='bbox 2272 4490 2543 4558; x_wconf 81' lang='grc' dir='ltr'>κοινότης.</span> <span class='ocrx_word' id='word_1_742' title='bbox 2585 4491 2815 4546; x_wconf 84' lang='grc' dir='ltr'>ἄπεστιν</span> <span class='ocrx_word' id='word_1_743' title='bbox 2837 4493 3046 4547; x_wconf 76' lang='grc' dir='ltr'>ἐκεῖθεν</span> <span class='ocrx_word' id='word_1_744' title='bbox 3075 4495 3104 4547; x_wconf 89' lang='lat'><strong>6</strong></span> <span class='ocrx_word' id='word_1_745' title='bbox 3134 4493 3370 4564; x_wconf 83' lang='grc' dir='ltr'>Χριστός</span> <span class='ocrx_word' id='word_1_746' title='bbox 3392 4511 3405 4523; x_wconf 90' lang='grc'><strong>·</strong></span> <span class='ocrx_word' id='word_1_747' title='bbox 3431 4493 3622 4564; x_wconf 77' lang='grc' dir='ltr'>ἐπειδὴ</span> <span class='ocrx_word' id='word_1_748' title='bbox 3653 4497 3855 4564; x_wconf 82' lang='grc' dir='ltr'>γέγρα·</span> 
     </span>
    </p>
   </div>
   <div class='ocr_carea' id='block_1_101' title="bbox 2275 4581 3850 4653">
    <p class='ocr_par' dir='ltr' id='par_1_101' title="bbox 2275 4581 3850 4653">
     <span class='ocr_line' id='line_1_101' title="bbox 2275 4581 3850 4653; baseline 0.003 -19"><span class='ocrx_word' id='word_1_749' title='bbox 2275 4599 2407 4635; x_wconf 88' lang='grc' dir='ltr'>πται</span> <span class='ocrx_word' id='word_1_750' title='bbox 2453 4585 2548 4636; x_wconf 72' lang='grc' dir='ltr'>ἐπὶ</span> <span class='ocrx_word' id='word_1_751' title='bbox 2593 4585 2702 4638; x_wconf 87' lang='grc' dir='ltr'><strong>τῶν</strong></span> <span class='ocrx_word' id='word_1_752' title='bbox 2743 4585 3096 4638; x_wconf 85' lang='grc' dir='ltr'>ἀποστόλων·</span> <span class='ocrx_word' id='word_1_753' title='bbox 3147 4581 3335 4653; x_wconf 77' lang='grc' dir='ltr'>Εἶχον</span> <span class='ocrx_word' id='word_1_754' title='bbox 3381 4584 3622 4640; x_wconf 79' lang='grc' dir='ltr'>ἅπαντα</span> <span class='ocrx_word' id='word_1_755' title='bbox 3660 4586 3850 4650; x_wconf 79' lang='grc' dir='ltr'>κοινὰ,</span> 
     </span>
    </p>
   </div>
   <div class='ocr_carea' id='block_1_102' title="bbox 2276 4672 3854 4745">
    <p class='ocr_par' dir='ltr' id='par_1_102' title="bbox 2276 4672 3854 4745">
     <span class='ocr_line' id='line_1_102' title="bbox 2276 4672 3854 4745; baseline 0.003 -20"><span class='ocrx_word' id='word_1_756' title='bbox 2276 4672 2378 4725; x_wconf 75' lang='grc' dir='ltr'>καὶ</span> <span class='ocrx_word' id='word_1_757' title='bbox 2405 4675 2605 4740; x_wconf 79' lang='grc' dir='ltr'>οὐδεὶς</span> <span class='ocrx_word' id='word_1_758' title='bbox 2638 4675 2757 4728; x_wconf 84' lang='grc' dir='ltr'>τῶν</span> <span class='ocrx_word' id='word_1_759' title='bbox 2777 4692 2832 4729; x_wconf 86' lang='grc' dir='ltr'><strong>τι</strong></span> <span class='ocrx_word' id='word_1_760' title='bbox 2858 4677 3257 4745; x_wconf 77' lang='grc' dir='ltr'>ὑπαρχόντων</span> <span class='ocrx_word' id='word_1_761' title='bbox 3283 4673 3443 4740; x_wconf 82' lang='grc' dir='ltr'>αὐτῷ</span> <span class='ocrx_word' id='word_1_762' title='bbox 3464 4675 3682 4744; x_wconf 71' lang='grc' dir='ltr'>ἔλεγεν</span> <span class='ocrx_word' id='word_1_763' title='bbox 3703 4678 3854 4730; x_wconf 67' lang='lat' dir='ltr'><strong>Mter</strong></span> 
     </span>
    </p>
   </div>
   <div class='ocr_carea' id='block_1_103' title="bbox 2276 4763 3854 4834">
    <p class='ocr_par' dir='ltr' id='par_1_103' title="bbox 2276 4763 3854 4834">
     <span class='ocr_line' id='line_1_103' title="bbox 2276 4763 3854 4834; baseline 0.001 -19"><span class='ocrx_word' id='word_1_764' title='bbox 2276 4763 2449 4820; x_wconf 76' lang='grc' dir='ltr'>εἶναι.</span> <span class='ocrx_word' id='word_1_765' title='bbox 2483 4764 2599 4816; x_wconf 90' lang='grc' dir='ltr'>Ούκ</span> <span class='ocrx_word' id='word_1_766' title='bbox 2633 4763 3007 4834; x_wconf 76' lang='grc' dir='ltr'>αἰσχυνόμεθα</span> <span class='ocrx_word' id='word_1_767' title='bbox 3049 4764 3195 4834; x_wconf 83' lang='grc' dir='ltr'>ἄρτι,</span> <span class='ocrx_word' id='word_1_768' title='bbox 3230 4763 3535 4831; x_wconf 79' lang='grc' dir='ltr'>σύγγνωτε,</span> <span class='ocrx_word' id='word_1_769' title='bbox 3573 4764 3672 4816; x_wconf 78' lang='grc' dir='ltr'>δύο</span> <span class='ocrx_word' id='word_1_770' title='bbox 3703 4765 3854 4826; x_wconf 76' lang='grc' dir='ltr'>ὅντες</span> 
     </span>
    </p>
   </div>
   <div class='ocr_carea' id='block_1_104' title="bbox 2281 4851 3853 4925">
    <p class='ocr_par' dir='ltr' id='par_1_104' title="bbox 2281 4851 3853 4925">
     <span class='ocr_line' id='line_1_104' title="bbox 2281 4851 3853 4925; baseline 0 -19"><span class='ocrx_word' id='word_1_771' title='bbox 2281 4855 2356 4925; x_wconf 83' lang='grc' dir='ltr'>μὴ</span> <span class='ocrx_word' id='word_1_772' title='bbox 2387 4853 2688 4923; x_wconf 80' lang='grc' dir='ltr'>κεκτῆσθαι</span> <span class='ocrx_word' id='word_1_773' title='bbox 2729 4854 2884 4907; x_wconf 80' lang='grc' dir='ltr'>κοινὰ</span> <span class='ocrx_word' id='word_1_774' title='bbox 2916 4853 2985 4907; x_wconf 86' lang='grc' dir='ltr'><strong>τὰ</strong></span> <span class='ocrx_word' id='word_1_775' title='bbox 3031 4853 3194 4907; x_wconf 73' lang='grc' dir='ltr'>δνταο</span> <span class='ocrx_word' id='word_1_776' title='bbox 3247 4852 3342 4905; x_wconf 76' lang='grc' dir='ltr'><strong>ἐπὶ</strong></span> <span class='ocrx_word' id='word_1_777' title='bbox 3384 4851 3495 4905; x_wconf 83' lang='grc' dir='ltr'>τῶν</span> <span class='ocrx_word' id='word_1_778' title='bbox 3539 4855 3853 4907; x_wconf 73' lang='grc' dir='ltr'>ἀποστόλων</span> 
     </span>
    </p>
   </div>
   <div class='ocr_carea' id='block_1_105' title="bbox 2277 4943 3845 5015">
    <p class='ocr_par' dir='ltr' id='par_1_105' title="bbox 2277 4943 3845 5015">
     <span class='ocr_line' id='line_1_105' title="bbox 2277 4943 3845 5015; baseline -0.002 -16"><span class='ocrx_word' id='word_1_779' title='bbox 2277 4944 2536 5000; x_wconf 86' lang='grc' dir='ltr'>τοσούτου</span> <span class='ocrx_word' id='word_1_780' title='bbox 2586 4944 2825 5015; x_wconf 81' lang='grc' dir='ltr'>πλήθους</span> <span class='ocrx_word' id='word_1_781' title='bbox 2870 4944 3024 5007; x_wconf 75' lang='grc' dir='ltr'>ὄντος</span> <span class='ocrx_word' id='word_1_782' title='bbox 3072 4943 3172 5014; x_wconf 85' lang='grc' dir='ltr'>τὴν</span> <span class='ocrx_word' id='word_1_783' title='bbox 3219 4943 3510 5012; x_wconf 84' lang='grc' dir='ltr'>κοινότητα</span> <span class='ocrx_word' id='word_1_784' title='bbox 3552 4944 3845 5015; x_wconf 79' lang='grc' dir='ltr'>ὐπάρχειν;</span> 
     </span>
    </p>
   </div>
   <div class='ocr_carea' id='block_1_106' title="bbox 2277 5031 3850 5108">
    <p class='ocr_par' dir='ltr' id='par_1_106' title="bbox 2277 5031 3850 5108">
     <span class='ocr_line' id='line_1_106' title="bbox 2277 5031 3850 5108; baseline 0.001 -19"><span class='ocrx_word' id='word_1_785' title='bbox 2277 5037 2376 5089; x_wconf 73' lang='grc' dir='ltr'><strong>Διὰ</strong></span> <span class='ocrx_word' id='word_1_786' title='bbox 2427 5034 2586 5088; x_wconf 86' lang='grc' dir='ltr'>τοῦτο</span> <span class='ocrx_word' id='word_1_787' title='bbox 2644 5035 2763 5088; x_wconf 71' lang='grc' dir='ltr'>ἐκεῖ</span> <span class='ocrx_word' id='word_1_788' title='bbox 2813 5031 2885 5107; x_wconf 82' lang='grc' dir='ltr'>ἦν</span> <span class='ocrx_word' id='word_1_789' title='bbox 2928 5039 2957 5089; x_wconf 92' lang='lat'><strong>6</strong></span> <span class='ocrx_word' id='word_1_790' title='bbox 3002 5036 3259 5108; x_wconf 85' lang='grc' dir='ltr'>Χριστός.</span> <span class='ocrx_word' id='word_1_791' title='bbox 3304 5037 3394 5090; x_wconf 88' lang='grc' dir='ltr'>Ἐν</span> <span class='ocrx_word' id='word_1_792' title='bbox 3419 5037 3550 5105; x_wconf 81' lang='grc' dir='ltr'>ὑμῖν</span> <span class='ocrx_word' id='word_1_793' title='bbox 3594 5037 3654 5090; x_wconf 84' lang='grc' dir='ltr'><strong>δὲ</strong></span> <span class='ocrx_word' id='word_1_794' title='bbox 3699 5037 3850 5090; x_wconf 76' lang='grc' dir='ltr'><strong>οὐδαο</strong></span> 
     </span>
    </p>
   </div>
   <div class='ocr_carea' id='block_1_107' title="bbox 2281 5126 3844 5200">
    <p class='ocr_par' dir='ltr' id='par_1_107' title="bbox 2281 5126 3844 5200">
     <span class='ocr_line' id='line_1_107' title="bbox 2281 5126 3844 5200; baseline 0 -18"><span class='ocrx_word' id='word_1_795' title='bbox 2281 5130 2397 5200; x_wconf 84' lang='grc' dir='ltr'><strong>μῶς</strong></span> <span class='ocrx_word' id='word_1_796' title='bbox 2413 5145 2426 5158; x_wconf 87' lang='grc'><strong>·</strong></span> <span class='ocrx_word' id='word_1_797' title='bbox 2462 5127 2568 5182; x_wconf 85' lang='grc' dir='ltr'><strong>κᾶν</strong></span> <span class='ocrx_word' id='word_1_798' title='bbox 2593 5127 2764 5199; x_wconf 76' lang='grc' dir='ltr'>βαρὺς</span> <span class='ocrx_word' id='word_1_799' title='bbox 2787 5130 2816 5181; x_wconf 88' lang='lat'><strong>6</strong></span> <span class='ocrx_word' id='word_1_800' title='bbox 2847 5129 3005 5197; x_wconf 84' lang='grc' dir='ltr'>λόγος</span> <span class='ocrx_word' id='word_1_801' title='bbox 3021 5145 3037 5160; x_wconf 77' lang='grc'><strong><em>⁸</em></strong></span> <span class='ocrx_word' id='word_1_802' title='bbox 3057 5130 3092 5200; x_wconf 83' lang='grc' dir='ltr'>ἢ</span> <span class='ocrx_word' id='word_1_803' title='bbox 3115 5129 3225 5200; x_wconf 85' lang='grc' dir='ltr'>γὰρ</span> <span class='ocrx_word' id='word_1_804' title='bbox 3250 5130 3317 5182; x_wconf 83' lang='grc' dir='ltr'><strong>ἂν</strong></span> <span class='ocrx_word' id='word_1_805' title='bbox 3347 5130 3408 5182; x_wconf 82' lang='grc' dir='ltr'>τὸ</span> <span class='ocrx_word' id='word_1_806' title='bbox 3434 5129 3713 5199; x_wconf 84' lang='grc' dir='ltr'>σύμψυχοι</span> <span class='ocrx_word' id='word_1_807' title='bbox 3733 5126 3844 5200; x_wconf 73' lang='grc' dir='ltr'>ἤτε.</span> 
     </span>
    </p>
   </div>
   <div class='ocr_carea' id='block_1_108' title="bbox 2279 5219 3843 5292">
    <p class='ocr_par' dir='ltr' id='par_1_108' title="bbox 2279 5219 3843 5292">
     <span class='ocr_line' id='line_1_108' title="bbox 2279 5219 3843 5292; baseline -0.001 -19"><span class='ocrx_word' id='word_1_808' title='bbox 2279 5219 2592 5290; x_wconf 73' lang='grc' dir='ltr'>σύμφρονες</span> <span class='ocrx_word' id='word_1_809' title='bbox 2621 5237 2683 5272; x_wconf 90' lang='grc' dir='ltr'><strong>τε</strong></span> <span class='ocrx_word' id='word_1_810' title='bbox 2712 5222 2806 5272; x_wconf 81' lang='grc' dir='ltr'><strong>καὶ</strong></span> <span class='ocrx_word' id='word_1_811' title='bbox 2849 5221 3187 5292; x_wconf 82' lang='grc' dir='ltr'>ὁμοκάρδιοι,</span> <span class='ocrx_word' id='word_1_812' title='bbox 3233 5222 3478 5287; x_wconf 84' lang='grc' dir='ltr'>ἀλλήλων</span> <span class='ocrx_word' id='word_1_813' title='bbox 3509 5222 3843 5292; x_wconf 78' lang='grc' dir='ltr'>ἀνεχόμενοι,</span> 
     </span>
    </p>
   </div>
   <div class='ocr_carea' id='block_1_109' title="bbox 2277 5308 3845 5383">
    <p class='ocr_par' dir='ltr' id='par_1_109' title="bbox 2277 5308 3845 5383">
     <span class='ocr_line' id='line_1_109' title="bbox 2277 5308 3845 5383; baseline 0 -19"><span class='ocrx_word' id='word_1_814' title='bbox 2277 5311 2525 5381; x_wconf 81' lang='grc' dir='ltr'>ἀλλήλων</span> <span class='ocrx_word' id='word_1_815' title='bbox 2555 5308 2956 5382; x_wconf 83' lang='grc' dir='ltr'>φροντίζοντες,</span> <span class='ocrx_word' id='word_1_816' title='bbox 2993 5314 3311 5383; x_wconf 82' lang='grc' dir='ltr'>αὐτάρκεις,</span> <span class='ocrx_word' id='word_1_817' title='bbox 3343 5313 3638 5378; x_wconf 82' lang='grc' dir='ltr'>εὐπειθεῖς,</span> <span class='ocrx_word' id='word_1_818' title='bbox 3671 5313 3845 5383; x_wconf 78' lang='grc' dir='ltr'>εὐμείο</span> 
     </span>
    </p>
   </div>
   <div class='ocr_carea' id='block_1_110' title="bbox 2283 5403 3846 5476">
    <p class='ocr_par' dir='ltr' id='par_1_110' title="bbox 2283 5403 3846 5476">
     <span class='ocr_line' id='line_1_110' title="bbox 2283 5403 3846 5476; baseline 0.001 -20"><span class='ocrx_word' id='word_1_819' title='bbox 2283 5403 2478 5463; x_wconf 86' lang='grc' dir='ltr'>λικτοι.</span> <span class='ocrx_word' id='word_1_820' title='bbox 2533 5403 2729 5472; x_wconf 80' lang='grc' dir='ltr'>ἱλαροὶ,</span> <span class='ocrx_word' id='word_1_821' title='bbox 2779 5403 3111 5474; x_wconf 83' lang='grc' dir='ltr'>ἀρκούμενοι</span> <span class='ocrx_word' id='word_1_822' title='bbox 3149 5410 3262 5470; x_wconf 84' lang='grc' dir='ltr'>τοῖς</span> <span class='ocrx_word' id='word_1_823' title='bbox 3293 5403 3554 5476; x_wconf 85' lang='grc' dir='ltr'>παροῦσι,</span> <span class='ocrx_word' id='word_1_824' title='bbox 3599 5406 3846 5474; x_wconf 78' lang='grc' dir='ltr'>γλυκεῖαν</span> 
     </span>
    </p>
   </div>
   <div class='ocr_carea' id='block_1_111' title="bbox 2286 5494 3847 5571">
    <p class='ocr_par' dir='ltr' id='par_1_111' title="bbox 2286 5494 3847 5571">
     <span class='ocr_line' id='line_1_111' title="bbox 2286 5494 3847 5571; baseline 0.004 -24"><span class='ocrx_word' id='word_1_825' title='bbox 2286 5495 2433 5568; x_wconf 76' lang='grc' dir='ltr'>ζωὴν</span> <span class='ocrx_word' id='word_1_826' title='bbox 2466 5494 2703 5565; x_wconf 80' lang='grc' dir='ltr'>ἔχοντες,</span> <span class='ocrx_word' id='word_1_827' title='bbox 2731 5497 2826 5548; x_wconf 77' lang='grc' dir='ltr'><strong>καὶ</strong></span> <span class='ocrx_word' id='word_1_828' title='bbox 2850 5497 2990 5566; x_wconf 84' lang='grc' dir='ltr'>μετὰ</span> <span class='ocrx_word' id='word_1_829' title='bbox 3013 5499 3173 5568; x_wconf 87' lang='grc' dir='ltr'>μόνου</span> <span class='ocrx_word' id='word_1_830' title='bbox 3197 5499 3363 5571; x_wconf 83' lang='grc' dir='ltr'>ἄρτου</span> <span class='ocrx_word' id='word_1_831' title='bbox 3387 5499 3483 5553; x_wconf 78' lang='grc' dir='ltr'><strong>καὶ</strong></span> <span class='ocrx_word' id='word_1_832' title='bbox 3508 5498 3724 5568; x_wconf 79' lang='grc' dir='ltr'>ὓδατος,</span> <span class='ocrx_word' id='word_1_833' title='bbox 3741 5499 3847 5554; x_wconf 79' lang='grc' dir='ltr'>οἷαν</span> 
     </span>
    </p>
   </div>
   <div class='ocr_carea' id='block_1_112' title="bbox 1900 5675 2932 5748">
    <p class='ocr_par' dir='ltr' id='par_1_112' title="bbox 1900 5675 2932 5748">
     <span class='ocr_line' id='line_1_112' title="bbox 1900 5675 2932 5748; baseline 0.01 -21"><span class='ocrx_word' id='word_1_834' title='bbox 1900 5677 1944 5708; x_wconf 80' lang='grc'><strong>⁰⁷</strong></span> <span class='ocrx_word' id='word_1_835' title='bbox 1979 5675 2166 5732; x_wconf 75' lang='lat' dir='ltr'><strong>Matth.</strong></span> <span class='ocrx_word' id='word_1_836' title='bbox 2203 5694 2358 5746; x_wconf 82' lang='lat' dir='ltr'><strong>xvm,</strong></span> <span class='ocrx_word' id='word_1_837' title='bbox 2391 5681 2444 5736; x_wconf 68' lang='grc' dir='ltr'>Ξ.</span> <span class='ocrx_word' id='word_1_838' title='bbox 2522 5680 2702 5738; x_wconf 73' lang='lat' dir='ltr'><strong>&quot;Act.</strong></span> <span class='ocrx_word' id='word_1_839' title='bbox 2738 5698 2808 5748; x_wconf 88' lang='lat' dir='ltr'><strong>tv,</strong></span> <span class='ocrx_word' id='word_1_840' title='bbox 2845 5681 2932 5737; x_wconf 73' lang='grc'><strong>52.</strong></span> 
     </span>
    </p>
   </div>
   <div class='ocr_carea' id='block_1_113' title="bbox 2081 5786 2310 5844">
    <p class='ocr_par' dir='ltr' id='par_1_113' title="bbox 2081 5786 2310 5844">
     <span class='ocr_line' id='line_1_113' title="bbox 2081 5786 2310 5844; baseline 0.004 -4"><span class='ocrx_word' id='word_1_841' title='bbox 2081 5786 2310 5844; x_wconf 56' lang='grc' dir='ltr'><strong>ΝΟΤΛᾸ.</strong></span> 
     </span>
    </p>
   </div>
   <div class='ocr_carea' id='block_1_114' title="bbox 670 5861 1477 5932">
    <p class='ocr_par' dir='ltr' id='par_1_114' title="bbox 670 5861 1477 5932">
     <span class='ocr_line' id='line_1_114' title="bbox 670 5861 1477 5932; baseline -0.005 -16"><span class='ocrx_word' id='word_1_842' title='bbox 670 5861 883 5931; x_wconf 70' lang='grc'><strong>(72-75)</strong></span> <span class='ocrx_word' id='word_1_843' title='bbox 919 5861 975 5915; x_wconf 86' lang='grc' dir='ltr'><strong>ιη</strong></span> <span class='ocrx_word' id='word_1_844' title='bbox 1002 5865 1102 5918; x_wconf 82' lang='lat' dir='ltr'><strong>cod</strong></span> <span class='ocrx_word' id='word_1_845' title='bbox 1161 5863 1292 5931; x_wconf 62' lang='grc' dir='ltr'>[ἶνις.</span> <span class='ocrx_word' id='word_1_846' title='bbox 1338 5861 1477 5932; x_wconf 68' lang='grc' dir='ltr'>ρπβν.</span> 
     </span>
    </p>
   </div>
  </div>
