4102 6374
279 307 410 373 1557

1493 300 2024 362 ΕΡΙΒΤΟΙΛΗΠΜ
2075 303 2220 361 LIB.
2261 301 2342 361 Il.

275 417 419 490 εἶχον
452 421 500 472 οἱ
531 420 691 488 άγιοι.
733 418 846 472 Νῦν
877 416 934 471 δὲ
969 413 1284 469 τούναντίον
1313 413 1454 466 κατὰ
1488 413 1557 466 τὰ
1586 429 1848 484 ποοειρη-
1879 466 1880 471 η

1981 413 2200 467 entibns
2259 411 2528 475 contenti,
2582 412 2798 466 dulcem
2854 413 3017 464 vitam
3072 423 3317 480 agentes,
3369 413 3535 466 etiatu

280 515 438 582 μένα.
486 513 582 564 Διά
611 510 771 565 τοῦτο
803 510 898 565 καὶ
929 513 958 562 ὁ
986 505 1364 580 περισπασμὸς
1395 507 1544 574 ὑμῖν,
1591 505 1679 558 ἵνα
1719 522 1851 576 προ-

278 605 442 676 στεθῇ
490 603 547 656 ἓν
581 603 862 675 ἀργύριον,
916 602 949 672 ἢ
994 600 1052 654 ἒν
1083 599 1302 672 χρύσιον
1346 597 1423 669 τῷ
1453 597 1558 669 ἤδη
1597 615 1852 670 προστοι-

279 695 534 749 6ασθέντι
580 696 849 767 κέρματι·
905 695 1041 764 ὅπερ
1091 692 1210 745 ἐστὶ
1244 688 1609 762 φιλαργυρίας
1657 690 1849 754 πάθος,

281 793 375 845 καὶ
408 789 703 845 Ἰουδαϊκὸν
735 787 1107 859 ἀποτέλεσμα.

367 1059 608 1130 Ἐρωτῶ,
654 1060 748 1113 καὶ
795 1059 1130 1133 ἀποκρίθητέ
1175 1079 1299 1131 μοι·
1331 1063 1521 1134 Ἔχετε
1563 1063 1729 1133 ἄρτον
1761 1066 1854 1118 καὶ

282 1147 446 1218 οἶνον,
489 1152 584 1206 καὶ
626 1151 806 1206 ἔλαιον
853 1155 974 1206 κατ’
1022 1153 1328 1226 ὀλιγότητα,
1367 1156 1463 1207 σὺν
1513 1159 1625 1219 τοῖς
1674 1156 1856 1217 ἄλλοις

283 1243 611 1314 ἐπιτηδείοις
658 1245 752 1297 καὶ
805 1250 1185 1314 τροφευτικοῖς
1235 1245 1326 1298 τοῦ
1363 1244 1655 1317 σώματος,
1693 1247 1856 1316 μέχρι

288 1335 455 1408 μηνὸς
482 1334 599 1398 ἐνὸς
627 1335 660 1406 ἢ
695 1335 872 1400 δυοῖν;
895 1335 989 1388 ἐὰν
1018 1335 1412 1406 κατανεύσητε,
1451 1339 1612 1409 χάρις
1643 1339 1855 1408 Κυρίῳ,

285 1426 348 1478 Ei
377 1425 434 1478 δέ
480 1425 554 1495 μὴ
577 1466 593 1489 ,
623 1424 858 1496 πρίασθε
883 1467 898 1491 ,
930 1423 989 1491 ἐξ
1037 1419 1097 1478 οὗ
1128 1427 1338 1480 δέδωκα
1367 1428 1496 1497 ύμῖν
1525 1429 1857 1498 νομίσματος

285 1517 443 1586 ἄρτι·
479 1517 574 1569 καὶ
602 1517 780 1580 οὐδεὶς
807 1517 1214 1588 περισπασμὸς,
1247 1519 1341 1572 καὶ
1366 1519 1592 1589 οὐδεμία
1621 1521 1854 1591 ταραχή.

299 1607 574 1678 Ἱκανήσει
604 1607 713 1677 γὰρ
743 1603 837 1661 οἷδ’
865 1609 947 1663 ὅτι
977 1609 1072 1661 καὶ
1097 1609 1522 1680 τετραμηνιαίου
1551 1611 1745 1680 χρόνου
1779 1612 1859 1674 εἰς

288 1700 500 1772 χρείαν.
561 1702 671 1753 Kal
714 1701 804 1754 ὅτε
851 1701 1184 1772 ἀπορήσετε,
1235 1702 1396 1754 πάλιν
1441 1701 1476 1772 ἢ
1524 1701 1774 1755 ἐντεῦθεν
1825 1702 1858 1772 ἢ

289 1794 533 1859 ἄλλοθεν,
591 1793 890 1866 προσθείην
943 1794 987 1846 δ’
1043 1793 1108 1848 ἂν
1155 1794 1248 1847 xal
1289 1796 1354 1848 ἐκ
1401 1793 1493 1848 τοῦ
1544 1794 1863 1866 ἐργοχείρου
1895 1774 1938 1826 Β

292 1887 468 1959 ὑμῶν,
491 1889 520 1941 ὁ
547 1888 767 1956 τρέφων
796 1887 866 1939 τά
890 1886 1089 1951 πάντα,
1129 1886 1348 1958 θρέψειε
1379 1889 1474 1940 καὶ
1499 1889 1664 1959 ὑμᾶς.
1697 1880 1867 1950 Οὗτος

292 1985 321 2033 ὁ
375 1980 492 2048 βίος
541 1980 796 2050 ἄριστος·
855 1978 1029 2042 οὕτως
1087 1979 1179 2033 τὸν
1224 1980 1457 2048 Χριστὸν
1505 1981 1666 2051 μέσον
1713 1980 1868 2050 ὑμῶν

295 2071 537 2141 σχοίητε,
569 2074 643 2141 πῆ
681 2072 778 2141 μὲν
810 2071 1191 2156 ἐργαζόμενοι,
1226 2072 1304 2140 πῆ
1333 2071 1388 2124 δὲ
1419 2073 1866 2143 προσευχόμενοι,

295 2166 392 2217 καὶ
425 2163 557 2216 ποτέ
585 2163 682 2234 μὲν
710 2164 1100 2234 ἡσυχάζοντες,
1125 2165 1256 2217 ποτέ
1285 2164 1342 2217 δὲ
1381 2165 1864 2234 ἀναγινώσκοντες.

295 2259 407 2311 Kal
458 2257 708 2310 άνατελεϊ
757 2257 886 2327 ὑμῖν
938 2255 1053 2326 φῶς
1097 2254 1310 2325 γλυκύ·
1365 2258 1457 2309 καὶ
1513 2258 1626 2319 τοῖς
1670 2256 1870 2327 ὁρῶσιν

299 2348 490 2402 ἔσεσθε
520 2348 742 2419 ἐραστοί
761 2365 774 2378 ·
803 2349 900 2402 καὶ
927 2348 1061 2410 Θεὸς
1091 2347 1484 2418 δοξασθήσεται
1509 2350 1567 2402 ἐν
1600 2350 1750 2420 ύμῖνο
1778 2349 1871 2402 καὶ

295 2436 694 2504 ἀντιδοξάσειεν
754 2437 900 2508 ὑμᾶς
957 2438 1052 2490 καὶ
1102 2437 1198 2491 νῦν
1249 2438 1344 2490 καὶ
1391 2439 1448 2491 ἐν
1493 2438 1573 2509 τῷ
1626 2439 1871 2509 μέλλοντι

297 2530 476 2584 αἰῶνι.
541 2529 732 2601 Ἣμῶν
788 2547 846 2582 τε
913 2530 1092 2584 αὐτῶν
1142 2532 1251 2585 τῶν
1301 2533 1640 2602 ἁμαρτωλῶν
1683 2533 1873 2586 ἔσεσθε

301 2621 584 2694 καύχημα,
637 2622 732 2676 καὶ
773 2622 902 2693 ὅλης
939 2623 1038 2693 τῆς
1083 2623 1446 2694 ἀδελφότητος
1473 2625 1648 2687 κλέος.
1688 2624 1873 2678 Ταῦτα

299 2715 533 2786 εἴρηκα,
574 2713 672 2783 οὐχ
713 2713 789 2777 ὡς
820 2714 1054 2785 ἐχόντων
1083 2716 1237 2785 ὑμῶν
1281 2715 1501 2786 χρυσίον
1543 2717 1874 2789 τεθησαυρι-

303 2808 527 2878 σμένονο
574 2806 708 2878 μηδὲ
755 2807 842 2876 εῐη
876 2805 1020 2876 ἐχειν
1060 2807 1226 2876 ὑμᾶς,
1257 2809 1332 2871 ὡς
1363 2807 1430 2862 ἂν
1467 2807 1542 2880 μὴ
1573 2809 1870 2879 ἀκούσητε·

305 2899 498 2952 Ὅπου
549 2900 583 2951 ὀ
637 2897 941 2966 θησαυρὸς
978 2897 1178 2967 ὑμῶν,
1228 2899 1360 2953 ἐκεῖ
1409 2900 1511 2954 καὶ
1571 2902 1610 2967 ἡ
1664 2902 1879 2971 καρδία

303 2989 470 3060 ὑμῶν
494 2989 686 3044 ἔσται.
719 2989 1004 3061 Θησαυρὸς
1043 2990 1100 3042 δέ
1131 2993 1248 3044 ἐστι
1279 2992 1521 3063 μοναχῴ,
1565 2995 1661 3047 ἐὰν
1691 2994 1879 3047 ἐπάνω

1956 521 2082 560 eum
2118 505 2236 560 solo
2268 521 2407 575 pane
2450 513 2506 560 et
2555 521 2719 574 aqua,
2755 503 2972 573 qualem
3030 504 3305 557 duxerunt
3339 509 3532 558 sancti.

1956 596 2114 652 Nunc
2141 612 2271 651 vero
2303 613 2391 651 res
2422 596 2583 650 aliter
2624 610 2683 651 se
2722 596 2907 661 habet,
2945 602 3004 648 ut
3038 595 3295 663 superius
3332 595 3537 648 dictum

1957 699 2059 744 est.
2099 688 2252 744 Hanc
2289 689 2360 743 ob
2389 703 2504 743 rem
2531 697 2582 742 et
2629 687 2917 744 distractio
2979 687 3177 741 vobis:
3237 695 3296 742 ut
3348 701 3542 755 argen-

1959 791 2080 836 teus
2116 797 2257 836 unus
2301 781 2382 835 vel
2419 796 2620 835 aureus
2672 797 2816 835 unus
2852 780 3082 834 addatur
3134 779 3198 833 ad
3227 778 3542 833 nummulos

1954 874 2064 941 jam
2097 882 2446 928 coacervatos
2475 890 2488 925 :
2526 872 2667 940 quod
2694 872 2936 926 avaritiae
2965 873 3187 926 morbus
3235 881 3338 935 est,
3375 886 3543 940 opus-

1961 980 2066 1033 que
2096 961 2404 1017 Jutiaicum.

2030 1057 2248 1121 Qmeso,
2275 1057 2600 1124 respondete
2647 1057 2820 1122 mihi,
2865 1071 3050 1111 nonne
3091 1071 3284 1127 panem
3333 1057 3544 1113 habetis

1962 1157 2016 1202 et
2043 1147 2254 1212 vinum,
2285 1149 2677 1218 modicumque
2722 1151 2928 1214 oleum,
2980 1165 3105 1204 cum
3133 1150 3257 1204 aliis
3286 1159 3544 1218 Opportu-

1963 1244 2071 1309 nis,
2133 1243 2336 1313 quibus
2380 1243 2446 1297 ad
2499 1259 2740 1298 mensem
2768 1260 2938 1297 unum
2995 1245 3200 1298 duosve
3245 1244 3543 1297 sustentari

1963 1349 2164 1403 corpus
2205 1335 2418 1404 possit?
2479 1334 2534 1388 Si
2573 1335 2900 1398 annueritis,
2966 1336 3084 1390 laus
3145 1335 3396 1389 Domino.
3447 1337 3542 1389 Sin

1964 1427 2169 1492 minus,
2212 1429 2377 1482 emite
2433 1427 2682 1495 pecunia.
2748 1443 2913 1496 quam
2956 1428 3111 1482 vobis
3159 1444 3332 1498 nuper
3379 1428 3544 1488 dedi;

1964 1527 2018 1572 et
2053 1521 2197 1574 nulla
2230 1521 2337 1574 erit
2367 1521 2672 1584 distractio,
2703 1530 2759 1576 et
2800 1522 2949 1576 nulla
2982 1523 3343 1591 perturbatio.
3378 1523 3544 1577 Sulli—

1965 1614 2070 1666 ciet
2096 1613 2264 1677 enim,
2289 1621 2375 1665 sat
2399 1613 2532 1674 scio,
2553 1613 2633 1666 vel
2662 1614 2728 1666 ad
2752 1624 2987 1681 quatuor
3006 1613 3276 1668 mensium
3309 1621 3550 1669 necessi-

1969 1713 2153 1758 tatem.
2185 1703 2402 1759 Etcum
2448 1705 2782 1774 indigebitis,
2831 1722 3022 1760 rursus
3047 1706 3143 1774 qui
3181 1706 3280 1760 alit
3336 1708 3548 1771 omnia,

1968 1795 2116 1850 illinc
2145 1805 2240 1850 aut
2275 1795 2521 1861 aliunde,
2555 1796 2857 1850 addiderim
2883 1812 3006 1866 ego,
3052 1807 3106 1851 et
3137 1812 3204 1851 ex
3231 1812 3399 1865 opere
3429 1814 3546 1850 ma-

1969 1903 2138 1940 nuum
2169 1895 2499 1948 vestrarum.
2525 1903 2623 1944 vos
2679 1889 2906 1944 nutriet.
2956 1888 3084 1960 Haec
3127 1891 3233 1946 vita
3278 1902 3549 1960 prtestan-

1970 1980 2179 2034 tissima
2210 1998 2224 2034 :
2253 1982 2333 2035 sic
2353 1980 2634 2035 Christum
2675 1981 2815 2035 inter
2845 1996 2943 2036 vos
2981 1982 3271 2046 habebitis,
3297 1999 3446 2036 nunc
3467 1983 3550 2035 la-

1971 2071 2246 2132 borantes,
2282 2086 2427 2125 nunc
2461 2081 2699 2133 orantes.
2739 2082 2792 2126 et
2827 2073 3099 2126 interdum
3139 2073 3359 2142 quidem
3389 2073 3551 2143 quie-

1969 2172 2202 2226 scentes,
2235 2161 2502 2215 interdum
2520 2163 2776 2232 legentes.
2804 2161 2871 2216 Et
2895 2163 3104 2216 orietur
3127 2163 3280 2218 vobis
3310 2163 3402 2216 lux
3426 2163 3549 2216 ᾱυι-

1970 2253 2073 2313 eis.
2104 2263 2158 2307 et
2192 2253 2531 2308 intuentibus
2576 2254 2845 2309 amabiles
2873 2254 3030 2310 eritis
3061 2272 3075 2318 ;
3109 2265 3165 2309 et
3217 2254 3361 2310 Deus
3388 2255 3554 2326 glori—

1972 2345 2224 2400 ﬁcabitur
2256 2347 2309 2400 in
2356 2347 2534 2416 vobis,
2577 2357 2633 2402 et
2670 2347 2916 2402 vicissim
2971 2347 3306 2417 gloriﬁcabit
3339 2363 3467 2413 vos,
3499 2359 3554 2401 ct

1972 2452 2116 2491 nunc
2161 2446 2216 2492 et
2246 2438 2299 2491 in
2347 2439 2530 2492 futuro
2555 2437 2779 2493 szeculo.
2833 2441 2912 2493 Ac
2969 2447 3154 2493 nostra
3185 2454 3424 2509 quoque,
3458 2444 3554 2508 qui

1974 2537 2286 2598 peccatores
2313 2545 2523 2595 smnus,
2587 2531 2840 2600 gloriatio
2867 2532 3041 2597 eritis,
3082 2543 3135 2588 et
3159 2534 3428 2588 universae
3464 2551 3557 2586 so-

1973 2620 2192 2677 cietatis
2229 2622 2418 2677 decus.
2467 2622 2590 2676 llaec
2616 2623 2750 2687 dixi,
2795 2638 2901 2677 non
2943 2624 3102 2693 quasi
3143 2640 3338 2678 aurum
3363 2639 3557 2678 recon-

1975 2713 2150 2768 ditum
2185 2729 2282 2769 vos
2327 2715 2612 2770 habeatis:
2649 2731 2824 2784 neque
2854 2731 2984 2770 vero
3023 2718 3304 2787 contingat
3327 2732 3425 2772 vos
3456 2717 3558 2770 ha-

1978 2807 2126 2870 bere,
2157 2822 2223 2861 ne
2249 2807 2523 2862 audiatis:
2581 2806 2681 2861 Ubi
2727 2807 3007 2862 thesaurus
3040 2819 3228 2870 uester,
3275 2807 3348 2860 ibi
3378 2817 3427 2862 et
3470 2825 3560 2861 cor

1977 2909 2207 2954 uestrum
2244 2902 2343 2953 erit
2373 2900 2446 2952 θ’.
2483 2896 2800 2953 Thesaurus
2856 2915 3020 2968 porro
3057 2909 3142 2953 est
3181 2901 3476 2965 monacho,
3513 2901 3557 2954 si

1979 3008 2142 3060 supra
2182 3001 2293 3046 tres
2339 3006 2618 3056 nummos,
2669 2990 2812 3044 sicut
2866 2991 3008 3060 apud
3051 2991 3242 3045 Patres
3297 2991 3564 3060 scriptum

304 3082 414 3134 τῶν
456 3081 624 3153 τριῶν
658 3082 1032 3153 νομισμάτων,
1078 3084 1220 3136 κατὰ
1268 3083 1328 3136 τὸ
1377 3086 1765 3156 γεγραμμένον
1821 3087 1880 3139 ὲν

1983 3084 2199 3154 legitur,
2259 3082 2364 3137 sibi
2396 3081 2688 3151 acquirat:
2745 3081 2908 3151 idque
2969 3089 3028 3136 ut
3077 3084 3220 3135 inter
3278 3082 3564 3136 mendicos

305 3179 418 3240 τοῖς
447 3177 694 3248 Πατράσι
718 3216 733 3240 ,
781 3177 1205 3248 περιποιήσηταί
1233 3195 1317 3242 τις
1347 3177 1525 3248 ἐαυτῷ
1547 3218 1562 3244 ,
1597 3179 1689 3232 καὶ
1723 3177 1884 3232 τοῦτο

305 3269 400 3322 ἐπὶ
448 3268 556 3321 τῶν
598 3265 830 3338 πτωχῶν
876 3267 975 3335 τὴν
1018 3268 1288 3322 διάνοιαν⁹
1331 3270 1453 3323 ἐπεὶ
1500 3270 1594 3336 ὅγε
1649 3271 1886 3343 ἀκριϐὴς

311 3358 567 3431 μοναχὸς,
621 3360 715 3411 καὶ
765 3358 1043 3421 δεσπόζων
1091 3360 1300 3430 κόσμου
1353 3361 1419 3414 δι’
1472 3362 1883 3433 άκτημοσύνης,

308 3451 432 3504 ούδέ
472 3449 528 3503 ἓν
574 3450 838 3521 ἀργύριον
884 3451 1180 3521 κέκτηται·
1224 3453 1318 3505 καὶ
1359 3453 1554 3523 κράζει
1608 3454 1748 3524 μετὰ
1789 3454 1884 3508 τοῦ

311 3543 468 3610 ἁγίου
495 3541 706 3595 Παύλου
727 3557 740 3570 °
771 3541 865 3606 Ὠς
893 3542 1128 3610 πτωχὸς
1155 3542 1286 3612 ἐγὼ,
1311 3545 1582 3612 πολλοὺς
1605 3545 1673 3598 δὲ
1701 3550 1888 3600 πλου-

309 3634 517 3695 τίζων’
558 3633 657 3687 καὶ
710 3633 791 3700 ὡς
827 3631 900 3686 τὰ
949 3633 1147 3686 πάντα
1199 3635 1490 3704 κατέχων,
1537 3638 1634 3690 καὶ
1692 3637 1888 3707 μηδὲν

311 3728 489 3795 ἔχων.
530 3725 640 3779 Kal
672 3725 779 3796 γὰρ
808 3727 836 3778 ό
864 3723 996 3788 Θεὸς
1025 3725 1102 3796 τῷ
1139 3725 1365 3797 τοιούτῳ
1392 3727 1656 3780 πάντοθεν
1683 3729 1890 3797 ἀνοίγει

313 3820 506 3890 θύραν,
542 3818 637 3872 καὶ
667 3817 1021 3890 ἡσυχάζοντι,
1050 3819 1146 3872 καὶ
1174 3818 1511 3889 διωκομένῳ,
1536 3819 1631 3874 καὶ
1661 3822 1893 3889 φυλακιο

313 3912 546 3982 ζομένῳ,
581 3911 676 3964 καὶ
703 3909 880 3963 ὁτιοῦν
914 3909 1180 3979 πάσχοντι
1206 3909 1412 3982 ἕτερον.
1441 3911 1551 3963 Kal
1576 3911 1886 3982 Χριστοφό-

315 4023 409 4077 ρος
437 4008 464 4058 ὁ
490 4004 734 4068 τοιοῦτος
759 4003 854 4058 καὶ
880 4005 1206 4074 Χριστιανὸς
1239 4003 1514 4075 ἀληθινὸς,
1537 4007 1630 4058 καὶ
1660 4006 1890 4075 ἄγγελος

315 4099 408 4151 ἐπὶ
437 4098 560 4169 γῆς,
583 4098 678 4149 καὶ
707 4095 1041 4166 θεομίμητος
1067 4096 1226 4169 ἀνὴρ,
1254 4099 1346 4152 καὶ
1374 4097 1710 4170 κληρονόμος
1729 4099 1889 4165 Θεοῦ,

318 4184 759 4256 συγκληρονόμος
787 4186 845 4237 δέ
870 4185 1132 4254 Χριστοῦ.

387 4276 673 4346 Σκέψασθε
705 4277 798 4330 οὖν
822 4276 1030 4338 λοιπὸν,
1077 4273 1122 4329 ὦ
1149 4278 1365 4346 ἀδελφοὶ
1393 4320 1407 4341 ,
1437 4280 1529 4331 τὸν
1569 4280 1725 4349 λόγον
1746 4297 1759 4311 ο
1798 4282 1891 4335 καὶ

315 4369 366 4422 εἰ
396 4367 495 4439 μὲν
525 4369 831 4438 τρινομεῖτε
871 4367 1174 4436 ἀμφότεροι
1194 4409 1209 4432 ,
1237 4368 1337 4420 ούκ
1366 4369 1661 4440 ἀπόϐλητοι
1697 4372 1756 4422 ἐν
1791 4389 1890 4441 μο-

1991 3174 2216 3230 censeri-
2231 3175 2405 3244 possit
2431 3194 2444 3227 :
2465 3188 2573 3242 qua
2593 3182 2820 3228 exactus
2836 3176 3160 3239 monachus,
3184 3183 3238 3229 et
3260 3176 3352 3244 qui
3377 3174 3568 3228 mundi

1989 3266 2247 3320 dominus
2275 3275 2358 3320 est
2404 3281 2502 3335 per
2547 3275 2870 3336 egestatem,
2899 3281 2967 3320 ne
3021 3281 3190 3320 unum
3216 3267 3437 3336 quidem
3473 3282 3567 3319 ar-

1989 3369 2243 3428 genteum
2281 3359 2546 3429 possidet,
2579 3359 2890 3428 clamatque
2943 3374 3069 3413 cum
3115 3368 3310 3414 sancto
3357 3359 3565 3413 Paulo:

1992 3449 2138 3503 Sicut
2159 3467 2311 3521 egens
2332 3467 2424 3520 ego
2450 3460 2497 3503 et
2529 3450 2721 3503 multos
2740 3449 3100 3518 locupletatis;
3123 3460 3173 3505 et
3198 3460 3451 3521 tanquam
3469 3467 3573 3503 ont-

1996 3544 2088 3596 nia
2113 3545 2474 3611 possidens,et
2510 3543 2641 3596 nihil
2673 3543 2871 3596 habent
2899 3542 2936 3598 ¹.
2963 3542 3174 3598 Etenim
3209 3542 3353 3596 Deus
3380 3559 3454 3611 et,
3475 3545 3570 3612 qui

1993 3636 2116 3688 talis
2153 3644 2258 3698 est,
2297 3637 2498 3704 ubique
2528 3637 2960 3705 aperitjanuam,
2980 3646 3031 3690 et
3063 3637 3298 3704 quietem
3325 3637 3569 3700 habenti,

1990 3734 2044 3778 et
2070 3728 2510 3793 persecutionem
2571 3727 2819 3796 patienti,
2857 3737 2910 3781 et
2938 3729 2991 3781 in
3031 3729 3280 3782 custodia
3325 3729 3571 3794 detento,

1991 3825 2086 3868 aut
2115 3817 2220 3870 alia
2258 3818 2452 3888 quavis
2481 3834 2721 3872 aerumna
2753 3836 3039 3889 oppresso.
3069 3821 3137 3875 Et
3169 3822 3311 3878 talis.
3335 3822 3571 3877 Christi-

1993 3906 2072 3961 fer
2098 3926 2161 3962 ac
2191 3925 2353 3964 verus
2388 3910 2865 3977 estChristianus,
2909 3922 2964 3966 et
3007 3915 3303 3982 angelusin
3338 3925 3574 3977 terra,et

1991 3999 2159 4054 Deum
2208 4001 2430 4056 imitans
2470 4002 2574 4065 vir,
2603 4011 2657 4058 et
2703 4004 2878 4058 haeres
2937 4004 3054 4072 Dei,
3107 4005 3352 4061 colizeres
3389 4019 3572 4062 autem

1992 4092 2196 4146 Christi
2221 4095 2265 4148 ’.

2066 4267 2339 4322 Attendite
2392 4269 2574 4338 igitur,
2635 4268 2855 4327 fratres.
2917 4270 2982 4323 ad
3023 4271 3167 4325 hunc
3227 4285 3573 4338 sermonem;

1994 4368 2046 4414 et
2082 4360 2128 4414 si
2159 4361 2378 4427 quidem
2419 4371 2530 4416 tres
2578 4370 2788 4415 tantum
2829 4377 3086 4416 llllllllltos
3143 4363 3354 4418 habetis
3389 4365 3574 4428 ambo.

315 4461 522 4530 ναχοϊς,
564 4458 707 4515 κατὰ
748 4458 812 4512 τὸ
841 4458 1149 4529 ὑπόδειγμα
1192 4457 1254 4512 τδ
1293 4461 1591 4532 πατρικόν·
1623 4464 1671 4516 εἰ
1701 4463 1757 4516 δὲ
1793 4464 1880 4516 ἐπ-

2001 4467 2108 4506 non
2166 4454 2299 4506 estis
2343 4453 2620 4523 rejiciendi
2667 4468 2735 4507 ex
2791 4454 3096 4518 monachis,
3143 4455 3301 4524 juxta
3351 4455 3574 4510 Patrum

317 4555 430 4609 άνω
463 4551 910 4622 δεκανομοῦντες,
951 4550 1133 4614 καθὼς
1164 4550 1370 4618 ἀκούω,
1403 4551 1436 4623 ἢ
1472 4554 1566 4606 καὶ
1597 4554 1764 4624 πρόςο
1807 4572 1891 4623 γι-

317 4645 557 4698 νώσκετε
585 4643 856 4697 ἐκπτωτοι
874 4639 1015 4698 εἶναι
1040 4644 1140 4713 τῆς
1165 4645 1468 4715 μοναχικῆς
1485 4647 1894 4712 καταστάσεως,

318 4739 413 4793 καὶ
439 4739 778 4809 θεραπευταὶ
807 4738 866 4790 οὐ
903 4737 1167 4807 Χριστοῦ.
1203 4737 1338 4791 ἀλλὰ
1367 4739 1460 4791 τοῦ
1496 4740 1772 4792 ἐναντίου·
1801 4743 1897 4794 καὶ

315 4833 484 4884 τέκνα
506 4831 607 4883 οὐκ
633 4828 770 4899 ἐμοῦ
797 4829 892 4883 τοῦ
925 4829 1205 4895 ταπεινοῦ,
1231 4831 1369 4884 ἀλλὰ
1393 4831 1487 4883 τοῦ
1515 4831 1903 4902 φιλοχρυσοῦν·

316 4940 429 4986 τος.
462 4921 672 4988 Δόξειεν
703 4921 848 4992 ὑμᾶς
874 4921 1076 4989 λέγειν,
1104 4923 1188 4974 ὅτι
1218 4921 1436 4992 Ἔχεις,
1461 4923 1549 4976 ναί
1571 4941 1584 4953 ο
1632 4925 1756 4977 ἐπεὶ
1807 4925 1905 4978 καὶ

319 5014 554 5086 Χριστὸς
601 5014 690 5067 διὰ
736 5014 832 5067 τοῦ
882 5014 1271 5084 γλωσσοκόμου
1321 5009 1383 5068 οὗ
1433 5017 1772 5085 ἐπεφέρετο,
1811 5017 1906 5071 xal

322 5109 430 5170 πᾶς
473 5105 889 5177 καθηγούμενος
936 5107 1032 5159 καὶ
1069 5108 1352 5178 προεστὼς
1382 5106 1492 5159 τῶν
1535 5108 1898 5178 Ἐκκλησιῶν,

331 5200 500 5254 Ἀλλὰ
526 5201 615 5254 διὰ
642 5201 741 5270 τὴν
769 5199 1082 5270 οἰκονομίαν
1099 5201 1196 5270 τῆς
1227 5200 1606 5271 ἁδελφότητος.
1629 5204 1765 5273 Φησὶ
1791 5204 1901 5274 γὰρ

321 5292 381 5342 ἐν
429 5289 507 5360 τῷ
556 5291 877 5362 Εὑαγγελίῳ
915 5292 944 5343 ὁ
989 5289 1195 5361 Κύριος
1248 5291 1383 5361 πρὸς
1429 5291 1520 5344 τὸν
1559 5294 1789 5347 Ἰούδαψ
1832 5297 1901 5346 Ὃ

325 5384 536 5449 ποιεῖς,
582 5385 845 5451 ποίησον
879 5384 1104 5452 τάχιον.
1161 5385 1340 5438 Τοῦτο
1381 5384 1450 5437 δὲ
1497 5385 1698 5450 οὐδεὶς
1751 5387 1904 5455 ἔγνω

322 5475 444 5528 τῶν
471 5474 876 5542 ἀνακειμένων
907 5475 1056 5540 πρὸς
1092 5475 1150 5526 τί
1177 5471 1346 5527 εἶπεν
1371 5474 1550 5540 αὐτῷ.
1596 5475 1761 5543 Τινὲς
1795 5479 1903 5545 γὰρ

321 5565 601 5630 ἐδόκουν,
631 5565 759 5618 ἐπεὶ
786 5565 850 5618 τὸ
881 5566 1318 5635 γλωσσόκομον
1339 5561 1504 5634 εἶχεν
1551 5567 1792 5632 Ἰούδας,
1812 5567 1901 5620 ὅτι

400 5738 443 5770 ⁸⁸
473 5734 604 5792 Luc.
639 5752 734 5804 xu,
777 5737 864 5790 31.
947 5737 959 5766 ‘
992 5736 1118 5790 Cor.
1155 5753 1225 5802 γι,
1275 5737 1358 5791 lli.

1479 5743 1495 5768 ³
1530 5737 1687 5793 Rom.
1719 5755 1838 5808 \‘lll,
1888 5740 1967 5794 18.

1998 4545 2326 4614 exemplum.
2371 4547 2440 4598 At
2472 4545 2516 4599 si
2567 4559 2734 4615 supra
2764 4545 2950 4600 decem
3003 4562 3279 4612 nummos,
3306 4556 3364 4601 ut
3391 4548 3575 4611 audio,

2002 4639 2086 4691 vel
2127 4638 2384 4705 amplius,
2424 4637 2618 4692 scitote
2653 4653 2750 4693 vos
2797 4638 3196 4692 monachorum
3233 4650 3377 4695 statu
3431 4642 3580 4695 exci-

2003 4729 2171 4793 disse,
2223 4731 2569 4798 cultoresque
2616 4744 2760 4795 esse,
2813 4745 2922 4784 non
2973 4729 3203 4794 Christi,
3255 4732 3352 4787 sed
3384 4735 3578 4787 adver-

2005 4820 2175 4888 sarii;
2208 4831 2262 4874 et
2287 4819 2426 4875 ﬁlios
2448 4836 2590 4886 esse,
2628 4837 2736 4875 non
2771 4821 3098 4878 humilitatis
3123 4838 3275 4888 mem,
3315 4824 3410 4878 sed
3432 4823 3582 4878 illius

2001 4914 2094 4983 qui
2121 4929 2317 4968 aurum
2347 4923 2518 4968 amat.
2571 4912 2772 4970 Dicetis
2805 4913 3044 4971 fortasse
3083 4915 3284 4970 habere
3315 4931 3414 4972 vos
3456 4920 3582 4988 qui-

2003 5007 2146 5069 dem,
2184 5006 2276 5060 sed
2299 5014 2353 5059 et
2411 5006 2690 5060 Christum
2745 5006 2954 5061 loculos
3008 5007 3292 5074 habuisse,
3340 5008 3583 5079 itemque

2006 5099 2355 5169 praepositum
2401 5114 2622 5152 omnem
2690 5114 2754 5153 ac
2787 5099 3072 5169 praasidem
3108 5098 3584 5156 Ecclesiarum.At

2009 5191 2082 5244 illi
2121 5193 2224 5244 hoc
2265 5201 2523 5260 tanquam
2562 5189 2794 5245 fratrum
2831 5193 3129 5247 teconomi.
3163 5193 3304 5248 Dicit
3353 5195 3498 5248 enim
3530 5195 3584 5250 in

2006 5282 2300 5354 Evangelio
2333 5283 2594 5339 Dominus
2629 5283 2824 5340 Judze:
2878 5285 3032 5353 Quod
3083 5287 3242 5356 facis,
3293 5289 3380 5356 fac
3403 5289 3583 5344 citius.

2015 5374 2126 5428 Hoc
2153 5389 2326 5429 autem
2352 5391 2502 5428 nemo
2537 5377 2690 5430 scivit
2751 5377 3193 5432 discumbentium
3246 5377 3316 5430 ad
3337 5378 3462 5447 quid
3505 5380 3588 5431 tl:-

2005 5471 2142 5524 xerit
2175 5471 2242 5522 ei.
2281 5469 2514 5535 Quidam
2550 5473 2687 5525 enim
2718 5473 3002 5541 putabant,
3043 5473 3168 5542 quia
3198 5473 3398 5526 (oculos
3432 5473 3590 5525 habe-

2006 5563 2095 5616 bat
2117 5563 2310 5631 Judus,
2343 5566 2480 5634 quod
2527 5565 2751 5620 dixisset
2778 5567 2860 5621 ei:
2892 5565 3020 5622 Eme
3065 5584 3124 5621 ea
3150 5583 3264 5636 qua:
3314 5582 3440 5636 Opus
3468 5576 3590 5620 iam

3403 299 3536 362 1558
3625 290 3629 294 ’
