4102 6374
563 290 698 356 1559

1736 291 1796 350 S.
1835 287 2226 350 THEODORI
2279 287 2626 348 STUDIT/E

3675 285 3810 353 i550

559 411 707 462 nobis
727 407 795 461 ad
826 409 966 461 diem
995 408 1188 477 festum
1213 425 1232 462 .'
1272 417 1362 462 aut
1393 409 1568 479 egenis
1610 417 1666 460 ut
1688 408 1894 478 aliquid
1923 408 2070 460 dare!
2093 406 2124 457 ³η

2240 403 2402 474 ,λέγει
2430 405 2612 471 αὐτῷ,
2651 405 2977 475 ’Δτόρασον
2997 399 3086 460 ὧν
3103 407 3314 475 χρείαν
3334 405 3555 477 ἔχομεν
3580 411 3671 476 εἰς
3695 413 3812 478 τὴν·

560 501 652 554 Sic
682 499 748 552 ad
783 498 1144 552 imitationem
1173 497 1404 565 Christi,
1438 499 1695 553 omnibus
1721 499 1814 566 qui
1843 513 1969 553 vere
1996 514 2132 568 prze-a

556 598 713 654 sunt,
742 588 954 644 loculos
985 588 1186 642 habere
1218 588 1363 652 licet,
1404 605 1514 642 non
1536 590 1608 644 ob
1638 589 1784 644 aliud
1808 590 2129 660 quidquam,

559 683 740 737 absit!
783 683 893 736 Deo
931 684 1073 735 enim
1107 697 1425 752 iuagnopere
1456 680 1727 751 displicet.
1756 681 1811 736 Si
1841 699 1970 752 ergo
1995 699 2132 752 prae--

557 775 702 828 sides
738 775 902 827 etiam
963 789 1058 827 vos
1089 772 1242 835 estis,
1303 783 1358 826 et
1405 773 1559 826 vobis
1599 773 1762 842 aliqui
1798 773 1977 843 largiti
2012 774 2130 828 fue-

556 870 689 932 rint,
721 867 1180 937 quemadmodum
1240 875 1295 920 et
1334 865 1552 920 Christo
1584 867 1705 934 ipsi,
1737 865 1800 919 de
1850 866 2130 933 facultati-

557 965 650 1016 bus
675 963 808 1025 suis,
839 961 978 1014 sicut
1008 959 1268 1028 scriptum
1301 968 1404 1024 est,
1438 959 1681 1012 mulieres
1707 975 1824 1028 quia
1849 960 2006 1012 illum
2052 975 2129 1010 se-

553 1054 853 1125 quebantur
875 1054 898 1084 ⁸
928 1071 943 1109 :
971 1062 1024 1106 et
1065 1052 1271 1106 sanctis
1300 1052 1553 1105 similiter
1583 1051 1672 1104 alii
1722 1061 1776 1105 et
1811 1053 1961 1106 alim:
1993 1052 2130 1106 bene

555 1147 752 1208 habet,
782 1146 1111 1216 possideatis
1142 1146 1287 1208 licet,
1319 1159 1426 1198 non
1457 1145 1646 1198 decem
1703 1158 1981 1206 nummos,
2033 1142 2127 1196 sed

553 1239 735 1292 decies
767 1239 955 1292 mille:
995 1239 1132 1293 nihil
1159 1238 1304 1293 enim
1341 1245 1579 1291 vestrum
1617 1245 1722 1297 est,
1752 1235 1847 1288 sed
1883 1233 2124 1297 Christi;

551 1339 606 1386 et
632 1330 1038 1401 dispensatores
1071 1346 1168 1386 vos
1216 1329 1349 1386 estis
1381 1329 1652 1384 bonorum
1701 1327 1944 1394 Christi;
1985 1327 2131 1382 sicut

550 1433 604 1476 et
635 1422 835 1478 Paulus
867 1424 1052 1478 omnia
1088 1423 1395 1493 possidens,
1447 1421 1582 1476 nihil
1627 1420 1878 1483 habebat,
1915 1427 1968 1474 et
2004 1419 2129 1488 qui-

552 1531 772 1584 cunque
818 1516 960 1570 alius
994 1516 1058 1569 ad
1090 1515 1236 1569 hunc
1285 1515 1429 1568 diem
1456 1528 1580 1567 cum
1614 1510 1706 1565 Dei
1743 1511 1909 1566 timor
1930 1509 2124 1579 praefe-

549 1619 761 1662 cturam
792 1608 978 1678 gessit.
1007 1606 1163 1673 Quod
1215 1607 1260 1660 si
1317 1605 1590 1674 pnepositi
1622 1619 1729 1658 non
1763 1602 1918 1666 estis,
1957 1617 2021 1656 ac
2045 1601 2126 1655 di-

551 1708 896 1768 spensatores
924 1699 1254 1760 animarum,
1288 1697 1479 1750 hortor
1501 1704 1555 1748 et
1579 1694 1827 1756 obsecro,
1857 1701 2126 1762 utquam-

2231 494 2467 562 ἑορτὴν,
2511 497 2548 563 ἦ
2597 495 2716 562 τοῖς
2764 497 3023 567 πτωχοῖς
3069 497 3170 550 ἶνα
3209 496 3291 562 δῷ
3321 517 3395 554 τι.
3445 499 3636 563 Οὕτως
3669 504 3810 556 κατὰ

2233 588 2466 656 μίμησιν
2495 587 2756 658 Χριστοῦ,
2793 590 2852 642 ὲν
2899 590 3035 642 πᾶσι
3065 593 3178 652 τοῖς
3209 590 3481 661 ἀληθινοῖς
3525 593 3812 662 προεστῶο

2234 694 2336 735 σιν,
2363 678 2478 730 ἔστι
2506 679 2724 741 πάντως
2750 680 2810 732 τὸ
2842 681 3246 748 γλωσσόκομον·
3269 684 3360 734 καὶ
3386 684 3445 733 οὐ
3470 681 3540 734 δι’
3574 682 3705 735 ἄλλο
3731 701 3806 748 τι,

2230 768 2442 834 ἄπαγεί
2496 769 2742 837 ἔχθιστον
2782 770 2891 839 γὰρ
2935 770 3073 840 Θεῷ.
3123 773 3185 824 Εἰ
3212 768 3305 824 οὖν
3334 775 3428 825 καὶ
3478 774 3638 841 ὑμεῖς
3679 776 3806 827 ἐστε

2231 862 2598 930 προεστῶτες,
2637 863 2730 914 καὶ
2761 862 3088 916 ὲπιδιδοῦσιν
3118 864 3249 933 ὑμῖν
3286 881 3448 925 τινες,
3481 866 3556 926 ὡς
3589 867 3684 918 καὶ
3711 869 3812 918 αὑ-

2228 953 2306 1021 τῷ
2333 952 2579 1022 Χριστῷ,
2621 954 2690 1006 ἐκ
2725 951 2845 1006 τῶν
2878 955 3271 1022 ὑπαρχόντων
3297 955 3513 1020 αὐτῶν,
3543 959 3685 1010 καθά
3711 959 3809 1026 γέ-

2228 1061 2509 1113 γραπται,
2558 1047 2618 1098 αἱ
2667 1045 3234 1100 συνακολουθοῦσαι
3281 1046 3440 1111 αὐτῷ
3484 1048 3818 1117 γυναῖκες

2229 1138 2322 1190 καὶ
2349 1140 2465 1200 τοῖς
2495 1136 2675 1204 ἁγίοις
2697 1137 3070 1207 ὁμοιοτρόπως
3102 1135 3253 1191 ἄλλοι
3283 1139 3378 1191 καὶ
3405 1139 3563 1193 ἄλλαι
3583 1157 3600 1172 ο
3635 1141 3697 1195 εὖ
3741 1142 3812 1195 ἂν

2227 1228 2370 1298 ἔχοι·
2424 1228 2518 1280 καὶ
2547 1227 2762 1298 σχοίητε
2795 1227 2872 1299 μὴ
2921 1229 3030 1282 ἀπὸ
3076 1228 3206 1282 δέκα
3260 1232 3636 1300 νομισμάτων,
3666 1233 3814 1288 ἀλλὰ

2227 1318 2322 1370 καὶ
2345 1317 2454 1370 ἀπὸ
2483 1317 2696 1387 μυρίων
2715 1335 2728 1348 ·
2754 1319 2908 1372 οὐδὲν
2937 1320 3044 1390 γὰρ
3075 1320 3358 1392 ὑμέτερον,
3381 1323 3517 1376 ἀλλὰ
3539 1325 3584 1376 Χ
3593 1325 3808 1394 ριστοῦο

2226 1411 2322 1463 καὶ
2351 1411 2623 1480 οἰκονόμοι
2651 1410 2810 1480 ὑμεῖς
2835 1411 2924 1464 διὰ
2946 1412 3039 1464 τοῦ
3062 1413 3299 1484 Χριστοῦ
3321 1430 3334 1444 ·
3363 1415 3509 1470 καθά
3532 1419 3627 1470 καὶ
3654 1418 3810 1470 Παῦ-

2225 1501 2312 1564 λος
2341 1505 2408 1554 τα
2437 1503 2612 1554 πάντα
2647 1502 2913 1572 κατέχων,
2932 1503 3085 1558 οὐδὲν
3110 1500 3244 1575 εἶχε,
3273 1507 3366 1560 καὶ
3391 1510 3501 1571 πᾶς
3532 1526 3619 1572 τις
3643 1509 3812 1571 ἄλλος

2230 1593 2390 1662 μέχρι
2418 1593 2512 1646 τοῦ
2539 1593 2700 1662 δεῦρο
2733 1594 3008 1664 θεοφόϐως
3031 1596 3170 1666 ἔχων
3205 1597 3301 1666 τὴν
3334 1601 3698 1667 προστασίαν,
3737 1601 3806 1653 Εἰ

2226 1684 2283 1736 δὲ
2312 1685 2413 1736 οὑκ
2443 1684 2566 1736 ἐστὲ
2597 1685 2922 1754 προστάται,
2958 1687 3052 1738 καὶ
3074 1688 3346 1758 οἰκονόμοι
3375 1689 3584 1759 ψυχῶν,
3618 1709 3808 1763 παρα-

551 1753 792 1859 primum
868 1789 1109 1860 erogetis
1176 1786 1319 1856 quod
1389 1786 1755 1856 praescriptam
1811 1797 2123 1838 mensuram

2229 1775 2382 1827 καλῶ
2417 1776 2512 1829 καὶ
2543 1753 2834 1840 ἀντιϐολῶ,
2859 1777 3174 1849 διανείματε
3198 1753 3270 1833 τὸν
3287 1753 3528 1852 παρὰ-τὸ
3550 1753 3806 1854 ὡρισμὲ·

552 1880 787 1946 excedit,
829 1895 898 1934 ne
925 1878 1172 1934 avaritia:
1203 1878 1394 1931 morbo
1454 1875 1598 1942 capti
1623 1890 1655 1929 a
1689 1874 1928 1939 diabolo,
1960 1874 2126 1928 disci-

551 1973 663 2044 puli
690 1973 899 2027 Christi
955 1985 1076 2026 esse
1124 1971 1411 2024 desinatis.
1449 1967 1572 2022 ﬂare
1628 1983 1734 2021 non
1791 1966 1944 2020 vobis
1995 1966 2126 2020 solis

549 2069 684 2136 dixi,
711 2068 806 2125 sed
855 2083 953 2138 per
997 2082 1096 2121 vos
1132 2066 1348 2121 cunctis
1373 2063 1676 2130 fratribus;
1730 2080 1829 2119 nec
1858 2065 1984 2118 odio
2027 2064 2124 2117 ha-

551 2162 708 2224 bens,
747 2158 929 2224 absit;
955 2158 1048 2212 sed
1080 2170 1407 2226 magnopere
1435 2156 1708 2225 diligens;
1743 2169 1920 2224 neque
1946 2154 2001 2206 in
2034 2167 2125 2206 au-

550 2251 762 2321 gustias
791 2249 961 2318 redigi
1008 2265 1105 2302 vos
1143 2248 1389 2316 cupiens,
1421 2247 1516 2301 sed
1557 2247 1850 2300 admodum
1887 2243 2118 2298 dilatari.

551 2344 610 2395 In
635 2339 883 2408 angustia
919 2339 1119 2408 quippe
1177 2338 1444 2391 latitudo:
1478 2345 1533 2390 et
1571 2336 1624 2390 in
1655 2335 1876 2389 tristitia
1926 2338 2125 2387 secun-

549 2434 680 2486 dum
710 2431 1012 2492 Christum,
1055 2430 1344 2485 exsultatio
1380 2429 1629 2500 spiritus.
1664 2426 1730 2480 Et
1789 2427 1972 2481 audite
2013 2440 2118 2492 me,

551 2526 667 2587 ﬁlii,
692 2533 1030 2594 peccatorem
1083 2538 1229 2581 recte
1262 2524 1662 2585 consulentem,
1711 2521 1948 2588 legitime
1980 2535 2120 2590 pra:-

549 2615 834 2683 cipientem
863 2630 877 2679 ;
911 2624 972 2666 ut
1021 2629 1117 2682 per
1157 2612 1343 2667 omnia
1381 2610 1515 2665 etin
1563 2609 1822 2683 omnibus
1847 2609 2122 2677 placentes

549 2706 787 2772 Christo,
830 2706 1072 2760 lneredes
1104 2705 1280 2759 simus
1328 2706 1595 2757 bonorum
1626 2711 1976 2756 aeternorum.

911 2985 1192 3040 CLXXXI.
1211 3017 1282 3027 -——
1312 2986 1504 3042 Maria:
1532 2987 1743 3057 regina.

2228 1884 2318 1921 vov
2350 1869 2550 1939 μέτρον
2585 1870 2740 1938 τάχει
2762 1885 2776 1900 ο
2809 1871 2899 1923 ἵνα
2931 1871 3005 1940 μὴ
3048 1871 3126 1940 τῷ
3163 1872 3263 1942 τῆς
3299 1874 3671 1945 φιλαργυρίας
3697 1877 3807 1930 πά-

2227 1958 2308 2011 Θει
2338 1959 2556 2022 ἁλόντες
2600 1959 2704 2012 ὑπὸ
2751 1960 2844 2013 τοῦ
2891 1961 3170 2030 διαϐόλου,
3219 1965 3501 2018 ἑκπέσοιτε
3544 1967 3654 2020 ἀπὸ
3705 1969 3806 2034 τῆς

2228 2048 2524 2117 μαθητείας
2551 2047 2813 2117 Χριστοῦ.
2849 2049 3035 2102 Ταῦτα
3065 2053 3164 2120 οὐχ
3199 2053 3329 2121 ὑμῖν
3363 2054 3547 2123 μόνοις
3577 2056 3802 2125 εἴρηκα,

2226 2138 2358 2190 ἀλλὰ
2391 2139 2486 2191 καὶ
2511 2139 2578 2192 δι’
2603 2139 2755 2209 ὑμῶν
2778 2141 2913 2192 πᾶσι
2939 2143 3052 2205 τοῖς
3081 2142 3332 2213 ἀδελφοῖς
3351 2163 3364 2176 ·
3388 2146 3480 2198 καὶ
3502 2147 3565 2197 οὑ
3601 2147 3802 2216 μισῶν,

2224 2227 2405 2297 ἄπαγε
2428 2230 2441 2282 l
2471 2229 2610 2282 ἀλλά
2638 2229 2734 2283 καὶ
2758 2230 2902 2283 πάνυ
2935 2231 3106 2300 φιλῶν
3125 2249 3139 2262 ·
3172 2233 3269 2285 καὶ
3304 2233 3365 2286 οὑ
3392 2235 3804 2307 στενοχωρῆσαι

2227 2319 2370 2388 ὑμᾶς
2391 2319 2738 2390 αἱρούμενος,
2784 2321 2920 2376 ἀλλὰ
2947 2323 3042 2374 καὶ
3073 2323 3217 2376 πάνυ
3256 2325 3661 2397 εύρυχωρῆσαι.
3712 2329 3804 2381 Ἐν

2222 2410 2332 2480 γὰρ
2359 2413 2422 2480 τῇ
2453 2411 2733 2482 στενότητι
2762 2414 2794 2482 ή
2827 2412 3104 2484 πλατύτης
3125 2431 3140 2444 ·
3169 2415 3264 2468 καὶ
3310 2417 3367 2470 ἐν
3388 2421 3456 2488 τῇ
3489 2419 3635 2471 κατὰ
3667 2420 3804 2490 Χρι-

2225 2505 2350 2559 στὸν
2380 2505 2556 2574 θλίψει
2582 2509 2616 2576 ή
2647 2508 2970 2575 ἀγαλλίασις
2998 2508 3093 2562 τοῦ
3129 2510 3459 2580 πνεύματος.
3491 2513 3608 2566 Καὶ
3629 2515 3803 2568 ἀκού-

2225 2596 2355 2649 σατέ
2412 2613 2517 2665 μου
2546 2636 2560 2660 ,
2610 2597 2800 2661 τέκνα,
2835 2597 2928 2650 τοῦ
2963 2597 3288 2669 ἁμαρτωλοῦ
3337 2601 3514 2665 καλῶς
3557 2602 3802 2672 συμϐου-

2221 2686 2489 2752 λεύοντος,
2523 2688 2764 2758 ἐννόμως
2813 2691 3272 2762 προστάσσοντος.
3298 2694 3416 2747 Ἵνα
3446 2697 3587 2748 κατὰ
3621 2698 3803 2749 πάντα

2222 2782 2316 2832 καὶ
2367 2783 2424 2833 ἐν
2472 2782 2640 2834 πᾶσιν
2687 2781 3112 2852 εὑαρεστοῦντες
3159 2784 3415 2854 Χριστῷ,
3466 2786 3802 2858 κληρονόμοι

2226 2869 2512 2942 γενώμεθα
2552 2871 2658 2926 τῶν
2689 2873 2922 2926 αἰωνίων
2951 2875 3197 2942 ἀγαθῶν.

2394 2984 2547 3038 PllA'
2571 2984 2786 3054 (74).—-
2810 2986 3002 3053 Μαρίᾳ
3013 2985 3382 3058 βασιλίσσῃ.
3410 2990 3589 3062 [ψμζκ

732 3094 807 3143 Ne
833 3097 882 3144 in
905 3097 1088 3160 palatio
1111 3109 1223 3146 cum
1256 3097 1356 3146 tilia
1374 3101 1601 3161 Augusta
1624 3095 1816 3148 habitet
1839 3113 1850 3146 :
1873 3111 1972 3159 quo
1994 3097 2151 3160 fugiat
2172 3096 2512 3148 haereticorum
2549 3097 2866 3148 consortium.
2907 3097 3108 3160 (Baron.
3140 3112 3221 3148 an.
3252 3099 3360 3159 816,
3394 3115 3443 3150 ιι.
3469 3102 3572 3166 25.)

618 3199 840 3266 Quales,
881 3216 983 3256 nos
1014 3200 1232 3270 abjecti,
1262 3203 1350 3266 iet
1383 3204 1608 3273 quinam
1638 3219 1849 3270 sumus,
1883 3219 2022 3274 quos
2070 3205 2125 3259 in
2155 3212 2197 3267 C

551 3292 974 3346 occurrentibus
1006 3293 1272 3348 molestiis
1296 3293 1608 3359 defendere,
1639 3305 1694 3350 et
1723 3296 1978 3350 laudibus
2013 3313 2121 3350 su-

550 3398 648 3452 pra
689 3383 912 3437 modum
951 3385 1144 3439 efferre
1167 3394 1222 3440 et
1256 3400 1581 3441 consecrare
1622 3387 1842 3458 dignata
1885 3388 1955 3443 sit
1984 3403 2121 3458 prae-

550 3475 754 3530 cellens
784 3476 1086 3530 dominatio
1120 3477 1247 3530 tua?
1290 3478 1542 3534 Attamen
1578 3480 1722 3550 quod
1766 3480 1923 3534 istam
1957 3480 2124 3550 pieta-

551 3567 622 3621 tis
646 3576 752 3620 tua;
801 3567 1171 3636 dignationem
1214 3569 1639 3638 susceperimus,
1672 3585 1761 3626 res
1791 3570 1908 3640 ipsa
1960 3570 2119 3624 ﬁdem

549 3659 715 3714 faciet
743 3677 757 3713 :
791 3659 1016 3729 quando
1046 3661 1210 3714 etiam
1234 3663 1610 3716 necessarium
1650 3672 1757 3725 est,
1800 3662 2002 3717 multos
2024 3663 2122 3718 abs

550 3762 604 3806 te
632 3752 850 3806 liberari
878 3751 1012 3808 falsa
1037 3754 1369 3824 suspicione,
1405 3771 1526 3824 qu;e
1585 3756 1639 3809 in
1676 3755 1992 3824 bujusmodi
2030 3771 2123 3812 oc-

548 3843 865 3900 casionibus
911 3846 1050 3900 solet
1089 3846 1352 3916 obrepere
1408 3865 1422 3902 :
1470 3863 1570 3902 nec
1619 3848 1844 3902 mirum.
1903 3845 2122 3903 Effusus

546 3936 693 3991 enim
733 3951 918 3991 sermo
947 3952 1071 3991 cum
1107 3937 1160 3991 in
1198 3938 1400 3994 multos
1445 3939 1809 4009 dispergatur,
1853 3951 1965 3994 tum
2011 3959 2118 3996 non

547 4038 634 4084 est
659 4029 714 4082 in
733 4029 1071 4100 singulorum
1097 4046 1190 4084 ore
1217 4046 1380 4086 verus
1412 4047 1827 4102 usquequaque.
1853 4029 1966 4088 Nos
1995 4047 2122 4087 vero

547 4121 748 4192 quibus
776 4123 955 4177 verbis
989 4131 1206 4177 utemur
1249 4123 1590 4179 afflicttssimi
1649 4124 1829 4180 cordis
1861 4126 1934 4180 tui
1965 4125 2120 4180 dolo-

548 4226 664 4266 rem
687 4214 1001 4282 abstergere
1023 4213 1324 4269 conantes?
1342 4225 1434 4269 aut
1449 4230 1687 4285 quonam
1711 4215 1960 4270 molliore
1986 4231 2121 4270 con-

549 4312 698 4358 tactu
732 4306 1092 4374 asperrimum
1137 4305 1306 4360 animi
1341 4321 1564 4362 sensum
1596 4306 1764 4361 lenire
1808 4307 2122 4377 possimus?

552 4392 826 4450 Pertulisti
853 4412 980 4466 ergo
1009 4398 1029 4466 (
1061 4405 1120 4449 ut
1157 4395 1226 4450 ab
1252 4397 1410 4449 initio
1435 4399 1764 4465 provehatur
1784 4396 1962 4450 oratio
1993 4397 2011 4464 )
2039 4396 2120 4448 iu-

544 4484 752 4555 ]ustum
783 4485 1034 4558 conjugis
1059 4487 1376 4552 divortium,
1411 4487 1733 4557 abimperio
1782 4501 2000 4556 quoque
2046 4486 2120 4540 si-

2313 3204 2518 3257 Ὀποῖοι
2560 3205 2725 3275 ἡμεῖς
2773 3202 2868 3256 καὶ
2915 3203 3062 3265 τίνες
3097 3205 3146 3257 οἰ
3194 3205 3468 3271 εὐτελεῖς,
3501 3209 3806 3280 ἀπολογίας

2228 3294 2519 3366 ἠξιωμένοι
2567 3295 2660 3346 ἐπὶ
2685 3295 2799 3356 τοῖς
2831 3293 3104 3364 συμβᾶσιν
3148 3296 3410 3367 ἀνιαροῖς,
3452 3299 3591 3369 πρὸς
3620 3301 3678 3353 δὲ
3711 3305 3806 3357 καὶ

2227 3382 2468 3446 ἐπαίνοις
2514 3383 2797 3452 ὑπεράγαν
2847 3383 3240 3451 ἀφοσιωθέντες
3283 3386 3431 3458 παρὰ
3482 3389 3587 3458 τῆς
3630 3391 3804 3463 ὑπερ-

2225 3475 2385 3544 τίμου
2437 3492 2530 3527 σου
2572 3474 2890 3545 κυριότητος
2915 3491 2930 3541 ;
2957 3475 3149 3545 Ὅμως
3173 3478 3253 3530 ὅτι
3284 3479 3696 3551 ἀποὰδέγμεθα
3744 3486 3806 3537 τὸ

2227 3565 2704 3633 εὑσυγκατὰὅατόν
2736 3582 2828 3619 σου
2861 3567 2961 3638 τῆς
2989 3569 3290 3636 εὐσεϐείας,
3335 3571 3534 3639 διδάξει
3583 3574 3645 3627 τὸ
3671 3575 3806 3645 άλη-

2229 3657 2321 3721 θὲς
2345 3658 2452 3712 τῶν
2480 3660 2842 3729 πραγμάτων·
2867 3659 3139 3729 ὲπείτοιγε
3169 3663 3263 3715 καὶ
3288 3665 3606 3732 ἀναγκαῖον,
3625 3667 3806 3720 ἀπαλ-

2227 3747 2410 3814 λάξεις
2435 3749 2564 3812 τοὺς
2585 3747 2815 3812 πολλοὺς
2835 3748 3165 3817 ψευδοεποῦς
3185 3752 3524 3823 ὑπολήψεως,
3543 3755 3804 3820 εἰωθυίας

2226 3837 2285 3893 ὲν
2343 3842 2464 3903 ταῖς
2501 3839 2780 3906 τοιαύταις
2825 3841 3114 3896 ὑποθέσεσι
3156 3846 3665 3915 παρεισκρίνεσθαι,
3707 3849 3803 3901 καὶ

2227 3933 2287 3983 οὐ
2315 3931 2649 4001 θαυμαστόν.
2699 3932 3079 4004 Ῥυῖσκόμενος
3120 3935 3228 4005 γάρ
3260 3938 3289 3990 ό
3327 3935 3484 4005 λόγος
3514 3939 3800 3994 σκίδναται

2227 4023 2317 4074 ἐπὶ
2360 4022 2593 4085 πολλοῖς⁹
2619 4023 2721 4076 οὑκ
2745 4023 2884 4093 ἔχων
2914 4024 2998 4094 ἐφ’
3029 4027 3244 4097 ἑκάστῳ
3277 4027 3508 4098 τάληθὲς
3545 4029 3796 4094 ἐντελῶς.

2236 4113 2428 4182 Ἡμεῖς
2455 4112 2511 4166 δὲ
2542 4113 2713 4177 ποίοις
2738 4113 2920 4183 λόγοις
2953 4116 3288 4188 χρησόμεθα,
3336 4120 3670 4190 πειρώμενοί
3703 4140 3798 4176 σου

2227 4205 2547 4276 θεραπεύειν
2601 4207 2662 4259 τὸ
2715 4207 2878 4276 ἄλγος
2926 4209 3024 4274 τῆς
3083 4208 3422 4263 πολυωδύνου
3455 4213 3796 4285 καρδίαςςῆ

2223 4297 2333 4350 τίσι
2383 4297 2712 4368 πραοτέραις
2754 4301 2990 4368 ἐπαφαῖς
3041 4300 3250 4354 λειᾶναι
3290 4319 3380 4356 σου
3435 4303 3801 4376 δυνηθείημεν

2223 4389 2284 4442 τὸ
2311 4389 2574 4460 τραχῦνον
2597 4392 2694 4462 τῆς
2736 4391 2954 4462 ψυχῆς;
2991 4392 3268 4462 Ἤνεγκας
3306 4395 3600 4465 τοιγαροῦν
3648 4397 3715 4450 ἵν’
3737 4397 3797 4464 ἐξ

2223 4484 2396 4553 ἀρχῆς
2423 4485 2556 4555 ἡμῖν
2589 4483 2767 4553 προῒοι
2797 4487 2826 4537 ό
2855 4483 3012 4552 λόγος
3036 4501 3053 4520 ’
3085 4485 3268 4541 ἄδικον
3297 4488 3570 4557 ὁμοζύγου
3628 4507 3798 4560 χωρι-

550 4579 662 4632 mul
690 4578 906 4646 avulsa,
937 4579 1096 4650 cujus
1125 4581 1201 4635 rei
1226 4595 1394 4634 causa
1421 4593 1724 4634 concussus
1753 4587 1837 4634 est
1858 4579 2118 4632 mundus.

2226 4576 2360 4647 σμόν
2388 4580 2804 4648 ’συνεκραγεῖσα
2824 4579 2919 4631 καὶ
2946 4578 3039 4632 τοῦ
3063 4581 3317 4650 κράτους,
3349 4582 3434 4649 ἐφ’
3519 4581 3796 4651 δεδὸνηται

551 4669 918 4726 Miserandum
976 4671 1382 4743 spectaculum!
1421 4672 1679 4726 Adultera
1709 4686 2002 4740 purpuram
2035 4687 2124 4739 ge-

548 4778 696 4829 rens,
727 4772 782 4818 et
833 4765 1020 4834 regina
1075 4765 1225 4834 pullo
1258 4763 1460 4819 amictu
1489 4773 1629 4818 tecta
1657 4779 1670 4816 :
1705 4761 1907 4816 famula
1948 4762 2121 4830 impe-

549 4867 702 4918 rans,
767 4862 820 4906 et
849 4853 1070 4908 domina
1105 4855 1370 4910 serviens.
1427 4856 1604 4923 Atque
1635 4864 1694 4906 ut
1726 4865 1915 4906 canera
1956 4855 2118 4906 omit-

546 4953 684 5008 tam,
721 4946 843 5010 tibi,
873 4963 996 5015 qua:
1026 4963 1187 5018 passa
1219 4965 1299 5014 es,
1339 4948 1559 5002 notiora
1591 4961 1754 5016 quam
1787 4946 2121 5012 nobisigno-

549 5041 797 5094 rantibus
831 5059 843 5094 :
877 5042 1129 5094 exsilium
1163 5057 1257 5112 pro
1278 5043 1502 5096 veritate
1534 5040 1802 5110 pertulisti
1828 5055 1855 5092 a
1881 5038 2116 5106 propriis

549 5131 858 5186 visceribus
893 5140 1163 5199 separata.
1205 5131 1276 5182 Ex
1304 5145 1412 5198 quo
1435 5140 1488 5183 et
1519 5129 1676 5180 dolor
1706 5126 1800 5180 tibi
1845 5139 2112 5186 summus,

547 5233 601 5276 et
667 5223 939 5293 praecipua
980 5223 1098 5276 laus
1131 5237 1159 5274 a
1201 5219 1328 5282 lico,
1361 5222 1573 5290 piisquc
1622 5218 1896 5272 (minibus.
1935 5213 2114 5270 Tertia

550 5313 664 5366 lucc
703 5314 858 5383 plaga
884 5322 986 5376 est,
1023 5315 1087 5366 de
1115 5328 1244 5381 qua.
1280 5313 1404 5379 quid
1445 5313 1651 5376 deceat,
1687 5309 2113 5379 exponercjussi

622 5487 815 5542 ³εἰοιιιι.
852 5503 970 5550 xm,
1003 5486 1092 5553 ‘27,
1117 5487 1205 5540 28.
1288 5487 1305 5515 ³
1334 5486 1464 5541 Luc.
1502 5502 1616 5548 mi,
1660 5487 1723 5551 5;
1759 5502 1911 5548 ut”,
1943 5484 2017 5536 ιιι.

2221 4668 2499 4738 ὁκόσμος.
2553 4669 2813 4722 Ἐλεεινὺν
2856 4671 3062 4742 θέαμαί
3108 4672 3173 4724 Ἡ
3224 4673 3472 4742 μοιχαλὶς
3518 4691 3796 4746 πορφυρο-

2223 4757 2482 4829 φοροῦσα,
2511 4759 2604 4812 καὶ
2650 4761 2682 4828 ή
2740 4759 2947 4830 βασιλὶς
2981 4762 3442 4833 μελανειμονοῦσα
3468 4780 3481 4793 ”
3538 4767 3571 4833 ή
3634 4767 3793 4836 δούλη

2220 4850 2578 4914 δεσπόζουσα,
2618 4855 2713 4904 καὶ
2765 4853 2798 4922 η
2851 4852 3107 4907 δέσποινα
3171 4851 3493 4924 θητεύουσα.
3545 4857 3657 4910 Καὶ
3713 4857 3792 4909 ἵνα

2220 4940 2387 4992 τᾶλλα
2441 4943 2887 5012 παραδράμωμεν
2915 4959 2929 4974 °
2989 4943 3084 4996 σοῦ
3117 4945 3220 5012 τῆς
3276 4946 3557 5016 παθούσης
3593 4948 3789 5015 μᾶλλον

2221 5033 2444 5096 εἰδυίας,
2475 5035 2614 5104 ὑπὲρ
2642 5036 2786 5105 ἡμᾶς
2817 5036 2940 5096 τοὺς
2969 5037 3218 5104 ἀγνῶτας
3245 5051 3260 5066 ·
3307 5038 3549 5107 ἦνεγκας
3579 5037 3790 5107 ἐξορίαν

2225 5125 2362 5194 ὑπὲρ
2392 5124 2667 5194 ἀληθείας,
2719 5125 3055 5196 ὲκτμηθεῖσα
3082 5126 3176 5180 τοῦ
3208 5129 3430 5197 γνησίου
3463 5128 3790 5199 σπλάγχνου.

2225 5216 2514 5268 Κάνταῦθα
2539 5217 2631 5269 καὶ
2663 5219 2690 5269 ό
2739 5216 2898 5279 πόνος
2927 5217 3119 5286 μέγας,
3156 5219 3253 5271 καὶ
3284 5221 3312 5271 ὁ
3344 5219 3508 5289 ῦμνος
3537 5237 3617 5273 σοι
3650 5219 3790 5290 μάλα

2226 5307 2376 5376 παρά
2401 5323 2459 5359 τε
2493 5307 2611 5378 Θεῷ
2659 5310 2752 5361 καὶ
2776 5310 2911 5361 πᾶσι
2935 5311 3048 5373 τοῖς
3071 5309 3344 5366 εὐσεϐέσι.
3383 5311 3554 5382 Τρίτη
3609 5307 3786 5380 πληγὴ

2025 5617 2260 5675 NOTAE.

626 5692 738 5760 (74)
777 5694 834 5747 lu
868 5692 986 5748 cod.
1023 5693 1149 5763 llcg.
1186 5699 1328 5763 ρπγ’.
