4102 6374
231 301 361 364 15ξῖ1

1437 308 1972 374 EPISTOLARUM
2041 315 2186 377 LIB.
2224 317 2308 380 II.

3365 317 3502 384 1562

230 422 264 490 ἠ
296 415 565 487 παρούτιο
603 416 687 486 ἐφ’
719 410 753 490 ἦ
783 415 845 470 τὸ
869 415 986 473 δέον
1018 416 1344 490 παραδεῖξαι
1385 420 1793 491 κεκελεύσμεθα

1924 439 2140 482 sumus.
2172 425 2238 482 Et
2287 427 2392 483 alia
2427 427 2650 498 quidem
2695 428 2788 484 alii
2829 430 3298 500 pronuntiabunt:
3335 430 3501 488 tiliam

234 508 404 562 Ἀλλα
437 507 536 578 μὲν
561 502 652 560 οὖν
682 507 833 562 ἄλλοι
860 507 1185 577 φθέγξονται
1216 507 1544 563 συνέπεσθαι
1591 511 1804 580 μητέρα

227 598 625 668 θυγατρί.⁶’οτι
667 598 822 652 τοῦτο
849 601 945 653 καὶ
978 598 1191 670 θηρίοις
1236 600 1370 668 φασὶ
1420 604 1624 672 φυσικῇ
1671 598 1803 671 ὁ).κῇ

228 687 546 757 συμϐαῖνον.
576 688 705 742 Ἰδοι
735 707 818 753 τις
863 689 947 744 ἄν·
977 694 1138 762 ἡμεῖς
1174 692 1230 745 δὲ
1268 695 1317 745 οἱ
1344 694 1582 758 εὐτελεῖς
1609 695 1680 749 τὰ
1709 691 1804 749 τοῦ

225 779 520 833 Δεσπότου·
557 780 655 847 Τίς
679 785 851 837 ἐστιν
869 783 906 850 ἡ
925 784 1120 852 μήτηρ
1139 802 1259 854 μου
1280 804 1300 852 ;
1336 786 1433 840 καὶ
1462 789 1622 853 τίνες
1650 789 1808 843 εἰσὶν

226 877 280 927 οἱ
309 873 562 942 ἀδελφοί
593 892 749 943 you;
786 876 894 928 Καὶ
943 871 1099 938 αὖθις
1132 889 1148 904 ⁸
1184 877 1259 929 Ei
1280 897 1368 944 τις
1389 880 1624 947 ἔρχεται
1655 884 1804 949 πρός

216 980 314 1030 με,
334 963 432 1016 καὶ
452 965 524 1017 οὺ
541 964 838 1032 μισεῖτὴν
859 968 1169 1033 θυγατέρα,
1185 969 1295 1020 οὐκ
1323 968 1588 1037 ἓστιμου
1613 969 1804 1036 ἄξιος.

225 1054 294 1108 Ὗί
325 1055 383 1109 τὸ
416 1056 813 1127 συναγόμενον;
842 1058 903 1110 τὸ
931 1057 1028 1129 τὴν
1056 1059 1154 1130 σὴν
1177 1061 1486 1114 θεοσέϐειαν
1525 1063 1662 1115 οἴκοι
1714 1062 1808 1132 μέ-

222 1163 359 1211 νειν,
401 1148 500 1217 τῆς
531 1135 848 1218 Ᾰύγούστης
899 1149 1133 1220 ἐχούσης
1163 1152 1230 1205 τὰ
1258 1151 1505 1223 βασίλεια
1539 1153 1624 1220 ἐφ’
1649 1146 1692 1220 ᾧ
1721 1153 1806 1205 δέ-

222 1236 436 1292 δεικται
459 1240 492 1310 ή
517 1239 850 1311 εὐαγγελικὴ
891 1243 1137 1314 μάχαιρα
1165 1244 1264 1314 τὴν
1291 1245 1465 1316 τομὴν
1499 1246 1801 1314 ἐπάγουσα.

226 1327 411 1382 Ταῦτα
453 1331 751 1400 σύγγνωθι,
783 1332 1062 1400 δέσποινα,
1095 1335 1191 1389 σὺν
1233 1334 1400 1407 πολλῇ
1443 1339 1684 1408 προσοχῇ
1711 1335 1806 1390 καὶ

227 1423 426 1492 συνοχῇ
478 1422 706 1494 καρδίας
755 1423 1198 1497 τεθαρῤήκαμεν,
1227 1427 1304 1490 ὡς
1335 1427 1402 1481 ἂν
1435 1430 1516 1491 εἰς
1554 1423 1648 1490 οὖς
1680 1430 1804 1497 όμι·

223 1513 467 1579 λοῦντες,
496 1517 799 1570 ἐπιστεῖλαι
825 1517 969 1589 ὐπὲρ
994 1519 1321 1589 ἀμφοτέρων
1373 1519 1806 1592 προσευχόμενοι

221 1604 292 1659 τὰ
325 1607 607 1676 κρείττονα
638 1608 732 1662 καὶ
759 1608 993 1680 ἐχόμενα
1017 1611 1293 1683 σωτηρίας
1335 1612 1430 1666 νῦν
1456 1629 1516 1666 τε
1544 1611 1639 1666 καὶ
1669 1611 1806 1685 πρὸς

222 1696 288 1752 τὸ
311 1699 460 1770 ἑξῆς.

357 1815 510 1868 ΡΠΒ’
535 1815 671 1887 (75).
694 1847 765 1858 -
783 1817 1081 1885 Βασιλείῳ
1108 1818 1443 1890 μονάζοντι.
1481 1819 1681 1893 mittil.)

1909 517 2073 570 matri
2117 518 2336 582 adesse,
2374 533 2606 589 eamque
2657 519 2814 588 sequi
2850 528 3123 589 oportere.
3161 519 3277 575 Hoc
3329 522 3498 590 enim,

1911 613 2089 673 aiunt,
2138 612 2352 681 ipsisin
2389 611 2584 666 belluis
2620 621 2831 666 natura:
2883 613 3146 666 instinctu
3207 613 3497 684 contingit.

1909 701 2155 756 Viderint
2205 703 2280 756 illi
2314 720 2327 756 :
2367 719 2466 758 nos
2495 719 2622 757 vero
2650 704 2884 760 humiles
2931 706 3325 775 usurpabimus
3369 705 3500 760 illud

1909 793 2127 846 Domini
2175 811 2190 848 :
2238 793 2370 859 Qua:
2397 804 2474 847 est
2509 804 2678 848 mater
2706 811 2852 858 mea,
2908 804 2958 848 et
2997 798 3088 866 qui
3127 805 3251 850 sunt
3304 798 3499 866 fratres

1908 885 2009 938 mei
2032 885 2104 937 5?
2156 885 2333 955 Atque
2379 886 2576 939 iterum
2607 901 2622 938 :
2661 885 2721 940 Si
2758 889 2874 955 quis
2919 891 3055 942 venit
3092 891 3160 941 ad
3194 905 3292 953 me,
3324 899 3500 944 etnon

1909 975 2019 1027 odit
2051 975 2243 1043 ﬁliam,
2269 993 2372 1029 non
2398 987 2474 1030 est
2501 993 2580 1030 me
2600 978 2791 1046 dignus
2819 979 2860 1031 ⁸.
2895 977 3037 1044 Quid
3063 979 3501 1034 consectarium?

1909 1066 2218 1135 religiosam
2254 1071 2508 1135 pietatem
2530 1079 2677 1122 tuam
2694 1070 2839 1123 domi
2869 1086 3110 1134 manere,
3135 1072 3381 1142 Augusta
3404 1087 3500 1142 pa-

1909 1158 2098 1214 latium
2141 1160 2418 1214 obtiueute
2449 1178 2461 1214 :
2505 1161 2556 1213 in
2583 1177 2692 1230 quo
2725 1165 2973 1218 cernitur
3013 1167 3363 1236 erangelieus
3385 1167 3500 1236 gla-

1909 1253 2033 1308 dius
2083 1253 2381 1308 sectiouem
2444 1253 2724 1308 inducens.
2779 1253 2903 1311 Haec
2955 1257 3193 1328 ignosce,
3255 1259 3496 1320 domina,

1908 1360 2033 1400 cum
2090 1343 2259 1397 multa
2313 1343 2495 1397 cordis
2529 1345 2830 1398 attentione
2888 1358 2942 1400 et
2969 1347 3336 1402 sollicitudine
3377 1343 3499 1399 ausi

1910 1438 2106 1502 simus,
2147 1447 2406 1508 tanquam
2445 1438 2499 1491 in
2533 1453 2718 1492 aurem
2756 1439 3068 1508 loquentes,
3101 1442 3368 1508 scribere,
3399 1458 3500 1513 pro

1911 1527 2185 1581 ambabus
2241 1536 2467 1581 orantes
2528 1523 2757 1580 meliora
2806 1537 2859 1582 et
2889 1528 3050 1584 saluti
3108 1528 3412 1600 propriora,
3444 1538 3498 1586 et

1910 1633 2059 1672 nunc
2084 1627 2138 1672 ct
2168 1617 2222 1672 in
2254 1615 2520 1672 futurum.

2236 1817 2542 1874 CLXXXII.
2575 1849 2646 1860 ——
2673 1819 2881 1875 Basilio
2908 1821 3188 1876 monacho.

1167 1931 1246 1982 De
1270 1930 1408 1981 obitu
1431 1932 1684 1994 cujusdam
1709 1927 1991 1995 praepositae
2011 1933 2066 1978 et
2099 1927 2275 1978 decem
2296 1942 2540 1979 sororum.

293 2032 371 2086 Οὐ
399 2033 816 2104 παραιτούμεθα
841 2036 1075 2106 γράφειν
1115 2037 1205 2092 τὸν
1235 2038 1493 2094 ταπεινὸν
1522 2039 1682 2110 ἡμῶν
1713 2037 1798 2092 λό-

1979 2033 2255 2090 llumilem
2316 2051 2627 2090 sermonem
2670 2046 2920 2091 nostrum
2985 2037 3182 2092 litteris
3233 2036 3495 2093 mandare

219 2141 336 2192 γον,
364 2125 556 2189 ὁσάκις
591 2125 658 2179 ἂν
705 2126 943 2194 εὐλόγως
975 2129 1208 2202 ὲπιςητῇ
1248 2133 1282 2203 ὴ
1331 2131 1591 2202 τιμιότης
1622 2131 1799 2203 ὑμῶν*

218 2216 380 2286 εῐπερ
431 2217 526 2269 καὶ
557 2215 643 2288 εἴη
673 2217 968 2271 λυσιτελῶν
1000 2219 1148 2291 ὑμῖν.
1180 2221 1323 2276 Αὐτὸ
1351 2222 1460 2294 γὰρ
1491 2222 1652 2278 τοῦτο
1708 2223 1806 2279 καὶ

219 2305 280 2356 ἐν
303 2307 372 2376 τῇ
402 2305 1045 2380 προλαϐούσηὲπιστολῇ
1077 2311 1564 2382 ὲπεσημηνάμεθα.
1595 2312 1804 2368 Οὐκοῦν

218 2399 316 2452 καὶ
336 2399 430 2452 νῦν
463 2399 802 2470 προσιέμεθα
829 2399 1015 2464 αὐτὸν,
1045 2401 1180 2472 ὁμοῦ
1216 2402 1317 2472 μὲν
1364 2403 1797 2474 παρακλητικὸν,

128 2503 144 2517 ⁸
215 2488 356 2558 ὁμοῦ
389 2489 447 2542 δὲ
475 2489 570 2542 καὶ
603 2489 1034 2562 ὐπομνηστικόν.
1067 2491 1164 2557 Τίς
1203 2491 1262 2546 δὲ
1291 2494 1320 2546 ό
1354 2495 1800 2565 παρακλητικός;

220 2582 348 2635 Ὅτι
397 2581 584 2651 ἐπειδὴ
641 2581 952 2636 ἁπεϐίωσεν
992 2585 1050 2637 ὲν
1096 2584 1354 2658 Κυρίῳή
1411 2587 1800 2660 καθηγουμένη

219 2675 320 2729 σὺν
373 2672 641 2744 δεκαδικῷ
681 2674 901 2746 ἀριθμῷ
957 2677 1440 2749 ἁδελφότητος,ὥς
1505 2697 1668 2750 φατε,
1700 2681 1802 2734 οὐκ

216 2766 427 2830 ἀπαθὲς
453 2767 512 2819 τὸ
541 2766 748 2838 δρᾶμα,
787 2767 928 2821 ἀλλὰ
972 2772 1065 2822 καὶ
1097 2768 1216 2824 λίαν
1246 2771 1570 2826 ὲκστατικόν
1593 2787 1608 2804 ·
1649 2772 1802 2825 ὲπεῖ-

215 2872 326 2926 περ
381 2857 621 2928 κεφαλῆς
671 2856 920 2929 ἀπούσης
970 2859 1090 2913 ὅλον
1140 2861 1202 2913 τὸ
1257 2861 1418 2930 σῶμα
1458 2862 1672 2932 νεκρὸν,
1707 2863 1800 2916 καὶ

219 2946 400 3015 μελῶν
451 2948 560 3000 τῶν
619 2948 966 3018 τιμιωτάτων
1020 2951 1370 3004 ὲκκοπέντων
1407 2952 1478 3005 τὰ
1523 2953 1800 3006 ἐναπολει-

216 3039 420 3108 φθέντα
443 3041 682 3111 εἰδεχθῆ.
716 3041 972 3096 Τοιοῦτον
999 3039 1092 3096 οὖν
1113 3043 1239 3098 ὅσον
1271 3045 1332 3097 τὸ
1364 3044 1505 3099 κατὰ
1532 3045 1708 3117 σάρκα
1739 3045 1800 3100 τὸ

217 3131 460 3200 γεγονός.
530 3132 669 3186 Ἀλλ’
704 3133 893 3204 ἐπειδὴ
955 3135 1325 3204 πνευματικὰ
1373 3137 1798 3206 πνευματικοῖς

215 3224 664 3293 συγκρίνονται,
692 3225 828 3295 ὁμοῦ
855 3225 956 3296 μὲν
979 3225 1242 3298 λυπηρὸν,
1265 3226 1405 3298 ὁμοῦ
1434 3229 1490 3282 δὲ
1517 3230 1611 3282 καὶ
1638 3247 1796 3300 περι-

215 3313 383 3385 χαρὲς
411 3313 474 3366 τὸ
523 3313 734 3382 συμϐάν
768 3329 784 3345 ⁸
827 3314 888 3366 τὸ
939 3315 1037 3386 μὲν
1067 3315 1158 3368 διὰ
1193 3317 1293 3384 τὴν
1321 3316 1578 3388 στέρησιν
1601 3356 1616 3382 ,
1645 3317 1708 3370 τὸ
1739 3317 1795 3370 δὲ

1907 2139 2017 2178 non
2061 2125 2381 2189 abnuimus,
2427 2128 2642 2196 quoties
2671 2141 2796 2181 cum
2830 2128 3043 2182 ratione
3073 2127 3127 2181 id
3150 2129 3354 2196 expetit
3396 2128 3495 2182 ho—

1907 2216 2258 2272 noriﬁcentia
2328 2229 2418 2272 tua
2463 2237 2476 2273 :
2523 2219 2792 2288 siquidem
2843 2219 2894 2274 id
2957 2219 3116 2274 nobis
3137 2222 3302 2274 etiam
3359 2220 3494 2276 utile

1905 2305 2094 2361 fuerit.
2127 2306 2245 2362 Hoc
2266 2309 2413 2363 enim
2445 2311 2621 2376 ipsum
2655 2311 2982 2380 praecedenti
3013 2327 3230 2382 quoque
3257 2311 3494 2381 epistola

1905 2397 2360 2467 signiﬁcavimus.
2414 2397 2760 2470 Quapropter
2823 2400 2976 2454 illum
3004 2400 3341 2454 nuncetiam
3397 2417 3495 2456 ex-

1903 2488 2184 2556 ponimus,
2263 2491 2463 2560 partim
2545 2492 2766 2558 quidem
2839 2492 3292 2556 consolatorium,
3375 2507 3497 2561 par-

1902 2581 2001 2636 tim
2061 2594 2191 2637 γει-ο
2241 2585 2747 2640 commonitorium.
2803 2586 2921 2652 Qua
2970 2585 3026 2640 in
3068 2601 3129 2640 re
3186 2586 3495 2641 consolato-

1902 2672 2061 2726 rius?
2120 2671 2281 2740 Quia,
2345 2675 2492 2744 quod
2558 2677 2614 2730 in
2674 2676 2909 2732 Domino
2959 2678 3104 2732 diem
3151 2677 3288 2732 obiit
3353 2693 3496 2748 pra:-

1900 2763 2084 2832 posita
2157 2781 2282 2820 cum
2338 2766 2566 2822 denario
2643 2784 2877 2824 numero
2933 2785 3207 2836 sororum,
3253 2777 3315 2824 ut
3355 2769 3496 2825 dici-

1903 2857 1994 2920 tis,
2037 2873 2146 2913 non
2187 2875 2395 2915 vacuus
2434 2861 2640 2918 doloris
2676 2873 2760 2917 est
2823 2876 3030 2924 sermo,
3065 2862 3159 2917 sed
3196 2863 3289 2932 qui
3322 2864 3493 2917 vehe-

1900 2959 2112 3004 menter
2145 2953 2464 3020 perturhare
2493 2963 2731 3008 mentem
2774 2955 2956 3024 possit
2989 2973 3003 3010 :
3047 2953 3491 3025 quandoquidem

1901 3031 2080 3105 capite
2103 3041 2284 3097 ablato
2311 3052 2486 3098 totum
2523 3058 2722 3114 corpus
2742 3053 3018 3098 mortuum
3053 3054 3157 3110 est,
3181 3054 3235 3100 et
3263 3045 3492 3100 nobilis-

1900 3132 2057 3188 simis
2087 3135 2350 3190 membris
2385 3136 2668 3203 abscissis,
2716 3145 2912 3192 caetera
2946 3153 3069 3209 qua:
3133 3145 3360 3204 restant,
3392 3138 3491 3194 deo

1900 3222 2118 3278 formia.
2154 3223 2285 3280 Tale
2319 3227 2484 3298 igitur
2513 3237 2596 3282 est
2630 3227 2936 3283 secundum
2973 3243 3194 3284 carnem
3213 3230 3364 3300 quod
3399 3245 3492 3285 ac-

1898 3319 2050 3372 cidit.
2079 3317 2186 3373 Sed
2229 3320 2358 3391 quia
2390 3321 2710 3389 spiritualia
2754 3322 3124 3391 spiritualibns
3174 3338 3492 3392 comparan-

215 3405 307 3459 διὰ
334 3405 430 3476 τὴν
463 3405 676 3458 ἐλπίδα.
735 3407 1146 3476 Παρεπέμψατε
1177 3407 1592 3479 καθηγουμένην
1641 3407 1791 3478 ἱερὰν

1901 3417 1987 3461 tur
2018 3410 2078 3464 ":
2115 3420 2168 3464 et
2197 3412 2352 3466 triste
2378 3413 2542 3467 simul
2574 3422 2678 3479 est,
2718 3421 2774 3469 et
2828 3413 2993 3468 simul
3020 3391 3424 3484 perjucundum
3464 3429 3480 3466 :

214 3499 298 3551 ὅτι
347 3497 602 3568 μάλιστα,
635 3497 819 3559 καθὼς
844 3499 1142 3568 διηγεῖσθε,
1173 3499 1411 3569 ἀδελφὰς
1469 3500 1794 3568 σεϐασμίαςο

214 3590 392 3660 χαρᾶς
441 3589 718 3652 ὑπόθεσιςο
770 3590 993 3644 ἐκείνων
1025 3591 1122 3662 μὲν
1151 3591 1262 3646 τῶν
1318 3593 1794 3664 προσληφθεισῶν,

213 3681 619 3752 ἑτοιμαζουσῶν
648 3683 776 3752 ὑμῖν
803 3683 967 3735 τόπον
1016 3683 1380 3747 ἀναπαύσεως
1411 3683 1500 3738 διὰ
1529 3685 1798 3756 πρεσϐευ-

213 3775 375 3844 τικῆς
401 3773 715 3840 ἐντεύξεως,
742 3774 816 3838 ὡς
840 3774 905 3828 ἂν
931 3775 982 3827 oi
1012 3775 1635 3846 προκαταλαμϐάνοντες
1671 3776 1797 3830 καθ’

214 3867 337 3921 ὁδὸν
373 3866 442 3919 τὰ
475 3866 831 3938 καταλύματα
856 3883 871 3898 ·
915 3868 1074 3937 ἡμῶν
1123 3869 1182 3922 δὲ
1209 3868 1321 3923 τῶν
1353 3871 1794 3941 ἁπομεινάντων,

215 3963 384 4032 ἤγουν
413 3959 823 4031 ἀπομεινασῶν,
852 3959 1157 4032 ζηλούντων
1186 3960 1283 4015 καὶ
1323 3960 1604 4032 ζηλουσῶν
1655 3981 1795 4034 προ·-

214 4051 621 4106 καταλαϐέσθαι
669 4051 760 4106 τὸν
790 4051 996 4121 ἀγαθὸν
1023 4053 1162 4124 βίον,
1194 4053 1290 4107 καὶ
1319 4055 1420 4125 τὴν
1450 4054 1654 4125 σεμνὴν
1701 4071 1800 4110 πο-

213 4145 420 4200 λιτείαν
445 4162 461 4178 ο
508 4149 602 4200 καὶ
649 4146 738 4200 ἀεὶ
785 4148 903 4201 ἐκεῖ
958 4146 1266 4218 βλεπόντων
1314 4149 1412 4202 καὶ
1457 4147 1796 4218 βλεπουσῶν,

212 4239 350 4294 ὅπου
405 4239 601 4311 μικρὸν
643 4237 870 4311 ὕστερον
915 4239 1320 4313 ουντευξόμεθα
1365 4243 1433 4314 τῇ
1485 4241 1628 4296 κατὰ
1661 4242 1796 4297 Θεὸν

216 4329 388 4402 μητρὶ
417 4332 510 4384 καὶ
547 4331 667 4394 ταῖς
694 4330 968 4400 ἀδελφαῖς.
1002 4331 1108 4385 Ἴδε
1137 4332 1380 4388 τοιοῦτον
1404 4333 1467 4388 τὸ
1502 4333 1624 4388 καθ’
1647 4335 1794 4408 ὑμᾶς

213 4420 443 4492 πάθημα
508 4419 695 4475 εὔελπι
750 4423 846 4476 καὶ
886 4424 1203 4495 περιχαρὲς,
1259 4424 1356 4479 καὶ
1404 4427 1504 4498 οὐχ
1550 4426 1627 4491 ὡς
1684 4426 1794 4480 τῶν

211 4511 357 4564 κατὰ
415 4512 596 4584 σάρκα
633 4497 1006 4583 τεθνηκότων·
1057 4515 1107 4568 οἳ
1139 4514 1360 4587 θρήνοις
1393 4516 1488 4570 καὶ
1540 4519 1794 4582 κοπετοῖς

210 4592 431 4672 ἀλόγοις
486 4604 832 4676 βαλλόμενοι,
892 4607 981 4660 ῐσα
1035 4609 1147 4671 τοῖς
1206 4609 1282 4678 μὴ
1345 4608 1557 4679 ἔχουσιν
1603 4609 1793 4664 ἐλπίδα

1898 3499 2031 3554 illud
2059 3501 2279 3570 quidem
2315 3515 2535 3574 propter
2564 3504 2925 3574 privationem
2965 3521 2980 3557 :
3037 3505 3144 3560 hoc
3190 3520 3321 3560 \ero
3361 3521 3490 3576 pro-

1897 3599 2021 3662 pter
2055 3609 2230 3662 spem.
2265 3596 2555 3652 Extulistis
2580 3599 2926 3668 praepositam
2954 3613 3172 3653 summa
3196 3597 3482 3668 praeditam

1898 3683 2210 3747 sanctitate,
2269 3686 2414 3738 sicut
2471 3687 2771 3757 exponitis,
2821 3702 3041 3742 sorores
3089 3689 3484 3744 veneraudas:

1898 3771 2099 3827 laetitia:
2162 3786 2548 3845 argumentum
2584 3778 2756 3833 :dum
2807 3778 2914 3834 illa:
2949 3779 3167 3850 quidem
3220 3795 3343 3849 quae
3391 3795 3485 3835 as-

1897 3875 2130 3932 sumpta:
2157 3875 2307 3931 sunt,
2337 3869 2497 3936 quasi
2529 3869 2804 3940 legatione
2844 3870 3150 3942 funguntur
3181 3879 3240 3926 ut
3283 3871 3486 3941 quietis

1897 3953 2078 4009 locum
2127 3956 2284 4012 vobis
2344 3971 2678 4029 praeparent,
2743 3962 2887 4018 sicut
2939 3963 3035 4034 qui
3091 3962 3392 4018 diversoria
3428 3963 3484 4019 in

1897 4046 2101 4102 itinere
2131 4059 2515 4120 praeocrupant
2547 4069 2561 4105 :
2600 4067 2699 4107 vos
2744 4068 2873 4108 vero
2895 4055 2991 4125 qui
3039 4055 3235 4119 relicti,
3263 4064 3318 4110 et
3362 4071 3485 4126 qua:

1897 4137 2105 4195 relictae
2128 4141 2285 4207 estis,
2319 4141 2516 4197 bonam
2548 4145 2736 4211 vitam,
2795 4162 3127 4220 gravemque
3179 4162 3482 4204 conversa-

1893 4231 2120 4298 tionem,
2155 4243 2431 4290 maturare
2459 4238 2711 4291 certatim
2745 4240 3006 4308 studetis,
3052 4255 3376 4311 semperque
3416 4241 3484 4297 il-

1898 4321 1989 4377 luc
2018 4325 2299 4392 spectatis,
2329 4326 2420 4381 ubi
2449 4331 2800 4397 postmodum
2837 4333 3003 4388 matri
3035 4333 3090 4386 in
3125 4331 3235 4388 Deo
3269 4333 3482 4388 sorori-

1897 4411 2111 4482 busque
2139 4429 2518 4472 occurremus.
2545 4418 2694 4475 Talis
2729 4435 2923 4492 nempe
2961 4431 3141 4478 vester
3168 4432 3255 4478 est
3299 4425 3478 4493 dolor,

1894 4519 2020 4558 cum
2048 4520 2144 4575 spe
2171 4513 2227 4561 et
2254 4507 2453 4563 laetitia:
2485 4510 2848 4581 conjunctus;
2906 4530 3086 4586 neque
3118 4525 3178 4570 ut
3232 4526 3481 4572 mortuo-v

1894 4611 2016 4650 rum
2046 4597 2346 4653 secundum
2388 4615 2646 4672 carnem;
2699 4604 2796 4675 qui
2823 4607 3078 4662 lamentis
3109 4615 3163 4662 et
3195 4608 3480 4678 plangori-

208 4694 413 4762 ἔθνεσι,
447 4696 625 4769 λύπης
654 4697 1063 4768 πεπλήρωνται.
1110 4697 1211 4752 Διὰ
1254 4698 1412 4752 τοῦτο
1439 4700 1560 4753 οὐδὲ
1591 4701 1787 4770 ἐπιθη-

1901 4685 1998 4740 bus
2026 4686 2235 4794 ipsauis
2260 4693 2531 4760 oppressi,
2567 4694 2794 4764 perinde
2836 4712 2902 4752 ac
2935 4708 3124 4769 gentes
3167 4715 3290 4769 quae
3323 4715 3475 4770 spem

211 4789 364 4859 μητὴ
393 4789 576 4853 αὐτοῖς
613 4790 648 4858 ὴ
689 4799 1041 4860 μετάστασις,
1073 4791 1209 4845 ἀλλὰ
1236 4793 1330 4845 καὶ
1372 4792 1493 4846 λίαν
1528 4795 1787 4862 φευκτέα.

220 4880 389 4952 Ἥμῖν
435 4881 494 4935 δὲ
526 4878 615 4948 οἷς
649 4883 718 4937 τὸ
739 4881 848 4951 ζῇν
874 4883 1148 4951 Χριστὸς,
1198 4885 1297 4938 καὶ
1351 4885 1420 4938 τὸ
1462 4885 1790 4940 ἀποθανεῖν

206 4972 462 5042 κέρδος-ο
511 4976 686 5046 χαρᾶς
738 4977 1058 5046 περιπέτεια
1113 4978 1146 5047 ἡ
1195 4976 1454 5048 κοίμησις
1485 4977 1593 5030 τῶν
1628 4995 1791 5030 πνευσ-

209 5065 459 5136 ματικῶν
521 5067 810 5135 Πατέρων,
872 5067 946 5130 ὡς
1001 5070 1059 5121 ἐν
1121 5069 1310 5139 Κυρίῳ
1374 5069 1627 5158 ζώντωνς
1691 5073 1787 5124 καὶ

211 5157 415 5227 μᾶλλον
441 5157 542 5226 τῆς
585 5158 772 5212 ἐνθάδε
800 5158 946 5229 ζωῆς
986 5158 1315 5232 ὑψηλότερον
1363 5161 1458 5214 καὶ
1505 5157 1786 5215 Mavorti)-

202 5267 387 5322 τερον.

287 5405 718 5477 ’Λπορρίψαντες
751 5408 844 5462 οὖν
888 5409 981 5462 καὶ
1011 5409 1388 5480 ἀπορρίᾤασαι
1419 5415 1600 5466 πᾶσαν
1652 5414 1778 5468 ἄλο-

1901 4791 2009 4828 ιιοιι
2039 4775 2243 4832 habent
2268 4780 2311 4846 ⁸,
2343 4780 2569 4836 tristitia
2615 4783 2932 4854 implentur.
2975 4786 3322 4858 Quapropter
3375 4788 3506 4845 nec'

1895 4870 2134 4936 optanda
2180 4871 2290 4927 illis
2327 4883 2413 4928 est
2463 4876 2770 4946 emigratio,
2803 4880 2898 4934 sed
2947 4881 3105 4936 valde
3132 4881 3475 4952 refugienda.

1895 4956 2066 5014 Nobis
2091 4961 2240 5028 vero,
2267 4965 2457 5033 quibus
2488 4967 2653 5020 vivere
2701 4968 2945 5026 Christus
2979 4983 3080 5037 est,
3135 4984 3183 5027 et
3231 4975 3366 5028 mori
3391 4973 3479 5028 lu-

1895 5065 2048 5105 crum
2079 5054 2100 5084 ⁹
2129 5095 2143 5117 ,
2184 5055 2572 5128 inexspectata:
2620 5061 2822 5118 laetitia:
2851 5066 3072 5120 occasio
3098 5076 3181 5122 est
3212 5069 3476 5138 spiritua-

1894 5142 2028 5198 lium
2061 5145 2284 5202 Patrum
2317 5166 2488 5216 mors,
2523 5161 2776 5223 tanquam
2805 5155 2859 5210 in
2891 5155 3122 5212 Domino
3147 5159 3469 5225 viventium,

1892 5233 2003 5288 vita
2055 5237 2250 5304 multo,
2287 5255 2452 5310 quam
2483 5242 2596 5297 haec
2647 5253 2858 5309 nostra.
2909 5248 3001 5315 sit,
3043 5249 3372 5305 sublimiore
3419 5258 3474 5305 ct

1891 5325 2205 5384 immortali.

1965 5419 2301 5489 Ahjicientcs
2371 5439 2500 5495 ergo
2530 5427 2730 5498 singuli
2762 5439 2812 5484 et
2848 5431 3076 5503 singula:
3104 5447 3323 5490 omnem
3374 5432 3475 5492 tri-

274 5565 299 5599 ⁵
327 5565 517 5622 Matth.
552 5584 647 5629 xu,
670 5569 760 5624 48.
837 5578 857 5609 ο
888 5570 1020 5625 Luc.
1054 5587 1165 5638 xlv,
1189 5571 1279 5626 26.
1357 5575 1376 5601 "
1407 5575 1426 5630 l
1453 5573 1580 5630 Cur.
1607 5592 1663 5642 ιι,
1698 5577 1759 5630 13

1904 5577 1917 5630 1
1949 5580 2145 5640 Thess.
2173 5600 2246 5650 tv,
2282 5587 2366 5642 Η..
2445 5590 2464 5621 θ
2490 5590 2725 5662 Philipp.
2760 5609 2812 5658 Χ,
2853 5593 2903 5646 1.

1723 5693 1954 5750 ΝΟΤΛΕ.

279 5756 396 5825 (75)
432 5757 488 5814 In
519 5759 640 5815 cod.
677 5757 805 5831 Reg.
841 5759 981 5830 ρπδ⁹.
