4102 6374
625 325 760 391 1563

1810 324 1872 385 S.
1903 322 2297 385 THEODORI
2341 325 2692 388 STUDIT/E

3749 328 3881 394 1564

618 443 822 499 stitiam
847 457 877 498 a
914 441 1126 498 ratione
1145 440 1402 506 alienam,
1426 449 1478 496 et
1508 439 1808 511 degeneres
1866 439 2133 511 lacrymas
2174 459 2187 493 :

2311 456 2394 508 γον
2434 438 2614 510 λύπην
2638 440 2734 495 καὶ
2763 439 2989 509 ἀγεννὲς
3025 439 3283 511 δάκρυον,
3322 439 3444 494 καθ’
3478 439 3508 492 ὃ
3547 439 3878 511 κατέστησε,

619 547 782 608 prout
810 552 906 607 per
927 535 1131 592 Christi
1158 535 1397 616 gratiam
1426 533 1709 590 constituti
1735 533 1889 597 estis‘,
1934 533 2024 588 hic
2070 534 2198 605 qui-

622 629 746 684 dem
804 630 857 683 in
909 629 1142 699 regendo
1173 628 1416 682 virorum
1453 625 1770 694 domicilio;
1824 626 1939 681 haec
1976 641 2106 681 vero
2142 627 2196 681 in

621 719 884 776 domicilii
917 720 1188 789 virginum
1225 716 1551 788 praefectura
1587 736 1599 771 :
1632 715 1810 772 Sobrii
1839 724 2026 782 estote,
2065 718 2200 786 vigi-

621 812 731 867 late
762 811 827 875 ¹⁰,
864 811 1092 866 viriliter
1148 811 1308 880 agite,
1366 809 1780 879 confortamini:
1809 809 1985 862 omnia
2029 817 2199 862 vestra

621 905 676 955 in
737 902 1006 956 charitate
1045 901 1108 966 “,
1158 903 1342 954 omnia
1382 901 1437 954 in
1486 901 1866 954 mandatorum
1926 900 2196 964 custodia,

618 995 774 1066 juxta
830 995 1218 1064 praeceptiones
1248 993 1422 1048 sancti
1473 993 1680 1049 Basilii.
1741 994 1917 1063 Atque
1977 994 2095 1047 haec
2141 992 2198 1046 in

622 1085 837 1140 duobus
880 1084 1231 1139 monasteriis
1253 1083 1453 1140 vestris
1475 1083 1721 1154 vigeant;
1761 1093 1819 1137 ut
1851 1085 1971 1138 sine
2027 1083 2200 1138 oﬂen-

623 1179 781 1233 sione
807 1186 862 1231 et
891 1178 1321 1246 reprehensione
1353 1177 1520 1230 vitam
1561 1177 1845 1241 ducentes,
1886 1176 2199 1242 gloriﬁcetis

623 1269 793 1325 Deum
824 1271 880 1324 in
917 1285 1147 1340 corpore
1175 1281 1354 1326 vestro
1390 1279 1446 1325 et
1498 1271 1552 1324 in
1578 1272 1772 1340 spiritu
1801 1279 1983 1324 vestro
2016 1287 2029 1323 :
2062 1270 2199 1324 alte-

622 1377 856 1431 rumque
879 1363 946 1416 ab
975 1364 1146 1418 altero
1177 1364 1573 1418 monasterium
1605 1364 1894 1426 excitetur,
1928 1371 1983 1416 et
2012 1373 2202 1417 sancte

621 1455 943 1524 conspiret:
979 1464 1030 1510 te
1057 1455 1328 1522 videlicet,
1383 1457 1553 1510 lratre
1607 1455 1827 1524 Basilio,
1867 1455 1961 1524 qui
1997 1455 2062 1509 ad
2099 1469 2201 1510 nos

621 1547 923 1616 scripsisti,
983 1557 1038 1602 et
1083 1547 1240 1602 nobis
1289 1548 1677 1617 comprobatus
1725 1563 1806 1611 es,
1868 1547 2031 1601 simul
2058 1546 2202 1602 assi-

622 1652 822 1709 stente,
856 1659 1152 1711 curamque
1174 1643 1530 1714 participante
1549 1643 1835 1710 utriusque
1861 1639 2201 1708 monasterii,

621 1736 810 1810 quoad
830 1744 986 1806 potes
1019 1755 1032 1791 :
1072 1736 1323 1806 quamvis
1348 1735 1596 1806 praesidis
1625 1750 1764 1790 onus
1795 1750 1900 1789 non
1923 1734 2198 1790 susﬁnes:

2303 534 2486 605 χάριτι
2511 532 2751 606 Χριστοῦ
2779 550 2794 564 ·
2822 535 2852 587 ό
2880 532 2979 605 μὲν
3004 533 3098 586 ἐπὶ
3123 537 3186 604 τῇ
3219 533 3526 605 καθηγήσει
3554 531 3650 586 τοῦ
3682 535 3888 603 ἁνδρῶ’

2303 641 2412 691 νος·
2444 627 2478 697 ἡ
2508 626 2565 680 δὲ
2586 627 2679 680 ἐπὶ
2701 627 2767 697 τῇ
2799 627 3075 695 ἀφηγήσει
3103 625 3196 678 τοῦ
3233 625 3603 695 παρθενῶνος·
3624 626 3884 695 Nugas“,

2302 719 2642 789 γρηγορεῖτε
2675 760 2690 784 ,
2746 716 3094 787 ἀνδρίζεσθε
3126 759 3141 782 ,
3193 717 3590 787 κραταιοῦσθε
3618 737 3634 750 ο
3685 717 3890 773 πάντα

2304 809 2472 879 ὑμῶν
2507 810 2578 864 ἐν
2603 810 2826 880 ἀγάπῃ,
2868 810 3045 863 πάντα
3077 811 3134 862 ὲν
3185 809 3401 879 φυλακῇ
3442 810 3697 877 ἐντολῶν,
3745 815 3890 864 κατὰ

2303 904 2405 967 τὰς
2433 903 2712 976 ὑποθήκας
2741 905 2835 958 τοῦ
2867 904 3024 972 ἁγίου
3051 903 3357 958 Βασιλείου.
3384 905 3605 971 Μεταξὺ
3646 905 3704 957 δὲ
3735 905 3892 972 ὑμῶν

2303 997 2419 1048 τοῖν
2446 995 2592 1048 δυοῖν
2636 994 3015 1065 μοναστηρίων
3050 993 3294 1048 ἔστωσαν
3323 1012 3337 1026 ο
3394 997 3482 1050 ἵνα
3537 997 3896 1064 ἀπρόσκοπον

2306 1087 2399 1140 καὶ
2443 1088 2700 1157 ἀνένοχον
2755 1086 2870 1156 βίον
2905 1085 3210 1150 διανύοντες
3251 1088 3346 1140 καὶ
3385 1087 3699 1141 διανύουσαι
3724 1128 3741 1151 ,
3807 1088 3896 1140 δο-

2309 1179 2508 1248 ξάσητε
2533 1178 2624 1232 τὸν
2668 1177 2801 1232 Θεὸν
2835 1181 2893 1232 ὲν
2938 1178 3017 1248 τῷ
3075 1177 3289 1247 σώματι
3335 1179 3490 1249 ὑμῶν
3548 1180 3645 1232 καὶ
3703 1181 3764 1231 ὲν
3820 1177 3896 1248 τῷ

2309 1270 2581 1340 πνεύματι
2642 1270 2797 1339 ὑμῶν
2822 1289 2835 1302 ·
2894 1271 3081 1342 ἕτερον
3141 1271 3232 1342 ὑφ’
3265 1271 3454 1343 ἐτέρου
3525 1275 3897 1344 μοναστήριον

2308 1362 2630 1434 θεοπρεπῶν
2683 1364 3152 1435 συγκροτούμενόν
3210 1381 3269 1416 τε
3322 1366 3418 1418 καὶ
3471 1367 3894 1436 συνιστάμενον,

2308 1455 2553 1526 δηλονότι
2586 1455 2681 1510 σοῦ
2715 1456 2810 1510 τοῦ
2833 1456 3064 1526 ἀδελφοῦ
3095 1456 3401 1520 Βασιλείου,
3434 1456 3530 1510 τοῦ
3565 1459 3662 1511 καὶ
3688 1475 3896 1527 γεγρα-

2310 1548 2469 1616 φότος
2514 1549 2667 1619 ἡμῖν,
2703 1550 2798 1603 καὶ
2838 1549 3310 1618 συνεγνωσμένου,
3358 1549 3750 1618 συμπαρόντος
3804 1547 3896 1600 καὶ

2311 1641 2954 1712 συναντιλαμϐανομένου
2979 1642 3249 1712 ἑκατέρας
3287 1641 3396 1695 τῶν
3424 1641 3602 1712 μονῶν
3632 1642 3896 1694 καθ’ὅπον

2310 1728 2421 1787 οἷόν
2450 1751 2532 1796 τε,
2567 1736 2662 1788 καὶ
2699 1735 2772 1804 μὴ
2805 1735 2887 1788 ὅτι
2917 1735 3016 1804 οὐχ
3049 1734 3270 1803 ὑπέχεις
3302 1733 3458 1802 λόγον
3520 1735 3891 1804 προεστῶτος

623 1828 719 1883 sed
753 1829 910 1898 quasi
947 1828 1218 1884 desiderio
1250 1839 1345 1883 tuo
1386 1843 1484 1898 per
1517 1828 1858 1884 snccessoris
1908 1827 2205 1898 promotio-

2311 1827 2420 1881 ἀλλ’
2445 1826 2522 1890 ὡς
2553 1827 2651 1897 τῆς
2701 1825 2945 1895 ὲφέσεώς
2999 1843 3093 1880 σου
3128 1826 3508 1898 πληρωθείσης
3541 1828 3633 1880 διὰ
3663 1827 3767 1896 τῆς
3800 1827 3892 1879 τοῦ

626 1936 747 1975 nem
787 1921 1022 1990 expleto,
1063 1923 1294 1990 tcipsum
1330 1921 1545 1977 enixius
1575 1921 1920 1985 impendens,
1955 1928 2010 1974 et
2041 1919 2198 1989 adju-

623 2026 761 2067 vans
792 2013 883 2067 ubi
905 2022 986 2068 est
1018 2028 1177 2081 opus.
1211 2012 1433 2068 Habetis
1467 2013 1672 2082 itaque,
1695 2012 1764 2066 ad
1795 2010 2205 2066 virtutisincre-

627 2113 896 2170 mentum,
932 2106 1190 2175 praeclara
1251 2105 1498 2175 exempla
1553 2120 1743 2158 eorum
1779 2119 2060 2166 earumve,
2109 2103 2204 2173 qui

625 2203 682 2250 et
733 2210 856 2264 quae
904 2194 1174 2249 obierunt.
1214 2192 1441 2248 Habetis
1486 2192 1630 2249 vitas
1671 2201 2011 2258 sanctorum,
2061 2192 2206 2261 leges

628 2285 1050 2355 sanctionesque
1098 2284 1356 2352 Patrum;
1387 2285 1620 2346 habetis,
1673 2283 1820 2354 quod
1877 2283 1966 2337 his
2029 2281 2206 2347 majus

627 2385 735 2441 est,
765 2378 1152 2432 universorum
1217 2377 1558 2432 conditorem
1612 2375 1782 2430 Deum
1827 2376 1880 2429 in
1911 2374 2089 2429 medio
2117 2389 2207 2428 ve-

626 2470 991 2540 strum,juxta
1006 2469 1179 2540 ipsius
1193 2468 1864 2538 promissionem,minime
1879 2467 2122 2522 fallacem
2138 2467 2204 2522 ¹¹.

629 2559 852 2616 Habetis
903 2570 1146 2616 sanctam
1191 2559 1474 2630 Deiparam
1536 2559 1955 2624 auxiliatriccm,
2015 2573 2208 2614 omnes

629 2661 853 2708 sanctos
871 2653 1281 2708 intercessores.
1299 2652 1526 2706 Habetis
1540 2661 1597 2706 et
1621 2652 1938 2706 tenuitatem
1963 2661 2207 2705 nostram

637 2751 947 2814 promptam
977 2752 1033 2799 et
1075 2755 1319 2814 paratam
1349 2744 1502 2800 vobis
1555 2744 1607 2798 in
1637 2744 1801 2798 bono.
1856 2741 2050 2798 Omnia
2078 2757 2209 2812 ergo

646 2835 785 2890 bene
827 2835 992 2905 agite,
1023 2837 1206 2890 omnia
1252 2835 1498 2906 paciﬁce.
1556 2835 1770 2904 Semper
1809 2835 2062 2904 gaudete;
2099 2837 2210 2888 sine

630 2925 1021 2979 intermissione
1057 2934 1205 2979 orate
1225 2942 1244 2979 :
1271 2927 1323 2978 in
1353 2924 1595 2979 omnibus
1653 2925 1856 2996 gratias
1905 2925 2065 2994 agite,
2097 2923 2210 2978 cla-

630 3026 744 3072 mat
792 3033 1019 3089 magnus
1089 3017 1387 3088 Apostolus
1435 3019 1481 3050 ²³
1526 3017 1685 3089 cujus
1723 3015 2210 3072 intercessionibus

631 3114 840 3169 utinam
871 3115 1146 3170 salvemur
1167 3121 1222 3168 et
1241 3129 1342 3168 nos
1356 3121 1410 3168 et
1429 3127 1548 3168 vos.

911 3225 1246 3282 CLXXXIII.
1279 3256 1350 3266 —
1375 3225 1515 3282 Elia:
1541 3226 1862 3296 presbytero.

2306 1920 2704 1992 προϐληθέντος
2732 1917 3019 1989 ἀναδοχῆςο
3045 1919 3245 1989 μᾶλλον
3272 1920 3464 1972 ἑαυτὸν
3491 1918 3894 1973 συνιισϐἀλλων

2305 2011 2401 2065 καὶ
2439 2010 2834 2080 συνεπαμύνων
2865 2010 2926 2064 τὰ
2955 2010 3168 2064 δέοντα.
3197 2012 3390 2081 Ἔχετε
3419 2010 3720 2082 τοιγαροῦν
3753 2011 3892 2063 καλὰ

2309 2103 2731 2173 παραδείγματα
2778 2103 2858 2164 εἰς
2890 2103 3091 2172 ἀρετῆς
3144 2103 3408 2166 ἐπίδοσιν,
3440 2103 3541 2166 τὰς
3571 2103 3892 2172 ὲκδημησά-

2309 2211 2412 2257 σας
2465 2193 2564 2246 εἴτ’
2592 2189 2685 2246 οὖν
2727 2193 2854 2262 ὲκδη
2867 2195 3166 2264 μήσαντας.
3199 2193 3393 2263 Ἔχετε
3420 2195 3550 2257 τοὺς
3603 2194 3757 2262 βίους
3787 2195 3892 2246 τῶν

2309 2285 2502 2352 ἁγίων,
2551 2283 2651 2348 τὰς
2703 2285 3028 2355 νομοθεσίας
3082 2286 3191 2340 τῶν
3243 2287 3526 2356 Πατέρων.
3577 2287 3776 2355 Ἔχετε
3835 2287 3893 2339 τὸ

2313 2375 2498 2444 μεῖζον
2545 2375 2724 2429 αὐτῶν
2767 2377 2861 2430 τὸν
2920 2376 3151 2448 ποιητὴν
3181 2377 3288 2430 τῶν
3321 2378 3459 2430 ὅλων
3484 2376 3618 2429 Θεὸν
3655 2379 3716 2429 έν
3744 2376 3892 2446 μέσῳ

2310 2469 2464 2539 ὑμῶν
2508 2469 2651 2524 κατὰ
2700 2469 2799 2540 τὴν
2847 2469 3053 2538 ἀψευδῆ
3092 2468 3256 2522 αὐτοῦ
3309 2470 3664 2537 ἐπαγγελίαν.
3699 2467 3889 2540 Ἔχετε

2309 2562 2407 2630 τὴν
2438 2559 2603 2627 ἁγίαν
2653 2559 2912 2612 Θεοτόκον
2960 2560 3269 2632 ἐπίκουρον.
3299 2561 3427 2622 τοὺς
3459 2559 3670 2624 πάντας
3704 2561 3886 2627 ἁγίους

2311 2651 2672 2723 πρεσϐευτάς.
2709 2652 2902 2722 Ἔχετε
2951 2652 3047 2706 καὶ¹
3076 2652 3172 2723 τὴν
3202 2653 3358 2722 ἡμῶν
3395 2652 3728 2721 οὐθενότητα
3759 2669 3888 2722 προ⁹

2312 2739 2660 2811 θυμουμένην
2687 2741 2813 2812 ὑμῖν
2844 2743 2902 2794 ἐν
2929 2741 3170 2810 τάγαθῷ.
3198 2742 3380 2796 Πάντα
3412 2740 3506 2794 οὖν
3530 2736 3590 2794 εὖ
3625 2731 3888 2810 πραξατε,

2314 2833 2490 2887 πάντα
2543 2835 2833 2905 εἰρηνικῶς
2890 2834 3256 2888 διατελέσατε.
3306 2833 3572 2888 Πάντοτε
3632 2838 3888 2902 χαίρετε

2311 2923 2702 2990 ἀδιαλείπτως
2719 2925 3150 2994 προσεύχεσθε·
3169 2924 3240 2978 ἐν
3256 2925 3434 2978 παντὶ
3456 2926 3889 2994 εὐχαριστεῖτε,

2313 3015 2414 3088 βοᾷ
2440 3017 2469 3069 6
2497 3018 2668 3086 μέγας
2696 3017 3042 3081 ’Δπόστολος’
3075 3009 3138 3070 οὗ
3169 3019 3290 3080 ταῖς
3310 3016 3630 3088 πρεσϐείαις
3668 3017 3895 3087 σωθείη.

2319 3123 2418 3178 μεν
2446 3107 2542 3161 καὶ
2563 3108 2723 3176 ἡμεῖς
2749 3107 2846 3160 καὶ
2875 3107 3055 3177 ὑμεῖς.

2497 3217 2646 3272 pnr'
2675 3218 2810 3290 (76).
2833 3249 2904 3261 ο-
2937 3219 3101 3288 Ἠλίᾳ
3131 3218 3532 3290 πρεσϐυτέρῳ.
3571 3207 3728 3293 {iw}

1533 3345 1610 3395 De
1643 3345 1812 3406 pueris
1843 3342 1929 3405 qui
1961 3343 2222 3405 parentum
2244 3337 2500 3388 voluntate
2531 3336 2672 3387 inviti
2698 3339 2988 3388 tondentur.

699 3432 962 3488 Osculum
990 3429 1212 3498 quidem
1253 3439 1429 3492 tuum,
1479 3429 1561 3482 vir
1591 3437 1802 3490 sancte,
1833 3425 2202 3481 venerandum

2383 3421 2458 3474 Τὸ
2487 3421 2587 3490 μὲν
2614 3419 2824 3490 φίλημά
2871 3437 2986 3484 σου,
3029 3412 3074 3472 ὦ
3132 3419 3242 3491 ίερὲ
3291 3419 3546 3490 ἄνθρωπε
3598 3419 3698 3474 τοῦ
3737 3421 3887 3484 ΘεοΞ,

631 3541 795 3598 quam
858 3525 1117 3589 maxime,
1179 3524 1430 3592 idemque
1460 3521 1768 3579 concordiae
1808 3536 2035 3576 servans
2068 3521 2208 3574 imii-

633 3617 780 3672 cium
811 3635 826 3672 :
855 3615 1210 3686 interrogatio
1238 3623 1446 3678 autem,
1475 3614 1562 3668 vix
1595 3616 1770 3669 audeo
1797 3613 2001 3677 dicere,
2065 3612 2207 3667 indi-

632 3718 806 3781 gesta.
859 3724 960 3764 nec
994 3708 1127 3764 satis
1185 3707 1465 3777 explorata
1511 3705 1807 3760 humilitati
1851 3713 2072 3760 nostrae.
2125 3703 2205 3758 Ad

632 3803 780 3857 hunc
823 3800 969 3854 enim
1003 3799 1146 3854 dicm
1187 3814 1295 3852 non
1333 3797 1708 3859 audieramus,
1753 3810 1953 3864 pueros
1983 3810 2014 3849 a
2052 3805 2209 3864 patre

630 3909 728 3964 per
782 3893 891 3948 vim
925 3906 991 3946 ac
1041 3907 1148 3945 non
1191 3898 1386 3960 sponte
1433 3893 1696 3944 detonsos
1729 3887 1919 3942 fuisse.
1968 3885 2103 3941 Nam
2159 3887 2205 3940 si

629 3983 790 4054 plane
824 3981 1061 4038 infantes
1093 3982 1150 4043 ii,
1183 3983 1296 4036 sive
1331 3987 1460 4034 ante
1484 3981 1825 4050 pubertatem
1853 4019 1867 4044 ,
1896 3996 2003 4034 non
2038 3987 2121 4032 est
2150 3978 2205 4034 in

634 4076 766 4145 ipsis
824 4075 1244 4128 voluntarium:
1293 4089 1468 4142 neque
1497 4072 1640 4127 enim
1708 4081 1918 4126 rectum
1977 4085 2006 4122 a
2039 4085 2206 4140 pravo

631 4177 865 4236 possunt
888 4167 1241 4236 dignoscere:
1269 4166 1361 4220 sed
1393 4179 1584 4218 eorum
1637 4165 1889 4229 arbitrio,
1920 4179 2044 4219 cum
2076 4165 2206 4218 ado-

633 4259 888 4325 leverint,
929 4274 1016 4312 res
1042 4265 1153 4313 tota
1185 4257 1648 4328 permittenda....

871 4436 981 4492 Res
1033 4435 1412 4507 permittenda.
1449 4433 1602 4488 Unde
1627 4434 1785 4489 nobis
1811 4448 1874 4487 ac
1901 4433 2055 4488 vobis
2085 4432 2208 4486 ani-

632 4531 708 4587 mi
741 4531 922 4586 iutura
954 4540 1040 4584 est
1071 4539 1124 4582 et
1155 4527 1404 4597 corporis
1441 4527 1611 4580 salus.
1668 4525 1772 4580 Sed
1803 4525 1869 4578 de
1918 4523 2004 4579 his
2033 4523 2202 4578 satis:

633 4623 895 4692 quoniam
927 4636 1024 4674 nec
1049 4620 1182 4673 mihi
1217 4618 1412 4687 prolixi
1442 4617 1715 4672 sermonis
1748 4624 1832 4670 est
1859 4614 2053 4679 otium,
2085 4613 2208 4670 aliis

632 4725 902 4784 occupato
931 4713 1164 4783 negouis
1193 4711 1335 4764 haud
1370 4709 1622 4764 facilibus
1677 4706 1956 4776 expeditu.
1990 4706 2066 4760 De
2093 4705 2203 4775 epi-

2314 3514 2510 3567 σεπτὸν
2534 3514 2615 3567 ὅτι
2649 3513 2902 3584 μάλιστα,
2929 3513 3024 3566 καὶ
3046 3513 3106 3566 τὸ
3129 3514 3229 3584 τῆς
3259 3513 3568 3583 συμψυχίας
3607 3515 3892 3578 ἀποσῶξον

2312 3605 2644 3678 γνώρισμα·
2703 3605 2765 3660 τδ
2807 3607 2864 3660 δὲ
2921 3605 3203 3677 ἐρώτημα,
3253 3607 3353 3658 οὐκ
3407 3603 3504 3658 οἷδ’
3525 3608 3679 3668 ὅπως
3733 3608 3890 3668 εἴπω,

2313 3699 2686 3770 ἀκατάλληλον
2735 3699 2829 3752 καὶ
2861 3699 2922 3752 οὐ
2960 3699 3399 3768 συνεγνωσμένον
3439 3701 3505 3769 τῇ
3565 3700 3894 3752 ταπεινώσει

2313 3792 2489 3861 ἡμῶν.
2538 3790 2763 3844 Οὐδέπω
2823 3791 2930 3861 γὰρ
2963 3790 3056 3844 καὶ
3088 3789 3326 3860 τήμερον
3356 3790 3700 3860 ἀκηκόαμεν,
3758 3792 3892 3861 πρὸς

2315 3884 2521 3956 πατρὸς
2569 3883 2990 3953 ἀναγκαστικῶς
3020 3884 3116 3936 καὶ
3152 3885 3255 3936 οὐκ
3289 3882 3616 3945 ἐθελουσίως
3645 3885 3892 3953 ἁποκαρ·

2315 3973 2472 4043 θῆναι
2530 3974 2744 4038 παῖδας.
2791 3974 2853 4027 Ei
2885 3974 2982 4044 μὲν
3031 3974 3140 4046 γὰρ
3174 3975 3371 4045 κομιδῇ
3425 3958 3627 4043 νῆπιοι,
3665 3976 3770 4028 εἴτ’
3802 3971 3890 4028 οὖν

2315 4066 2421 4138 πρὸ
2458 4066 2560 4134 τῆς
2593 4065 2828 4136 ἡλικίας,
2875 4066 2975 4119 οὐκ
3018 4067 3077 4118 ὲν
3129 4066 3312 4128 αὐτοῖς
3367 4065 3428 4118 τὸ
3481 4067 3742 4136 θελητόν-
3775 4069 3889 4120 οὐδὲ

2313 4160 2420 4228 γάρ
2458 4159 2564 4212 εἰσι
2593 4157 2976 4226 διαγνωστικοὶ
3032 4157 3199 4212 καλοῖ)
3235 4174 3294 4209 τε
3353 4159 3447 4210 καὶ
3480 4159 3657 4212 κακοῦ
3683 4177 3702 4190 θ
3759 4160 3889 4213 ἀλλὰ

2313 4252 2378 4319 τῇ
2413 4249 2522 4303 τῶν
2554 4249 2839 4319 φυσάντων
2889 4249 3206 4322 προαιρέσει
3261 4249 3526 4303 ἁνακτέον
3557 4250 3710 4322 [c0d.
3757 4251 3885 4323 Reg.

2314 4339 2648 4412 ἀνενεκτέον]
2681 4340 2743 4393 τὸ
2776 4342 3122 4411 apinae...”

2541 4432 2653 4502 (77)
2691 4431 2979 4486 ἀναθετέον
2999 4433 3060 4486 τὸ
3091 4435 3342 4504 πρᾶγμα.
3380 4435 3520 4504 Παρ⁹
3541 4428 3604 4489 οὗ
3635 4437 3735 4488 καὶ
3764 4436 3888 4505 ἡμῖν

2315 4523 2410 4576 καὶ
2444 4523 2571 4593 ὑμῖν
2598 4523 2660 4576 τὸ
2691 4527 2956 4596 σωτήριον
2978 4525 3156 4595 ψυχῆς
3179 4542 3256 4577 ,τε
3303 4527 3398 4578 καὶ
3456 4526 3736 4594 σώματος.
3789 4527 3888 4580 Καὶ

2316 4616 2446 4686 περὶ
2473 4616 2572 4686 μὲν
2603 4617 2807 4669 τούτων
2832 4617 2950 4680 ἅλις
2985 4635 2998 4648 ·
3031 4618 3111 4670 ὅτι
3141 4617 3278 4687 μηδὲ
3309 4618 3499 4690 καιρός
3543 4633 3638 4688 μοι
3673 4636 3885 4688 μακρη-

2315 4711 2521 4780 γορεῖν,
2539 4710 2596 4762 ὲν
2618 4709 2799 4772 ἄλλοις
2828 4709 3211 4780 ἀσχολουμένῳ
3237 4711 3560 4780 πράγμασιν
3584 4711 3687 4762 οὐκ
3717 4711 3888 4762 εὐδια-

633 4822 800 4877 scopo
852 4804 997 4870 Chii,
1039 4804 1168 4873 quid
1204 4803 1307 4857 hoc
1345 4811 1394 4855 et
1430 4800 1572 4855 istud
1613 4799 1842 4853 narras?
1868 4797 1976 4852 Nos
2027 4811 2204 4866 neque

2311 4801 2507 4867 λύτοις.
2529 4803 2664 4873 Περὶ
2694 4803 2751 4855 δὲ
2774 4802 2867 4855 τοῦ
2902 4803 3200 4856 ἐπισκόπου
3228 4802 3383 4865 Χίου,
3404 4803 3458 4855 τί
3487 4803 3647 4856 τοῦτο
3677 4805 3888 4855 κάκεῖνο

633 4898 814 4953 virum
844 4898 897 4950 in
929 4903 1282 4965 conspectum
1312 4902 1581 4955 nostrum,
1617 4890 1710 4944 ubi
1761 4889 1869 4944 huc
1915 4891 2082 4948 venit.
2117 4887 2213 4943 ad-

633 4989 908 5051 misimus,
932 4985 1265 5055 suspicionis
1301 4982 1532 5036 vitandae
1562 4995 1762 5043 causae,
1791 4994 1966 5048 neque
1988 4980 2215 5035 omnino

640 5080 761 5135 sine
798 5093 1066 5147 responso
1099 5075 1412 5132 dimisimus
1442 5092 1457 5128 :
1492 5071 1636 5143 quod
1667 5085 1846 5140 neque
1875 5071 1957 5126 fas
1989 5069 2095 5126 fuit
2129 5071 2216 5127 vel

2318 4893 2640 4964 γέγραφας;
2684 4893 2878 4962 Ἡμεῖς
2935 4891 3058 4945 οὕτε
3104 4893 3198 4946 τὸν
3254 4892 3424 4963 ἄνδρα
3474 4895 3555 4958 εἰς
3583 4893 3711 4962 ὄψιν
3741 4893 3886 4963 ἡμῶν

2318 4986 2600 5055 ἠγάγομεν
2643 4984 2942 5056 ἐληλυθότα
2987 4983 3247 5046 ἐνταῦθα,
3289 4985 3387 5047 τὰς
3415 4985 3655 5054 ὑποψίας
3680 4985 3887 5051 διαφεύ-

2321 5090 2529 5143 γοντες,
2559 5071 2684 5126 οὔτε
2709 5074 2881 5144 πάντη
2918 5072 3280 5146 ἀνυπόκριτον
3311 5075 3579 5146 εἰάσαμεν
3606 5093 3622 5106 ·
3644 5077 3726 5129 ὅτι
3759 5074 3882 5146 μηὸὲ

714 5219 759 5252 ¹⁰
791 5217 808 5272 l
838 5217 983 5273 Petr.
1017 5233 1070 5282 v,
1098 5215 1152 5270 8.
1229 5216 1270 5248 “
1293 5214 1311 5268 l
1336 5212 1464 5270 Cor.
1492 5227 1602 5276 xvn,
1647 5211 1734 5278 15,
1757 5211 1846 5265 14.
1925 5211 1968 5243 “
1988 5208 2177 5265 Matth.

2311 5211 2475 5277 ".20.
2548 5211 2638 5266 ³³1
2680 5212 2876 5266 Thess.
2911 5229 2965 5277 ν,
3006 5209 3093 5266 16.

2159 5323 2396 5382 NOTAE.

713 5403 825 5477 (76)
863 5400 1064 5477 incod.
1090 5399 1226 5469 Reg.
1267 5403 1407 5477 ρπε’.

715 5465 829 5547 (77)
862 5474 937 5527 lbi
973 5465 1555 5547 magna’sat‘islacuna
1583 5465 1640 5547 in
1667 5465 1837 5536 Regio
1865 5465 2068 5547 codice.
2088 5465 2220 5532 Quae

643 5537 824 5603 autem
855 5537 1178 5613 sequuntur,
1199 5538 1425 5594 alterius
1449 5537 1692 5613 epistolae
1713 5550 1835 5613 esse
1865 5539 1989 5605 (cui
2011 5544 2216 5613 tamen,

645 5619 774 5688 quia
811 5606 1028 5688 initi-um
1066 5613 1241 5688 deest,
1294 5609 1541 5688 appos-ita
1590 5622 1699 5688 non
1728 5679 1737 5687 .
1766 5606 1957 5688 sitsua
2009 5608 2217 5687 numeri

647 5677 816 5756 noua)
847 5685 1089 5756 indicare
1110 5682 1330 5756 videtur
1361 5678 1614 5756 S‘yllabus
1647 5677 2011 5756 Epistolarum
2041 5679 2092 5756 in
2126 5693 2211 5756 eo.

648 5762 771 5812 drtn
799 5747 1060 5808 'codicc‘:
1108 5752 1180 5804 ibi
1215 5752 1358 5803 cnim
1397 5749 1538 5800 inter
1578 5747 1930 5813 inst-iptioncs
1977 5747 2218 5812 epistolae

651 5834 768 5893 ρπεο
809 5824 962 5893 Ἠλίᾳ
1009 5819 1384 5888 πρεσϐυτέρῳ,
1420 5831 1469 5872 et
1512 5817 1751 5887 cpistola“:
1787 5815 1909 5886 ρπζ¹
1947 5816 2215 5888 Αὑὶεντίῳ

2325 5459 2654 5530 ἡγουμένῳ.
2708 5456 2886 5530 media
2935 5464 3021 5511 est
3081 5455 3366 5530 inscriptio
3421 5457 3702 5530 ΔΜακαρίῳ
3737 5457 3886 5526 μονὰ-

2318 5525 2486 5597 (avri,
2522 5525 2675 5599 ρπςν.
2708 5527 2822 5581 Etsi
2865 5537 3045 5599 autem
3083 5527 3382 5599 superioris
3416 5525 3706 5596 fragmimii
3742 5525 3888 5599 voces

2319 5597 2532 5655 ultimae
2574 5606 2894 5667 repetantur
2917 5597 3072 5651 initio
3109 5597 3447 5664 posterioris,
3473 5612 3650 5667 eoque
3677 5598 3888 5652 videan-

2318 5683 2407 5726 tur
2441 5679 2623 5738 partes
2653 5683 2776 5722 esse
2809 5668 2974 5720 unius
3005 5667 3361 5736 ejusdemque
3390 5669 3659 5736 epistolae,
3696 5669 3780 5722 cui
3811 5687 3886 5718 m-

2319 5745 2392 5796 lnl
2416 5741 2710 5795 admodum
2741 5738 2919 5799 desit;
2953 5747 3131 5790 tamen
3161 5753 3281 5804 quae
3302 5748 3629 5805 sequuntur,
3652 5740 3736 5794 vix
3763 5752 3877 5807 pos-

2316 5823 2436 5868 sent
2463 5826 2584 5867 cum
2619 5808 2995 5879 superioribus
3030 5808 3296 5863 sententia
3321 5809 3616 5865 cohmrere.
