4102 6374
225 333 370 401 1565

1388 341 1925 406 EPISTOLARUM
1995 345 2144 411 LIB.
2181 347 2267 406 II.

3327 343 3461 407 1566

220 450 445 524 θεμιτὸν
472 454 567 510 καὶ
599 455 692 510 τὸν
735 459 968 530 τυχόντα
995 457 1420 530 ἀποπέμπεσθαι
1455 476 1468 490 ·
1505 460 1581 532 μὴ
1611 460 1693 513 ὃτι
1736 477 1789 529 γε

1897 477 2061 517 unum
2099 478 2132 518 e
2161 461 2346 517 multis
2369 459 2652 531 repellere,
2711 459 2912 516 nedum
2950 459 3192 530 ejusdem
3227 457 3457 513 instituti

218 549 537 620 όμόσχημον
593 551 690 604 καὶ
749 552 1054 622 ἐπισκοπῆς
1117 553 1290 624 ὄνομα
1348 552 1784 624 κεκληρωμένον.

232 644 639 716 Ἦσμενίσαμεν
665 643 760 701 οὖν
805 647 888 702 ὅτι
916 647 1146 718 ὀψέποτε
1189 649 1514 718 ἀπενόσφισε
1565 649 1790 705 ἐπισκο-

219 735 353 807 πῆς,
381 735 637 806 ἐλόμενος
685 732 787 792 ὧδέ
825 757 926 792 που
957 740 1328 812 παρερῤίφθαι
1354 757 1368 772 ο
1398 739 1790 805 ὑποϐάλλοντες

219 821 386 877 αὑτὸν
410 825 505 878 καὶ
537 825 798 897 ἐπιτιμίῳ
827 829 1158 900 προσήκοντι
1183 845 1199 862 ο
1257 828 1447 900 ὥσπερ
1482 833 1786 901 πεποιήκα-

223 931 324 984 μεν
350 915 443 969 ἐπὶ
471 919 582 980 τοῖς
610 918 809 987 ὁμοίως
848 920 997 992 αὐτῷ
1046 921 1294 990 δράσασι.
1329 923 1438 976 Καὶ
1463 925 1491 976 ὁ
1523 923 1656 986 Θεὸς
1682 921 1789 975 τῶν

222 1005 627 1075 μετανοούντων
679 1007 822 1061 ἐστί.
873 1011 982 1063 Καὶ
1029 1011 1186 1065 τοῦτο
1232 1012 1458 1084 ἐναργὲς
1487 1013 1790 1082 ὑπόδειγμα

222 1097 511 1164 μετανοίας
555 1099 887 1170 ἐπεζήτηται
920 1102 1017 1155 καὶ
1060 1104 1190 1172 παρ’
1215 1103 1371 1173 ἡμῶν
1403 1104 1498 1158 καὶ
1528 1104 1665 1176 πρὸς
1694 1105 1790 1159 ἄλ-

217 1184 329 1239 λων
352 1187 462 1241 τῶν
497 1190 767 1260 ἰατρεύειν
813 1194 1252 1265 ἐπιτεταγμένων
1283 1197 1316 1265 ἡ
1345 1194 1436 1248 τοῦ
1468 1196 1792 1248 ὑποπεπτω-

219 1277 378 1342 κότος
423 1280 769 1352 ὑποχώρησις
817 1283 918 1353 τῆς
961 1285 1268 1356 ἐπισκοπῆς
1297 1302 1311 1316 ο
1353 1287 1446 1340 καὶ
1479 1282 1649 1358 εἷρξις
1687 1287 1790 1358 τῆς

223 1369 554 1445 ἱερουργίας,
589 1375 686 1428 σὺν
739 1377 996 1448 ἐπιτιμίῳ
1049 1379 1152 1442 ἓως
1199 1379 1394 1450 καιροῦ
1443 1382 1686 1452 είρήνης.
1727 1383 1790 1436 Ei

219 1459 314 1515 οὖν
358 1465 530 1518 ταῦτα
571 1465 916 1536 ὡμολόγηται
953 1468 1030 1539 τῷ
1071 1470 1223 1540 ἀνδρί
1256 1487 1271 1501 ο
1305 1471 1448 1534 τίνες
1470 1467 1610 1542 ἦμεν
1634 1473 1793 1542 ἡμεῖς

219 1553 573 1608 ἀποσείεσθαι
608 1555 700 1609 τὸν
736 1558 1050 1628 προσιόντα,
1081 1561 1174 1612 καὶ
1201 1560 1502 1631 ὲχθραίνειν
1528 1562 1586 1614 ἐν
1618 1561 1792 1633 τούτῳ

219 1642 380 1713 Θεῷ;
413 1645 504 1716 Μὴ
555 1647 638 1713 σὺ,
689 1641 733 1701 ὧ
765 1648 1056 1719 θαυμάσιε,
1103 1650 1314 1720 βαρέως
1359 1653 1545 1724 φέροιο
1592 1653 1687 1706 ἐπὶ
1713 1653 1792 1725 τῷ

220 1735 378 1806 ἀνδρί
405 1755 417 1767 ·
449 1736 556 1790 κᾶν
597 1739 678 1793 ὅτι
705 1740 942 1811 μάλιστα
971 1741 1006 1796 ἃ
1035 1741 1214 1810 λέγεις
1235 1744 1570 1815 πεπραχέναι
1601 1745 1787 1811 αὑτὸν,

219 1824 602 1882 ἀποδέδεικται
635 1829 812 1901 ἀληθῆ
843 1827 1016 1886 εἴναιο
1054 1833 1176 1887 ἐπεὶ
1205 1835 1363 1905 ἡμεῖς
1393 1834 1517 1888 οὔτε
1547 1836 1789 1907 ἀκηκόα-

224 1934 327 1987 μεν
380 1918 485 1982 ἓως
527 1920 622 1974 τοῦ
662 1921 950 1992 παρόντος,
1005 1923 1149 1990 οὔτε,
1201 1927 1248 1979 εί
1297 1928 1390 1981 καὶ
1447 1928 1785 1999 ἀκηκόαμεν,

223 2009 482 2080 κρίνομεν
509 2012 672 2067 αὐτὸν
725 2015 782 2067 ἐν
827 2015 1054 2080 τούτοις.
1101 2017 1414 2088 Γέγραπται
1451 2018 1558 2091 γάρ
1581 2037 1595 2051 ·
1627 2019 1722 2089 Μὴ
1757 2022 1790 2074 ό

221 2101 406 2170 νόμος
424 2102 592 2172 ἡμῶν
614 2105 800 2173 κρίνει
822 2105 930 2159 τὸν
953 2106 1283 2175 ἄνθρωπον,
1310 2108 1420 2162 ἐὰν
1449 2108 1534 2179 μὴ
1554 2111 1789 2180 ἀκούσῃ

222 2194 572 2260 παράὺτοῦ
623 2198 932 2264 πρότερον,
999 2199 1096 2253 καὶ
1135 2199 1256 2265 γνῷ
1312 2201 1370 2254 τι
1419 2203 1618 2266 ποιεῖ;
1682 2204 1791 2256 Καὶ

223 2285 390 2339 πάλιν
411 2287 439 2340 ό
479 2287 796 2354 Ἀπόστολος
824 2289 996 2359 λέγει’
1027 2292 1190 2346 Κατὰ
1219 2294 1626 2362 πρεσϐυτέρου
1648 2313 1788 2351 κατ-

221 2378 474 2476 ηγορίαν
511 2378 596 2448 μὴ
632 2381 1008 2476 .Jzupadé—zov,
1033 2382 1206 2450 ἐκτὸς
1234 2387 1286 2439 εί
1333 2386 1420 2454 μὴ
1453 2386 1550 2439 ἐπὶ
1589 2387 1698 2441 δύο
1752 2389 1790 2458 ἢ

225 2470 404 2533 τριῶν
454 2470 788 2538 μαρτύρων.
831 2470 1063 2527 Ἔπειτα
1109 2473 1230 2527 οὐδέ
1269 2475 1474 2529 τούτων
1505 2480 1792 2547 πρόκειται

225 2557 386 2627 λόγος
416 2559 450 2631 ἢ
491 2559 708 2624 ἐξουσία
740 2561 833 2616 τοῦ
865 2563 1094 2635 κρίνεινο
1118 2565 1254 2620 ἀλλὰ
1289 2567 1536 2639 περὶτοῦ
1568 2571 1790 2641 προσίε-

233 2650 357 2705 σθαι
381 2653 507 2714 τοὺς
535 2653 998 2720 ὑποπεπτωκότας
1025 2657 1124 2730 τὴν
1157 2659 1446 2727 μετάνοιαν
1480 2677 1495 2691 ·
1531 2678 1794 2732 ταμιευο-

231 2743 412 2814 μένων
440 2744 549 2800 τῶν
593 2745 698 2800 ὑπὸ
739 2745 838 2817 τῆς
883 2749 1194 2820 τιμιότητός
1236 2768 1330 2804 σου
1378 2752 1792 2826 λελεγμένων,ἢ

227 2835 460 2890 ἐνταῦθα
513 2836 687 2909 καιρῷ
721 2837 798 2908 τῷ
837 2837 1011 2891 δέοντι
1059 2842 1172 2904 τοῖς
1198 2843 1501 2912 προεστῶσι
1530 2848 1632 2914 τῆς
1672 2845 1796 2898 Ἐκ-

229 2927 498 2996 κλησίας,
539 2928 573 3000 ἢ
621 2930 680 2983 ἐν
717 2928 796 2999 τῷ
843 2929 1087 3000 μέλλοντι
1118 2931 1275 2986 αἰῶνι
1333 2933 1413 3004 τῷ
1467 2937 1629 3005 κριτῇ
1687 2935 1795 2989 τῶν

231 3021 508 3075 ἁπάντων.
540 3021 631 3074 Διὸ
680 3021 1032 3092 συμϐουλεύω
1054 3026 1120 3096 τῇ
1178 3025 1505 3096 χρηστότητι
1555 3043 1649 3080 σου
1687 3027 1793 3096 ἀφ-

1887 553 2088 619 virum,
2118 564 2171 611 et
2213 555 2522 625 episcopale
2577 567 2772 607 nomen
2802 552 3078 622 adeptum.
3113 551 3301 621 Itaque
3337 567 3461 621 gra-

1886 646 2040 700 tulati
2073 663 2261 703 sumus
2304 647 2450 717 quod
2490 645 2862 716 episcopatum
2897 643 3113 698 tandem
3160 643 3448 706 abdicarit,

1887 738 2088 807 eligens
2137 739 2223 794 vel
2252 739 2332 794 sic
2359 753 2461 808 pro
2510 737 2762 807 neglecto
2809 736 3025 791 haberi:
3060 735 3234 805 ipsum
3265 749 3460 788 conve-

1888 828 2059 883 nienti
2121 844 2289 898 paenae
2321 829 2653 899 subjecimus
2684 843 2700 882 :
2736 826 3194 898 quemadmodum
3231 827 3446 896 egimus

1889 917 1942 971 in
1989 916 2057 972 iis
2077 918 2169 988 qui
2201 917 2401 974 similia
2430 925 2835 988 perpetrarunt.
2869 915 3014 970 Deus
3064 923 3241 968 autem
3283 913 3458 982 paeni-

1888 1009 2116 1064 tentinm
2149 1019 2252 1065 est.
2282 1010 2349 1064 Et
2402 1009 2506 1064 hoc
2538 1007 2886 1063 manifestum
2941 1005 3273 1076 poenitentiae
3295 1019 3460 1074 argu-

1888 1108 2132 1155 mentum
2185 1101 2509 1169 requisitum
2566 1109 2650 1155 est
2700 1108 2812 1153 tum
2848 1114 2876 1151 a
2907 1096 3062 1152 nobis
3103 1105 3215 1150 tum
3267 1095 3335 1149 ab
3390 1095 3457 1148 iis

1889 1191 2087 1260 quibus
2119 1191 2254 1244 alios
2285 1191 2512 1244 sanandi
2541 1206 2673 1245 cura
2709 1190 3036 1244 demandata
3073 1199 3178 1252 est,
3205 1203 3328 1242 eum
3364 1188 3458 1257 qui

1889 1282 2074 1352 lapsus
2101 1293 2205 1346 est,
2227 1283 2293 1338 de
2320 1285 2635 1352 episcopatu
2663 1282 2852 1336 cedere
2877 1301 2891 1336 :
2921 1291 2973 1334 et
3008 1297 3037 1335 a
3067 1281 3239 1334 sacris
3264 1278 3457 1342 arceri,

1891 1388 2014 1428 eum
2043 1388 2203 1443 paena
2229 1374 2508 1428 subeunda
2533 1388 2704 1442 usque
2731 1374 2797 1427 ad
2829 1383 3042 1440 tempus
3071 1373 3242 1441 pacis.
3271 1371 3328 1424 Si
3347 1373 3461 1424 haec

1890 1466 2073 1536 itaque
2101 1465 2184 1519 vir
2217 1466 2308 1520 ille
2337 1481 2447 1534 pra:
2488 1480 2545 1519 se
2589 1473 2774 1534 aperte
2816 1465 2940 1518 tulit
2968 1483 2980 1517 :
3014 1463 3234 1532 quinam
3268 1478 3460 1517 sumus

1893 1574 1994 1614 nos
2023 1567 2083 1612 ut
2113 1559 2461 1613 accedentem
2488 1558 2837 1625 repellamus,
2871 1564 2924 1608 et
2955 1557 3009 1609 in
3042 1555 3226 1609 odium
3253 1555 3458 1608 idcirco

1891 1647 1984 1700 Dei
2025 1647 2410 1700 incurramus?
2459 1643 2537 1699 Ne
2595 1653 2674 1707 tu,
2730 1645 2816 1696 vir
2862 1643 3201 1707 admirande,
3252 1643 3460 1696 homini

1893 1737 1966 1792 illi
1995 1752 2348 1800 succenseas,
2397 1736 2481 1790 vel
2513 1736 2559 1790 si
2601 1735 2864 1799 maxime,
2904 1749 3024 1804 quae
3055 1733 3124 1787 ab
3157 1748 3224 1788 eo
3249 1742 3460 1802 patrata

1893 1846 2110 1895 narras,
2141 1844 2269 1883 vera
2303 1843 2422 1882 esse
2456 1835 2662 1880 constet
2697 1843 2711 1879 :
2748 1824 3180 1894 quandoquidem
3229 1838 3328 1878 nos
3367 1840 3462 1877 ne-

1892 1936 1999 1990 que
2027 1921 2080 1972 in
2105 1920 2251 1974 hunc
2281 1918 2421 1972 diem
2455 1916 2764 1969 audivimus
2813 1931 2828 1957 ε
2869 1930 2991 1978 nec,
3042 1915 3170 1968 licet
3199 1914 3462 1968 audiisse—

1892 2025 2040 2074 mus,
2072 2009 2250 2078 ipsum
2280 2007 2348 2060 de
2371 2007 2454 2061 his
2479 2004 2809 2074 iudicamus.
2843 2001 3114 2069 Scriptum
3145 2010 3228 2053 est
3275 2001 3461 2054 enim:

1893 2099 2150 2169 Nunquid
2181 2102 2264 2151 lex
2291 2106 2476 2150 nostra
2502 2094 2710 2165 judicat
2740 2092 3024 2155 hominem,
3063 2091 3164 2142 nisi
3195 2090 3341 2158 prius
3365 2105 3464 2141 au-

1891 2191 2052 2245 dierit
2074 2189 2137 2242 ab
2164 2191 2300 2258 ipso,
2329 2199 2376 2240 et
2397 2185 2689 2256 cognoverit
2742 2183 2867 2253 quid
2893 2183 3059 2250 faciat
3100 2181 3144 2212 “
3173 2183 3196 2235 ?
3235 2182 3301 2236 Et
3338 2196 3463 2234 rur-

1893 2297 2014 2337 sum
2048 2281 2342 2350 Apostolus
2363 2279 2440 2333 ait
2469 2290 2484 2331 :
2527 2277 2790 2329 Adversus
2848 2273 3203 2343 presbyterum
3229 2289 3461 2326 accusa-

1894 2375 2089 2429 tionem
2117 2373 2226 2427 noli
2260 2372 2508 2441 recipere,
2539 2369 2642 2423 nisi
2680 2366 2774 2420 sub
2816 2365 3161 2423 duobus,aut
3191 2363 3358 2418 tribus
3388 2373 3463 2416 te-

1892 2469 2060 2522 stibus
2090 2467 2156 2520 ”.
2209 2465 2419 2518 Deinde
2443 2477 2622 2531 neque
2654 2459 2798 2515 ratio
2838 2458 3080 2528 suppetit
3112 2457 3195 2512 vel
3221 2464 3462 2525 potestas

1892 2559 1960 2614 de
2000 2559 2084 2612 his
2111 2555 2412 2628 judicandi,
2438 2554 2532 2610 sed
2555 2567 2650 2608 eos
2685 2551 2776 2621 qui
2819 2565 2878 2607 se
2928 2549 3254 2620 poenitentiae
3277 2547 3462 2616 subje-

1889 2651 2090 2714 cerint,
2120 2646 2437 2702 admittendi
2469 2663 2482 2698 :
2516 2642 2813 2700 reservatis
2849 2640 2918 2696 iis
2943 2654 3066 2708 qua:
3095 2653 3125 2690 a
3159 2635 3462 2691 reverentia

1895 2752 1988 2797 tua
2016 2746 2444 2796 commemorata
2479 2744 2626 2799 sunt,
2661 2736 2746 2789 vel
2779 2733 2832 2786 in
2871 2733 2971 2785 hac
3017 2731 3126 2784 vita
3159 2735 3464 2797 Opportune

1895 2841 2161 2900 tempore,
2185 2826 2490 2899 praepositis
2522 2824 2780 2878 Ecclesia:
2803 2839 2818 2887 ;
2846 2820 2930 2875 vel
2970 2820 3022 2873 in
3049 2818 3235 2872 futuro
3263 2815 3464 2870 sarculo

1891 2921 2059 2992 judiei
2097 2919 2362 2974 omnium.
2423 2914 2785 2981 Quamobrem
2839 2919 3030 2965 auctor
3097 2922 3217 2962 sum
3277 2906 3466 2976 pietati

1900 3024 2026 3077 tua},
2066 3010 2307 3066 dimissis
2333 3007 2418 3064 his
2444 3007 2790 3062 sermonibus
2820 3016 2968 3056 nunc
2990 2999 3208 3069 quidem
3233 2997 3466 3050 Domino

230 3129 258 3165 ε
267 3113 403 3184 μένῃ
419 3112 526 3166 τῶν
542 3113 717 3182 λόγων
743 3114 966 3168 ἐκείνων
999 3118 1056 3170 ἐν
1087 3091 1331 3186 Epic-so;
1359 3091 1698 3188 εύέαριστεϊν
1719 3091 1795 3190 τῷ

1899 3106 2102 3176 gratias
2123 3119 2282 3173 agere
2319 3101 2389 3156 ob
2429 3099 2526 3154 viri
2556 3095 2937 3168 paenitentiam
2970 3094 3015 3124 “
3045 3110 3061 3158 ;
3101 3100 3161 3146 ut
3189 3091 3468 3160 adjutores

233 3181 422 3273 Κυρίῷ
447 3203 541 3256 ἐπὶ
575 3181 641 3274 τῇ
669 3202 764 3257 τοῦ
798 3204 988 3276 ἀνδρὸς
1023 3181 1302 3279 μετανοίᾳ·
1337 3181 1513 3271 dignati
1544 3181 1795 3281 auvepvol.

1899 3196 1991 3251 Dei
2054 3196 2248 3257 simus,
2306 3193 2398 3262 qui
2463 3190 2578 3244 vult
2641 3201 2859 3241 omnem
2917 3184 3191 3238 hominem
3254 3181 3464 3236 salvum

231 3295 424 3367 εἴημεν
451 3296 569 3367 Θεῷ
602 3296 681 3368 τῷ
719 3296 958 3367 φιλοῦντι
984 3297 1251 3362 σώζεσθαι
1281 3301 1458 3355 πάντα
1479 3302 1792 3372 ἄνθρωπονο

233 3387 336 3440 κάν
386 3386 560 3458 τούτῳ
605 3389 856 3458 ειρήνην
885 3389 1116 3458 ἔχωμεν
1146 3391 1296 3459 πρὸς
1338 3393 1522 3446 αὐτὸν·
1563 3393 1660 3446 διὰ
1692 3394 1797 3449 τοῦ

233 3477 458 3544 Κυρίου
484 3474 654 3546 ἡμῶν
691 3477 885 3544 Ἰησοῦ
923 3478 1200 3546 Χριστοῦ.
1226 3482 1336 3534 Καὶ
1360 3481 1513 3546 τέλος
1539 3482 1668 3536 ὅταν
1701 3485 1798 3538 λά-

235 3570 337 3639 ϐῃς
390 3568 598 3638 καιρὸν,
628 3567 784 3640 εἴπερ
830 3570 924 3622 καὶ
959 3569 1160 3640 ζητεῖς,
1195 3570 1314 3624 τότε
1347 3572 1646 3644 εύθύτητας
1674 3575 1797 3645 κρί-⁹

233 3675 366 3714 νοιο.
401 3659 476 3713 Τὸ
526 3659 584 3713 δὲ
629 3659 724 3714 νῦν
773 3659 1073 3731 προσεύχου
1108 3663 1234 3731 περὶ
1284 3663 1464 3732 ἡμῶν,
1529 3665 1800 3729 σώζεσθαι

233 3752 384 3823 ἡμᾶς
407 3751 550 3825 ψυχῇ
574 3768 634 3804 τε
673 3751 764 3805 καὶ
796 3751 1006 3822 σώματι
1039 3770 1053 3783 ·
1079 3753 1162 3807 ὅτι
1183 3753 1552 3825 ὁμολογοῦμεν
1581 3757 1801 3810 πάντων

234 3844 536 3914 ἀνθρώπων
588 3845 1026 3916 ἁμαρτωλότεροι
1068 3841 1228 3901 εἶναι.
1271 3846 1328 3898 '0
1376 3847 1580 3918 Κύριος
1630 3851 1659 3902 ὁ
1704 3849 1800 3919 ἀρ-

236 3936 593 4006 χιεπίσκοπος
671 3936 896 3990 πλεῖστά
967 3954 1026 3990 σε
1101 3937 1496 4008 προσαγόρεύει
1533 3979 1546 4000 ,
1627 3957 1800 4010 προσ·

236 4028 555 4100 αγορευθεὶς
615 4029 719 4082 ὑπὸ
747 4029 846 4100 τῆς
909 4030 1090 4100 φωνῆς
1145 4047 1237 4082 σου
1267 4044 1284 4059 ⁸
1335 4029 1458 4084 ἐπεὶ
1511 4031 1606 4086 καὶ
1663 4033 1802 4086 πάν-

237 4137 329 4183 τες
382 4120 434 4173 οί
491 4120 610 4191 μεθ’
643 4120 798 4192 ἡμῶν
850 4119 1088 4190 ἀδελφοί.
1155 4122 1407 4194 Ἐρῤωσο
1465 4124 1523 4177 ἐν
1587 4124 1802 4196 Κυρίῳ.

236 4211 457 4281 ἀδελφέ.

380 4342 528 4399 PIIA'
555 4343 690 4417 (78).
719 4343 1095 4410 -Αὐξεντίῳ
1120 4343 1449 4416 ἡγουμένῳ.
1475 4343 1658 4419 [ωδε]

1898 3287 2015 3346 lieri
2044 3287 2083 3318 ¹⁷
2121 3301 2135 3337 :
2167 3293 2221 3340 et
2248 3293 2473 3338 eatenus
2513 3294 2691 3346 pacem
2743 3277 3029 3330 habeamus
3055 3273 3124 3328 ad
3173 3273 3344 3340 ipsum
3377 3284 3469 3339 per

1902 3379 2185 3433 Dominum
2241 3383 2479 3429 nostrum
2529 3369 2716 3424 Jesum
2776 3367 3045 3424 Christum
3105 3364 3168 3416 ³⁸.
3223 3360 3470 3429 Denique

1900 3487 2023 3525 cum
2059 3469 2334 3538 acceperis
2374 3475 2611 3534 tempus,
2641 3461 2913 3532 siquidem
2947 3458 3051 3512 hoc
3080 3453 3302 3526 quaeris,
3334 3463 3468 3506 tunc

1897 3561 2137 3630 justitias
2160 3556 2431 3627 judicabis
2454 3555 2521 3608 ιθ.
2549 3551 2608 3605 lu
2637 3549 2894 3621 prazsenti
2915 3561 3048 3601 vero
3075 3561 3170 3615 pro
3194 3543 3351 3597 nobis
3371 3557 3470 3596 ora

1901 3663 1962 3706 ut
1990 3650 2124 3705 salvi
2157 3657 2270 3702 tum
2308 3647 2491 3700 animo
2519 3654 2630 3696 tum
2690 3654 2918 3710 corpore
2949 3637 3160 3693 simus:
3195 3650 3321 3688 nam
3378 3647 3472 3688 su-

1903 3759 1998 3814 pra
2049 3740 2310 3795 mortales
2369 3751 2562 3790 omnes
2619 3747 2723 3787 nos
2781 3740 3095 3800 peceatores
3129 3727 3464 3796 prolitemur.

1903 3833 2167 3888 Dominus
2194 3827 2637 3896 archiepiscopus
2666 3823 2957 3892 plurimam
2993 3819 3088 3872 tibi
3133 3818 3365 3873 salutem
3390 3816 3473 3870 di-

1905 3927 2002 3988 cit,
2033 3938 2195 3992 quem
2225 3929 2277 3974 et
2318 3929 2410 3973 tuo
2461 3916 2680 3971 nomine
2716 3912 3073 3968 salutavimus
3113 3929 3125 3963 :
3169 3908 3362 3961 deinde
3419 3915 3474 3962 et

1905 4025 2098 4065 omnes
2120 4009 2215 4080 qui
2235 4007 2520 4062 nobiscum
2553 4013 2682 4059 sunt
2714 4000 2926 4056 fratres.
2961 3997 3096 4053 Vale
3123 3997 3182 4052 in
3219 3994 3468 4055 Domino.

1903 4101 2092 4156 frater.

2161 4337 2487 4396 CLXXXIV.
2515 4367 2585 4380 —-
2615 4335 2876 4391 Auxentio
2909 4333 3206 4404 praeposito.

1249 4479 1534 4541 Respondet
1555 4482 1616 4531 ad
1634 4486 1866 4545 quasdam
1890 4485 2000 4548 ejus
2020 4474 2459 4541 interrogationes.

307 4586 382 4640 Τὸ
415 4584 514 4657 μὲν
553 4580 788 4654 γράμμα
837 4580 936 4650 τῆς
982 4579 1305 4651 τιμιότητός
1356 4597 1449 4634 σου
1481 4582 1795 4654 ἐδεξάμεθα,

1980 4583 2214 4637 Litteras
2246 4574 2676 4632 honoriﬁcentia:
2718 4580 2824 4626 tua:
2848 4569 3181 4640 accepimus,
3215 4573 3268 4621 et
3296 4564 3472 4635 quoad

239 4679 336 4732 καὶ
383 4676 461 4740 ὡς
504 4671 572 4746 ἦν
617 4677 747 4746 ημῖν
778 4673 1000 4727 δυνατὸν
1047 4672 1390 4742 ἐπήλθομενο
1423 4673 1492 4727 τὰ
1544 4676 1642 4745 μὲν
1679 4679 1804 4731 καθ’

239 4768 400 4842 ήμῶν
449 4767 697 4837 ἐγκώμια
733 4763 1064 4836 πορρωτέρω
1111 4763 1349 4833 θέμενοι,
1395 4763 1470 4828 ὡς
1515 4767 1616 4819 οὐκ
1642 4767 1808 4831 ἀξίων

239 4860 690 4930 ἐγκωμιαστικῆς
742 4859 849 4912 οὐδ’
883 4859 1017 4922 ὅλως
1085 4859 1416 4928 ἐμφάσεωςο
1469 4859 1550 4914 ὅτι
1593 4861 1668 4933 μὴ
1717 4864 1810 4916 καὶ

240 4952 684 5022 κατηγορητικῆς
703 4950 902 5020 μᾶλλον
924 4949 1304 5020 ἐπισκώψεως.
1333 4952 1487 5016 Τίνες
1508 4951 1614 5024 γὰρ
1645 4955 1810 5017 ἐσμὲν

242 5048 404 5116 ἡμεῖς
431 5047 478 5098 οἱ
515 5044 724 5115 ἀχρεῖοι
746 5085 762 5108 ,
792 5044 885 5098 καὶ
921 5044 1040 5097 οὐδὲ
1071 5044 1334 5112 ὀνόματος
1363 5041 1501 5108 ἄξιοι
1531 5039 1591 5098 οὗ
1619 5045 1807 5097 ἐπικε-

242 5137 528 5208 κλήμεθα;
579 5137 723 5208 Πρὸς
767 5135 825 5189 δέ
873 5135 940 5190 τὰ
987 5134 1385 5206 ἐπιζητηθέντα
1420 5151 1504 5187 σοι
1538 5135 1809 5202 κεφάλαια

243 5229 284 5282 Γ
291 5227 519 5298 ραφικὰ,
555 5228 697 5281 πάνυ
725 5227 1095 5297 ὲξενίσθημεν,
1130 5227 1210 5279 ὅτι
1241 5226 1339 5279 καὶ
1363 5225 1498 5296 πρὸς
1521 5226 1680 5296 ἡμῶν
1701 5229 1811 5280 τῶν

242 5319 475 5390 ἀμαθῶν
510 5320 543 5391 ἡ
569 5319 847 5391 ἐξήγησις,
875 5321 1034 5390 καίγε
1061 5320 1190 5389 περὶ
1217 5319 1473 5373 τοιούτων
1497 5319 1808 5390 ἐμφάσεων,

322 5526 364 5558 ⁸⁸
390 5525 552 5582 Joan.
575 5543 671 5592 vu,
699 5527 787 5581 51.

243 5611 432 5660 ικχιν,
467 5599 518 5652 5.

906 5524 950 5556 ¹⁸
981 5525 998 5580 I
1027 5524 1169 5582 Tim.
1192 5541 1261 5634 v,‘
1281 5527 1367 5583 19.
1445 5525 1490 5560 ⁸⁸
1524 5523 1723 5582 Ezeeh.
1755 5539 1946 5586 xum,
1978 5523 2065 5576 li.

1910 4676 2178 4743 integrum
2217 4669 2375 4724 nobis
2404 4668 2506 4721 fuit
2538 4666 2794 4736 legimus,
2815 4662 3080 4717 encomiis
3120 4659 3322 4713 nostris
3349 4673 3475 4726 pro-

1907 4766 1994 4821 cul
2024 4762 2298 4831 sepositis,
2337 4760 2507 4829 utqui
2541 4754 2935 4812 encomiastiea
2971 4750 3282 4804 laudatione
3321 4747 3472 4817 digni

1911 4858 2061 4914 nullo
2091 4855 2255 4910 modo
2287 4867 2502 4918 sumus,
2536 4851 2630 4905 sed
2671 4845 3015 4904 accusatoria
3047 4843 3226 4912 potius
3274 4855 3470 4910 expro-

1913 4947 2181 5005 bratione.
2215 4943 2446 5011 Quinam
2486 4941 2629 4996 enim
2657 4953 2850 4994 sumus
2879 4951 2980 4990 nos
3008 4932 3250 4994 inutiles,
3282 4945 3349 4984 ne
3377 4944 3477 4984 no-

1917 5042 2065 5095 mine
2094 5037 2309 5108 quidem
2337 5034 2484 5104 digni
2511 5047 2618 5103 quo
2647 5025 3072 5097 nuncupatnur?
3109 5023 3190 5078 Ad
3230 5022 3316 5076 illa
3349 5035 3478 5075 vero

1918 5130 2221 5200 Scriptura
2249 5127 2428 5196 capita
2453 5125 2520 5179 de
2549 5123 2748 5194 quibus
2779 5117 3156 5187 interrogasti,
3187 5115 3481 5170 vehemen-

1918 5234 2000 5278 ter
2052 5220 2454 5288 obstupuimos,
2495 5213 2641 5286 quod
2685 5228 2716 5266 a
2768 5213 2928 5266 nobis
2961 5209 3192 5265 indoctis
3226 5204 3479 5262 facienda

1921 5314 1991 5370 sit
2011 5311 2306 5375 enarratio,
2329 5307 2619 5378 etquidem
2648 5317 2977 5360 arcanorum
3007 5297 3300 5370 ejusmodi,
3332 5309 3474 5364 quo-

3258 5508 3302 5540 “
3331 5505 3476 5560 Psal.

2177 5521 2218 5553 "
2252 5518 2272 5574 ι
2303 5520 2441 5576 Tim.
2486 5535 2546 5582 tt,
2574 5517 2628 5573 4.
2740 5517 2782 5548 ⁸⁸
2807 5514 2964 5567 Rom.
3003 5526 3054 5577 v,
3091 5509 3142 5564 l.

1743 5684 1974 5740 NOTAE.

321 5760 431 5826 (78,)
465 5757 520 5812 ln
555 5759 677 5814 cod.
709 5757 841 5828 Reg.
877 5759 1003 5829 ρπζ.
