4102 6374
637 334 776 399 1567

1783 356 1846 418 S.
1884 352 2276 421 THEODORI
2326 361 2676 423 STUDITIE

3750 354 3890 426 15t8

628 465 752 548 rum
779 449 1101 513 dilucidatio
1128 458 1196 515 ad
1223 460 1438 522 divinos
1463 475 1675 523 tantum
1714 468 2040 541 interpretes
2076 488 2196 543 per-

2305 473 2343 528 ἀ
2387 475 2581 548 ἀνήκει
2614 474 2798 546 μόνοις
2822 476 2933 539 τοῖς
2972 473 3261 547 θεοφόροις
3288 470 3715 541 cunmm“,
3761 470 3897 546 παρ’

632 541 823 608 tinent,
856 561 886 600 a
919 548 1121 617 quibus
1143 551 1262 622 jam
1307 557 1453 612 edita
1476 568 1562 616 est
1592 560 1911 629 declaratio,
1941 541 2207 621 maxime-

629 646 738 727 que
764 635 835 690 ad
872 638 1096 695 verbum
1126 658 1157 697 a
1195 660 1394 716 magno
1417 657 1472 703 et
1498 649 1689 707 divino
1715 650 1938 710 Basilio.
1976 653 2208 727 Sumpta

630 722 795 792 igitur
853 736 1252 791 commentario
1284 738 1404 804 ejus
1433 741 1622 799 codice
1658 744 1712 799 in
1762 744 1978 815 lsaiam,
2028 750 2208 807 disces

628 830 753 883 quae
770 817 1070 890 desideras;
1091 830 1393 893 pmesertim
1412 847 1538 887 cum
1551 834 1800 905 epistolae
1817 840 2037 895 modum
2052 857 2209 897 exce-

628 904 1170 998 dat;quaintegram
1204 920 1563 990 scriptionem
1582 904 1771 998 exigit,
1797 930 1985 984 talium
2015 936 2203 987 rerum

627 995 979 1067 disceptatio.
1006 1004 1163 1070 Quod
1197 1024 1327 1064 vero
1367 1012 1451 1066 ais
1484 995 1821 1086 propositam
1850 1035 1973 1075 esse
2001 1020 2203 1080 Judaeis

627 1090 922 1148 verborum
958 1100 1370 1157 contentionem
1404 1122 1419 1158 :
1451 1107 1572 1162 sine
1601 1108 2075 1175 Christomachos.
2095 1114 2202 1170 Pa—

628 1189 770 1239 trum
799 1187 1026 1255 optime,
1054 1190 1300 1247 lnrerein
1324 1199 1668 1267 seipsos.Qui
1686 1204 1832 1257 enim
1855 1205 2204 1275 ipsiusChri-

626 1276 717 1338 sti,
747 1278 861 1333 veri
892 1278 983 1334 Dei
1001 1284 1198 1348 nostri,
1230 1286 1536 1344 doctrinam
1563 1293 1935 1364 exploserunt,
1960 1298 2054 1368 qui
2077 1314 2202 1369 apo-

625 1367 894 1423 stolorum
938 1382 1209 1442 praecepta
1259 1378 1602 1449 repulerunt,
1628 1383 1719 1452 qui
1756 1386 2001 1441 omnium
2039 1367 2200 1444 deui-

623 1474 739 1549 que
764 1461 1081 1519 divinorum
1115 1465 1337 1523 Patrum
1355 1470 1498 1527 celsa
1521 1473 1736 1544 eloquia
1753 1475 2006 1535 detestati
2033 1493 2195 1551 sunt;

625 1532 769 1605 haud
784 1567 919 1608 sane
934 1558 1224 1613 conveniat
1241 1576 1365 1615 cum
1379 1562 1465 1618 bis
1482 1567 2197 1633 ambulare,autsermonem

623 1642 899 1700 conferre.
918 1644 1090 1703 Sinite
1116 1649 1260 1714 illos,
1289 1652 1367 1707 ait
1395 1653 1685 1723 Dominus,
1709 1662 1834 1716 cwci
1865 1674 1990 1718 sunt
2024 1666 2094 1722 ".
2132 1669 2198 1724 Et

624 1736 888 1805 propheta
917 1740 994 1793 ait
1025 1756 1040 1794 :
1090 1740 1213 1797 Non
1236 1754 1315 1799 est
1355 1748 1611 1816 gaudium
1645 1753 1848 1823 impiis,
1892 1757 2030 1812 dixit
2060 1759 2198 1816 'Do-

623 1828 803 1883 minus
831 1829 898 1886 “.
935 1829 1307 1904 Praeterquam
1337 1840 1483 1893 enim
1513 1843 1661 1911 quod
1708 1847 1844 1901 nihil
1875 1849 2199 1919 juvaremur

620 1933 691 1973 ex
718 1934 911 1976 eorum
943 1924 1253 1996 colloquio;
1285 1942 1386 1985 nos
1413 1930 1564 2001 ipsos
1591 1941 1872 1994 venenatis
1897 1942 2076 1999 verbis
2101 1959 2194 2000 ve-

619 2009 703 2065 lut
746 2014 1085 2083 serpentium
1146 2018 1329 2075 aﬂlatu
1371 2021 1717 2084 laederemus.
1775 2031 1915 2086 Deus
1968 2045 2195 2093 conteret

619 2101 800 2159 demes
821 2121 1003 2160 eorum
1021 2109 1077 2162 in
1101 2127 1191 2165 ore
1213 2114 1450 2179 ipsorum
1468 2131 1487 2170 :
1506 2118 1677 2173 molas
1704 2121 1912 2177 leonum
1939 2127 2196 2199 confregit

624 2191 884 2250 Dominus
913 2198 984 2255 ".
1019 2199 1306 2259 Sufﬁciunt
1335 2204 1451 2262 hinc
1483 2208 1602 2266 tibi.
1642 2211 1781 2279 Quid
1823 2225 2002 2272 autem
2036 2191 2194 2277 nobis

617 2290 933 2344 necessario
961 2294 1327 2360 praestandum
1353 2306 1457 2365 est,
1487 2309 1548 2355 ut
1578 2302 1893 2372 placeamus
1922 2308 2198 2367 Domino?

619 2375 741 2444 Quo
767 2390 928 2449 pacto
957 2381 1160 2439 diaboli
1208 2386 1437 2458 laqueos
1473 2390 1834 2461 eﬂugiemus?
1862 2400 2116 2457 nimirum
2148 2404 2196 2461 si

617 2470 816 2540 Spiritu
875 2480 1138 2544 tanquam
1185 2477 1289 2534 alis
1357 2482 1729 2555 sublevemur,
1799 2502 1920 2558 quae
1978 2507 2195 2552 sursum

617 2572 748 2619 sunt
784 2577 1115 2634 qumrentes.
1169 2585 1293 2641 quae
1333 2589 1551 2631 sursum
1592 2589 1723 2634 sunt
1778 2584 2073 2652 sapientes,
2102 2590 2194 2645 ubi

615 2654 872 2713 Christus
893 2668 978 2715 est
999 2660 1054 2716 in
1089 2662 1314 2721 dextera
1349 2664 1445 2722 Dei
1472 2669 1671 2726 sedens
1697 2671 1744 2705 "
1768 2688 1784 2727 :
1813 2674 1958 2732 unde
1978 2687 2030 2733 et
2059 2695 2191 2736 ven-

616 2755 773 2804 turus
795 2758 881 2804 est
907 2766 1032 2806 cum
1055 2752 1266 2823 angelis
1295 2758 1520 2818 virtutis
1545 2779 1660 2820 sum
1683 2766 1736 2820 in
1772 2766 1992 2827 ﬂamma
2023 2772 2189 2845 ignis,

613 2839 909 2896 vindictam
962 2842 1204 2902 inferens
1231 2847 1300 2903 iis
1343 2851 1438 2920 qui
1469 2869 1572 2908 non
1623 2870 1888 2916 noverunt
1914 2839 2107 2932 Deum,
2139 2839 2194 2922 et

612 2930 706 3000 qui
753 2947 864 2987 non
896 2936 1161 2992 obediunt
1198 2938 1493 3012 Evangelia
1524 2946 1646 3016 ejus
1672 2946 1760 3016 ﬂ;
1813 2951 1918 3008 hoc
1950 2966 2035 3010 est
2093 2930 2193 3011 tu-

612 3021 768 3086 dmis.
790 3032 846 3079 et
869 3027 966 3097 qui
995 3032 1348 3090 consentiunt
1374 3033 1602 3103 ludatis,
1631 3048 1729 3094 aut
1756 3047 2108 3112 perversione
2130 3049 2194 3104 ti-

613 3114 701 3171 dei
729 3124 825 3171 aut
847 3120 972 3176 vitae
1004 3124 1292 3191 pravitate.

2304 560 2380 621 ὧν
2409 567 2506 622 καὶ
2532 569 2567 640 ἡ
2600 567 2929 638 διασάφησις
2966 560 3216 636 ιγεγόνσι
3236 578 3254 600 ο
3286 564 3449 634 nam
3474 563 3719 636 μάλιστα
3746 568 3895 620 ιατά

2304 661 2450 729 λέξιν
2477 662 2581 715 ὑπὸ
2617 659 2714 715 τοῦ
2762 657 3001 732 μεγάλου
3032 658 3133 713 καὶ
3160 656 3307 712 θείου
3334 655 3644 715 Βισιλείου.
3696 656 3894 713 Λαϐὼν

2306 752 2397 806 οὖν
2417 751 2478 806 τὸ
2504 752 2585 816 εἰς
2614 752 2706 806 τὸν
2741 750 2970 805 Ἠσαίαν
2997 749 3395 822 ἑρμηνευτικὸν
3422 748 3594 804 αὐτοῦ
3636 749 3891 814 πυκτίον,

2306 843 2525 915 μαθήσῃ
2556 840 2627 896 τά
2658 840 3095 912 ἐπιζητούμεναο
3126 840 3303 905 ἄλλως
3336 856 3401 893 τε
3429 840 3515 894 ὅτι
3540 839 3641 895 καὶ
3689 840 3895 911 μέτρον

2304 934 2621 1006 ὑπερϐαίνει
2650 934 2962 1006 ἐπιπολῆς,
2993 933 3123 1006 ὅλης
3177 933 3504 1005 συγγραφῆς
3559 932 3795 1004 δεσμευτι
3857 934 3893 1005 η

2302 1027 2412 1080 τῶν
2434 1027 2690 1080 τοιούτων
2712 1026 3011 1097 ἐπίκρισις.
3054 1025 3201 1098 Πρὸς
3232 1025 3292 1079 δὲ
3336 1026 3420 1081 ὅτι
3458 1027 3574 1089 τοῖς
3607 1024 3892 1088 Ἰουδαίοις

2300 1119 2605 1190 λογομαχία
2624 1118 2911 1191 πρόκειται
2931 1135 2946 1151 ’
2979 1117 3045 1173 ἔα
3070 1118 3198 1182 τοὺς
3222 1118 3668 1191 Χριστομάχους,
3694 1112 3744 1172 ὧ
3776 1119 3862 1171 ll:
3884 1149 3889 1153 -

2301 1212 2475 1282 τέρων
2512 1211 2726 1282 ἄριστε,
2777 1210 2978 1281 λυττᾷν
3032 1210 3117 1274 είς
3168 1207 3418 1272 ἑαυτούς.
3469 1209 3536 1262 Οἱ
3568 1207 3682 1279 γὰρ
3720 1208 3891 1262 αὐτοῦ

2301 1300 2539 1374 Χριστοῦ
2564 1301 2657 1356 τοῦ
2696 1300 2952 1372 ἀληθινοῦ
2981 1300 3119 1354 θεοῦ
3146 1299 3303 1371 ήμῶν
3328 1299 3428 1365 τὰς
3457 1299 3682 1369 διδαχάς
3712 1299 3891 1372 ἀπορ-

2303 1396 2652 1467 ραπίσαντες,
2690 1393 2793 1457 τάς
2826 1410 2887 1446 τε
2934 1392 3044 1447 τῶν
3075 1392 3394 1447 ἀποστόλων
3420 1390 3709 1463 ὑποθήκας
3748 1409 3893 1461 παρο

2300 1491 2593 1560 ωσάμενοι.
2617 1489 2714 1543 καὶ
2745 1486 3052 1561 συλλήϐδην
3084 1486 3305 1543 πάντων
3336 1486 3449 1541 τῶν
3471 1485 3759 1557 θεοφόρων
3794 1486 3893 1548 τὰς

2300 1581 2599 1654 ὑψηγορίας
2659 1578 3042 1651 βδελυξάμενοι
3082 1596 3099 1612 ο
3153 1579 3318 1653 σχολῇ
3364 1580 3418 1648 γ’
3454 1579 3522 1634 ἂν
3592 1578 3688 1647 ὑφ’
3731 1577 3892 1649 ἡμῶν

2306 1673 2506 1736 αὐτοὺς
2557 1672 2888 1741 ὀδηγείσθαι,
2947 1672 2982 1743 ἢ
3051 1671 3325 1741 συναίρειν
3378 1669 3561 1741 λόγον,
3617 1669 3887 1739 καθῆκον.

2302 1766 2510 1835 Ἄφετε
2542 1762 2784 1831 αὐτοὺς,
2809 1766 2839 1819 6
2887 1764 3092 1836 Κύριος
3120 1759 3266 1830 εἷπε,
3296 1763 3518 1832 τυφλοί
3543 1763 3690 1816 εισι.
3722 1763 3833 1816 Καὶ
3858 1762 3889 1815 6

2303 1858 2596 1929 Προφήτης
2625 1856 2792 1928 φησίν
2817 1871 2834 1887 ο
2879 1857 3003 1909 οὐκ
3038 1856 3171 1909 ἐστι
3198 1854 3431 1925 χαίρειν
3455 1853 3587 1920 τοῖς
3608 1852 3885 1919 ἀσεϐέσι,

2304 1949 2470 2019 λέγει
2501 1949 2736 2018 Κύριος.
2764 1946 2909 2019 Πρὸς
2936 1946 3044 2018 γὰρ
3067 1945 3147 2017 τῷ
3176 1946 3344 2018 μηδὲν
3375 1944 3712 2016 ὡφελεῖσθαι
3736 1947 3798 1998 ὲν
3818 1948 3885 2016 τῇ

2302 2042 2549 2113 συμϐολῇ
2607 2040 2704 2095 τοῦ
2755 2040 2940 2110 λόγου,
2992 2039 3092 2096 καὶ
3143 2041 3371 2105 ἑαυτοὺς
3426 2038 3887 2110 παρασλάιῐροιμεν

2298 2138 2412 2200 τοῖς
2452 2134 2681 2198 ίοϐόλοις
2716 2135 2948 2207 ῥήμασι,
2976 2135 3134 2205 δίκην
3156 2133 3333 2203 ὄφεως
3370 2135 3882 2205 φαρμακευόμενοι.

2308 2225 2366 2279 '0
2423 2226 2567 2291 Θεὸς
2611 2223 2932 2294 συντρίψει
2991 2221 3135 2289 τοὺς
3180 2221 3436 2288 ὀδόντας
3466 2220 3674 2274 αὐτῶν
3713 2220 3785 2273 ἐν
3809 2216 3888 2284 τῷ

2298 2317 2548 2387 στόματι
2581 2315 2780 2371 αὐτῶν
2808 2331 2822 2345 ·
2871 2315 2981 2380 τὰς
3012 2314 3215 2384 μύλας
3260 2310 3381 2366 τῶν
3429 2312 3706 2366 λεόντων
3736 2326 3883 2364 συν-

2296 2409 2563 2467 coxae"
2608 2411 2642 2464 ό
2689 2410 2927 2478 Κύριος.
2979 2405 3312 2462 ’ἰκανούσθω
3369 2422 3454 2460 σοι
3495 2402 3699 2459 ταῦτα.
3734 2404 3800 2457 τί
3829 2403 3883 2457 δι

2296 2499 2649 2570 ὀφειλόμενον
2675 2500 2809 2570 ἡμῖν
2851 2497 2910 2565 ἐξ
2951 2496 3276 2565 ἀναγκαίου,
3308 2496 3460 2559 ὅπως
3495 2494 3880 2565 εύαρεστήσω-

2299 2608 2399 2663 μεν
2429 2590 2507 2663 τῷ
2545 2590 2773 2662 κυρίως
2808 2589 2934 2654 Πῶς
2976 2586 3381 2660 διαφευξόμεθα
3434 2586 3535 2650 τάς
3569 2587 3758 2655 πάγας
3788 2584 3880 2637 τοῦ

2293 2683 2578 2750 διαϐόλου;
2629 2682 2881 2755 Δηλονότι
2932 2681 3227 2752 ὑπόπτεροι
3272 2677 3349 2751 τῷ
3395 2677 3671 2749 πνεύματι
3700 2678 3880 2746 γιγνό-

2299 2794 2470 2851 μενοι,
2519 2776 2592 2831 τά
2628 2776 2741 2831 ἀνω
2795 2774 3107 2845 ζητοῦντες,
3145 2771 3217 2825 τὰ
3251 2771 3365 2826 ἀνω
3416 2770 3771 2841 φρονοῦντες,
3818 2763 3880 2823 οὗ

2294 2872 2325 2926 6
2381 2867 2618 2940 Χριστός
2680 2868 2848 2931 ἐστιν,
2908 2865 2966 2917 ὲν
3025 2861 3173 2934 δεξιᾷ
3220 2861 3316 2916 ¹ιῖοῦ
3354 2861 3492 2915 Θεοῦ
3545 2859 3876 2931 καθήμενοςο

2295 2963 2390 3033 ἀφ’
2416 2955 2480 3017 οὗ
2531 2962 2628 3014 καὶ
2670 2959 2790 3030 ἣξει
2838 2958 2957 3029 μετ’
2990 2956 3241 3027 ἀγγέλων
3291 2954 3575 3025 δυνάμεως
3618 2953 3791 3007 αὐτοῦ
3821 2954 3879 3005 ὲν

2298 3055 2435 3127 πυρὶ
2493 3051 2691 3122 φλογός
2715 3067 2732 3082 ο
2785 3050 3020 3114 διδόντος
3078 3048 3361 3119 ἐκδίκησιν
3417 3048 3535 3110 τοῖς
3591 3046 3667 3115 μὴ
3714 3044 3878 3098 εἰδόσι

2217 3135 2260 3192 C
2293 3144 2449 3207 Θεὸν,
2478 3144 2716 3204 καὶτοῖς
2775 3142 2850 3213 μὴ
2902 3139 3238 3195 ὑπακούουσι
3285 3136 3367 3210 τῷ
3407 3134 3735 3208 Εύαγγελίῳ
3760 3136 3827 3189 αὖ

610 3207 731 3277 τοῦθ
795 3210 965 3284 ἤγουν
1030 3214 1328 3288 Ἰουδαίοις,
1365 3222 1460 3275 καὶ
1490 3223 1545 3277 ετ
1566 3238 1680 3279 τισι
1707 3226 2014 3301 σῦμφροσιν
2056 3234 2347 3307 Ἰουδαίων,
2373 3236 2469 3292 καὶ
2496 3236 2637 3291 κατά
2678 3207 2918 3300 πίστεως
2979 3207 3348 3306 διαστροφὴν,
3389 3234 3487 3286 καὶ
3547 3207 3713 3286 κατάί
3766 3230 3878 3303 βίου

615 3302 1005 3375 στρεύλότητα.

687 3396 812 3455 Haec
848 3401 1131 3465 meditare,
1154 3418 1189 3458 ο
1229 3404 1427 3471 amice,
1460 3406 1515 3461 in
1550 3407 1636 3464 bis
1660 3407 1877 3476 insiste,
1917 3422 1976 3467 ut
2004 3416 2189 3486 profe-

615 3494 739 3541 ctus
787 3498 913 3543 tuus
953 3489 1283 3547 manifeStus
1323 3494 1397 3550 sit
1448 3494 1503 3550 in
1535 3499 1813 3554 omnibus.
1847 3499 2111 3560 Hortatur
2139 3516 2191 3563 te

612 3574 820 3630 Paulus
866 3593 1097 3649 magnus
1156 3595 1335 3651 pra-co
1391 3585 1692 3642 veritatis:
1742 3587 1952 3644 Stultos
2012 3606 2191 3649 autem

613 3670 950 3739 quastiones,
1000 3682 1048 3725 et
1081 3671 1435 3743 genealogias,
1477 3683 1527 3729 et
1570 3680 1951 3746 contentiones,
1992 3692 2043 3737 ct
2089 3700 2192 3755 pu-

614 3776 748 3831 gnas
772 3760 1029 3820 Judaicas
1075 3764 1250 3821 devita
1270 3766 1339 3821 ".
1364 3765 1436 3822 Ut
1464 3778 1647 3825 autem
1676 3771 1730 3825 in
1767 3788 1982 3829 summa
2010 3774 2078 3831 de
2122 3778 2191 3835 iis

614 3868 740 3923 qua:
781 3857 1116 3925 proposuisti
1167 3860 1636 3929 respondeamus,
1679 3870 1855 3919 totum
1895 3880 2191 3938 argumen-

614 3953 731 4001 tum
757 3948 1076 4019 prophetice
1105 3950 1172 4006 de
1202 3953 1438 4007 adventu
1480 3961 1565 4008 est
1594 3952 1812 4011 Domini
1856 3960 2028 4014 nostri
2059 3957 2191 4015 Jesu

613 4036 820 4095 Christi
860 4059 874 4095 :
913 4040 967 4095 in
1024 4058 1136 4113 quo
1182 4052 1237 4099 et
1285 4045 1522 4117 populus
1563 4047 1660 4117 qui
1714 4048 1979 4119 expulsus
2031 4059 2188 4118 erat,

612 4132 907 4188 restitutus
952 4143 1060 4200 est,
1092 4149 1121 4188 ε
1153 4147 1391 4204 quatuor
1431 4137 1557 4193 aliis
1603 4154 1698 4195 seu
1731 4141 1980 4210 partibus
2012 4148 2190 4213 terrai,

611 4229 668 4277 et
702 4224 850 4293 quod
878 4225 934 4278 in
963 4226 1209 4281 ntanibus
1237 4228 1490 4299 descripti
1521 4242 1644 4285 sunt
1688 4234 1829 4287 muri
1853 4233 1901 4266 “
1927 4250 2081 4291 nova:
2105 4235 2195 4292 Je-

610 4315 874 4378 rusalem,
907 4316 1090 4372 crucis
1119 4318 1433 4387 passionem
1477 4318 1772 4390 signiﬁcat.
1806 4322 1990 4380 Clavis
2018 4325 2194 4397 siqui-

611 4405 736 4461 dem
766 4422 965 4464 manus
997 4418 1221 4465 sanctas
1252 4411 1527 4477 conﬁxus,
1558 4412 1814 4470 homines
1844 4417 2075 4472 retrahit
2119 4417 2190 4472 ab

612 4496 908 4556 immodica
946 4502 1159 4573 peccati
1208 4502 1530 4569 aﬂectione,
1579 4515 1636 4561 et
1682 4508 1967 4578 speciosos
2017 4510 2193 4567 reddit

612 4592 908 4664 archetypa
959 4595 1368 4665 pulchritudine
1414 4598 1802 4655 deiﬁcationis.
1848 4598 2066 4667 Quare,
2124 4601 2193 4657 ad

2367 3409 2556 3466 Ταῦτα
2588 3402 2816 3480 μελέτα,
2847 3400 3043 3473 ὣτᾶν,
3074 3409 3135 3463 ὲν
3154 3408 3371 3473 τούτοις
3411 3406 3522 3462 ἴσθι
3541 3422 3559 3440 ·
3592 3407 3683 3462 ἵνα
3718 3424 3815 3462 σου
3840 3409 3876 3478 ἡ

2290 3502 2546 3577 προκοπὴ
2567 3499 2778 3573 φανερά
2872 3503 2933 3554 ὲν
2956 3501 3113 3555 πᾶσι.
3148 3498 3591 3572 Παρακελεύεταί
3618 3516 3702 3553 σοι
3734 3498 3879 3577 I139-

2289 3597 2380 3661 λος
2425 3597 2456 3648 ό
2511 3595 2686 3665 μέγας
2724 3592 2828 3663 τῆς
2888 3592 3149 3664 ἀληθείας
3183 3591 3394 3665 κήρυξ·
3429 3588 3548 3657 Τὰς
3571 3590 3645 3645 δὲ
3671 3593 3878 3661 μωρὰς

2291 3685 2570 3755 ζητήσεις
2597 3683 2695 3737 καί
2728 3683 3137 3754 γενεαλογίας,
3180 3682 3283 3737 καί
3330 3683 3508 3751 ἕρεις,
3542 3680 3646 3735 καὶ
3672 3681 3879 3751 μάχας

2303 3776 2635 3843 Ἰουδαῒδιὰς
2660 3773 3208 3845 παραιτήσαιο.¹⁸1να
3237 3773 3297 3828 δὲ
3327 3776 3386 3828 ὲν
3415 3770 3705 3844 κεφαλαίῳ
3743 3772 3878 3843 περὶ

2291 3867 2368 3926 ὧν
2421 3870 2744 3943 προέτεινας
2791 3867 3205 3941 ἀποκριθῶμεν,
3244 3867 3368 3922 δλον
3411 3866 3475 3920 τὸ
3527 3866 3729 3937 λῆμμα
3777 3865 3879 3935 τῆς

2293 3961 2631 4035 προφητείας
2664 3959 2794 4031 περὶ
2834 3959 2936 4030 τῆς
2987 3956 3293 4030 παρουσίας
3320 3956 3417 4012 τοῦ
3465 3958 3676 4029 Κυρίου
3715 3956 3879 4028 ἡμῶν

2303 4053 2483 4128 Ἰησοῦ
2531 4051 2770 4129 Χριστοῦ
2799 4054 2977 4106 ἔστιν·
3013 4053 3073 4107 ὲν
3094 4044 3141 4120 ᾧ
3165 4051 3259 4105 καὶ
3283 4051 3315 4104 6
3336 4049 3463 4114 λαὸς
3485 4051 3515 4104 6
3543 4049 3878 4120 ἀπωσμένος

2292 4146 2672 4201 ἀνασέσωσται
2724 4147 2790 4200 ὲκ
2820 4144 2930 4201 τῶν
2959 4144 3245 4215 τεσσάρων
3284 4143 3594 4216 πτερύγων,
3628 4143 3745 4196 εἶτε
3781 4140 3879 4197 οὖν

2293 4239 2552 4311 περάτων
2594 4237 2695 4307 τῆς
2721 4235 2849 4305 γῆς.
2877 4233 2951 4289 Τό
2981 4251 3043 4288 τε
3084 4234 3186 4289 ἐπὶ
3214 4231 3337 4288 τῶν
3374 4233 3593 4304 χειρῶν
3628 4230 3875 4304 ἐζωγρα-

2292 4328 2521 4401 ςοῆσθαι
2547 4327 2622 4383 τὰ
2647 4328 2816 4398 τείχη
2844 4326 2946 4396 τῆς
2979 4327 3106 4391 νέας
3143 4326 3519 4399 Ἰερουσαλὴμ,
3549 4325 3615 4379 τὸ
3647 4342 3873 4394 σταυρι-

2293 4418 2391 4474 κδν
2422 4419 2595 4480 πάθος
2625 4418 2797 4490 δηλοῖ.
2819 4417 3085 4490 Ἐπείπερ
3114 4417 3266 4489 ἣλοις
3294 4418 3731 4489 ὲμπεπαρμένος
3754 4418 3872 4480 ταῖς

2292 4508 2478 4579 ἀγίαις
2511 4510 2720 4582 χερσὶν,
2748 4509 2949 4579 ἀφηλοτ
2994 4508 3059 4563 τὸ
3083 4507 3423 4581 ἀνθρώπινον
3450 4509 3553 4580 τῆς
3588 4508 3873 4580 ὲμπαθοῦς

2293 4602 2417 4656 καθ’
2444 4602 2719 4674 ἁμαρτίαν
2747 4601 2933 4668 ἕξεως,
2962 4601 3058 4655 καὶ⁸
3083 4600 3282 4672 ὡραιοῖ
3306 4600 3387 4672 τῷ
3407 4600 3709 4673 ἀρχετύπῳ
3742 4600 3872 4653 κάλ-

612 4686 923 4756 exemplum
951 4689 1376 4747 resurrectionis
1406 4699 1531 4762 post
1560 4698 1675 4748 tres
1703 4691 1821 4749 dies
1848 4703 2146 4765 noctesque
2168 4734 2184 4762 ,

2296 4693 2374 4749 λει
2399 4695 2500 4766 τῆς
2525 4691 2795 4757 θεὼσεως.
2836 4690 2954 4762 Ἐφ’
2983 4685 3067 4757 οἷς
3097 4691 3294 4765 μικρὸν
3321 4691 3410 4746 διὰ
3442 4692 3543 4763 τῆς
3572 4708 3873 4763 τριημερο-

611 4772 752 4829 Lava
802 4781 984 4832 oculos
1032 4787 1149 4834 tuos
1193 4780 1249 4833 in
1293 4781 1545 4848 circuitu,
1583 4791 1637 4838 et
1665 4782 1808 4853 ﬁlios
1852 4795 1971 4839 tuas
2012 4800 2191 4841 omnes

2296 4786 2491 4843 νύκτου
2521 4785 2895 4852 ἀναστάσεως,
2914 4781 3096 4854 Ἆρον
3120 4786 3329 4854 κύκλῳ
3352 4785 3494 4853 τοὺς
3523 4787 3873 4857 ὀφθαλμούς

613 4868 770 4922 uide:
797 4884 914 4924 ecce
959 4874 1267 4944 congregati
1312 4884 1436 4929 sunt
1481 4884 1535 4931 ct
1564 4887 1814 4933 venerunt
1854 4880 1924 4935 ad
1955 4888 2024 4937 te.
2073 4881 2191 4937 Viuo

2296 4896 2436 4947 σου,
2468 4879 2567 4936 καὶ
2602 4879 2693 4935 ιδε
2721 4881 2954 4947 πάντας
2992 4878 3135 4947 τοὺς
3174 4879 3348 4947 υἱούς
3374 4892 3494 4935 σου
3513 4896 3531 4913 ο
3558 4878 3695 4934 ίδοὺ
3719 4895 3867 4934 συν-

612 4975 731 5031 ego,
765 4960 896 5017 dicit
922 4961 1183 5020 Dominus
1207 4966 1277 5020 ".
1305 4966 1440 5034 Quae
1477 4977 1672 5040 postea
1698 4981 2022 5042 sequuntur,
2064 4988 2194 5030 con-

2296 4973 2566 5045 ἤχθησαν
2588 4972 2687 5028 καὶ
2714 4967 2910 5043 ἦλθον
2939 4971 3092 5042 πρὸς
3135 4971 3235 5028 σὲ.
3272 4971 3367 5026 Ζῶ
3398 4971 3540 5042 ἐγὼ,
3560 4971 3728 5043 ,λέγει
3754 4972 3867 5025 κά.

613 5066 754 5108 nexa
794 5056 1130 5125 prophetice,
1178 5058 1302 5114 laeta
1331 5067 1461 5117 sunt
1501 5070 1557 5118 et
1587 5060 1802 5128 festiva,
1831 5073 1888 5119 et
1919 5064 2077 5135 plena
2096 5065 2191 5136 ju—

2296 5083 2433 5132 ριος.
2451 5065 2727 5136 Ἐπόμενα
2755 5064 2966 5128 τούτοις
2990 5064 3063 5118 τὰ
3088 5064 3414 5136 συνημμένα
3440 5067 3507 5136 τῇ
3538 5064 3861 5136 προφητείᾳ.

613 5144 948 5215 cunditatis;
986 5156 1042 5203 et
1067 5149 1161 5219 qui
1203 5162 1360 5222 grato
1399 5161 1485 5209 est
1526 5154 1734 5223 animo,
1777 5156 2068 5228 intelliget,
2114 5157 2192 5213 si-

2296 5156 2610 5230 χαρίσματά
2631 5173 2691 5210 τε
2724 5156 2820 5210 καὶ
2846 5156 3172 5229 ἑορτάσιμα,
3211 5156 3307 5210 καὶ
3345 5157 3527 5228 πλήρη
3560 5155 3859 5226 animas“.

611 5239 842 5310 mulque
902 5241 1228 5299 acclamabit
1281 5246 1637 5316 congruentia
1687 5265 1703 5305 :
1748 5248 1998 5318 ingratus
2060 5265 2190 5307 vero

2296 5247 2386 5300 καὶ
2413 5248 2443 5300 6
2470 5247 2568 5317 μὲν
2596 5245 2917 5317 εὐγνώμων,
2941 5246 3149 5300 εἵσεται
3175 5245 3272 5300 καὶ
3294 5246 3782 5316 συνεπιφθέγξεται
3800 5242 3861 5296 τὰ

610 5333 834 5391 Judams
870 5350 1042 5408 pravo
1076 5337 1184 5392 erit
1227 5338 1411 5407 corde,
1443 5355 1508 5396 ac
1555 5356 1734 5412 neque
1780 5340 1972 5412 Vetus,
2009 5357 2185 5414 neque

2296 5339 2506 5394 ιίκότα·
2548 5340 2578 5394 6
2616 5339 2673 5393 δὲ
2696 5339 2969 5411 ἀγνώμων
3011 5341 3266 5405 Ἰουδαῖος
3306 5336 3856 5413 στρεύλοκαρδιάσει.

607 5425 823 5484 Novum
869 5428 1283 5508 Testamentum
1328 5434 1515 5490 audiet
1554 5435 1623 5491 ad
1673 5436 1930 5492 salutem.
1973 5437 2020 5491 Α
2073 5452 2183 5508 quo

2296 5433 2385 5487 καὶ
2412 5430 2540 5486 οὔτε
2574 5432 2841 5498 Παλαιᾶς,
2873 5430 2998 5486 οὔτε
3027 5432 3175 5498 Νέας
3201 5433 3476 5505 Διαθήκης
3497 5430 3857 5486 ἐπακούσεται

616 5516 924 5576 liberemur
946 5503 1266 5578 sanctorum
1312 5524 1591 5593 precibus,
1635 5525 1977 5583 sanctiﬁcate
1996 5503 2187 5592 Pater,

2296 5523 2478 5595 ὑγιῶς.
2507 5517 2585 5580 Οὖ
2613 5523 2945 5596 ρυσθείημεν
2971 5524 3157 5596 εὐχαῖς
3194 5503 3389 5597 ἁγίων,
3421 5522 3725 5596 ἡγιασμὲνε
3754 5521 3861 5574 Πά-

3065 5683 3109 5741 "
3130 5705 3175 5755 1³
3206 5706 3402 5764 Thess.
3438 5723 3476 5773 ι,
3502 5707 3555 5761 8.
3669 5708 3718 5740 ³³
3747 5703 3851 5761 Tit.

683 5703 730 5734 “
748 5701 943 5775 Matth.
975 5719 1064 5767 xv,
1105 5704 1185 5760 li.
1268 5707 1311 5739 ²¹
1341 5705 1443 5762 lsa.
1480 5719 1669 5769 XLVIII,
1700 5707 1789 5761 22!.
1887 5710 1932 5741 “
1956 5706 2099 5765 Psal.
2130 5723 2265 5775 LVII,
2301 5708 2350 5763 7.
2461 5708 2507 5740 "
2533 5706 2748 5763 Coloss.
2778 5721 2861 5773 ill,
2904 5708 2953 5763 l.

618 5787 703 5833 tu.
729 5775 782 5827 9.
861 5775 908 5806 "
931 5773 1034 5829 lsa.
1070 5790 1217 5842 ms,
1250 5776 1333 5829 18,
1412 5778 1455 5809 ⁸⁷
1483 5780 1585 5830 lsa.
1616 5793 1707 5844 ιχ,
1739 5777 1793 5832 4.
