4102 6374
255 275 392 339 i569

1418 283 1961 349 EPISTOLARUM
2016 286 2164 351 LIB.
2224 289 2307 349 ll.

3374 289 3512 356 1570

246 405 365 459 τερ,
390 389 488 445 καὶ
525 390 833 467 σωθείημεν
856 396 918 450 ὲν
941 398 1009 469 τῇ
1042 394 1293 470 βασιλείᾳ
1319 397 1430 455 τῶν
1457 395 1724 470 οὐρανῶν.
1762 397 1824 449 ὲν

1946 406 1980 451 tt
2000 397 2361 464 salvemuriu
2392 417 2559 476 regno
2587 384 2963 468 ctelorum,hin
2990 400 3214 458 Christo
3243 398 3372 458 Jesu
3399 402 3509 458 Do—

249 480 472 555 Χριστῷ
514 483 688 556 Ἰησοῦ
722 486 803 559 τῷ
837 488 1025 560 Κυρίῳ
1054 489 1233 561 ἡμῶν.
1269 490 1463 562 ’Δμήν.

354 603 507 658 ΡΠΕ¹
537 604 674 677 (79).
697 637 772 657 -ι
796 607 1109 681 Εὐδοκίμφ
1139 613 1471 684 σπαθαρίιρ.
1527 609 1713 687 [ψνε’.]

1931 489 2084 547 mino
2110 504 2320 550 nostro.
2355 496 2553 552 Amen.

2172 612 2483 671 CLXXXV.
2514 648 2582 660 —-
2611 615 2904 673 Eudocimo
2944 615 3243 683 spathario.

1417 727 1715 780 Consolatur
1737 725 1804 777 de
1821 719 2049 775 caecitate
2081 728 2359 778 oculorum.

324 823 436 877 Kal
485 825 581 896 ἀφ’
617 824 829 882 ἑαυτῶν
860 828 1339 905 ὶπαισθανόμεθα,
1386 834 1513 891 ὅσον
1558 836 1619 891 τδ
1670 836 1835 906 ἄλγος

250 917 347 970 καὶ
375 916 435 970 τὸ
466 916 638 983 πάθος
666 920 728 973 τὸ
757 921 1038 993 συμπεσὸν
1068 926 1135 996 τῇ
1162 928 1440 998 τιμιότητί
1480 944 1600 983 σου.
1624 928 1741 982 Νῦν
1778 927 1837 983 δὲ

250 1008 443 1083 ἐπειδὴ
480 1011 802 1085 ἠκούσαμέν
829 1032 924 1069 σου
954 1017 1048 1071 καὶ
1080 1019 1190 1072 τῶν
1227 1019 1682 1076 πολυστενάκτων
1719 1039 1837 1091 φω-

255 1100 389 1170 νῶν,
421 1103 805 1177 ύποδηλουσῶν
834 1109 1044 1163 ἔκαστα
1072 1110 1184 1164 τῶν
1215 1112 1642 1184 συμσεδηκότων
1679 1114 1837 1168 ἀνια-

256 1193 389 1266 ρῶν,
425 1195 588 1250 πλέον
606 1198 1050 1271 έπησθάνθημεν,
1083 1203 1178 1257 καὶ
1204 1205 1651 1280 συνηλγήσαμεν,
1694 1205 1841 1262 κατά

253 1284 321 1336 τὸ
363 1284 531 1349 είκός.
582 1285 723 1340 ’Δλλ’
756 1287 908 1358 ὅμως
929 1290 1079 1354 ὅπως
1117 1291 1185 1345 ἂν
1222 1292 1536 1364 μεθοδεύοις
1583 1293 1652 1349 τὰ
1695 1294 1840 1368 πρά-

1980 834 2072 889 Ἐι
2117 851 2214 906 per
2256 853 2358 893 nos
2405 838 2556 908 ipsos
2599 837 2994 902 sentiebamus,
3056 846 3293 907 quantus
3334 835 3514 893 doiorv

1934 936 2248 997 quantaque
2270 929 2343 983 sit
2370 930 2656 984 calamitas
2686 945 2810 1001 quae
2843 928 3042 984 accidit
3082 930 3518 986 honoriﬁcentia:

1935 1022 2062 1070 tuae.
2101 1014 2259 1071 Nune
2300 1033 2454 1081 vero,
2502 1030 2793 1090 postquam
2838 1028 2891 1075 te
2936 1020 3273 1083 audivimus,
3332 1030 3389 1076 et
3429 1021 3517 1075 lu-

1934 1115 2160 1165 ctuosas
2193 1124 2383 1174 voces,
2430 1127 2555 1182 quae
2596 1111 2877 1167 molestias
2907 1127 3047 1181 quas
3091 1128 3287 1182 passus
3326 1128 3406 1178 es,
3442 1113 3518 1170 sic

1936 1199 2167 1271 gillatim
2208 1202 2569 1268 enarrabant,
2609 1203 2847 1271 amplius
2893 1204 3193 1270 sensimus,
3234 1212 3289 1258 et
3316 1204 3531 1277 condo;

1934 1289 2141 1348 luimus
2195 1301 2256 1347 ut
2309 1306 2407 1362 par
2456 1303 2596 1349 erat.
2642 1293 2916 1349 Caeterum
2964 1308 3183 1363 quoque
3233 1294 3394 1349 modo
3447 1293 3518 1349 ad

254 1389 447 1444 γματα
475 1374 617 1430 κατά
643 1376 865 1432 δικαίαν
891 1378 1101 1435 ἔκτισιν
1137 1381 1275 1437 Θεοῦ
1307 1383 1704 1455 ἀπαντήσαντα
1732 1400 1837 1450 σοι,

1946 1378 2139 1449 iustam
2173 1380 2271 1437 Dei
2304 1383 2598 1440 vindictam
2631 1384 2751 1441 haec
2794 1384 3006 1442 referas
3038 1402 3159 1457 quae
3183 1385 3282 1440 tibi
3320 1400 3521 1442 evene-

255 1462 318 1521 εὖ
347 1466 606 1538 πράττων
630 1468 733 1523 κάν
759 1469 959 1543 τούτῳ,
1019 1472 1096 1537 ὡς
1138 1474 1341 1538 κακίας
1375 1474 1577 1543 μᾶλλον
1614 1477 1709 1531 καὶ
1740 1476 1841 1530 οὐκ

1933 1479 2089 1538 runt,
2124 1482 2270 1528 recte
2294 1474 2349 1528 in
2382 1474 2487 1530 hoc
2514 1476 2679 1531 etiam
2708 1492 2898 1548 agens.
2930 1477 3089 1548 quasi
3116 1492 3375 1533 erumna;
3400 1477 3522 1534 ista:

254 1559 463 1631 αρετῆς
491 1559 727 1631 βάσανον
772 1560 874 1626 τάς
901 1565 1176 1635 ἐπιφορὰς
1203 1566 1516 1639 ἐνεχθῆναι.
1563 1569 1755 1640 Ἡμεῖς
1790 1568 1838 1622 δ’

1946 1558 2009 1614 ad
2043 1559 2379 1629 puniendam
2424 1564 2689 1619 malitiam
2734 1566 2918 1635 potius
2951 1581 3117 1636 quam
3170 1567 3238 1622 ad
3281 1567 3522 1637 probau-

255 1627 353 1707 οῦν
484 1627 812 1725 παυσόμεθα
839 1654 935 1709 καὶ
974 1627 1057 1710 ἔτι
1243 1627 1585 1732 εῦσημον
1615 1627 1711 1717 καὶ
1734 1627 1835 1714 εὐ-

1946 1627 2064 1707 dam
2093 1652 2350 1709 virtutem
2382 1652 2590 1711 fuerint
2634 1627 2873 1713 inductae
2904 1676 2918 1712 :
2949 1627 3059 1713 rion
3094 1627 3342 1714 differant
3373 1660 3519 1715 ultra

253 1745 591 1815 διάγνωστον
617 1745 1020 1820 ἀνθυποφέρειν
1049 1747 1143 1803 τὸν
1172 1748 1354 1820 λόγον.
1383 1751 1709 1825 Ἑστέρησαι
1729 1769 1840 1807 τοι-

256 1837 464 1908 γαροῦν
494 1837 694 1909 ὅψεως.
718 1838 830 1894 Kal
856 1839 1104 1910 ἀλγεινὸν
1126 1841 1280 1914 (πῶς
1300 1842 1409 1915 γὰρ
1438 1842 1501 1898 οῦ
1520 1842 1599 1916 ;),
1619 1843 1712 1899 τὸν
1747 1843 1842 1898 λύ-

256 1947 386 2002 χνον
410 1933 505 1987 τοῦ
531 1930 784 2004 σώματος
817 1934 1247 1991 ἀπολωλεκέναι.
1285 1935 1451 1991 Ἀλλά
1478 1936 1645 1993 πάλιν
1671 1937 1841 2009 εὐχα-

262 2021 563 2092 ριστήριον,
599 2021 684 2077 ὅτι
721 2022 1104 2097 ἀϐλεπτοῦμεν
1132 2025 1204 2080 τὰ
1229 2025 1326 2080 τοῦ
1355 2026 1561 2097 κόσμου
1593 2027 1836 2099 μάταιαο

259 2115 323 2180 ἐξ
378 2109 550 2187 οὗπερ
598 2115 971 2189 ὑποφέρεσθαι
1017 2118 1231 2188 πέφυκε
1276 2120 1388 2182 πᾶς
1426 2119 1552 2185 νοῦς
1596 2121 1698 2176 οὐκ
1743 2120 1840 2175 εὐ-

259 2208 486 2271 κταίως.
525 2207 768 2279 Είρχθης
812 2209 1054 2281 προόδων
1088 2211 1187 2265 καὶ
1233 2211 1467 2267 συνόδων
1498 2212 1742 2268 ἀστικῶν
1777 2230 1841 2267 τε

259 2300 358 2353 καὶ⁵
385 2299 799 2371 ἀνακτορικῶν·
847 2300 967 2354 ἀλλ’
999 2296 1094 2356 οὖν
1123 2318 1189 2370 γε
1233 2301 1570 2374 λελύτρωσαι
1605 2301 1841 2375 Ἐκκλη-

258 2392 387 2456 σίας
428 2392 906 2466 πονηρευομένων,
952 2397 1047 2450 καὶ
1091 2397 1541 2467 συναναστροφῆς
1592 2414 1838 2470 παρανο-

260 2485 532 2556 μούντων.
576 2484 738 2551 οἶδας
776 2488 807 2542 ὃ
852 2488 1032 2558 λέγω,
1081 2488 1355 2561 ἐψιλώθης
1382 2490 1453 2544 τὰ
1484 2489 1838 2562 ὑπάρχοντας

264 2577 362 2633 καὶ
392 2579 555 2633 τοῦτο
591 2580 1036 2653 δυσφορὼτατον·
1068 2582 1183 2637 ἀλλ’
1217 2581 1361 2654 ἔχεις
1392 2583 1454 2637 τὸ
1480 2582 1701 2654 κούφως
1740 2583 1841 2652 φέ-

262 2671 476 2744 ρεσθαι,
499 2672 597 2726 καὶ
630 2673 957 2744 ὑπερπλέειν
993 2674 1104 2729 τῶν
1143 2675 1413 2747 βιωτικῶν
1463 2676 1843 2745 περιστάσεων

263 2762 359 2816 καὶ
403 2762 892 2834 συναλλαγμάτων.
930 2764 1041 2819 Ποῦ
1071 2767 1192 2819 ποτ’
1221 2766 1289 2820 ἂν
1337 2760 1518 2838 εὗρες,
1553 2759 1599 2821 ὦ
1628 2765 1842 2832 θαυμά-

263 2872 371 2919 σιε,
401 2857 569 2910 τόπον
593 2856 861 2924 τοιοῦτον,
891 2853 1004 2912 οἷον
1032 2859 1148 2925 νῦν,
1167 2860 1227 2914 ὲν
1253 2854 1440 2931 ᾧεέστι
1475 2876 1534 2912 σε
1558 2860 1842 2931 σχολάζειν

1939 1743 2163 1801 disertis
2223 1755 2280 1802 et
2332 1748 2638 1818 perspicuis
2699 1749 2884 1806 verbis
2943 1765 3060 1807 rem
3121 1750 3323 1822 eloqui.
3385 1750 3522 1809 Visu

1940 1835 2133 1906 itaque
2155 1837 2383 1893 orbatus
2414 1853 2498 1896 es.
2527 1836 2707 1895 Grave
2739 1855 2969 1910 prorsus
3000 1858 3015 1896 :
3046 1842 3145 1912 qui
3175 1842 3325 1898 enim
3360 1858 3523 1915 grave

1941 1943 2055 1983 non
2091 1928 2164 1983 sit
2194 1928 2474 1985 lucernam
2508 1932 2762 2001 corporis
2796 1931 3097 1989 amisisse?
3128 1932 3198 1989 At
3231 1943 3318 1990 est
3351 1935 3523 1991 vicis-

1941 2019 2046 2077 sim
2098 2018 2244 2075 unde
2298 2021 2487 2091 gratiae
2536 2032 2796 2094 agantur,
2839 2025 2970 2095 quia
3014 2025 3205 2081 mundi
3253 2027 3524 2083 vanitates

1942 2129 2055 2169 non
2082 2115 2386 2181 cernimus,
2415 2131 2483 2172 ex
2505 2132 2619 2188 quo
2647 2117 2777 2173 ferri
2808 2119 3064 2190 trahique
3094 2119 3342 2175 omnium
3368 2134 3524 2175 men-

1942 2214 2025 2262 tes
2051 2206 2233 2262 solent
2263 2209 2425 2264 aliter
2450 2224 2617 2280 quam
2668 2209 2972 2281 optandum
2998 2210 3092 2266 sit.
3138 2209 3413 2267 lnhiberis
3452 2211 3524 2267 ab

1940 2295 2251 2367 egressibus
2279 2299 2779 2369 congressibusque
2806 2310 2923 2354 tum
2952 2299 3177 2356 urbanis
3215 2309 3331 2356 tum
3368 2300 3523 2371 pala-

1945 2386 2076 2442 tinis
2111 2405 2124 2441 :
2160 2387 2257 2443 sed
2306 2389 2414 2445 hoc
2461 2392 2626 2447 modo
2673 2391 2811 2447 liber
2841 2391 3020 2448 factus
3069 2409 3130 2450 es
3173 2409 3205 2450 a
3249 2406 3526 2451 conventu

1942 2478 2388 2550 malignantium,
2418 2490 2474 2536 et
2501 2485 2767 2539 societate
2796 2484 2985 2554 iniqua
3021 2489 3320 2556 agentium.
3361 2487 3525 2543 Intel-

1942 2568 2068 2640 ligis
2097 2571 2233 2642 quid
2270 2571 2476 2639 dicam,
2509 2573 2775 2644 spoliatus
2818 2592 2880 2631 es
2913 2576 3295 2642 facultatibus,
3336 2587 3392 2633 et
3420 2579 3525 2634 hoc

1943 2660 2088 2718 ferre
2132 2662 2519 2721 difﬁcillimum
2557 2667 2694 2721 :sed
2740 2667 2912 2724 habes
2958 2684 3074 2740 quo
3115 2670 3311 2725 leviter
3348 2668 3521 2737 feras,

1941 2765 1996 2811 et
2026 2755 2213 2812 smeuli
2260 2758 2770 2828 opportunitatibus
2796 2762 3264 2832 commerciisque
3301 2761 3380 2818 sis
3429 2778 3527 2818 su-

1942 2847 2153 2918 perior.
2198 2845 2437 2904 Ubinam
2491 2864 2759 2920 unquam,
2815 2853 2898 2907 vir
2945 2852 3286 2920 admirande,
3342 2857 3524 2911 locum

256 2947 404 3018 Θεῷ,
461 2950 555 3003 καὶ
595 2950 801 3018 γνῶναι
848 2951 1012 3004 αὐτὸν
1047 2951 1171 3006 καθ’
1200 2952 1325 3006 ὅσον
1354 2947 1466 3005 οἶόν
1492 2968 1593 3020 τε;
1640 2952 1750 3006 Ποῦ
1786 2952 1845 3006 δὲ

1950 2941 2112 2996 talem
2154 2951 2352 2996 nactus
2394 2957 2480 3004 es,
2522 2942 2741 3013 qualem
2773 2960 2943 3011 nunc,
2977 2945 3031 3000 in
3062 2961 3172 3015 quo
3199 2946 3297 3001 tibi
3331 2961 3528 3001 vacare

262 3040 458 3110 καιρὸν
487 3040 732 3095 τοιοῦτον
764 3042 1097 3113 προσευχῆς,
1119 3044 1451 3112 στεναγμοῦ,
1476 3043 1849 3110 κατανύξεως,

262 3132 613 3197 ἐκπετάσεως
651 3133 871 3206 χειρῶν,
906 3135 1032 3188 ὅσον
1059 3134 1348 3207 πρόκειται
1391 3135 1523 3206 ὑμῖν
1552 3134 1852 3189 ἀπολαύειν

206 3274 209 3275 ν
258 3224 332 3277 ὲκ
357 3222 460 3294 τῆς
485 3223 877 3296 ἐπενεχθείσης
902 3224 1200 3297 ἐπηρείαςς
1226 3227 1340 3297 Οὐχ
1367 3228 1500 3298 ὁρᾷς
1526 3227 1609 3281 ὅτι
1639 3228 1720 3291 είς
1751 3244 1852 3281 κα-

261 3313 358 3368 λόν
393 3332 477 3368 σοι
503 3316 788 3387 ἀπήντηκε
812 3316 884 3370 τά
919 3318 1246 3389 πράγματα,
1283 3321 1716 3391 περιτραπείσης
1753 3318 1853 3390 τῆς

262 3406 470 3470 κακίας
515 3405 626 3460 τῶν
674 3406 979 3478 ἀνθρώπων
1032 3408 1113 3471 είς
1164 3408 1442 3479 σωτηρίαν
1481 3426 1611 3477 σονς
1660 3409 1720 3463 ἓν
1752 3411 1851 3467 ἐπὶ

267 3497 494 3552 πάντων
521 3496 915 3566 διαγνωστέον·
963 3499 1048 3552 ὅτι
1082 3499 1226 3551 κατά
1270 3500 1371 3571 τὴν
1405 3501 1679 3571 προτέραν
1715 3502 1852 3555 ἀνα-

266 3588 513 3661 στροφὴν
541 3588 952 3660 δυστέκμαρτον
973 3585 1043 3661 ἦν
1077 3589 1434 3645 ἐπιλαθέσθαι
1466 3591 1562 3644 τοῦ
1580 3592 1849 3662 σωτηρίου

267 3684 651 3752 συντάγματος
672 3723 688 3743 ,
723 3681 937 3736 πολλῶν
978 3682 1168 3749 δντων,
1214 3683 1293 3746 ὡς
1327 3678 1504 3749 οἶσθα,
1553 3682 1664 3736 τῶν
1702 3684 1851 3736 ἀντι-

266 3777 624 3848 πραττόντων
648 3776 730 3848 τῷ
753 3776 972 3829 εὐσεϐεῖ
1002 3775 1212 3847 σκοπῷ.
1230 3776 1347 3830 Νῦν
1369 3776 1426 3830 δὲ
1446 3777 1700 3848 ἧνοικται
1721 3776 1850 3845 ὑμῖν

266 3864 391 3935 οὐχὶ
428 3864 564 3936 μόνη
591 3865 692 3935 τῆς
734 3865 1027 3936 μετανοίας
1057 3868 1091 3936 ἡ
1116 3865 1261 3937 θύρα
1279 3882 1294 3897 ο
1328 3866 1466 3920 ἀλλά
1495 3868 1591 3921 καὶ
1618 3868 1718 3937 τῆς
1758 3868 1852 3921 ού-

266 3957 462 4032 ρανίου
494 3958 775 4029 βασιλείας
800 3962 834 4030 ή
871 3961 1074 4023 είσοδος
1094 3976 1109 3991 ·
1143 3962 1239 4014 καὶ
1268 3962 1376 4024 πᾶς
1397 3978 1482 4024 τις
1511 3960 1621 4015 τῶν
1645 3962 1848 4032 εὐφρο-

266 4046 507 4101 νούντων
540 4050 599 4101 ἐν
624 4046 704 4118 τῷ
739 4048 898 4120 μέρει
922 4048 1030 4102 τῶν
1056 4049 1384 4119 σωζομένων
1431 4067 1493 4104 σε
1526 4051 1809 4117 τετάξεται
1831 4065 1845 4081 ⁶

266 4143 367 4194 καὶ
417 4140 547 4211 περὶ
586 4133 647 4194 οῦ
692 4142 799 4203 πᾶς
841 4141 1130 4206 σπουδαῖος
1171 4142 1495 4211 ὲπείγεταιο
1529 4143 1624 4196 καὶ
1652 4137 1714 4198 οὗ
1750 4142 1846 4197 τοῦ

265 4234 455 4303 τυχεῖν
503 4233 656 4286 οὐδὲν
709 4238 819 4287 τῶν
865 4234 1120 4288 ἁπάντων
1162 4234 1577 4307 ἀνταξιώτερον.
1616 4235 1741 4289 Εἴθε
1776 4232 1847 4306 ἦν

1954 3032 2065 3087 Deo
2096 3032 2243 3097 licet,
2273 3033 2562 3103 ipsumque
2597 3050 2780 3100 nosse,
2817 3036 2999 3106 quoad
3032 3037 3144 3092 fieri
3174 3038 3392 3107 potest?
3419 3036 3528 3093 Ubi

1953 3132 2065 3178 tam
2100 3125 2454 3180 cotnmodum
2494 3134 2709 3197 tempus
2751 3130 3044 3195 orationis,
3076 3130 3335 3200 gemitus,
3378 3146 3530 3188 com-

1954 3214 2293 3284 punctionis,
2333 3218 2690 3286 expansionis
2734 3234 3023 3287 manuum,
3066 3236 3230 3290 quam
3265 3237 3378 3292 quo
3421 3222 3528 3278 frui

1951 3307 2108 3362 vobis
2138 3306 2192 3361 in
2226 3317 2478 3378 promptu
2500 3318 2582 3365 est
2615 3325 2681 3365 ex
2716 3311 2918 3367 inﬂicta
2948 3313 3303 3369 calamitate?
3325 3318 3527 3371 Annon

1951 3399 2107 3455 vides
2142 3400 2289 3455 bono
2332 3408 2427 3455 tuo
2465 3416 2557 3456 res
2600 3403 2863 3470 cessisse,
2897 3418 3167 3461 conversa
3204 3406 3259 3460 in
3294 3406 3529 3462 salutem

1953 3500 2099 3547 tuam
2135 3492 2423 3547 hominum
2464 3493 2963 3563 uequitia?Unum
3006 3510 3173 3565 super
3215 3497 3401 3552 omnia
3444 3499 3531 3553 di-

1947 3582 2334 3652 iudicandum,
2365 3585 2514 3654 quod
2545 3586 2601 3641 in
2634 3587 2803 3656 priori
2839 3589 2966 3642 vitae
2996 3590 3337 3654 conditione,
3366 3590 3530 3647 intel-

1951 3675 2094 3731 leCtu
2118 3675 2221 3731 fuit
2240 3677 2480 3743 diiIicile,
2515 3694 2584 3733 an
2620 3680 2817 3737 salutis
2852 3682 2997 3737 viam
3030 3684 3338 3751 insisteres,
3379 3683 3529 3739 mul-

1953 3767 2044 3834 tis,
2082 3776 2142 3822 ut
2165 3770 2332 3833 nosti,
2359 3771 2447 3839 pio
2466 3773 2750 3840 proposito
2781 3773 3190 3829 resistentibus.
3216 3772 3371 3829 Nunc
3396 3791 3530 3831 vero

1952 3869 2139 3926 aperta
2173 3859 2326 3915 vobis
2367 3870 2451 3915 est
2483 3876 2589 3914 non
2621 3862 2799 3915 solum
2845 3864 3182 3933 paenitentiae
3208 3864 3398 3935 ianua,
3430 3864 3529 3921 sed

1948 3950 2104 4019 regni
2161 3965 2382 4020 quoque
2420 3954 2693 4007 caelorum
2740 3954 3065 4023 ingressus;
3123 3967 3284 4026 teque
3334 3970 3530 4012 omnes

1948 4044 2044 4112 qui
2075 4052 2221 4097 recte
2251 4043 2516 4108 sentiunt,
2568 4044 2625 4097 in
2672 4045 3063 4099 salvandorum
3103 4047 3301 4101 ordine
3351 4047 3529 4101 colle-

1949 4132 2201 4188 cabunt:
2246 4132 2403 4201 cujus
2448 4135 2529 4189 rei
2580 4135 2763 4190 studio
2815 4136 2942 4191 boni
2992 4151 3184 4193 omnes
3231 4138 3530 4204 ducuntur,

1949 4237 2004 4283 et
2025 4227 2187 4296 cujus
2211 4226 2484 4296 adeptioni
2515 4228 2661 4282 nulla
2690 4226 2936 4282 omnium
2968 4243 3057 4300 res
3082 4237 3168 4282 est
3198 4244 3323 4298 qua:
3352 4229 3526 4298 aequi-

421 4324 780 4397 ἀντάλλαγμα
828 4326 1083 4395 γενέσθαι
1117 4328 1198 4391 είς
1230 4328 1290 4381 τὸ
1320 4301 1658 4399 ἀμείψασθαι
1682 4301 1845 4400 ἀλλη-

1952 4322 2132 4390 parari
2184 4320 2373 4390 possit.
2424 4318 2643 4375 Utinam
2698 4320 3026 4392 permutatio
3075 4319 3191 4375 fieri
3226 4329 3411 4390 posset
3453 4320 3523 4375 ad

268 4417 387 4482 λοις
411 4416 510 4481 τὰς
534 4419 837 4490 αἰσθήσεις.
870 4420 980 4473 Καὶ
1030 4420 1229 4475 πολλοῦ
1265 4421 1331 4476 ἂν
1366 4422 1534 4492 εὐχῆς
1569 4439 1661 4492 μοι
1688 4422 1851 4494 ἔργον

265 4504 342 4582 ἦν
368 4512 437 4583 τῇ
467 4511 760 4581 ἀφαιρέσει
791 4513 890 4583 τῆς
915 4512 1092 4578 ὅψεως
1115 4515 1585 4588 συναφαιρεθῆναι
1618 4516 1712 4570 καὶ
1740 4516 1851 4572 τῶν

269 4602 382 4674 πρὸ
401 4604 502 4674 τῆς
529 4604 706 4674 ὅψεως
732 4606 973 4678 κέντρων
999 4609 1098 4681 τῆς
1137 4609 1434 4681 ἁμαρτίας.
1478 4609 1640 4665 Ἀλλά
1676 4610 1853 4666 ταῦτα

273 4695 380 4768 μὲν
406 4697 551 4751 κατά
582 4698 768 4767 φιλίας
802 4701 1023 4770 τρόπον.
1052 4701 1120 4754 Σὲ
1143 4702 1200 4755 δὲ
1232 4704 1261 4757 ὁ
1287 4703 1492 4772 ἀγαθὸς
1516 4704 1650 4768 Θεὸς
1689 4704 1850 4776 ἡμῶν

269 4787 682 4860 παρακαλέσειε
734 4792 1083 4862 παρακλήσει
1137 4792 1305 4867 πολλῇ
1336 4795 1503 4849 οίσειν
1538 4795 1718 4849 πάντα
1759 4796 1852 4850 εύ-

268 4878 550 4951 χαρίστως
572 4918 588 4944 ,
639 4879 783 4933 κατά
830 4880 1061 4953 μίμησιν
1109 4882 1203 4936 τοῦ
1245 4886 1516 4958 μακαρίου
1558 4885 1681 4940 Ἰὼϐ
1703 4903 1717 4919 ·
1755 4886 1852 4940 καὶ

268 4965 525 5032 ἀξιώσειε
559 4969 653 5023 καὶ
677 4973 759 5033 εἰς
803 4970 902 5041 τὴν
930 4972 1052 5024 κατ’
1084 4972 1399 5045 ὀφθαλμοὺς
1424 4976 1645 5048 ὁμιλίαν
1677 4976 1851 5031 ἐλθεῖν

271 5060 425 5129 ἡμᾶς
471 5076 603 5112 ποτε
626 5077 640 5092 ⁸
675 5061 765 5114 ἵνα
804 5061 909 5115 ὅσα
936 5062 1034 5117 νῦν
1062 5062 1347 5135 διαφεύγει
1393 5070 1506 5134 τοῖς
1534 5068 1851 5139 γράμμασι,

272 5148 430 5223 ζώσῃ
458 5154 612 5224 φωνῇ
642 5152 1147 5228 ἀναπληρώσωμεν
1165 5174 1181 5189 ο
1206 5159 1301 5213 καὶ
1323 5159 1521 5231 μᾶλλον
1548 5160 1853 5233 τηνικαῦτα

271 5243 642 5315 γνωρίσωμεν
676 5244 968 5318 ἀλλήλους,
993 5250 1060 5303 ἐκ
1109 5253 1312 5323 μικρᾶς
1353 5255 1617 5327 πρότερον
1655 5254 1855 5327 πείρας

271 5334 719 5409 ἀπογευσάμενοι
746 5356 842 5394 σου
871 5340 973 5413 τῆς
1004 5342 1266 5413 γλυκείας
1288 5345 1530 5417 ἀγάπης.

1948 4427 2147 4468 sensus
2205 4413 2436 4467 invicem
2490 4412 2933 4468 commutandos.
2986 4411 3055 4468 Et
3112 4413 3247 4468 mihi
3303 4412 3524 4482 quidem

1949 4504 2151 4559 summi
2185 4505 2294 4560 voti
2323 4521 2411 4560 res
2438 4505 2599 4571 foret,
2649 4522 2776 4560 cum
2824 4506 2977 4560 visus
3020 4505 3313 4575 adeptione
3359 4505 3531 4559 adimi

1951 4599 2118 4654 simul
2155 4616 2251 4655 eos
2286 4599 2383 4669 qui
2430 4600 2612 4655 oculis
2658 4601 3050 4665 obversantur,
3098 4600 3357 4654 stimulos
3402 4612 3533 4668 pee-

1951 4692 2083 4747 cati.
2116 4691 2317 4746 Verum
2354 4691 2468 4746 haec
2490 4691 2752 4746 amicitia:
2769 4691 2899 4761 jure
2927 4693 3074 4747 dicta
3105 4693 3217 4747 sint
3245 4693 3531 4749 hactenus.

1959 4771 2037 4839 Te
2078 4799 2208 4839 vero
2262 4785 2438 4839 bonus
2496 4784 2639 4839 Deus
2684 4793 2872 4839 noster
2932 4784 3311 4840 consolatione
3360 4785 3534 4840 multa

1957 4876 2293 4941 consoletur,
2325 4886 2386 4930 ut
2415 4890 2539 4931 cum
2569 4876 2870 4947 gratiarum
2904 4876 3125 4930 actione
3158 4874 3300 4930 feras
3323 4877 3531 4939 omnia,

1958 4965 2100 5023 beati
2146 4965 2250 5022 Job
2287 4968 2558 5037 exemplo,
2608 4968 2976 5039 digneturque
3019 4978 3304 5039 praestare,
3357 4979 3418 5024 ut
3472 4967 3529 5022 in

1955 5068 2205 5115 mutuum
2259 5060 2598 5131 colloquium
2662 5074 2851 5115 coram
2911 5062 3205 5115 veniamus
3270 5076 3370 5114 nos
3425 5058 3532 5113 ali-

1953 5151 2202 5223 quando;
2245 5169 2353 5223 quo
2396 5168 2459 5208 ea
2498 5168 2622 5222 qna:
2667 5168 2819 5208 nunc
2861 5153 3061 5209 litteris
3102 5152 3368 5223 esplicari
3423 5166 3532 5205 non

1952 5253 2206 5314 possunt,
2259 5245 2379 5297 viva
2430 5259 2567 5299 voce
2610 5243 3004 5314 suppleamus;
3046 5252 3101 5299 et
3136 5251 3267 5297 tunc
3299 5241 3534 5311 amplius

1952 5347 2149 5397 mutuo
2178 5352 2280 5394 nos
2319 5352 2707 5408 agnoscamus,
2748 5336 2845 5408 qui
2876 5352 2944 5392 ex
2981 5337 3131 5392 tenui
3160 5335 3395 5391 antehac
3435 5347 3535 5388 ex-

1955 5433 2223 5506 perientia
2259 5431 2478 5491 dulcem
2521 5441 2673 5489 tuam
2725 5432 3055 5489 cbaritatem
3100 5428 3534 5503 degustavimus.

1818 5588 2052 5650 NOTAE.

350 5740 464 5819 (79)
496 5744 558 5802 In
593 5745 710 5805 cod.
745 5744 876 5820 Reg.
912 5748 1061 5820 ρπη⁹.
