4102 6374
629 315 761 382 1571

894 408 1226 490 cnxxxvt.
1252 465 1322 476 —
1357 434 1560 494 Nicetw
1595 435 1915 509 Spathario.

1815 327 1877 390 S.
1906 325 2302 390 THEODORI
2331 325 2687 393 ΞΤΙΙΒΙΤᾹΞ

3742 313 3880 380 1572

2483 443 2652 511 Ριίφ
2686 435 3151 512 (80).--Νικήτᾳ
3187 433 3517 502 σπαθαριῳ.
3557 427 3751 504 [dmi]

2038 553 2118 606 De
2136 555 2308 606 uxoris
2329 553 2491 605 obitu.

697 660 758 716 In
787 660 974 732 parvis
1021 659 1242 730 quidem
1275 659 1555 714 doloribus
1601 658 2008 714 consolationes
2048 659 2196 713 inve-
2227 657 2282 717 A

627 755 747 809 nire
797 754 958 808 facile
1004 761 1085 806 est
1123 752 1174 806 ei
1206 752 1301 821 qui
1344 752 1576 806 aiilictos
1626 751 1907 806 consolari
1948 751 2098 805 velit.
2147 751 2204 805 In

629 844 942 914 hujusmodi
1001 858 1129 897 vero
1183 841 1423 896 maximo
1465 842 1673 908 dolore,
1733 857 1843 911 quo
1894 835 2065 912 pietas
2114 851 2207 897 tua

627 937 857 990 obsessa
907 945 1012 1000 est,
1045 950 1297 1004 quaenam
1345 934 1574 1004 reperiri
1619 935 1988 990 consolatoria
2033 935 2210 989 oratio

629 1027 829 1096 queat?
875 1035 969 1080 aut
997 1025 1122 1096 quis
1171 1041 1461 1080 mmrorem
1502 1033 1714 1080 tantum
1749 1039 1944 1080 curare
1987 1041 2210 1096 aggres-

631 1133 747 1181 sus,
779 1117 916 1171 scite
959 1117 1010 1171 id
1060 1126 1321 1196 praestare
1351 1116 1557 1186 possit?
1602 1116 1648 1171 0
1699 1119 2011 1172 luctuosum
2067 1133 2210 1171 nun-

629 1209 799 1264 tium!
833 1210 1072 1277 Abrepta
1099 1210 1194 1264 tibi
1227 1218 1311 1264 est
1350 1210 1573 1264 domina
1608 1211 1832 1279 conjux,
1869 1219 1927 1264 ut
1960 1210 2210 1281 proxime

633 1303 951 1357 audivimus
981 1320 995 1356 :
1029 1303 1211 1356 ablata
1243 1310 1327 1357 est
1357 1302 1522 1357 unica
1552 1303 1860 1357 consolatio
1891 1303 1944 1356 in
1995 1303 2063 1358 iis
2091 1317 2212 1372 qua:

632 1393 893 1448 accidunt
918 1393 1181 1447 mumnis
1215 1411 1229 1446 :
1259 1393 1496 1462 spoliata
1525 1402 1609 1447 est
1633 1401 1958 1446 ornamento
1987 1405 2087 1447 suo
2125 1392 2214 1446 be-

631 1484 850 1539 nedicta
871 1489 1104 1539 domus:
1129 1484 1423 1538 tristantur
1448 1475 1586 1538 rami
1610 1485 1792 1539 excisa
1822 1485 1964 1538 bona
1995 1484 2210 1538 radice:

630 1579 824 1634 famuli
883 1591 938 1634 ct
987 1578 1206 1633 famulae
1276 1579 1382 1633 huc
1428 1579 1559 1633 illuc
1603 1579 1882 1641 oberrant,
1935 1578 2212 1633 dominam

634 1689 756 1740 quae
779 1672 1001 1726 domum
1024 1671 1406 1736 collustrabat,
1437 1679 1762 1740 praesentem
1789 1686 1898 1724 non
1926 1669 2209 1724 habentes.

632 1763 829 1818 Omnia
883 1765 1138 1818 maeroris
1186 1763 1392 1832 plena:
1428 1762 1662 1816 fortasse
1705 1772 1759 1816 et
1809 1777 1904 1815 aer
1947 1761 2066 1830 ipse
2115 1761 2212 1814 tibi

632 1866 880 1912 mutatus
915 1858 986 1912 ob
1022 1858 1222 1910 mentis
1266 1857 1648 1910 mutationem.
1689 1855 1789 1910 Ubi
1837 1865 1923 1910 est
1955 1855 2046 1909 illa
2091 1870 2215 1925 quae

632 1958 687 2002 te
735 1947 882 2002 domi
929 1963 960 2001 a
1010 1947 1266 2015 palatinis
1312 1947 1843 2002 commorationibus
1890 1946 2211 2002 redeuutem

635 2039 880 2094 hilariter
924 2039 1269 2108 excipiebat?
1317 2037 1417 2094 Ubi
1471 2039 1561 2093 illa
1595 2055 1718 2108 qua:
1770 2054 1970 2109 genere
1999 2040 2214 2109 propiu-

631 2147 776 2203 quos
823 2133 1231 2202 perhumaniter
1273 2131 1614 2200 excipiebat?
1659 2147 1780 2201 qua:
1832 2132 1934 2186 hoc
1986 2141 2040 2186 et
2087 2132 2212 2200 hoc,

633 2234 800 2294 atque
837 2233 896 2278 ut
933 2224 1123 2292 paucis
1165 2224 1368 2289 dicam,
1405 2225 1595 2278 omnia
1643 2224 1746 2278 rite
1775 2224 2118 2293 disponebat,
2163 2233 2218 2278 et

631 2315 702 2371 ad
729 2317 938 2371 exitum
963 2316 1317 2385 perducebat,
1347 2316 1678 2384 dispensans
1701 2324 1755 2370 et
1777 2301 1977 2370 curans
2002 2315 2215 2386 singula

630 2425 754 2479 quae
792 2410 858 2462 ad
887 2408 1112 2462 domum
1142 2408 1493 2477 spectabant,
1517 2422 1752 2477 qua’que
1781 2408 1848 2462 ad
1881 2407 2216 2462 domesticos

629 2502 718 2556 vel
747 2502 986 2572 hospitio
1022 2513 1292 2572 receptos.
1337 2501 1608 2555 Ahierunt
1650 2509 1704 2555 et
1738 2500 2071 2555 interierunt
2097 2515 2216 2555 om-

631 2595 745 2660 nia,
780 2606 835 2651 et
871 2606 1131 2665 tanquam
1180 2596 1236 2650 in
1290 2595 1590 2649 solitudine
1619 2595 1780 2650 bonis
1825 2594 2086 2650 omnibus
2118 2609 2214 2648 no-

633 2689 764 2744 stris
807 2688 989 2743 orbati
1041 2703 1256 2744 sumus.
1310 2685 1461 2742 Talis
1513 2700 1578 2741 ac
1629 2695 1777 2740 tanta
1817 2693 1923 2750 est,
1975 2685 2215 2752 domine,

633 2781 970 2838 honorandae
1014 2781 1214 2834 anima:
1255 2788 1363 2834 tuae
1403 2778 1728 2844 calamitas,
1781 2787 1842 2832 ut
1886 2776 2098 2831 nullum
2149 2776 2216 2830 ab

631 2871 952 2926 hominibus
991 2873 1248 2926 solatium
1277 2872 1533 2926 leniendo
1571 2870 1895 2925 inﬂammati
1923 2872 2106 2926 cordis
2131 2870 2213 2926 tui

631 2963 813 3018 dolori
843 2980 941 3033 par
963 2963 1150 3024 fuerit,
1179 2965 1273 3018 sed
1299 2979 1329 3017 a
1357 2964 1475 3018 solo
1509 2963 1619 3018 Deo
1649 2964 1738 3032 qui
1770 2963 2004 3018 humiles
2025 2963 2212 3027 corde,

631 3072 731 3128 per
771 3059 1039 3113 bonarum
1080 3058 1478 3126 cogitationum
1509 3059 1914 3127 susceptionem
1959 3059 2213 3113 consola-

633 3160 745 3206 tur.
771 3149 865 3206 llla
901 3151 1123 3220 quidem
1173 3152 1371 3205 beata:
1407 3166 1532 3204 nam
1569 3151 1729 3204 beata
1769 3159 1872 3216 est,
1905 3165 2028 3219 qua:
2055 3158 2112 3204 et
2150 3149 2215 3204 ﬁ-

632 3245 758 3300 dem
794 3259 926 3314 erga
963 3229 1130 3297 Deum
1159 3245 1371 3297 ﬁrmam
1401 3243 1592 3308 coluit,
1626 3253 1682 3297 et
1706 3241 1873 3294 vitam
1906 3242 2019 3312 egit
2049 3242 2220 3296 hone-

2389 661 2512 716 Ἐπὶ
2545 660 2644 730 μὲν
2677 662 2895 730 πικροῖς
2925 657 3158 710 πάθεσιν
3188 654 3336 707 ἔστιν
3365 651 3712 721 ἐξευρίσκειν
3742 647 3893 701 et’ncd‘

2306 753 2414 816 λως
2459 753 2558 815 τὰς
2593 749 2968 822 παρακλήσεις
3012 747 3105 800 τὸν
3147 742 3588 816 προαιρούμενον
3631 755 3896 809 παραμυ-

2308 844 2520 898 θεῖσθαι
2551 844 2679 907 τοὺς
2701 841 3100 912 κακουμένους.
3141 836 3266 891 Ἐπὶ
3293 836 3352 889 δὲ
3377 836 3610 902 τοιούτῳ
3652 829 3898 902 μεγίστῳ

2308 936 2494 999 πάθει,
2527 937 2584 988 ὲν
2613 930 2656 1003 ᾧ
2685 932 3018 1004 περιεσχέθη
3050 933 3083 1002 ἡ
3119 927 3396 998 θεοιρίλειά
3425 944 3541 986 σου,
3571 927 3660 987 τίς
3705 923 3774 976 ἂν
3805 920 3900 973 καὶ

2309 1028 2624 1100 ὲξευρεθείη
2663 1027 2820 1094 λόγος
2863 1022 3312 1095 παρακλητικός;
3337 1019 3421 1082 τίς
3452 1019 3507 1071 δὲ
3537 1019 3567 1070 ό
3600 1018 3900 1088 ἐπιχειρῶν

2311 1121 2642 1192 θεραπεύειν
2684 1119 2929 1173 τοιοῦτον
2973 1117 3136 1184 ἄλγος
3187 1113 3574 1182 ἐπιστημόνως
3599 1111 3897 1180 δυνηθείη;

2310 1213 2355 1268 ὢ
2382 1217 2479 1285 τῆς
2507 1213 2848 1274 ἀπευκταίας
2874 1211 3041 1279 ἀκοῆς
3068 1209 3082 1263 i
3130 1206 3445 1277 Ἀπερράγη
3476 1221 3560 1258 σοι
3585 1205 3617 1271 ἡ
3656 1203 3830 1268 κυρία
3867 1203 3900 1272 ἡ

2309 1307 2692 1378 όμόζυγος,ὼς
2714 1306 2841 1376 ἄρτι
2869 1305 3135 1375 ἧκουσται
3166 1303 3300 1372 ἡμῖν
3321 1317 3334 1330 ·
3365 1297 3618 1371 ἀφῃρέθη
3645 1297 3710 1349 τὸ
3742 1296 3900 1366 μόνον

2313 1397 2665 1470 παραμύθιον
2693 1397 2752 1448 ὲν
2784 1397 2906 1458 ταῖς
2937 1391 3309 1463 συμϐατικαῖς
3331 1387 3761 1458 περιστάσεσιν·
3797 1385 3901 1436 ἀπο

2312 1491 2597 1560 εκοσμήθη
2623 1489 2656 1560 ὴ
2690 1485 3034 1556 εὐλογημένη
3068 1484 3252 1536 ἑστίαο
3294 1481 3344 1534 οἱ
3373 1479 3560 1533 κλάδοι
3590 1479 3897 1547 κατηφεῖς,

2312 1585 2412 1651 τῆς
2452 1580 2666 1648 ἀγαθῆς
2713 1576 2870 1650 ῥίζης
2908 1575 3272 1644 ὲκκοπείσης’
3320 1573 3368 1626 ol
3406 1571 3754 1643 θεράποντες
3811 1569 3901 1619 καὶ

2315 1673 2371 1724 αἱ
2411 1670 2738 1741 θεράπαιναι
2781 1665 2884 1722 ὧδε
2931 1667 3157 1720 κάκεῖσε
3188 1661 3652 1734 περιειλούμεναι,
3684 1660 3759 1723 ὡς
3803 1660 3902 1712 οὐκ

2314 1763 2534 1834 ἔχουσαι
2566 1763 2627 1816 τὸ
2653 1760 2984 1816 Δεσποτικὺν
3009 1760 3307 1828 πρόσωπον
3339 1756 3660 1825 ὲπιλάμπον
3723 1757 3792 1822 τῇ
3823 1754 3899 1805 οξ-

2314 1855 2429 1926 κίᾳ.
2451 1853 2533 1909 Τά
2565 1853 2743 1907 πάντα
2767 1852 3071 1920 κατηφείας
3103 1851 3280 1920 μεστά
3300 1867 3314 1880 ο
3340 1849 3484 1917 τάχα
3510 1848 3610 1900 καὶ
3629 1846 3659 1897 ό
3685 1845 3798 1913 ἀήρ
3822 1861 3899 1896 σοι

2316 1949 2680 2019 ἠλλοιωμένος
2704 1949 2771 2018 τῇ
2801 1944 3087 1998 ἀλλοιώσει
3121 1943 3230 1996 τῶν
3259 1939 3494 2010 φρενῶν.
3525 1936 3638 1992 Ποῦ
3673 1939 3708 2007 ἡ
3739 1952 3900 2005 προσ-

2320 2043 2510 2112 ιεμένη
2546 2057 2606 2093 σε
2639 2038 2931 2092 ἐπανιόντα
2960 2023 3103 2090 οἴκοι
3132 2033 3449 2106 περιχαρῶς
3477 2031 3590 2084 ἀπὸ
3624 2030 3738 2083 τῶν
3772 2029 3901 2081 ἀνα-

2317 2134 2589 2204 κτορικῶν
2618 2131 2945 2202 διατριϐῶν;
2980 2129 3092 2184 Ποῦ
3125 2131 3159 2198 ἠ
3197 2128 3324 2188 τοὺς
3353 2123 3785 2195 ἀγχιστεύοντας
3817 2121 3900 2174 δι-

2319 2224 2575 2294 ξιουμένη
2617 2222 2913 2289 ὲπιεικῶς;
2935 2223 2970 2293 ἡ
3023 2220 3170 2284 τόδε,
3205 2217 3304 2271 καὶ
3334 2216 3455 2269 τόδε
3489 2214 3589 2268 καὶ
3620 2215 3729 2266 ὅσα
3768 2211 3899 2273 ἐστὶ,

2318 2325 2606 2394 συντόμως
2651 2323 2848 2385 εἰπεῖν,
2901 2315 3253 2371 διευθετοῦσα
3309 2314 3406 2368 καὶ
3463 2309 3898 2380 συμϐιὸάζουσι,

2316 2413 2680 2485 οἰκονομοῦσά
2714 2429 2773 2465 τε
2809 2410 2903 2465 καὶ
2930 2406 3258 2478 οἰκουροῦσα
3284 2447 3299 2469 ,
3330 2405 3429 2457 ὅσα
3454 2403 3524 2455 τά
3557 2401 3687 2455 κατ’
3721 2394 3896 2452 οἷκον·

2315 2509 2418 2562 ὅσα
2454 2507 2523 2561 τά
2548 2507 2684 2577 πρὸς
2711 2504 2910 2566 ἄλλους
2940 2501 3178 2563 οἰκείους
3209 2516 3268 2553 τε
3300 2500 3394 2552 καὶ
3420 2496 3896 2564 ἐπιξενουμένους.

2317 2599 2504 2654 Πάντα
2550 2599 2758 2668 οἴχεται
2786 2597 2880 2650 καὶ
2920 2595 3204 2650 ἀπόλωλε·
3249 2592 3345 2646 καὶ
3385 2591 3700 2660 γεγόναμεν
3733 2587 3809 2648 ὡς
3849 2590 3901 2638 ἐν

2316 2691 2526 2762 ἐρημίᾳ
2552 2692 2771 2745 πάντων
2794 2689 2903 2742 τῶν
2926 2689 3238 2758 προσόντων
3264 2683 3487 2754 ἀγαθῶν
3515 2680 3900 2750 ἀπεστερημέ⁹

2317 2797 2419 2835 νοι.
2439 2780 2693 2834 Τοιοῦτον
2724 2781 2818 2834 καὶ
2841 2778 3162 2852 τηλικοῦτον
3190 2778 3250 2830 τὸ
3271 2777 3442 2840 πάθος
3467 2775 3570 2844 τῆς
3597 2775 3797 2844 τιμίας
3815 2789 3900 2825 σον

2315 2873 2518 2944 ψυχῆς,
2545 2867 2590 2926 ὦ
2621 2872 2880 2935 δέσποτα,
2905 2873 3001 2926 καὶ
3027 2871 3253 2941 οὐδεμία
3287 2867 3618 2940 παραμυθία
3651 2866 3792 2935 πρὸς
3813 2867 3902 2919 ἁν-

2319 2965 2554 3036 θρώπων
2585 2964 2916 3034 ίκανουμένη
2959 2963 3292 3017 καταλεᾶναι
3326 2961 3424 3031 τὴν
3456 2957 3904 3029 φλεγμαίνουσάν

2321 3077 2415 3113 σου
2442 3058 2695 3128 καρδίαν,
2725 3057 2760 3128 ἢ
2791 3055 2947 3125 παρὰ
2978 3057 3143 3127 μόνου
3166 3055 3302 3108 Θεοῦ
3328 3053 3422 3107 τοῦ
3454 3053 3904 3123 παρακαλοῦντος

2318 3151 2445 3216 τοὺς
2473 3150 2766 3213 ταπεινοὺς
2790 3152 2857 3221 τῇ
2891 3148 3112 3220 καρδίᾳ,
3149 3147 3238 3200 διὰ
3275 3145 3378 3214 τῆς
3416 3145 3529 3198 τῶν
3557 3144 3792 3213 ἀγαθῶν
3829 3141 3907 3194 λο-

2322 3245 2536 3315 γισμῶν
2583 3242 2928 3314 ἀναλήψεως.
2969 3241 3187 3310 Ἐκείνη
3234 3239 3334 3308 μὲν
3383 3233 3478 3292 οὖν
3523 3241 3556 3308 ἡ
3619 3235 3903 3307 μακαρίιν

633 3343 776 3391 stam
803 3353 818 3399 ;
856 3335 1015 3403 cujus
1039 3333 1238 3388 indicia
1273 3333 1442 3387 multa
1473 3341 1624 3395 sunt,
1653 3348 1888 3402 quorum
1917 3348 2019 3388 nos
2051 3335 2214 3388 etiam

2325 3336 2572 3408 μακαρία
2617 3337 2727 3406 γάρ
2760 3337 2938 3398 ἐστιν,
2981 3333 3069 3387 ἐπ’
3102 3335 3168 3386 ἂν
3211 3333 3311 3401 τὴν
3355 3331 3542 3384 πίστιν
3589 3330 3729 3400 πρὸς
3777 3329 3908 3380 Θεὲν

633 3435 893 3496 expertes
925 3441 1034 3479 non
1069 3424 1274 3478 fuimus
1307 3441 1320 3476 :
1352 3424 1418 3476 ad
1444 3434 1775 3488 extremum,
1810 3438 1933 3494 quae
1959 3435 2216 3494 tanquam

638 3533 838 3576 aurum
887 3518 941 3572 in
993 3516 1144 3588 igne,
1183 3517 1452 3570 diuturno
1491 3531 1556 3570 ac
1605 3515 1812 3570 difﬁcili
1863 3517 2056 3570 morbo
2094 3532 2221 3583 pro-

637 3612 763 3668 bata
811 3610 939 3664 hinc
987 3609 1248 3664 evolavit.
1294 3607 1477 3674 Quare
1518 3607 1621 3662 hoc
1661 3608 1822 3662 nobis
1863 3609 1998 3664 satis
2033 3619 2116 3664 est
2153 3611 2220 3663 ad

601 3751 604 3754 .
637 3703 1098 3766 consolationem,
1134 3703 1280 3771 quod
1319 3702 1483 3754 talem
1517 3715 1744 3754 uxorem
1775 3701 1846 3755 ad
1875 3699 2042 3755 Deum
2083 3717 2221 3770 prae-

637 3796 880 3859 miseris,
931 3810 1053 3864 quae
1107 3793 1493 3864 pulcherrima:
1547 3793 1986 3848 conversationis
2030 3808 2220 3848 exem-

636 3889 787 3960 plum
840 3903 996 3942 suam
1053 3887 1228 3957 ipsius
1271 3887 1440 3940 vitam
1486 3885 1644 3940 nobis
1697 3886 1942 3955 reliquit.
1998 3886 2222 3940 Accedit

639 3982 811 4052 quod,
841 3997 966 4036 cum
1001 3981 1056 4034 in
1104 3979 1308 4035 divinis
1349 3981 1464 4050 ipse
1497 3980 1574 4034 sis
1613 3980 1878 4046 eruditus,
1909 3995 2019 4033 non
2054 3978 2222 4034 debes

635 4090 704 4130 ex
739 4089 804 4129 eo
844 4074 990 4144 quod
1039 4073 1264 4137 accidit,
1301 4073 1642 4128 conturbari.
1681 4072 1805 4129 Scis
1845 4074 2015 4136 enim,
2054 4073 2222 4130 simul

635 4175 800 4236 atque
834 4167 888 4219 in
939 4167 1078 4220 hanc
1125 4165 1300 4219 lucem
1344 4163 1455 4219 Deo
1483 4166 1696 4220 volente
1746 4165 2029 4221 nascendo
2060 4167 2220 4220 veni-

635 4269 785 4319 mus,
833 4255 993 4310 nobis
1035 4255 1241 4309 exitum
1297 4255 1631 4323 impendere,
1674 4271 1900 4324 prorsus
1948 4256 2221 4311 nativitati

637 4347 912 4401 adnexum
967 4362 1068 4401 nec
1118 4347 1481 4402 immortalem
1526 4347 1698 4401 ullum
1751 4349 2027 4402 hominem
2077 4365 2218 4413 esse.

643 4454 744 4495 nec
767 4440 1081 4510 conjugium
1114 4440 1286 4494 ullum
1313 4440 1717 4494 indissolubile.
1745 4441 2220 4511 Contemplemur,

641 4528 688 4584 si
721 4527 920 4598 placet,
969 4529 1038 4582 ab
1065 4528 1237 4582 Adam
1271 4529 1338 4582 ad
1373 4531 1515 4583 hunc
1549 4544 1727 4598 usque
1767 4529 1937 4594 diem,
1971 4540 2027 4586 et
2060 4547 2221 4602 repe-

637 4621 848 4675 riemus
879 4621 1041 4678 aliam
1073 4635 1137 4675 ex
1174 4621 1306 4687 alia,
1351 4621 1598 4691 quandiu
1631 4623 1796 4676 stabit
1839 4622 1929 4677 hic
1959 4625 2218 4688 mundus,

2322 3429 2592 3498 ἐκέκτητο
2621 3425 2863 3496 ἀσφαλῆ,
2902 3424 2998 3478 καὶ
3043 3423 3134 3477 τὸν
3169 3422 3285 3492 βίον
3314 3422 3544 3474 διετέλει
3575 3421 3802 3490 σεμνόν*
3849 3413 3907 3470 οὐ

2322 3521 2682 3592 γνωρίσματα
2725 3519 2920 3584 πολλὰ,
2950 3511 3027 3573 ὧν
3059 3521 3156 3572 καὶ
3184 3519 3345 3588 ἡμεῖς
3368 3517 3468 3569 οὐκ
3499 3515 3721 3586 ἄμοιροι
3749 3530 3908 3565 τετυ-

2321 3616 2573 3688 χήκαμεν
2593 3629 2607 3643 ·
2653 3613 2715 3666 τὸ
2757 3611 2814 3664 δὲ
2845 3609 3178 3674 τελευταῖον,
3222 3610 3304 3662 ὅτι
3345 3608 3421 3672 ὼς
3448 3607 3653 3678 χρυσὸς
3679 3608 3741 3657 ὲν
3773 3605 3912 3673 πυρὶ

2322 3712 2387 3780 τῇ
2423 3706 2740 3778 μακροτέρα
2768 3705 2863 3758 καὶ
2890 3702 3157 3774 δυσοίστῳ
3182 3702 3322 3773 νόσῳ
3360 3701 3762 3771 δοκιμασθεῖσι
3797 3700 3911 3751 ἀπ-

2323 3802 2462 3872 ἐπτη
2513 3800 2622 3854 τῶν
2670 3798 2904 3853 ἐνθένδε.
2937 3796 3150 3852 Οὐκοῦν
3183 3796 3416 3868 ἀρκετὸν
3450 3797 3585 3866 ἡμῖν
3625 3793 3784 3846 τοῦτο
3821 3795 3911 3854 εἰς

2323 3893 2705 3965 παρηγορίαν
2745 3894 2829 3946 ὅτι
2857 3890 3196 3962 τηλικαύτην
3231 3891 3502 3960 ὁμόζυγον
3535 3885 3914 3958 παρέπεμψας

2326 3986 2424 4058 μὲν
2456 3985 2923 4055 Θεῷ,ὐπόδειγμα
2953 3984 3253 4054 καλλίστης
3281 3981 3563 4043 πολιτείας
3590 3980 3683 4033 τὸν
3710 3979 3912 4044 ἑαυτῆς

2325 4079 2440 4150 βίον
2465 4080 2817 4150 ὲναφήσασαν
2861 4081 3019 4148 ἡμῖν.
3059 4077 3170 4132 Καὶ
3223 4076 3398 4138 ἄλλως
3445 4075 3527 4127 ὅτι
3559 4075 3632 4126 τὰ
3675 4072 3802 4126 θεῖα
3837 4073 3911 4123 ὣν

2324 4169 2762 4239 πεπαιδευμένος
2790 4167 2974 4232 αὐτὸς,
3005 4165 3067 4220 οὐ
3098 4164 3354 4218 τοσοῦτον
3383 4162 3624 4232 ὀφείλεις
3649 4157 3912 4226 ὲκσταθῆ-

2323 4278 2413 4316 ναι
2459 4261 2552 4313 ἐπὶ
2595 4259 2672 4329 τῷ
2718 4259 2986 4328 γεγονότι.
3019 4253 3186 4320 Οἶδας
3235 4257 3347 4326 γὰρ
3379 4257 3478 4308 ·ὅτι
3531 4256 3613 4316 εἰς
3655 4252 3909 4320 γέννησιν

2323 4354 2647 4426 ἐληλυθότες
2677 4352 2803 4407 κατ’
2836 4351 3086 4405 εὐδοκίαν
3123 4349 3280 4414 Θεοῦ,
3313 4350 3529 4410 πάντως
3558 4349 3628 4416 τῇ
3657 4347 3904 4414 γεννήσει

2325 4444 2742 4513 συνεζευγμένη
2787 4443 2882 4496 καὶ
2914 4444 2947 4511 ἡ
2995 4441 3174 4506 ἔξοδος
3217 4443 3351 4510 ἡμῖν
3385 4436 3776 4508 προσγίνεται.
3815 4433 3906 4485 καὶ

2321 4539 2493 4602 οὐδεὶς
2541 4537 2828 4608 ἄνθρωπος
2891 4535 3198 4599 ἀθάνατος,
3250 4534 3343 4587 καὶ
3394 4530 3625 4600 οὐδεμία
3682 4527 3907 4593 συζυγία

2326 4632 2698 4695 ἁδιάζευκτος.
2739 4627 3262 4699 Ἀναθεωρήσωμεν,
3317 4627 3364 4677 εἰ
3414 4623 3585 4681 δοκεῖ.
3635 4622 3764 4683 τοὺς
3803 4618 3906 4672 ἀπὸ

637 4713 1059 4768 descendentem
1108 4715 1543 4768 successionem.
1583 4713 1684 4769 Ubi
1721 4725 1848 4769 sunt
1890 4716 1982 4784 qui
2035 4725 2086 4770 te
2127 4731 2216 4786 ge-

2340 4724 2514 4794 ‘Adzp.
2555 4722 2716 4792 μέχρι
2762 4698 3025 4792 τήμερον,
3058 4723 3154 4771 καὶ
3185 4718 3489 4787 εὑρήσομεν
3531 4715 3636 4784 τὴν
3667 4712 3906 4780 ὑπάλλη-

638 4814 901 4870 nuerunt,
928 4805 1180 4870 Domine,
1218 4814 1273 4860 et
1299 4807 1397 4876 qui
1431 4807 1556 4861 illos
1589 4807 1982 4876 procrearunt?
2005 4817 2060 4862 et
2095 4824 2220 4863 sur-

637 4913 760 4953 sum
807 4913 997 4953 versus
1025 4913 1367 4963 commeans,
1421 4899 1572 4955 aliud
1619 4899 1754 4954 nihil
1787 4903 2024 4970 reperies
2052 4918 2216 4972 quam

637 4989 846 5043 Iluxum
872 5005 936 5045 ac
963 4989 1242 5048 deﬂuxum
1275 4991 1329 5045 in
1362 4991 1681 5047 hominibus
1713 5007 1838 5048 esse
1873 5002 2213 5063 perpetuum.

637 5081 783 5152 Quid
820 5082 988 5153 igitur
1019 5098 1166 5139 nunc
1197 5094 1281 5138 est
1314 5085 1797 5157 ηυοάοιιυωιὶιυιυῖ
1829 5083 1901 5140 Ut
1928 5087 2073 5155 apud
2117 5101 2219 5141 nos

637 5176 834 5238 simus,
873 5182 928 5228 et
972 5190 1252 5245 nunquam
1300 5176 1689 5233 obliviscenda:
1720 5179 1933 5232 mulieri
1973 5192 2216 5247 congrua

606 5266 858 5336 'quidem
911 5265 1061 5336 justa
1110 5268 1486 5338 persolvamus
1520 5270 1643 5340 (pro
1692 5287 1798 5340 qua
1851 5286 1953 5326 nos
1997 5286 2218 5342 quoque

593 5393 597 5398 ε
637 5359 872 5417 humiles
905 5376 1014 5416 non
1041 5361 1329 5416 minimum
1352 5364 1560 5432 precati
1589 5378 1782 5420 sumus
1805 5376 1863 5419 ut
1892 5365 1945 5420 in
1979 5365 2082 5420 hac
2108 5364 2217 5419 vita

637 5461 1017 5518 permaneret;
1056 5453 1276 5508 tametsi
1320 5453 1588 5520 exauditi,
1629 5466 1689 5511 ut
1725 5465 2062 5526 peccatores,
2107 5471 2217 5510 non

2327 4817 2416 4870 λον
2451 4815 2702 4885 διαδοχὴν
2742 4813 3034 4866 κατιοῦσαν
3066 4810 3172 4873 ἕως
3203 4809 3268 4862 ἂν
3303 4811 3397 4861 καὶ
3427 4807 3660 4876 συσταίη
3705 4808 3734 4858 ὁ
3783 4805 3904 4873 τῇδε

2327 4907 2551 4975 κόσμος.
2587 4903 2698 4958 Ποῦ
2729 4904 2779 4956 οἱ
2811 4900 3082 4971 φύσαντές
3112 4917 3171 4952 σε
3197 4940 3213 4964 ,
3256 4898 3512 4961 δέσποτα,
3545 4897 3643 4949 καὶ
3681 4896 3731 4948 οἱ
3760 4891 3901 4946 ἐκεί-

2321 5017 2445 5062 νους
2471 4997 2599 5051 τεκό
2611 5013 2756 5062 ιτες;
2797 4996 2891 5048 καὶ
2920 4993 3262 5057 ἀναποδίζων
3283 4992 3436 5044 οὐδὲν
3469 4989 3600 5042 ἄλλο
3630 4989 3899 5058 εὑρήσεις,

2321 5091 2354 5162 ἣ
2392 5089 2522 5162 ῥοὴν
2563 5089 2656 5142 καὶ
2681 5085 2958 5160 ἀπορροὴν
2989 5086 3058 5139 τὰ
3080 5083 3420 5156 ἀνθρώπινα.
3440 5084 3507 5134 Τί
3537 5078 3634 5134 οὖν
3656 5083 3770 5133 ἐστι
3805 5077 3899 5131 νῦν

2321 5185 2380 5236 τὸ
2410 5181 2776 5254 ζητούμενονς
2823 5181 2971 5244 ὅπως
3015 5181 3097 5241 εἰς
3129 5179 3278 5249 ἡμᾶς
3319 5176 3520 5238 αὐτοὺς
3564 5170 3894 5242 γενοίμεθα,

2321 5276 2418 5330 καὶ
2452 5274 2522 5328 τὰ
2565 5275 2663 5345 μὲν
2708 5273 2896 5327 εἰκότα
2927 5271 3195 5339 ἐπιτάφια
3248 5267 3660 5332 ἐπιτελέσωμεν
3690 5267 3755 5333 τῇ
3783 5262 3896 5313 ἀει·-

2328 5366 2577 5436 μνήστῳ’
2629 5363 2774 5434 ὑπὲρ
2818 5357 2886 5435 ἧς
2915 5363 3010 5418 καὶ
3047 5361 3210 5431 ἡμεῖς
3241 5360 3291 5412 οἱ
3321 5357 3570 5411 ταπεινοὶ
3595 5355 3699 5409 οὐκ
3723 5353 3898 5418 ἐλάχι-

2328 5474 2428 5512 στα
2451 5455 2756 5528 ηὐξάμεθα,
2775 5457 2823 5508 εί
2847 5453 2940 5507 καὶ
2963 5451 3064 5504 οὐκ
3087 5447 3440 5520 ἠκούσθημεν
3464 5445 3540 5508 ὡς
3564 5439 3892 5513 ἁμαρτωλοὶ,

2157 5660 2390 5718 NOTAE.

713 5817 824 5890 (80)
858 5817 915 5872 In
947 5819 1072 5876 cod.
1101 5817 1230 5892 Reg.
1265 5819 1410 5891 ρπθ¹⁸
