4102 6374
279 323 417 386 1573

1442 337 1981 403 EPISTOLARUM
2029 343 2173 404 LIB.
2237 345 2319 406 Ιῐ.

3390 347 3525 413 1574

271 437 332 486 τὸ
363 437 645 532 ἐπιμεῖναι
671 440 840 514 αὐτὴν
870 445 928 498 ὲν
955 445 1093 517 τῷδε
1125 447 1206 519 τῷ
1236 448 1365 520 βίῳο
1387 451 1458 504 τὰ
1485 452 1542 506 δὲ
1573 453 1683 507 τῶν
1717 455 1842 509 παί-

1950 457 2238 527 fuerimus)
2277 467 2336 512 ut
2372 473 2497 529 qua:
2525 459 2594 515 ad
2639 460 2783 517 ﬁlios
2816 471 3088 532 spectant,
3122 472 3273 518 recte
3303 465 3522 531 {consti-

271 528 400 596 δων,
428 524 504 624 ἐὖ
537 530 868 603 διαθώμεθα,
904 540 1000 592 καὶ
1035 539 1105 593 τὰ
1133 541 1380 612 ἡμέτερα
1434 542 1615 608 ὲξόδια
1646 563 1845 616 προευ-

1950 562 2187 617 luamus,
2222 560 2278 606 et
2317 552 2382 606 ad
2425 551 2632 606 exitum
2671 561 2921 608 nostrum
2970 569 3071 609 nos
3109 568 3522 624 comparemus,

271 619 650 692 τρεπίσωμεν,
678 625 1093 694 ὲμὸιοτεύοντες
1121 632 1199 702 τῷ
1231 632 1348 704 βίῳ,
1369 633 1715 706 θεοπρεπῶς’
1760 639 1849 694 ἵνα

275 716 642 782 μεταστάντες
675 719 784 772 τῶν
815 721 1047 786 ἐνθένδε,
1073 725 1310 794 ὁπηνίκα
1338 727 1627 797 ἐπιτρέπει
1657 732 1689 799 ἡ
1719 731 1848 801 πρό-

276 823 416 869 νοια,
448 809 758 882 εὑρήσομεν
786 813 965 868 ἐκεῖσε
997 819 1094 888 τὴν
1124 818 1296 889 καλὴν
1319 820 1588 890 ὀμόξυγον
1614 823 1670 874 ἐν
1698 823 1848 876 ἀπεί-

273 913 390 966 ροις
435 900 598 952 αἰῶσι
642 903 942 972 χαίρουσαν
987 907 1086 962 σὺν
1134 911 1269 978 ἡμῖν
1300 911 1480 975 αὐτοῖς
1508 913 1602 964 ἐπὶ
1629 913 1847 982 μεθέξει

271 988 380 1040 τῶν
429 991 758 1063 ἀπορρήτων
806 997 1050 1064 ἀγαθῶν.
1101 1001 1288 1054 Ταῦτα
1337 1004 1386 1055 εί
1439 1004 1534 1057 καὶ
1589 1003 1849 1076 ἐλάχιστα

271 1081 408 1152 πρὸς
442 1085 785 1156 παρηγορίαν
805 1104 820 1120 ο
841 1091 989 1159 ὅμως
1016 1093 1097 1145 ὅτι
1125 1094 1465 1148 ἐπιδεικτικά
1494 1096 1597 1168 τῆς
1625 1099 1850 1169 ἀγάπης

271 1185 390 1232 σου,
451 1171 576 1242 ῆτις
636 1175 731 1228 καὶ
792 1179 1077 1249 χαρισθείη
1136 1182 1266 1250 ἡμῖν
1323 1182 1557 1253 εῠθυμος
1613 1186 1707 1236 καὶ
1753 1185 1846 1250 εὑ-

273 1263 661 1332 παρηγόρητος
693 1267 784 1318 ἐπὶ
817 1269 917 1338 τῆς
950 1270 1042 1322 ἐπὶ
1071 1271 1248 1324 πάντα
1275 1275 1356 1336 εὶς
1383 1274 1515 1327 Θεὸν
1538 1275 1848 1338 ἀναθέσεως

273 1367 302 1401 υ
309 1369 450 1420 μων.

412 1470 561 1522 PIIZ'
590 1471 1034 1541 (θην-Λέοντι
1061 1477 1462 1544 Σακελλαρίῳ.
1508 1475 1694 1550 [duint]

1944 643 2111 697 vitam
2141 643 2286 698 hanc
2319 642 2428 698 Deo
2449 643 2610 712 digne
2637 645 3006 715 transigentes
3035 664 3049 700 :
3083 655 3142 700 ut
3173 647 3302 703 hinc
3329 659 3514 704 trans-

1944 735 2038 788 lati
2081 746 2211 790 tunc
2252 751 2378 791 cum
2414 736 2645 806 jusserit
2675 738 3034 806 providentia,
3071 740 3184 794 illic
3226 742 3522 796 nancisca-

1944 843 2068 882 mur
2088 829 2362 898 egregiam
2394 830 2681 900 conjugem
2716 831 2940 887 iutinitis
2974 833 3188 888 saeculis
3233 833 3520 889 nobiscum

1950 923 2010 975 in
2036 922 2454 992 participatione
2486 923 2842 977 ineﬁ‘abilium
2874 925 3143 979 bonorum
3171 926 3520 996 gaudentem.

1951 1010 2097 1075 llaec,
2131 1013 2255 1067 licet
2285 1013 2499 1082 exigua
2549 1015 2614 1068 ad
2647 1015 3108 1081 consolationem,
3145 1027 3391 1073 nostram
3445 1028 3527 1072 ta-

1950 1117 2074 1156 men
2132 1103 2483 1158 testabunt-ur
2546 1103 2984 1159 benevolentiam
3039 1123 3164 1177 erga
3220 1115 3272 1162 te
3314 1124 3522 1177 :quem

1949 1194 2110 1248 velim
2156 1209 2373 1264 semper
2419 1209 2543 1250 esse
2583 1194 2727 1248 bono
2759 1196 2946 1250 animo
2997 1206 3051 1250 et
3083 1198 3148 1251 ad
3189 1197 3524 1252 consolatio-

1948 1299 2073 1339 nem
2110 1284 2427 1355 capiendam
2465 1295 2654 1355 parato
2693 1301 2792 1354 pro
2829 1294 2923 1342 tua
2955 1287 3009 1341 in
3049 1288 3156 1342 Deo
3191 1289 3412 1344 ﬁducia.

2259 1480 2615 1539 CLXXXVII.
2633 1513 2706 1524 —-
2733 1481 2899 1539 Leoni
2931 1483 3250 1540 Sacellario.

1364 1593 1555 1644 Gratias
1581 1598 1681 1658 agit
1704 1603 1761 1646 et
1786 1594 1998 1646 virtutes
2033 1597 2144 1660 ejus
2168 1596 2423 1660 praedicat.

344 1697 457 1752 Καὶ
503 1699 714 1771 σιωπᾷν
759 1701 860 1755 οὐκ
897 1703 1305 1775 ἐπιτρεπόμεθα
1345 1705 1456 1760 τῶν
1505 1709 1840 1778 εὐεργεσιῶν

2015 1709 2082 1765 Et
2109 1710 2271 1764 silere
2307 1710 2468 1765 nobis
2515 1725 2622 1764 non
2651 1710 2779 1766 licet
2808 1713 2902 1781 qui
2947 1727 3177 1766 summa:
3215 1723 3271 1768 et
3313 1715 3530 1770 deside-

270 1789 370 1858 τῆς
415 1790 678 1861 μεγίστης
727 1793 823 1846 καὶ
867 1795 1202 1866 ὲπιποθήτου
1249 1814 1342 1850 σου
1389 1799 1663 1870 ὑπεροχῆς
1708 1802 1846 1854 ἀπο-

269 1879 553 1946 λαύοντες·
591 1885 684 1937 καὶ
712 1884 958 1958 ἀπαντᾷν
1001 1888 1122 1941 κατ’
1165 1889 1321 1955 ἀξίαν
1352 1891 1452 1944 οὐκ
1477 1892 1844 1962 εὐποροῦμεν,

269 1972 431 2042 λόγου
463 1976 796 2048 ἀποροῦντες
823 1981 1210 2052 προσήκοντος.
1245 1983 1307 2036 Ei
1337 1983 1392 2037 δὲ
1414 1985 1496 2037 ὃτι
1528 1987 1559 2055 ἡ
1594 1985 1847 2057 θεοφιλής

272 2081 369 2117 σου
408 2064 553 2136 ψυχὴ
583 2065 656 2138 μὴ
687 2066 862 2131 οὕτως
891 2069 1085 2136 οἴεται,
1116 2071 1175 2124 ού
1214 2070 1625 2142 θαυμαστόν.Ή
1645 2074 1845 2144 ἀγάπη

269 2159 401 2228 γάρ,
453 2160 608 2229 φησὶ,
640 2159 709 2212 τὸ
736 2161 926 2214 κακὸν
964 2163 1036 2215 οὐ
1081 2162 1408 2233 λογίζεται⁹
1449 2167 1572 2219 ἐπεὶ
1612 2168 1708 2218 καὶ
1756 2167 1848 2221 ἐκ·

209 2293 214 2296 .
271 2250 444 2304 παλαι
478 2251 539 2304 τὸ
565 2252 698 2305 αὐτὸ
730 2252 889 2306 εἴωθε
923 2254 1149 2322 φιλικῶς
1181 2256 1585 2327 ὑπολαμϐάνειν
1621 2260 1716 2312 καὶ
1757 2275 1848 2311 σε·

275 2344 496 2415 μνύνειν
529 2346 673 2415 ὑμᾶς
698 2345 906 2418 δωρεὰν
935 2349 1062 2412 τοὺς
1085 2349 1381 2420 ἀλητίμους
1399 2365 1412 2378 ⁸
1442 2352 1532 2404 καί
1555 2350 1629 2415 ῶς
1659 2369 1846 2421 φασιν,

271 2438 392 2490 οὐδὲ
423 2439 736 2509 συγκρίνειν
761 2440 906 2511 ἔχεις
938 2441 1073 2512 πρὸς
1102 2442 1366 2512 ἀλλήλους
1397 2442 1516 2496 καθ’
1546 2446 1844 2516 ὑπεροχήν.

285 2529 444 2583 Ἀλλά
471 2529 641 2584 ταῦτα
673 2532 792 2602 μὲν,
831 2533 908 2598 ὡς
940 2520 1175 2604 είρήται,
1199 2537 1297 2606 τῆς
1331 2536 1481 2607 ἱερεῖς
1513 2537 1749 2608 στοργῆς
1781 2538 1850 2592 τὰ

271 2621 602 2693 συμϐόλαια.
634 2624 805 2688 Αὐτὸς
839 2625 918 2690 δὲ,
951 2621 996 2680 ὦ
1031 2628 1449 2692 παντεπαίνετε,
1483 2627 1667 2692 ἔοικας
1691 2629 1851 2701 ἀκρόο

272 2715 429 2779 πολίς
473 2734 555 2781 τις
601 2713 913 2788 ὲνιδρύσθάι
943 2721 1000 2772 ὲν
1024 2723 1089 2792 τῇ
1127 2719 1358 2790 βασιλίδι
1387 2720 1496 2773 τῶν
1525 2721 1736 2775 πόλεων
1756 2737 1770 2752 ⁸
1812 2721 1846 2792 ἦ

269 2808 504 2879 τάληθὲς
537 2811 864 2881 οἰκειότερον
890 2812 1084 2876 εἰπεῖν,
1113 2811 1278 2884 λιμὴν
1309 2811 1716 2884 πολυχώρητος,
1735 2814 1849 2868 θλι-

268 2903 518 2974 ϐομένων
543 2904 852 2969 ἀνάπαυλα,
877 2904 1157 2976 διψώντων
1179 2906 1340 2975 λόγου
1363 2906 1639 2978 ἐμμελοῦς
1666 2906 1848 2960 ἰκανὸν

268 2995 641 3066 παραμύθιον,
690 2999 1057 3069 καθεκάστην,
1101 2999 1177 3062 ὠς
1236 3003 1431 3066 εἰπεῖν,
1472 2999 1848 3070 εἰσδεχόμενος

1951 1812 2080 1860 ratae
2107 1804 2441 1859 excellentia:
2475 1814 2578 1858 tua:
2603 1805 2884 1858 beneﬁciis
2911 1804 3169 1868 fruimur,
3209 1819 3263 1861 et
3293 1823 3529 1878 respon-

1949 1897 2078 1952 dere
2112 1912 2212 1966 pro
2237 1896 2503 1966 dignitate
2532 1912 2642 1950 non
2686 1911 3006 1965 possumus,
3040 1899 3363 1966 congruenti
3410 1915 3532 1955 ser-

1947 1997 2113 2037 mone
2145 1983 2416 2038 destituti.
2449 1982 2608 2049 Quod
2634 1999 2764 2037 vero
2791 1983 2961 2038 Deum
2993 2000 3187 2040 amans
3219 1987 3403 2042 anima
3439 1998 3530 2045 tua

1947 2087 2056 2126 non
2085 2073 2166 2127 sic
2192 2073 2380 2136 sentit,
2412 2075 2613 2127 mirum
2646 2088 2752 2128 non
2789 2081 2894 2128 est.
2927 2071 3179 2130 Charitas
3213 2077 3438 2146 quippe,
3468 2087 3530 2133 ut

1949 2163 2047 2228 ait,
2104 2180 2208 2218 non
2261 2165 2458 2235 cogitat
2519 2165 2814 2232 malum”;
2877 2165 3007 2234 quia
3058 2166 3393 2236 jampridem
3444 2169 3528 2224 id-

1949 2257 2131 2326 ipsum
2163 2257 2320 2313 solita
2345 2265 2429 2312 est
2463 2257 2640 2311 amice
2671 2272 3023 2326 praesumere,
3053 2269 3108 2312 et
3141 2273 3244 2313 nos
3277 2259 3531 2330 indignos

1951 2351 2123 2420 gratis
2165 2350 2376 2405 honore
2431 2349 2683 2415 allicere;
2736 2359 2896 2419 teque
2939 2365 3064 2404 cum
3117 2350 3240 2406 aliis
3267 2360 3527 2421 tanquam

1948 2441 2448 2507 excellentioribus,
2485 2440 2710 2495 minime
2747 2440 2945 2504 audes,
2995 2441 3073 2494 uti
3109 2441 3332 2507 dicitur,
3375 2458 3528 2498 com-

1949 2551 2166 2606 parare.
2211 2533 2416 2588 Verum
2471 2534 2610 2598 haec,
2682 2540 2742 2586 ut
2802 2532 2938 2600 dixi,
3001 2547 3173 2588 sacrae
3219 2533 3530 2590 dilectionis

1949 2641 2080 2690 sunt
2123 2631 2342 2686 indicia.
2387 2629 2469 2685 Tu
2503 2645 2655 2692 vero,
2694 2629 3059 2699 undequaque
3089 2627 3406 2694 laudabilis,
3442 2629 3528 2683 vi-

1949 2725 2097 2779 detis
2121 2725 2174 2777 in
2207 2723 2424 2776 urbium
2460 2721 2668 2792 regina,
2703 2729 2962 2789 tanquam
2991 2734 3086 2772 arx
3123 2719 3371 2789 quaedam
3411 2719 3526 2774 col-

1949 2797 2188 2880 locatus,
2223 2825 2339 2880 aut,
2373 2824 2431 2869 ut
2457 2813 2674 2885 proprie
2709 2813 2884 2880 magis
2907 2827 3097 2866 verum
3143 2811 3344 2877 dicam,
3377 2812 3529 2865 velut

1949 2919 2141 2982 portus
2191 2908 2609 2978 eapacissimus,
2667 2907 2994 2960 animorum
3047 2905 3287 2974 requies,
3337 2905 3530 2959 audire

1944 3003 2192 3074 jucunda
2230 3002 2578 3072 cupientibus
2628 2999 2941 3055 consolatio
2994 2998 3210 3061 idonea,
3262 2997 3525 3068 quotidie,

268 3091 364 3142 καὶ
385 3088 974 3162 ἰώμενος,θεραπεύων
1002 3109 1060 3145 τε
1087 3090 1184 3144 καὶ
1207 3093 1598 3161 ἀφοσιούμενος
1623 3091 1845 3156 τούτους

1954 3105 2016 3150 ut
2046 3095 2246 3158 dicam,
2295 3093 2590 3147 admittens
2623 3099 2679 3147 et
2719 3106 2948 3151 sanans,
2975 3104 3283 3160 procurans
3311 3099 3366 3143 et
3401 3090 3528 3145 reli-

268 3183 556 3246 κάκείνους
577 3222 593 3248 ,
632 3184 856 3255 μείζους
889 3185 983 3238 καὶ
1027 3184 1284 3249 ἐλάττους
1311 3225 1326 3246 ,
1365 3185 1531 3256 ἱερεῖς
1581 3185 1678 3238 καί⁵
1707 3186 1844 3256 ἀρχ-

270 3277 456 3348 ιερεῖς,
505 3275 736 3340 ἐντελεῖς
771 3277 866 3330 καὶ
911 3277 1256 3347 ὑφειμένως.
1301 3278 1388 3340 Ὠς
1420 3277 1846 3349 μεγαλοπρεπές

230 3363 233 3365 ’
272 3379 368 3416 σου
400 3363 458 3414 τὸ
490 3362 632 3417 θεῖον
672 3365 913 3434 ἀξίωμα,
962 3368 1055 3420 καὶ
1081 3366 1141 3418 τὸ
1176 3365 1420 3434 θεοφιλὲς
1453 3369 1796 3439 πρακτήριον
1828 3369 1842 3422 ι

272 3453 550 3524 Προσήκει
592 3472 674 3508 σοι
707 3457 803 3509 καὶ
832 3458 900 3509 τὰ
939 3457 1031 3509 τοῦ
1079 3458 1322 3527 ἀοιδίμου
1365 3459 1480 3510 ’1ὼὸ
1513 3459 1578 3512 τὰ
1623 3459 1849 3528 ἐπιφθέ-

273 3561 461 3614 γματα
483 3559 498 3572 '
527 3547 730 3616 Πατὴρ
764 3547 1058 3616 ἐγενόμην
1091 3549 1367 3616 ὀρφανῶν
1389 3589 1404 3610 ,
1457 3550 1609 3614 ποὺς
1642 3550 1708 3602 δὲ
1739 3570 1847 3619 χω-

267 3634 417 3700 λῶν,
447 3639 645 3701 Marti
680 3639 748 3692 δὲ
773 3639 1063 3707 ἀνθρώπῳ
1109 3640 1402 3703 ἀνέῳκταί
1435 3659 1554 3709 μου
1590 3643 1628 3710 ἡ
1662 3643 1844 3712 θύρα,

270 3729 368 3780 καὶ
388 3728 489 3783 ὃσα
511 3729 722 3792 τούτοις
751 3731 1114 3801 συνεπόμενα.
1150 3733 1222 3785 Σὺ
1247 3732 1308 3784 τὸ
1340 3731 1592 3801 λείψανον
1623 3733 1721 3804 τῆς
1751 3735 1846 3787 εύ-

271 3820 490 3885 σεὸείας
509 3837 523 3851 ·
550 3822 714 3888 αὐτὸς
738 3824 799 3878 τὸ
831 3825 1114 3895 κειμήλιον
1137 3825 1235 3896 τῆς
1271 3825 1580 3896 ὀρθοδοξίας
1599 3844 1611 3856 ·
1645 3827 1740 3879 κα)⁵
1778 3826 1848 3879 τά

272 3913 448 3969 πολλὰ
477 3917 819 3987 παρατρέχει
850 3920 876 3970 ὁ
902 3917 1060 3986 λόγος
1080 3934 1094 3946 ·
1149 3919 1235 3972 ἵνα
1268 3917 1342 3988 μὴ
1372 3918 1499 3989 δόξῃ
1525 3917 1660 3988 πρὸς
1687 3919 1846 3988 χάριν

268 4004 469 4073 λέγειν,
511 4009 606 4060 καὶ
649 4007 938 4062 κολακείαν
987 4009 1056 4063 τὰ
1087 4011 1168 4072 εἰς
1214 4010 1505 4081 πρόσωπον
1558 4007 1843 4072 ἀκοντιζό-

273 4116 428 4170 μενα.
463 4103 651 4170 Ὅμως
686 4103 816 4172 μίαν
844 4102 1028 4174 φωνὴν
1067 4103 1324 4171 προσθεὶς
1375 4102 1713 4156 ἀποπαύσειε
1751 4102 1844 4155 τοῦ

267 4191 484 4258 λέγειν’
533 4193 634 4262 μία
670 4194 996 4265 παραμυθία
1041 4195 1256 4265 Πατρὶ,
1308 4197 1606 4265 μονογενής
1651 4213 1709 4248 τε
1751 4195 1844 4247 καὶ

268 4283 590 4356 φιλοπάτωρ
629 4287 767 4352 υἱός,
799 4286 896 4338 καὶ
931 4290 996 4358 τῇ
1059 4286 1291 4357 βασιλίδι
1328 4288 1540 4358 πόλειὴ
1575 4287 1640 4358 σὴ
1674 4305 1844 4358 μεγα-

267 4372 474 4444 λοφυής
509 4377 601 4428 καὶ
636 4377 962 4447 περιϐόητος
993 4378 1348 4448 ἀρισταρχία.

267 4489 426 4541 ΡΠΗ¹
448 4488 659 4561 (8'2).——
682 4491 758 4560 Τῇ
789 4493 1096 4562 σπαθαρίςι
1122 4493 1227 4549 τοῦ
1257 4493 1617 4549 Φλαϐιανοῦ.
1646 4492 1839 4566 [even]

1955 3189 2108 3258 giose
2138 3187 2323 3242 colens
2351 3185 2452 3238 hos
2482 3195 2536 3237 et
2575 3183 2718 3248 illos,
2767 3183 3004 3252 majores
3043 3197 3107 3235 ac
3151 3181 3414 3247 minores,
3448 3195 3530 3235 sa-

1956 3281 2203 3336 cerdotes
2235 3288 2290 3333 et
2317 3278 2626 3347 episcopos,
2665 3274 2932 3344 primores
2967 3284 3020 3328 et
3054 3273 3320 3330 subditos.
3354 3273 3527 3340 Quam

1957 3371 2248 3444 magniﬁca
2279 3380 2364 3426 est
2396 3369 2637 3440 dignitas
2675 3377 2767 3422 tua
2815 3365 3024 3430 divina,
3062 3374 3117 3419 et
3156 3363 3264 3419 Deo
3307 3375 3530 3434 accepta

1955 3463 2301 3520 exercitatio.
2349 3459 2474 3514 Tibi
2529 3459 2692 3514 etiam
2744 3457 3080 3511 conveniunt
3121 3455 3391 3510 decantati
3428 3453 3532 3509 Job

1955 3557 2123 3612 verba
2153 3573 2171 3604 :
2208 3554 2374 3608 Pater
2401 3569 2547 3606 eram
2577 3550 2956 3620 orphanorum,
2988 3559 3036 3602 et
3072 3563 3158 3616 pes
3193 3547 3530 3610 claudorum,

1955 3659 2004 3702 et
2055 3648 2198 3701 omni
2244 3645 2442 3698 homini
2477 3652 2664 3712 aperta
2709 3649 2824 3694 erat
2863 3640 3037 3709 janua
3088 3656 3202 3692 mea
3220 3641 3298 3706 ’9;
3339 3648 3394 3713 et
3427 3639 3531 3692 alia

1955 3751 2079 3806 qua:
2127 3741 2457 3804 sequuntur.
2493 3732 2572 3786 Tu
2623 3730 2865 3800 reliquiae
2895 3728 3132 3798 pictatis,
3184 3738 3240 3783 tu
3284 3738 3532 3800 recepta-

1955 3829 2139 3883 culum
2180 3824 2522 3880 ortltodoxim
2559 3845 2571 3877 :
2619 3833 2676 3876 et
2718 3825 2886 3874 multa
2923 3821 3292 3889 praetermittit
3331 3821 3531 3881 oratio.

1955 3936 2024 3976 ne
2060 3921 2125 3974 ad
2155 3919 2387 3989 gratiam
2422 3916 2573 3984 loqui
2613 3930 2735 3984 quze
2771 3915 2824 3966 in
2875 3929 2935 3966 os
2976 3913 3254 3977 dicuntur,
3301 3923 3355 3966 et
3399 3913 3534 3967 adu-

1954 4013 2054 4068 lari
2086 4013 2352 4066 videatur.
2402 4009 2643 4065 Verbum
2680 4015 2864 4060 tamen
2911 4021 3078 4058 unum
3111 4006 3318 4061 addens
3360 4008 3536 4060 conti-

1953 4116 2152 4164 cescet.
2207 4103 2384 4156 Patris
2436 4116 2544 4156 una
2593 4107 2677 4156 est
2727 4098 3060 4163 consolatio,
3117 4098 3432 4168 unigenitus
3480 4109 3534 4153 et

1953 4207 2163 4268 patrem
2197 4209 2391 4248 amans
2426 4191 2592 4258 titius,
2627 4202 2742 4245 tum
2774 4191 2978 4259 reginae
3014 4191 3137 4244 urbi
3186 4191 3531 4260 magnanima

1951 4301 2006 4347 et
2031 4290 2264 4346 celebris
2295 4289 2498 4358 optima
2531 4293 2625 4340 tua
2657 4285 3086 4340 administratio.

2125 4484 2503 4542 CLXXXVIII.
2535 4515 2606 4524 —
2636 4481 2938 4552 Spathariw
2963 4480 3207 4535 Flaviani
3241 4482 3350 4551 (⁵).

1717 4605 1770 4654 In
1805 4603 1945 4654 obitu
1973 4601 2082 4652 ﬁlii.

342 4708 615 4776 ’Έφθασεν
639 4710 672 4780 ἡ
695 4710 943 4782 ἀπευκτὴ
961 4712 1191 4781 ἀγγελία
1208 4712 1300 4766 τοῦ
1319 4730 1386 4766 πε
1397 4714 1448 4783 ρ),
1471 4711 1564 4766 τοῦ
1591 4714 1844 4784 ἀειμνήσ-

2024 4707 2277 4762 Pervenit
2307 4721 2484 4776 usque
2515 4703 2582 4758 ad
2624 4701 2990 4756 humilitatem
3023 4713 3244 4769 quoque
3279 4709 3527 4752 nostram

266 4818 360 4854 του
381 4801 606 4871 υἱοῦςσου
623 4801 849 4868 πάθους,
874 4808 1034 4875 μέχρι
1054 4805 1255 4876 καὶτῆς
1268 4807 1426 4877 ἡμῶν
1438 4808 1839 4872 ταπεινώσεως.

278 4893 370 4945 Ἐν
465 4893 655 4964 ῶσπερ
676 4896 726 4948 οἱ
756 4895 856 4960 τὰς
887 4897 1053 4960 ἀκοὰς
1080 4897 1366 4969 βροντηδὸν
1399 4899 1844 4969 καταπλαγέντες

266 4986 612 5055 πεπτήχασιν
641 4985 775 5050 ὅλως
797 5002 812 5018 ’
844 4987 1017 5054 οὕτως
1047 4992 1180 5061 ἡμῖν
1213 4993 1241 5046 ὁ
1270 4991 1426 5060 λόγος
1458 4992 1844 5064 ἐξαπορεῖσθαι

267 5078 558 5146 πεποίηκε,
596 5078 688 5130 καὶ
721 5077 855 5149 μηδὲ
885 5079 1030 5150 ἔχειν
1081 5099 1134 5134 τι
1167 5081 1504 5153 φθέγξασθαι
1550 5083 1698 5151 ἄξιον
1739 5085 1844 5153 τῆς

264 5167 480 5237 ὀδύνης.
517 5169 580 5221 Ὢ
607 5170 658 5222 τί
679 5170 903 5239 γέγονεν
935 5173 1196 5242 ὲξάπινα;
1223 5175 1338 5239 πῶς
1358 5175 1530 5248 ᾡχετο
1551 5177 1690 5249 ἀνὴρ
1713 5177 1846 5230 θαυ-

272 5260 498 5330 μαστὺς,
559 5261 690 5316 αὐτὸ
725 5263 827 5330 τῆς
857 5264 1073 5336 ἡλικίας
1128 5267 1278 5335 ἄγων
1328 5268 1390 5320 τὸ
1435 5267 1732 5338 βιώσιμον;
1767 5268 1843 5332 ὡς

1952 4801 2140 4858 feralis
2171 4799 2397 4853 nuntius
2441 4797 2508 4851 de
2542 4805 2758 4851 :eternze
2810 4792 3088 4846 memoriae
3123 4792 3215 4844 ﬁlii
3251 4792 3328 4844 tui
3375 4806 3526 4846 casu.

1953 4895 2010 4950 In
2036 4909 2168 4965 quo,
2195 4889 2656 4961 quemadmodum
2687 4887 2724 4942 ii
2752 4887 2953 4956 quibus
2981 4899 3142 4939 aures
3169 4885 3371 4938 tonitru
3408 4899 3530 4953 per-

1953 5002 2129 5043 cussa:
2160 4993 2307 5048 sunt,
2346 4984 2441 5038 toti
2487 4990 2640 5036 metu
2671 4987 3134 5043 consternantur;
3183 4977 3253 5030 ita
3291 4991 3392 5030 nos
3440 4976 3530 5030 hic

1951 5095 2140 5134 rumor
2169 5078 2226 5132 in
2257 5089 2502 5131 summas
2545 5071 2826 5142 angustias
2860 5069 3089 5140 redegit,
3125 5079 3184 5122 ut
3227 5084 3328 5123 nec
3361 5067 3528 5120 verba

1951 5175 2248 5238 suppetant
2280 5180 2403 5235 qua:
2432 5163 2584 5232 paria
2623 5163 2735 5216 sint
2765 5160 2966 5215 dolori.
3001 5158 3046 5214 Ο
3077 5161 3205 5230 quid
3238 5160 3530 5228 derepente

1951 5261 2159 5317 factum
2197 5259 2318 5314 est?
2346 5256 2622 5328 quomodo
2650 5256 2888 5311 excessit
2919 5253 3000 5308 vir
3041 5251 3418 5312 admirandus,
3463 5263 3528 5301 ea

273 5353 630 5426 μεγαλοήλιξῑ
688 5355 764 5420 ὡς
791 5357 993 5426 ὡραῖος
1039 5357 1140 5428 τὴν
1191 5357 1349 5428 δψινῐ
1389 5359 1466 5424 ὡς
1520 5359 1749 5431 εὐγενὴς
1783 5361 1842 5413 τὸ

1951 5369 2110 5416 aetate
2139 5373 2262 5429 quae
2297 5357 2536 5411 maxime
2575 5353 2762 5409 vitalis
2792 5361 2893 5418 est,
2932 5365 3094 5422 quam
3127 5360 3388 5418 procerus
3413 5356 3529 5399 Sta-

344 5468 433 5523 "l
460 5469 588 5526 Cor.
621 5486 743 5536 xm,
776 5470 828 5524 5.
903 5472 948 5503 "
970 5467 1072 5525 τοι)
1105 5487 1257 5539 xxix,
1289 5473 1377 5528 15.

1805 5623 2040 5682 ΝΟΤΕ.

341 5732 418 5803 (')
445 5732 840 5791 Cunsolatoria.

354 5807 466 5876 (8|)
495 5810 552 5861 ltt
581 5808 704 5864 Cod.
747 5809 873 5880 lieg.
915 5812 1056 5879 ριιακ

2039 5737 2152 5811 (82)
2188 5737 2246 5795 In
2285 5738 2408 5796 cod.
2442 5735 2575 5810 Reg.
2601 5740 2743 5812 ρι,α’.
