4102 6374
594 371 738 439 1575

1789 376 1853 437 S.
1883 374 2281 439 THEODORI
2318 374 2662 437 STUDleE

3720 366 3860 431 1576

591 489 762 548 tura?
806 504 972 561 quam
1022 490 1253 562 pulcher
1300 492 1568 562 aspectu?
1589 506 1757 564 quam
1795 491 1995 548 nobilis
2042 507 2171 547 san-

2292 486 2446 560 ιῖμαί
2473 490 2551 553 ὼς
2579 484 2815 557 εὐκλεὴς
2834 482 2894 539 et
2918 481 3112 547 κῦδοςῑ
3135 481 3210 545 ὡς
3241 479 3402 552 μόνος
3428 477 3865 550 ἐγκαταλελειμ-

593 581 805 655 guine?
852 596 1017 647 quam
1077 582 1278 639 illustri
1338 582 1485 638 fama
1541 583 1856 655 gloriosus?
1908 593 2171 655 tanquam

593 673 748 729 solus
780 672 1008 727 relictus
1041 670 1232 727 fausta:
1262 672 1425 726 matri
1448 671 1779 734 consolatio.
1811 680 2052 742 paternae
2085 670 2172 726 fa-

596 760 764 819 milia:
790 759 1219 827 ﬁrmamentum,
1242 759 1428 830 generi
1461 760 1631 816 decus
1657 767 1714 815 et
1750 768 2172 826 ornamentum;

597 852 902 911 addiderim
945 861 1002 909 et
1048 852 1215 921 regiis
1261 851 1483 922 palatiis
1532 852 1856 909 inusitatum
1898 860 2179 922 spectaco.

599 943 740 999 lum.
793 941 893 998 Hic
954 942 1252 1012 longinqua
1305 939 1364 996 in
1412 941 1635 1011 regione
1692 956 1780 995 res
1828 940 2176 1011 imperatoris

601 1031 1018 1094 administrans,
1056 1030 1299 1087 avolavit
1331 1048 1346 1087 :
1379 1038 1612 1087 matrem
1638 1030 1956 1100 relinquens
1989 1030 2177 1089 Iaudav

603 1122 901 1187 tissimam,
927 1121 1242 1191 relinquens
1272 1121 1439 1178 simul
1467 1132 1521 1176 et
1542 1121 1814 1178 illustrem
1858 1121 2170 1192 coniugem,

602 1224 733 1267 cum
761 1209 995 1281 egregiis
1025 1209 1228 1273 ﬁliolis,
1254 1218 1311 1264 et
1339 1210 1546 1265 lautam
1577 1209 1825 1269 domum,
1853 1210 2174 1280 sanguinem

603 1301 1044 1367 celeberrimum,
1078 1316 1192 1357 rem
1220 1301 1557 1371 opulentam,
1592 1301 1892 1356 industrios
1915 1299 2172 1367 famulos,

604 1391 900 1463 stipatores
945 1391 1229 1448 dominum
1278 1400 1559 1459 amantes,
1599 1392 1715 1449 haec
1755 1401 1810 1448 et
1841 1392 1965 1459 illa;
2009 1390 2176 1447 simul

605 1484 790 1539 omnia
824 1503 839 1539 :
868 1499 937 1539 ne
962 1485 1171 1540 minuta
1209 1499 1443 1557 quaeque
1478 1484 1796 1556 singillatim
1831 1492 2178 1541 consectetur

605 1575 825 1631 oratio:
853 1575 1054 1631 dehinc
1097 1576 1168 1631 ab
1213 1577 1417 1632 exteris
1458 1576 1572 1632 oris
1625 1576 1848 1632 domum
1899 1591 2175 1639 reversus,

605 1683 749 1724 onus
791 1668 1190 1736 miserandum,
1242 1669 1617 1726 lamentabilis
1655 1685 1923 1725 occursus
1970 1676 2025 1724 et
2054 1669 2176 1724 urbi

606 1759 788 1832 regiae,
843 1769 899 1815 et
953 1761 1144 1816 domui
1209 1762 1648 1832 spectatissima.
1708 1760 1754 1817 Ο
1810 1762 2175 1817 calamitatem

2278 582 2441 653 μένος
2464 576 2819 651 παραμύθιον
2850 576 3019 648 μητρὶ
3048 574 3224 646 αίσίᾳ.
3262 572 3416 644 οἰκίᾳ
3446 570 3680 642 πατρῴα
3702 570 3867 642 ἕρει-

2276 690 2412 744 σμα,
2451 672 2602 742 γένει
2660 668 3133 740 ἐγκαλλὼπισμαο
3194 665 3498 738 προσθείην
3545 664 3592 718 δ’
3641 664 3711 718 ἂν
3768 661 3869 717 καὶ

2276 765 2572 837 βασιλείοις
2630 764 2824 826 αὐλαῖς
2852 762 3005 828 ξένον
3045 761 3252 832 ὅραμα.
3283 751 3459 820 οὗτος
3486 758 3547 809 εν
3576 754 3865 823 ἀλλοδαπῇ

2275 857 2347 911 τὰ
2369 855 2635 927 βασιλέως
2663 852 3061 923 διοικούμενος,
3111 849 3332 920 ἀπέπτη
3357 864 3376 882 σ
3406 845 3735 904 καταλιπὼν
3765 845 3870 916 μὲν

2274 947 2375 1019 τὴν
2404 946 2728 1019 περιϐόητον
2759 944 2996 1015 μητέρα.
3017 939 3401 997 συναπολιπὼν
3424 939 3484 994 δι
3509 938 3609 992 καὶ
3628 937 3735 1007 τὴν
3766 952 3873 989 πε-

2278 1040 2487 1113 ρίδοξον
2514 1037 2783 1108 ὁμόζυγα.
2819 1038 2917 1091 σὺν
2962 1034 3212 1103 εὐγενέσι
3259 1032 3554 1101 νεογόνοις,
3586 1029 3689 1084 καὶ
3719 1029 3868 1099 λαμο

2277 1132 2427 1203 πραν
2466 1131 2672 1196 ἑστίαν,
2704 1129 2768 1183 τὸ
2792 1127 3230 1199 πολυθρύλλητον
3253 1120 3418 1195 αἷμα,
3446 1123 3513 1178 τὸ
3538 1119 3873 1185 πολυούσιον

2276 1224 2485 1294 κτῆμα,
2513 1222 2641 1286 τοὺς
2684 1219 2897 1286 δεξιοὺς
2930 1206 3237 1289 ὐπηρὲτᾶς,
3284 1217 3414 1280 τοὺς
3442 1213 3873 1285 φιλοδεσπότους

2276 1313 2659 1386 παραστάτας.
2686 1311 2865 1367 ταῦτα
2896 1312 3150 1374 κάκεῖνα,
3181 1306 3320 1379 ὁμοῦ
3345 1306 3417 1362 τὰ
3455 1306 3661 1365 πάντα,
3694 1304 3779 1368 ὡς
3804 1303 3873 1358 ἂν

2280 1406 2358 1479 μὴ
2420 1405 2953 1477 κατακερματίζοιεν
2982 1401 3042 1456 ἓν
3065 1400 3296 1455 ἕκαστον
3327 1401 3358 1454 ό
3378 1398 3571 1467 λόγος·
3608 1392 3743 1451 εἶτα
3769 1397 3873 1449 ιπ-

2277 1497 2519 1554 ανελθὼν
2547 1499 2615 1552 ὲκ
2635 1496 2737 1569 τῆς
2774 1495 2930 1566 ξένης
2949 1493 3156 1559 οῐκαδε,
3199 1491 3397 1563 φόρτος
3444 1486 3704 1555 δλεεινδς,
3738 1504 3875 1541 σκυ-

2278 1590 2495 1663 θρωπὸν
2532 1589 2845 1660 ditt-amna-
2899 1587 2997 1642 καὶ
3052 1581 3297 1656 βασιλίδι
3351 1582 3531 1648 πόλει,
3591 1581 3696 1635 καὶ
3747 1578 3875 1643 ἀει-

2276 1684 2500 1755 αγάστῳ
2550 1682 2726 1754 ἑστία.
2753 1682 2819 1734 Ὢ
2867 1678 2970 1749 τῆς
3030 1674 3478 1748 ὑπερϐαλλούσης
3533 1671 3867 1742 συμςορᾶςί

2278 1777 2558 1841 Στενάξειε
2582 1776 2627 1830 δ’
2658 1773 2723 1829 ἂν
2780 1772 2877 1829 καὶ
2905 1770 3047 1827 αὐτὰ
3077 1769 3147 1824 τὰ
3172 1767 3331 1839 τείχη
3371 1766 3475 1836 τῆς
3514 1765 3752 1828 πόλεως.
3793 1763 3871 1834 μὴ

606 1847 993 1904 immodicam!
1026 1849 1399 1920 lngemuerint
1438 1851 1585 1905 muri
1619 1849 1722 1921 ipsi
1763 1851 1936 1916 urbis,
1988 1866 2057 1906 ne
2093 1850 2176 1905 di-

2292 1871 2360 1925 ὅτι
2387 1870 2647 1941 ἄρχοντες
2673 1867 2769 1921 καὶ
2782 1863 3067 1937 ὁμήλικες.
3095 1858 3412 1926 στενάξειαν
3434 1858 3479 1912 δ’
3503 1858 3574 1912 ἂν
3595 1857 3695 1911 καὶ
3712 1854 3873 1909 αὐτοὶ

604 1953 731 1995 eam
765 1939 1042 2011 principes
1072 1949 1128 1995 et
1163 1941 1424 2011 aequales.
1455 1941 1825 2012 Ingemuerint
1855 1950 1908 1997 et
1940 1941 2179 2010 impera-

608 2040 758 2087 tores
784 2031 910 2102 ipsi,
944 2033 1190 2102 germine
1215 2032 1390 2087 orbati
1425 2032 1611 2089 multis
1644 2033 1962 2089 nominibus
2000 2032 2181 2087 admlé

607 2126 804 2180 rando.
865 2123 1187 2196 Lacrymata
1250 2123 1488 2181 fortasse
1550 2125 1759 2181 urbana
1819 2125 2115 2181 multitudo
2162 2143 2178 2181 :

611 2227 810 2273 moesta
873 2227 1057 2273 autem
1125 2218 1325 2273 merito
1382 2216 1547 2272 fuerit
1593 2217 1849 2274 universa
1903 2218 2180 2290 cognatio.

609 2309 769 2376 Quod
804 2308 849 2364 si
890 2310 1005 2365 ha'c
1039 2310 1114 2365 ita
1149 2318 1305 2374 sunt,
1336 2311 1464 2381 quis
1501 2311 1749 2365 dolorem
1782 2319 1965 2374 tuum,
2008 2325 2042 2365 o
2081 2309 2181 2364 do-

611 2403 786 2468 mina,
839 2403 1089 2458 luctuose
1143 2403 1277 2459 satis
1320 2403 1600 2474 explicet?
1623 2403 1749 2473 quis
1796 2411 1851 2458 et
1890 2402 2186 2475 conjugis?

613 2494 740 2564 quis
771 2504 825 2548 et
869 2493 1117 2549 sororis?
1141 2492 1267 2564 quis
1301 2501 1356 2548 et
1402 2492 1871 2548 domesticorum?
1896 2490 2009 2548 Nec
2051 2492 2186 2562 ipsae

612 2586 901 2642 ﬂuminum
944 2586 1279 2657 profluentes
1321 2603 1476 2658 aqua:
1506 2587 1561 2641 in
1610 2587 1881 2659 lacrymas
1908 2602 2188 2643 eonversat

610 2678 771 2735 vobis
829 2678 897 2734 ad
940 2680 1178 2735 lamenta
1229 2679 1558 2735 sullicerent.
1613 2680 1754 2746 Quid
1810 2682 1950 2735 aer?
2000 2695 2185 2736 annon

613 2771 793 2828 oculis
824 2772 1019 2828 vestris
1071 2781 1317 2827 mutatus
1362 2773 1486 2828 est?
1532 2774 1613 2828 sol
1653 2789 1833 2844 neque
1878 2784 2035 2830 ortus
2078 2784 2185 2840 est,

614 2862 733 2919 sole
766 2863 964 2918 domus
1009 2864 1251 2918 amisso?
1279 2862 1403 2919 Hmc
1433 2873 1601 2932 atque
1631 2864 1716 2919 his
1756 2864 1957 2919 similia
1994 2879 2190 2936 sugge-

614 2953 689 3009 rit
717 2952 875 3008 dolor
900 2954 965 3007 ad
997 2954 1315 3025 lugendum.
1349 2952 1453 3009 Sed
1479 2954 1609 3024 quia
1640 2953 1929 3008 mulierem
1951 2952 2190 3022 alloqui-

617 3063 745 3102 mur
776 3056 829 3102 et
852 3047 1056 3102 divinis
1077 3047 1208 3102 olim
1237 3047 1529 3109 eruditam,
1556 3058 1610 3101 et
1631 3062 1754 3116 quae
1784 3061 1947 3100 omne
1971 3045 2192 3101 virtutis

618 3150 1000 3212 argumentum
1044 3141 1098 3194 in
1141 3155 1241 3196 sua
1272 3140 1446 3210 ipsius
1485 3140 1595 3193 vita
1624 3139 1866 3204 exhibet,
1899 3139 2044 3194 sicut
2071 3153 2190 3193 om-

618 3233 770 3289 nium
802 3248 968 3303 prope
998 3247 1158 3288 aures
1192 3234 1448 3302 oculique
1477 3241 1782 3297 testantur;
1815 3230 2191 3286 admonitione

620 3328 794 3381 multa
842 3341 948 3380 non
1009 3337 1095 3379 est
1137 3341 1297 3394 opus,
1338 3340 1461 3379 cum
1512 3325 1661 3378 domi
1702 3325 1898 3378 habeat
1951 3322 2193 3377 medica-

620 3429 802 3474 menta
836 3417 1253 3473 consolationis.
1288 3415 1487 3471 Multos
1519 3416 1738 3469 codices
1767 3428 1956 3467 saeros
1985 3413 2039 3466 in
2077 3428 2196 3466 ma-

624 3525 731 3566 nus
784 3509 1070 3579 sumpsisti
1117 3508 1333 3562 :mnlta
1381 3508 1603 3562 Patrum
1651 3507 1855 3577 sei-ipta
1897 3504 2195 3570 evolvisti,

624 3611 787 3661 nocte
819 3603 1016 3675 dieque
1044 3616 1246 3657 vacans
1287 3600 1650 3662 orationibus,
1694 3598 1748 3653 in
1784 3597 2041 3668 precibus
2070 3611 2198 3666 per-

625 3706 881 3760 noctans,
914 3696 1014 3750 hoc
1051 3705 1155 3760 est,
1187 3695 1242 3749 in
1283 3692 1571 3748 nocturnis
1609 3691 1933 3761 diurnisque
1962 3690 2201 3760 psalmo-

628 3806 750 3845 rum
824 3790 1264 3861 hymnorumque
1320 3785 1809 3842 modulationibus.
1871 3781 1950 3837 Ex
2000 3783 2198 3853 quibus

627 3892 683 3938 et
713 3881 1079 3946 continentia,
1110 3889 1166 3936 et
1196 3878 1407 3935 attritio
1428 3864 1721 3947 corporis?
1749 3876 2046 3932 liberalitas
2070 3888 2199 3944 erga

628 3991 919 4049 pauperes,
963 3989 1092 4045 erga
1130 3972 1447 4029 sacerdotes
1477 3982 1531 4026 et
1569 3971 1871 4025 monachos
1897 3968 2200 4022 observan-

627 4068 726 4133 tia,
754 4077 808 4124 et
830 4067 1095 4139 quidquid
1127 4065 1181 4121 in
1220 4065 1344 4120 aliis
1375 4063 1595 4135 pietatis
1624 4060 1915 4134 generibus
1945 4059 2202 4115 laudatur

629 4169 686 4216 et
716 4160 951 4214 canitur.
995 4157 1150 4213 Domi
1192 4172 1324 4228 ergo
1351 4166 1404 4212 et
1450 4172 1481 4211 a
1521 4157 1693 4226 teipsa
1735 4162 1820 4210 sat
1848 4153 2018 4209 habes
2060 4152 2204 4207 unde

630 4252 828 4308 animm
867 4264 1131 4321 suggeras
1165 4264 1289 4320 quae
1336 4248 1690 4303 conveniant.
1727 4244 1833 4300 Sed
1867 4253 1922 4299 et
1960 4258 2199 4313 sponsa,

630 4353 687 4401 et
729 4344 886 4405 tilize,
936 4353 992 4397 et
1036 4342 1132 4396 toti
1179 4340 1604 4395 Abrabatnitieaa
1658 4338 1874 4404 domui,
1939 4346 2202 4408 tanquam

630 4436 941 4493 communis
983 4435 1269 4504 magistra,
1304 4442 1359 4488 et
1391 4432 1611 4486 virtutis
1647 4431 1947 4500 exemplar,
1997 4439 2052 4484 et
2081 4445 2204 4499 quae

2278 1963 2330 2017 oi
2369 1958 2792 2029 αὐτοκράτορες,
2851 1951 3296 2023 ἀποϐεϐληκότες
3320 1949 3475 2021 ἔρνος
3503 1945 3870 2011 πολυθαύμα-

2283 2072 2427 2110 στον.
2448 2049 2628 2122 Δακρύ
2638 2066 2747 2103 σειε
2768 2047 2907 2119 τάχα
2926 2046 3022 2100 καὶ
3038 2045 3067 2098 ό
3091 2042 3371 2106 ὲπιπόλιος
3390 2040 3582 2112 ὅμιλος
3596 2053 3613 2068 ·
3648 2038 3873 2091 Erum.

2281 2147 2474 2218 γνάσει
2503 2143 2586 2217 ,δὲ
2635 2140 2863 2204 εἰκότως
2900 2140 2997 2192 καὶ
3047 2136 3159 2190 πᾶν
3185 2134 3249 2189 τὸ
3298 2132 3477 2204 γένος.
3518 2129 3583 2183 Εἰ
3608 2129 3670 2183 δὲ
3688 2126 3876 2218 ταῦτα

2281 2214 2478 2303 οὕτως,
2504 2214 2590 2300 τίς
2616 2235 2678 2288 τὸ
2707 2234 2803 2289 ἐπὶ
2829 2232 2914 2286 σοὶ
2945 2229 3118 2294 πάθος
3145 2225 3645 2298 ὲκτραγῳδήσειεν,
3680 2214 3729 2274 ὧ
3785 2218 3873 2271 δὲο

2285 2345 2513 2395 σποινα;
2548 2326 2631 2391 τίς
2657 2325 2715 2379 δὲ
2734 2325 2796 2379 τὸ
2825 2327 2926 2396 τῆς
2950 2320 3253 2395 ὁμοζύγου;
3287 2318 3371 2380 τίς
3398 2315 3459 2371 δὲ
3484 2314 3550 2369 τὸ
3576 2313 3683 2383 τῆς
3718 2311 3874 2365 ἁδελ-

2286 2420 2434 2491 φῆςς
2494 2418 2579 2482 τίς
2606 2416 2663 2473 δὲ
2689 2417 2751 2470 τὸ
2781 2416 2893 2468 τῶν
2920 2411 3150 2468 οἰκετῶν
3178 2427 3195 2478 ;
3245 2408 3354 2463 οὐδ’
3377 2407 3443 2461 ἂν
3465 2404 3578 2459 τῶν
3608 2402 3874 2472 ποταμῶν

2284 2514 2356 2569 τὰ
2388 2510 2637 2583 ῥεύματα
2670 2510 2750 2572 εἰς
2775 2507 3013 2578 δάκρυον
3037 2499 3482 2576 μεταποιούμενα
3514 2494 3872 2566 ἐξαρκέσειεν

2288 2601 2417 2673 ύμῖν
2456 2599 2844 2673 ὑπηρετεῖσθαι
2891 2596 2969 2668 τῷ
2995 2595 3202 2669 θρήνῳ.
3238 2593 3305 2646 Ti
3323 2592 3381 2645 δὲ
3420 2591 3450 2645 ὁ
3475 2588 3620 2659 ἀήρς
3647 2585 3752 2639 οὑκ
3779 2584 3873 2653 ὴλ-

2285 2696 2510 2753 λοίωται
2546 2695 2660 2758 τοῖς
2695 2690 2993 2761 ὀφθαλμοῖς
3023 2687 3178 2759 ὑμῶν
3209 2681 3359 2757 ἄρας
3393 2682 3489 2739 καὶ
3521 2685 3552 2737 δ
3586 2681 3743 2752 ἥλιος
3773 2678 3873 2731 οὐκ

2288 2784 2692 2851 ἀνατεταλκὼς,
2742 2782 2834 2837 τὸν
2878 2783 2977 2852 τῆς
3031 2777 3213 2841 ἑστίας
3256 2777 3411 2847 ἧλιον
3467 2768 3869 2833 ἁπολωλεκὼςς

2290 2880 2543 2937 Τοσαῦτα
2567 2879 2662 2933 καὶ
2686 2879 2786 2935 ὅσα
2819 2873 3032 2937 τούτοις
3059 2868 3331 2942 ἐφάμιλλα
3358 2864 3661 2921 ὑποϐάλλει
3684 2861 3746 2915 τὸ
3768 2861 3875 2914 πᾶ-

2292 2976 2383 3040 θος
2411 2968 2806 3045 ἀποδύρασθαι.
2854 2966 2998 3021 Ἀλλ’
3030 2964 3218 3033 ἐπειδὴ
3247 2961 3382 3033 πρὸς
3411 2960 3653 3027 γυναῖκα
3689 2954 3822 3025 ἡμῖν
3846 2953 3875 3005 ό

2290 3069 2451 3139 λόγος
2476 3065 2645 3121 πάλαι
2690 3061 2758 3116 τὰ
2785 3060 2904 3115 θεῖα
2955 3054 3416 3125 πεπαιδευμένην,
3448 3050 3547 3104 καὶ
3587 3048 3722 3119 ὅλην
3743 3045 3875 3139 ὑπό-

2297 3136 2448 3216 θεσιν
2488 3158 2690 3228 ἀρετῆς
2719 3152 2810 3207 τὸν
2867 3150 3066 3219 ἑαυτῆς
3105 3147 3219 3219 βίον
3271 3140 3768 3197 ύποδεικνύουσαν’
3798 3136 3875 3199 ὡς

2297 3250 2565 3327 μαρτυρεῖ
2581 3245 2766 3320 σχεδὸν
2787 3243 2939 3298 πᾶσα
2958 3239 3097 3311 ἀκοὴ
3118 3237 3211 3293 καὶ
3227 3237 3351 3307 ὄψις
3367 3253 3381 3266 ’
3405 3235 3465 3288 ού
3484 3231 3696 3327 πολλῆς
3716 3227 3877 3302 χρεία

2294 3325 2688 3416 ὗπομνήσεως’
2722 3337 2935 3394 οἴκοθεν
2964 3336 3195 3407 ἔχουσαν
3225 3333 3295 3386 τὰ
3338 3331 3611 3399 φάρμακα
3637 3325 3739 3395 τῆς
3771 3339 3877 3377 πα-

2299 3436 2591 3510 ραμυθίας.
2621 3431 2831 3494 Πολλὰς
2853 3428 3008 3501 ἱερὰς
3039 3425 3253 3499 βίϐλους
3275 3423 3369 3476 ἐπὶ
3388 3424 3583 3494 χεῖρας
3613 3418 3875 3487 εἴληφαςο

2296 3509 2467 3586 πολλὰ
2498 3525 2741 3599 πατρικὰ
2762 3521 3169 3592 ἀναγνώσματα
3208 3515 3615 3587 διεξελήλυθας.
3640 3509 3878 3578 Νύκτωρ

2294 3641 2356 3678 τε
2410 3624 2506 3677 καὶ
2560 3618 2681 3691 μεθ’
2709 3616 2924 3688 ἡμέραν
2957 3611 3295 3684 σχοὶάζουσα
3336 3610 3459 3669 ταῖς
3490 3603 3877 3691 προσευχαῖς.

2295 3717 2418 3778 ταῖς
2446 3713 2698 3785 δεήσεσιν
2728 3707 3067 3777 ἐπιμένουσα
3123 3703 3246 3764 ταῖς
3300 3698 3620 3767 παννύχοις,
3650 3693 3756 3747 εἴτ’
3788 3686 3881 3745 οὖν

2297 3806 2638 3877 νυκτεριναῖς
2663 3800 2761 3855 καὶ
2783 3798 3068 3872 ήμεριναῖς
3093 3792 3437 3865 ψαλμῳδίαις
3468 3805 3528 3843 τε
3586 3787 3688 3840 καὶ
3753 3784 3883 3853 ὕμν-

2297 3897 2504 3968 ῳδίαις.
2553 3893 2670 3961 Ἀφ’
2690 3885 2764 3945 ὧν
2787 3889 2881 3943 καὶ
2904 3889 2966 3941 τὸ
2996 3884 3282 3957 ἐγκρατὲς,
3315 3881 3411 3934 καὶ
3446 3877 3508 3931 τὸ
3535 3877 3884 3968 ύπωπιαστι-

2300 3964 2397 4042 κὸν
2436 3986 2528 4041 τοῦ
2559 3987 2812 4056 σώματος
2832 4000 2846 4014 ο
2897 3981 2958 4034 τὸ
2984 3980 3123 4048 πρὸς
3165 3977 3292 4039 τοὺς
3321 3972 3520 4033 ἐνδεεῖς
3546 3964 3881 4056 ἐπιϐατικὸν,

2303 4078 2468 4149 ἱερεῖς
2513 4092 2573 4129 τε
2598 4050 2693 4127 καὶ
2730 4068 3003 4143 μοναστὰς
3053 4061 3474 4138 θεραπευτικόν·
3511 4057 3594 4149 τὸ-
3627 4050 3883 4149 tari-rmi-

2298 4144 2412 4230 λοῖς
2436 4165 2530 4221 οὖν
2573 4162 2757 4225 ἄλλοις
2819 4157 3106 4220 εὐσεϐείας
3157 4153 3382 4224 τρόποις
3424 4144 3779 4218 ὑμνούμενον
3824 4157 3879 4194 τε

2304 4258 2396 4313 καὶ
2445 4255 2727 4327 ᾀδόμενον.
2767 4248 2995 4304 Οῐκοθεν
3020 4240 3316 4313 τοιγαροῦν
3353 4238 3449 4293 καὶ
3499 4233 3634 4307 παρ’
3683 4230 3881 4327 ἑαυτῆς

2303 4322 2504 4412 ίκανῶς
2546 4322 2696 4417 ἔχεις
2740 4343 2944 4413 ἐπᾷσαι
2969 4340 3037 4408 τῇ
3067 4337 3214 4407 ψυχῇ
3269 4333 3339 4387 τὰ
3364 4329 3577 4384 εἰκότα.
3620 4327 3699 4380 Οὐ
3758 4322 3878 4393 μὴν,

2302 4441 2436 4497 ἀλλὰ
2481 4439 2574 4495 καὶ
2613 4440 2680 4509 τῇ
2708 4435 2918 4505 νύμφῃ,
2976 4431 3072 4484 καὶ
3096 4431 3164 4501 τῇ
3221 4427 3473 4495 θυγατρὶ,
3504 4421 3604 4475 καὶ
3633 4418 3787 4487 πάσῃ

627 4528 956 4601 jampridem
988 4527 1297 4581 divinorum
1321 4525 1663 4595 eloquiurum
1692 4523 1985 4577 thesauros
2008 4520 2191 4576 condi-

2308 4506 2679 4603 Ἀϐρααμιαίᾷ
2700 4526 2856 4596 ἑστίᾳ
2875 4539 2889 4554 °
2911 4523 2988 4586 ὡς
3012 4521 3189 4583 κοινδς
3210 4514 3551 4575 διδάσκαλος,
3574 4510 3656 4571 ὡς
3680 4506 3880 4603 ᾇρετῆς

630 4622 794 4688 disti;
829 4629 981 4689 putes
1013 4627 1066 4673 et
1110 4619 1163 4671 in
1192 4625 1435 4687 tempore
1465 4615 1629 4669 tritici
1672 4626 1984 4667 mensuram
2018 4610 2206 4666 distri-

633 4713 804 4770 buere
825 4713 891 4769 ³⁰.
944 4710 1291 4773 Memineris,
1359 4722 1393 4763 ο
1446 4721 1710 4778 generosa
1773 4713 1828 4759 et
1887 4702 2206 4758 admiranda

634 4805 778 4863 inter
806 4805 1087 4870 mulieres,
1118 4819 1218 4860 nec
1243 4818 1446 4859 novum
1478 4816 1579 4856 nec
1615 4809 1811 4870 praeter
1839 4798 2208 4868 exspectatio-

634 4914 761 4956 nem
816 4897 1072 4954 evenisse
1111 4898 1258 4967 quod
1302 4895 1521 4951 accidit.
1570 4893 1954 4962 Contemplare
2014 4904 2208 4947 omnes

633 4991 733 5062 qui
761 4990 829 5045 ab
865 4989 1038 5046 Adam
1081 4989 1308 5043 fuerunt
1345 4987 1414 5043 ad
1460 4988 1604 5042 hunc
1637 5002 1813 5057 usque
1844 4985 2012 5051 diem,
2044 4991 2100 5038 et
2148 4986 2206 5037 in

635 5082 907 5156 profunda
967 5082 1062 5136 Dei
1110 5081 1319 5152 judicia
1371 5080 1690 5152 ingredere;
1749 5093 1814 5132 ac
1864 5077 2024 5140 vide,
2081 5076 2207 5146 quia

635 5177 790 5230 homo
835 5175 974 5231 velut
1019 5175 1246 5244 fenum:
1275 5173 1385 5228 dies
1418 5173 1533 5241 ejus
1575 5172 1711 5226 velut
1745 5170 1945 5225 umbra:
1989 5179 2207 5239 prazter-

637 5267 852 5324 sunt".
897 5265 1168 5333 Quoniam
1218 5264 1386 5334 igitur
1436 5265 1754 5334 progenitor
1798 5263 2049 5317 mortalis
2112 5276 2211 5331 per

637 5372 943 5432 peccatum,
978 5357 1239 5413 mortales
1275 5367 1331 5412 et
1368 5357 1571 5426 posteri
1631 5356 1863 5411 invicem
1909 5356 2211 5411 succeden-

602 5453 744 5507 tes.
781 5447 983 5503 Verum
1021 5463 1088 5502 ex
1139 5461 1252 5517 quo
1297 5444 1573 5510 Christus,
1618 5461 1768 5500 mors
1818 5461 1923 5499 non
1971 5446 2208 5514 amplius

638 5555 793 5598 mors
835 5550 942 5605 est,
993 5540 1091 5595 sed
1139 5538 1471 5593 immortalis
1515 5537 1951 5608 regenerationis
2002 5537 2213 5607 princi-

641 5633 816 5705 pium.
846 5631 1056 5687 Pietate
1098 5631 1374 5702 insignem
1403 5629 1601 5698 lllium,
1644 5638 1700 5686 et
1729 5629 2120 5699 orthodoxum,
2157 5636 2214 5683 et

716 5809 761 5841 "
790 5809 920 5864 Luc.
956 5823 1052 5873 tu,
1079 5806 1168 5863 42.
1246 5805 1288 5839 ³¹
1313 5803 1459 5862 Psal.
1483 5820 1580 5869 cu,
1614 5805 1697 5861 l5.

2307 4601 2634 4692 ὑπόδειγμα.
2664 4619 2738 4681 ὡς
2765 4614 3005 4670 ἔκπαλαι
3033 4613 3101 4666 τὰ
3125 4611 3247 4663 θεῖα
3271 4608 3429 4675 λόγια
3474 4601 3877 4672 θησαυρίσασα.

2307 4714 2402 4773 καὶ
2436 4713 2493 4764 ἐν
2522 4691 2782 4780 καιρῷ,τὸ
2813 4702 3159 4774 σιτομέτριον
3185 4698 3401 4767 ἑκάστῳ
3422 4693 3707 4763 διανέμειν
3737 4691 3879 4760 ἐχου-

2309 4823 2398 4859 σα.
2442 4801 2865 4872 Ἀναμνήσθητι,
2896 4794 2942 4849 ὣ
2973 4792 3194 4863 γενναία
3248 4789 3341 4844 καὶ
3371 4785 3667 4855 θαυμαστὴ
3687 4784 3748 4833 ἐν
3796 4796 3879 4847 γυ-

2308 4897 2501 4962 ναιξὶν,
2525 4894 2600 4957 ὡς
2629 4893 2782 4946 οὐδὲν
2817 4888 2967 4954 ξένον
2998 4888 3093 4941 καὶ¹
3124 4886 3233 4938 τῶν
3262 4883 3392 4951 παρ’
3417 4879 3612 4931 ἐλπίδα
3657 4875 3719 4927 τὸ
3750 4888 3877 4940 συμο

2309 4989 2565 5061 ϐεϐηκός.
2598 4983 3006 5053 Ἀναθεώρησον
3051 4977 3178 5038 τοὺς
3208 4975 3317 5031 ἀπὸ
3354 4972 3527 5040 ’Δδὰμ
3589 4971 3754 5039 μέχρι
3787 4965 3875 5061 τῆς

2311 5087 2581 5153 σήμερον
2614 5079 2708 5132 καὶ
2746 5075 2991 5147 χώρησον
3023 5074 3101 5134 εἱς
3122 5069 3189 5122 τὰ
3225 5067 3321 5120 τοῦ
3369 5063 3504 5117 Θεοῦ
3548 5062 3722 5133 βαθέα
3765 5056 3875 5127 api-

2313 5150 2497 5247 ματα*
2517 5173 2609 5226 καὶ
2631 5170 2725 5231 ἴδε,
2743 5169 2823 5221 ὅτι
2838 5165 3149 5232 ἄνθρωπος
3163 5160 3310 5215 ὡσεὶ
3329 5159 3571 5247 χόρτος·
3590 5156 3653 5208 al
3674 5150 3873 5247 ἡμέραι

2309 5239 2496 5320 αὐτοῦ
2534 5260 2679 5315 ὡσεί
2711 5256 2878 5312 σκιαὶ
2910 5253 3306 5322 παράγουσιν.
3324 5250 3480 5303 Ἐπεὶ
3496 5241 3589 5299 οὖν
3622 5247 3652 5297 ὁ
3674 5239 3873 5311 προπά-

2309 5374 2424 5428 τωρ
2453 5354 2643 5424 θνητὸς
2673 5350 2761 5405 διὰ
2809 5346 3107 5419 ἁμαρτίαν,
3133 5341 3324 5413 θνητὸς
3354 5339 3451 5392 καὶ
3477 5340 3507 5391 ὁ
3537 5337 3693 5405 γόνος
3715 5332 3872 5428 me:

2310 5415 2519 5525 λούχως
2539 5415 2648 5504 ’ἰὼν
2676 5447 2839 5518 μέχρι
2852 5415 2959 5497 -τοῦ
2988 5440 3171 5511 δεῦρο.
3204 5435 3349 5491 Ἀλλ’
3574 5430 3658 5525 δτι
3677 5427 3768 5525 αφ’
3814 5415 3871 5475 οὗ

2310 5517 2570 5616 Χριστὸς,
2594 5517 3059 5595 οὐκέτιθᾶνατος,
3097 5531 3128 5582 ὁ
3160 5528 3412 5589 θάνατος,
3773 5531 3874 5616 :m-

2311 5608 2654 5707 λιγγενεσίας
2680 5626 2974 5685 ἀθανάτου.
2997 5620 3208 5695 Εὐσεϐῆ
3240 5617 3429 5685 παῖδα,
3460 5614 3556 5671 καὶ
3583 5608 3873 5687 ὁρθόδοξον,
