4102 6374
244 327 368 390 [577
429 353 436 360 ο

1421 319 1960 384 EPISTOLARUM
1989 322 2138 381 LIB.
2177 321 2263 380 Il.

3347 310 3484 380 1578

234 441 593 511 φιλομόναχὸν
611 457 670 494 τε
703 442 797 495 καὶ
827 441 1125 511 φιλάγαθον
1148 485 1162 505 ,
1199 423 1295 496 καῖ
1323 443 1683 511 γεγέννηκας,
1711 441 1804 494 καὶ

1913 443 2304 493 monachorum
2344 442 2644 496 amantem,
2687 444 2742 488 et
2776 434 2903 487 boni
2934 431 3268 511 studiosum,
3309 445 3365 488 et
3391 450 3486 504 εει

239 532 632 604 προῦπεμψας.
668 534 854 587 Ἔστω
891 552 970 588 σοι
999 534 1322 605 παραμυθία
1369 533 1653 603 αὐτάρκης
1713 531 1807 585 καὶ

234 623 588 692 εὐχαριστίας
634 623 910 686 ὑπόθεσις.
951 624 1060 678 Καὶ
1115 623 1544 695 παρακαλοῦμεν
1598 639 1658 676 σε
1707 624 1808 692 τὴν

235 712 676 783 θεοπαράκλητον
703 715 796 767 καὶ
837 714 1169 767 πανσύνετον
1189 731 1203 745 ο
1245 713 1427 783 γενοῦ,
1459 714 1533 778 ὡς
1564 715 1622 767 ὲν
1671 714 1808 766 πᾶσι

232 805 362 866 τοῖς⁴
401 802 605 867 ἄλλοις,
658 804 934 859 κάνταῦθα
1003 804 1408 875 μεγαλοψυχίας
1471 805 1804 876 ὑπόδειγμα·

233 895 394 949 καλὸν
423 896 673 964 ἐντάφιον
708 897 805 951 καὶ
837 896 916 968 τῷ
965 897 1229 966 παγκάλῳ
1260 896 1384 968 υἱῷ,
1429 897 1503 962 ὡς
1533 899 1627 951 καὶ
1655 899 1809 969 ψυχι-

233 983 344 1048 κῶς
376 984 695 1057 ίμειρομένη
753 985 821 1039 τὰ
869 986 1017 1058 αὐτῷ
1067 987 1466 1054 ἐπιϐάλλοντα,
1500 988 1809 1058 ἀπόμοιραν

233 1073 353 1144 Θεῷ
376 1075 610 1129 είσοίσου
620 1092 702 1128 σα.
724 1076 877 1146 Τάχα
889 1079 1000 1148 γὰρ
1018 1077 1108 1131 διὰ
1128 1077 1288 1131 τοῦτο
1304 1077 1436 1141 Θεός
1463 1095 1527 1132 σε
1548 1077 1808 1148 ἐταμιεύ-

233 1181 364 1220 σατο
401 1165 510 1220 τῶν
539 1167 923 1238 προλαϐόντων
950 1169 1216 1240 ὑστάτην,
1251 1169 1338 1223 ἵνα
1367 1170 1547 1224 πάντα
1576 1171 1809 1240 θεοπρε-

233 1256 351 1320 πῶς
383 1256 699 1330 διαθεμένη,
738 1261 1006 1325 εὐκταίως
1057 1263 1378 1333 συναπάρῃς
1408 1261 1518 1314 τῶν
1571 1261 1807 1328 ἐνθένδε,

233 1347 328 1398 καὶ
348 1344 768 1421 κληρονομήσῃς
797 1351 894 1402 σὺν
922 1351 1106 1414 αὐτοῖς
1154 1350 1301 1422 ζωὴν
1352 1349 1593 1405 αἰώνιον.
1625 1351 1811 1406 Ταῦτα

234 1436 328 1489 καὶ
377 1439 404 1490 6
433 1437 660 1507 ἀδελφὸς
710 1441 867 1511 ἡμῶν
915 1443 942 1494 6
993 1441 1407 1513 θεοφιλέστατος
1455 1443 1810 1514 ἀρχιεπίσκο-

233 1543 333 1589 rm;
393 1531 882 1601 συμφθεγγόμενος
925 1533 1042 1586 ἐστι
1069 1572 1086 1598 ,
1139 1533 1584 1606 πολυτιμιωτάτη
1644 1535 1810 1607 κυρία

235 1635 362 1688 μου.

337 1756 485 1811 ΡΠΘ¹
508 1756 1124 1828 (85).-Παντολέοντι
1153 1759 1466 1830 λοψθέτῃ.
1492 1758 1685 1834 [ψξα’.]

1913 532 2106 597 nuisti,
2132 527 2552 600 etpraemisisti.
2581 526 2666 580 Sit
2696 525 2790 580 tibi
2831 525 3138 580 consolatio
3179 506 3397 589 idonea,
3431 535 3488 580 et

1909 625 2210 694 gratiarum
2253 623 2588 693 agendarum
2623 627 3029 689 argumentum.
3067 615 3264 686 Utique
3299 617 3486 671 hortaa

1911 731 2036 769 mur
2058 725 2130 778 te,
2163 715 2289 769 licet
2315 712 2554 766 divinius
2591 710 2872 765 incitatam
2911 717 2969 763 et
3023 708 3346 777 prudentem
3379 723 3486 761 una

1907 806 2201 876 dequaque
2233 816 2416 870 :esto,
2456 801 2929 873 quemadmodum
2963 801 3014 854 in
3057 799 3270 854 czetcris
3303 799 3488 854 omni»

1907 897 2036 962 bus,
2067 898 2158 953 hic
2191 899 2356 952 etiam
2385 896 2568 966 magni
2600 895 2769 948 animi
2803 893 3117 962 exemplum
3149 908 3164 945 :
3194 891 3483 961 pulchrum

1911 987 2080 1043 funus
2124 988 2495 1057 pulcherrimo
2537 986 2643 1056 ipsi
2683 1001 2903 1056 quoque
2949 983 3083 1047 filio,
3119 993 3378 1054 tanquam
3418 983 3487 1037 de

1913 1078 1980 1133 iis
2005 1095 2127 1147 qua:
2151 1079 2218 1134 ad
2259 1079 2413 1133 illum
2451 1085 2720 1148 spectant,
2747 1075 2834 1146 pie
2867 1075 3122 1138 sollicita,
3153 1073 3208 1130 in
3238 1074 3332 1128 Dei
3361 1088 3459 1143 par

1911 1179 2021 1226 tem
2055 1169 2312 1225 oll'ercns.
2336 1170 2632 1239 Propterea
2669 1169 2814 1222 enim
2857 1166 3090 1222 fortasse
3119 1165 3262 1221 Deus
3293 1174 3344 1219 te
3366 1165 3490 1220 illo~

1909 1275 2033 1316 rum
2095 1260 2190 1330 qui
2255 1267 2659 1331 praecesserunt
2725 1258 2974 1312 ultimam
3032 1258 3368 1321 reservavit,
3430 1265 3490 1312 ut

1911 1353 2165 1410 omnibus
2192 1352 2356 1422 digne
2382 1353 2490 1408 Deo
2509 1353 2816 1424 dispositis,
2839 1351 3068 1406 feliciter
3087 1351 3214 1406 hinc
3229 1350 3486 1419 emigres,

1913 1453 1970 1500 et
2000 1459 2124 1499 cum
2151 1444 2286 1513 ipsis
2306 1445 2474 1498 vitam
2502 1454 2764 1500 aeternam
2796 1443 3070 1498 sortiaris.
3096 1443 3221 1498 Haec
3245 1451 3301 1496 et
3321 1441 3490 1495 frater

1913 1551 2104 1596 noster
2127 1541 2223 1596 Dei
2253 1543 2670 1597 amantissimus
2700 1541 3151 1612 archiepiscopus
3173 1556 3276 1594 una
3299 1538 3491 1593 nobisa

1913 1650 2038 1690 cum
2076 1636 2343 1705 loquitur,
2377 1635 2599 1690 domina
2654 1650 2775 1691 mea
2827 1635 2987 1706 longe
3037 1633 3487 1689 honoratissima.

2109 1761 2448 1818 CLXXXIX.
2476 1794 2546 1807 -—
2574 1763 2917 1819 Pantaleonti
2961 1763 3285 1835 Logothetw.

1242 1873 1602 1937 Deprecatoria
1624 1887 1714 1936 pro
1737 1874 2000 1926 Theodoto
2028 1875 2444 1939 Protospathario.

199 2040 204 2044 ι
306 1980 495 2050 Ἴσμεν
528 1982 621 2034 καὶ
655 1981 716 2036 τὸ
774 1985 1256 2058 εὐπαρρησίαστον
1305 1989 1604 2060 νεμεσητὸν
1627 1988 1806 2059 ὑπάρε

233 2087 349 2142 χειν
369 2089 384 2103 ο
414 2076 858 2144 συνεπιστάμεθα
887 2079 981 2131 καὶ
1031 2079 1122 2132 τὸν
1161 2081 1353 2152 καιρὸν
1381 2081 1644 2154 συστολὴν
1679 2086 1810 2156 ἡμῖν

232 2164 550 2237 ἐπιτρέπειν
569 2184 582 2199 ·
609 2167 726 2222 ἀλλ’
755 2169 905 2241 ὅμως
934 2172 994 2225 τὸ
1022 2173 1358 2243 ὑπερϐάλλον
1379 2177 1478 2240 τῆς
1523 2176 1808 2249 ἀμυθήτου

235 2275 331 2310 σου
354 2259 483 2328 περὶ
508 2261 655 2329 ἡμᾶς
674 2262 802 2326 τοὺς
831 2267 1122 2329 ταπεινοὺς
1158 2266 1466 2322 εὐδιάθετον
1497 2269 1809 2338 ἠνάγκασεν

233 2351 381 2421 ἡμᾶς
428 2353 827 2426 τολμηρότερον
862 2359 1168 2428 χρήσασθαι
1217 2362 1313 2414 καὶ
1337 2363 1472 2434 τῷδε
1523 2363 1602 2434 τῷ
1631 2382 1814 2437 γραμ-

236 2443 434 2515 ματίῳ.
461 2445 745 2517 Τολμηρὸν
773 2448 882 2519 γάρ
908 2453 1054 2503 ἐστιν
1085 2451 1160 2515 ὡς
1189 2451 1405 2524 άληθῶς
1454 2456 1516 2508 οὐ
1550 2456 1712 2526 μόνον
1742 2458 1812 2512 τὰ

233 2533 359 2588 καθ’
385 2536 618 2600 ἑαυτοὺς
661 2539 975 2610 ἀναφέρειν,
1007 2541 1144 2595 ἀλλὰ
1173 2544 1268 2596 καὶ
1304 2545 1448 2615 ὑπὲρ
1469 2545 1675 2616 ἑτέρων
1725 2547 1812 2602 δε-

233 2623 456 2698 δεῆσθαι
477 2644 491 2658 ·
514 2629 684 2699 ὅμως,
720 2628 796 2695 ὡς
826 2633 1062 2703 εἴρηται,
1085 2634 1146 2688 τὸ
1178 2636 1313 2690 πολύ
1339 2655 1432 2690 σου
1455 2638 1684 2708 εὐμενὲς
1718 2642 1812 2694 καὶ

231 2719 454 2775 διπλοῦν
487 2722 728 2790 εὐσεϐὲς,
761 2726 1174 2798 παρεθάρρυνεν
1220 2731 1369 2801 ἡμᾶς
1421 2732 1713 2803 τολμῆσαιέ
1747 2733 1813 2786 Τί

231 2813 327 2867 οὖν
355 2814 416 2867 τὸ
446 2815 768 2886 λεγόμενον;
799 2821 936 2892 περὶ·
975 2823 1230 2879 Θεοδότου
1277 2826 1375 2880 τοῦ
1405 2828 1812 2898 πρωτοσπαθα-

235 2923 376 2978 ριου,
411 2907 470 2972 ὃς
512 2909 661 2975 ὅπως
692 2911 839 2966 ἐστὶν
875 2914 1189 2982 ἐναγώνιος,
1255 2919 1410 2973 αἰτία
1455 2920 1551 2975 τοῦ
1604 2939 1812 2976 συναπ-

234 2999 469 3070 άραντος
492 3002 640 3074 αὐτῷ
659 3005 946 3074 οἰκονόμου
967 3007 1068 3079 τῆς
1094 3011 1419 3082 Ἐκκλησίας
1451 3014 1509 3066 ἐν
1537 3017 1602 3086 τῇ
1627 3015 1809 3084 Δύσει,

232 3091 580 3161 διαγινώσκει
619 3095 838 3162 πάντως
886 3101 919 3166 ἡ
967 3101 1380 3174 ἁνυπέρδλητός
1412 3122 1506 3159 σου
1543 3108 1808 3180 ὑπεροχή.

234 3183 333 3250 Τίς
355 3184 449 3240 οὖν
478 3188 635 3252 ἄλλος
675 3190 740 3244 ἂν
772 3191 1084 3267 ὲξευρεθείη
1117 3196 1369 3267 ἁρῤωγὺς
1413 3197 1509 3250 ἐπὶ
1539 3202 1607 3271 τῇ
1656 3202 1808 3254 ἀντι-

232 3277 397 3350 λήψει
419 3279 512 3334 τοῦ
540 3281 768 3352 ἀνδρός;
805 3283 889 3347 τίς
913 3285 956 3338 δ’
990 3287 1056 3338 ἂν
1101 3288 1558 3360 ὲχεφρονέστερος
1581 3291 1682 3362 τῆς
1707 3294 1807 3364 σῆς

235 3369 594 3439 μεγαλονοίας
645 3373 871 3426 συνιδεῖν
900 3375 963 3428 τὸ
998 3375 1154 3442 δέον;
1202 3379 1284 3442 τίς
1309 3380 1365 3434 δὲ
1399 3383 1490 3435 καὶ
1519 3383 1548 3436 ό
1598 3385 1690 3439 ἐπὶ
1716 3385 1811 3439 τοῦ

231 3461 472 3529 κράτους
492 3461 551 3514 τὸ
576 3462 814 3532 ὑπόγυον
865 3464 1004 3534 ἔχων
1035 3465 1198 3522 πλέον
1223 3469 1325 3539 τῆς
1367 3471 1467 3542 σῆς
1500 3490 1814 3545 γνησιευτι-

231 3554 340 3625 κῆς
375 3555 808 3626 παραστάσεως;
838 3559 936 3621 Δὸς
959 3559 987 3611 ὃ
1011 3559 1242 3630 εἴληφας
1271 3566 1424 3632 παρὰ
1445 3566 1582 3619 Θεοῦ
1635 3568 1810 3635 ἔλεος,

231 3645 468 3698 δέσποτα
495 3646 838 3717 παμπόθητε,
878 3648 954 3719 τῷ
987 3650 1246 3723 δεομένῳ.
1302 3654 1814 3729 Προκυλινδούμεθά

235 3755 331 3792 σου
363 3742 477 3803 τοῖς
505 3740 707 3810 τιμίοις
761 3743 932 3812 ἴχνεσι
953 3760 965 3770 ⁸
1003 3743 1167 3814 βουλή
1225 3763 1318 3798 σου
1346 3747 1422 3812 ὡς
1455 3748 1620 3823 βουλὴ
1645 3753 1814 3822 ἀγγέ-

231 3831 328 3884 λου
352 3847 366 3862 ·
396 3833 548 3904 φωνή
591 3850 685 3886 σου
714 3833 788 3898 ὼς
820 3833 967 3904 βολὶς
1020 3836 1414 3906 ἀστράπτουσα
1465 3845 1531 3914 τῇ
1575 3861 1633 3896 τε
1674 3845 1809 3916 λαμ-

231 3925 467 3996 πρότητι
498 3927 598 3995 τῆς
617 3927 950 3997 παρρησίας,
985 3929 1076 3979 καὶ
1103 3931 1168 3999 τῇ
1204 3933 1303 4000 τῆς
1322 3932 1545 4006 ἀγάπης
1573 3937 1810 4009 ἀγλαῖᾳ⁶

229 4012 301 4089 ἧς
328 4019 377 4070 εί
409 4015 664 4088 ἀξιωθείη
689 4017 914 4090 μέτοχος
943 4022 1196 4088 γενέσθαι
1225 4025 1253 4076 6
1277 4025 1468 4095 ἱκέτης
1521 4043 1640 4092 σου,
1677 4029 1813 4082 πάν-

231 4127 344 4172 τως
373 4109 438 4164 ἂν
465 4109 568 4175 ἔξω
593 4127 699 4164 που
723 4112 950 4184 γένηται
986 4113 1095 4167 τῶν
1133 4119 1586 4188 κατηγορητικῶν
1641 4120 1814 4190 βελῶν

229 4203 329 4254 τοῦ
347 4203 725 4274 ἀντικειμένου
757 4205 927 4277 αὐτῷ,
951 4205 1026 4269 ὡς
1059 4201 1212 4272 οῖδας
1239 4209 1268 4260 ό
1319 4208 1636 4280 ὑψηλόνους,
1669 4215 1812 4268 κατὰ

229 4291 522 4365 διαφόρους
545 4296 804 4365 τρόπους.
843 4297 1033 4368 Ἡμεῖς
1054 4315 1115 4352 τε
1141 4301 1190 4352 οἱ
1228 4304 1480 4356 ταπεινοὶ
1528 4305 1814 4376 προσοίσο-

232 4385 337 4454 μέν
369 4401 449 4438 σοι
486 4387 686 4451 πολλὰς
724 4386 822 4451 τὰς
861 4388 1210 4460 εὐχαριστίας
1249 4409 1309 4445 τε
1365 4395 1460 4447 καὶ
1503 4399 1813 4469 προσευχάς

229 4477 378 4550 ὑπὲρ
410 4479 600 4547 ὑγείας
629 4481 956 4550 ἀμφοτέρων
981 4481 1157 4553 ὑμῶν,
1191 4488 1288 4557 τῆς
1314 4486 1488 4557 καλῆς
1517 4487 1690 4554 ὅντως
1717 4491 1812 4544 καί⁹

1987 1987 2205 2044 Scimus
2243 1988 2472 2042 nimiam
2516 1985 2773 2056 loquendi
2826 1985 3135 2040 libertatem
3181 1983 3489 2052 expositam

1911 2094 2034 2134 esse
2062 2080 2473 2150 reprehensioni
2502 2098 2516 2134 ε
2549 2079 2757 2134 scimus
2777 2085 3039 2148 praetcrea
3069 2088 3282 2148 tempus
3311 2077 3488 2146 ipsum

1913 2171 2223 2225 cautionem
2272 2171 2440 2226 nobis
2494 2171 2765 2240 imperare
2809 2180 3096 2224 :altanten
3151 2183 3492 2238 exsuperans

1917 2274 2024 2319 tua!
2062 2279 2189 2334 erga
2237 2279 2340 2319 nos
2385 2263 2624 2318 humiles
2660 2263 3061 2332 inexplicabilis
3098 2259 3493 2316 benevolentia:

1913 2357 2234 2426 magnitudo
2274 2359 2456 2428 coegit
2502 2372 2604 2412 nos
2639 2357 2906 2411 audacius
2953 2355 3041 2410 his
3093 2355 3260 2408 etiam
3294 2353 3492 2407 litteris

1913 2452 2016 2508 uti.
2042 2452 2302 2508 Audacizr
2351 2453 2502 2508 enim
2537 2467 2723 2508 revera
2755 2461 2859 2515 est,
2907 2467 3014 2505 non
3061 2451 3236 2505 solum
3271 2453 3337 2504 de
3368 2466 3493 2520 pro-

1911 2544 2049 2613 priis
2072 2544 2236 2600 rebus
2272 2545 2392 2604 suis
2427 2546 2654 2611 referre,
2687 2543 2783 2600 sed
2819 2559 2920 2614 pro
2949 2543 3074 2598 aliis
3105 2543 3274 2598 etiam
3306 2543 3495 2612 depre-

1913 2635 2067 2690 cari:
2096 2645 2152 2691 et
2190 2645 2396 2700 tamen,
2437 2645 2498 2692 ut
2529 2635 2737 2690 dictum
2779 2645 2887 2702 est,
2934 2635 3136 2690 eximia
3177 2634 3493 2688 humanitas

1913 2736 2028 2790 tua,
2058 2737 2114 2784 et
2143 2729 2360 2799 gemina
2393 2729 2590 2798 pietas,
2635 2727 2996 2783 confirmavit
3038 2743 3139 2782 nos
3201 2736 3262 2781 ut
3322 2726 3467 2782 aude

1913 2835 2120 2875 remus.
2168 2820 2312 2888 Quid
2347 2835 2478 2893 ergo
2528 2831 2614 2878 est
2647 2823 2792 2892 quod
2844 2821 3159 2892 loquimur?
3198 2821 3272 2875 De
3309 2819 3494 2876 Theo-

1912 2912 2044 2968 doto
2084 2911 2552 2984 Protospathario,
2597 2915 2694 2984 qui
2732 2929 2846 2984 quo
2894 2922 3054 2982 pacto
3093 2913 3146 2968 in
3177 2913 3496 2969 discrimine

1912 3012 2180 3069 versetur,
2233 3013 2456 3075 propter
2495 3019 2848 3060 oeconomum
2887 3003 3167 3069 Ecclesiae,
3211 3004 3342 3075 quia
3384 3020 3494 3058 una

1914 3111 2040 3151 cum
2083 3095 2205 3166 ipso
2252 3095 2530 3165 navigavit
2566 3096 2623 3150 iu
2657 3094 3035 3160 Occidentem,
3072 3094 3226 3150 novit
3263 3111 3494 3165 prorsus

1915 3177 2369 3260 incomparabilis
2416 3189 2717 3244 eminentia
2769 3199 2886 3243 tua.
2937 3187 3075 3256 Quis
3127 3189 3297 3260 igitur
3350 3188 3496 3244 alius

1916 3282 2150 3337 inveniri
2185 3282 2405 3352 adjutor
2430 3283 2629 3354 possit,
2669 3283 2763 3353 qui
2798 3283 2899 3338 viri
2936 3298 3158 3338 causam
3192 3281 3498 3353 suscipiat?

1913 3374 2050 3441 Quis
2079 3389 2276 3446 magna
2313 3384 2405 3430 tua
2437 3384 2624 3430 mente
2655 3376 3066 3447 intelligentior,
3100 3385 3161 3431 ut
3189 3378 3321 3446 quid
3349 3375 3497 3430 facto

1913 3466 1983 3522 sit
2011 3481 2150 3536 opus
2181 3466 2513 3536 perspiciat?
2559 3465 2695 3534 Quis
2723 3475 2908 3522 autem
2941 3468 3099 3538 cujus
3143 3482 3306 3536 opera
3338 3481 3498 3536 para‘

1915 3560 2023 3615 tior
2062 3570 2118 3614 et
2166 3560 2401 3614 validior
2451 3560 2524 3615 sit
2571 3576 2737 3629 quam
2793 3561 3009 3616 sincera
3062 3571 3152 3616 tua
3187 3555 3499 3630 protectio?

1915 3650 2088 3714 Quam
2133 3666 2164 3706 a
2199 3650 2309 3706 Deo
2334 3653 2595 3721 accepisti
2643 3652 3103 3719 misericordiam,
3141 3652 3366 3706 domine
3402 3651 3498 3705 dc-

1915 3744 2334 3809 sideratissinie,
2377 3745 2664 3813 impertire
2695 3745 3022 3814 postulanti.
3075 3745 3370 3800 Honoratis
3402 3759 3498 3798 vc-

1915 3837 2098 3905 stigiis
2126 3837 2236 3892 tuis
2267 3837 2614 3892 advolvimur
2643 3856 2656 3892 :
2685 3838 2982 3894 consilium
3014 3849 3166 3892 tuum
3197 3837 3341 3892 sicut
3365 3851 3500 3889 con-

1917 3928 2103 3983 silium
2149 3930 2328 4000 angeli
2360 3947 2375 3983 :
2408 3945 2513 3984 vox
2559 3940 2650 4000 tua
2686 3931 2836 3984 velut
2878 3931 3062 4000 fulgur
3091 3945 3396 3984 coruscans
3443 3935 3498 3982 et

1916 4021 2182 4076 libertatis
2230 4022 2504 4081 claritate.
2543 4031 2599 4077 et
2633 4021 2923 4091 splendore
2966 4021 3254 4077 charitatis
3290 4038 3302 4073 :
3335 4019 3497 4089 cujus

1914 4111 2189 4180 particeps
2217 4114 2264 4167 si
2303 4113 2421 4166 fieri
2451 4113 2716 4167 meruerit
2748 4113 2978 4183 supplex
3014 4121 3165 4178 tuus,
3198 4111 3495 4168 adversarii

1915 4206 2002 4262 sui
2035 4205 2409 4262 accusationis
2430 4205 2616 4276 iacula
2643 4206 2862 4275 penitus
2899 4205 3095 4261 evadet
3122 4206 3293 4261 variis
3319 4206 3500 4262 modis

1914 4300 2009 4372 qui
2061 4299 2160 4355 tibi
2196 4314 2296 4371 pro
2346 4300 2455 4355 alta
2505 4308 2690 4355 mente
2735 4309 2830 4354 tua
2866 4301 3140 4370 perspecti
3187 4309 3338 4356 sunt.
3384 4299 3497 4356 Nos

1916 4408 2042 4449 vero
2076 4392 2312 4448 humiles
2355 4392 2662 4462 gratiarum
2693 4393 2942 4448 actiones
2982 4392 3252 4463 plurimas
3299 4391 3496 4446 redde‘

1915 4502 2062 4549 nuis,
2114 4495 2167 4540 et
2229 4499 2423 4556 preces
2465 4501 2562 4554 pro
2618 4485 2999 4539 incolumitate
3057 4484 3348 4554 utriusque
3401 4499 3495 4538 ve—

229 4569 562 4639 ἀξιαγάστου
603 4573 888 4641 συζυγίας.
925 4575 1034 4628 Καὶ
1073 4576 1210 4647 τάχα
1247 4579 1388 4651 ὑπὲρ
1409 4581 1508 4652 τὴν
1552 4585 1662 4637 τῶν
1684 4585 1810 4654 χρύ-

1919 4587 2120 4639 suum,
2164 4574 2411 4645 pulchrae
2453 4573 2683 4628 omnino
2711 4584 2764 4629 et
2793 4572 3132 4628 admiranda:
3161 4573 3389 4642 copulae.
3431 4569 3498 4626 Et

229 4680 334 4716 σεα
360 4663 508 4734 δῶρα
534 4665 949 4736 προσφερόντων
995 4669 1096 4721 οὐκ
1129 4670 1426 4740 ἀτιμοτέρα
1479 4671 1567 4742 εἴη
1615 4674 1744 4743 ὑμῖν
1774 4677 1810 4746 ή

229 4755 568 4826 θεοπάροχος
602 4757 801 4828 δωρεὰ,
837 4759 932 4811 καὶ
975 4760 1144 4830 ὴάπὺ
1184 4761 1392 4832 Κυρίου
1427 4765 1811 4838 χορηγουμένη

227 4847 514 4920 εὐμένεια,
545 4847 625 4911 είς
654 4849 926 4918 σωτηρίαν
950 4850 1130 4922 ψυχῆς
1169 4868 1230 4904 τε
1277 4852 1412 4922 ὁμοῦ
1441 4855 1534 4907 καὶ
1561 4855 1812 4927 σώματος

228 4936 390 5008 ὑμῶν
416 4937 514 5009 τῆς
542 4937 902 5008 παμποθήτου
928 4941 1021 4993 καὶ
1052 4943 1411 5013 πανευφήμου
1437 4943 1648 5009 δυάδος.

377 5133 471 5199 Pl."
505 5132 638 5203 (86).
679 5161 748 5174 -—
787 5134 1061 5204 Θεοφάνη
1086 5138 1418 5206 portitor“.
1453 5143 1640 5218 [ψξζκ]

1917 4668 2154 4723 fortasse
2203 4665 2454 4742 beneficii
2506 4665 2700 4729 divini,
2762 4673 2818 4720 et
2863 4679 2894 4718 a
2951 4663 3181 4720 Domino
3230 4664 3500 4720 submini-

1917 4769 2103 4818 strata:
2163 4757 2525 4814 humanitatis
2594 4757 2742 4814 haud
2807 4747 2992 4814 minus
3053 4760 3289 4829 pretium
3341 4757 3499 4814 vobis

1917 4854 2208 4916 ambobus,
2254 4851 2675 4907 amabilissimis
2708 4861 2762 4908 et
2806 4851 3133 4908 clarissimis
3178 4852 3331 4920 viris,
3366 4867 3500 4908 con-

1919 4946 2090 5002 stabit
2117 4944 2186 5000 ad
2227 4945 2428 4999 animae
2455 4944 2622 5000 simul
2647 4952 2702 4999 et
2730 4945 2984 5015 corporis
3025 4947 3193 5000 vestri
3237 4946 3496 5012 salutem,

1921 5054 2084 5109 quam
2124 5037 2170 5093 si
2210 5037 2306 5107 qui
2338 5051 2506 5091 aurea
2539 5037 2684 5091 dona
2711 5035 3042 5106 proferrent.

2144 5151 2297 5207 CXC.
2324 5179 2395 5193 -—
2427 5149 2727 5219 Theophani
2765 5149 2911 5223 (86“)
2941 5151 3194 5206 monacho
3227 5152 3326 5224 (⁸).

854 5247 996 5308 Quod
1017 5248 1259 5313 Christus,
1284 5255 1507 5307 Christus
1537 5275 1638 5311 non
1659 5275 1754 5324 est,
1786 5267 1881 5317 nisi
1903 5264 2338 5318 circumscribatur
2361 5269 2528 5312 nostra
2555 5263 2742 5327 efﬁgie.

315 5347 380 5401 Et
407 5361 488 5400 σοι
511 5347 663 5418 φίλον
693 5348 754 5401 τὸ
782 5349 920 5422 πρὸς
945 5352 1106 5423 ἡμῶν
1135 5355 1246 5410 τῶν
1277 5359 1508 5416 εὐτελῶν
1534 5367 1768 5438 γράμμα
1790 5409 1803 5430 .

1987 5370 2042 5424 Si
2073 5381 2123 5424 te
2157 5368 2483 5423 humilitatis
2510 5379 2711 5424 nostra:
2746 5371 2938 5427 littera:
2961 5373 3250 5437 delectant,
3281 5390 3496 5430 rursum

1759 5503 1988 5560 ΝΟΤᾸΕ.

316 5627 427 5698 (83)
459 5627 519 5682 In
547 5627 668 5682 cod.
698 5625 835 5698 Reg.
860 5625 1000 5698 ρῑβ.

318 5695 428 5767 (84)
461 5699 516 5751 In
541 5699 660 5752 cod.
697 5695 828 5766 Reg.
861 5695 1006 5767 ’ριο,γ’.

319 5767 466 5842 (84³⁸)
490 5769 774 5829 Cerameo,
797 5779 983 5836 postea
1006 5772 1417 5847 archiepiscopo
1442 5774 1800 5833 Tauromeni-

569 5860 848 5923 PATROL.
884 5862 1001 5926 Gn.
1032 5865 1258 5929 XCIX.

1915 5649 2064 5704 tano,
2114 5642 2271 5707 cujus
2302 5651 2521 5696 exstant
2555 5640 2799 5696 Ho:::ili:e
2841 5641 2894 5694 in
2931 5639 3224 5710 Evangelia
3260 5639 3502 5698 Domini-

1909 5712 2040 5766 calia
2071 5719 2123 5764 et
2155 5711 2311 5772 festa,
2345 5722 2451 5765 etc.

1982 5781 2055 5851 (*)
2093 5779 2424 5851 Dogtnatica.

3087 5873 3161 5932 50
