4102 6374
696 353 829 418 1579

1898 353 1958 412 S.
1989 351 2382 412 THEODORI
2431 353 2777 413 STUDITzE

3686 361 3695 376 ’
3752 360 3851 428 Ml)

692 468 898 536 accipe,
931 466 1012 520 vir
1043 466 1366 522 charissime
1391 505 1406 529 ,
1456 480 1563 518 non
1595 479 1718 533 qua
1771 463 2040 519 facundia
2081 473 2137 517 et
2165 463 2273 516 elc-
2301 503 2312 520 ε

2233 479 2273 516 3-
2301 462 2353 520 A
2375 461 2552 532 δέχοιο
2592 465 2688 517 καὶ
2728 461 2908 526 αὖθις,
2947 455 2993 517 ὦ
3025 462 3320 533 τριπόθητε
3339 478 3355 494 θ
3385 463 3532 518 οὐδὲν
3566 469 3654 537 μὲν
3682 470 3853 540 ξχσνεῡ-

689 559 886 629 gantia
910 558 1211 628 quidquam
1241 557 1496 620 habeant,
1520 567 1578 611 ut
1618 566 1672 610 tu
1697 555 1979 610 blandiens
2011 556 2180 622 dicis;
2218 564 2274 611 at

690 664 815 716 qua
840 647 1129 703 charitatis
1161 646 1470 719 symbolum
1495 652 1625 699 sunt
1651 644 2024 713 proculdubio
2051 661 2067 698 :
2097 659 2274 713 quan-

687 747 858 808 toque
880 737 1188 793 crebriores
1229 736 1436 792 fuerint
1465 735 1774 790 litterarum
1808 735 1980 798 vices,
2021 742 2185 789 tanto
2218 745 2274 789 et

687 829 974 884 charitatis
996 837 1207 884 crescat
1228 828 1460 905 affectus
1487 846 1500 884 :
1527 843 1638 898 quo
1667 826 1800 897 quid
1832 827 2128 897 optabilius
2149 841 2274 883 esse

686 920 910 990 possit?
947 918 1144 976 Verum
1181 921 1294 974 hac
1321 920 1488 976 missa
1550 920 1816 974 faciamus
1846 937 1861 976 :
1891 919 1959 974 ad
1991 919 2270 990 sequentia

686 1016 1094 1082 pergatoratio.
1131 1009 1270 1088 Quid
1297 1011 1402 1066 hoc
1429 1021 1518 1067 est
1541 1012 1687 1081 quod
1719 1012 1860 1082 apud
1881 1027 1978 1068 vos
2005 1020 2270 1068 tentatum

684 1112 772 1156 est
802 1101 1040 1156 noviiel
1099 1102 1324 1172 quinam
1373 1101 1428 1156 hi
1478 1102 1606 1156 novi
1645 1103 1932 1166 dracones,
1963 1101 2271 1174 Charybdis

686 1195 862 1247 instar
910 1193 1268 1247 absorbentes
1325 1193 1575 1261 animas,
1623 1207 1748 1264 qua
1800 1193 2046 1248 veritatis
2101 1194 2272 1249 verbo

686 1289 918 1340 firmata
939 1301 1050 1341 non
1079 1286 1242 1340 sunt?
1272 1285 1354 1340 Tu
1377 1285 1598 1356 quidem
1624 1286 1768 1341 haud
1795 1287 2090 1342 nominasti
2123 1304 2138 1342 :
2169 1301 2271 1342 nos

685 1395 854 1444 vero,
909 1378 1076 1433 etiam
1133 1388 1427 1448 antequam
1471 1378 1665 1434 littera
1709 1388 1815 1432 tua
1869 1378 2266 1450 significarent,

684 1471 1044 1526 vehementer
1068 1470 1402 1540 planximus,
1436 1471 1599 1525 unius
1624 1470 1866 1524 hominis
1899 1485 2066 1526 causa
2099 1470 2270 1524 hare-

685 1563 820 1629 tici,
872 1578 968 1618 seu
1013 1561 1198 1632 potius
1247 1577 1435 1617 revera
1484 1561 1789 1631 blasphemi
1831 1561 1884 1615 in
1923 1561 2128 1627 Deum,
2175 1561 2269 1630 qui

685 1655 1010 1711 chartularii
1045 1671 1247 1711 munus
1287 1655 1413 1709 istic
1443 1656 1510 1709 ab
1543 1654 1873 1724 imperatore
1908 1637 2138 1723 adeptus
2162 1661 2265 1718 est,

686 1747 828 1802 hanc
859 1747 1230 1802 celeberrima
1283 1745 1489 1801 Sicilia
1522 1746 1819 1816 perniciem
1855 1745 2098 1801 dicentes
2127 1744 2270 1800 obti-

2377 555 2591 625 πρεπές
2633 571 2695 608 τε
2747 555 2844 608 καὶ
2878 555 3166 625 εύφραδὲς,
3200 555 3278 617 ὡς
3320 553 3498 626 χάριτι
3527 557 3637 628 φὴς,
3664 562 3768 616 τὸδ’
3789 562 3857 619 οὖν

2374 648 2474 716 τῆς
2503 645 2722 716 ἀγάπης
2755 643 3025 714 σύμϐολον
3052 645 3148 699 καὶ
3182 646 3326 698 πάνυ
3347 645 3768 718 ὁμολογουμένως.
3791 656 3858 708 καί

2374 753 2438 805 γε
2473 737 2598 789 ὅσον
2621 737 2655 805 ἡ
2690 735 2962 800 ἀντίδοσις
2987 735 3096 789 τῶν
3132 736 3476 806 γραμμάτων
3498 737 3693 804 γίνοιτο,
3717 742 3856 795 τοσοῦ-

2371 829 2514 900 τονὴ
2535 827 2637 897 τῆς
2659 827 2882 896 ἀγάπης
2897 827 3141 890 διάθεσις
3157 827 3393 892 αὔξοιτο.
3423 823 3495 882 Οὗ
3524 831 3571 882 τί
3589 830 3646 884 ἂν
3664 831 3733 900 εἴη
3745 850 3860 886 σπιν-

2373 917 2652 991 δαιότερον
2676 935 2690 983 ;
2739 919 2902 973 ’Δλλά
2921 919 3085 973 τοῦτο
3106 918 3201 972 νῦν
3221 918 3424 974 κείσθω
3447 921 3674 974 ἐνταῦθα·
3704 924 3858 994 apicii

2371 1011 2434 1065 τὸ
2462 1011 2594 1082 ἑξῆς
2636 1010 2916 1082 βαδιστέος
2955 1015 2985 1065 ὁ
3021 1011 3198 1080 λόγος.
3239 1011 3305 1063 Ti
3339 1013 3402 1064 τὸ
3430 1013 3518 1066 νῦν
3549 1018 3860 1084 καινοτομηθὲν

2371 1103 2431 1156 ὲν
2467 1104 2581 1166 τοῖς
2619 1103 2850 1166 αὐτόθις
2899 1104 2994 1156 καὶ
3044 1102 3187 1165 τίνες
3229 1104 3279 1156 oi
3329 1106 3596 1170 νεοφανείς
3637 1105 3858 1174 δράκοντες

2371 1194 2724 1266 Χαρυϐδηδὸν
2765 1195 3160 1256 καταπίνοντες
3199 1194 3381 1264 ψυχάς
3430 1195 3500 1264 μὴ
3539 1197 3859 1265 ὲστηριγμένας

2369 1287 2449 1356 τῷ
2477 1285 2623 1357 λόγῳ
2644 1287 2744 1354 τῆς
2766 1287 3026 1357 ἀληθείας
3049 1302 3063 1350 ;
3083 1286 3257 1350 Αὐτὸς
3288 1286 3389 1355 μὲν
3415 1283 3506 1339 οὖν
3535 1288 3624 1339 οὐκ
3648 1287 3857 1357 Hamad-

2369 1395 2527 1442 τισας
2549 1395 2563 1408 ⁸
2593 1380 2758 1449 ἡμεῖς
2801 1377 2877 1442 δὲ,
2914 1379 3010 1432 καὶ
3039 1378 3146 1450 πρὸ
3175 1379 3272 1448 τῆς
3319 1377 3596 1448 δηλώσεως
3617 1379 3708 1432 τῶν
3727 1398 3858 1450 γραμ-

2374 1471 2578 1539 μάτων,
2627 1469 3105 1540 κατεστενάξαμεν
3131 1471 3212 1524 δτι
3238 1471 3469 1541 μάλιστα
3503 1470 3581 1536 ἐφ’
3607 1471 3735 1541 ἀνδρὶ
3749 1475 3858 1542 αἶρε.

2369 1561 2530 1632 τικῷ,
2567 1563 2769 1632 μᾶλλον
2806 1562 2864 1616 δὲ
2902 1564 3210 1635 βλασφήμῳ
3266 1561 3343 1632 τῷ
3381 1560 3496 1615 δντι
3532 1564 3604 1624 είς
3643 1562 3767 1625 Θεδν,
3799 1565 3861 1617 ia-

2369 1653 2517 1724 χόντι
2557 1656 2616 1706 ἐν
2663 1656 2780 1718 τοῖς
2823 1654 3012 1708 αὐτόθι
3061 1654 3216 1724 παρά
3243 1653 3341 1706 τοῦ
3380 1653 3602 1723 κράτους
3630 1657 3856 1723 χαρτουλα-

2372 1745 2576 1818 ρεύειν,
2609 1749 2789 1800 ἐκεῖνο
2835 1746 3106 1808 εἰπόντες,
3139 1748 3222 1799 ὅτι
3252 1763 3318 1814 γε
3356 1745 3457 1816 τῆς
3504 1745 3782 1816 περιϐοήτου
3802 1750 3860 1800 Σι-

686 1839 854 1908 gisse.
892 1837 1042 1894 lstud
1091 1847 1272 1892 autem
1326 1838 1554 1893 exitium
1600 1853 1710 1892 non
1745 1853 1809 1892 ex
1837 1837 2138 1908 dogmatica
2165 1837 2263 1891 do-
2299 1827 2306 1880 1

2239 1865 2263 1876 -
2299 1827 2338 1880 Β
2368 1838 2554 1900 κελίας
2584 1838 2819 1906 ἔφθασεν
2849 1839 3090 1910 δλεθρος.
3119 1840 3250 1892 Τόδε
3295 1840 3357 1892 τὸ
3389 1840 3540 1908 πῆμα
3567 1840 3654 1892 οὐκ
3683 1841 3734 1891 ἐκ
3774 1841 3857 1905 διγ-

685 1929 863 1986 Ctrina
895 1929 1187 1984 conflatum
1209 1937 1294 1983 cst
1327 1946 1340 1981 :
1374 1927 1640 1982 doctrina
1672 1929 1815 1981 enim
1845 1941 2040 1996 expers
2075 1926 2265 1996 ingens

686 2023 804 2079 hac
832 2031 1014 2080 statua
1045 2039 1060 2076 :
1087 2023 1178 2077 sed
1218 2022 1286 2076 ab
1312 2021 1478 2091 impia
1511 2019 2047 2090 menteiprofcctnm,
2081 2029 2263 2088 atque,

685 2125 747 2172 ut
780 2116 924 2186 quod
955 2115 1138 2170 verius
1177 2127 1261 2169 est
1287 2114 1524 2178 dicatur,
1557 2113 1625 2167 ad
1657 2112 1990 2182 impietatem
2033 2127 2063 2164 a
2094 2111 2268 2181 majo-

685 2211 840 2266 ribus
869 2219 1056 2265 natum
1086 2228 1098 2264 :
1140 2221 1191 2265 et
1223 2209 1446 2280 quidem
1479 2223 1606 2263 cum
1635 2207 1852 2262 duobus
1876 2207 1999 2260 aliis
2035 2221 2265 2260 consan-

685 2304 920 2374 guineis.
949 2303 1054 2358 Sed
1075 2303 1174 2358 hos
1195 2301 1458 2368 Trinitas,
1479 2302 1618 2365 scio,
1651 2299 1980 2371 proﬂigaliit,
2006 2307 2059 2352 et
2081 2306 2266 2351 vestro

683 2405 739 2452 et
773 2397 1002 2452 aliorum
1037 2395 1129 2465 qui
1167 2395 1445 2450 veritatem
1483 2409 1590 2447 una
1613 2391 1910 2448 defendunt
1934 2404 2028 2444 ore
2057 2388 2260 2443 divino.

686 2491 764 2546 Te
801 2505 932 2546 vero
963 2499 1018 2545 et
1045 2490 1124 2544 tui
1157 2489 1365 2544 similes
1397 2489 1624 2542 minime
1664 2487 1842 2541 turbet
1874 2484 2054 2539 adhuc
2080 2482 2266 2537 furens

683 2582 931 2638 haresis.
965 2580 1219 2634 Nondum
1249 2579 1396 2634 enim
1426 2591 1722 2633 excussum
1765 2583 1818 2630 et
1861 2583 2152 2630 contusum
2183 2579 2268 2626 est

683 2676 913 2739 malum,
940 2689 1042 2729 nec
1079 2674 1214 2728 satis
1242 2671 1423 2726 adhuc
1451 2671 1713 2741 probatus
1736 2666 1974 2722 ﬁdelium
2008 2665 2061 2720 in
2095 2665 2264 2718 Deum

682 2781 840 2820 amor
867 2782 881 2819 :
914 2779 979 2820 ac
1006 2776 1267 2833 praterea
1305 2775 1412 2816 non
1453 2775 1747 2832 possumus
1772 2757 1981 2836 ingredi
2016 2757 2072 2810 in
2103 2755 2267 2827 abys-

685 2873 809 2914 sum
844 2856 1178 2927 judiciorum
1215 2854 1330 2919 Dei,
1361 2854 1641 2924 quomodo
1669 2851 1930 2922 populum
1975 2864 2136 2904 suum
2185 2849 2266 2902 in-

686 2949 966 3005 ﬁdelitatis
982 2947 1221 3018 procella
1245 2962 1419 3017 usque
1441 2945 1578 3000 adeo
1599 2945 1794 3015 agitari
1812 2944 1974 2997 sinat.
1997 2941 2264 2996 Caeterum

685 3043 962 3098 sermonis
994 3041 1278 3096 conclusio
1306 3049 1415 3104 est,
1461 3047 1516 3091 ut
1543 3039 1632 3108 qui
1660 3037 1869 3106 probati
1913 3043 2056 3096 sunt,
2095 3033 2266 3085 mani-

2374 1931 2612 2001 ματικῆς
2640 1931 2842 2002 πείρας
2887 1933 3291 2002 τετεχνωμένον
3309 1949 3321 1962 ·
3353 1935 3574 2004 ἄπειρον
3613 1932 3706 2003 γὰρ
3735 1933 3780 1985 τὸ
3799 1933 3861 1984 ἀν-

2369 2023 2716 2094 δριαντὰριον
2737 2039 2750 2054 ⁸
2796 2023 2914 2076 ἀλλ’
2943 2023 3004 2088 ἐξ
3047 2023 3280 2088 ἀσεϐοῦς
3319 2023 3543 2095 γνώμης
3573 2025 3860 2095 πεπληρωμέο

2369 2133 2481 2183 νον,
2515 2117 2610 2170 καὶ
2652 2117 2738 2170 ἵνα
2772 2115 3172 2188 τάληθέστερον
3212 2117 3428 2188 ῥηθείη,
3457 2117 3698 2187 πατρόθεν
3733 2118 3863 2170 ἑπὶτὺ

2369 2209 2591 2264 ἀσεϐεῖν
2624 2210 2866 2281 ἠγμένον
2885 2227 2899 2241 ’
2927 2211 3020 2262 καί
3051 2227 3116 2278 γε
3169 2212 3267 2264 σὺν
3301 2211 3456 2264 δυσὶν
3500 2211 3665 2273 ἄλλοις
3690 2210 3860 2279 diuitia-

2371 2319 2476 2357 σιν.
2525 2302 2688 2356 Ἀλλά
2716 2302 2948 2365 τούτους
2981 2304 3080 2374 μὲν
3107 2305 3141 2374 ἡ
3183 2303 3359 2374 Τριάς
3400 2300 3493 2356 οἷδ’
3531 2305 3606 2358 ὅτι
3639 2302 3861 2374 ἐπιρραπί-

2371 2411 2534 2462 σειεν,
2584 2396 2792 2460 ἐνθέοις
2841 2396 3108 2467 στόμασιν
3145 2396 3302 2466 ὑμῶν
3333 2414 3394 2449 τε
3426 2397 3519 2450 καὶ
3553 2395 3651 2448 τῶν
3691 2395 3859 2448 ἐνταῦθα

2369 2488 2830 2559 ὑπερμαχούντων
2862 2490 2961 2559 τῆς
2983 2488 3256 2561 ἀληθείας.
3290 2490 3358 2542 Σὲ
3384 2489 3440 2542 δὲ
3467 2493 3558 2542 καὶ
3583 2483 3782 2551 av.on
3800 2489 3858 2550 σὺ,

2372 2579 2540 2649 μηδὲν
2575 2579 2829 2645 ξενιζέτω
2886 2582 2920 2648 ἡ
2969 2580 3051 2634 ἔτι
3081 2581 3330 2635 λυττῶσα
3379 2583 3602 2652 αἵρεσις.
3629 2582 3766 2636 Οὔπω
3789 2583 3859 2652 γὰρ

2368 2674 2726 2744 ἐκτέτριπται
2788 2674 2849 2726 τὸ
2889 2674 3081 2739 κακὸν,
3132 2673 3254 2728 οὔτε
3310 2675 3677 2746 δεδοκίμασται
3719 2674 3861 2736 ἱκανῶς

2367 2765 2480 2819 τῶν
2524 2765 2736 2819 πιστῶν
2778 2766 2838 2820 τὸ
2883 2767 3152 2836 φιλόθεον,
3183 2768 3276 2821 καὶ
3309 2769 3495 2838 τρίτον
3523 2769 3616 2838 οὐχ
3641 2764 3725 2820 οἷοί
3748 2771 3862 2836 ἐσμεν

2367 2857 2694 2929 ἐμϐατεύειν
2745 2861 2827 2921 είς
2871 2859 3111 2913 ἄϐυσσον
3154 2861 3448 2929 κριμάτων
3495 2861 3651 2914 Θεοῦ’
3681 2858 3861 2922 καθἐὒς

2367 2951 2602 3022 τρόπους
2630 2950 2883 3021 ἀνέχεται
2912 2951 3099 3023 ἀκμὴν
3126 2951 3554 3017 κλυδωνίζεσθαι
3575 2952 3646 3022 τῷ
3665 2953 3779 3022 σάλῳ
3797 2952 3863 3019 τῆς

2367 3042 2629 3104 ἀπιστίας
2677 3042 2770 3095 τὸν
2827 3043 2956 3096 λαὸν
2998 3041 3190 3096 αὐτοῦ.
3227 3041 3380 3115 Πλὴν
3431 3048 3764 3115 συμπέρασμα
3798 3041 3861 3094 τοῦ

687 3141 810 3215 {esti
841 3139 973 3211 ﬁant
1003 3137 1049 3172 ³³
1078 3153 1094 3205 ;
1153 3137 1298 3193 sicut
1349 3132 1631 3202 sapientia
1677 3130 2027 3201 dispensator
2064 3126 2266 3181 Paulus
2296 3169 2307 3222 ‘

2244 3142 2266 3181 S
2296 3163 2340 3226 Ο
2369 3135 2549 3205 λόγου,
2578 3137 2678 3190 ἵνα
2706 3139 2760 3191 οί
2786 3134 3020 3206 δόκιμοι
3050 3135 3295 3206 φανεροὶ
3352 3137 3664 3206 γίγνοιντο,
3683 3136 3743 3200 ὡς
3765 3137 3864 3205 ὁτῆς

688 3235 850 3292 dixit.
882 3232 1228 3301 Quapropter
1257 3228 1569 3290 hortamur,
1601 3233 1651 3278 et
1677 3223 2050 3286 obsecramus,
2086 3234 2152 3273 ne
2174 3217 2268 3272 fa-
2302 3217 2308 3222 ’

2243 3248 2268 3258 -
2302 3217 2339 3226 ν
2373 3231 2566 3297 σοφίας
2599 3230 2806 3300 ταμίας
2848 3228 3059 3292 Παῦλος
3097 3229 3302 3299 λέλεχε.
3340 3229 3435 3282 Διὸ
3464 3231 3556 3282 καὶ
3591 3226 3863 3300 παρακαλοῦ-

691 3328 900 3397 tigeris,
934 3340 1112 3394 neque
1138 3336 1323 3378 cesses
1362 3317 1710 3373 adversarios
1731 3328 2050 3386 coarguere,
2079 3327 2146 3367 ex
2181 3312 2270 3365 in-

2247 3340 2270 3352 ·
2375 3338 2476 3391 μεν
2507 3323 2601 3376 καὶ
2639 3320 3032 3392 ἀντιϐολοῦμεν
3079 3321 3154 3391 μὴ
3194 3321 3482 3386 ὲκκακεῖν,
3519 3321 3867 3388 διακατελέγχειν

689 3421 831 3475 timo
866 3417 1050 3474 cordis
1079 3415 1158 3469 tui
1196 3429 1341 3484 penu
1392 3411 1577 3464 divina
1632 3422 1890 3478 promens
1922 3407 2268 3470 documenta,
2307 3465 2310 3474 ι

692 3519 860 3581 atque
890 3509 1020 3562 hinc
1054 3506 1344 3578 perspicue
1377 3502 1766 3557 demonstrans
1788 3539 1802 3563 ,
1845 3496 2126 3557 Christum
2159 3507 2270 3549 non

693 3617 817 3659 esse
843 3600 1145 3660 Christum,
1176 3597 1280 3652 nisi
1311 3595 1469 3665 juxta
1500 3593 1730 3661 figuram
1759 3597 2002 3644 nostram
2037 3587 2274 3642 circum-

694 3696 993 3753 scribatur.
1024 3689 1160 3746 Nam
1194 3690 1239 3744 si
1291 3702 1422 3744 caro
1481 3684 1662 3740 factus
1717 3691 1822 3747 est,
1881 3681 2074 3750 utique
2107 3677 2274 3734 veluti

693 3803 824 3844 caro
875 3783 1381 3843 circumscribetur.
1421 3777 1579 3846 Quod
1610 3791 1740 3832 vero
1780 3791 1887 3830 non
1917 3773 2272 3833 circumscri-

694 3881 883 3945 bitur,
934 3877 988 3933 id
1047 3878 1190 3932 intra
1223 3875 1619 3928 humanitatem
1657 3883 1767 3924 non
1812 3877 1938 3934 est,
1980 3867 2076 3922 sed
2119 3874 2274 3921 extra

694 3976 839 4033 hanc
874 3971 1019 4026 haud
1047 3969 1231 4033 dubie,
1260 3980 1472 4022 necnon
1503 3972 1659 4019 extra
1683 3963 1884 4027 locum,
1919 3970 1978 4016 et
2009 3969 2224 4030 tempus
2255 3977 2270 4012 :

695 4067 840 4121 Deus
874 4063 1088 4127 nudus,
1142 4075 1308 4131 quem
1343 4068 1536 4114 natura
1568 4052 2178 4125 incomprehensibilem
2221 4059 2277 4106 et

693 4157 1042 4214 indefinitum
1100 4153 1338 4208 dicimus
1389 4160 1445 4206 et
1500 4149 1825 4220 cogitamus.
1858 4144 2038 4216 Atque
2073 4145 2177 4198 hoc
2205 4159 2275 4198 ex

696 4265 884 4306 rerum
914 4257 1113 4302 natura
1135 4261 1232 4315 per
1251 4251 1456 4300 certam
1477 4240 1720 4296 veritatis
1746 4239 2272 4294 demonstrationem

694 4343 852 4412 sequi
887 4354 1112 4396 necesse
1147 4346 1234 4393 est
1267 4354 1282 4390 :
1313 4332 1693 4391 circumscribi
1744 4345 1942 4400 nempe
1971 4329 2274 4392 Christum,

695 4445 751 4490 et
788 4436 841 4488 in
874 4433 1111 4504 imagine
1146 4429 1364 4485 adorari
1399 4445 1414 4483 :
1452 4445 1471 4478 ι
1511 4425 1790 4495 Siquidem
1825 4424 1880 4478 in
1919 4423 2157 4494 imagine
2189 4437 2276 4477 ar-

2373 3431 2433 3466 σε
2468 3414 2597 3477 τοὺς
2642 3413 3018 3478 ὑπεναντίους,
3059 3415 3124 3465 ὲκ
3165 3411 3275 3464 τῶν
3313 3412 3526 3466 ἀδύτων
3567 3412 3769 3482 ταμείων
3802 3409 3869 3478 τῆς

2373 3506 2596 3576 καρδίας
2621 3523 2716 3559 σου
2749 3507 3044 3577 προφέρων
3069 3505 3137 3560 τά
3177 3507 3295 3559 θεῖα
3329 3506 3650 3576 διδάγματα·
3679 3505 3754 3560 καὶ
3777 3504 3868 3555 ὑπο-

2371 3600 2638 3654 δεικνύων
2686 3597 2942 3652 ὲντεῦθεν
2995 3598 3288 3668 ἀριδήλως,
3328 3599 3414 3652 ὅτι
3448 3597 3668 3669 Χριστὸς
3700 3596 3748 3648 οὐ
3779 3595 3873 3664 Χρι-

2377 3692 2518 3760 στὸς,
2553 3694 2600 3744 εἰ
2633 3692 2708 3763 μὴ
2749 3692 3151 3764 περιγράφοιτο
3180 3693 3248 3763 τῇ
3281 3692 3409 3745 καθ’
3434 3694 3580 3763 ἡμᾶς
3609 3692 3723 3759 ἰδέᾳ.
3752 3690 3874 3756 Εἴπερ

2373 3783 2484 3854 γὰρ
2523 3781 2664 3853 σὰρξ
2709 3781 2973 3850 ἐγεγόνει,
3009 3781 3228 3846 πάντως
3271 3785 3370 3836 καὶ
3398 3782 3475 3844 ὡς
3507 3781 3636 3852 σάρξ
3671 3777 3874 3849 περιγρὰ·

2376 3891 2558 3944 φεται.
2589 3877 2655 3928 Ὃ
2687 3873 2745 3927 δὲ
2783 3874 2858 3946 μὴ
2893 3875 3311 3946 περιγράφοιτο,
3349 3873 3512 3929 τοῦτο
3551 3875 3643 3928 οὐκ
3678 3873 3784 3926 εῐσω
3809 3871 3876 3922 ἁν-

2377 3968 2752 4039 θρωπότητος,
2800 3967 2916 4021 ἀλλ’
2951 3966 3056 4034 ἔξω
3099 3968 3348 4038 δηλονότι
3375 3947 3472 4022 καὶ
3503 3967 3658 4022 τόπου
3688 3967 3764 4019 καὶ
3792 3960 3876 4032 χρό-

2375 4075 2499 4114 νου’
2533 4059 2668 4123 Θεὸς
2706 4060 2914 4130 γυμνὸς
2961 4061 3028 4130 τῇ
3079 4059 3424 4131 ἀπεριληψίᾳ
3466 4077 3528 4113 τε
3580 4057 3664 4112 κα)⁵
3689 4053 3876 4126 ἁοριστίᾳ

2377 4151 2474 4205 καὶ
2512 4150 2808 4223 λεγόμενος
2845 4151 2942 4205 καὶ
2977 4150 3289 4222 νοούμενος.
3338 4151 3454 4205 Καὶ
3484 4151 3636 4204 τοῦτο
3661 4147 3875 4220 ἀραρότως

2376 4245 2459 4307 είς
2495 4241 2901 4314 ἀναμσίλεκτον
2945 4244 3220 4309 ἀπόδειξιν
3250 4245 3352 4316 τῆς
3399 4243 3650 4313 ἀληθείας
3689 4239 3877 4310 φυσικαέ

2376 4335 2725 4399 ἀκολουθίαις
2771 4336 3222 4406 ἀναγκαζόμενον
3246 4352 3262 4367 ο
3343 4334 3752 4409 περιγράφεσθαι
3787 4331 3873 4397 Χρι-

2380 4429 2527 4492 στὸν,
2564 4428 2666 4483 κᾶν
2691 4431 2756 4500 τῇ
2794 4429 2963 4483 εἰκόνι
3000 4429 3500 4501 προσκυνούμενον.
3555 4448 3573 4481 ι
3602 4427 3814 4493 Ἐπείπιρ
3837 4423 3876 4474 ὲν

696 4533 1466 4602 chetypumreprasentatur,
1492 4541 1511 4572 ›
1547 4520 1694 4576 sicut
1725 4517 1930 4574 alicubi
1957 4517 2178 4572 divinus
2201 4517 2277 4572 ait
2303 4505 2316 4562 Ι

2257 4525 2277 4571 ι
2303 4503 2354 4562 D
2377 4520 2515 4591 αὐτῇ
2542 4520 2604 4573 τὸ
2632 4519 2942 4589 ἀρχέτυπον
2967 4519 3335 4588 ὲκπέφασται,
3363 4517 3440 4582 ὥς
3463 4517 3564 4571 πού
3591 4533 3732 4586 φησιν
3753 4515 3774 4565 ό
3795 4511 3873 4562 θεο-

701 4622 1043 4694 Dionysius:
1075 4618 1280 4674 etalibi
1317 4634 1330 4668 :
1371 4634 1390 4668 ι
1430 4613 1676 4669 Alterum
1717 4611 1773 4665 in
1825 4611 2036 4674 altero,
2080 4617 2276 4680 prater

2254 4625 2276 4663 ι·
2380 4613 2602 4683 φάντωρ
2642 4611 2922 4676 Διονύσιος
2945 4629 2960 4643 ο
2990 4630 3009 4664 ι
3054 4611 3156 4666 καὶ.
3190 4611 3429 4682 ἀλλαχοῦ
3450 4629 3465 4643 ο
3527 4629 3546 4662 ι
3565 4609 3811 4674 Ἑκάτερον
3837 4603 3874 4653 ὲν

698 4693 1018 4772 substantia
1047 4710 1433 4767 differentiam.
1469 4726 1488 4759 ι
1527 4705 1707 4773 Quare
1746 4704 1838 4774 qui
1875 4711 2034 4770 negat
2059 4702 2276 4773 depingi

2254 4702 2276 4757 ἱ
2379 4705 2624 4774 ἐκατέρῳ
2666 4703 2815 4774 παρά
2857 4703 2918 4757 τὸ
2957 4703 3058 4773 τῆς
3121 4703 3309 4766 οὐσίας
3353 4704 3666 4774 διάφορον.»
3712 4693 3874 4750 Ὥστεό

698 4808 1000 4872 Christum,
1032 4805 1079 4859 is
1111 4813 1298 4858 natum
1329 4799 1610 4855 hominem
1637 4813 1760 4854 esse
1794 4797 2013 4866 negavit
2043 4812 2057 4850 :
2089 4805 2144 4849 et
2180 4796 2275 4866 qui

700 4901 818 4972 ejus
850 4897 1145 4968 imaginem
1175 4909 1283 4950 non
1323 4893 1538 4957 adorat,
1571 4905 1799 4960 prorsus
1827 4905 1895 4943 ne
1929 4889 2106 4956 ipsum
2153 4887 2278 4958 qui-

700 4993 823 5049 dem
859 4989 1216 5056 adorat,licet
1240 4985 1471 5041 adorare
1501 4997 1561 5038 se
1586 4991 1736 5052 putet
1765 4999 1779 5036 :
1808 4979 2276 5051 quandoquidem,

703 5097 762 5142 ut
796 5098 977 5141 sermo
1011 5096 1166 5138 sacer
1200 5081 1276 5134 ait
1306 5097 1319 5133 :
1350 5076 1600 5147 Inﬁdeles
1656 5075 1974 5145 conﬁtentur
2021 5090 2075 5128 se
2109 5073 2278 5127 Deum

699 5196 873 5244 nosse,
909 5177 1069 5248 factis
1099 5183 1277 5228 autem
1331 5179 1522 5242 negant
1543 5171 1611 5224 ³³.
1659 5167 1786 5224 Hac
1831 5184 1929 5239 ego
1959 5166 2277 5221 reverentia

701 5282 810 5328 tua
846 5285 956 5325 non
988 5278 1248 5336 tanquam
1291 5260 1568 5335 ignoranti
1599 5258 1853 5329 exposui,
1887 5257 1982 5312 sed
2015 5266 2274 5325 tanquam

611 5400 615 5404 -
699 5364 891 5418 eadem
947 5359 1238 5422 sentienti,
1301 5371 1366 5412 ac
1411 5353 1577 5408 veluti
1605 5361 1812 5422 guttam
1861 5365 1927 5404 ex
1959 5349 2275 5416 dogmatum

702 5455 893 5526 pelago
944 5451 1254 5507 hauriens:
1313 5463 1438 5503 cum
1486 5445 1712 5500 infinita
1762 5450 2023 5512 praterea
2075 5455 2277 5510 suppe-

702 5557 818 5600 tant
871 5545 1096 5599 Patrum
1140 5541 1477 5608 isententia,
1535 5552 1645 5592 una
1688 5551 1814 5590 cum
1856 5541 2041 5587 vetere
2103 5532 2276 5586 histo-

703 5639 782 5692 ria
837 5637 907 5691 ab
931 5637 1158 5691 exordio
1198 5636 1316 5704 ipso
1365 5629 1694 5701 evangelica
1745 5623 2165 5698 pradicatiouis,
2210 5625 2278 5681 ad

772 5819 817 5851 ³³
855 5817 874 5871 l
911 5817 1036 5874 Cor.
1067 5833 1142 5883 xi,
1184 5816 1270 5872 l9.
1347 5815 1390 5848 ³³
1423 5813 1530 5870 Tit.
1564 5829 1602 5881 ι,
1633 5812 1720 5872 16.

2379 4799 2812 4868 ἀπαναινόμενος
2857 4797 3232 4869 ἐγγράφεσθαι
3277 4797 3536 4868 Χριστὸν,
3582 4797 3782 4866 ἡρνηται
3818 4787 3877 4841 ﬁv-

2381 4892 2603 4966 θρωπον
2633 4893 2920 4961 γεγονέναι
2938 4907 2952 4922 ·
2982 4891 3078 4945 καὶ
3099 4893 3128 4944 ὁ
3165 4892 3241 4963 μὴ
3270 4890 3596 4963 προσκυνῶν
3643 4883 3780 4940 αὑτοῦ
3810 4880 3876 4947 τὴν

2385 4985 2594 5052 εἰκόνα,
2635 4984 2868 5062 οὑτίπου.
2903 4986 3207 5054 προσκυνεῖ
3250 4983 3415 5037 αὑτὸν
3467 4982 3531 5036 τὸ
3569 4977 3784 5040 καθόλου,
3806 4971 3876 5025 κᾶν

2385 5078 2584 5153 νομίζῃ
2616 5078 2981 5148 προσκυνεῖν
3027 5075 3150 5129 ἐπεί
3205 5091 3370 5146 φησιν
3417 5076 3448 5128 ό
3495 5073 3633 5142 ἱερὸς
3668 5063 3876 5135 λόγοςόί

2383 5169 2629 5223 ἄπιστοι
2663 5165 3027 5238 ὁμολογοῦσι
3052 5165 3201 5221 Θεὸν
3221 5165 3443 5220 εἰδέναι
3463 5204 3480 5229 ,
3517 5162 3634 5229 τοῖς
3660 5160 3718 5214 δὲ
3739 5157 3874 5225 ἔργα(

2383 5263 2730 5332 ἀρνοῦνται.
2777 5260 2965 5314 Ταῦτα
3017 5261 3118 5330 οὐχ
3161 5260 3236 5324 ὡς
3285 5258 3556 5329 ἀγνοούσῃ
3584 5258 3645 5327 τῇ
3672 5241 3874 5322 nptsz

2385 5331 2480 5408 σου
2532 5353 2876 5423 ὑπεδήλωσα,
2925 5350 3044 5405 ἀλλ’
3087 5349 3164 5414 ὡς
3206 5343 3767 5420 συνομογνωμονούσῃ·
3811 5331 3874 5386 καὶ

2383 5445 2575 5518 ὥσπερ
2604 5445 2795 5515 ρανίδα
2844 5447 2909 5498 ἐκ
2951 5445 3223 5512 πελάγους
3279 5442 3567 5512 δογμάτων
3623 5430 3872 5518 ἀνελκύσας

2385 5537 2526 5608 πρὸς
2543 5513 2646 5607 ⁷τῷ
2679 5535 2774 5589 καὶ
2806 5536 3034 5608 ἄπειρον
3078 5533 3246 5606 ἑσμὸν
3293 5529 3430 5587 εἶναι
3460 5525 3749 5600 πατρικῶν·
3781 5513 3878 5589 μετά

2386 5629 2484 5682 καὶ
2520 5627 2625 5698 τῆς
2658 5619 3019 5700 ἀρχαιολόγου
3064 5626 3308 5698 ἱστορίας
3358 5625 3454 5679 ἀπ’
3490 5620 3655 5690 αὐτῆς
