4102 6374
265 336 398 403 1581

1463 327 2011 393 EPISTOLARUM
2050 325 2196 389 LIB.
2256 324 2341 384 ΙΙ.

3294 294 3303 301 ⁷
3377 313 3516 380 ιδεε

262 446 359 501 τοῦ
391 443 767 518 κηρύγματος,
794 445 874 509 είς
918 443 1179 498 σύστασιν
1209 442 1310 514 τῆς
1342 441 1650 512 ἀμωμήτου
1678 441 1837 512 ἡμῶν

1954 436 2161 491 llihalae
2257 432 2379 488 ﬁdei
2472 439 2669 486 nostris
2745 428 3069 485 Christiana:
3146 426 3521 483 conﬁrmatio-

261 537 374 591 τῶν
402 535 748 608 Χριστιανῶν
778 535 1034 599 πίστεως.

546 652 690 720 ΡιιΑο
729 647 864 720 (85).
904 675 976 688 —-
1011 643 1273 710 Φιλοθέφ
1299 642 1560 709 κτήτορι.
1640 638 1851 728 [ψξηῆλ

1938 541 2085 582 nem.

2262 634 2444 693 CXC-l.
2482 665 2543 676 —
2580 633 2857 688 Philol/tea
2893 633 3204 702 possessori.

1393 754 1578 805 Laudat
1598 755 1706 817 ejus
1728 754 1959 816 virtutes,
1981 767 2161 819 genus,
2187 756 2410 817 patriam.

335 868 500 937 Μέγα
540 866 732 939 κέρδος
775 864 992 937 ἡγεῖταί
1037 880 1132 933 σου
1177 864 1213 935 ἡ
1269 862 1547 935 τιμιότης,
1582 859 1659 925 ὥς
1686 876 1846 932 φησι,

265 960 535 1034 δεχομένη
564 961 599 1026 ὴ
608 957 725 1030 μῶν
753 958 1084 1031 γράμματα,
1125 954 1264 1027 ὁμοῦ
1290 972 1353 1010 τε
1382 955 1477 1010 καὶ
1510 969 1850 1025 μνημονευο-

274 1056 413 1127 μένη
452 1050 591 1123 πρὸς
632 1050 795 1122 ἡμῶν
845 1049 1047 1105 αὐτῶν.
1078 1049 1252 1103 Τοῦτο
1276 1048 1335 1102 δέ
1364 1050 1463 1121 τῆς
1499 1047 1600 1119 σῆς
1625 1047 1852 1120 θεόφρο-

266 1160 361 1207 νος
418 1139 663 1204 διανοίας
720 1136 1196 1210 ταπεινοφροσύνῃ
1251 1137 1419 1210 πολλῇ
1501 1137 1851 1208 κεχρημένης

266 1232 564 1304 ἐγκώμιον,
606 1230 705 1301 οὐχ
734 1227 892 1300 ἡμῶν
919 1229 1028 1282 τῶν
1080 1228 1353 1283 ταπεινῶν
1381 1227 1544 1301 [cod.
1578 1228 1716 1299 Reg.
1757 1226 1846 1280 εύο

275 1321 496 1396 τελῶν],
540 1321 640 1377 καὶ
670 1320 883 1385 οὐδενὸς
914 1321 1087 1389 ἀξίων
1128 1320 1313 1389 λόγου.
1348 1321 1542 1391 Ὅμως
1571 1319 1714 1373 κατά
1746 1317 1847 1390 τὴν

268 1416 602 1488 πεποίθησιν
635 1415 806 1485 αὐτῆς
836 1414 1068 1484 λήψεται
1107 1414 1202 1467 τὸν
1251 1412 1441 1485 μισθδν
1492 1412 1598 1467 ὑπὸ
1631 1413 1731 1483 τῆς
1751 1408 1845 1466 τοῦ

268 1506 476 1579 ἀγαθοῦ
528 1507 688 1579 ἡμῶν
774 1506 910 1560 Θεοῦ
997 1506 1418 1578 δικαιοκρισίας,
1475 1505 1841 1576 ἀμειϐομένου

268 1602 370 1672 τὴν
398 1600 581 1654 πίστιν
609 1599 845 1653 ἑκάστου
867 1598 1124 1669 ἀμοιϐαῖς
1159 1597 1460 1668 οὐρανίαις,
1485 1598 1581 1652 καὶ
1608 1599 1688 1660 είς
1715 1598 1844 1651 ἐαυ-

267 1693 364 1746 τὸν
406 1691 470 1745 τὸ
498 1689 596 1744 τοῦ
644 1690 814 1753 πέλας
842 1689 1164 1760 γιγνόμενον
1185 1687 1550 1758 Χριστοειδῶς
1589 1688 1843 1742 ἀνατιθε-

275 1784 460 1855 μένου.
506 1783 701 1853 Ἡμεῖς
726 1782 783 1835 es
830 1780 909 1849 τῷ
949 1780 1064 1834 ὄντι
1113 1781 1398 1852 χαίρομεν,
1428 1779 1583 1852 ἀνδρὶ
1605 1779 1845 1850 τοσούτῳ

273 1876 369 1930 καὶ
411 1872 718 1944 τηλικούτῳ
757 1871 1029 1942 φιλιάζειν
1066 1870 1434 1943 γνωρίσαντες
1456 1885 1470 1900 ·
1503 1863 1566 1924 οῦ
1604 1872 1639 1940 ἡ
1673 1868 1844 1941 ἀρετὴ

273 1966 621 2038 διαπρύσιος,
652 1966 747 2018 καὶ
770 1967 797 2018 ό
824 1965 1047 2028 ἔπαινος
1077 1963 1438 2030 δικαιότατος,
1484 1963 1579 2017 καὶ
1603 1963 1666 2016 τὸ
1693 1961 1844 2016 πολί-

272 2074 449 2129 τευμα
487 2056 704 2120 πολλοῖς
734 2055 1040 2125 ὑπόδειγμα
1062 2057 1178 2120 τοῖς
1208 2054 1488 2109 ἐθέλουσιν
1510 2054 1756 2109 εὐσεϐεῖν
1784 2055 1844 2107 ἐν

271 2152 343 2224 τῇ
390 2146 642 2220 παρούσῃ
692 2148 875 2216 γενεᾷ,
927 2145 1003 2211 ὡς
1052 2147 1112 2199 ἐν
1146 2148 1399 2218 περιωπῇ
1448 2144 1609 2218 ὅρους
1634 2146 1846 2217 ἀρετῶν

276 2240 661 2309 προκείμενον.
692 2238 800 2293 Καὶ
827 2237 1166 2310 φερωνύμως
1191 2237 1266 2302 ὡς
1300 2236 1517 2309 ἀληθῶς
1539 2237 1847 2309 ἐξέλαμψας

275 2331 543 2400 φιλόθεος,
597 2329 807 2402 φίλτρῳ
855 2330 993 2384 Θεοῦ
1030 2330 1093 2384 τὸ
1146 2331 1441 2401 ἄπραγμον
1474 2332 1569 2385 καὶ
1622 2331 1848 2404 ἡσύχιον

275 2423 668 2493 αἱρησάμενος,
698 2422 1020 2492 ὲπιτηρὴσει
1042 2421 1202 2476 θείων
1228 2421 1478 2479 ἐντολῶν.
1508 2421 1603 2476 καὶ
1632 2414 1850 2477 ἐπιτεύὲ

274 2514 356 2581 ξει
382 2513 490 2567 τῶν
516 2512 748 2567 αἰωνίων
787 2511 1028 2579 ἀγαθῶν.
1048 2514 1241 2567 Καίτοι
1263 2513 1547 2585 ὑπάρχων,
1572 2514 1670 2567 καὶ
1703 2512 1850 2569 κατά

280 2604 428 2659 ίδέαν
452 2602 598 2669 ἄξιος
622 2604 960 2674 τυραννίδος,
990 2606 1086 2660 καὶ
1106 2604 1249 2659 κατὰ
1276 2605 1434 2674 γένος
1456 2604 1850 2676 ύπέρλαμπρος

273 2699 338 2750 τὸ
352 2693 492 2766 αἷμα
511 2712 525 2726 ·
553 2694 670 2753 ἀλλ’
692 2698 720 2749 ὁ
747 2695 887 2759 θεῖος
914 2695 1076 2760 πόθος
1106 2695 1301 2760 σϐέσας
1328 2695 1502 2751 ταῦτα
1529 2698 1726 2760 πάντα,
1754 2698 1850 2750 καὶ⁸

275 2787 405 2841 ούδα
412 2786 542 2857 μινά
558 2785 755 2851 δείξας,
772 2787 909 2857 ὅπερ
924 2786 1018 2841 καὶ
1031 2786 1247 2855 ἀληθὲς,
1261 2788 1396 2859 πρὸς
1404 2787 1503 2859 τήν
1528 2788 1853 2859 ύπέρφωτον

278 2880 379 2948 τῆς
403 2879 552 2942 θείας
583 2878 918 2949 ὡραιότητπ
951 2873 1055 2948 ἦρέ
1087 2894 1180 2931 σου
1209 2880 1334 2942 τοὺς
1354 2880 1457 2949 τῆς
1482 2879 1715 2942 διανοίας
1753 2881 1854 2950 όφ-

281 2968 548 3037 θαλμοὺς,
590 2967 787 3040 αἴγλην
836 2968 955 3020 ἐκεῖ
1009 2967 1253 3039 βλέπεινζ
1297 2970 1416 3022 ἐκεῖ
1458 2967 1854 3039 φαντάζεσθαι,

280 3085 397 3137 ἐκεῖ
424 3083 771 3154 μετατιθέναι
813 3082 874 3136 τὸ
918 3082 1244 3155 πολίτευμα,
1274 3078 1336 3137 οἶ)
1368 3083 1514 3154 χαρά
1560 3083 1857 3156 ἀνεκλάλη-

278 3190 390 3241 τος,
414 3174 542 3228 ἔνθα
573 3173 687 3245 ζωὴ
709 3176 984 3245 ἀκήρατος
1008 3172 1029 3247 [
1049 3174 1173 3230 cod.
1198 3175 1333 3246 Reg.
1365 3174 1696 3249 ἀμήρυτος],
1721 3177 1854 3231 ὅπου

279 3267 315 3337 ἡ
337 3264 601 3336 ἐλλαμψις
617 3266 717 3336 τῆς
747 3266 1020 3338 μακαρίας
1042 3267 1140 3320 καί¹
1160 3267 1392 3339 ἀρχικῆς
1414 3267 1664 3340 Τριάδος.
1695 3268 1857 3322 Ἀλλά

278 3358 490 3426 γένοιτό
523 3373 627 3418 σοι,
657 3351 702 3410 ὦ
730 3357 1001 3427 θαυμάσιε
1031 3360 1127 3412 καὶ
1151 3359 1452 3429 ἐπιπόθητε
1493 3362 1651 3431 ἡμῖν,
1682 3360 1854 3414 ἐπαύ-

282 3447 438 3518 ξησις
479 3447 682 3518 ἀρετῆς
729 3447 810 3501 ἐτι
848 3450 944 3502 καὶ
993 3448 1095 3514 ἐτι,
1140 3451 1235 3504 καὶ
1282 3450 1610 3521 θησαύρισις
1632 3451 1854 3522 ἀγαθῶν

280 3540 483 3610 ἔργων,
511 3540 591 3601 είς
604 3538 667 3591 τὸ
690 3537 1125 3609 μεγαλεμπόρως
1154 3541 1365 3610 ἁπᾶραί
1396 3558 1455 3595 σε
1481 3542 1591 3595 τῶν
1620 3543 1852 3609 ἐνθένδε,

282 3629 379 3682 ἐπὶ
409 3627 623 3700 μεθέξει
652 3626 760 3681 τῶν
783 3629 986 3682 ἀϊδίων.
1028 3630 1104 3683 Σᾶ
1135 3631 1234 3700 μὲν
1246 3628 1338 3684 οὖν
1360 3633 1460 3702 τῆς
1486 3634 1855 3704 προσηγορίας

283 3718 518 3773 ἐνταῦθα
550 3719 773 3773 κείσθω.
809 3718 1027 3791 Ἐπειδὴ
1066 3720 1123 3775 δέ
1161 3721 1255 3775 καὶ
1284 3722 1410 3793 περὶ
1436 3721 1541 3775 τοῦ
1555 3724 1855 3794 πρεσϐυτέ-

285 3828 380 3885 ρου
413 3808 776 3883 ἐπηρώτησας
806 3805 981 3875 αὖθις,
1042 3810 1324 3879 ὑποδείξας
1348 3812 1410 3865 τὸ
1436 3812 1856 3885 ἀνεξαγόρευτον

282 3901 507 3973 ὖφλημα
527 3918 543 3933 ’
574 3904 753 3956 ἐκεῖνο
788 3901 1038 3974 λέγομεν,
1065 3903 1146 3957 ὅτι
1178 3904 1208 3956 ό
1233 3902 1413 3957 κανὼν
1457 3904 1578 3959 οὐδὲ
1605 3906 1686 3969 είς
1703 3905 1856 3974 διγα-

287 3993 516 4064 μοῦντος
547 3993 723 4064 γάμον
745 3992 1055 4062 ἐστιαθῆναι
1081 3993 1172 4047 τὸν
1193 3993 1564 4066 πρεσϐύτερον
1589 4013 1854 4069 παραχω-

285 4090 373 4160 ρεῖ
394 4102 407 4116 ⁸
428 4087 579 4156 πόσῳ
604 4103 668 4156 γε
697 4085 893 4157 μᾶλλον
916 4085 1256 4156 στεφανῶσαι
1274 4086 1365 4141 τὸν
1377 4089 1636 4157 τοιοῦτον;
1666 4088 1728 4143 Ὅ
1745 4089 1855 4162 γάρ

2015 862 2273 934 Magnum
2304 863 2520 918 lucrum
2548 870 2705 933 putat
2732 859 3148 917 honoriﬁcentia
3194 867 3311 925 tua,
3339 866 3400 914 ut
3426 861 3523 925 ait,

1946 972 2070 1013 cum
2097 956 2307 1011 litteras
2335 965 2557 1011 nostras
2587 953 2819 1024 accepit,
2845 952 3121 1023 simulque
3145 966 3271 1008 eum
3295 952 3467 1022 ipsius
3496 970 3527 1006 a

1946 1048 2109 1104 nobis
2149 1046 2209 1102 ﬁt
2243 1045 2468 1101 mentio.
2525 1043 2643 1101 Hoc
2702 1057 2833 1100 vero
2890 1044 3089 1100 divinae
3145 1044 3347 1101 mentis
3398 1053 3525 1109 tua',
3638 1070 3645 1083 ε

1947 1130 2489 1212 πιοςηάῐιιιηιίἰίιοῑε
2515 1137 2759 1208 pmditae
2793 1136 3104 1191 encemium
3135 1144 3252 1201 est,
3285 1150 3391 1191 non
3426 1152 3529 1192 no-

1950 1241 2150 1297 atrum,
2181 1231 2275 1301 qui
2296 1229 2518 1301 abjecti,
2542 1238 2597 1284 et
2624 1228 2830 1284 nullius
2859 1229 3016 1298 pretii
3036 1227 3287 1284 homines
3312 1243 3525 1285 sumus.

1951 1326 2208 1380 Attamen
2233 1322 2393 1394 juxta
2442 1321 2698 1377 ﬁduciam
2748 1329 2897 1376 tuam
2947 1320 3259 1375 mercedem
3293 1311 3527 1392 accipie's

1953 1433 1984 1473 a
2014 1417 2165 1489 justo
2197 1415 2407 1487 judicio
2435 1414 2566 1470 boni
2594 1413 2687 1468 Dei
2714 1412 2909 1480 nostri,
2958 1413 3052 1483 qui
3092 1412 3527 1483 uniuscujusque

1950 1509 2112 1565 ﬁdem
2153 1507 2470 1563 coelestibus
2501 1505 2740 1576 praemiis
2799 1515 3217 1568 remuneratur,
3267 1511 3323 1559 et
3382 1503 3525 1575 quod
3612 1528 3621 1537 α

1948 1601 2199 1672 proximo
2230 1599 2432 1655 factum
2461 1607 2565 1665 est,
2601 1606 2661 1652 ut
2696 1598 2799 1652 sibi
2835 1597 2939 1668 ipsi
2969 1596 3224 1652 Christus
3270 1597 3526 1668 imputat.

1948 1693 2062 1750 Nos
2084 1707 2215 1748 vero
2232 1691 2534 1763 gaudemus
2562 1689 2746 1758 reipsa
2769 1704 2892 1745 cum
2918 1691 3096 1759 palam
3123 1690 3356 1744 iacimus
3386 1690 3526 1743 ami-

1951 1802 2046 1843 cos
2080 1800 2182 1841 nos
2212 1799 2334 1840 esse
2367 1783 2499 1839 tanti
2530 1798 2596 1838 ac
2629 1783 2751 1838 talis
2800 1782 2939 1846 viri,
2968 1782 3127 1847 cujus
3180 1782 3357 1837 virtus
3383 1783 3529 1838 cele-o

1949 1878 2208 1945 berrima,
2232 1877 2461 1948 lausque
2485 1873 2816 1946 justissima,
2847 1882 2902 1929 et
2931 1874 3148 1929 vivendi
3177 1875 3319 1931 ratio
3341 1875 3530 1930 multis

1949 1973 2038 2044 pie
2086 1972 2142 2026 in
2172 1973 2277 2026 hoc
2298 1968 2499 2026 saeculo
2521 1967 2702 2023 vivere
2733 1966 3066 2032 volentibus,
3089 1967 3395 2037 exemplum
3422 1978 3525 2033 est,

1952 2075 2214 2135 tanquam
2247 2064 2301 2116 in
2328 2076 2545 2118 summo
2570 2060 2772 2117 montis
2796 2058 3057 2114 virtutum
3089 2058 3293 2115 vertice
3326 2073 3528 2129 propo-

1953 2154 2141 2211 situm.
2171 2153 2251 2208 Ac
2273 2160 2368 2207 tuo
2384 2159 2532 2207 certe
2560 2148 2769 2205 nomini
2796 2157 3161 2221 congruenter
3181 2148 3526 2205 Pbilotheum

1954 2254 2009 2302 te
2045 2243 2373 2310 exhibuisti,
2419 2241 2517 2297 Dei
2548 2255 2733 2298 amore
2772 2241 2938 2295 vitam
2985 2240 3335 2311 tranquillam
3384 2247 3440 2296 et
3497 2256 3528 2293 a

1953 2337 2187 2410 negotiis
2208 2344 2473 2392 remotam
2504 2335 2731 2406 eligens,
2754 2333 3011 2389 utdivina
3042 2349 3226 2391 serves
3251 2333 3527 2397 mandata,

1953 2441 2008 2488 et
2037 2439 2239 2487 aeterna
2277 2429 2422 2485 bona
2468 2427 2844 2498 consequaris.
2879 2426 2947 2481 Et
2973 2440 3101 2483 vero
3127 2441 3252 2481 cum
3279 2426 3354 2481 sis
3374 2434 3429 2482 et
3459 2427 3530 2481 ob

1955 2520 2188 2576 formam
2223 2518 2423 2590 dignus
2451 2516 2681 2587 imperio
2710 2557 2726 2582 ,
2787 2523 2879 2581 et,
2935 2515 2984 2571 si
3021 2529 3196 2586 genus
3225 2522 3525 2584 spectetur.

1955 2611 2223 2684 sanguine
2263 2608 2561 2680 perillustri
2589 2627 2604 2664 :
2632 2606 2854 2662 divinus
2900 2615 3083 2662 tamen
3132 2620 3288 2662 amor
3325 2608 3530 2662 exstiné

1956 2716 2129 2775 guens
2159 2701 2273 2755 haec
2300 2699 2507 2763 omnia,
2524 2697 2749 2754 etnihili
2777 2712 2902 2753 esse
2926 2697 3152 2765 docens,
3171 2697 3311 2753 sicut
3337 2712 3527 2752 verum

1955 2804 2061 2858 est,
2096 2803 2150 2849 et
2192 2793 2390 2851 divinae
2416 2788 2845 2863 pulchritudinis
2892 2790 3235 2860 splendorem
3262 2790 3411 2845 omni
3444 2790 3531 2845 lu-

1960 2890 2106 2945 mine
2132 2888 2471 2959 superiorem
2499 2884 2688 2941 oculos
2712 2893 2819 2940 tua:
2839 2881 3040 2940 mentis
3076 2884 3290 2949 erexit;
3314 2895 3375 2940 ut
3402 2885 3530 2939 illuc

1957 2992 2193 3054 spectes,
2239 2980 2373 3034 illuc
2401 2977 2943 3049 contemplationem,
2993 2976 3121 3033 illuc
3157 2978 3531 3034 conversatim

1956 3089 2083 3129 nem
2115 3081 2265 3128 tuam
2298 3070 2598 3126 transferas
2620 3118 2635 3138 ,
2684 3069 2779 3125 ubi
2812 3069 3070 3141 gaudium
3107 3077 3191 3125 est
3237 3069 3528 3132 ineﬁabile,

1956 3163 2053 3219 ubi
2084 3163 2194 3218 vita
2224 3161 2576 3229 immortalis,
2605 3160 2696 3217 ubi
2726 3161 3037 3218 coruscatio
3058 3163 3228 3218 beatae
3253 3171 3309 3217 et
3342 3176 3533 3232 suprea

1956 3268 2060 3309 mae
2087 3251 2393 3308 Trinitatis.
2452 3249 2559 3307 Sed
2597 3251 2879 3321 contingat
2906 3251 3048 3317 tibi,
3086 3252 3170 3306 vir
3210 3250 3531 3308 admiranda

1954 3349 2226 3420 nobisque
2255 3345 2632 3411 desiderande,
2665 3345 2843 3416 majus
2885 3346 3175 3418 majusque
3192 3347 3414 3403 virtutis
3443 3348 3530 3402 in-

1955 3451 2315 3503 crementum,
2340 3447 2396 3494 et
2417 3440 2692 3495 bonorum
2717 3454 2943 3510 operum
2967 3440 3284 3510 cOugeries:
3321 3450 3382 3494 ut
3415 3453 3531 3494 ma-

1956 3535 2049 3606 gni
2085 3532 2412 3590 mercatoris
2442 3532 2619 3588 instar
2647 3532 2776 3587 hinc
2808 3532 2989 3588 solvas
3033 3533 3099 3603 ad
3151 3531 3529 3603 participatio-

1955 3640 2079 3680 nem
2096 3634 2449 3681 aeternorum.
2464 3624 2618 3692 Quod
2644 3624 2806 3695 igitur
2826 3624 2893 3679 ad
2919 3635 3073 3680 tuum
3091 3640 3289 3679 nomen
3311 3624 3528 3688 attinet,

1955 3716 2046 3771 hic
2076 3715 2202 3771 ﬁnis
2250 3725 2391 3771 esto.
2426 3714 2566 3782 Quia
2612 3730 2745 3770 vero
2769 3714 2837 3770 de
2858 3714 3178 3784 presbytero
3203 3714 3368 3769 etiam
3409 3730 3532 3768 rura

1955 3821 2051 3861 sus
2095 3805 2461 3876 interrogasti,
2493 3819 2709 3876 penam
2745 3806 2970 3860 minime
3000 3820 3315 3875 expressam
3355 3805 3531 3876 signia

1957 3896 2165 3963 llcaus;
2223 3896 2356 3951 illud
2388 3896 2541 3960 dico,
2573 3910 2839 3950 cauouem
2875 3910 2947 3952 ne
2981 3897 3281 3952 concedere
3306 3897 3526 3968 quidem

1955 3987 2277 4059 presbytero
2296 3987 2430 4042 utin
2447 3986 2647 4057 digauii
2684 3987 2890 4057 nuptiis
2928 3989 3278 4053 convivetur;
3321 3998 3529 4058 quanto

1956 4077 2140 4134 minus
2172 4086 2232 4132 ut
2262 4078 2410 4132 illum
2447 4086 2670 4134 coronet
2693 4080 2787 4149 qui
2814 4078 2939 4134 talis
2970 4078 3094 4134 est?
3128 4078 3344 4134 Corona
3377 4079 3526 4135 enim

282 4179 546 4247 στέφανος
574 4177 876 4232 ἐπιτίθεται
901 4179 994 4232 ἐπὶ
1027 4177 1109 4250 τῷ
1139 4179 1360 4234 νικῶντι
1412 4180 1513 4251 τὴν
1541 4182 1813 4256 ἀκρασίαν
1833 4226 1848 4250 ,

1956 4172 2005 4227 ei
2038 4172 2356 4243 imponitur,
2387 4171 2481 4242 qui
2513 4172 2641 4227 vicit
2677 4171 3170 4242 intemperantiam,
3205 4183 3260 4228 et
3302 4172 3528 4245 virgini-

283 4265 380 4321 καὶ
416 4269 481 4321 τὸ
524 4267 626 4336 τῆς
668 4267 968 4340 παρθενίας
1005 4269 1164 4334 κλέος
1203 4271 1634 4344 ἀποσωσαμένῳ.
1691 4276 1751 4328 '0
1789 4275 1846 4328 δὲ

280 4357 552 4429 διγαμῶν,
584 4359 721 4430 πρὸς
744 4359 825 4430 τῷ
857 4361 932 4433 μὴ
948 4360 1099 4428 ἄξιος
1124 4357 1263 4415 εἶναι
1284 4363 1720 4436 στεφανωθῆναι,
1752 4368 1847 4420 καὶ

281 4451 579 4520 ἐπιτιμίοις
627 4451 995 4523 ὑποϐέϐληται
1043 4453 1362 4519 κανονικῶς.
1411 4454 1537 4518 Πῶς
1599 4456 1694 4510 οῦν
1743 4459 1846 4510 οὐκ

282 4540 455 4594 ἔδεισε
497 4543 841 4612 στεφανῶσαι
869 4544 993 4606 τοὺς
1025 4544 1130 4597 ὑπὸ
1159 4544 1391 4609 κανόνας
1423 4547 1713 4616 κειμένους
1744 4550 1849 4619 τῆς

279 4632 577 4703 διγαμίας;
615 4633 753 4706 Παρ’
780 4634 937 4707 ἡμῶν
985 4635 1187 4703 τοίνυν,
1234 4636 1529 4705 σύγγνωθι,
1564 4639 1650 4692 ἵνα
1682 4640 1848 4711 μηδὲν

278 4719 353 4793 ἦν
393 4723 522 4778 ἄλλο
566 4726 818 4797 αἰτίαμα,
855 4727 955 4780 οὐκ
986 4727 1377 4799 ἐπιτέτραπται
1410 4728 1471 4783 τὸ
1515 4729 1741 4784 καθόλου
1771 4732 1847 4784 ίε-

283 4819 540 4893 ρουργεῖν
558 4833 573 4847 '
607 4817 708 4871 οὐκ
731 4813 829 4871 οἷδ’
860 4818 942 4872 ὅτι
969 4821 1021 4873 εί
1050 4819 1127 4891 μή
1168 4837 1223 4874 τι
1249 4820 1373 4874 κατ’
1393 4820 1719 4891 οἰκονομίαν,
1750 4837 1847 4891 με-

281 4910 555 4965 ταδιδόναι
596 4909 725 4979 ὑμῖν
768 4908 874 4963 τῶν
901 4910 1278 4983 ἀγιασμάτων,
1313 4910 1465 4981 παρά
1506 4911 1848 4982 σεσωσμένοι)

281 5000 658 5073 πρεσϐυτέρου
681 5002 1097 5072 τετελεσμένων.
1120 5003 1255 5075 Περὶ
1272 5003 1367 5057 τοῦ
1383 5003 1752 5072 ἀναγνώστου,
1768 5003 1849 5057 ὅτι

283 5093 625 5163 ἐπέστρεψεν
648 5093 1073 5163 ἐπιτιμιασθεὶς,
1099 5094 1307 5148 δίκαιόν
1348 5097 1498 5149 ἐστιν
1521 5095 1628 5158 ἕως
1653 5095 1850 5166 καιροῦ

285 5186 511 5241 συνόδου
545 5187 621 5256 μὴ
656 5184 1107 5251 ἁποστολίζεσθαι
1128 5188 1322 5242 αὐτόν’
1353 5189 1383 5242 ό
1420 5187 1518 5258 μὲν
1547 5186 1656 5260 γὰρ
1715 5203 1852 5257 πρε-

284 5274 548 5345 σϐύτερος
579 5275 825 5346 εἴργεται
870 5276 970 5346 τῆς
1004 5275 1347 5348 λειτουργίας
1375 5276 1795 5346 ἐπιτιμιασθεὶς,
1826 5277 1855 5330 ό

281 5364 345 5421 δὲ
393 5365 642 5430 διάκονος
691 5367 789 5437 τῆς
837 5365 1133 5433 διακονίας,
1172 5368 1266 5420 καὶ
1309 5369 1337 5420 ό
1369 5365 1725 5439 ἀναγνώστης
1755 5369 1857 5438 τῆς

1957 4263 2086 4320 tatis
2129 4264 2297 4319 decus
2344 4263 2707 4320 conservavit.
2763 4264 2870 4331 Qui
2921 4278 3052 4320 vero
3113 4265 3381 4320 secundas
3422 4282 3526 4320 nus-

1956 4357 2096 4428 ptias
2124 4357 2244 4422 init,
2275 4364 2635 4428 praeterquam
2661 4357 2805 4426 quod
2829 4356 3027 4426 dignus
3048 4373 3156 4413 non
3187 4367 3272 4414 est
3299 4358 3392 4427 qui
3432 4375 3528 4413 co-

1958 4456 2201 4511 ronetur,
2235 4463 2506 4503 canonum
2536 4447 2701 4503 etiam
2729 4449 2905 4517 poenis
2934 4456 3020 4505 est
3074 4450 3364 4505 obnoxius.
3403 4450 3525 4517 Quo

1954 4544 2122 4614 igitur
2144 4552 2302 4614 pacto
2332 4559 2596 4599 coronare
2616 4559 2785 4600 ausus
2807 4553 2892 4600 est
2916 4558 3043 4607 eos,
3076 4544 3169 4613 qui
3209 4558 3272 4599 ex
3299 4545 3525 4600 canoni-

1956 4636 2060 4693 bus
2143 4635 2212 4692 de
2275 4635 2511 4708 digamia
2566 4637 2832 4693 multandi
2892 4637 3063 4692 sunt?
3133 4636 3523 4704 Quamobrem,

1956 4727 2199 4797 ignosce,
2225 4735 2288 4783 ut
2306 4728 2513 4785 crimen
2538 4729 2684 4785 aliud
2742 4729 2952 4784 nullum
2994 4737 3160 4797 esset,
3212 4730 3527 4787 nullatenus

1958 4819 2270 4875 sacriﬁcare
2297 4821 2621 4892 permissum
2646 4831 2764 4889 est;
2805 4820 2948 4878 baud
2979 4823 3097 4878 scio
3127 4836 3195 4877 an
3215 4837 3313 4894 per
3341 4822 3526 4879 indul-

1957 4911 2195 4981 gentiam
2231 4911 2549 4981 dispensare
2589 4913 2736 4968 circa
2769 4922 3131 4981 sacramenta,
3162 4930 3285 4986 qua:
3328 4915 3399 4972 ab
3442 4917 3528 4973 in-

1957 5002 2125 5059 noxio
2145 5001 2464 5074 presbytero
2488 5001 2695 5059 fuerint
2712 5013 3052 5062 consecrata.
3080 5006 3154 5069 De
3181 5008 3404 5076 lectore,
3430 5010 3526 5080 qui

1957 5107 2117 5164 paena
2179 5104 2433 5164 suscepta
2485 5109 2741 5152 reversus
2788 5106 2905 5163 est,
2942 5114 3161 5169 aequum
3199 5110 3283 5158 est
3312 5111 3373 5158 ut
3401 5113 3528 5160 ante

1958 5183 2150 5255 synodi
2191 5195 2407 5256 tempus
2434 5184 2760 5257 Apostolum
2793 5204 2898 5244 non
2924 5190 3089 5261 legat.
3122 5189 3262 5249 Nam
3296 5202 3350 5250 et
3398 5208 3525 5265 pre-

1957 5275 2140 5347 sbyter
2168 5277 2448 5334 inhibetur
2471 5294 2503 5333 a
2534 5280 2828 5348 sacriﬁcio,
2862 5292 2917 5339 et
2939 5283 3209 5342 diaconus
3226 5302 3255 5341 a
3280 5287 3527 5341 ministe-

1959 5369 2066 5436 rio,
2095 5379 2150 5429 et
2173 5370 2343 5430 lector
2367 5386 2399 5427 a
2428 5371 2683 5430 lectione.
2725 5371 2834 5431 Nos
2864 5376 2938 5431 ita
2967 5377 3235 5433 sentimus
3261 5385 3315 5433 et
3344 5379 3526 5433 sauci-

1791 5585 2024 5647 NO'DE.

360 5764 475 5840 (85)
511 5767 567 5825 In
595 5767 719 5826 cod.
750 5762 882 5840 Reg.
922 5767 1055 5841 ριιδ.
