4102 6374
284 381 422 444 1ἷ>85
823 424 829 429 -
1483 376 1883 439 EPISTOLAIJ

1983 379 2020 439 l1
2080 379 2227 439 LIB.
2271 381 2352 440 ΙΙ.
3391 377 3535 442 1586

284 506 361 561 μη
392 487 541 542 οὕτω
576 489 828 559 πράξοις,
869 489 930 542 τὸ
983 488 1082 558 μὲν
1127 487 1314 559 δρᾶμα
1359 491 1550 544 στάσιν
1583 489 1684 560 οὐχ
1715 488 1855 556 ἕξει,

1983 491 2324 556 rillationem,
2361 490 2663 547 addiderim
2697 492 2888 558 etiam,
2946 491 2999 546 in
3030 492 3547 548 condemnationem

281 582 430 648 ἅπαξ
455 581 678 653 κινηθὲν
711 583 775 635 ἐκ
806 581 902 634 τοῦ
939 579 1276 650 καθήκοντος
1311 581 1390 643 εἰς
1418 582 1479 634 τὺ
1508 580 1659 651 παρά
1679 579 1861 648 φύσινο

1983 583 2041 638 ob
2079 583 2338 640 delictum
2365 585 2732 656 incurremus.

282 676 446 744 ἡμεῖς
484 673 540 726 δὲ
585 674 689 727 οὐκ
742 674 846 740 ἔξω
890 672 1207 744 κωμῳδίας,
1238 671 1539 744 προσθείην
1586 671 1632 724 δ’
1662 669 1730 724 ἂν
1770 671 1866 725 καὶ

283 767 664 838 κατακρίσεως
695 767 1135 835 ἀπενεγκοίμεθα
1165 766 1541 838 παράπτωμα.

459 877 597 949 Pu"
638 881 774 952 (87).
797 907 868 920 ο·-
909 873 1222 952 Εὖδοκίμφ
1261 881 1595 949 σπαθαρίφ.
1674 877 1861 954 [ψοβ’.]

2245 869 2474 928 CXCIII.
2509 902 2578 912 —
2623 871 2912 927 Eudocimo
2945 870 3234 942 Spathario
3269 872 3369 946 (³⁸).

1302 994 1379 1044 De
1404 991 1716 1057 prescientia
1750 991 1845 1042 Dei
1865 995 1921 1040 et
1950 983 2404 1053 pradestinatione.

365 1099 662 1169 Ὠψὶσαμεν
691 1097 1100 1155 ἀντεπιστεῖλαι
1131 1102 1198 1172 τῇ
1233 1101 1514 1172 τιμιότητί
1548 1115 1644 1154 σου
1665 1117 1682 1132 ο
1712 1099 1858 1154 ὣστε

2039 1092 2293 1148 Cunctati
2327 1106 2496 1162 supra
2527 1090 2752 1146 modum
2771 1106 2965 1147 sumus
2984 1091 3420 1148 honoriﬁcentia
3442 1103 3549 1149 tuae

289 1190 491 1264 μικροῦ
533 1190 644 1245 δεῖν
683 1191 780 1244 καὶ
831 1191 1236 1262 ὲκκεκροῠσθαι
1280 1194 1432 1264 ἡμᾶς
1463 1192 1566 1263 τῆς
1619 1191 1729 1246 τῶν
1767 1189 1867 1245 ἐπά-

1983 1184 2174 1240 litteris
2203 1184 2570 1256 respondere;
2603 1183 2739 1238 adeo
2796 1191 2856 1238 ut
2896 1199 3036 1252 pene
3070 1184 3231 1240 nobis
3285 1185 3551 1241 exciderit

287 1285 636 1355 εσταλμένων
661 1284 968 1356 δυνάμεως.
1011 1283 1173 1339 Ἀλλά
1200 1285 1262 1339 τὸ
1306 1285 1500 1351 αἴτιον,
1527 1285 1589 1338 τὸ
1623 1285 1700 1355 μὴ
1723 1299 1867 1356 παρ-

1983 1277 2105 1349 quid
2129 1277 2476 1348 potissimum
2503 1277 2865 1330 continerent.
2900 1275 3008 1331 Sed
3035 1288 3202 1333 causa
3243 1276 3369 1344 fuit,
3400 1278 3547 1348 quod

287 1374 426 1426 εῖναι
468 1375 665 1426 πιστὸν
728 1376 1257 1447 γραμματτηφόρον.
1307 1375 1424 1430 Νῦν
1463 1375 1520 1428 δὲ
1558 1373 1751 1446 ἐπειδὴ
1805 1374 1867 1440 ἐξ

1983 1371 2140 1426 lidum
2203 1369 2547 1425 tabellarium
2611 1383 2720 1422 non
2785 1367 3133 1423 haberemus.
3186 1368 3344 1426 Nunc
3394 1385 3546 1434 vero,

288 1465 592 1533 ἀναγκαίου
636 1466 1041 1538 ἀπεστείλαμεν
1091 1467 1184 1522 τὸν
1235 1469 1518 1539 οἰκονόμον
1575 1468 1678 1538 τῆς
1741 1467 1866 1523 καθ’

1983 1463 2194 1533 quando
2227 1462 2447 1532 quidem
2482 1475 2710 1517 necesse
2745 1458 2847 1515 fuit
2888 1461 3030 1515 istuc
3067 1462 3283 1517 mittere
3328 1478 3551 1518 meone-

287 1558 438 1627 ἡμᾶς
481 1558 651 1627 μονῆς
669 1558 726 1610 ἐν
749 1560 864 1618 τοῖς
897 1559 1086 1612 αὐτόθι
1105 1575 1121 1591 ο
1146 1557 1373 1624 εἰκότως
1403 1561 1464 1614 τὸ
1487 1559 1704 1624 ἐλλιπὲς
1728 1561 1866 1614 ἀπο-

1983 1571 2122 1611 mnm
2148 1553 2469 1610 monasterii
2516 1553 2710 1617 nostri,
2747 1554 2892 1622 quod
2917 1554 3185 1609 omissum
3223 1553 3325 1609 fuit
3358 1557 3550 1625 exple-

290 1647 649 1720 πληροῦμεν·
690 1651 868 1704 έκεῖνο
925 1651 1144 1722 πρῶτον
1183 1651 1456 1718 λέγοντες,
1501 1653 1584 1706 ὅτι
1625 1653 1726 1723 οὐχ
1767 1645 1870 1706 οἶοί

1983 1664 2104 1706 mus
2148 1657 2206 1703 ut
2245 1663 2346 1718 par
2375 1657 2497 1714 est,
2555 1654 2720 1718 atque
2755 1647 2884 1702 illud
2920 1648 3098 1717 primo
3141 1647 3261 1702 loco
3290 1648 3550 1716 dicimus,

291 1719 462 1810 ἐσμεν
503 1741 886 1812 φαρμακεύειν
913 1719 1092 1814 ψυχὴν
1119 1742 1492 1815 λυπουμένην,
1532 1745 1627 1798 καὶ
1655 1719 1872 1808 πολλοῖς

1983 1755 2082 1794 non
2114 1751 2278 1808 posse
2316 1753 2420 1793 nos
2461 1737 2658 1792 animae
2693 1739 2969 1804 maerenti,
3000 1749 3054 1792 et
3083 1739 3270 1794 multis
3291 1741 3552 1795 aerumnis

291 1831 711 1902 τετρυχωμένην
767 1833 1020 1888 πάθεσιν.
1051 1834 1243 1903 Ὅμως
1307 1833 1600 1906 πειρατέον
1651 1836 1717 1888 ὲκ
1763 1832 1872 1887 τῶν

1983 1831 2172 1887 attritzc
2211 1830 2514 1886 remedium
2549 1829 2745 1886 afferre
2776 1848 2790 1884 :
2827 1829 3222 1884 connitendum
3276 1841 3456 1884 tamen
3493 1839 3556 1884 ut

235 1937 240 1942 ‘
293 1923 670 1978 θεοπνεύστων
705 1925 922 1994 Λογίων
945 1927 1048 1998 τὴν
1082 1927 1384 1999 θεραπείαν
1415 1926 1771 1998 ἐξευρίσκειν.
1805 1927 1873 1980 Τί

291 2012 387 2066 οὖν
455 2029 620 2083 φησιν
655 2011 919 2068 ότούτων
982 2015 1242 2087 μέγιστος
1303 2016 1544 2088 ταμίας;
1602 2017 1873 2071 Πάντοτε

292 2105 550 2175 χαίρετε,
601 2105 1000 2176 ἀδιαλείπτως
1056 2111 1494 2180 προσεύχεσθε,
1575 2110 1645 2164 ἐν
1693 2109 1875 2166 παντί

293 2199 724 2268 εὐχαριστεῖτε.
756 2201 820 2255 Εἰ
853 2197 946 2256 οὖν
977 2203 1035 2256 ἐν
1060 2204 1228 2257 παντὶ
1259 2203 1458 2274 καιρῷ,
1490 2203 1588 2257 καὶ
1619 2205 1677 2256 ὲν
1705 2205 1873 2258 παντὶ

296 2291 608 2362 πράγματι,
655 2295 751 2348 καὶ
798 2294 1167 2360 ἀδιαλείπτως
1211 2297 1274 2350 τὸ
1299 2296 1534 2366 χαίρειν,
1568 2297 1664 2350 καὶ
1715 2297 1876 2367 εὐχα-

300 2386 522 2452 ριστεῖν,
568 2384 664 2437 καί
719 2385 1122 2458 προσεύχεσθαι
1172 2389 1305 2458 ἡμῖν
1356 2387 1744 2442 διατέτακται·
1774 2388 1876 2441 οὐκ

298 2473 367 2528 ἂν
413 2474 755 2544 ἐξοιχήσεται
799 2478 1014 2548 χρόνος,
1050 2479 1171 2533 οὐδὲ
1213 2483 1242 2534 6
1283 2481 1597 2550 ἀκαριαῖος,
1649 2480 1724 2550 μὴ
1757 2479 1878 2550 οὐχὶ

301 2568 751 2638 περιοριζόμενος
797 2570 856 2624 ὲν
907 2569 986 2642 τῷ
1023 2572 1238 2642 χαίρειν
1277 2573 1370 2626 καὶ
1403 2573 1747 2643 εὐχαριστεῖν
1784 2572 1878 2626 τὸν

297 2657 547 2727 ἀληθινὸν
595 2659 945 2729 Χριστιανόν.
996 2661 1204 2716 Οὔκουν
1251 2663 1437 2716 λοιπὸν
1502 2661 1762 2716 θλιπτικά
1809 2665 1878 2717 τὰ

299 2750 564 2820 παρόντα,
593 2751 698 2804 κᾶν
721 2746 809 2806 οἷά
847 2755 967 2806 ποτ’
995 2753 1062 2808 ἂν
1089 2750 1199 2807 εἶεν
1225 2755 1323 2824 τῆς
1361 2756 1706 2827 δυσπραγίας
1729 2754 1880 2826 έχον-

301 2849 369 2895 τα
403 2841 462 2894 τὸ
505 2842 850 2912 ὑπέρογκον;
888 2845 999 2898 Καὶ
1046 2844 1220 2899 ταῦτα
1260 2847 1358 2917 οὐχ
1404 2847 1480 2910 ὼς
1508 2845 1780 2920 ἀγνοούσῃ
1811 2849 1876 2920 τῇ

193 2941 196 2948 ’
301 2933 480 3004 ἀγαθῇ
515 2949 609 2986 σου
641 2934 812 3006 ψυχῇ,
849 2935 986 2989 ἀλλά
1020 2936 1450 3008 ύπομνηστικῶς
1495 2937 1716 3010 εἴρηταί
1744 2954 1876 3009 μοι’

1973 1939 2036 1980 ex
2070 1924 2275 1980 divinis
2316 1922 2549 1992 eloquiis
2581 1922 2929 1977 curationem
2962 1921 3374 1977 nanciscamur.
3409 1921 3553 1988 Quid

1971 2030 2104 2086 ergo
2155 2015 2234 2069 ait
2289 2015 2565 2067 maximus
2630 2013 2852 2067 illorum
2915 2011 3556 2082 dispensator?Semper

1973 2107 2218 2178 gaudete,
2238 2106 2352 2160 sine
2379 2105 2770 2159 intermissione
2799 2114 2968 2170 orate,
2998 2106 3052 2158 in
3079 2104 3324 2158 omnibus
3347 2105 3554 2175 gratias
3617 2145 3622 2149 ι

1975 2202 2116 2271 agite
2137 2199 2203 2254 “.
2238 2198 2293 2253 Si
2319 2211 2450 2270 ergo
2483 2206 2534 2252 et
2559 2197 2712 2252 omni
2750 2206 3018 2267 tempore,
3042 2205 3098 2252 et
3126 2199 3180 2252 in
3211 2198 3360 2252 omni
3393 2214 3471 2264 re,
3501 2205 3558 2253 et

1975 2293 2096 2349 sine
2121 2291 2526 2347 intermissione
2549 2289 2806 2360 gaudere,
2825 2297 2878 2343 et
2903 2289 3106 2360 gratias
3125 2303 3304 2360 agere,
3323 2297 3376 2344 et
3397 2304 3558 2344 orare

1975 2385 2136 2440 nobis
2158 2392 2486 2456 praeceptum
2507 2392 2624 2452 est;
2646 2383 2856 2437 nullum
2912 2381 3100 2452 utique
3125 2391 3336 2450 tempus
3352 2380 3557 2446 eﬂluet,
3637 2439 3640 2442 ,

1977 2491 2046 2530 ne
2096 2483 2546 2529 momentaneum
2580 2473 2830 2544 quidem,
2875 2473 3020 2542 quod
3051 2486 3182 2527 vero
3219 2471 3557 2539 Christiano,

1978 2577 2039 2622 ut
2078 2568 2310 2638 gaudeat
2340 2574 2395 2622 et
2426 2567 2631 2636 gratias
2654 2574 2800 2636 agat,
2825 2565 3110 2620 deﬁnitum
3146 2579 3256 2618 non
3287 2564 3377 2621 sit.
3416 2563 3560 2619 Itur-

1979 2677 2124 2727 snm,
2180 2674 2364 2714 nonne
2405 2657 2752 2713 amictionem
2787 2673 2980 2724 parere
3017 2657 3196 2712 solent
3247 2655 3559 2726 praesentia,

1977 2753 2244 2823 gravique
2277 2767 2459 2806 rerum
2509 2751 2862 2804 adversarum
2918 2749 3069 2803 oneri
3113 2759 3242 2804 sunt
3283 2748 3562 2805 obnoxia?

1978 2842 2156 2910 Atque
2190 2841 2306 2896 haec
2334 2853 2421 2894 me
2450 2841 2609 2902 bonae
2635 2840 2830 2894 animae
2858 2848 2985 2905 tute,
3035 2853 3146 2893 non
3171 2847 3229 2894 ut
3258 2838 3554 2909 ignoranti,

1981 2933 2075 2986 sed
2115 2929 2418 2985 excitanda:
2476 2931 2754 2982 memoriae
2797 2944 2963 2984 causa
3015 2929 3162 2984 dicta
3201 2938 3371 2999 sunt;
3429 2932 3559 3001 quia

302 3025 518 3112 ἐπειδὴ,
551 3025 836 3096 κάμνουσα
898 3027 1046 3100 ψυχὴ
1106 3027 1219 3082 ἔσθ’
1272 3031 1362 3084 ὅτε
1414 3031 1597 3084 ἀτονεῖ
1631 3030 1769 3101 πρὸς
1816 3028 1878 3083 τὸ

1983 3038 2124 3092 aeger
2147 3022 2366 3076 animus
2397 3021 2702 3092 languescit
2729 3021 3026 3087 interdum,
3058 3022 3357 3092 quominus
3384 3023 3559 3092 possit

301 3118 606 3188 ἀνηγμένον
654 3119 753 3189 τῆς
784 3119 1040 3191 θεωρίας.
1069 3121 1333 3194 Δεύτερος
1363 3121 1524 3191 λόγος
1557 3138 1679 3194 μοι·
1715 3122 1798 3175 ὅτι
1827 3123 1877 3174 εἰ

301 3207 398 3263 καὶ
429 3209 642 3263 πολλῶν
690 3209 799 3262 τῶν
843 3211 1075 3264 ὲνόντων
1109 3210 1520 3282 ἀπεγύμνωσάν
1553 3227 1612 3263 σε
1639 3210 1691 3263 οἱ
1722 3207 1878 3274 ἐξου-

304 3301 580 3365 σιάζοντες
599 3317 612 3330 ·
638 3302 750 3354 ἀλλ’
775 3302 1026 3374 οὐδαμῶς
1050 3303 1425 3374 ἀποστερῆσαί
1460 3318 1519 3359 σε.
1552 3302 1648 3356 τοῦ
1681 3319 1878 3373 τιμιω-

301 3395 463 3463 τέρου
503 3393 784 3463 κτήματος
835 3394 1196 3466 ἠδυνήθησαν.
1226 3397 1338 3466 Οὐχ
1371 3397 1503 3467 δρᾷς
1529 3396 1623 3450 καὶ
1659 3395 1881 3466 εὐχαρι-

307 3486 472 3547 στεῖς,
497 3483 616 3537 οἵαν
655 3501 744 3537 σοι
787 3486 988 3554 γνῶσιν
1019 3487 1047 3540 6
1087 3487 1220 3550 Θεὸς
1249 3487 1614 3559 ἐθησαύρισες
1642 3487 1880 3559 πηλίκην

305 3574 596 3645 γλῶσσαν;
631 3577 689 3642 ἐξ
721 3570 789 3648 ἧς
822 3577 898 3641 ὼς
941 3575 1001 3642 ἐξ
1045 3577 1257 3632 ἀδύτων
1294 3579 1586 3650 θησαυρῶν
1613 3581 1714 3650 τῆς
1745 3595 1881 3650 καρο

304 3669 425 3732 δίας
448 3669 712 3741 προφέρει
743 3669 815 3722 τὰ
851 3669 1204 3740 ἀγορεύματα
1230 3670 1325 3724 καὶ
1355 3672 1692 3742 διανοήματα
1722 3671 1881 3742 προὶξ
1921 3734 1926 3740 _

305 3760 389 3812 ὅτι
451 3759 707 3830 μάλιστα.
780 3759 950 3814 Τοῦτο
1013 3762 1457 3832 προφερέστατον
1513 3761 1608 3817 καὶ
1663 3760 1882 3814 πάντων

307 3849 610 3921 χρημάτων
667 3851 1268 3923 χρηματιστικώτερον,
1332 3852 1428 3906 καὶ
1479 3852 1660 3924 πάσης
1698 3851 1884 3915 οὐσίας

307 3941 782 4014 ύπερουσιώτερον
802 3961 815 3974 ο
845 3942 876 3996 ὃ
909 3944 965 3997 ετ
1003 3961 1087 4008 τις
1132 3945 1420 4016 κέκτηται,
1454 3943 1564 3998 τῶν
1597 3946 1738 4013 ἄγαν
1785 3961 1886 3997 πο·-

305 4032 572 4087 λσουσίων
606 4032 964 4106 αἱρετώτερος
998 4037 1112 4090 ἐστι
1152 4035 1230 4107 τῷ
1271 4037 1397 4092 νοῦν
1423 4037 1624 4108 ἔχοντι,
1657 4037 1760 4091 κᾶν
1789 4039 1884 4110 ῥα-

309 4127 448 4190 κίοις
478 4129 638 4198 μόνον
665 4128 1069 4199 ἀμπεχόμενος.
1103 4129 1216 4183 Καὶ
1244 4129 1402 4184 τοῦτο
1428 4130 1631 4201 δέδειχε
1663 4129 1884 4200 σύμπας

313 4219 416 4287 μὲν
458 4221 486 4272 6
527 4218 636 4272 τῶν
683 4220 909 4274 δικαίων
946 4223 1140 4293 χορός·
1185 4223 1245 4276 ὲν
1276 4221 1334 4276 δὲ
1381 4225 1497 4286 τοῖς
1544 4223 1885 4294 ἐξωτερικοῖς

313 4307 628 4380 προσώποις
683 4310 714 4362 6
769 4311 1063 4376 Ὀδυσσεὺς
1113 4313 1348 4380 ἐκεῖνος,
1379 4316 1442 4371 ὲκ
1487 4317 1748 4386 ναυαγίου
1790 4333 1886 4388 γυ-

315 4401 443 4470 μνὸς
465 4400 651 4471 ὀφθεὶς
677 4404 743 4474 τῇ
784 4401 1036 4472 βασιλίδι.

395 4493 535 4545 Ἀλλ’
565 4495 658 4546 ἐπὶ
687 4494 749 4547 τὸ
791 4493 1056 4566 ἐρώτημά
1091 4512 1188 4548 σου
1239 4497 1505 4567 τρεπτέον
1561 4500 1654 4552 τὸν
1704 4500 1881 4567 λόγον.

313 4586 507 4640 Καίτοι
543 4587 700 4650 εἰδὼς
753 4589 844 4658 ἀφ’
873 4587 1068 4642 ἑαυτοῦ
1112 4590 1174 4643 τὸ
1225 4584 1284 4644 εὖ
1309 4590 1452 4662 ἔχον,
1509 4592 1916 4662 φιλοπευστείςο

312 4679 452 4750 πρὸς
485 4678 644 4749 ἡμῶν
694 4680 804 4732 τῶν
831 4681 1059 4751 ἀμαθῶν
1090 4682 1492 4737 ὲκδιδάσκεθαι.
1523 4683 1633 4755 Φὴς
1665 4685 1774 4756 γὰρ
1805 4686 1887 4739 ὅτι

313 4770 393 4838 πῆ
423 4770 521 4838 μὲν
562 4769 819 4842 λογισμὸς
844 4773 1215 4843 προτρέπεται
1249 4791 1308 4826 σε
1329 4776 1408 4838 εἰς
1440 4778 1775 4848 προσευχήν·
1811 4779 1886 4848 πῆ

312 4860 371 4913 δὲ
403 4862 725 4928 ἀνακόπτει,
751 4862 826 4928 ὡς
876 4863 971 4916 τοῦ
1007 4863 1142 4917 Θεοῦ
1190 4866 1389 4927 εἰδότος
1417 4868 1554 4939 ὅπερ
1584 4867 1887 4940 βουλόμεθα

315 4953 544 5022 αἰτῆσαι
571 4953 718 5025 [cod.
743 4956 875 5026 lieg.
903 4957 1218 5030 αἰτεῖσθαιὶο
1239 4959 1314 5022 ὡς
1339 4959 1590 5019 ἐντεῦθεν
1620 4962 1888 5034 παρέλκον

317 5043 386 5098 ἂν
433 5045 494 5098 τὸ
527 5047 945 5118 προσεύχεσθαι.
979 5049 1122 5120 Πρὸς
1156 5050 1389 5116 τούτοις,
1422 5052 1544 5104 ἐπεὶ
1567 5053 1890 5124 ἁμαρτωλὸς

319 5132 425 5200 εἰς,
463 5138 616 5192 οὐδὲν
649 5140 762 5192 όνεί
789 5140 932 5211 lead.
958 5139 1090 5212 Reg.
1126 5142 1356 5216 ὀνίνησι]
1384 5145 1446 5197 τὸ
1471 5143 1889 5215 προσεύχεσθαι.

318 5231 430 5284 Καὶ
477 5231 662 5296 ἁπλῶς
709 5234 762 5287 εἰ
787 5251 847 5288 τι
879 5234 1010 5287 ἄλλο
1061 5235 1248 5306 ἐδήλου
1277 5236 1337 5289 τὸ
1371 5237 1606 5308 γράμμα
1635 5253 1648 5266 ·
1675 5238 1736 5290 οὐ
1785 5238 1894 5308 γὰρ

319 5324 506 5395 παρῆν
541 5342 633 5396 μοι
681 5327 775 5379 ἐπὶ
810 5330 1000 5399 χεῖρας
1023 5327 1186 5399 ἔχειν.
1212 5328 1277 5381 Τί
1306 5325 1398 5383 οὖν
1441 5329 1588 5384 ἐστιν
1635 5333 1810 5384 εἰπεῖν
1838 5333 1896 5384 ἐν

317 5417 568 5484 τούτοιςς
602 5418 728 5472 Ὅτι
753 5419 925 5490 τύχης
955 5421 1051 5475 καὶ
1077 5422 1417 5494 εἱμαρμένης
1442 5423 1678 5495 ἔμφασιν
1706 5424 1820 5496 ἔχει
1861 5427 1894 5495 η

392 5590 439 5624 ⁸⁸
470 5589 488 5644 l
541 5591 736 5650 Thess.
765 5610 818 5660 ν,
849 5595 939 5648 27.

1979 3117 2044 3170 ad
2061 3114 2573 3185 contemplationem
2595 3113 3101 3184 assurgere.Altera
3130 3113 3262 3167 mihi
3284 3123 3370 3169 est
3393 3115 3555 3180 ratio,

1979 3207 2123 3279 quod
2156 3208 2260 3264 etsi
2292 3191 2482 3262 multis
2516 3216 2570 3260 te
2613 3206 2808 3276 opibus
2859 3206 3161 3276 spoliarunt
3223 3207 3318 3277 qui
3372 3223 3556 3262 rerum

1980 3298 2306 3369 potiuntur,
2367 3307 2423 3352 at
2468 3297 2622 3351 nullo
2668 3297 2831 3350 modo
2866 3297 3081 3367 privare
3135 3305 3186 3352 te
3247 3298 3556 3367 pretiosiori

1979 3390 2332 3462 possessione
2357 3399 2668 3460 potuerunt.
2697 3387 2920 3455 Qualem
2956 3390 3050 3444 tibi
3075 3391 3319 3444 scientiae
3345 3392 3555 3460 mpian:

1980 3483 2198 3538 donarit
2221 3483 2386 3549 Deus,
2414 3497 2598 3536 annon
2631 3483 2802 3548 vides,
2832 3491 2886 3536 et
2917 3481 3120 3552 gratias
3155 3481 3317 3550 agis?
3343 3483 3556 3552 qualem

1982 3573 2266 3645 linguam?
2299 3591 2366 3630 ex
2391 3590 2501 3645 qua
2529 3583 2787 3644 tanquam
2818 3589 2881 3628 ex
2908 3573 3106 3628 abditis
3125 3574 3307 3628 cordis
3343 3573 3562 3629 thesau-

1982 3667 2061 3721 ris
2093 3667 2238 3720 dicta
2264 3675 2318 3720 et
2337 3667 2574 3737 cogitata
2609 3665 2824 3737 profers
2846 3681 3010 3736 quam
3043 3669 3280 3720 maxime
3298 3667 3561 3738 gratuita.

1990 3753 2106 3811 Hoc
2153 3757 2314 3824 longe
2349 3757 2903 3827 praestantissimum,
2949 3767 3007 3812 et
3048 3759 3310 3818 omnibus
3369 3765 3566 3834 opibus

1985 3849 2330 3918 opulentius,
2395 3857 2450 3902 et
2502 3864 2686 3904 rerum
2741 3850 2986 3904 omnium
3033 3853 3191 3921 copia
3245 3856 3564 3924 copiosius:

1985 3940 2132 4011 quod
2193 3943 2284 4011 qui
2360 3941 2634 4012 possideat
2685 3941 3139 4012 locupletissimis
3199 3946 3567 4017 praeferendus

1985 4042 2108 4098 est,
2160 4033 2369 4102 judicio
2419 4033 2769 4103 sapientum,
2831 4035 3046 4089 etiamsi
3117 4039 3424 4107 panniculis
3478 4039 3566 4092 in-

1985 4125 2204 4180 duatur.
2269 4125 2334 4180 Et
2384 4126 2492 4182 hoc
2557 4129 2777 4198 quidem
2837 4128 3240 4184 demonstravit
3293 4131 3567 4201 justorum

1987 4217 2190 4273 chorus
2251 4218 2742 4273 univcrsus:intcr
2790 4231 3088 4276 extraneos
3123 4231 3306 4276 autem
3353 4221 3569 4294 Ulysses

1988 4309 2107 4376 ille,
2147 4310 2242 4381 qui
2306 4321 2428 4380 post
2483 4311 2826 4382 naufragium
2867 4314 3134 4383 spoliatus
3159 4330 3188 4368 a
3232 4313 3417 4385 regina
3441 4330 3572 4370 con-

1917 4409 1962 4466 1)
1993 4413 2212 4474 spectns
2245 4415 2352 4460 est.

2064 4498 2262 4552 Verum
2293 4498 2360 4552 ad
2412 4498 2943 4571 interrogationnem
2986 4510 3136 4554 tuam
3201 4499 3571 4555 convertenda

1987 4598 2072 4645 est
2093 4590 2298 4645 oratio.
2351 4589 2504 4646 Licet
2526 4607 2621 4662 per
2661 4593 2898 4648 tenoris
2926 4593 3041 4662 ipse
3065 4591 3196 4661 quid
3230 4601 3438 4670 rectum
3477 4592 3569 4654 sit,

1989 4684 2190 4754 (pueris
2228 4699 2257 4738 a
2291 4683 2450 4738 nobis
2483 4683 2774 4741 ineruditis
2829 4683 3067 4740 edoceri.
3121 4684 3198 4738 Ex
3263 4699 3370 4736 una
3417 4693 3572 4752 parte

1990 4779 2155 4843 ratio,
2189 4791 2246 4832 ut
2272 4779 2375 4844 ais,
2412 4787 2463 4832 te
2489 4791 2755 4848 provocat
2807 4780 2873 4834 ad
2921 4779 3262 4843 orationem;
3303 4792 3369 4832 ex
3400 4778 3569 4832 altera

1992 4872 2222 4938 inhibet,
2255 4881 2514 4942 tanquam
2549 4873 2761 4928 sciente
2805 4875 2916 4926 Deo
2934 4872 3063 4942 quid
3089 4881 3268 4942 petere
3299 4871 3528 4925 velimus
3557 4888 3568 4923 :

1996 4974 2054 5019 ut
2091 4965 2315 5032 proinde
2359 4979 2828 5034 supervacaneum
2858 4965 2926 5018 sit
2955 4947 3150 5018 orare.
3181 4963 3260 5016 Ad
3286 4961 3400 5017 haec
3444 4961 3574 5032 quia

1997 5067 2250 5128 peccator
2280 5073 2360 5122 es,
2390 5057 2523 5111 nihil
2559 5058 2716 5126 juvat
2742 5073 2933 5123 orare;
2984 5071 3048 5110 ac
3084 5056 3304 5110 demum
3353 5055 3398 5109 si
3443 5053 3572 5124 quid

1999 5150 2146 5203 aliud
2184 5150 2376 5203 littera:
2407 5150 2832 5220 signiﬁcabant;
2874 5164 3051 5219 neque
3086 5150 3234 5204 enim
3273 5149 3342 5204 ad
3380 5162 3574 5202 manus

1995 5252 2169 5296 erant.
2215 5241 2358 5306 Quid
2391 5243 2445 5295 in
2480 5243 2568 5298 his
2598 5259 2730 5314 ergo
2767 5242 3057 5298 dicendum
3101 5242 3225 5298 est?
3249 5241 3406 5309 Quod
3463 5239 3575 5294 Ior-

1997 5341 2142 5386 tuna:
2185 5344 2240 5386 et
2267 5333 2360 5386 fati
2391 5333 2848 5402 signiﬁcationem
2903 5334 3102 5388 habeat
3144 5334 3259 5388 haec
3296 5331 3572 5401 cogitatio,

1998 5435 2183 5492 atque,
2215 5433 2276 5479 ut
2313 5432 2492 5480 totum
2523 5427 2758 5493 dicatur,
2789 5427 2941 5482 liberi
2979 5425 3189 5481 arbitrii
3217 5423 3574 5480 eversionem.

1822 5686 2052 5744 NO'I‘.E.

401 5815 514 5889 (87)
540 5815 604 5874 In
633 5819 752 5875 cod.
786 5818 918 5889 Reg.
960 5825 1103 5892 ρξε’.

2069 5825 2142 5894 ς’)
2175 5823 2514 5897 chmatica.
