4102 6374
538 423 665 488 1587
1873 413 2262 476 THEODORI
2305 412 2447 472 STU
2457 411 2654 471 ΒΙΤιΕ

2305 412 2447 472 STU
2457 411 2654 471 DITzﬁ
3687 403 3828 466 1588

532 540 743 598 Idcirco
814 537 942 594 huic
993 534 1239 608 Opinioni
1289 535 1567 589 adhaerere
1621 547 1720 588 nos
1757 540 1992 602 oportet.
2042 530 2136 599 qui
2169 533 2210 588 Α
2240 525 2469 588 δίανοια,
2497 523 2612 588 καὶ,
2641 521 2703 575 τὸ
2723 520 2844 576 ὅλον
2872 521 2978 574 είπε

2261 525 2469 588 ῐίανοια,
2497 523 2612 588 καὶ,
2641 521 2703 575 τὸ
2723 520 2844 576 ὅλον
2872 521 3068 585 εἰπεῖν,
3101 517 3198 574 τού
3231 517 3582 584 αύτεξουσίου
3605 519 3830 591 ἀναίρε-

534 634 836 708 prudentes
890 646 1107 690 sumus.
1165 638 1220 684 et
1268 627 1360 682 Dei
1404 625 1718 698 cognitione
1777 623 2134 694 locupletati;
2241 635 2344 672 σιν.
2373 613 2653 685 Οὐμενοῢν
2686 611 2861 686 ταύτῃ
2886 615 2952 684 τῇ

2261 635 2344 672 τιν.
2373 613 2653 685 Ούμενοῢν
2686 611 2861 686 ταύτῃ
2886 615 2952 684 τῇ
2981 611 3108 684 δόξῃ
3138 610 3513 684 ἐπερείδεσθαι
3541 613 3695 682 ἡμᾶς
3724 613 3830 686 χρὴ

537 703 662 796 sed,
689 726 835 798 quod
867 724 1163 780 secundam
1189 720 1615 791 propositionem
1665 720 1880 778 attinet,
1911 731 2139 787 pcrsua-
2240 710 2384 784 [cod.
2415 709 2550 778 Reg.
2575 706 2733 780 δεῖν],
2767 707 2978 798 ἐχέφρο·

2264 713 2384 766 cod.
2415 709 2550 778 Reg.
2575 706 2733 780 δεῖν],
2767 707 3070 778 ὲχέφρονας
3098 705 3259 769 ὄντας
3293 720 3308 737 °
3360 707 3455 760 καὶ
3486 703 3649 772 δόξαν
3676 704 3828 778 [cod.

535 795 658 878 sum
694 795 916 881 babere.
965 818 1128 872 etiam
1175 823 1511 886 peccatores,
1553 812 1762 883 Optima
1817 811 2136 881 pmuitentia
2239 804 2373 874 Reg.
2407 799 2636 873 γνῶσιν]
2661 798 2797 853 Θεοῦ
2827 795 2978 852 πεπλι

2261 805 2373 874 ἰυε.
2407 799 2636 873 γνῶσιν]
2661 798 2797 853 Θεοῦ
2827 795 3329 868 πεπλουτισμένους
3360 814 3376 829 ο
3404 797 3545 852 ἀλλά
3575 800 3708 865 περὶ
3734 799 3833 869 μὲν

539 923 778 976 utentes,
807 911 984 968 audiri
1017 927 1047 965 a
1077 910 1204 963 Deo.
1239 905 1363 974 Quo
1392 906 1540 960 enim
1585 917 1768 972 pacto,
1802 920 1927 958 cum
1972 917 2137 972 super
2238 895 2334 949 τοῦ
2363 893 2617 966 δευτέρου
2645 891 2978 963 προϐλήματι

2261 895 2334 949 τοῦ
2363 893 2617 966 δευτέρου
2645 891 3052 963 προϐλήματος,
3081 890 3399 957 πεπεῖσθαι,
3419 891 3503 944 ’ὁτι
3526 890 3624 943 καὶ
3653 891 3836 961 ἀμαρ-

538 1004 930 1078 ptnnitentibus
953 1001 1204 1072 gaudeat,
1231 1000 1384 1068 juxta
1404 996 1586 1052 divina
1614 1001 1836 1052 oracula
1856 998 1923 1060 ³⁷,
1947 997 2136 1049 borum
2240 987 2428 1045 τωλῶν
2457 986 2646 1042 ἀκούει
2675 988 2703 1040 ὁ
2731 985 2866 1049 Θεὸς
2903 1002 2978 1056 μει

2261 987 2428 1045 πωλῶν
2457 986 2646 1042 ἀκούει
2675 988 2703 1040 ὁ
2731 985 2866 1049 Θεὸς
2903 983 3165 1056 μετανοίᾳ
3189 983 3550 1054 κεχρημένων
3591 985 3795 1053 ἀρίστῃ
3816 999 3832 1014 ο

541 1073 732 1170 preces
787 1112 894 1151 non
931 1092 1316 1150 exaudiat‘Hn
1351 1091 1677 1161 praecedenti
1731 1088 2143 1160 proprositione
2242 1081 2361 1145 πῶς
2412 1080 2523 1151 γὰρ
2576 1073 2763 1149 ὲφ“οἷς
2807 1079 2978 1150 χαίρει

2261 1081 2361 1145 τῶς
2412 1080 2523 1151 γὰρ
2576 1073 2763 1149 ὲφ“οἷς
2807 1079 2991 1150 χαίρει
3021 1077 3364 1150 μετανοοῦσι,
3394 1076 3541 1130 κατά
3593 1077 3663 1129 τά
3715 1077 3838 1146 ἱερά

539 1168 622 1249 sic.
682 1189 1121 1262 respondendum
1156 1207 1169 1242 :
1204 1186 1396 1241 Divina
1448 1185 1788 1257 praescientia
1841 1198 1950 1237 non
2007 1182 2146 1236 tollit
2247 1173 2442 1242 Λόγια,
2474 1172 2550 1244 μὴ
2577 1171 2697 1242 οὐχὶ
2724 1171 2820 1224 καὶ
2841 1173 2978 1224 alca:

2261 1173 2442 1242 Αόγια,
2474 1172 2550 1244 μὴ
2577 1171 2697 1242 ούχὶ
2724 1171 2820 1224 καὶ
2841 1171 3149 1224 εἰσακούειν
3176 1170 3276 1238 τῆς
3321 1169 3527 1222 τούτων
3556 1168 3835 1238 δεήσεωςς

541 1259 1120 1348 liberumvarbitrium.
1159 1279 1373 1334 Etenim
1403 1295 1516 1332 non
1561 1278 1688 1347 quia
1735 1275 1976 1346 prtescit,
2014 1274 2142 1330 faci-
2247 1268 2384 1338 Περὶ
2455 1265 2514 1319 δὲ
2567 1263 2662 1318 τοῦ
2723 1279 2978 1336 προηγου;

2261 1268 2384 1338 Περὶ
2455 1265 2514 1319 δὲ
2567 1263 2662 1318 τοῦ
2723 1261 3138 1336 προηγουμένου
3196 1261 3585 1334 προϐλήματος
3661 1259 3839 1323 οὕτως

545 1395 668 1434 mus
702 1393 824 1447 qua:
885 1373 1120 1429 facimus
1147 1415 1161 1439 ,
1199 1373 1292 1428 sed
1344 1371 1472 1442 quia
1508 1369 1705 1424 facturi
1757 1384 1950 1423 sumus
2007 1381 2146 1436 prm-
2248 1360 2592 1430 ἀπαντητέον
2623 1376 2638 1391 ο
2674 1359 2755 1412 ὃτι
2784 1361 2818 1429 ή
2851 1357 2970 1412 θεία

2261 1360 2592 1430 ἀπαντητέον
2623 1376 2638 1391 ο
2674 1359 2755 1412 ὃτι
2784 1361 2818 1429 ή
2851 1357 2970 1412 Θεία
3021 1356 3334 1428 πρόγνωσις
3374 1357 3475 1408 οὐκ
3515 1356 3735 1424 ἀναιρεῖ
3779 1354 3840 1407 τὸ

543 1471 720 1532 noscit
751 1485 767 1530 ;
799 1475 856 1522 et
905 1464 1257 1520 conﬁrmatur
1306 1463 1360 1517 in
1417 1463 1539 1525 hoc,
1562 1472 1618 1515 et
1663 1459 2026 1530 przescientia:
2055 1459 2150 1512 dc-
2249 1451 2623 1515 αὐτεξούσιον.
2652 1452 2762 1504 Καὶ
2790 1453 2899 1522 γὰρ
2943 1468 2978 1504 οη

2261 1451 2623 1515 αὐτεξούσιον.
2652 1452 2762 1504 Καὶ
2790 1453 2899 1522 γὰρ
2943 1451 3042 1522 οὐχ
3068 1450 3151 1503 ὅτι
3181 1447 3571 1521 προγινώσκει,
3604 1450 3843 1520 πράττο-

543 1563 742 1626 fmitio,
796 1574 851 1615 et
901 1558 1056 1613 liberi
1121 1555 1332 1612 arbitrii
1372 1556 1532 1610 ratio.
1584 1554 1644 1608 In
1711 1555 1780 1609 iis
1829 1553 1976 1608 enim
2029 1568 2151 1623 quae
2255 1542 2798 1614 μενᾶπράττομεν’
2855 1541 2970 1596 ἀλλ’

2261 1561 2352 1614 μεν
2377 1542 2412 1597 ὃ.
2439 1543 2754 1614 πράττομεν
2782 1559 2798 1574 ο
2855 1541 2970 1596 ἀλλ’
2993 1543 3074 1594 ὅτι
3104 1542 3406 1611 πράξομεν,
3439 1540 3838 1610 προγινώσκειο

546 1671 656 1709 non
675 1661 804 1707 sunt
829 1651 882 1705 iu
915 1657 1102 1705 nostra
1149 1657 1441 1718 potestate,
1475 1645 1731 1713 praecedit
1766 1643 1856 1698 Dei
1885 1645 2149 1710 delinitio,
2253 1636 2348 1690 καὶ
2379 1635 2619 1709 ἔρρωται
2648 1639 2707 1690 ἐν
2750 1634 2946 1705 τούτῳ,

2261 1636 2348 1690 καὶ
2379 1635 2619 1709 ἔρρωται
2648 1639 2707 1690 ἐν
2750 1634 2946 1705 τούτῳ,
2977 1634 3075 1688 καὶ
3112 1637 3141 1688 ὁ
3164 1636 3263 1704 τῆς
3289 1634 3658 1706 προγνώσεως
3691 1635 3838 1704 690;,

545 1746 612 1803 de
654 1755 919 1815 tempore,
952 1741 1071 1798 loco
1109 1755 1174 1796 ac
1208 1741 1371 1795 modo
1403 1757 1416 1794 :
1452 1739 1504 1793 in
1537 1739 1604 1794 iis
1639 1754 1770 1793 vero
1809 1755 1931 1808 qua:
1967 1737 2022 1792 in
2059 1752 2154 1808 po-
2256 1727 2348 1782 καὶ
2376 1730 2404 1781 ὁ
2431 1725 2526 1780 τοῦ
2575 1724 2924 1791 αὐτεξουσίου
2949 1729 2978 1777 λ

2261 1727 2348 1782 καὶ
2376 1730 2404 1781 ὁ
2431 1725 2526 1780 τοῦ
2575 1724 2924 1791 αύτεξουσίου
2949 1726 3126 1794 λόγος.
3179 1726 3267 1778 Ἐν
3296 1725 3395 1796 μὲν
3433 1725 3544 1796 γάρ
3572 1727 3688 1789 τοῖς
3741 1725 3842 1779 οὐκ

547 1848 742 1895 testate
769 1847 956 1892 nostra
985 1843 1134 1900 sunt,
1164 1835 1216 1888 in
1240 1833 1441 1904 quibus
1470 1842 1556 1888 est
1576 1833 1806 1887 liberum
1836 1830 2150 1887 arbitrium.
2178 1901 2213 1914 η
2257 1821 2343 1891 ἐφ’
2374 1822 2528 1891 ἡμῖν,
2579 1819 2978 1891 προηγούμενός

2261 1821 2343 1891 ἐφ’
2374 1822 2528 1891 ἡμῖν,
2579 1819 2993 1891 προηγούμενός
3018 1821 3166 1872 ἐστιν
3194 1821 3223 1872 6
3252 1818 3346 1872 τοῦ
3372 1817 3510 1871 Θεοῦ
3551 1819 3704 1888 ὄρος,
3749 1818 3845 1914 ἐπί

547 1931 902 2003 subsequitur
945 1901 1350 1999 quodammodo
1397 1925 1493 1981 Dei
1542 1925 1902 1996 praescientia,
1932 1933 2045 1979 tum
2087 1925 2141 1978 in
2178 1901 2216 1954 Β
2249 1931 2308 1966 τε
2357 1913 2575 1984 χρόνου,
2595 1912 2699 2003 fall
2744 1911 2933 1977 767m.

2261 1931 2308 1966 τε
2357 1913 2575 1984 χρόνου,
2603 1912 2699 1965 καὶ
2744 1911 2933 1977 τόπου,
2987 1912 3082 1965 καὶ¹
3119 1911 3326 1982 τρόπου
3356 1926 3370 1940 °
3400 1911 3494 1963 ἐπὶ
3524 1909 3580 1963 δὲ
3610 1910 3724 1962 τῶν
3760 1913 3828 1978 ἐφ

547 1999 773 2087 virtute,
823 2030 938 2074 tum
982 2023 1036 2075 in
1068 2019 1221 2074 vitio.
1254 2016 1437 2084 Quare
1466 2026 1682 2085 oportet
1728 2030 1829 2071 nos
1859 2026 1912 2071 et
1970 2030 2156 2070 amare
2256 2007 2409 2076 ἡμῖν.
2458 1999 2646 2074 ἐφόἶς
2683 2004 2744 2058 τδ
2779 2003 2975 2069 αὖτεξο

2261 2007 2409 2076 ἡμῖν,
2458 2007 2542 2074 ἐφ’
2564 1999 2646 2069 οἷς
2683 2004 2744 2058 τὸ
2779 2003 3146 2070 αὐτεξούσιον,
3180 2003 3347 2057 οἱονεὶ
3400 2004 3652 2074 ἑπομένη
3696 2007 3846 2057 ἐστὶν

548 2125 604 2168 et
630 2128 791 2168 orare
816 2112 1064 2178 meliora,
1089 2111 1338 2168 utDeum
1362 2109 1485 2164 inde
1507 2109 1808 2163 habeamus
1831 2111 2162 2178 subsequeu-
2255 2101 2288 2168 ἠ
2325 2097 2418 2150 τοῦ
2446 2096 2581 2150 Θεοῦ
2611 2097 2940 2167 πρόγνωσις,
2968 2099 2978 2148 ἐ

2261 2101 2288 2168 ἠ
2325 2097 2418 2150 τοῦ
2446 2096 2581 2150 Θεοῦ
2611 2097 2940 2167 πρόγνωσις,
2968 2097 3061 2149 ἐπί
3115 2113 3176 2148 τε
3215 2097 3419 2167 ἀρετῆς
3465 2096 3563 2150 καὶ
3622 2098 3844 2159 κακίας.

549 2214 662 2268 tem
685 2221 808 2274 nos,
851 2206 946 2262 sed
965 2205 1260 2260 contrariis
1295 2203 1491 2258 modis.
1535 2202 1798 2257 Nosenim
1821 2203 1998 2257 modis
2031 2217 2162 2256 con-
2258 2191 2425 2244 ’Ὥστε
2459 2192 2539 2244 δεῖ
2565 2192 2715 2262 ἡμᾶς
2737 2192 2832 2244 καίι
2856 2191 2978 2260 ὲρᾷν

2261 2191 2425 2244 Ὥστε
2459 2192 2539 2244 δεῖ
2565 2192 2715 2262 ἡμᾶς
2737 2192 2832 2244 καὶ
2856 2191 2987 2260 ἐρᾷν
3013 2190 3108 2244 καὶ
3146 2187 3404 2259 εὔχεσθαι
3428 2189 3499 2242 τά
3534 2189 3847 2259 κρείττονα·

553 2293 736 2354 trariis
774 2293 1160 2364 subsequetur,
1182 2293 1230 2346 si
1253 2293 1342 2348 hic
1360 2292 1579 2362 quidem
1601 2292 1789 2363 puniat
1813 2301 1865 2346 et
1890 2292 2120 2362 castiget
2145 2309 2160 2358 ;
2261 2284 2351 2337 ἵνα
2374 2283 2586 2354 ἔχωμεν
2610 2283 2860 2336 ἐντεῦθεν
2887 2284 2978 2336 τὸν

2261 2284 2351 2337 ἵνα
2374 2283 2586 2354 ἔχωμεν
2610 2283 2860 2336 ἐντεῦθεν
2887 2284 2979 2336 τὸν
3008 2283 3142 2338 Θεὸν
3169 2283 3508 2352 ὲφεπόμενον
3537 2283 3693 2353 ἡμῖν,
3714 2281 3852 2335 ἀλλά

556 2386 628 2458 ibi
656 2402 789 2442 vero
827 2395 1051 2444 coronet
1072 2395 1126 2441 et
1155 2399 1380 2456 regnum
1403 2385 1675 2441 caelorum
1701 2384 1858 2439 nobis
1881 2385 2160 2455 rependat.
2262 2375 2592 2428 τούναντίον·
2643 2375 2978 2442 Ἐξεναντξας

2262 2375 2592 2428 τούναντίον.
2643 2375 2986 2442 Ἐξεναντίας
3027 2376 3137 2445 γάρ
3165 2375 3356 2446 ἕψεται
3389 2377 3548 2444 ἡμῖν,
3587 2369 3698 2432 ὧδε
3754 2376 3852 2444 μὲν

2261 2467 2508 2532 κολάζων
2537 2469 2632 2521 καὶ
2664 2469 2942 2540 τιμωρῶν,
2974 2471 3092 2522 ἐκεῖ
3119 2469 3177 2522 δὲ
3207 2468 3490 2538 στεφανῶν
3521 2469 3621 2521 καὶ
3661 2468 3848 2521 amat.

2259 2557 2380 2622 δοὺς
2414 2560 2546 2628 ἡμῖν
2577 2559 2856 2630 βασιλείαν
2879 2559 3145 2631 οὐρανῶν.

855 2674 1084 2730 CXCIV.
1122 2706 1190 2714 —
1218 2675 1420 2728 Joanni
1463 2673 1832 2744 grammatico.
2382 2673 2521 2742 Ριιαν
2557 2673 2690 2745 (88).
2716 2703 2786 2714 -—
2809 2674 2978 2730 Ἰωάν

2382 2673 2521 2742 Ριιαν
2557 2673 2690 2745 (88).
2716 2703 2786 2714 -—
2809 2674 3059 2744 Ἰωάννῃ
3089 2675 3485 2746 γραμματικῷ.
3520 2674 3726 2749 [doct]

1396 2786 1663 2846 Quamdam
1684 2798 1820 2834 suam
1843 2785 1904 2834 de
1927 2784 2195 2850 imaginum
2231 2788 2372 2838 cultu
2393 2787 2651 2852 epistolam
2676 2795 2978 2852 prepugnat.

629 2895 767 2952 Cum
814 2894 1172 2951 accessissem
1225 2892 1292 2948 ad
1343 2907 1625 2948 sermones
1695 2892 1763 2946 de
1818 2890 2147 2945 venerandis
2336 2894 2424 2948 'Ev
2451 2895 2631 2964 λόγοις
2660 2895 2978 2967 ἐληλυθότος

2336 2894 2424 2948 Ἐν
2451 2895 2631 2964 λόγοις
2660 2895 2982 2967 ἐληλυθότος
3030 2913 3133 2965 μου
3180 2895 3290 2949 τῶν
3348 2894 3566 2950 σεπτῶν
3601 2899 3849 2962 είκόνων,

561 2987 914 3060 imaginibus,
941 2996 996 3041 et
1043 2984 1323 3054 colloquio
1369 2985 1587 3040 adesset
1613 2985 1767 3053 Plato
1803 2993 1990 3040 noster
2021 3003 2035 3038 :
2063 2985 2148 3039 di-
2255 2986 2439 3056 παρῆν
2464 2986 2522 3040 δὲ
2557 2986 2974 3057 συνδιαλεγόμεν

2261 2986 2439 3056 παρῆν
2464 2986 2522 3040 δὲ
2557 2986 3037 3057 συνδιαλεγόμενος
3069 2986 3295 3040 Πλάτων
3317 2988 3346 3040 ὁ
3399 2989 3678 3059 ἡμέτερος
3701 3004 3714 3017 ·
3749 2991 3852 3059 ἔφη

561 3083 642 3136 xit
674 3082 722 3136 is
767 3079 1082 3135 facundiam
1119 3088 1292 3139 tuam,
1322 3086 1545 3148 accepta
1566 3077 1694 3132 olim
1734 3092 1854 3133 utea
1887 3076 1955 3131 de
1982 3077 2153 3131 hocce
2182 3125 2225 3182 C
2256 3076 2321 3147 δὴ
2378 3077 2546 3132 πάλαι
2599 3077 2887 3149 εἰληφυῖαν
2936 3080 2978 3132 τέ

2261 3076 2321 3147 δὴ
2378 3077 2546 3132 πάλαι
2599 3077 2887 3149 εἰληφυῖαν
2936 3079 3036 3150 τὴν
3084 3079 3376 3150 λογιότητά
3406 3097 3529 3146 σου,
3557 3083 3852 3153 ἐπιστολὴν

562 3183 889 3245 argumento
922 3173 1177 3244 epistola,
1206 3171 1583 3235 addubitasse,
1609 3170 1768 3241 quasi
1796 3185 1860 3225 ea
1886 3185 1993 3224 non
2021 3169 2156 3224 satis
2186 3169 2225 3182 "
2260 3170 2420 3241 ἐμὴν,
2471 3170 2598 3238 περὶ
2626 3171 2726 3242 τῆς
2756 3171 2928 3239 αὐτῆς
2976 3192 2978 3201 η

2261 3170 2420 3241 ἐμὴν,
2471 3170 2598 3238 περὶ
2626 3171 2726 3242 τῆς
2756 3171 2928 3239 αὐτῆς
2976 3170 3288 3236 ύποθέσεως
3337 3174 3711 3244 ἡπορηκέναι,
3738 3175 3853 3237 πῶς

562 3269 823 3340 liquidam
864 3268 1171 3323 doctrinam
1221 3267 1556 3331 contineret,
1598 3277 1764 3336 atque
1810 3280 1842 3319 a
1872 3281 2002 3319 vero
2043 3264 2156 3320 l'or—
2260 3259 2360 3312 οὑκ
2391 3260 2655 3330 εὐκρινῶς
2692 3261 2978 3333 δογματισ(

2261 3259 2360 3312 οὑκ
2391 3260 2655 3330 εὐκρινῶς
2692 3261 3171 3333 δογματισθεῖσαν,
3205 3266 3236 3336 ἢ
3284 3267 3427 3336 τάχα
3461 3285 3566 3320 που
3600 3269 3698 3320 καὶ
3751 3285 3854 3319 παο

567 3371 711 3426 tasse
764 3359 1070 3412 auditorem
1110 3357 1425 3412 abduceret.
1455 3355 1569 3426 Ego
1616 3371 1768 3422 vero,
1813 3357 1860 3411 si
1899 3372 2042 3411 unus
2087 3355 2158 3410 de
2265 3353 2664 3424 ρακομίζουσαν
2717 3356 2814 3409 τοῦ
2877 3357 2978 3427 ἀλη

2265 3353 2664 3424 ρακομίζουσαν
2717 3356 2814 3409 τοῦ
2877 3356 3109 3427 ἀληθοῦς
3149 3359 3240 3411 τὸν
3273 3361 3574 3431 ἀκροατήν.
3621 3361 3762 3429 Ἐγὼ
3797 3361 3854 3414 δὲ

566 3453 754 3510 multis
779 3460 926 3507 esset
966 3452 1013 3507 is
1046 3452 1142 3522 qui
1176 3452 1341 3514 feriit,
1380 3465 1489 3505 non
1523 3451 1634 3505 cito
1662 3465 2055 3515 commoverer,
2098 3458 2157 3504 ut
2262 3455 2310 3506 εί
2348 3453 2446 3524 μὲν
2494 3453 2600 3508 τῶν
2645 3452 2722 3517 ὡς
2759 3453 2948 3522 ἔτυχεν

2262 3455 2310 3506 εί
2348 3453 2446 3524 μὲν
2494 3453 2600 3508 τῶν
2645 3452 2722 3517 ὡς
2759 3453 2948 3522 ἔτυχεν
2990 3448 3058 3522 ἦν
3088 3455 3117 3505 ό
3161 3452 3358 3522 βαλὼν,
3391 3455 3451 3507 οὺ
3483 3456 3702 3524 ταχέως
3757 3459 3854 3509 ἑπ-

567 3548 660 3618 qui
693 3545 872 3600 norim
911 3554 965 3599 et
992 3543 1176 3615 jacula
1220 3543 1459 3607 invidiae,
1512 3551 1568 3597 et
1603 3543 1915 3613 ignotorum
1960 3551 2156 3596 contu—
2261 3545 2542 3616 εστράφην
2560 3543 2824 3609 ἂν,είδὼς
2855 3546 2951 3598 καὶ

2261 3545 2542 3616 εστράφην
2560 3545 2648 3609 ἂν,
2669 3543 2824 3608 εἰδὼς
2855 3546 2951 3598 καὶ
2982 3545 3180 3614 φθόνου
3209 3545 3561 3616 βολίδας,κα“ι
3591 3548 3855 3615 ἀγ·νὼτων

569 3631 758 3694 melias
802 3637 1098 3693 sustinere.
1128 3635 1422 3706 Postquam
1471 3650 1600 3691 vero
1629 3636 1699 3690 ab
1743 3635 1922 3690 amico
1958 3646 2045 3690 est
2067 3649 2158 3689 re-
2261 3638 2609 3706 ἐπιτιμήσεις
2643 3636 2911 3691 ίιποίσειν.
2964 3637 2978 3658 ’

2261 3638 2609 3706 ἐπιτιμήσεις
2643 3636 2911 3691 ύποίσειν.
2964 3637 3119 3692 Ἐπεὶ
3145 3637 3203 3691 δὲ
3234 3637 3387 3708 παρά
3407 3639 3566 3706 φίλου
3591 3643 3626 3708 ἡ
3658 3642 3854 3710 ἐπίλη-

571 3730 884 3801 prehensio,
916 3739 971 3784 et
1005 3729 1185 3784 amico
1242 3728 1591 3792 doctissimo;
1618 3728 1991 3783 necessarium
2041 3728 2158 3783 exi-
2259 3729 2373 3798 ψις,
2408 3730 2503 3783 καὶ
2548 3729 2701 3802 φίλου
2739 3729 2978 3797 σοφωτάι

2261 3729 2373 3798 ψις,
2408 3730 2503 3783 καὶ
2548 3729 2701 3802 φίλου
2739 3729 3055 3797 σοφωτάτου
3089 3746 3102 3758 ·
3131 3731 3428 3800 ἀναγκαῖον
3457 3732 3653 3802 ᾠήθην
3685 3733 3856 3802 αὐτὴν

567 3823 788 3880 stintavi
815 3821 1100 3893 epistolam
1133 3821 1307 3890 ipsam
1341 3821 1411 3876 ob
1438 3822 1632 3877 oculos
1655 3835 1877 3889 ponere,
1895 3828 1947 3873 et
1977 3818 2158 3889 quoad
2260 3826 2360 3896 τὴν
2395 3823 2684 3894 ἐπιστολὴν
2713 3825 2805 3876 ὑπ’
2827 3821 2949 3893 ὄψιν

2261 3826 2360 3896 τὴν
2395 3823 2684 3894 ἐπιστολὴν
2713 3825 2805 3876 ὑπ’
2827 3821 2949 3893 ὄψιν
2980 3825 3211 3892 ἀγαγεῖν
3244 3841 3259 3855 ο
3313 3826 3406 3878 καὶ
3442 3827 3567 3880 καθ’
3590 3828 3719 3880 ὅσον
3743 3823 3857 3880 οἶόν

571 3918 624 3970 in
673 3931 759 3970 me
805 3914 947 3970 foret
994 3913 1300 3970 discussam
1333 3920 1388 3966 et
1423 3913 1780 3982 approbatam
1837 3910 2053 3965 mittere
2089 3910 2159 3964 ad
2261 3916 2322 3968 τέ
2354 3933 2444 3986 μοι
2471 3917 2870 3987 ἐπικριθεῖσαν,
2897 3918 2978 3970 ἀπη

2261 3916 2322 3968 τέ
2354 3933 2444 3986 μοι
2471 3917 2870 3987 ἐπικριθεῖσοιν,
2897 3916 3215 3970 ἀποστεῖλαι
3255 3921 3320 3988 τῇ
3359 3919 3612 3989 φιλότητί
3647 3937 3741 3973 σου
3773 3937 3788 3950 ο
3820 3921 3854 3990 ἦ

572 4007 1010 4079 benevolentiam
1039 4014 1216 4074 tuam,
1250 4015 1308 4060 ut
1345 4014 1437 4060 aut
1469 4004 1829 4074 percontandi
1850 4019 1982 4059 cura
2018 4003 2159 4058 libe~
2261 4007 2606 4061 ἀπολύουσαν
2631 4008 2732 4078 τῆς
2763 4007 2978 4077 ἀπορίας

2261 4007 2606 4061 ἀπολύουσαν
2631 4008 2732 4078 τῆς
2763 4007 3016 4077 ἀπορίας,
3044 4008 3076 4080 ἢ
3108 4011 3594 4083 ἐπανορθουμένην
3621 4015 3730 4067 ὑπὸ
3754 4015 3858 4083 τῆς

573 4113 675 4169 ret,
727 4110 822 4157 aut
878 4101 1189 4172 corrigatur
1238 4115 1270 4154 a
1307 4099 1530 4155 solertia
1591 4109 1701 4153 tua.
1733 4096 1958 4168 Oportet
2011 4097 2158 4152 enim
2263 4101 2546 4172 ἀγχινοίας
2593 4104 2828 4156 σου.Δεί
2853 4104 2962 4174 γάρ

2263 4101 2546 4172 ἀγχινοίας
2593 4117 2709 4156 σου.
2735 4104 2828 4154 Δεῖ
2853 4104 2962 4174 γάρ
2998 4104 3417 4172 ἀντεισάγεσθαι
3443 4105 3583 4175 πρὸς
3612 4105 3709 4159 τοῦ
3737 4110 3855 4159 ἐπι-

571 4210 698 4252 eum
728 4194 823 4264 qui
855 4193 1120 4263 increpat,
1162 4191 1410 4247 vicissim
1450 4192 1698 4262 proferre
1723 4191 1998 4261 propriam
2032 4205 2159 4244 sen-
2263 4192 2532 4263 τιμῶντος
2572 4195 2672 4264 τὴν
2700 4195 2908 4248 οίκείαν
2943 4213 2976 4264 γ

2263 4192 2532 4263 τιμῶντος
2572 4195 2672 4264 τὴν
2700 4195 2908 4248 οίκείαν
2943 4194 3170 4267 γνώμην
3209 4198 3310 4266 τῆς
3342 4199 3695 4270 μεμφθείσης
3724 4202 3854 4254 131:0-

575 4288 821 4354 teutiam,
869 4287 1002 4357 quid
1037 4285 1473 4356 redarguendum
1525 4285 1819 4338 existimet.
1864 4281 1960 4337 Est
1994 4281 2160 4352 igitur
2262 4286 2496 4357 λήψεως.
2532 4287 2721 4340 Ἔστιν
2749 4282 2904 4359 οὗν-ἡ
2933 4289 2978 4340 ἐς

2262 4286 2496 4357 λήψεως.
2532 4287 2721 4340 Ἔστιν
2749 4282 2904 4359 οὗν-ἡ
2933 4288 3191 4359 ἐπιστολὴ
3211 4289 3307 4359 ἥδε
3333 4305 3347 4319 °

573 4381 807 4452 epistola
853 4378 1193 4450 huiusmodi.

1042 4493 1345 4556 Theodorus
1389 4496 1699 4550 Athanasio.
2693 4489 2978 4558 Θεόδωρος

2693 4489 2992 4558 Θεόδωρος
3035 4476 3387 4557 Ἀθανασῖφ.

657 4630 677 4666 ι
715 4610 1025 4696 Quomodo,
1069 4609 1254 4681 inquis
1283 4609 1352 4675 ³⁸,
1380 4609 1534 4664 latria
1570 4625 1678 4664 non
1728 4609 1927 4664 colitur
1982 4609 2162 4679 imago
2194 4574 2238 4629 Β
2345 4627 2364 4660 ‹
2404 4607 2552 4672 Πῶς,
2580 4605 2707 4678 φὴς,
2739 4605 2801 4659 οὐ
2827 4605 2978 4676 λατρε

2345 4627 2364 4660 ‹
2404 4607 2552 4672 Πῶς,
2580 4605 2707 4678 φὴς,
2739 4605 2801 4659 οὐ
2827 4605 3150 4676 λατρεύεται
3175 4609 3209 4677 ἠ
3237 4607 3402 4662 εἰκὼν
3431 4609 3701 4680 Χριστοῦ,
3741 4611 3851 4665 ἀλλ’

576 4695 807 4769 Christi,
838 4705 931 4760 sed
957 4705 1051 4774 qui
1083 4704 1138 4758 in
1178 4704 1269 4758 ilia
1304 4703 1564 4758 adoratur
1585 4701 1858 4767 Christus,
1889 4717 2015 4757 cum
2052 4717 2158 4755 una
2268 4703 2298 4754 6
2327 4702 2384 4752 ὲν
2411 4700 2549 4770 αὐτῇ
2576 4695 2978 4770 π’ροσκυνούμεκ

2268 4703 2298 4754 ὁ
2327 4702 2384 4752 ὲν
2411 4700 2549 4770 αὐτῇ
2576 4695 3049 4770 προσκυνούμενος
3093 4699 3346 4770 Χριστὸς,
3400 4705 3529 4771 μιᾶς
3565 4704 3738 4775 οὔσης
3765 4711 3854 4760 ἐπὶ

582 4801 636 4855 in
663 4798 932 4860 ambobus
962 4797 1035 4853 sit
1065 4797 1358 4854 adoratio?
1393 4783 1662 4864 Quoniam
1694 4797 1748 4851 in
1776 4799 1896 4867 ipso
1936 4795 2160 4866 quidem
2270 4793 2473 4862 ἀμφοῖν
2501 4790 2966 4860 προσκυνήσεως;

2270 4793 2473 4862 ἀμφοῖν
2501 4790 2966 4860 προσκυνήσεως;
3006 4790 3128 4844 Ὀτι
3179 4793 3268 4845 ἐπ’
3290 4793 3456 4846 αὑτοῦ
3496 4795 3562 4866 δὴ
3615 4799 3851 4867 Χριστοῦ

580 4891 801 4947 Christo
832 4891 1007 4946 latriae
1044 4900 1130 4946 est
1183 4891 1433 4946 adoratio
1477 4890 1751 4960 (adorans
1777 4891 1922 4947 cuitu
1955 4891 2158 4962 ipsum,
2270 4882 2606 4956 λατρευτικὴο
2631 4883 2666 4954 ἡ
2697 4881 2978 4954 προσκύνη

2270 4882 2606 4956 λατρευτικὴο
2631 4883 2666 4954 ἡ
2697 4881 3071 4954 προσκύνησις
3104 4888 3122 4955 (
3154 4887 3477 4957 προσκυνῶν
3507 4891 3619 4960 γὰρ
3669 4893 3850 4954 ﬁt)”,

582 4983 822 5038 coadoro
851 4982 1068 5038 Patrem
1109 4995 1164 5038 et
1195 4983 1457 5054 Spiritum
1489 4997 1742 5040 sanctum
1770 5001 1785 5051 ;
1817 5001 1940 5056 qua:
1974 4985 2162 5040 Trini-
2273 4975 2680 5051 συμπροσκυνῶ
2700 4975 2792 5030 τὸν
2809 4976 2978 5047 Πατέε

2273 4998 2336 5033 συ
2345 4975 2680 5051 μπροσκυνῶ
2700 4975 2792 5030 τὸν
2809 4976 3030 5047 Πατέρα
3062 4979 3154 5030 καὶ
3178 4978 3237 5031 τὸ
3261 4979 3419 5047 ἆγιον
3437 4981 3664 5052 Πνεῦμα
3683 5000 3698 5011 ο
3720 4985 3852 5056 ὅπερ

553 5074 715 5130 statis
742 5081 828 5129 est
878 5073 1126 5128 adoratio
1156 5075 1319 5132 simul
1341 5085 1393 5129 et
1425 5076 1643 5145 latria),
1678 5075 1731 5130 iu
1759 5076 1994 5147 imagine
2037 5093 2165 5132 vero
2271 5072 2419 5126 ἐστὶν
2442 5073 2476 5143 ἠ
2515 5068 2778 5141 Τριαδικὴ
2828 5069 2965 5140 ὁμοῦ

2271 5072 2476 5143 ὲστὶνή
2515 5068 2778 5141 Τριαδικὴ
2828 5069 2965 5140 ὁμοῦ
3019 5069 3390 5141 προσκύνησις
3438 5075 3534 5126 καὶ
3555 5075 3800 5145 λατρεία)
3830 5094 3847 5110 ο

583 5167 776 5222 eadem
803 5165 1161 5236 estquldem;
1197 5168 1291 5237 qui
1326 5170 1471 5224 enim
1498 5185 1603 5223 non
1629 5170 1736 5225 sit?
1773 5186 1897 5224 nam
1927 5185 2162 5240 quorum
2272 5165 2365 5218 ἐπὶ
2394 5163 2450 5217 δὲ
2478 5164 2575 5232 τῆς
2599 5162 2806 5226 εἰκόνος
2835 5165 2867 5232 ἡ
2900 5163 2978 5216 αὖ·

2272 5165 2365 5218 ἐπὶ
2394 5163 2450 5217 δὲ
2478 5164 2575 5232 τῆς
2599 5162 2806 5226 εἰκόνος
2835 5165 2867 5232 ἡ
2900 5163 3039 5233 αὐτὴ
3078 5163 3177 5234 μὲν
3212 5164 3352 5234 (πῶς
3381 5164 3490 5238 γὰρ
3513 5166 3609 5232 05;
3645 5162 3720 5221 ὧν
3746 5170 3850 5238 γάρ

588 5278 756 5318 unum
786 5269 869 5317 est
903 5261 1195 5331 imperium
1226 5271 1280 5315 et
1311 5261 1484 5332 gloria
1520 5277 1651 5327 una,
1690 5262 1886 5316 borum
1919 5262 2166 5332 profecto
2272 5255 2330 5308 ἓν
2355 5255 2417 5308 τὸ
2451 5254 2654 5326 κράτος
2701 5253 2797 5306 καὶ
2840 5253 2873 5322 ἡ
2917 5252 2972 5304 δό

2272 5255 2330 5308 ἓν
2355 5255 2417 5308 τὸ
2451 5254 2654 5326 κράτος
2701 5253 2797 5306 καὶ
2840 5253 2873 5322 ἡ
2917 5252 3041 5317 δόξα
3072 5255 3191 5324 μία,
3230 5255 3434 5309 τούτων
3473 5257 3674 5328 δηλαδὴ
3707 5259 3764 5311 ἒν
3791 5260 3852 5311 τὸ

586 5365 640 5409 et
669 5355 851 5409 cultus
889 5367 1034 5407 unus
1073 5361 1126 5406 et
1156 5367 1260 5405 una
1299 5361 1383 5406 est
1412 5353 1657 5408 adoratio
1686 5372 1700 5406 :
1731 5362 1786 5407 at
1822 5354 2049 5408 relativa
2083 5364 2167 5426 ιιι-
2275 5345 2460 5412 σέὸας,
2495 5343 2590 5398 καὶ
2647 5343 2746 5413 μία
2775 5344 2808 5412 ή
2843 5359 2978 5414 προσ

2275 5345 2460 5412 σέϐας,
2495 5343 2590 5398 καὶ
2647 5343 2746 5413 μία
2775 5344 2808 5412 ή
2843 5343 3239 5415 προσκύνησις)
3265 5389 3279 5411 ,
3306 5349 3529 5419 σχετικὴ
3576 5350 3633 5402 δὲ
3677 5350 3847 5420 ὅμως,

567 5447 736 5509 ἰιιθιι,
774 5449 888 5503 sive
914 5445 1320 5516 bomonymica.
1355 5444 1606 5500 Adnrans
1634 5447 1778 5500 enim
1811 5446 1980 5513 illam,
2006 5446 2167 5502 Chri-
2275 5441 2442 5510 ἤγουν
2469 5437 2816 5509 ὁμωνυμική.
2846 5437 2978 5508 Προι

2275 5441 2442 5510 ἤγουν
2469 5437 2816 5509 ὁμωνυμική.
2846 5437 3176 5508 Προσκυνῶν
3226 5439 3337 5510 γὰρ
3391 5440 3584 5510 αὐτὴν,
3611 5443 3671 5494 ού
3707 5458 3848 5511 συμ-

589 5553 732 5597 stum
778 5557 882 5595 non
930 5539 1243 5606 coadoravi,
1286 5553 1392 5593 non
1448 5539 1682 5595 divisum
1730 5541 2026 5597 secundum
2071 5541 2166 5612 by-
2278 5531 2681 5604 προσεκύνησα,
2732 5528 2867 5586 ἀλλά
2925 5547 2978 5600 πι

2278 5531 2681 5604 προσεκύνησα,
2732 5528 2867 5586 ἀλλά
2925 5530 3307 5602 προσεκύνησα
3331 5533 3582 5604 Χριστὸν,
3619 5537 3678 5589 ού
3707 5535 3850 5589 διαιο

659 5655 704 5687 ’7
723 5655 856 5711 Luc.
885 5670 973 5718 xv,
1001 5653 1089 5710 10.
1168 5654 1212 5685 ³⁸
1253 5654 1450 5725 Supra,
1481 5655 1638 5726 epist,
1665 5656 1751 5710 85.

2167 5816 2372 5874 ΝΟΤᾸΞ
2383 5855 2398 5871 .

686 5909 776 5979 88)
809 5911 866 5966 Et
897 5914 1013 5968 cod.
1051 5913 1182 5985 Reg.
1220 5911 1361 5984 ρί.,ζ’.
