4102 6374
279 377 418 442 1589

1494 359 2037 431 EPISTULARUM
2070 364 2222 426 LIB.
2266 365 2351 426 II.

3414 359 3438 424 1
3449 363 3550 425 590

277 491 541 564 ρούμενον
579 488 702 544 καθ’
734 442 1054 551 ὑπόστασιν,
1083 481 1220 538 ἀλλὰ
1257 480 1688 553 διαφοροὺμενον
1719 474 1866 530 κατὰ

1975 477 2260 544 postasim,
2305 475 2402 531 sed
2425 473 2833 545 discrepantem
2856 474 3012 547 juxta
3035 475 3359 534 substantia:
3387 482 3560 536 ratio-

273 587 366 639 τὸν
418 585 517 653 τῆς
573 583 764 645 οὐσίας
811 581 1005 649 λόγον·
1056 579 1192 646 ὅπερ
1218 577 1337 630 ἐστὶ
1377 574 1624 645 σχετικὴ,
1651 571 1770 628 ἀλλ’
1794 571 1856 624 οὐ

1962 584 2130 635 nem;
2174 567 2320 640 quod
2378 575 2466 624 est
2520 567 2805 622 relativam
2845 583 2990 635 esse,
3033 584 3147 624 non
3193 570 3555 638 latreuticam,

273 674 626 744 λατρευτικὴ,
678 671 781 727 κᾶν
812 673 846 743 ἡ
877 671 1011 742 αὐτὴ
1043 687 1057 702 ·
1091 671 1208 722 ἐκεῖ
1243 669 1342 738 μὲν
1374 666 1547 730 οὕτως
1589 665 1857 736 νοουμένη

1975 660 2460 726 .ametsieamdem,
2485 659 2599 716 illic
2618 660 2840 731 quidem
2869 661 2949 717 sic
2969 661 3303 718 intellectam
3334 663 3562 720 dictam‘

275 769 372 821 καὶ
415 767 708 836 λεγομένη,
754 765 943 820 καθότι
973 761 1246 833 τριαδικὴ,
1279 762 1450 832 ἦγουν
1484 761 1689 832 φυσική
1724 775 1739 790 ο
1770 761 1860 812 έν-

1975 769 2090 824 ιιιο,
2120 763 2392 825 quatenus
2440 753 2675 810 triadica
2721 763 2807 809 est
2837 754 2953 810 sive
2979 755 3274 820 naturalis,
3300 755 3392 811 hic
3429 773 3562 811 vero

272 860 451 916 ταῦθα
476 859 532 913 δὲ
563 859 624 912 τὸ
657 858 913 932 ἔμπαλιν,
940 855 1128 910 καθότι
1159 856 1408 925 σχετικὴ,
1433 854 1602 925 ἡγουν
1621 854 1860 908 ὑποστα-

273 953 423 1024 τική.
465 951 528 1004 Εἰ
577 950 686 1021 γὰρ
721 950 917 1013 εἰποις,
953 947 1307 1018 λατρευτικὴ,
1335 947 1617 1029 ξσήμανας
1665 962 1862 1016 σεσαρ-

274 1045 508 1108 κῶσθαι,
533 1043 611 1108 ὡς
636 1042 728 1096 τὸν
756 1042 907 1106 Υἱδν,
941 1039 1033 1094 τόν
1058 1057 1117 1094 τε
1143 1040 1368 1112 Πατέρα
1389 1039 1486 1092 καὶ
1508 1038 1568 1091 τὸ
1601 1038 1826 1108 Πνεῦμα
1846 1053 1861 1068 ο

273 1139 414 1209 ὅπερ
487 1137 636 1191 ἐστὶν
696 1132 951 1187 ἔκτοπον.
1003 1131 1308 1203 Τοιγαροῦν
1372 1128 1695 1201 προσκυνῶν
1765 1129 1865 1199 τὴν

275 1231 463 1284 εἰκόνα
501 1225 761 1300 Χριστοῦ,
793 1225 853 1278 οὐ
881 1224 980 1295 τὴν
1022 1223 1253 1294 θεότητα
1281 1222 1594 1293 προσκυνῶ,
1626 1220 1703 1284 ὥς
1733 1218 1866 1288 φασί

274 1341 420 1385 τινες
447 1338 464 1356 ·
510 1320 670 1374 τοῦτο
695 1319 806 1390 γὰρ
829 1318 930 1388 τῆς
961 1316 1190 1388 Τριάδος
1240 1333 1304 1384 ση
1317 1315 1576 1385 μαντικόν
1607 1330 1619 1343 ·
1667 1315 1764 1367 καὶ
1804 1315 1866 1366 οὐ

280 1419 626 1488 σεσάρκωται
657 1414 690 1483 ή
720 1412 891 1482 Τριάς
921 1427 936 1442 ο
978 1411 1162 1478 ἄπαγε
1197 1411 1209 1462 ἰ
1246 1410 1384 1463 ἀλλὰ
1415 1409 1468 1460 τί
1495 1426 1509 1475 ;
1541 1409 1704 1464 αὐτὸν
1734 1408 1868 1478 Χρι-

279 1510 404 1563 στὸν
438 1506 725 1578 σχετικῶς.
771 1505 950 1566 Μόνος
978 1503 1087 1573 γὰρ
1115 1502 1279 1565 αὐτὸς
1309 1504 1337 1555 ό
1371 1502 1678 1572 σαρκωθείς
1735 1501 1868 1564 Θεὸς

276 1601 467 1669 Λόγος.
519 1596 845 1669 Προσκυνῶν
873 1595 930 1648 δὲ
957 1594 1120 1648 αὑτὸν
1146 1595 1398 1664 Χριστὸν,
1429 1596 1673 1665 δηλονότι
1733 1612 1870 1663 συμ-

277 1691 666 1765 προσεκὺνησα
696 1689 789 1742 τὸν
823 1687 1041 1758 Πατέρα
1068 1686 1206 1758 ὁμοῦ
1231 1690 1325 1740 καὶ
1351 1689 1412 1740 τὸ
1435 1687 1680 1756 Πνεῦμα.
1707 1688 1868 1738 Ὥστε

276 1786 368 1840 διὰ
403 1784 502 1850 τῆς
547 1781 759 1844 εἰκόνος
813 1780 1037 1850 σχετικὴ
1071 1779 1296 1842 εἰκότως
1323 1778 1388 1832 ἂν
1431 1781 1606 1832 νοοῖτο
1633 1779 1728 1832 καὶ
1781 1777 1867 1830 λέ-

237 1917 250 1925 .
276 1891 447 1946 γοιτο·
478 1874 563 1928 ἐπ’
595 1872 760 1927 αὐτοῦ
787 1873 844 1926 δὲ
871 1870 1111 1944 Χριστοῦ
1145 1871 1500 1943 λατρευτικήο
1531 1871 1608 1935 ὡς
1640 1888 1862 1923 συνεπι-

277 1968 570 2038 νοουμένου
597 1981 656 2017 τε
679 1965 772 2018 καὶ
801 1980 865 2016 συ
875 1963 1400 2034 μπροσκυνουμένου
1431 1962 1526 2016 τοῦ
1553 1979 1611 2016 τε
1651 1963 1862 2034 Πατρὺς

279 2057 491 2112 καὶτοῦ
525 2055 861 2126 Πνεύματος.
891 2072 911 2106 ι

349 2231 547 2296 Καλῶς
575 2227 690 2296 οῦν,
739 2225 786 2286 ὦ
824 2232 944 2294 τᾶν,
976 2230 1121 2302 ἐχειν
1154 2249 1245 2302 μοι
1273 2231 1422 2286 δοκεῖ
1471 2232 1532 2286 τὸ
1579 2231 1861 2304 θεώρημα,

279 2325 376 2378 tut
427 2324 524 2394 μὲν
571 2323 672 2393 τῆς
737 2323 1018 2393 μακαρίας
1071 2324 1166 2376 καὶ
1213 2323 1598 2396 προσκυνητῆς
1633 2309 1864 2392 Τριάδος

278 2419 400 2487 τὴν,
426 2416 569 2478 σὺν,
610 2415 868 2484 πρόθεσιν
895 2415 1172 2486 εἰλῆφθαι.
1215 2415 1279 2469 Ἦ
1315 2417 1446 2488 γὰρ,
1477 2416 1620 2483 σὺν,
1653 2417 1866 2490 διάκρι-

281 2523 367 2561 σιν
390 2506 500 2560 τῶν
526 2505 878 2560 ὑποστάσεων
925 2508 1320 2576 ὑποφαίνουσα,
1357 2509 1586 2579 ἑνότητα
1633 2511 1866 2583 φυσικὴν

282 2599 580 2670 παρίστησι
606 2612 620 2624 ·
674 2596 858 2662 καθὼς
891 2599 985 2651 ἐπὶ
1027 2597 1121 2652 τοῦ
1162 2600 1433 2671 συμϐόλου
1487 2603 1589 2672 τῆς
1631 2605 1867 2668 πίστεως

282 2691 436 2763 παρὰ
465 2691 600 2744 πᾶσι
631 2691 980 2762 Χριστιανοίς
1008 2690 1217 2762 ᾄδεται.
1263 2692 1385 2746 Ἐπὶ
1410 2693 1467 2746 δὲ
1495 2695 1594 2766 τῆς
1625 2711 1866 2766 προσκυ-

284 2787 491 2854 νήσεως
521 2780 760 2851 Χριστοῦ
800 2798 860 2834 τε
891 2783 985 2834 καὶ
1017 2785 1117 2854 τῆς
1160 2784 1324 2836 αὐτοῦ
1372 2786 1581 2850 εἰκόνος
1610 2787 1711 2840 οὐκ
1756 2787 1870 2858 ἔχει

284 2878 470 2946 χώραν
502 2877 560 2947 ή,
594 2874 737 2939 σὺν,
783 2874 1042 2945 πρόθεσις
1093 2875 1382 2946 εἰλῆφθαιο
1423 2878 1455 2950 ἢ
1507 2879 1615 2950 γὰρ
1668 2879 1754 2944 ἂν,
1789 2883 1870 2945 εἰς

284 2971 450 3025 δυάδα
487 2968 837 3023 ὑποστάσεων
883 2968 1026 3022 κατὰ
1058 2968 1150 3022 τὸν
1186 2971 1286 3033 τῆς
1339 2971 1660 3036 ἀκολουθίας
1713 2973 1870 3041 λόγον

289 3060 432 3133 [eod.
494 3058 627 3129 Reg.
681 3058 773 3111 τὸν
829 3057 1162 3111 ἁποδοθέντα
1231 3059 1412 3132 λόγον]
1466 3061 1718 3115 διιστᾶσα
1770 3062 1870 3133 τὴν

291 3151 422 3223 μίαν
451 3151 771 3216 ὑπόστασιν,
795 3151 1107 3222 ἀποκομίση
1136 3152 1283 3222 ἡμᾶς
1316 3154 1396 3215 εἰς
1427 3153 1488 3206 τὸ
1518 3153 1619 3224 τῆς
1644 3171 1872 3224 κτισμα-

287 3243 606 3314 τολιιτρείας
649 3242 925 3312 ἀσέϐημα.
980 3242 1192 3296 Οὐκοῦν
1232 3245 1516 3318 εἰκότωςή
1553 3247 1871 3318 ἀντωνυμία

291 3336 637 3408 παρελήφθη,
664 3337 783 3406 ἥτις
815 3335 877 3388 τὸ
905 3338 1107 3390 ένιαῖον
1139 3338 1237 3408 τῆς
1267 3339 1619 3406 ὑποστάσεως
1651 3343 1740 3396 ἐπ’
1769 3345 1875 3412 ἀμο
1905 3419 1908 3430 Ι

291 3433 410 3499 φοίν
448 3429 734 3498 τηρήσασα
788 3427 1028 3497 διίστησι
1083 3429 1144 3482 τὸ
1197 3431 1437 3501 ἑτεροῖον
1477 3434 1586 3486 τῶν
1636 3434 1870 3502 φύσεων.

297 3537 316 3570 ι
362 3520 472 3572 Καὶ
515 3518 669 3588 γοῦν,
716 3519 883 3590 φησὶν
911 3522 940 3572 ό
969 3519 1246 3587 πάνσοφος
1273 3521 1569 3589 Διονύσιος,
1613 3527 1874 3597 ἑκάτερον

293 3615 352 3665 ὲν
381 3613 626 3683 ἑκατέρῳ
675 3612 826 3682 παρὰ
854 3612 916 3665 τὸ
949 3613 1047 3683 τῆς
1091 3613 1284 3676 οὐσίας
1308 3615 1586 3686 διάφορον.
1623 3637 1640 3669 ι
1677 3621 1876 3688 Διαφοο

299 3703 502 3773 ρότητα
534 3697 630 3755 οῦν
661 3702 850 3764 οὐσίας
897 3705 1096 3772 φήσας,
1127 3705 1434 3776 ταυτότητα
1472 3707 1712 3778 δηλονότι
1741 3711 1873 3763 ὑπο-

297 3793 558 3857 στάσεως,
613 3794 752 3848 κατὰ
793 3793 856 3846 τὸ
912 3794 1178 3865 ἑκάτερον
1219 3797 1276 3848 ἐν
1328 3797 1577 3870 ἑκατέρῳ
1607 3801 1872 3868 ὑπέδειξεο

295 3885 420 3940 καθ’
451 3886 520 3957 ἢν
542 3887 634 3938 καὶ
657 3886 692 3957 ἡ
732 3885 875 3939 κατὰ
911 3887 1094 3957 σχέσιν
1123 3887 1492 3961 προσκύνησις
1519 3892 1874 3964 τεθεώρηται.

304 3978 372 4031 Ἦ
401 3978 509 4048 γὰρ
546 3977 750 4048 σχέσις,
780 3977 855 4041 ὥς
890 3993 1043 4046 φασι,
1074 3979 1183 4030 τῶν
1213 3980 1354 4050 πρός
1377 3980 1429 4034 τί
1457 3983 1626 4036 ἐστιν’
1665 3983 1783 4054 ἅμα
1818 4002 1875 4038 τε

293 4071 403 4141 γάρ
437 4072 575 4134 ἐστι,
605 4070 700 4122 καὶ
733 4071 1080 4142 ἀντιστρέφει
1114 4072 1253 4144 πρὸς
1283 4072 1510 4145 ἄλληλα,
1563 4071 1673 4128 οἷον
1713 4077 1876 4148 ἀρχέ-

293 4179 465 4216 τυπον
518 4162 653 4233 πρὸς
710 4163 912 4215 εἰκόνα.
951 4164 1026 4216 υύ
1083 4164 1190 4236 γὰρ
1247 4165 1312 4218 ἂν
1363 4168 1446 4238 εἴη
1510 4167 1734 4240 θάτερον
1801 4170 1876 4242 μὴ

295 4254 528 4324 θατέρου
573 4255 859 4326 παρόντος·
892 4254 1025 4308 καθὸ
1055 4255 1150 4308 καὶ
1189 4257 1322 4329 περὶ
1349 4257 1456 4312 τῶν
1484 4258 1602 4330 ἆμα
1650 4261 1872 4330 πεφιλο-

296 4344 550 4415 σόφηται.
589 4345 916 4416 Πρόσκειται
941 4344 1018 4410 δὲ,
1058 4345 1252 4415 ἤγουν
1282 4349 1652 4417 ὀμωνυμική·
1690 4351 1781 4404 καί
1811 4369 1874 4423 γε

292 4437 392 4506 τῆς
439 4437 605 4505 αὐτῆς
628 4437 919 4507 ἐμφάσεως
945 4445 1040 4490 καὶ
1062 4438 1158 4508 ἥδε
1189 4439 1222 4510 η
1247 4439 1411 4504 λέξις.
1439 4441 1514 4494 Τὸ
1541 4442 1648 4513 γὰρ
1680 4443 1872 4515 ὄνομα,

1963 855 2231 917 quatenus
2267 847 2494 902 relativa
2521 847 2638 902 sive
2667 847 3030 919 hypostatica.
3088 845 3226 903 Nam
3281 849 3328 903 si
3355 849 3561 904 latren-

1963 939 2128 995 ticam
2175 939 2402 1005 dixeris,
2457 940 2808 995 incarnatum
2838 940 3179 1011 significasti,
3222 948 3284 995 ut
3335 939 3559 1004 Filium,

1967 1034 2049 1088 sic
2069 1042 2124 1089 et
2151 1032 2372 1088 Patrem
2403 1041 2458 1088 et
2483 1032 2770 1104 Spiritum,
2803 1035 2949 1104 quod
2973 1042 3058 1088 est
3099 1032 3417 1088 absurdum.
3455 1033 3563 1086 lta-

1966 1138 2074 1194 que
2096 1124 2330 1181 adorans
2357 1124 2653 1195 imaginem
2679 1125 2910 1189 Christi,
2939 1140 3046 1180 non
3079 1125 3340 1180 deitatem
3367 1123 3559 1190 adoro,

1968 1217 2113 1273 sicut
2141 1217 2365 1288 quidam
2404 1219 2558 1273 aiunt
2586 1236 2599 1273 :
2630 1220 2734 1274 hoc
2768 1220 2916 1272 enim
2949 1218 3274 1274 Trinitatem
3309 1218 3560 1288 designa-

1967 1318 2090 1364 ret:
2149 1319 2206 1365 at
2252 1307 2496 1368 Trinitas
2543 1311 2828 1366 incarnata
2890 1327 2997 1366 non
3057 1321 3174 1377 est;
3213 1310 3395 1366 absit:
3429 1309 3560 1379 quid

1969 1402 2190 1456 autem?
2221 1404 2402 1472 ipsum
2437 1402 2721 1459 Christum
2752 1405 3000 1458 relative.
3062 1401 3226 1456 Solus
3267 1402 3411 1456 enim
3446 1403 3562 1469 ipse

1970 1493 2285 1548 incarnatus
2339 1503 2424 1548 est
2479 1493 2622 1549 Deus
2676 1493 2939 1548 Verbum.
2992 1493 3175 1562 Ipsum
3217 1507 3348 1547 vero
3397 1491 3560 1545 Chri-

1972 1593 2114 1639 stum
2163 1585 2422 1649 adorans,
2476 1585 2620 1641 haud
2672 1586 2838 1640 dubie
2867 1585 3157 1640 coadoravi
3201 1585 3416 1640 Patrem
3455 1601 3560 1638 una

1971 1687 2026 1732 et
2064 1677 2346 1746 Spiritum.
2381 1678 2563 1745 Quare
2616 1679 2672 1734 in
2705 1680 2941 1749 imagine
3001 1683 3200 1735 merito
3234 1681 3562 1751 intelligetur

1971 1779 2026 1826 et
2045 1771 2258 1826 dicetur
2285 1771 2531 1834 relativa,
2550 1773 2604 1826 in
2631 1773 2751 1842 ipso
2780 1782 2962 1827 autem
2987 1773 3207 1828 Christo
3238 1773 3558 1838 latreutica;

1973 1871 2157 1933 utpote
2201 1863 2368 1918 simul
2400 1863 2684 1920 intellecto
2734 1875 2787 1918 et
2816 1863 2984 1919 simul
3035 1867 3264 1918 adorato
3309 1873 3362 1918 et
3399 1862 3561 1917 Patre

1969 1966 2021 2010 et
2046 1955 2276 2025 Spiritu.
2317 1972 2336 2005 ι

2042 2218 2208 2273 Recte
2237 2218 2422 2289 igitur,
2460 2220 2659 2285 amice,
2697 2221 2901 2274 habere
2933 2220 3064 2274 mihi
3087 2221 3292 2274 decisio
3324 2221 3557 2284 videtur,

1971 2313 2038 2366 de
2061 2312 2217 2366 beata
2234 2313 2454 2380 quidem
2469 2321 2522 2365 et
2536 2312 2812 2366 adoranda
2829 2312 3097 2367 Trinitate
3116 2314 3556 2383 praepositionem

1972 2402 2133 2456 simul
2174 2402 2448 2472 usurpari.
2483 2401 2658 2456 Simul
2685 2406 2828 2457 enim
2860 2403 3212 2475 bypostasntn
3246 2406 3545 2460 discrimen

1973 2493 2230 2558 innuens,
2253 2505 2462 2548 natura:
2521 2495 2784 2549 unitatem
2816 2495 3057 2561 exhibet,
3101 2496 3558 2565 quemadmodum

1975 2584 2027 2636 in
2080 2584 2336 2654 symbolo
2373 2585 2494 2639 ﬁdei
2533 2586 2674 2655 apud
2702 2587 3048 2641 Christianos
3079 2602 3272 2642 omnes
3316 2588 3556 2642 canitur.

1975 2677 2030 2730 In
2062 2677 2380 2732 adoratione
2419 2693 2547 2733 vero
2573 2678 2778 2733 Christi
2819 2689 2872 2732 et
2912 2680 3170 2749 imaginis
3203 2680 3344 2750 ejus,
3377 2681 3558 2734 locum

1976 2784 2083 2824 non
2137 2770 2299 2825 habet
2352 2773 2732 2842 prazpositouis
2762 2773 2926 2827 simul
2957 2774 3244 2844 usurpatio
3279 2793 3291 2827 :
3330 2775 3558 2845 alioqui,

1976 2865 2123 2933 quod
2182 2863 2310 2920 inde
2365 2874 2708 2936 sequeretur,
2745 2867 2883 2922 duas
2931 2868 2985 2921 in
3022 2869 3343 2938 hypostases
3393 2885 3559 2923 unam

1977 2957 2244 3013 dirimens
2275 2958 2635 3030 bypostasim,
2677 2961 2973 3017 abduceret
3022 2977 3123 3018 nos
3173 2964 3240 3018 ad
3293 2976 3562 3020 creatura:

1978 3053 2160 3106 cultus
2199 3053 2551 3122 impietatem.
2596 3053 2780 3125 Itaque
2835 3057 3030 3111 merito
3081 3069 3426 3127 assumptum
3478 3069 3562 3113 cst

1980 3155 2306 3211 pronomen,
2371 3147 2514 3213 quod
2553 3146 2818 3200 unitatem
2853 3147 3165 3218 hypostasis
3192 3149 3246 3202 in
3289 3151 3560 3204 ambobus

1976 3249 2201 3289 servans
2225 3277 2240 3300 ,
2285 3235 2654 3292 diversitatem
2685 3239 2971 3310 distinguit
2999 3250 3348 3298 naturarum.
3414 3263 3432 3294 ι
3469 3241 3562 3296 Est

1976 3325 2164 3394 igitur,
2189 3325 2266 3379 ait
2297 3325 2739 3396 sapientissimus
2771 3328 3082 3400 Dionysius,
3111 3332 3343 3386 alterum
3393 3333 3447 3386 in
3485 3343 3562 3385 at-

1979 3431 2114 3484 tcro,
2147 3432 2342 3490 praeter
2366 3421 2686 3475 substantia:
2716 3422 3162 3490 discrepantiam.
3231 3425 3561 3496 Discrepan-

1977 3513 2108 3567 tiam
2135 3522 2315 3568 autem
2336 3514 2655 3570 substantia:
2687 3531 2811 3569 cum
2844 3517 3002 3583 dixit,
3034 3516 3374 3572 identitatem
3408 3519 3562 3573 vide-

1975 3607 2103 3664 licet
2131 3608 2460 3680 hypostasis,
2508 3620 2779 3680 quatenus
2811 3612 3040 3666 alterum
3089 3615 3145 3668 in
3195 3614 3388 3680 altero,
3425 3615 3559 3670 insi-

1978 3701 2168 3756 nuavit
2197 3700 2389 3770 :juxta
2420 3716 2586 3769 quam
2624 3702 2850 3756 relativa
2877 3718 3098 3773 quoque
3150 3705 3398 3760 adoratio
3425 3722 3560 3762 con-

1977 3792 2168 3846 stituta
2196 3801 2297 3847 est.
2331 3791 2542 3870 Relatio
2582 3793 2748 3860 enim,
2779 3803 2838 3848 ut
2885 3795 3060 3861 aiunt,
3087 3812 3278 3852 eorum
3316 3810 3400 3854 est
3439 3816 3561 3869 quze

1979 3885 2044 3938 ad
2093 3883 2337 3953 aliquid;
2375 3885 2539 3939 simul
2571 3885 2716 3938 enim
2771 3894 2922 3952 sunt,
2954 3898 3009 3941 et
3040 3889 3181 3942 inter
3228 3905 3287 3945 se
3329 3905 3561 3944 conver-

1977 3985 2189 4041 tuntur,
2222 3984 2281 4031 ut
2309 3977 2664 4048 archetypum
2711 3979 2774 4032 ad
2805 3979 3120 4047 imaginem.
3152 3979 3260 4035 Nec
3298 3982 3442 4036 enim
3476 3983 3553 4036 al-

1979 4077 2156 4123 terum
2181 4081 2304 4124 esse
2333 4069 2503 4138 possit
2540 4069 2713 4122 altero
2747 4084 2854 4122 non
2882 4081 3149 4138 praesente
3173 4087 3186 4134 ;
3213 4073 3356 4127 sicut
3389 4073 3458 4128 de
3491 4076 3559 4130 iis

1979 4178 2100 4231 qure
2121 4162 2283 4215 simul
2305 4171 2433 4216 sunt
2456 4161 2901 4230 philosophatum
2937 4173 3041 4218 est.
3060 4163 3345 4232 Adjectum
3367 4182 3555 4237 porro,

1977 4254 2082 4306 sive
2113 4254 2520 4323 homonymica;
2553 4253 2700 4322 quod
2733 4269 2930 4322 nempe
2977 4256 3226 4310 eamdem
3247 4259 3556 4328 emphasim

1978 4345 2174 4400 habeat
2199 4346 2312 4400 haec
2333 4346 2521 4399 dictio.
2547 4345 2754 4400 Nomen
2773 4346 2920 4401 enim
2943 4349 3208 4403 nominati
3227 4366 3426 4406 nomen
3449 4365 3552 4407 est.

1975 4437 2156 4504 Quare
2189 4437 2278 4492 hic
2315 4451 2534 4509 quoque
2561 4439 2911 4494 relativorum
2937 4449 3021 4496 est
3058 4442 3198 4498 ratio
3227 4461 3241 4498 :
3272 4445 3555 4513 quoniam,

294 4528 704 4600 ὀνομαζομένου
739 4527 931 4601 ὑνομα.
967 4531 1128 4584 Ὥστε
1181 4531 1457 4586 κάνταῦθα
1484 4535 1592 4588 τῶν
1613 4538 1748 4606 πρός
1773 4555 1827 4592 τι
1852 4542 1871 4592 tl

1984 4549 2050 4589 ex
2101 4533 2464 4604 phil050phia:
2521 4534 2826 4604 praeceptis,
2857 4535 3193 4607 homonyma
3225 4553 3346 4592 esse
3391 4539 3557 4595 doce-

292 4622 452 4693 λόγος
477 4638 492 4652 ·
543 4621 666 4676 ἐπεὶ
718 4622 814 4676 καὶ
842 4622 984 4676 κατὰ
1035 4621 1354 4692 φιλοσοφίας
1380 4625 1536 4693 λόγον
1561 4625 1708 4698 [cod.
1737 4626 1870 4702 Reg.

291 4712 442 4786 ὅρον]
470 4712 740 4785 ὁμώνυμά
765 4715 882 4767 ὲστι
910 4713 1273 4784 διδασκόμεθα
1298 4757 1313 4782 ,
1367 4709 1442 4770 ὧν
1488 4717 1656 4789 ᾰνομα
1714 4721 1876 4788 μόνον

294 4808 475 4862 κοινόν
494 4821 509 4836 ·
549 4807 578 4859 ὁ
597 4805 655 4858 δὲ
697 4807 835 4860 κατὰ
855 4805 1094 4876 τοῦνομα
1133 4805 1290 4876 λόγος
1327 4809 1428 4879 τῆς
1455 4811 1642 4875 οὐσίας
1665 4812 1871 4884 ἕτερος.

291 4894 406 4954 οἷον
459 4898 620 4962 αὐτὸς
653 4899 907 4968 Χριστὸς,
955 4901 1048 4952 καὶ
1099 4902 1129 4953 ό
1158 4903 1565 4972 γεγραμμένος.
1611 4905 1764 4958 Ἐπεὶ
1817 4908 1874 4960 δὲ

294 4993 410 5057 καὶ,
428 4992 827 5060 ὺποστιιτικὴ.
855 4991 1197 5062 πρόσκειται,
1223 4995 1381 5049 τοῦτο
1399 4997 1694 5070 διαρρήδην
1729 5000 1875 5069 ὡμο-

292 5084 521 5155 λόγηται
573 5083 721 5156 [cod.
771 5084 899 5155 Reg.
934 5085 1380 5160 ἀποδέδεικταιγ
1435 5090 1516 5143 ὅτι
1567 5091 1665 5160 οὐχ
1711 5094 1878 5163 ἑτέρα

293 5177 595 5241 ὑπόστασις
617 5177 768 5248 παρὰ
787 5177 886 5248 τὴν
905 5179 998 5230 τοῦ
1029 5179 1270 5248 Χριστοῦ
1300 5182 1360 5233 ὲν
1386 5184 1454 5253 τῇ
1489 5183 1652 5236 αὑτοῦ
1684 5185 1874 5248 εἰκόνι,

295 5269 414 5323 ἀλλ’
439 5269 578 5339 αὐτὴ
605 5268 670 5340 δὴ
702 5269 999 5333 ὑπόστασις
1031 5271 1294 5343 Χριστοῦ,
1322 5273 1488 5344 ἤγουν
1517 5276 1547 5327 ό
1591 5279 1878 5348 χαρακτὴρ

293 5361 374 5432 τῷ
397 5361 496 5431 τῆς
530 5361 745 5432 μορφῆς
783 5361 947 5415 αὐτοῦ
999 5363 1130 5416 είδει
1164 5365 1552 5435 ὲκφαινόμενός
1581 5368 1640 5420 τέ
1675 5372 1789 5423 ἐστι
1822 5373 1878 5423 ἐν

293 5454 362 5522 τῇ
394 5451 562 5504 εἰκόνι
611 5451 706 5504 καὶ
736 5454 1211 5523 προσκυνούμενος
1237 5472 1252 5488 ⁸
1281 5458 1376 5510 καὶ
1431 5457 1668 5528 ἔρςὶωται
1697 5464 1724 5514 ὁ
1769 5465 1876 5527 πᾶς

294 5539 452 5609 λόγος
489 5544 601 5604 τοῖς
649 5541 815 5610 ὑγιῶς
850 5541 1128 5612 φρονοῦσι.
1185 5543 1329 5614 Πρὸς
1377 5545 1434 5598 δὲ
1490 5547 1552 5599 τὸ
1609 5549 1876 5606 πίστωσιν

297 5633 444 5701 ἔχειν
478 5633 677 5702 μᾶλλον
733 5633 821 5686 τὸν
855 5634 1038 5702 λόγον,
1071 5637 1368 5705 ἀναγκαῖον
1411 5641 1704 5713 ἡγησάμην
1734 5651 1880 5716 τρεῖς

295 5728 521 5798 χρήσεις
559 5725 834 5796 Πατρικὰς
890 5727 1169 5783 ὑποθεῖναι
1221 5732 1286 5802 τῇ
1338 5732 1630 5804 ἐπιστολῇ·
1686 5738 1758 5801 ὡς
1819 5740 1882 5794 ἂν

366 5845 408 5876 ³³
440 5845 593 5896 Deut.
621 5857 733 5904 xix,
763 5842 845 5895 15.

1980 4644 2126 4692 mur,
2160 4642 2393 4698 quorum
2440 4641 2639 4681 nomen
2679 4627 2854 4682 solum
2887 4641 3177 4682 commune
3218 4638 3329 4694 05‘;
3370 4645 3559 4685 essen-

1979 4719 2069 4774 tia:
2118 4733 2250 4773 vero
2302 4716 2462 4783 ratio,
2503 4732 2627 4786 quae
2679 4716 2884 4770 nomini
2943 4717 3151 4783 subest,
3205 4717 3413 4772 diversa
3451 4737 3467 4785 ;
3500 4732 3560 4774 ut

1981 4810 2234 4866 Christus
2267 4809 2401 4878 ipse,
2437 4817 2493 4863 et
2526 4809 2618 4878 qui
2651 4808 2831 4877 pictus
2869 4816 2974 4861 est.
3007 4807 3146 4862 Cum
3188 4819 3370 4865 autem
3401 4813 3558 4866 addi-
3613 4869 3616 4872 ,

1983 4913 2093 4967 tur,
2145 4902 2252 4956 sive
2304 4901 2658 4972 Itypostutica,
2696 4900 2800 4954 hoc
2853 4899 3056 4954 diserte
3109 4904 3392 4969 asseritur,
3449 4921 3556 4958 non

1981 4989 2164 5055 aliam,
2193 5004 2359 5060 quam
2413 4988 2638 5050 Christi,
2679 4989 2730 5040 in
2763 4988 2884 5057 ejus
2933 4989 3170 5059 imagine
3220 4992 3556 5062 hypostasiin

1981 5098 2122 5148 esse,
2155 5083 2248 5138 sed
2278 5081 2570 5151 ipsammet
2608 5081 2797 5150 utique
2827 5082 3162 5152 hypostasim
3188 5081 3414 5150 Christi,
3444 5087 3561 5141 sive

1982 5178 2352 5232 characterem
2389 5190 2486 5244 per
2521 5174 2714 5229 forma:
2751 5176 2926 5245 ipsius
2953 5177 3193 5245 speciem
3230 5179 3472 5248 conspici
3503 5181 3558 5234 in

1981 5271 2216 5341 imagine
2261 5279 2316 5323 et
2355 5268 2573 5322 adorari
2609 5285 2623 5322 :
2658 5280 2817 5338 atque
2857 5270 2928 5322 ita
2970 5270 3289 5325 continuata
3329 5281 3414 5325 est
3447 5281 3558 5326 tota

1979 5364 2155 5418 oratio
2181 5361 2326 5432 apud
2351 5377 2446 5417 eos
2471 5362 2568 5432 qui
2598 5369 2743 5418 recte
2770 5362 3028 5417 sentiunt.
3057 5364 3138 5418 Ad
3164 5365 3425 5434 majorem
3457 5381 3559 5419 au-

1981 5469 2085 5516 tem
2111 5455 2270 5512 (idem
2302 5470 2491 5510 eorum
2527 5470 2650 5524 qua:
2683 5453 2829 5509 dicta
2864 5465 3012 5517 sunt,
3049 5459 3420 5512 necessarium
3454 5461 3558 5513 du.

1979 5551 2160 5604 ximus
2195 5557 2306 5602 tres
2353 5546 2576 5602 Patrum
2618 5548 2918 5601 sententias
2957 5547 3203 5617 epistolae
3252 5551 3554 5617 subjicere;

1991 5649 2048 5694 nt
2084 5641 2168 5695 hic
2195 5639 2358 5694 etiam
2385 5638 2673 5707 impleatur
2702 5637 2847 5705 quod
2882 5637 3143 5707 scriptum
3172 5649 3255 5690 cst
3279 5657 3299 5690 -:
3340 5638 3400 5692 In
3431 5642 3560 5694 duo-

1992 5741 2084 5792 bus
2116 5746 2163 5790 et
2196 5734 2361 5789 tribus
2393 5732 2606 5789 testibus
2648 5730 2806 5784 stabit
2838 5747 2986 5785 omne
3025 5733 3232 5785 verbum
3260 5733 3323 5786 ³³.
