4102 6374
559 292 695 362 1591

545 508 693 567 πεῖν.

692 621 1063 695 Cltrysottomt'
1095 640 1160 678 ea:
1184 622 1625 692 interpretatione
1656 619 1712 673 in
1747 617 1972 674 Peluim.

618 797 693 854 Ut
735 812 863 854 cum
903 802 1067 867 regiae
1103 794 1305 864 etﬁgies
1332 803 1387 848 et
1423 792 1693 862 imagines
1723 792 1777 846 in
1810 789 2001 848 urbem
2048 789 2132 842 af.

545 889 822 954 feruntur,
862 889 1080 944 obviam
1114 886 1424 958 procedunt
1479 885 1838 956 magistratus
1866 890 1922 937 et
1956 880 2142 952 populi

545 999 672 1038 cum
740 980 936 1038 faustis
976 978 1489 1044 acclamationibus,
1551 992 1660 1030 non
1732 974 1948 1032 tabulas
1986 1012 2002 1038 ,
2048 981 2144 1028 aut

544 1089 734 1131 cereas
763 1072 1006 1144 picturas
1038 1073 1395 1136 honorantes,
1432 1068 1525 1124 sed
1560 1067 1767 1138 regiam
1800 1065 2092 1136 imaginem
2119 1081 2136 1131 ;

547 1165 629 1220 sic
692 1172 970 1229 creatura,
1003 1177 1111 1218 non
1147 1173 1421 1217 terrenam
1485 1159 1716 1229 liguram
1751 1159 2004 1220 honorat,
2039 1157 2136 1211 sed

544 1256 824 1314 cmlestem
859 1253 1087 1325 elligiem
1108 1264 1420 1310 veneratur.

613 1370 819 1442 Synodi
848 1369 1189 1424 Antiocheam
1218 1371 1316 1423 sub
1361 1367 1678 1422 Theodorito
1724 1367 2056 1435 patriarcha.

613 1529 733 1586 Non
762 1539 822 1586 ut
854 1531 1087 1586 alterum
1122 1529 1318 1595 forma,
1348 1529 1442 1584 sed
1476 1537 1535 1583 ut
1583 1528 1764 1598 ipsum
1797 1543 1965 1583 unum
2019 1526 2131 1582 Do-

543 1627 755 1680 minum
817 1625 872 1678 in
933 1640 1040 1679 una
1102 1622 1277 1678 forma
1326 1623 2020 1691 exsistentem;quatenus
2081 1630 2136 1676 et

1768 288 1829 348 s.
1882 237 2270 346 rationem
2324 286 2671 348 srumrr:

549 414 815 489 πληρωθῇ
875 413 1157 472 κάνταῦθα
1194 433 1210 448 ο
1277 412 1413 470 Ἐπὶ
1487 411 1599 466 δύο
1677 409 1776 464 καὶ
1835 406 2013 478 τριῶν
2085 409 2401 480 μαρτύρων
2463 409 2832 479 σταθήσεται
2901 408 3028 466 πᾶν

2165 619 2216 679 Α

3696 286 3836 349 1:382

3114 409 3322 480 ῥῆμα,
3386 410 3684 480 Γραφικῶς
3753 415 3836 464 ει.

2386 614 2499 672 Τοῦ
2528 614 3198 754 Χρυσοστόμὶρχε
3232 615 3554 685 ἑρμηνείας
3582 614 3691 668 τοῦ

2315 784 2484 838 Ὅταν
2509 781 2779 856 βασιλικοί
2807 781 3156 853 χαρακτῆρες
3186 779 3279 834 καὶ
3305 778 3519 844 εἰκόνες
3557 781 3643 844 εἰς
3672 780 3836 835 πόλιν

2241 875 2627 947 εἰσφέρωνται,
2668 872 2985 928 ὑπαντῶσιν
3020 871 3281 942 ἄρχοντες
3333 871 3430 926 καί⁵
3485 871 3654 940 δῆμοι
3713 872 3836 940 μετ’

2240 969 2518 1039 εὐφημίας
2542 983 2557 998 ο
2580 966 2644 1020 οὺ
2675 965 2864 1020 σανίδα
2899 963 3190 1034 τιμῶντες,
3221 963 3346 1018 οὐδὲ
3372 962 3472 1034 τὴν
3525 962 3836 1034 κηρόχυτον

2239 1062 2481 1134 γραφὴν,
2508 1059 2647 1114 ἀλλὰ
2669 1059 2762 1114 τὸν
2793 1057 3118 1129 χαρακτῆρα
3148 1055 3241 1110 τοῦ
3266 1055 3557 1126 βασιλέως
3591 1054 3771 1119 οὕτως
3797 1059 3834 1126 ἡ

2237 1155 2436 1220 κτίσις,
2466 1153 2528 1208 οὐ
2554 1152 2616 1208 τὸ
2643 1153 2831 1223 γήϊνον
2873 1153 3060 1224 σχῆμα
3090 1151 3249 1223 τιμᾷ,
3283 1149 3421 1208 ἀλλὰ
3452 1149 3546 1204 τὸν
3574 1149 3836 1221 οὐράνιον

2241 1247 2568 1320 χαρακτῆρα
2591 1247 2842 1300 αἰδεῖται.

2245 1361 2360 1433 Τῆς
2387 1362 2459 1416 ἐν
2495 1362 2826 1431 ’Δντιοχείᾲ
2858 1358 3130 1484 συν-ἔδον
3155 1360 3259 1415 ἐπὶ
3303 1358 3670 1429 Θεοδωρίτου
3719 1377 3836 1417 παι·

2876 1448 2966 1484 τοι
3008 1447 3182 1484 010v.

2876 1447 3044 1485 τοιαο
3051 1447 3081 1485 1
3089 1447 3182 1485 0v.

2876 1447 3182 1499 τριαρχου.

2311 1527 2423 1597 Οὐχ
2455 1526 2532 1590 ὡς
2572 1526 2760 1597 ἕτερον
2795 1528 2861 1598 τῇ
2904 1528 3112 1598 μορφῇ,
3147 1525 3263 1580 ἀλλ’
3291 1527 3368 1592 ὡς
3400 1527 3568 1581 αὑτὸν
3593 1527 3695 1580 ἕνα
3723 1528 3838 1580 Κό-

2245 1636 2360 1691 ριον
2391 1621 2451 1673 ἐν
2484 1621 2585 1690 μιᾷ
2636 1621 2817 1691 μορφῇ
2846 1619 2978 1674 ὄντα
3001 1637 3016 1651 ο
3050 1619 3172 1673 καθ’
3192 1619 3252 1672 ὃν
3293 1621 3386 1673 καὶ
3428 1623 3730 1693 χαρακτὴρ
3755 1616 3837 1686 εἷς

545 1722 832 1776 character
880 1735 1026 1776 unus
1073 1718 1249 1774 Patris
1309 1719 1634 1774 substantiae
1682 1728 1863 1782 natus,
1912 1725 1969 1772 et
2012 1728 2136 1772 ante

2248 1711 2506 1781 πεφυκὼς
2537 1714 2638 1782 τῆς
2669 1711 2764 1766 τοῦ
2793 1712 3007 1785 Πατρδς
3038 1713 3412 1778 ὑποστάσεως,
3438 1715 3537 1768 καὶ
3562 1715 3675 1786 πρὸ
3709 1734 3839 1787 σαρ-

545 1828 773 1868 carnem
835 1812 1192 1882 incorporeus
1225 1823 1366 1878 eral,
1405 1820 1459 1868 et
1494 1811 1548 1865 in
1577 1826 1741 1866 carne
1769 1825 1913 1866 unus
1942 1818 2059 1877 est;
2083 1818 2137 1863 et

546 1907 602 1959 in
635 1904 874 1974 imagine
896 1904 1038 1958 idem
1061 1918 1202 1957 unus
1229 1912 1334 1967 est,
1368 1917 1475 1957 non
1506 1901 1717 1956 divisus
1739 1901 1796 1956 in
1836 1902 1975 1957 duos
2004 1901 2135 1956 cha-

546 2005 811 2063 racteres,
850 2012 948 2050 nec
986 1996 1041 2050 in
1082 1995 1219 2050 duas
1251 1995 1462 2050 scissus
1488 1995 1726 2065 glorias;
1757 1993 1851 2050 sed
1885 1994 1939 2046 in
1970 2007 2134 2046 unam

545 2088 883 2144 coalescens.
927 2086 990 2139 Et
1017 2098 1131 2156 post
1163 2087 1274 2140 alia
1304 2102 1323 2141 :
1355 2086 1462 2141 Sed
1499 2083 1961 2155 quemadmodum
2021 2085 2138 2153 ipse

545 2193 692 2234 unus
714 2187 799 2232 est
827 2193 895 2232 ex
926 2177 1147 2232 duobus
1205 2175 1525 2240 contrariis,
1555 2184 1611 2230 et
1643 2177 1699 2230 in
1730 2191 1895 2230 unatn
1951 2174 2136 2230 coale-

555 2271 662 2332 scit
699 2285 990 2342 personam
1016 2288 1032 2338 ;
1063 2269 1146 2326 sic
1170 2269 1332 2326 etiam
1360 2268 1534 2339 ipsius
1563 2269 1744 2339 imago
1775 2277 1830 2324 et
1849 2282 1956 2322 una
1978 2277 2062 2323 est
2087 2275 2141 2322 et

545 2363 792 2434 ejusdem
847 2363 1008 2418 unius
1059 2361 1512 2430 Cbristimeque
1566 2361 1796 2415 alterum
1856 2359 2139 2414 characte-

547 2472 662 2511 rem
699 2457 1004 2512 secundum
1049 2470 1269 2512 carnem
1325 2453 1648 2525 apparuisse
1693 2453 1850 2508 nobis
1881 2453 2137 2517 dicimus,

547 2559 613 2618 ct,
657 2549 889 2604 alterum
950 2549 1008 2602 in
1085 2546 1327 2616 imagine
1375 2539 1726 2603 eti‘ormatum
1759 2546 2137 2600 characterem

543 2642 698 2710 juxta
732 2641 971 2710 speciem
1010 2639 1206 2696 forma:
1233 2639 1444 2709 ipsius;
1485 2639 1582 2694 sed
1611 2638 1873 2694 eumdum
1905 2650 2076 2691 unum
2120 2651 2135 2687 :

547 2733 806 2802 quoniam
835 2747 1015 2802 neque
1053 2733 1344 2788 character
1373 2732 1555 2788 dictus
1587 2741 1672 2786 est
1699 2739 1974 2802 quatenus
2015 2743 2139 2782 cor-

549 2841 676 2894 pus.
708 2828 801 2882 sed
836 2834 1106 2896 quatenus
1141 2826 1502 2894 incorporeus
1531 2841 1546 2880 :
1575 2833 1630 2879 et
1668 2823 1773 2878 hoc
1805 2821 2010 2876 clarius
2041 2832 2139 2888 per

2242 1804 2339 1867 κὸς
2365 1803 2658 1876 ἀσώματος
2689 1801 2769 1870 εἷς
2804 1823 2864 1859 τε
2901 1801 2993 1877 ἦν,
3027 1807 3124 1860 καὶ
3153 1808 3213 1860 ὲν
3246 1807 3416 1876 σαρκὶ
3439 1802 3523 1870 εἷς
3557 1810 3704 1874 ἐστι,
3743 1812 3840 1864 καὶ

2243 1899 2301 1950 ὲν
2351 1898 2522 1951 εἰκόνι
2548 1899 2576 1952 ὁ
2604 1897 2766 1961 αὐτὸς
2795 1892 2878 1959 εἷς
2917 1899 3171 1970 ὑπάρχει·
3208 1899 3283 1970 μὴ
3312 1899 3702 1970 διαιρούμενος
3757 1903 3839 1968 εις

2242 1991 2336 2045 δύο
2372 1993 2728 2064 χαρακτῆρας
2751 2009 2766 2023 ο
2809 1993 2948 2064 μήτε
2976 1993 3033 2046 δὲ
3065 1991 3382 2064 σχιζόμενος
3417 1995 3500 2058 εἰς
3525 1995 3622 2048 δύο
3654 1995 3835 2059 δόξας·

2243 2084 2359 2138 ἀλλ’
2387 2085 2468 2148 εἰς
2521 2085 2651 2156 μίαν
2705 2085 3096 2156 συναγόμενος.
3129 2087 3240 2140 Καὶ
3278 2089 3407 2156 μεθ’
3434 2088 3646 2155 ἕτεραι
3693 2090 3837 2143 Ἀλλ’

2244 2176 2434 2248 ὥσπερ
2459 2177 2623 2242 αὐτὸς
2660 2170 2743 2240 εἷς
2771 2178 2922 2231 ἐστιν
2950 2181 3014 2232 ἐκ
3037 2177 3132 2232 δύο
3178 2179 3286 2234 τῶν
3311 2181 3592 2248 ἐναντίων,
3625 2184 3724 2237 καὶ
3757 2185 3842 2248 εἰς

2245 2269 2304 2322 ἓν
2340 2271 2632 2339 συνάγεται
2671 2271 2963 2343 πρόσωπον
2991 2288 3004 2304 ·
3037 2270 3180 2326 οὕτω
3208 2274 3300 2327 καὶ
3324 2273 3492 2328 εἰκὼν
3524 2277 3697 2331 αὑτοῦ
3737 2279 3844 2346 μία

2246 2360 2305 2414 τέ
2332 2361 2470 2426 ἔστι,
2499 2362 2594 2415 καὶ
2626 2361 2721 2416 τοῦ
2756 2361 2923 2416 αὐτοῦ
2946 2361 3064 2426 ἑνὸς
3084 2363 3349 2434 Χριστοῦο
3382 2365 3480 2419 καί
3514 2367 3615 2438 οὐχ
3645 2369 3844 2439 ἕτερον

2245 2453 2571 2522 χαρακτῆρα
2626 2453 2863 2525 ἐροῦμεν
2920 2454 3010 2510 τὸν
3062 2456 3205 2510 κατὰ
3257 2457 3438 2530 σάρκα
3497 2460 3842 2527 ἐπιφανέντα

2245 2545 2400 2615 ἡμῖν,
2434 2545 2528 2597 καὶ
2578 2545 2766 2616 ἕτερον
2817 2547 2910 2600 τὸν
2961 2547 3084 2602 κατ’
3120 2549 3308 2604 εἰκόνα
3357 2552 3842 2621 σχηματιζόμενα

2247 2639 2574 2710 χαρακτῆρα
2604 2640 2663 2691 ὲν
2699 2639 2832 2694 εῖδει
2891 2639 3106 2711 μορφῆς
3137 2639 3303 2694 αὑτοῦ
3337 2658 3353 2674 ·
3381 2641 3522 2696 ἀλλὰ
3547 2643 3642 2697 τὸν
3669 2645 3840 2698 αὑτὸν

2246 2727 2373 2784 Eva‘
2423 2727 2546 2780 ἐπεὶ
2599 2729 2741 2798 μήτε
2791 2728 2927 2782 καθὸ
2959 2728 3121 2800 σῶμα
3168 2731 3197 2784 6
3245 2731 3536 2804 χαρακτὴρ
3589 2736 3834 2805 εἰρηται,

2247 2818 2382 2874 ἀλλὰ
2408 2820 2544 2873 καθὸ
2576 2820 2892 2890 ἀσώματονο
2923 2821 3194 2877 καὶτοῦτο
3219 2823 3423 2892 μᾶλλον
3446 2824 3536 2879 διὰ
3557 2827 3656 2880 τοῦ
3687 2827 3834 2882 θείου

507 2917 510 2924 ’
549 2917 798 2970 divinum
831 2914 1294 2985 Cbrysostomum
1315 2914 1696 2984 explicabitur,
1723 2912 1819 2983 qui
1853 2911 2138 2966 characte-

2242 2913 2634 2983 Χρυσοστόμου
2665 2913 3199 2984 διευκρινηθήσεται,
3224 2916 3318 2969 τὸν
3370 2917 3708 2990 χαρακτῆρα
3739 2921 3838 2973 οὐ·

550 3021 666 3062 rem
688 3006 969 3062 ctelestem
999 3006 1151 3072 dicit,
1183 3007 1382 3076 quippe
1410 3007 1506 3076 qui
1544 3021 1574 3060 e
1613 3005 1776 3068 caelo,
1808 3018 1920 3059 non
1945 3010 2136 3073 quate-

2246 3004 2429 3076 ράνιον
2481 3004 2751 3073 λέγοντος,
2783 3007 3015 3078 ἐπείπερ
3043 3007 3141 3062 καὶ
3185 3009 3246 3075 ἐξ
3297 3009 3555 3079 οὐρανοῦ,
3592 3013 3656 3064 οὐ
3694 3013 3836 3066 καθὸ

554 3115 659 3154 nus
693 3115 914 3182 corpus,
955 3101 1051 3156 sed
1093 3109 1367 3171 quatenus
1406 3099 1787 3170 incorporeus,
1822 3097 2136 3169 unigenitus

2245 3099 2426 3165 σῶμα,
2453 3096 2591 3152 ἀλλὰ
2616 3096 2753 3152 καθὸ
2783 3097 3076 3169 ἀσώματον
3101 3140 3116 3164 ,
3151 3102 3181 3154 6
3209 3101 3506 3172 μονογενὴς
3531 3101 3670 3166 Θεὸς
3701 3121 3835 3157 κατ-

552 3191 701 3248 Deus
725 3192 1065 3248 descendens
1096 3193 1164 3248 de
1188 3191 1346 3247 cat-lis
1385 3191 1705 3246 incarnatus
1743 3198 1848 3257 est,
1885 3201 1940 3245 et
1967 3204 2138 3258 appa—

551 3285 664 3340 ruit
700 3299 932 3355 corpore
978 3292 1168 3341 nostro
1206 3284 1451 3338 indutus.
1501 3281 1572 3337 Et
1598 3290 1716 3353 post
1751 3299 1924 3352 pauca
1949 3299 1968 3337 :
1993 3281 2136 3352 Ergo

551 3379 684 3448 quia
709 3395 804 3448 per
827 3379 1146 3438 relationem
1169 3377 1350 3448 ipsum
1384 3377 2028 3440 ostenditcharactercm,
2054 3377 2136 3447 ip-

553 3486 677 3528 sum
728 3470 1010 3528 Christum
1059 3472 1378 3538 adoramus,
1428 3480 1485 3525 et
1530 3486 1642 3526 non
1688 3471 1971 3527 materiam
2018 3479 2136 3526 arte

554 3563 844 3633 ﬁguratam
871 3563 926 3618 in
964 3564 1222 3635 imagine.

1047 3675 1251 3749 Synodt'
1283 3676 1524 3732 Nicama:
1559 3675 1620 3730 Η
1660 3715 1674 3730 .

627 3791 804 3862 thui
828 3791 1020 3850 adorat
1046 3791 1366 3863 imaginem,
1388 3791 1583 3848 adorat
1611 3793 1664 3845 in
1699 3808 1762 3847 ea
1796 3793 2130 3863 hypostasim

550 3885 670 3956 ejus
703 3885 798 3954 qui
836 3885 1084 3954 depictus
1135 3895 1238 3939 est.

833 3997 1037 4055 CXCV.
1065 4030 1136 4042 -—
1161 3999 1422 4058 Eudact’a:
1466 4001 1879 4056 Candidatissw.

2242 3189 2413 3244 ελθὼν
2441 3191 2506 3244 ὲκ
2538 3188 2647 3244 τῶν
2677 3190 2926 3261 οὐρανῶν
2950 3191 3262 3264 ἐσαρκώθη,
3279 3194 3372 3247 καὶ
3396 3195 3641 3263 ὲπὲφανε
3673 3196 3838 3267 σῶμα

2243 3282 2601 3353 περιθέμενος
2632 3282 2696 3334 τὸ
2745 3282 3036 3354 ἡμέτερον.
3065 3285 3178 3338 Καὶ
3200 3287 3329 3354 μετ’
3363 3286 3543 3356 ὀλίγα
3570 3305 3585 3319 ο
3619 3289 3838 3342 Οὐκοῦν

2242 3375 2366 3429 ἐπεὶ
2403 3375 2546 3429 κατὰ
2580 3375 2864 3446 ἀναφορὰν
2897 3361 3061 3430 αὐτὸν
3089 3377 3333 3432 δείκνυσι
3359 3379 3450 3432 τὸν
3479 3384 3834 3453 χαρακτῆρα,

2243 3469 2408 3526 αὐτὸν
2436 3468 2672 3540 Χριστὸν
2707 3468 3144 3540 προσκυνοῦμεν,
3175 3472 3268 3524 καὶ
3309 3472 3370 3525 οὑ
3401 3470 3501 3544 τὴν
3557 3473 3698 3542 ῦλην
3742 3492 3836 3528 τε-

2241 3563 2443 3634 χνικῶς
2472 3565 2953 3636 σχηματιζομένην
2981 3567 3040 3620 ὲν
3067 3568 3134 3637 τῇ
3169 3566 3363 3622 εἰκόνι.

2547 3677 2667 3747 Τῆς
2693 3679 2766 3733 ἐν
2793 3681 3010 3748 Natale
3037 3680 3307 3736 συνόδου
3334 3681 3402 3735 τὸ
3435 3684 3518 3737 B'.

2314 3796 2427 3850 Kal.
2454 3796 2484 3848 6
2517 3795 2838 3868 προσκυνῶν
2867 3797 2965 3867 τὴν
2992 3797 3202 3863 εἰκόνα,
3239 3801 3540 3870 προσκυνεῖ
3577 3801 3639 3853 ἐν
3693 3801 3836 3874 αὐτῇ

2240 3888 2335 3942 τοῦ
2369 3889 2780 3960 ἐγγραφομένου
2811 3890 2909 3962 τὴν
2942 3890 3255 3944 ὑπόστασιν.

2321 4004 2465 4072 Ριιεν
2495 4005 2628 4074 (89).
2659 4034 2727 4046 --
2750 4004 3015 4074 Εὑδοκίᾳ
3038 4005 3512 4076 Κωδιὸατίσσῃ.
3552 4007 3725 4084 [ψπη

1550 4112 1755 4176 Egi-um
1781 4112 1922 4163 vanis
1945 4115 2218 4166 terroribus
2240 4117 2456 4167 animum
2494 4117 2799 4168 corroborat.

627 4224 930 4280 lndicatum
959 4234 1044 4279 est
1075 4223 1209 4278 mihi
1230 4240 1262 4280 a
1289 4221 1456 4280 fratre
1492 4223 1734 4284 Silvano.
1762 4225 2134 4282 honoriﬁcen-
2167 4234 2216 4292 ο

555 4319 688 4372 tiam
720 4325 870 4372 tuam
894 4315 946 4369 in
981 4329 1224 4370 maerore
1253 4329 1398 4380 esse,
1435 4326 1653 4386 propter
1685 4325 1887 4372 metum
1939 4334 2133 4387 quem-

556 4412 682 4465 dam
715 4418 771 4464 et
803 4405 1114 4471 terrorem,
1142 4407 1240 4478 qui
1286 4411 1523 4464 animam
1568 4411 1790 4482 absque.
1815 4413 1925 4467 ulla
1965 4429 2132 4468 causa

481 4508 484 4512 ί
557 4503 864 4571 occupavit.
919 4501 1074 4567 Quod
1130 4502 1362 4558 audiens
1398 4519 1499 4574 ego
1548 4505 1772 4561 humilis
1809 4507 1952 4560 haud
2014 4508 2136 4563 sine

555 4593 726 4648 animi
772 4608 939 4648 sensu
983 4593 1106 4657 tuli,
1137 4594 1231 4649 sed
1265 4595 1438 4662 dolui,
1479 4607 1839 4668 precatusque
1879 4614 2027 4666 sum,
2065 4601 2134 4654 li-

554 4695 638 4738 cet
668 4681 923 4752 indignus
949 4682 1041 4752 qui
1095 4699 1126 4737 a
1157 4683 1272 4739 Deo
1308 4686 1590 4753 exaudiar,
1630 4696 1689 4742 ut
1718 4703 1748 4742 a
1782 4697 1834 4744 te
1873 4691 2134 4746 abscedat

554 4773 642 4828 hic
655 4784 852 4828 metus.
873 4772 1016 4840 Quin
1041 4791 1189 4830 nunc
1207 4777 1371 4830 etiam
1386 4785 1439 4832 et
1455 4792 1555 4847 ego
1569 4788 1623 4833 et
1637 4779 1893 4837 dominus
1915 4783 2134 4838 archie-

551 4867 829 4936 piscOpus,
849 4877 902 4921 et
930 4866 1127 4922 fratres
1154 4868 1317 4922 simul
1347 4880 1506 4924 orant
1538 4880 1599 4925 ut
1625 4871 1799 4941 pietas
1819 4885 1908 4929 tua
1938 4874 2008 4930 ab
2031 4879 2134 4932 hoc

552 4961 747 5014 morbo
762 4961 1126 5014 convalescat.
1145 4958 1414 5016 Caeterum
1430 4963 1655 5019 morbus
1665 4964 1775 5033 hic,
1788 4966 2135 5034 domina,ab-

553 5052 754 5107 surdus
794 5061 952 5106 estet
977 5053 1101 5121 jure
1119 5056 1776 5128 contemnendus;neqne
1819 5061 2135 5118 existimare

551 5145 718 5199 debes
735 5147 913 5214 ipsum
935 5145 1033 5201 tibi
1055 5147 1356 5217 quidquam
1384 5150 1510 5204 mali
1537 5151 1732 5208 all‘erre
1751 5170 1915 5223 posse
1935 5170 1949 5209 :
1966 5154 2140 5225 siqui-

551 5240 676 5293 dem
708 5239 984 5293 Christum
1011 5241 1200 5296 induta
1227 5257 1306 5308 es,
1349 5253 1403 5299 et
1438 5260 1658 5300 crucem
1683 5247 1806 5315 ejus
1842 5263 1941 5318 pro
1971 5247 2138 5305 armis

554 5332 722 5387 habes
749 5333 944 5401 :cujus
966 5333 1124 5405 signo
1151 5345 1200 5389 te
1222 5338 1500 5406 muniens,
1528 5355 1721 5396 omnes
1744 5342 1996 5412 protinus
2026 5342 2138 5396 dae-

552 5425 733 5484 monis
758 5427 1043 5483 machinas
1069 5429 1422 5498 expulsuram
1456 5440 1507 5487 te
1536 5432 1718 5498 crede,
1741 5434 1854 5490 sive
1875 5434 2135 5499 interdiu,

2323 4231 2596 4304 Ἐδηλὼθη
2656 4250 2748 4304 μοι
2795 4233 2900 4286 ὑπὸ
2954 4232 3050 4286 τοῦ
3101 4233 3333 4305 ἀδελφοῦ
3370 4237 3666 4293 Σιλουανοῦ
3697 4241 3830 4310 περὶ

2235 4323 2335 4393 τῆς
2363 4323 2679 4394 τιμιότητός
2710 4341 2826 4385 σου,
2857 4325 2940 4378 ὅτι
2971 4326 3030 4378 ἐν
3059 4325 3206 4400 λύπῃ
3235 4327 3350 4381 ἐστὶ
3402 4329 3492 4383 διὰ
3516 4331 3580 4382 τὸ
3607 4332 3828 4400 ἐγγίνε-

2239 4415 2364 4469 σθαι
2404 4432 2486 4469 σοι
2518 4416 2683 4484 φόϐον
2739 4415 2865 4469 τινὰ
2902 4416 2998 4469 καὶ
3040 4417 3268 4490 πτόησιν
3295 4420 3355 4472 ὲν
3396 4423 3462 4490 τῇ
3496 4421 3643 4494 ψυχῇ
3694 4425 3824 4478 ἄνευ

2235 4507 2382 4570 τινδς
2408 4507 2605 4571 αἰτίας.
2637 4507 2746 4560 Kal.
2773 4507 3016 4570 ἀκούσας
3038 4509 3140 4562 οὐκ
3163 4508 3390 4574 ἀπαθῶς
3419 4513 3632 4583 ῆνεγκα
3661 4516 3690 4566 6
3728 4532 3824 4568 τα-

2237 4600 2421 4663 πεινός
2449 4617 2462 4629 ·
2512 4599 2648 4654 ἀλλὰ
2677 4601 2773 4652 καὶ
2819 4599 3120 4672 ἐλυπήθην,
3156 4603 3248 4655 καὶ
3296 4603 3571 4676 ηὐξάμην,
3631 4610 3680 4662 εἰ
3729 4611 3822 4663 καὶ

2238 4688 2456 4755 ἀνάξιος
2511 4689 2886 4744 ὑπακοὺεσθαι
2939 4691 3092 4763 παρὰ
3136 4691 3294 4757 Θεοῦ,
3329 4693 3556 4764 λυθῆναι
3609 4697 3671 4749 τὸ
3704 4698 3824 4762 δέος

2237 4780 2416 4835 ἐκεῖνο
2458 4779 2568 4834 ἀπὸ
2615 4778 2732 4834 σοῦ.
2777 4778 2938 4834 Ἀλλὰ
2970 4780 3063 4834 καὶ
3095 4780 3177 4836 ἔτι
3207 4779 3364 4851 κάγὼ
3404 4785 3500 4836 καὶ
3552 4786 3584 4837 6
3631 4787 3828 4857 κύριος

2236 4877 2266 4928 6
2287 4873 2741 4944 ἀρχιεπίσκοπος.
2775 4874 2870 4926 καὶ
2907 4874 2958 4926 οἱ
2983 4873 3204 4944 ἀδελφοὶ
3234 4875 3582 4947 συνεύχονται
3613 4885 3818 4950 καταρς

2239 4967 2530 5040 ραίσθῆναι
2575 4966 2639 5021 τὸ
2668 4965 2838 5029 πάθος
2869 4965 2977 5019 ἀπὸ
3026 4968 3125 5036 τῆς
3157 4967 3442 5030 εὐσεϐείας
3475 4987 3592 5024 σου.
3651 4972 3822 5026 Τοῦτο

2237 5058 2314 5123 δὲ,
2353 5057 2539 5128 κυρία,
2573 5055 2867 5110 ἀλλόκοτόν
2893 5056 3011 5108 ἐστι
3034 5056 3096 5109 τὸ
3125 5056 3317 5122 πάθος,
3343 5058 3438 5110 καὶ
3471 5060 3821 5130 εὐκαταφρό-

2241 5165 2402 5220 νητον
2434 5163 2449 5176 ·
2505 5148 2601 5201 καὶ⁸
2634 5147 2735 5200 οὐκ
2789 5147 3026 5215 ὀφείλεις
3063 5145 3376 5214 λογίζεσθαι
3434 5150 3567 5203 αὐτὸ
3595 5151 3735 5215 ὅλως
3764 5152 3822 5204 ἐν

2239 5257 2350 5293 τινι
2380 5239 2678 5310 δυνάμενόν
2714 5256 2774 5292 σε
2806 5237 3221 5310 παρασλάπτειν
3247 5256 3260 5270 ·
3297 5239 3435 5294 διότι
3460 5241 3552 5295 τὸν
3584 5243 3820 5312 Χριστὸν

2241 5329 2591 5403 ὲνδεδυμένη,
2626 5330 2834 5385 καὶτὸν
2862 5329 3094 5402 σταυρὸν
3124 5329 3292 5384 αὐτοῦ
3317 5331 3462 5403 ἔχεις
3492 5334 3658 5388 ὅπλον
3688 5353 3701 5365 ·
3732 5337 3818 5403 ἐφ’

2240 5419 2286 5495 ᾧ
2309 5424 2706 5497 σημειουμένη,
2740 5420 3068 5478 ἁποδιώκειν
3092 5425 3350 5495 παραυτὰ
3387 5424 3609 5481 πίστευε
3641 5429 3818 5484 πᾶσαν

2075 5655 2307 5714 ΝΟΤιΕ.

622 5767 734 5839 (89)
761 5769 817 5822 ln
855 5771 975 5825 cod.
1017 5771 1148 5840 Heg.
1187 5769 1326 5842 ριρηζ
