4102 6374
562 325 704 390 1535

1743 329 1805 390 S.
1834 327 2231 390 THEODORI
2285 328 2633 390 STUDIT/E

3690 324 3830 389 1596

562 436 780 500 ieceris,
833 436 1024 492 subest
1081 436 1266 507 aliqua
1326 435 1514 492 ratio:
1560 431 1821 508 utrisque
1865 437 2143 506 videlicet,

2267 453 2550 511 τοιησειας,
2584 438 2697 510 ἔχει
2718 439 2839 494 τινά
2865 437 3054 509 λόγον·
3077 407 3407 510 ἀμφοτέρων
3432 434 3701 506 δηλονότι.
3725 439 3831 508 τῆς

560 537 676 580 tum
707 539 771 578 ea
801 537 924 593 qua:
947 524 1189 591 dimittit,
1219 534 1334 579 tum
1375 540 1440 580 ea
1473 541 1596 593 quae
1625 525 1840 596 recipit,
1888 525 2154 595 adjuvan-

564 616 713 671 tibus
736 628 797 670 se
827 622 1043 679 mutuo,
1076 622 1140 669 ut
1164 615 1528 685 apostolicum
1563 626 1892 686 praceptum
1923 615 2154 686 implea-

2253 548 2314 585 τε
2346 531 2690 604 ὲπιδιδούσης
2718 531 2812 585 καὶ
2838 531 2940 602 τῆς
2973 531 3385 601 ἐπιδεχομένης,
3421 531 3832 600 συναιρομένων

2255 621 2537 694 ἀλλήλαις,
2561 623 2940 693 πληρουμένου
2962 621 3057 676 τοῦ
3091 620 3455 679 ἀποστολικοῦ
3505 621 3836 692 παραγγέλ-

561 718 652 760 tur
683 724 698 760 :
734 707 882 761 Alter
924 706 1146 762 alterius
1191 722 1354 762 onera
1405 715 1634 777 portate,
1686 717 1734 762 et
1764 707 1841 762 sic
1873 707 2156 777 adimplcte

2267 731 2430 785 ματος
2457 730 2471 744 ⁸
2509 712 2816 781 Ἀλλήλων
2845 713 2918 768 τὰ
2945 714 3107 782 ,βάρη
3131 712 3486 778 βαστάζετε,
3518 714 3620 767 καὶ
3642 714 3836 780 οὕτως

564 805 725 870 legem
753 800 950 855 Christi
982 799 1048 855 ⁸⁸.

633 907 811 960 Aliam
867 922 1000 962 vero
1063 905 1470 976 separationem
1518 921 1628 962 non
1665 906 1864 977 recipit
1923 910 2154 963 verbum

564 999 834 1054 veritatis.
870 998 1057 1053 Primo
1088 998 1332 1068 quidem,
1360 1000 1492 1068 quia
1515 999 1884 1070 disrumpitur
1910 1014 2156 1056 conven-

565 1089 642 1144 tio
677 1088 915 1159 Spiritus
967 1091 1168 1155 sancti,
1205 1106 1328 1158 quae
1379 1105 1566 1146 coram
1604 1091 1715 1147 Deo
1748 1102 1803 1148 et
1837 1092 2156 1150 hominibus

567 1163 840 1236 celebrata
891 1187 976 1234 est
1028 1180 1081 1233 in
1113 1181 1417 1236 monastica
1456 1181 1794 1251 professione
1827 1199 1843 1238 :
1875 1199 1984 1254 quo
2024 1185 2156 1252 quid

566 1289 688 1330 esse
707 1281 888 1343 potest
916 1273 1327 1341 perniciosius?
1353 1273 1420 1327 Et
1454 1289 1584 1328 vero
1605 1275 1838 1344 quadrat
1868 1275 1956 1330 hic
1988 1276 2156 1331 etiam

569 1364 791 1420 verbum
843 1363 1060 1418 Domini
1099 1382 1112 1418 :
1161 1363 1304 1428 Quos
1355 1364 1490 1418 Deus
1520 1366 1820 1435 conjunxit,
1861 1367 2014 1420 homo
2053 1383 2156 1420 non

569 1465 772 1526 separet
799 1456 868 1510 ⁸⁷.
901 1454 1036 1510 Nam
1070 1457 1117 1513 si
1156 1457 1254 1522 ibi,
1287 1459 1503 1514 tametsi
1567 1461 1620 1514 in
1679 1461 1889 1515 carnali
1922 1459 2158 1530 conjun-

569 1551 768 1613 ctione,
793 1546 1083 1603 interdicta
1110 1558 1194 1603 est
1218 1551 1514 1618 separatio,
1543 1561 1746 1620 quanto
1765 1550 1940 1620 magis
1959 1550 2014 1604 in
2041 1550 2157 1620 spi-

570 1639 758 1694 rituali
793 1640 1144 1710 copulatione
1170 1641 1194 1694 ’ί
1227 1641 1334 1697 nisi
1366 1640 1506 1696 forte
1537 1641 1748 1697 ludicra
1778 1651 1906 1697 sunt
1927 1641 2110 1699 divina
2141 1659 2154 1696 :

570 1732 664 1786 sed
693 1731 856 1788 absit.
892 1731 1098 1787 Fidelis
1129 1740 1217 1786 est
1244 1732 1575 1786 sacramenti
1599 1723 1812 1798 sermo,
1836 1741 1952 1787 tum
1992 1731 2044 1785 in
2070 1746 2159 1787 re-

2253 806 2732 876 ἀναπληρώσατε
2765 806 2874 860 τόν
2897 807 3091 876 νόμον
3120 805 3226 859 τοῦ
3261 803 3544 874 Χριστοῦ.

2329 899 2525 952 Ἀλλον
2554 897 2611 953 δὲ
2644 899 2925 970 χωρισμὸν
2966 898 3065 950 οὐκ
3114 897 3426 967 ἐπιδέχεται
3466 898 3494 950 6
3548 895 3710 964 λόγος
3731 895 3840 964 τῆς

2256 988 2534 1059 ἀληθείας.
2575 989 2800 1059 Πρῶτον
2852 988 2974 1060 μὲν,
3003 988 3086 1042 ὅτι
3139 989 3173 1058 ἡ
3225 986 3497 1058 σύμϐασις
3534 985 3630 1040 τοῦ
3672 986 3838 1055 ἁγίου

2257 1081 2571 1152 Πνεύματος
2629 1081 2994 1152 διασπᾶται-ἡ
3047 1078 3553 1154 καθομολογηθεῖσα
3597 1079 3839 1132 ἐνώπιον

2255 1173 2394 1226 Θεοῦ
2423 1175 2518 1226 καὶ
2548 1172 2854 1242 ἀνθρώπων
2887 1173 2980 1226 ἐπὶ
3008 1175 3074 1244 τῇ
3115 1174 3381 1242 μοναχικῇ
3415 1171 3698 1224 τελειώσει
3719 1188 3735 1203 ·
3775 1164 3840 1226 οὗ

2255 1269 2310 1321 τί
2343 1268 2408 1321 ἂν
2441 1269 2528 1339 εἴη
2559 1267 2981 1340 ὀλεθριὼτερον;
3018 1268 3130 1321 Καί
3157 1285 3221 1337 γε
3251 1267 3481 1339 ἁρμόζει
3551 1264 3842 1319 κάνταῦθα

2257 1363 2286 1414 6
2309 1359 2468 1429 λόγος
2517 1360 2610 1416 τοῦ
2657 1360 2862 1432 Κυρίου
2891 1376 2904 1390 ·
2933 1359 3052 1424 Οὓς
3093 1363 3126 1414 ό
3157 1360 3302 1424 Θεὸς
3332 1359 3594 1423 ἔζευξεν,
3619 1357 3844 1425 ἀνθρω-

2258 1468 2374 1518 stoc
2399 1450 2486 1520 μὴ
2516 1451 2822 1520 χωριζέτω.
2849 1453 2910 1506 Ei
2937 1452 3047 1524 γὰρ
3079 1453 3217 1519 ἐκεῖ,
3255 1452 3433 1506 καίτοι
3471 1453 3565 1504 ἐπὶ
3595 1452 3840 1519 σαρκικῇ

2259 1543 2462 1610 ζεύξει,
2508 1544 2885 1615 ἀπηγόρευται
2913 1548 2943 1599 6
2981 1545 3294 1616 χωρισμός⁸
3327 1545 3483 1614 πόσῳ
3524 1560 3590 1612 γε
3638 1540 3844 1612 μᾶλλον

2257 1637 2352 1690 ἐπὶ
2382 1639 2728 1708 πνευματικῇ
2758 1638 3060 1707 συναφείας
3093 1638 3142 1690 εἰ
3168 1639 3242 1708 μή
3270 1655 3322 1692 τι
3345 1639 3451 1709 ἀρα
3481 1634 3745 1699 παίζεται
3774 1635 3845 1688 τὰ

2259 1727 2380 1781 θεῖα
2403 1745 2418 1760 ο
2446 1727 2561 1782 ἀλλ’
2601 1728 2783 1797 ἄπαγε
2813 1730 2826 1783 l
2860 1729 3048 1794 πιστὸς
3081 1729 3110 1782 6
3162 1728 3320 1799 λόγος
3364 1727 3458 1782 τοῦ
3509 1727 3841 1797 μυστηρίου,

571 1823 837 1878 missione
858 1833 1239 1894 peccatorum,
1281 1833 1395 1878 tum
1427 1825 1482 1878 in
1509 1824 1732 1879 vinculo
1774 1823 2148 1881 indissolubili

2267 1821 2346 1872 ini
2369 1837 2430 1872 τε
2463 1820 2657 1890 ἀφέσει
2684 1819 2793 1873 τῶν
2813 1820 3246 1892 ἡμαρτημένων,
3286 1821 3379 1874 ὲπί
3408 1839 3468 1874 τε
3499 1819 3694 1891 δεσμῷ
3715 1819 3847 1872 ἀλύ-

573 1915 1007 1986 conjunctionis.
1043 1917 1250 1972 Deinde
1277 1918 1558 1987 quomodo
1581 1933 1690 1973 non
1722 1917 2031 1972 offendetur
2058 1931 2152 1974 so-

575 2022 764 2062 rorum
786 2009 1140 2078 congregatio
1179 2023 1245 2062 ex
1273 2023 1383 2078 qua
1426 2009 1697 2074 avellitur,
1731 2011 1776 2063 si
1808 2007 1968 2077 culpa
1998 2016 2156 2064 vacet

577 2099 670 2154 illa
700 2114 820 2168 qua:
837 2101 1177 2170 aprteposita
1202 2101 1528 2156 dimittitur?
1548 2116 1612 2156 ac
1645 2115 1752 2154 non
1768 2100 1950 2170 potius
1980 2101 2156 2155 abdu-

577 2201 734 2246 cetur
755 2191 820 2244 ad
844 2191 1135 2245 dissidium
1156 2193 1326 2248 simili
1358 2192 1542 2247 studio
1565 2192 1833 2257 abscissa,
1853 2207 2000 2246 nunc
2017 2191 2154 2258 haec,

579 2280 928 2351 postmodum
957 2282 1150 2347 altera,
1198 2293 1252 2338 et
1301 2299 1411 2337 non
1442 2283 1614 2338 multo
1647 2291 1770 2353 post
1808 2282 1914 2337 alia
1979 2281 2056 2354 (et
2079 2283 2158 2337 sic

579 2373 856 2446 integrum
892 2374 1099 2430 Christi
1139 2390 1340 2445 corpus
1369 2375 1658 2445 disperibit
1683 2374 2010 2445 penitusque
2031 2389 2159 2429 cor-

580 2465 912 2537 rumpetur),
979 2481 1010 2521 a
1066 2467 1258 2537 primis
1300 2467 1614 2522 carceribus
1656 2466 1747 2521 vix
1795 2466 2058 2536 egressa?
2094 2464 2161 2519 Et

581 2557 976 2612 maledictionis
1007 2565 1092 2612 est
1124 2558 1320 2621 haeres,
1345 2566 1404 2612 ut
1434 2557 1635 2612 clamat
1657 2565 1880 2612 sanctus
1902 2555 2156 2622 Basilius,

582 2663 706 2716 quae
738 2655 910 2702 totum
945 2648 1046 2702 hoc
1074 2649 1277 2702 malum
1313 2656 1624 2718 perpetrat:
1661 2663 1837 2718 neque
1861 2648 2004 2702 enim
2050 2655 2163 2701 sta-

581 2737 872 2803 bilitatem,
913 2753 1015 2792 nec
1060 2738 1234 2792 basim
1264 2737 1502 2802 habebit,
1557 2753 1735 2807 neque
1763 2736 2162 2792 monasterium

583 2840 762 2897 tuum,
796 2846 973 2900 neque
1007 2832 1152 2885 aliud
1177 2845 1340 2901 porro
1365 2831 1456 2886 ubi
1483 2831 1535 2885 id
1571 2832 1681 2884 liat.
1718 2828 1900 2896 Quare
1929 2830 2023 2900 qui
2051 2845 2162 2884 non

583 2924 777 2989 credit,
809 2940 917 2978 non
949 2924 1168 2990 credat;
1202 2935 1254 2978 et
1283 2925 1378 2992 qui
1429 2924 1615 2993 inique
1643 2923 1995 3000 agithinique
2015 2931 2159 2992 agat,

585 3015 729 3070 sicut
755 3016 1021 3084 scriptum
1050 3013 1311 3071 est".Tu
1337 3028 1466 3068 vero
1488 3030 1714 3070 servans
1745 3029 1905 3068 serva
1924 3014 2163 3068 animam

583 3115 760 3172 tuam,
806 3123 917 3162 non
956 3107 1222 3176 abjiciens
1283 3108 1432 3176 leges
1470 3107 1588 3173 Dei,
1644 3107 1738 3162 sed
1799 3106 2037 3160 innitens
2069 3108 2164 3161 do-

2257 1928 2337 1982 τῳ
2370 1914 2471 1983 τῆς
2505 1912 2825 1980 συναφείας.
2864 1912 3099 1966 Ἔπειτα
3131 1913 3248 1978 πῶς
3283 1912 3782 1983 οἰκοδομηθήσεται
3811 1913 3846 1982 ἡ

2259 2004 2557 2076 ἀδελφότης
2602 2004 2663 2071 ἐξ
2706 2000 2776 2079 ἦς
2828 2007 3267 2077 ἀπορῤήγνυται,
3296 2007 3456 2078 εἴπερ
3480 2005 3782 2068 ἀνεύθυνος

2259 2101 2293 2170 ἡ
2321 2089 2700 2170 ἀπολελυμένη
2754 2100 2905 2170 παρά
2934 2099 3036 2169 τῆς
3083 2099 3505 2170 καθηγουμένης
3538 2115 3554 2164 ;
3588 2097 3687 2151 καὶ
3719 2097 3848 2166 οὐχὶ

2265 2192 2466 2264 μᾶλλον
2513 2189 2891 2262 ὑπαχθήσεται
2921 2192 3002 2254 είς
3046 2191 3330 2244 διάστασιν
3357 2188 3436 2259 τῷ
3473 2189 3654 2258 ὁμοίῳ
3695 2187 3850 2258 ζήλῳ

2261 2280 2592 2353 τεμνομένη,
2622 2279 2718 2335 νῦν
2767 2282 2866 2352 μὲν
2915 2279 3078 2351 αὓτη,
3111 2280 3254 2350 πρὸς
3295 2279 3352 2333 δὲ
3384 2279 3446 2332 τὸ
3479 2278 3609 2349 ἑξῆς
3654 2279 3847 2346 ἑτέρα,

2264 2374 2359 2428 καὶ
2425 2372 2543 2444 μετ’
2576 2373 2638 2426 οὐ
2679 2372 2815 2426 πολὺ
2847 2371 2983 2444 ἄλλη
3040 2373 3156 2442 (καὶ
3177 2370 3321 2424 οὕτω
3367 2370 3430 2423 τὸ
3457 2369 3648 2441 ἄρτιον
3683 2369 3852 2439 σῶμα

2263 2465 2360 2520 τοῦ
2392 2464 2632 2536 Χριστοῦ
2660 2464 2943 2535 οἰχήσεται
2974 2464 3069 2518 καὶ
3096 2463 3531 2542 διαφθαρήσεται
3552 2461 3847 2530 πάμπαν),

2264 2559 2330 2612 ἐκ
2391 2559 2492 2627 τῆς
2539 2557 2763 2629 πρώτης
2804 2557 3052 2628 βαλϐῖδος
3108 2558 3540 2626 ἀφορμηθεῖσα;
3597 2554 3694 2606 καὶ
3750 2551 3848 2605 τοῦ

2265 2651 2388 2705 οὐαὶ
2423 2651 2784 2722 κληρονόμος,
2810 2651 2885 2713 ὡς
2913 2649 3012 2722 βοᾷ
3037 2651 3065 2702 6
3092 2649 3245 2718 ἅγιος
3279 2648 3555 2710 Βασίλειος
3582 2686 3600 2711 ,
3629 2649 3664 2717 ἡ
3688 2645 3852 2698 τοῦτο

2267 2746 2385 2800 ὅλον
2411 2745 2470 2797 τὸ
2504 2743 2670 2797 κακὸν
2699 2741 3142 2814 ἀπεργαζομένη.
3169 2741 3306 2794 Οὔτε
3337 2741 3444 2809 γὰρ
3475 2740 3693 2802 στάσιν,
3721 2737 3852 2790 οὔτε

2268 2836 2427 2909 βάσιν
2483 2835 2617 2902 ἕξει,
2649 2834 2773 2886 οὔτε
2801 2835 2835 2904 ή
2871 2835 2938 2904 σὴ
2996 2834 3153 2904 μονὴ,
3181 2830 3307 2884 οὕτε
3367 2831 3552 2901 ἑτέρα,
3583 2831 3620 2901 ἡ
3670 2829 3853 2892 οὕτως

2268 2928 2604 2998 πράττουσα.
2637 2926 2799 2978 Ὥστε
2823 2925 2852 2978 6
2875 2924 3140 2987 ἀπειθῶν,
3164 2923 3459 2976 ἀπειθείτω
3488 2939 3503 2953 ·
3544 2922 3644 2974 καὶ
3662 2925 3690 2974 6
3725 2922 3854 2975 ἀνο-

2273 3020 2389 3090 μῶν
2410 3018 2700 3089 ἀνομείτω,
2727 3018 2873 3072 κατά
2899 3017 2960 3072 τὸ
2985 3017 3389 3089 γεγραμμένον.
3413 3017 3484 3068 Σὺ
3513 3016 3570 3069 δὲ
3594 3015 3853 3077 σώζουσα

2273 3109 2414 3173 σῶζε
2445 3111 2545 3179 τὴν
2576 3109 2780 3177 έαυτῆς
2813 3109 3016 3179 ψυχὴν,
3049 3109 3122 3178 μὴ
3159 3108 3458 3178 προϊεμένη
3489 3109 3618 3169 τοὺς
3645 3105 3856 3175 νόμους

581 3199 778 3253 ctrinis
821 3211 1159 3260 sanctorum,
1191 3214 1424 3268 quorum
1476 3199 1688 3268 primus
1719 3199 1774 3252 in
1820 3198 1907 3253 his
1935 3211 2164 3267 magnus

2267 3205 2362 3258 τοῦ
2417 3203 2552 3257 Θεοῦ
2585 3220 2600 3233 ⁶
2630 3203 2745 3257 ἀλλ’
2771 3202 3142 3275 ὲρηρεισμένη
3203 3204 3262 3255 ὲν
3303 3204 3425 3266 ταῖς
3471 3199 3856 3261 διδασκαλίαις

585 3290 822 3346 Basilius
860 3307 874 3344 :
926 3290 1142 3344 etiamsi
1178 3307 1301 3344 cum
1354 3291 1570 3344 duabus
1599 3299 1695 3344 aut
1725 3289 1904 3344 tribus
1933 3288 2165 3358 virgini-

583 3383 690 3437 bus
728 3383 825 3436 tibi
866 3382 1146 3452 contingat
1184 3382 1406 3436 vivere!
1451 3381 1551 3435 Ubi
1600 3381 1739 3436 enim
1785 3389 1907 3435 sunt
1937 3383 2041 3432 duo
2088 3379 2166 3433 vel

586 3482 690 3526 tres
729 3473 784 3544 in
826 3472 1038 3526 nomine
1101 3487 1236 3538 meo,
1292 3473 1473 3542 inquit
1515 3471 1804 3534 Dominus,
1844 3472 1920 3524 ibi
1953 3486 2071 3524 sum
2110 3471 2169 3524 in

586 3566 760 3620 medio
781 3581 962 3620 eorum
994 3563 1076 3632 “;
1111 3581 1218 3619 non
1249 3574 1432 3622 autem
1467 3581 1591 3621 cum
1638 3566 1822 3636 iniqua
1852 3566 2166 3636 agentibus,

585 3669 644 3713 et
673 3659 719 3713 si
755 3658 935 3713 decies
975 3658 1121 3712 mille
1142 3659 1275 3714 sint.
1631 3641 1638 3646 ’

961 3790 1215 3848 CXCVII.
1254 3821 1326 3834 —-
1354 3790 1624 3846 Dorothco
1657 3789 1792 3861 ﬁlio.

2267 3297 2376 3350 τῶν
2404 3296 2594 3366 ἁγίωψ
2629 3289 2703 3349 ὧν
2727 3295 2942 3366 πρῶτος
2964 3298 3022 3349 ὲν
3050 3293 3261 3356 τούτοις
3285 3295 3312 3346 6
3338 3293 3512 3363 μέγας
3543 3291 3854 3353 Βασίλειοςο

2270 3390 2375 3443 κᾶν
2412 3393 2552 3461 μετὰ
2603 3389 2749 3442 δυοῖν
2782 3391 2813 3456 ἦ
2865 3387 3036 3458 τριῶν
3082 3386 3368 3456 παρθένων
3405 3386 3623 3458 φθάσῃς
3651 3385 3852 3455 συξῇν·

2271 3483 2464 3536 Ὅπου
2506 3480 2616 3552 γάρ
2643 3484 2762 3535 εἱσι
2793 3480 2902 3533 δύο
2935 3480 2974 3548 ἣ
3001 3478 3159 3548 τρεῖς
3184 3479 3254 3532 ἐν
3301 3476 3379 3542 τῷ
3408 3477 3660 3546 ὀνόματί
3684 3493 3814 3545 μου
3838 3515 3854 3536 ,

2268 3574 2432 3641 φησὶν
2456 3573 2482 3624 6
2523 3569 2748 3640 Κύριος,
2776 3569 2905 3623 ἐκεῖ
2919 3571 3036 3638 εἰμι
3060 3569 3130 3621 ἐν
3154 3568 3324 3635 μέσῳ
3361 3565 3563 3621 αὐτῶν
3590 3582 3606 3596 ·
3636 3567 3700 3620 οὐ
3745 3567 3860 3637 μὴν

2270 3664 2410 3734 μετά
2446 3661 2930 3734 παρανομούντων,
2959 3660 3064 3716 κᾶν
3097 3661 3280 3731 μυρίοι
3302 3653 3459 3713 ὦσιν.

2453 3793 2590 3862 ΡιιΖ’
2625 3792 2759 3864 (9i).
2790 3823 2862 3833 —
2894 3791 3169 3860 Δωροθέῳ
3210 3789 3420 3856 τέκνῳ.
3467 3787 3674 3862 [φθῇ]

1020 3929 1138 3991 Ejus
1156 3931 1380 3992 quiante
1415 3937 1626 3980 mortem
1648 3929 1936 3994 resipuerit,
1959 3931 2478 3983 commemorationem
2501 3933 2553 3980 in
2576 3928 2787 3994 publicis
2810 3927 3042 3992 precibus
3073 3929 3184 3977 ﬁeri
3211 3927 3417 3977 debere.

661 4036 930 4108 Cognovi,
952 4037 1147 4092 dilecte
1171 4038 1268 4103 lili,
1306 4038 1472 4092 etiam
1509 4053 1574 4093 ex
1591 4054 1654 4093 ea
1687 4055 1810 4110 quae
1849 4035 2024 4109 nuper
2053 4057 2084 4095 a
2117 4049 2170 4096 te

593 4131 796 4202 scripta
827 4139 910 4187 est
940 4131 1192 4202 epistola,
1225 4132 1387 4186 ﬁdem
1419 4147 1548 4202 erga
1584 4147 1685 4188 nos
1728 4133 1966 4189 humiles
1992 4150 2056 4190 ac
2089 4134 2172 4189 di-

595 4223 884 4278 lectionem
953 4233 1134 4290 tuam;
1168 4225 1314 4294 quod
1343 4223 1567 4293 quidem
1600 4223 1863 4279 indicium
1895 4233 1984 4280 est
2030 4239 2171 4279 vera:

595 4311 986 4381 subiectionis;
1036 4313 1138 4368 etsi
1193 4327 1294 4367 nos
1347 4322 1663 4381 peccatores
1695 4321 1750 4367 et
1779 4313 1982 4370 nullius
2011 4313 2170 4382 pretii

597 4417 810 4458 sumus.
832 4400 890 4456 In
917 4418 1027 4472 quo
1053 4401 1260 4456 utinam
1279 4417 1598 4471 perseVeres
1620 4401 1675 4455 in
1708 4411 2011 4472 posterum,
2035 4404 2171 4458 bene

2349 4039 2582 4107 Ἕγνων,
2614 4037 2807 4090 τέκνον
2857 4035 3235 4106 ἠγαπημένον,
3261 4034 3354 4086 καὶ
3389 4035 3453 4085 ὲκ
3489 4034 3592 4103 τῆς
3645 4031 3861 4102 ἀρτίως

2275 4128 2582 4198 γραφείσης
2615 4144 2710 4180 σου
2738 4124 3047 4194 ἐπιστολῆς,
3080 4123 3140 4177 τὸ
3161 4123 3300 4196 πρὸς
3323 4124 3472 4194 ἡμᾶς
3501 4122 3633 4186 τοὺς
3659 4141 3860 4177 ταπει-

2276 4219 2398 4282 νοὺς
2420 4219 2614 4272 πιστόν
2646 4235 2706 4271 τε
2736 4219 2828 4270 καὶ
2855 4218 3138 4288 ἀγαπητόν
3163 4235 3258 4270 σου
3289 4235 3303 4248 ·
3333 4219 3473 4287 ὅπερ
3497 4217 3619 4270 ἐστὶ
3648 4217 3858 4287 γνώρι-

2279 4328 2395 4382 σμα
2451 4311 2712 4380 ἀληθινῆς
2768 4309 3050 4380 ὑποταγῆς
3077 4326 3091 4339 ο
3128 4311 3178 4363 εί
3208 4310 3302 4362 καὶ
3330 4311 3493 4379 ἡμεῖς
3529 4310 3861 4380 ἁμαρτωλοὶ

2276 4404 2369 4458 καὶ
2418 4403 2715 4474 οὐδαμινοί.
2765 4391 2952 4472 Ἐφ’ιῦ
3010 4402 3104 4456 καὶ
3153 4401 3552 4473 συντηρηθείης
3601 4401 3748 4474 πρὸς
3798 4401 3860 4453 τὸ

599 4496 822 4564 placens
873 4494 1124 4559 Domino,
1159 4502 1215 4548 et
1251 4494 1448 4548 virtute
1493 4493 1771 4550 collucens
1809 4495 1951 4564 apud
1982 4494 2164 4551 fratres

2280 4495 2426 4568 ἑξῆς,
2461 4497 2770 4568 εὐαρεστῶν
2801 4495 3010 4567 Κυρίῳ,
3044 4494 3140 4550 καὶ
3187 4493 3511 4565 διαλάμπων
3565 4496 3633 4563 τῇ
3681 4495 3857 4564 ἀρετῇ

600 4577 755 4648 tuos,
795 4585 910 4640 imo
955 4585 1122 4640 etiam
1171 4583 1315 4654 apud
1385 4585 1524 4640 alios
1561 4586 1786 4640 multos.
1846 4586 2055 4641 Bonum
2099 4587 2177 4641 si-

599 4677 822 4748 quidem
885 4685 1080 4730 natura
1139 4691 1240 4732 sua
1282 4677 1550 4732 occultari
1597 4693 1707 4733 non
1739 4678 1910 4746 solet;
1941 4679 2036 4735 sed
2063 4686 2179 4732 tum

600 4769 766 4826 etiam
791 4783 918 4823 cum
942 4769 1113 4824 latere
1143 4770 1319 4840 magis
1344 4770 1580 4832 videtur,
1609 4770 1970 4840 conspicuum
2000 4769 2182 4825 reddit

601 4863 952 4933 cperarium;
1024 4861 1102 4916 ita
1158 4872 1219 4918 ut
1270 4864 1465 4920 civitas
1519 4863 1615 4919 Dei
1669 4863 1990 4935 appelletur,
2038 4864 2184 4920 sicut

604 4954 868 5022 scriptum
897 4963 983 5009 est
1013 4955 1080 5008 ⁸ο.
1138 4953 1340 5010 Verum
1373 4956 1476 5011 hoc
1506 4957 1726 5026 quidem
1767 4957 2050 5014 hactenus.
2099 4957 2178 5012 De

604 5059 673 5101 eo
693 5054 876 5100 autem
917 5045 1064 5114 quod
1087 5046 1428 5117 signiﬁcasti,
1455 5048 1559 5102 hoc
1589 5057 1691 5113 est,
1729 5049 1796 5104 de
1829 5047 1978 5103 illius
2026 5062 2178 5103 com-

604 5137 1000 5194 memoratione
1033 5137 1314 5205 l'acienda;
1343 5139 1502 5196 debes
1533 5150 1711 5197 tecum
1741 5141 1858 5212 ipse
1885 5141 2176 5212 dispicere,

607 5231 776 5302 quod,
799 5231 844 5286 si
865 5233 918 5286 in
944 5241 1144 5302 morte,
1175 5248 1297 5288 cum
1329 5242 1487 5288 antea
1517 5235 1759 5288 humano
1791 5242 1999 5288 terrore
2023 5248 2176 5288 com-

608 5323 944 5378 municasset
993 5322 1212 5386 haeresi,
1258 5325 1505 5380 substitit
1530 5326 1824 5392 conﬁtens,
1851 5336 1905 5380 ct
1942 5325 2089 5379 velut
2143 5340 2173 5379 a

2276 4589 2334 4643 ὲν
2389 4591 2454 4659 τῇ
2500 4587 2820 4658 ἀδελφότητι
2871 4603 2990 4652 σου,
3011 4586 3070 4640 οὐ
3104 4586 3211 4657 μὴν
3235 4585 3372 4639 ἀλλά
3421 4585 3518 4638 καὶ
3559 4585 3620 4636 ὲν
3671 4583 3858 4644 ἄλλοις

2277 4679 2510 4743 πολλοῖς.
2541 4678 2719 4734 Φύσιν·
2735 4678 2845 4750 γὰρ
2870 4680 2973 4733 οὐκ
2996 4677 3110 4748 ἔχει
3138 4675 3484 4745 κρύπτεσθαι
3502 4676 3565 4729 τὸ
3590 4675 3810 4744 ἀγαθόν
3841 4691 3856 4705 ·

2277 4770 2413 4826 ἀλλά
2445 4772 2538 4824 καὶ
2571 4769 2772 4842 μᾶλλον
2797 4769 3080 4824 λανθάνειν
3109 4767 3304 4822 δοκοῦν
3327 4809 3342 4832 ,
3375 4766 3598 4838 εὔδηλον
3629 4768 3731 4820 τὸν
3766 4770 3860 4840 ἑρ-

2278 4859 2454 4930 γάτην
2482 4859 2920 4930 ἀποκαθίστησιν
2957 4874 2970 4888 ·
3001 4857 3078 4922 ὼς
3110 4859 3264 4912 πόλιν
3297 4857 3432 4911 Θεοῦ
3460 4858 3856 4927 χρηματίζειν,

2281 4953 2424 5005 κατὰ
2442 4951 2504 5004 τὸ
2523 4953 2931 5023 γεγραμμένον.
2959 4949 3120 5004 Ἀλλά
3138 4949 3298 5003 τοῦτο
3329 4950 3426 5020 μὲν
3451 4950 3544 5002 ἐπὶ
3570 4949 3857 5002 τοσοῦτον.

2281 5044 2417 5114 Περὶ
2459 5043 2515 5096 δὲ
2563 5037 2632 5115 ἦς
2678 5045 2956 5114 ἐσήμανας
2981 5041 3312 5106 ὑποθέσεως,
3352 5041 3520 5110 ἡγουν
3547 5039 3644 5093 τοῦ
3678 5043 3860 5093 ποιεῖν

2286 5135 2507 5206 μνήμην
2529 5135 2624 5187 τοῦ
2657 5135 2849 5199 δεῖνος,
2906 5133 3143 5204 ὀφείλεις
3170 5133 3231 5198 ἐξ
3262 5131 3455 5186 ἑαυτοῦ
3487 5133 3750 5202 συνορᾷν,
3773 5133 3857 5184 ὄτι

2283 5227 2333 5280 ει
2368 5228 2468 5297 μὲν
2499 5229 2558 5280 ὲν
2582 5225 2661 5298 τῷ
2681 5226 2897 5297 θανάτῳ
2926 5223 3308 5297 προκοινωνῶν
3335 5225 3392 5276 ἐν
3423 5225 3490 5294 τῇ
3525 5223 3742 5294 αἱρέσει
3767 5223 3856 5276 διὰ

2281 5320 2445 5390 φόϐον
2469 5319 2811 5392 ἀνθρώπινόν
2831 5322 2946 5373 ἐστι
2979 5317 3338 5390 ἐξαγορεύων,
3366 5316 3457 5369 καὶ
3477 5317 3643 5370 οἱονεὶ
3671 5317 3857 5371 ἐπιτι-

673 5436 728 5473 ’δσ
751 5437 928 5496 Galat.
955 5457 1033 5505 v1,
1056 5441 1109 5497 2.
1188 5441 1232 5474 "
1258 5440 1448 5498 Matth.
1500 5458 1616 5507 xxx,
1650 5443 1704 5499 6.
1779 5443 1824 5476 ⁸⁸
1858 5444 2027 5514 Apoc.
2068 5460 2164 5498 xxx:

2280 5443 2329 5497 Ι.
2406 5444 2451 5475 ⁸⁸
2481 5441 2670 5498 Matth.
2747 5457 2904 5510 xvm,
2934 5441 3023 5496 20.
3100 5441 3147 5472 '°
3170 5439 3316 5495 Psal.
3339 5453 3510 5506 xuu,
3541 5437 3597 5493 9.

2130 5601 2358 5658 NOTAE.

688 5756 801 5829 (9|)
833 5756 889 5815 In
925 5759 1045 5818 cod.
1078 5761 1210 5833 Reg.
1247 5759 1314 5817 σ’.
