4102 6374
281 341 416 408 1597

1463 351 1998 424 EPISTOLARUM
2037 365 2181 426 LIB.
2235 367 2317 428 II.

3371 362 3502 436 1598

275 462 526 533 μώμενος
550 464 688 534 πρός
712 483 878 534 τινος,
913 464 1016 524 εἷθ’
1046 469 1220 535 οὕτως
1257 471 1356 544 τῆς
1397 475 1676 546 ὁρθοδόξου
1725 489 1844 528 κοι-

1947 479 2203 548 quopiam
2248 479 2568 550 castigatus,
2600 487 2764 550 atque
2813 480 2885 535 ita
2918 477 3236 536 orthodoxa:
3261 494 3511 536 commu-

269 555 488 622 νωνίας,
516 559 610 612 καὶ
655 560 828 634 ταύτῃ
861 563 1176 636 συναπέπτη
1197 581 1211 596 ·
1242 564 1355 638 ἔχει
1398 568 1559 638 φύσιν
1603 571 1662 624 ἓν
1701 587 1836 642 μνη-

273 647 528 718 μοσύνοις
583 652 872 708 τάττεσθαι
925 657 1256 727 ὸρθοδόξωνο
1304 659 1398 713 τοῦ
1440 658 1647 728 ἀγαθοῦ
1675 660 1834 732 ἡμῶν

269 739 429 807 Θεοῦ,
454 741 543 795 διὰ
566 742 766 815 πολλὴν
795 746 1230 818 φιλανθρωπίαν,
1264 750 1351 803 ἐπ’
1379 751 1551 821 αὐτῆς
1595 751 1696 821 τῆς
1739 769 1833 805 τε-

269 828 523 893 λευταίας
556 830 702 902 ὥρας
743 834 1037 904 δεχομένου
1077 839 1170 892 τὸν
1213 839 1707 910 μεταμελούμενον,
1739 843 1834 895 καὶ

269 917 372 973 ὦδε
403 923 568 975 αὐτὸν
591 925 887 994 κρίνοντος.
918 927 1081 982 Ὥστε
1111 932 1158 984 εί
1187 930 1358 995 οὕτως
1386 931 1624 1001 ἐγένετο,
1656 936 1833 987 ποιεῖ-

271 1009 396 1062 σθαι
425 1010 770 1081 λειτουργίας
794 1015 935 1086 ὑπὲρ
965 1017 1131 1071 αὐτοῦ
1158 1021 1294 1090 πρὸς
1317 1021 1449 1074 Θεὸν
1475 1023 1536 1074 οὐ
1559 1039 1832 1096 παραιτη-

270 1101 409 1154 τέον.
445 1103 508 1154 Et
539 1101 594 1154 δὲ
622 1103 772 1158 οὐδὲν
804 1105 1011 1160 τούτων
1033 1108 1277 1178 γέγονεν,
1311 1111 1444 1165 ἀλλὰ
1477 1114 1748 1167 κοινωνῶν
1764 1109 1833 1184 ἦν

269 1196 335 1263 τῇ
372 1195 602 1264 αἱρέσει,
625 1197 718 1250 καὶ
751 1199 852 1252 οὐκ
901 1199 1103 1269 ἔφθασε
1141 1205 1430 1272 μετασχεῖν
1452 1203 1546 1257 τοῦ
1583 1205 1834 1275 σώματος

271 1285 366 1338 καὶ⁸
418 1286 648 1354 αἵματος
699 1288 792 1342 τοῦ
852 1292 1092 1360 Κυρίου·
1126 1294 1402 1364 αἱρετικδς
1450 1296 1558 1367 γάρ
1587 1298 1615 1350 6
1667 1297 1834 1368 ἄρτος

271 1379 497 1444 ἐκεῖνος,
539 1381 632 1433 καὶ
661 1381 720 1434 ού
751 1383 907 1452 σῶμα
935 1385 1169 1454 Χριστοῦ
1196 1385 1294 1458 (ού
1331 1387 1629 1461 τολμητέον
1658 1391 1833 1443 εἰπεῖν

271 1467 493 1532 σύναξιν
546 1470 676 1539 περὶ
731 1471 896 1524 αὐτοῦ
953 1476 1169 1541 ποιεῖν)·
1199 1473 1319 1528 οὐδὲ
1360 1475 1468 1545 γὰρ
1501 1477 1729 1546 παίγνια
1764 1477 1834 1531 τὰ

272 1555 412 1609 θεῖα.
449 1558 536 1620 Ὠς
557 1559 623 1611 ἃν
649 1559 722 1629 μὴ
746 1560 950 1631 ἀκούσῃ
979 1564 1008 1615 6
1039 1563 1204 1618 αἰτῶν
1235 1565 1362 1634 περὶ
1403 1566 1500 1620 τοῦ
1540 1566 1784 1621 τοιούτου
1815 1583 1830 1598 ⁶

268 1647 636 1728 {Ursi'tgual
670 1653 740 1704 οὐ
767 1651 1122 1720 λαμϐάνετε,
1151 1654 1300 1709 διότι
1325 1656 1522 1722 κακῶς
1549 1658 1832 1716 αἰτεῖσθε.

274 1737 340 1787 'A
349 1737 437 1790 λλο
457 1755 508 1790 τι
528 1738 708 1807 λέγειν
729 1741 968 1812 ούκὲχω,
993 1744 1118 1796 ὅσον
1130 1745 1191 1798 τὸ
1213 1748 1336 1800 κατ’
1353 1749 1378 1799 ὲ
1385 1747 1454 1818 μὲ
1474 1748 1762 1817 γινώσκειν
1774 1751 1834 1805 τὸ

269 1827 493 1899 ἀληθές.
520 1831 776 1901 Οὐδεμία
800 1834 908 1902 γὰρ
924 1837 1205 1893 κοινωνία
1229 1841 1376 1907 φωτὶ
1399 1841 1549 1908 πρὸς
1575 1845 1798 1909 σκότος
1819 1859 1836 1876 ·
1869 1822 1912 1876 Β

269 1919 394 1974 οὔτε
427 1924 484 1974 ὲν
502 1923 581 1994 τῷ
615 1924 770 1993 μέρει
795 1925 903 1978 τῶν
927 1926 1221 1996 ὀρθοδόξων
1247 1931 1530 1995 τετάξεται
1559 1935 1587 1986 6
1618 1934 1692 2004 μὴ
1719 1951 1839 1987 κοι-

272 2014 461 2068 νωνῶν
493 2017 558 2086 τῇ
607 2017 904 2089 ὀρθοδοξίᾳ,
937 2019 1042 2074 κᾶν
1067 2023 1124 2072 ὲν
1157 2025 1224 2093 τῇ
1265 2025 1469 2098 ἐσχάτῃ
1493 2024 1632 2098 ὥρᾳ.
1663 2027 1837 2081 Ὅπου

272 2101 384 2173 γὰρ
413 2105 634 2177 εὑρεθῇ,
675 2108 792 2160 ἐκεῖ
829 2108 924 2162 καὶ
955 2109 1276 2180 κριθήσεται
1299 2127 1314 2143 ο
1351 2115 1446 2167 καὶ
1474 2109 1588 2168 οἷον
1628 2118 1839 2184 ἐφόδιον

273 2197 467 2266 εἴληφε
501 2199 638 2269 πρὸς
666 2199 764 2269 τὴν
797 2201 1015 2255 αἰώνιον
1051 2201 1217 2274 ζωὴν,
1243 2192 1419 2277 τούτῴ
1478 2208 1574 2262 καὶ
1617 2225 1840 2282 συναριε

273 2287 637 2359 θμηθήσεται.
662 2291 939 2346 Τὸλοιπὸν
960 2293 1122 2365 εὔχου
1151 2295 1292 2367 ὑπὲρ
1319 2296 1474 2366 ἐμοῦ.
1512 2298 1844 2364 Ἀσπάζεταί

275 2398 336 2434 σε
364 2383 392 2433 6
426 2382 614 2453 κύριος
641 2385 670 2436 6
722 2385 1156 2455 ἀρχιεπίσκοπος
1179 2429 1194 2453 ,
1225 2389 1320 2442 καὶ
1362 2390 1412 2442 οἱ
1467 2391 1686 2458 ἀδελφοί
1726 2410 1842 2449 σου.

271 2473 412 2536 Τοὺς
440 2473 577 2543 μετὰ
603 2475 694 2528 σοῦ
718 2476 979 2545 ἀδελφοὺς
999 2478 1074 2539 ὡς
1099 2477 1264 2532 τέκνα
1289 2497 1390 2550 μου
1415 2482 1805 2552 προσαγορεύω
1825 2499 1840 2515 ·

273 2565 398 2616 ἐπεὶ
447 2565 542 2618 καὶ
585 2566 683 2638 τὴν
741 2568 940 2640 κυρίαν
982 2568 1189 2625 Θέκλαν
1213 2571 1288 2634 ὡς
1328 2569 1606 2644 θυγατέρα
1630 2573 1690 2626 ἐν
1709 2573 1846 2644 Χρι-

273 2671 337 2706 στ
343 2673 409 2712 ω.

276 2773 422 2840 ΡῌΡ
462 2776 689 2847 (92).—-
719 2777 966 2845 Ἀϐολίῳ
1019 2779 1120 2833 καί
1159 2779 1407 2849 Ἰωάννῃ
1454 2779 1835 2851 μονάζουσιν.

1935 569 2116 625 nionis
2142 570 2412 640 particeps
2439 571 2615 626 factus
2647 578 2751 636 est,
2776 571 2828 625 in
2845 587 3015 642 caque
3036 571 3324 628 defunctus
3341 613 3356 637 ,
3383 589 3513 627 con-

1936 672 2255 718 sentaneum
2288 672 2444 719 estut
2493 663 2546 718 in
2587 663 3514 722 orthodomrumcommemoratio‘

1936 754 2099 808 nibus
2123 753 2302 808 locum
2337 755 2548 818 habeat,
2574 755 2718 810 bono
2763 755 2874 811 Deo
2897 767 3088 811 nostro
3115 772 3210 826 per
3237 772 3510 810 summam

1935 844 2280 899 clementiam
2315 845 2370 900 in
2403 847 2596 901 ultima
2634 847 2724 901 illa
2762 847 2894 900 hora
2929 847 3283 916 paenitentem
3338 846 3512 902 susci-

1935 935 2139 1006 piente,
2198 937 2385 1007 ibique
2416 953 2541 992 eum
2572 937 2872 1008 judicante.
2901 937 3083 1004 Quare
3134 939 3178 993 si
3219 939 3292 993 ita
3320 953 3377 992 sc
3420 954 3505 992 res

1935 1026 2145 1094 habuit,
2196 1043 2303 1083 non
2379 1031 2741 1084 recusandum
2799 1039 2884 1084 est
2934 1030 3227 1098 quominus
3280 1031 3512 1100 puhlicm

1933 1133 2124 1188 preces
2161 1135 2260 1188 pro
2299 1120 2390 1174 illo
2420 1121 2549 1176 tiant
2596 1122 2662 1175 ad
2722 1121 2914 1176 Deum.
2953 1120 3048 1176 Sin
3089 1132 3269 1176 autem
3312 1123 3508 1175 horum

1935 1210 2070 1264 nihil
2123 1209 2326 1264 factum
2363 1221 2466 1273 est,
2521 1211 2614 1265 sed
2666 1212 2759 1280 qui
2804 1211 2996 1264 haeresi
3044 1210 3506 1274 communicabat,

1936 1315 2044 1354 non
2067 1311 2192 1354 ante
2207 1300 2474 1370 particeps
2499 1299 2602 1354 fuit
2633 1301 2877 1369 corporis
2913 1309 2966 1353 et
2991 1301 3270 1369 sanguinis
3297 1289 3507 1352 Domini

1938 1391 2264 1462 (haereticus
2285 1391 2430 1446 enim
2462 1391 2616 1461 panis
2647 1392 2736 1446 ille
2769 1401 2821 1446 et
2853 1408 2958 1446 non
2997 1407 3194 1460 corpus
3227 1392 3428 1444 Christi
3467 1391 3507 1458 ),

1937 1499 2047 1539 non
2076 1485 2391 1539 audendum
2421 1493 2506 1540 est
2527 1484 2729 1546 dicere,
2763 1494 2820 1538 ut
2857 1500 2957 1554 pro
2984 1485 3078 1538 illo
3120 1485 3342 1554 synaxis
3395 1484 3505 1538 ﬁat.

1935 1573 2121 1645 Neque
2145 1577 2291 1630 enim
2324 1574 2533 1629 ludicra
2594 1584 2719 1629 sunt
2754 1574 2958 1639 divina,
2990 1585 3049 1628 ut
3073 1589 3178 1628 non
3205 1574 3390 1628 audiat
3417 1577 3509 1642 qui

1936 1683 2037 1739 pro
2058 1667 2152 1722 illo
2178 1667 2349 1736 petit:
2383 1666 2597 1729 Petitis.
2627 1678 2674 1720 et
2701 1683 2804 1720 non
2832 1666 3098 1734 accipitis,
3127 1681 3185 1719 eo
3214 1666 3352 1734 quod
3375 1666 3510 1717 male

1937 1761 2130 1830 petatis
2155 1760 2225 1816 δί.
2253 1758 2415 1813 Aliud
2437 1759 2584 1830 quod
2609 1759 2786 1814 dicam
2816 1775 2925 1824 non
2951 1759 3144 1823 habeo,
3175 1757 3353 1826 quoad
3382 1774 3509 1825 pos-

1941 1853 2046 1908 sim
2072 1852 2124 1906 id
2163 1852 2309 1921 quod
2334 1867 2522 1906 verum
2570 1862 2652 1908 est
2686 1865 3034 1922 cognoscere.
3070 1850 3240 1903 Natta
3268 1852 3403 1903 enim
3434 1860 3507 1903 est

1939 1945 2164 1998 societas
2187 1943 2294 1997 luci
2315 1944 2384 1998 ad
2416 1943 2650 1997 tenebras
2675 1944 2756 2010 ⁶²;
2787 1958 2964 2012 neque
2993 1943 3048 1996 in
3074 1942 3508 1996 Orthodoxorum

1940 2046 2097 2104 parte
2147 2034 2524 2097 collocabitur,
2559 2035 2652 2104 qui
2679 2034 3018 2089 orthodoxiae
3061 2031 3144 2088 vel
3207 2033 3262 2086 in
3320 2031 3510 2085 ultima

1943 2125 2077 2180 hora
2108 2141 2216 2180 non
2253 2127 2644 2182 communicat.
2687 2125 2793 2182 Ubi
2826 2127 2971 2182 enim
3013 2125 3178 2181 fuerit
3207 2124 3511 2195 deprehen-

1945 2233 2064 2281 sus,
2096 2217 2170 2272 ibi
2218 2218 2592 2288 judicabitur;
2630 2231 2684 2274 et
2714 2219 2876 2289 quale
2906 2219 3167 2273 viaticum
3217 2214 3513 2285 sumpserit

1943 2310 2011 2364 ad
2051 2311 2218 2364 vitam
2256 2321 2538 2376 aeternam,
2589 2328 2659 2367 ex
2710 2327 2776 2366 eo
2822 2311 3316 2367 connumerahitur
3371 2307 3505 2377 (95).

1941 2399 2094 2464 Quod
2126 2401 2396 2469 reliquum
2439 2411 2544 2467 est,
2588 2417 2684 2456 ora
2717 2416 2814 2470 pro
2839 2416 2946 2456 me.
2997 2399 3209 2455 Salutat
3248 2408 3298 2454 te
3334 2397 3512 2452 domi-

1941 2506 2047 2546 nus
2109 2492 2576 2562 archiepiscOpus,
2631 2503 2684 2547 et
2728 2491 2926 2548 fratres
2974 2491 3075 2546 tui.
3113 2490 3331 2544 Fratres
3396 2488 3492 2557 qui

1943 2589 2119 2634 tecum
2159 2591 2306 2647 sunt,
2347 2592 2405 2636 ut
2449 2583 2588 2638 filios
2640 2583 2818 2637 saluto
2883 2602 2897 2638 :
2942 2591 3057 2637 tum
3115 2592 3172 2636 et
3231 2581 3508 2635 dominam

1941 2670 2198 2728 Thcclam
2229 2682 2288 2727 ut
2311 2675 2473 2728 tiliam
2500 2675 2552 2728 in
2588 2675 2826 2730 Christo.

2133 2787 2267 2844 CXC
2279 2787 2406 2844 Vill.
2425 2819 2495 2830 —
2523 2789 2711 2847 Abolio
2735 2800 2785 2846 et
2808 2791 3008 2846 Joanni
3033 2789 3323 2842 monac/tis.

1672 2893 1746 2942 De
1771 2899 1939 2945 sancta
1970 2897 2205 2961 imagine.

347 2994 730 3065 Προσηγορίαν
757 2993 911 3063 ὑμῶν
935 2992 1046 3046 τῶν
1079 2993 1252 3062 ἁγίων
1290 2994 1658 3065 κομισάμενος
1689 2994 1840 3067 παρὰ

2013 3001 2151 3056 Cum
2196 3003 2540 3058 salutationis
2581 3002 2823 3058 officium
2871 3010 3056 3058 vestro
3107 3000 3347 3065 nomine,
3402 3002 3505 3056 viri

286 3087 510 3140 Ἡσαΐου
532 3085 624 3138 τοῦ
651 3084 1069 3151 θεοφιλεστάτου
1095 3084 1395 3138 ἐπισκόπου
1429 3084 1525 3138 καὶ
1548 3085 1846 3156 πνευματι-

274 3176 377 3231 κοῦ
439 3175 672 3246 Πατρδς.
703 3176 763 3228 ού
797 3176 956 3244 μόνον
996 3174 1342 3247 ὲξεδιδάχθην
1390 3175 1475 3238 τίς
1516 3176 1550 3246 ἡ
1593 3175 1716 3229 ὁσία
1745 3177 1844 3230 καὶ

277 3269 522 3340 πατρικὴ
572 3267 725 3336 ὑμῶν
784 3267 951 3329 δυάς·
1003 3265 1141 3319 ἀλλὰ
1187 3265 1299 3336 γὰρ
1353 3264 1446 3318 καὶ
1492 3263 1844 3334 προετράπην

273 3362 516 3432 χαράξαι
573 3360 701 3428 ὑμῖν
749 3358 907 3426 τήνδε
931 3356 1030 3428 τὴν
1054 3356 1276 3428 οἰκτρὰν
1311 3356 1606 3426 συλλαϐήν.
1653 3354 1846 3425 Ἡμεῖς

271 3458 335 3507 δὲ
366 3452 608 3506 ταπεινοὶ
633 3451 730 3520 μὲν
753 3452 847 3503 καὶ
870 3449 1204 3520 ἁμαρτωλοὶ,
1230 3450 1379 3519 ὅμως
1405 3448 1682 3517 φιλοῦντες
1703 3448 1848 3518 ὑμᾶς

273 3543 486 3613 ἀνάψαι
516 3544 596 3604 είς
629 3542 880 3609 ἀγάπην,
909 3535 974 3611 ἦς
1008 3539 1158 3593 οὐδὲν
1186 3540 1600 3609 προτιμότερον.
1635 3538 1848 3600 Ἀλλως

275 3653 339 3690 τε
370 3635 466 3689 καὶ
491 3632 734 3702 ὑπακοὴν
770 3631 1123 3702 πληροῦντες,
1151 3629 1503 3699 ἐπεδώκαμεν
1525 3632 1750 3694 ἑαυτοὺς
1769 3629 1849 3700 τῷ

277 3729 596 3799 γράμματι.
628 3726 736 3778 Καὶ
779 3725 843 3796 δὴ
882 3722 1315 3794 εὐχαριστοῦμεν
1365 3721 1443 3792 τῷ
1472 3722 1613 3794 Θεῷ,
1646 3723 1726 3774 ὅτι
1752 3722 1851 3775 καὶ

283 3821 446 3890 ὑμεῖς
491 3819 550 3871 ὲν
585 3816 664 3886 τῷ
695 3815 906 3887 σεισμῷ
949 3816 1046 3885 τῆς
1089 3814 1530 3885 Εἰκονομαχικῆς
1582 3814 1852 3884 αἱρέσεως

281 3911 526 3964 ἄσειστοι
580 3907 903 3978 διεμείνατε,
936 3905 1080 3974 άγιοι
1123 3905 1387 3975 Πατέρες,
1437 3904 1511 3976 μὴ
1541 3904 1761 3968 ἁλόντες
1784 3906 1850 3975 τῇ

283 4003 409 4058 κατ’
427 4001 597 4072 αὐτὴν
612 3999 940 4070 ψυχοφοόρῳ
955 3998 1232 4068 κοινωνίᾳ·
1251 3997 1385 4051 ἀλλὰ
1401 4001 1467 4068 τῇ
1486 3995 1739 4066 φυγῇςτὸν
1757 3995 1850 4049 τοῦ

281 4095 531 4166 διωγμοῦ
555 4093 1020 4164 τρισμακάριστον
1048 4090 1197 4162 [cod.
1236 4091 1370 4162 Reg.
1391 4089 1852 4162 θεομακάριστον]

279 4189 552 4256 στέφανον
584 4185 961 4256 κομισάμενοι,
995 4183 1142 4248 ἄξιον
1177 4182 1346 4247 ὅντως
1373 4185 1471 4251 τῆς
1499 4183 1702 4254 ἀρετῆς
1722 4223 1738 4249 ,
1758 4183 1854 4236 καὶ

285 4284 589 4355 κατάδηλον
655 4281 765 4335 τῶν
827 4279 1305 4352 προδιηνυσμένων
1358 4279 1488 4349 ὑμῖν
1535 4278 1850 4350 ἀσκητικῶν

284 4376 536 4445 ἀγώνων.
588 4373 732 4426 Διότι
783 4374 847 4426 ἐκ
888 4371 996 4424 τῶν
1046 4370 1145 4440 ἤδη
1197 4370 1520 4438 φθασάντων
1579 4370 1852 4436 ἀπόδειξιν

286 4469 513 4540 ἐκφέρει
533 4469 642 4528 πᾶς
662 4483 746 4529 τις
763 4466 859 4518 τοῦ
889 4463 1156 4533 προτέρου
1183 4462 1320 4532 βίου,
1347 4459 1407 4516 εὗ
1438 4480 1498 4515 τε
1523 4463 1616 4516 κατ⁹
1642 4463 1715 4527 ὡς
1735 4463 1851 4516 ἐτέ-

291 4579 403 4634 ρως
433 4559 567 4631 ἔχει.
603 4560 666 4611 Oi
695 4558 795 4626 τὴν
828 4557 1084 4627 ὁσιότητα
1112 4555 1483 4626 ἀμπεχόμενοι
1529 4553 1851 4608 ἐνεδύσασθε

289 4653 392 4707 καὶ
418 4653 520 4720 τὴν
547 4650 840 4722 ὁμολογίαν
863 4647 1127 4721 Χριστοῦ,
1157 4647 1521 4718 άμφικαλλεῖς
1542 4649 1848 4719 γενόμενοι.

302 4743 598 4814 ὐμολογία
629 4742 738 4813 γὰρ
766 4739 1024 4812 Χριστοῦ,
1057 4738 1322 4810 Πατέρες,
1349 4739 1383 4808 ἡ
1411 4739 1513 4808 τῆς
1557 4737 1718 4806 ἁγίας
1751 4741 1850 4792 αὑ..

286 4836 386 4893 τοῦ
432 4837 640 4898 εἰκόνος
697 4835 1078 4904 ὑπερμάχησις
1105 4849 1118 4862 ·
1150 4832 1228 4895 ὡς
1256 4830 1350 4884 καὶ
1378 4829 1614 4902 ἔμπαλιν
1643 4831 1854 4885 ἀθετῶν

290 4933 409 5000 ἐστι
439 4928 672 5001 Χριστὸν
702 4931 730 4982 6
762 4926 967 4998 ταύτην
993 4925 1386 4997 ἐξαρνούμενος
1412 4940 1426 4954 ·
1461 4924 1616 4988 διότι,
1647 4925 1854 4996 φησὶνό

295 5023 472 5094 μέγας
505 5022 802 5086 Βασίλειος,
833 5023 868 5091 ὴ
902 5021 1001 5085 τῆς
1034 5019 1240 5082 εἰκόνος
1270 5018 1404 5089 τιμὴ
1433 5020 1526 5073 ἐπὶ
1558 5016 1618 5072 τὸ
1644 5019 1857 5090 πρωτό-

292 5131 464 5168 τυπον
486 5113 752 5167 διαϐαίνει
775 5112 925 5185 [cod.
955 5112 1088 5181 Reg.
1118 5109 1446 5182 άναὸαίνει]’
1468 5112 1562 5164 καὶ
1587 5112 1646 5164 ὲν
1667 5111 1860 5164 ἐκατέ-

301 5225 377 5278 ρῳ
390 5207 648 5278 ἑκάτερον
665 5208 758 5260 καὶ
783 5203 1059 5276 ὁρώμενόν
1079 5204 1194 5256 ἐστι
1230 5202 1326 5256 καὶ
1345 5201 1822 5274 προσκυνούμενον
1839 5219 1855 5239 ο

296 5300 403 5358 κᾶν
431 5299 584 5353 Λέων
615 5300 644 5352 6
677 5293 1156 5370 bqpttbvupoc,xal.
1181 5292 1276 5347 τοῦ
1312 5295 1528 5350 Σατανᾶ
1558 5293 1861 5366 ὑπηρέτης.

367 5457 412 5490 ⁸⁸
434 5452 554 5510 Jac.
586 5469 659 5520 tv,
693 5452 749 5507 ὅ.
825 5453 871 5486 ³¹
909 5451 952 5508 ιι
972 5452 1100 5509 Cor.
1125 5467 1202 5518 vr,
1234 5452 1326 5510 14.

1944 3092 2142 3156 sancti,
2177 3093 2363 3161 accepi
2389 3094 2459 3148 ab
2510 3090 2646 3148 Isaia
2679 3093 2938 3163 episcopo
2977 3091 3069 3145 Dei
3109 3093 3511 3159 amantissimo,

1945 3197 2009 3237 ac
2031 3183 2306 3251 spirituali
2345 3193 2515 3252 patre,
2561 3199 2666 3239 non
2696 3185 2858 3238 modo
2888 3183 3147 3247 intellexi,
3177 3198 3342 3252 quam
3386 3199 3515 3237 san-

1945 3283 2092 3330 ctum
2115 3292 2212 3346 par
2231 3275 2452 3330 Patrum
2471 3277 2592 3330 sitis
2622 3291 2715 3331 vos
2734 3277 2872 3343 duo;
2905 3276 2997 3330 sed
3017 3286 3068 3330 et
3093 3276 3362 3344 impulsus
3390 3290 3511 3328 sum

1946 3368 2014 3424 ad
2064 3370 2206 3424 hanc
2253 3369 2620 3423 miserabilem
2671 3369 2956 3438 epistolam
3019 3368 3370 3423 exarandam.
3404 3365 3513 3420 Nos

1946 3476 2094 3528 vero,
2128 3462 2362 3516 humiles
2409 3461 2536 3515 licet
2559 3475 2624 3514 ac
2651 3469 2984 3530 peccatores,
3017 3475 3114 3513 vos
3147 3467 3328 3512 tamen
3353 3467 3513 3526 opta-

1947 3570 2071 3609 mus
2097 3543 2163 3607 ad
2222 3553 2544 3608 charitatem
2581 3552 2891 3617 incendere,
2923 3565 3030 3620 qua
3062 3550 3196 3602 nihil
3224 3549 3515 3636 praestabi-

1950 3645 2054 3700 lius
2081 3655 2184 3700 est.
2208 3645 2422 3713 Alioqui
2467 3655 2519 3698 et
2552 3658 2756 3698 morem
2782 3643 2936 3697 vobis
2966 3652 3234 3712 gerentes,
3271 3641 3514 3694 animum

1950 3736 2016 3789 ad
2040 3735 2385 3789 scribendum
2426 3734 2749 3802 adiecimus.
2776 3731 2841 3786 Et
2867 3747 2998 3787 sane
3033 3731 3233 3802 gratias
3258 3729 3365 3783 Deo
3396 3730 3516 3799 agi-

1950 3842 2096 3889 mus,
2136 3827 2282 3898 quod
2315 3835 2370 3882 et
2433 3843 2528 3881 vos
2560 3827 2613 3880 in
2655 3826 2887 3896 procella
2927 3827 3196 3879 haereseos
3229 3823 3513 3876 lconoma-

1952 3919 2089 3975 chia:
2113 3920 2429 3988 perstitistis
2453 3918 2690 3980 immoti,
2723 3917 2914 3971 Patres
2945 3917 3141 3982 sancti,
3176 3916 3402 3968 minime
3436 3914 3516 3968 ir-

1952 4013 2099 4069 retiti
2165 4011 2418 4082 pestifera
2481 4013 2627 4066 illius
2677 4010 3062 4064 communione
3096 4027 3109 4063 :
3143 4009 3237 4064 sed
3297 4016 3516 4076 arrepta

1954 4103 2080 4173 fuga
2109 4113 2188 4157 ter
2209 4101 2420 4157 felicem
2449 4103 2844 4172 persecutionis
2866 4117 3122 4156 coronam
3161 4100 3336 4169 adepti
3360 4101 3512 4162 estis,

1955 4211 2080 4250 vere
2129 4194 2348 4248 virtutis
2403 4194 2708 4264 praemium,
2740 4208 2803 4248 ac
2824 4191 3184 4246 certaminum
3213 4207 3333 4259 quae
3363 4189 3517 4258 prius

1955 4289 2009 4343 in
2031 4288 2142 4342 vita
2158 4287 2460 4342 monaSIica
2483 4285 2840 4349 sustinuistis,
2874 4285 3085 4339 illustre
3106 4284 3513 4337 documentum.

1958 4377 2140 4446 Quare
2168 4394 2234 4433 ex
2264 4379 2331 4434 iis
2357 4393 2478 4448 quae
2501 4378 2613 4447 jam
2645 4377 2942 4447 contigere.
2977 4375 3249 4444 specimen
3287 4373 3519 4444 quilibet

1957 4469 2156 4540 prioris
2189 4468 2312 4522 vita:
2336 4468 2573 4537 colligat,
2609 4469 2736 4522 dum
2779 4476 2833 4521 et
2865 4466 3068 4533 disnari
3100 4465 3262 4519 modo
3284 4481 3341 4518 se
3357 4464 3514 4533 gerit.

1959 4559 2332 4615 Sanctimonia
2352 4559 2476 4616 vitae
2506 4560 2702 4626 ornati,
2737 4558 2940 4614 Christi
2977 4575 3196 4628 quoque
3219 4558 3520 4612 confessio-

1958 4669 2082 4708 nem
2117 4653 2390 4716 induistis,
2431 4664 2661 4722 utraque
2696 4653 2808 4722 jam
2844 4653 3001 4706 laude
3031 4651 3334 4720 conspicui.
3373 4651 3520 4704 Con-

1959 4745 2123 4800 fessio
2147 4746 2290 4800 enim
2318 4745 2518 4799 Christi
2559 4755 2661 4812 est,
2695 4745 2916 4810 Patres,
2946 4755 3148 4798 sancta:
3184 4744 3355 4811 ipsius
3383 4743 3523 4796 ima-

1959 4836 2100 4907 ginis
2129 4836 2492 4907 propugnatio
2526 4853 2540 4889 :
2580 4847 2639 4890 ut
2661 4844 2716 4890 et
2744 4836 2860 4890 vice
2894 4851 3051 4890 versa
3101 4833 3380 4890 Christum
3426 4833 3524 4886 de-

1959 4928 2140 4998 spicit,
2159 4928 2412 4998 quisquis
2434 4929 2576 4982 hanc
2607 4937 2766 4998 negat
2803 4945 2817 4981 :
2847 4926 3168 4993 «Quoniam,
3202 4925 3380 4996 inquit
3403 4939 3522 4978 ma-

1959 5034 2100 5091 gnus
2128 5017 2381 5082 Basilius,
2413 5019 2667 5089 imaginis
2703 5020 2877 5073 honor
2935 5017 3134 5072 transit
3182 5017 3247 5070 ad
3281 5024 3517 5086 prototy-

1958 5127 2086 5184 pum
2123 5129 2139 5168 :
2170 5119 2224 5166 et
2263 5112 2492 5167 alterum
2533 5113 2588 5166 in
2617 5113 2794 5167 altero
2821 5110 3068 5166 cernitur
3091 5120 3146 5165 et
3174 5111 3468 5173 aduratur;
3498 5127 3516 5159 ι

1961 5205 2360 5275 quantumlibet
2420 5203 2549 5264 Leo.
2605 5205 2694 5259 cui
2736 5219 3036 5274 congruum
3073 5218 3103 5255 a
3155 5202 3266 5256 fera
3323 5216 3525 5269 cogno-

1966 5313 2111 5364 men,
2146 5295 2360 5352 Satanaa
2387 5296 2736 5361 administer,
2771 5294 3142 5360 Constantini,
3172 5293 3266 5363 qui
3317 5293 3523 5362 pridem

1776 5541 2008 5598 NOTE.

375 5641 486 5708 (92)
512 5640 569 5694 In
601 5641 725 5695 cod.
757 5639 890 5709 Reg.
919 5645 1041 5709 ptp'.
1085 5667 1110 5695 ο

376 5706 498 5798 ςθξ).
517 5711 589 5765 De
619 5706 1036 5798 hac'sen'ten‘tia,
1077 5726 1200 5780 qua:
1229 5718 1491 5798 tanquam
1523 5722 1588 5764 ex
1623 5708 1906 5777 Scriptura
1948 5709 2145 5763 citatur
2167 5723 2194 5762 a
2220 5706 2498 5773 Patrihus,
2524 5709 2724 5764 ridesis
2787 5723 2910 5777 qua:
2949 5707 3170 5798 potavit
3213 5706 3525 5763 Cotelerius

306 5792 344 5840 t.
377 5785 418 5850 Ι,
450 5781 683 5838 Monum.
714 5781 862 5836 Eccl.
898 5779 1116 5847 Grtvca',
1141 5796 1261 5852 pag.
1293 5779 1414 5835 821.
