4102 6374
680 314 819 380 1599
1862 310 1927 374 S.
1967 307 2362 371 THEODORI
2399 306 2749 370 STUDITE
3756 312 3864 382 16m

675 425 907 488 exstitit,
966 421 1264 492 impietatis
1317 422 1664 479 aemulatione
1703 418 1961 477 ferociter
1984 424 2295 484 adversus;

2244 439 2252 478 ι
2280 428 2324 484 Α
2353 420 2502 494 ζήλῳ
2525 420 2622 492 τῆς
2651 419 2744 473 τοῦ
2769 417 2938 473 πάλαι
2959 417 3380 474 Κωνσταντίνου
3399 419 3696 491 δυσσεϐείας
3714 436 3864 499 μανεὶς

673 517 958 574 Christum
987 515 1250 578 insaniat,
1282 514 1547 570 adversus
1575 513 1864 584 Deiparam
1889 556 1904 580 ,
1933 525 2258 572 sanctumve

671 609 1006 682 quemlibet:
1061 608 1221 678 cujus
1275 609 1535 664 memoria
1590 607 1750 678 periit
1812 592 1935 662 eum
2000 609 2182 664 sonitu
2211 610 2259 644 ⁵³

673 702 1040 760 anathematis
1077 703 1417 772 sempiterni.
1483 700 1594 757 Vos
1625 716 1752 757 vero
1826 704 2038 758 utinam
2082 719 2262 760 serve-

673 799 836 864 mini,
867 797 1124 853 Ecclesiae
1171 796 1265 852 Dei
1297 796 1564 851 Columna:
1595 812 1662 852 ac
1693 799 2067 860 ﬁrmamenta,
2096 799 2258 854 nobis

678 901 868 946 autem
908 890 1229 958 humilibus,
1263 891 1409 959 apud
1451 890 1715 958 optimum
1741 890 1910 945 Deum
1941 890 2259 947 defensores

678 997 745 1038 ac
792 981 1014 1052 patroni
1050 999 1064 1036 :
1127 992 1187 1035 ut
1230 979 1391 1036 ﬁdem
1440 980 1704 1037 habentes
1733 996 1856 1051 quae
1889 997 1985 1051 per
2019 982 2260 1037 charita-

678 1080 788 1128 tem
818 1057 1078 1143 operatur
1104 1072 1171 1138 ⁸⁵,
1197 1087 1229 1128 a
1268 1073 1512 1143 maligno
1559 1088 1863 1130 servemur.
1907 1073 2263 1144 Quandoqui-

679 1161 801 1218 dem
823 1178 953 1218 vero
979 1164 1188 1218 litteras
1211 1163 1278 1218 ad
1301 1178 1398 1218 vos
1421 1164 1694 1232 misimus,
1711 1165 2000 1242 .charitatis
2023 1164 2262 1222 ollicium

681 1253 1005 1324 explentes:
1033 1255 1280 1310 vicissim
1309 1265 1364 1310 et
1384 1272 1416 1310 a
1443 1256 1599 1312 vobis
1628 1257 1832 1327 scripta
1859 1256 2122 1312 reddatur
2148 1258 2264 1328 epi-

680 1345 854 1408 stola;
892 1354 951 1399 ut
979 1346 1152 1416 magis
1182 1347 1416 1402 invicem
1435 1362 1822 1420 agnoscamus,
1855 1357 1910 1405 et
1930 1359 2120 1404 mutuo
2151 1349 2264 1404 vel-

685 1435 766 1488 uti
819 1435 1171 1505 perfruamur
1201 1445 1450 1508 aspectu,
1485 1439 1823 1494 commercio
1849 1437 2183 1506 litterarum,
2207 1440 2265 1494 in

681 1525 904 1581 Christo
949 1525 1076 1582 Jesu
1135 1527 1367 1582 Domino
1391 1537 1612 1584 nostro:
1646 1526 1807 1596 cujus
1866 1529 2048 1599 imago
2081 1529 2267 1584 incor-

689 1620 1074 1690 rupta,mundi
1099 1621 1272 1686 salus,
1299 1621 1572 1676 idolorum
1598 1621 1773 1676 errori
1812 1621 2087 1692 opposita.

865 1817 1100 1874 CXCIX.
1130 1851 1195 1862 -—
1229 1820 1283 1875 Μ
1291 1821 1480 1877 icltaeli
1509 1831 1560 1877 et
1598 1821 1882 1892 Theophila
1911 1823 2078 1892 impp.

2360 514 2538 584 ἐμάνη
2563 514 2704 567 κατὰ
2735 509 2999 583 Χριστοῦ,
3033 511 3132 584 τῆς
3171 529 3232 566 τε
3255 513 3419 581 ἁγίας
3447 514 3658 586 Μητρὸς
3691 522 3828 578 αὺτοῦ
3848 567 3861 592 ,

2359 605 2454 659 καὶ
2503 605 2704 668 παντὸς
2757 603 2916 674 ἁγίου
2946 621 2960 634 ·
2992 595 3054 658 οὗ
3078 605 3140 658 τὸ
3193 607 3532 676 μνημόσυνον
3578 610 3734 665 ὄλοιτο
3768 622 3858 685 μετ’

2359 697 2528 768 ἦχους
2569 695 2912 766 ἁναθέματος
2965 694 3210 751 αίωνίου,
3255 695 3447 766 Ὑμεῖς
3478 697 3533 752 δὲ
3567 703 3864 777 φυλαχθείητε

2359 790 2429 858 τῇ
2459 781 2554 840 τοῦ
2579 786 2716 840 Θεοῦ
2757 785 3058 858 Ἐκκλησία
3081 787 3265 841 στύλοι
3297 789 3391 842 καὶ
3413 789 3865 866 ἐδραιὼματα,ήμίν

2360 897 2422 934 τε
2468 883 2580 944 τοῖς
2603 883 2880 942 ταπεινοῖς
2936 879 3074 951 πρὸς
3111 879 3247 935 Θεὸν
3289 883 3384 935 τδν
3421 882 3614 950 ἀγαθὸν
3646 902 3867 956 sponsiu-

2365 971 2490 1027 σταί
2514 989 2574 1026 τε
2606 972 2702 1026 καὶ
2731 971 3149 1044 παρακλήτορες
3172 985 3186 1006 ⁶
3216 972 3294 1038 ὡς
3325 974 3394 1030 ἂν
3431 975 3528 1048 τὴν
3553 978 3718 1032 πίστιν
3751 982 3866 1052 ἐνερ-

2361 1065 2637 1136 γουμένην
2678 1065 2746 1119 δι’
2765 1066 2989 1136 ἀγάπης
3043 1063 3292 1136 ἔχοντες,
3327 1066 3624 1137 σωθείημεν
3664 1069 3756 1124 ἀπὸ
3793 1073 3864 1128 τοῦ

2363 1155 2623 1228 πονηροῦ.
2686 1157 2908 1226 Ἐπειδὴ
2943 1155 3004 1209 δέ
3058 1157 3454 1228 ἐπεστείλαμεν
3507 1160 3568 1213 τὸ
3619 1162 3708 1232 τῆς
3755 1165 3862 1232 ἀγά.

2365 1265 2475 1318 πης
2499 1247 2664 1320 ἔργον
2694 1247 3034 1320 πληροῦντες
3052 1265 3068 1281 ο
3095 1249 3193 1304 καὶ
3219 1246 3620 1321 ἀντιδεξοίμεθα
3649 1251 3779 1322 λόγον
3795 1255 3862 1325 ἐγ-

2364 1340 2700 1412 γράμματον
2719 1357 2734 1372 ·
2766 1342 2854 1396 ἵνα
2893 1342 3094 1412 μᾶλλον
3121 1341 3217 1396 καὶ.
3249 1343 3602 1414 γνωρίσωμεν
3628 1344 3862 1416 ἀλλήλους,

2365 1434 2461 1486 καὶ
2481 1434 2555 1497 ὡς
2574 1433 2815 1503 ὁρῶντες
2839 1434 3108 1505 ὁρώμενοι
3130 1437 3197 1505 τῇ
3223 1438 3582 1506 γραμματικῇ
3606 1441 3864 1510 προσφωνή-

2368 1542 2450 1578 set
2474 1525 2860 1597 διαμενοῦμεν,
2881 1529 2943 1584 ἐν
2966 1526 3192 1599 Χριστῷ
3233 1526 3412 1597 Ἰησοῦ
3443 1525 3520 1598 τῷ
3547 1529 3714 1598 Κυρίῳ
3731 1531 3861 1601 ἡμῶν·

2365 1608 2428 1669 οὗ
2453 1615 2490 1686 η
2521 1614 2792 1687 ἄχραντος
2831 1616 2999 1671 εἰκὼν
3044 1615 3295 1688 σωτηρία
3332 1617 3554 1688 κόσμου,
3597 1621 3686 1690 τῆς
3713 1619 3864 1674 είδωλι·

2367 1710 2475 1781 κῆς
2500 1711 2710 1781 πλάνης
2733 1711 3035 1775 ἀντίθετος.

2357 1824 2500 1892 Ρίιθν
2538 1824 2700 1897 (95‘).
2728 1853 2801 1866 -
2821 1825 3068 1895 Μιχαὴλ
3099 1825 3202 1881 καὶ
3232 1826 3500 1897 Θεοφίλῳ
3539 1825 3857 1891 βασιλεῦσιν.

3060 1915 3254 1990 [ψιιεό]

1360 2031 1436 2080 De
1457 2031 1556 2079 ﬁde
1582 2030 1876 2089 orthodoxa,
1908 2033 1962 2078 et
1980 2029 2046 2078 de
2067 2027 2254 2078 sanctis
2272 2031 2590 2094 Imaginibus.
2617 2031 2818 2094 (Baron.
2850 2044 2932 2082 an.
2956 2031 3069 2091 823,
3098 2045 3148 2082 η.
3170 2031 3234 2082 14
3260 2034 3278 2096 )

766 2135 988 2205 Regibus
1018 2137 1271 2205 piissimis
1293 2148 1340 2190 et
1375 2139 1790 2208 religiosissimis
1814 2157 1845 2192 a
1886 2139 1994 2194 Deo
2016 2140 2267 2210 Augustis

687 2236 738 2282 et
776 2228 1204 2296 imperatoribus,
1262 2228 1506 2299 apologia
1553 2239 1603 2284 et
1650 2229 1898 2284 allocutio
1945 2247 2127 2286 eorum
2179 2230 2270 2300 qui

689 2322 775 2376 hic
810 2333 966 2391 atque
992 2322 1105 2375 illic
1138 2323 1368 2392 dispersi
1406 2332 1553 2376 sunt.

761 2499 1116 2567 Perspectum
1171 2509 1256 2554 est
1315 2499 1382 2556 iis
1433 2499 1528 2570 qui
1586 2501 1802 2556 ratione
1848 2502 2063 2572 praediti
2115 2512 2270 2569 sunt,

2368 2141 2704 2194 Βασιλεῠσι
2733 2139 3223 2210 θεοφιλεστάτοις
3252 2139 3352 2194 καί
3388 2139 3798 2206 εὐσεϐεστάτας
3813 2141 3861 2194 ἐκ

2443 2228 2592 2282 Θεοῦ
2617 2229 2986 2298 Αὐτούστοις
3008 2231 3102 2283 καί
3133 2229 3619 2298 αὐτοκράτορσιν,
3637 2230 3861 2300 ἀπολογία

2439 2321 3015 2390 καὶπροσφὼν-ησις,
3044 2325 3206 2390 παρά
3263 2321 3384 2376 τῶν
3433 2317 3546 2377 ὧδέ
3590 2339 3646 2377 τε
3677 2324 3859 2378 κάκεῖσε

2439 2411 2910 2482 διεσπαρμένων.

2454 2503 2825 2575 Ἐγνωσμένον
2885 2504 3004 2558 ἐστὶ
3057 2507 3172 2570 τοῖς
3213 2506 3376 2576 λόγου
3429 2505 3740 2578 μετέχουσιν,
3764 2507 3860 2560 ὃτιὺ

697 2589 870 2644 Deum
923 2605 1109 2662 regem
1169 2593 1579 2657 universorum,
1640 2594 1843 2648 terreni
1895 2594 2109 2664 imperii
2155 2609 2274 2651 rem

2237 2609 2274 2650 n
2371 2595 2752 2668 παμϐασιλεὺς
2814 2596 2929 2650 τῶν
2961 2598 3221 2651 ἁπάντων
3271 2597 3425 2664 Θεὸς,
3473 2598 3533 2651 τὸ
3560 2599 3647 2668 τῆς
3680 2599 3857 2666 ἐπιγείου

696 2697 1011 2754 nomenque
1062 2695 1351 2754 propterea
1390 2697 1601 2742 natura:
1622 2687 1876 2744 humanae
1905 2689 2272 2759 concessisse,

2237 2705 2272 2759 ἓν
2375 2686 2656 2760 βασιλείας
2687 2688 2879 2759 χρῆμά
2905 2705 2965 2742 τε
2995 2690 3090 2744 καὶ
3127 2688 3304 2761 ὄνομα
3329 2690 3514 2744 τούτου
3541 2691 3681 2762 χάριν
3712 2679 3857 2760 tam”.

699 2781 759 2827 ut
797 2783 961 2839 terra,
1004 2774 1312 2831 imitatione
1332 2776 1479 2842 cceli,
1517 2793 1706 2847 pacem
1743 2786 1909 2849 atque
1959 2779 2275 2850 tranquilli-

2237 2782 2275 2835 i-
2375 2797 2506 2836 σατο
2543 2784 2609 2855 τῇ
2648 2781 2966 2854 ἀνθρωπεία
2995 2784 3196 2852 φύσει,
3241 2784 3332 2838 ἵνα
3365 2785 3586 2857 μιμήσει
3628 2783 3717 2837 τῶν
3741 2785 3857 2855 οὐρα-

699 2874 865 2921 tatem
917 2867 1192 2933 obtinens,
1245 2869 1403 2938 parili
1461 2885 1586 2924 eum
1645 2870 1808 2926 laude
1857 2883 1912 2926 et
1957 2871 2278 2929 adoratione

2237 2888 2278 2929 ie
2373 2877 2504 2930 νίων
2553 2877 2648 2930 καὶ
2689 2876 2760 2931 τὰ
2811 2877 3034 2946 ἐπίγεια
3065 2877 3130 2930 τὸ
3160 2878 3436 2948 είρηναῖον
3471 2877 3558 2929 καὶ
3581 2875 3857 2930 ἀστασίαστον

700 2974 1088 3032 prosequatur.
1115 2963 1286 3034 Cujus
1335 2981 1482 3021 nunc
1516 2967 1760 3022 habenas
1792 2967 1983 3022 divino
2019 2967 2275 3024 sortitum

2235 2985 2275 3022 in
2379 2968 2718 3040 κεκτημένα,
2753 2969 3045 3040 σύμφωνον
3067 2970 3257 3037 ἄγοιεν
3285 2968 3388 3040 τὴν
3433 2968 3511 3032 είς
3541 2967 3684 3021 αὐτὸν
3706 2965 3855 3030 606010-

704 3059 965 3130 snﬂ‘ragio
994 3066 1239 3114 vestrum
1279 3059 1478 3116 Christi
1509 3062 1770 3116 aemulum
1818 3061 2129 3132 imperium,
2158 3061 2281 3133 iure

2237 3077 2281 3119 Pe
2379 3058 2508 3128 γίαν
2559 3075 2622 3112 τε
2679 3059 2774 3112 καὶ
2819 3059 3214 3130 προσκύνησιν.
3249 3053 3366 3122 Ἦς
3408 3059 3506 3122 τὰς
3533 3054 3857 3126 ήνίαςλαχοῦσα

705 3165 808 3205 nos
838 3150 1096 3204 minimos
1127 3151 1436 3217 advocavit,
1466 3159 1527 3207 ut
1560 3168 1684 3208 cum
1714 3153 1782 3208 iis
1813 3165 2122 3208 sermonem
2149 3168 2280 3208 cono

2237 3169 2280 3208 ιο
2377 3151 2672 3224 θεοκρίτως
2706 3153 2738 3222 ἡ
2790 3153 3034 3223 ὑμετέρα
3067 3152 3525 3223 Χριστομίμητος
3566 3147 3781 3221 βασιλεία,
3805 3148 3857 3200 εί-

619 3321 624 3328 .
703 3239 980 3310 feramus,
1011 3245 1106 3313 qui
1143 3245 1290 3299 circa
1317 3245 1440 3299 ﬁdei
1464 3246 1775 3300 doctrinam
1804 3261 1835 3299 a
1867 3245 2028 3302 nobis
2059 3246 2239 3302 disseri

2236 3263 2280 3302 ιο
2379 3244 2557 3308 κότως
2584 3243 2999 3315 προσκέκληκεν
3033 3245 3187 3315 ἡμᾶς
3210 3245 3343 3308 τοὺς
3370 3245 3692 3314 ἐλαχίστους,
3715 3242 3776 3302 είς
3799 3238 3856 3290 λά·

706 3330 849 3384 tiunt
882 3346 896 3383 :
938 3339 999 3385 ut
1027 3331 1156 3386 hinc
1181 3331 1438 3386 nimirum
1473 3332 1825 3402 cognoscatis
1863 3341 1984 3387 utra
2025 3348 2155 3403 pars
2185 3349 2282 3390 ve-
2321 3405 2326 3408 Α

2237 3350 2282 3390 3-
2321 3403 2351 3408 ᾧ
2381 3353 2512 3406 γους
2537 3335 2712 3390 ἐλθεῖν
2753 3337 2893 3406 μετὰ
2917 3337 3028 3390 τῶν
3058 3336 3565 3408 ἀντιδιατιθεμένων
3587 3336 3699 3406 ἡμῖν
3715 3331 3772 3401 τῷ
3789 3329 3857 3397 τῆς

708 3435 832 3473 rum
873 3419 1137 3487 proferat,
1193 3430 1248 3476 et
1297 3421 1427 3477 huic
1478 3423 1712 3493 palmam
1768 3423 2042 3488 tribuatis,
2078 3432 2140 3480 ut
2172 3404 2328 3482 noni

2237 3441 2283 3482 in
2309 3403 2354 3462 (ἶ
2386 3403 2622 3490 πίστεως
2645 3403 2788 3495 λόγω
2819 3441 2834 3456 ⁸
2871 3426 2946 3490 ὡς
2975 3425 3042 3481 ἂν
3070 3425 3328 3481 ἐντεῦθεν
3347 3403 3496 3497 γνοίη
3519 3403 3714 3495 πότερον
3742 3420 3857 3491 μέρος

707 3511 814 3565 sint
851 3511 994 3566 inter
1044 3527 1146 3569 nos
1178 3513 1496 3579 schismata,
1547 3513 1644 3568 sed
1697 3512 1841 3569 idem
1872 3529 2062 3570 omnes
2092 3513 2284 3570 ortho-

2235 3528 2284 3570 )-
2384 3517 2448 3571 τὸ
2476 3517 2678 3588 ἀληθὲς
2710 3517 3027 3586 πρεσϐεύοι,
3062 3519 3159 3572 καὶ
3183 3518 3364 3590 ταύτῃ
3392 3518 3502 3588 δοίη
3528 3517 3590 3570 τὰ
3614 3515 3855 3583 νικητήρια·

707 3602 848 3658 doxe
864 3603 1186 3660 sentiamus.
1212 3604 1271 3659 ln
1301 3619 1410 3674 quo
1433 3605 1654 3676 quidem
1681 3615 1918 3662 vestrum
1943 3607 2286 3664 laudavimus

2238 3622 2286 3664 ts
2385 3610 2467 3672 είς
2497 3607 2559 3663 τὺ
2587 3609 2662 3680 μὴ
2692 3604 2833 3664 εἶναι
2893 3610 3174 3681 σχίσματα
3224 3611 3287 3663 ἐν
3341 3611 3490 3681 ἡμῖν,
3517 3607 3636 3663 ἀλλὰ
3678 3606 3729 3659 τὸ
3768 3601 3858 3655 αὐτὶ

708 3695 1085 3766 perdiscenda:
1131 3698 1255 3753 lldei
1299 3698 1574 3765 studium;
1609 3712 1676 3754 ac
1721 3697 1896 3770 magis
1939 3698 2102 3754 etiam
2131 3699 2286 3769 pacis

709 3791 1103 3861 componendae
1156 3792 1451 3848 consilium
1484 3791 1866 3858 laudavimus;
1897 3809 2010 3864 quo
2041 3794 2286 3850 subdito-

712 3899 836 3938 rum
867 3885 1090 3940 utilitati
1139 3900 1205 3941 ac
1233 3885 1397 3941 saluti
1439 3887 1752 3942 consulitis.
1789 3886 1856 3941 Et
1882 3885 2038 3942 vobis
2060 3886 2283 3957 quidem

2384 3701 2603 3772 φρονεῖν
2643 3699 2939 3772 ὀρθοδὸξως
2994 3701 3261 3767 ἅπαντας.
3303 3703 3422 3773 Ἐφ’
3442 3695 3484 3770 ᾧ
3521 3701 3753 3772 ᾑνέσαμεν
3791 3693 3859 3764 μὲν

2351 3845 2354 3850 .
2385 3791 2544 3862 ὑμῶν
2597 3790 2658 3844 τδ
2687 3791 2988 3863 φιλομαθὲς
3026 3790 3131 3861 τῆς
3159 3793 3419 3858 πίστεως,
3449 3792 3800 3862 ὑπερῃνέσαμεν
3820 3782 3860 3835 δδ

2385 3884 2447 3938 τὸ
2473 3882 2816 3954 είρηνοθελές
2846 3885 2946 3955 τῆς
2975 3885 3362 3957 προαιρέσεως
3392 3903 3406 3917 ο
3443 3884 3499 3938 τὸ
3520 3881 3671 3943 οὕτως
3694 3873 3858 3947 ἐφιεμέ-

711 3974 844 4032 hinc
865 3977 1149 4046 praemium
1179 3979 1305 4044 erit,
1341 3977 1395 4033 in
1439 3978 1688 4034 claritate
1722 3979 1943 4035 claritas
1973 3979 2284 4044 ineffabilia,

2236 3995 2284 4044 Β,
2385 3991 2486 4047 νης
2517 3977 2603 4029 ἐπ’
2627 3975 2868 4049 ὠφελείᾳ
2897 3975 2992 4030 καὶ
3025 3977 3275 4050 σωτηρίᾳ
3327 3977 3556 4049 ὑπήκοον
3594 3971 3856 4038 καταστήσα-

709 4081 765 4124 et
789 4069 843 4122 in
869 4083 1038 4139 regno
1059 4083 1284 4138 regnum
1326 4069 1740 4140 sempiternum.
1758 4068 1986 4137 Verum,
2015 4085 2050 4126 o
2078 4071 2287 4126 domini

2234 4071 2287 4126 ni
2386 4069 2534 4122 σθαι.
2561 4067 2662 4136 Elii
2686 4066 2796 4138 γὰρ
2831 4067 2959 4137 ὑμῖν
2982 4066 3237 4121 ἐντεῦθεν
3281 4065 3525 4138 ἄμειψις,
3553 4065 3636 4117 ἐπὶ
3671 4056 3854 4130 λαμπρό-

711 4158 906 4228 optimi
943 4167 996 4212 et
1030 4157 1142 4213 Deo
1201 4159 1591 4223 amantissimi,
1627 4175 1738 4214 non
1785 4166 1967 4230 potest
2025 4173 2282 4230 magnum

2237 4175 2282 4215 tn
2386 4175 2510 4230 τητι
2538 4157 2862 4230 λαμπρότης
2889 4157 3152 4229 ἄῤῥητος,
3177 4158 3276 4211 καὶ
3312 4159 3404 4212 ἐπὶ
3427 4153 3651 4227 βασιλείᾳ
3675 4146 3857 4222 βασιλεία

713 4247 819 4304 hoc
849 4257 904 4304 et
949 4251 1320 4320 exoptandum
1375 4249 1591 4306 facinus
1628 4261 1740 4306 tam
1779 4249 1926 4306 facili
1966 4251 2186 4322 negotio
2231 4261 2287 4306 et

2236 4261 2287 4306 et
2389 4249 2766 4320 ἀτελεύτητος.
2811 4246 2974 4314 Ἀλλ’,
3005 4241 3052 4300 ὧ
3079 4247 3342 4302 δεσπόται
3370 4248 3632 4318 κράτιστοι
3655 4242 3730 4296 καὶ
3753 4237 3856 4305 φιλο-

714 4341 834 4396 sine
889 4341 1074 4397 labore
1102 4343 1298 4397 confici
1351 4359 1367 4394 :
1424 4343 1684 4413 quoniam
1733 4358 2054 4414 magnarum
2099 4357 2286 4398 rerum

2235 4358 2286 4397 m
2388 4341 2672 4406 θεώτατοι,
2701 4341 2800 4411 οὐχ
2826 4335 2940 4394 οἷόν
2969 4339 3031 4393 τέ
3061 4340 3180 4393 ἐστι
3200 4339 3361 4393 τοῦτο
3379 4339 3438 4392 τὸ
3469 4337 3605 4408 μέγα
3645 4332 3720 4386 καὶ
3741 4326 3855 4382 πολὺ·

715 4448 933 4502 semper
957 4443 1082 4488 sunt
1111 4434 1477 4490 difﬁcultates.
1509 4433 1651 4500 Quid
1693 4435 1797 4490 hoc
1839 4435 1944 4491 sibi
1973 4435 2129 4490 vult?
2159 4433 2287 4488 Pri-

2236 4434 2287 4488 i-
2389 4451 2582 4489 ευκτον
2642 4433 2976 4505 κατόρθωμα
3030 4432 3218 4496 ἁπλῶς
3273 4431 3446 4494 οὕτως
3497 4430 3583 4484 καὶ
3636 4422 3854 4492 ἀκαμάτοις

715 4539 867 4578 mum
925 4525 1170 4595 quidem,
1231 4526 1492 4596 quoniam
1544 4525 1845 4581 adversarii
1894 4525 2070 4583 nostri
2125 4526 2289 4596 longo

2235 4539 2289 4596 go
2387 4522 2646 4593 γενέσθαι
2675 4539 2690 4554 ο
2721 4523 2854 4578 διότι
2877 4522 2988 4577 τῶν
3016 4524 3289 4594 μεγίστων
3331 4521 3646 4609 πραγμάτων
3672 4513 3855 4609 ubi“?

717 4623 986 4685 tempore,
1019 4625 1074 4671 et
1098 4633 1192 4686 per
1250 4617 1540 4688 synodicos
1590 4627 1892 4672 conventus
1930 4617 1985 4672 in
2010 4617 2288 4687 opinioni-

2239 4617 2288 4671 ἱ·
2390 4616 2876 4685 συναναφαίνονται
2898 4617 2994 4670 καὶ
3015 4617 3072 4669 αἱ
3092 4615 3477 4686 τληπαθήσεις.
3494 4611 3553 4664 Τί
3573 4607 3732 4672 τοῦτο;
3754 4602 3855 4670 Πρῶ-

717 4705 820 4757 hus
871 4703 988 4758 suis
1031 4705 1303 4760 obﬁrmati
1341 4715 1500 4772 sunt;
1550 4720 1652 4762 nos
1715 4719 1866 4770 vero,
1915 4705 2337 4804 apostoloruml

2235 4720 2288 4760 ιιι
2321 4747 2366 4804 D
2389 4725 2484 4762 τον
2511 4708 2630 4779 μὲν,
2651 4709 2712 4762 τὸ
2725 4709 2852 4770 τοῦς
2879 4709 3326 4780 ἐναντιουμένους
3351 4709 3495 4779 ἡμῖν,
3511 4702 3709 4776 χρονίως
3728 4711 3773 4804 τε
3792 4689 3855 4804 xii

716 4795 1056 4866 Patrumque
1081 4799 1458 4854 sanctionibus
1486 4798 1842 4868 prohibemur
1867 4812 2178 4853 sermonem
2217 4797 2288 4855 de
2321 4783 2336 4804 ³

2235 4797 2288 4855 ie
2321 4783 2365 4804 ν
2395 4800 2689 4864 συνοδικῶς
2720 4801 3100 4870 πεπαγιῶσθαι
3131 4803 3251 4866 ταῖς
3287 4801 3510 4862 οίκείαις
3553 4794 3702 4859 δόξαις
3721 4804 3732 4818 ⁸
3754 4783 3855 4854 ἡμᾶς

721 4887 827 4940 ﬁde
855 4901 979 4941 cum
1009 4889 1076 4942 iis
1113 4889 1383 4956 conferre,
1415 4891 1511 4961 qui
1545 4892 1626 4948 sic
1656 4899 1784 4947 sunt
1809 4906 1995 4947 errore
2015 4893 2288 4961 occupati.

2232 4893 2288 4948 ti.
2391 4893 2449 4946 δὲ
2461 4892 2834 4956 amamus»;
2850 4909 2910 4946 τε
2935 4893 3030 4946 καὶ
3053 4895 3170 4947 Πατ
3179 4893 3343 4964 ρικῶς
3363 4886 3672 4946 κεκωλῦσθαι
3689 4878 3852 4946 συνᾶραι

723 4977 926 5032 Deinde
944 5018 960 5045 ,
986 4981 1243 5050 quoniam
1273 4981 1504 5052 hujusce
1532 4983 1610 5040 rei
1635 4983 1900 5054 judicium
1930 4997 2033 5037 non
2061 4985 2129 5038 ad
2154 4984 2291 5040 alios

2233 4997 2291 5040 os
2400 4986 2538 5055 μετὰ
2566 4986 2676 5038 τῶν
2717 4985 2862 5038 οῦτω
2913 4988 3339 5060 κεκρατημένων
3395 4986 3480 5038 τὸν
3527 4982 3639 5051 περὶ
3681 4974 3853 5060 πίστεως

723 5069 978 5140 pertinet,
1011 5087 1176 5141 quam
1220 5072 1290 5127 ad
1335 5090 1457 5139 eos,
1515 5077 1610 5146 qui
1653 5077 1758 5132 soli
1786 5076 1927 5130 hanc
1975 5089 2005 5129 a
2063 5074 2292 5130 Domino

2231 5089 2292 5129 ao
2395 5075 2573 5144 λόγον.
2641 5077 2894 5141 Ἔπειτα,
2941 5055 3030 5130 ὅτι
3089 5055 3186 5130 καὶ
3241 5077 3280 5147 ἡ.
3329 5074 3457 5144 περὶ
3525 5065 3668 5124 αὑτοῦ
3727 5055 3851 5129 κρίσκ

723 5170 1046 5233 potestatem
1074 5179 1170 5233 per
1203 5163 1464 5235 Spiritum
1517 5178 1863 5238 acceperunt,
1902 5167 2293 5223 consentienti-

2230 5167 2293 5222 li-
2389 5167 2492 5221 οὐκ
2534 5166 2714 5231 ἄλλοις
2771 5165 2985 5236 ἀνήκει,
3035 5166 3068 5238 ἦ
3131 5167 3314 5238 μόνοις
3367 5166 3477 5226 τοῖς
3529 5159 3624 5214 ὑπὸ
3663 5155 3740 5208 τοῦ
3775 5147 3850 5198 Κυ-

726 5257 832 5311 bus
889 5265 944 5310 et
1001 5258 1482 5327 comprobantibus
1513 5260 1677 5314 etiam
1709 5259 1886 5325 vobis,
1928 5259 2023 5330 qui
2078 5259 2145 5314 ad
2189 5260 2295 5314 hoc

2229 5273 2295 5314 0c
2395 5258 2516 5330 ρίου
2563 5260 2662 5330 τὴν
2717 5260 2968 5327 ἐξουσίαν
3019 5258 3108 5314 διὰ
3160 5257 3254 5312 τοῦ
3313 5254 3608 5325 Πνεῦματος
3646 5239 3849 5335 antistiti-lt

729 5349 907 5418 ipsum
943 5365 972 5403 a
998 5347 1110 5405 Deo
1132 5352 1401 5419 praecipue
1453 5353 1630 5407 vocati
1655 5352 1811 5408 estis.
1845 5349 2072 5408 Sincera
2105 5359 2287 5407 autem

2234 5367 2287 5406 [ιι
2397 5351 2801 5424 συναιρομένων
2852 5369 2916 5407 τε
2992 5352 3087 5406 καὶ
3161 5343 3709 5421 συνεπισφραγιξόντων
3749 5332 3849 5400 illi”

803 5507 850 5539 ⁵³
880 5506 1024 5564 Psal.
1064 5522 1142 5570 ιιι,
1169 5507 1221 5569 7,
1248 5506 1305 5562 8.
1378 5507 1425 5584 ξδ
1455 5506 1633 5564 Galat.
1663 5525 1714 5577 v,
1747 5509 1804 5564 6.

2199 5622 2328 5682 N01
2339 5624 2428 5682 1E.

810 5748 942 5820 (95‘)
969 5750 1023 5806 In
1048 5751 1172 5807 cod.
1196 5749 1332 5820 Reg.
1362 5754 1464 5802 σοι’,
