4102 6374
215 361 352 426 1601

1408 363 1950 433 EPISTOLARUM
1986 372 2134 435 LIB.
2201 373 2284 436 II.

3337 371 3473 438 1602

222 479 337 534 τῶν
405 480 501 533 ﬁeri.
549 481 726 554 τούτῳ
775 483 883 538 ὑπὸ
927 483 1065 539 Θεοῦ
1119 488 1548 558 προηγουμένως
1597 485 1800 559 κεκλη-

1906 502 1954 546 rt
1999 491 2315 562 incorrupta
2373 488 2862 546 Cliristlanissimae
2905 484 3188 558 religionis
3268 500 3472 545 nostra:

214 570 414 644 μένων.
452 570 526 624 Τὸ
579 570 639 625 δὲ
692 573 845 642 ὑγιὲς
894 575 992 627 καὶ
1029 574 1336 647 ἀμώμητον
1380 577 1480 648 τῆς
1513 579 1782 651 Χριστια-

207 662 520 734 νικωτάτης
546 662 707 732 ήμῶν
748 664 1046 736 θρησκείας
1103 667 1359 738 φρόνημα
1384 667 1570 722 ὁποῖόν
1611 669 1780 735 ἐστιν,

208 754 510 821 ἀναγκαῖον
544 753 822 808 ἑκθέσθαι.

284 844 620 916 Πιστεύομεν
679 847 760 910 είς
814 845 909 900 ἕνα
961 845 1114 912 Θεὸν,
1155 849 1248 904 τὸν
1276 851 1334 904 ὲν
1363 851 1543 922 Πατρί
1573 869 1656 917 τε,
1689 852 1784 906 καὶ

212 935 350 1004 Υίῷ,
385 937 479 989 καὶ
539 935 820 1007 Πνεῦματι
865 935 1005 1008 ἁγίῳ
1055 939 1536 1011 προσκυνούμενον
1588 958 1649 994 τε
1691 941 1787 994 καὶ

214 1027 675 1098 συνδοξαζόμενον
699 1045 715 1061 ο
746 1029 846 1100 τὴν
879 1029 1281 1102 πολυῦμνητον,
1317 1033 1658 1105 παντουργὸν
1688 1034 1783 1088 καὶ

214 1123 450 1193 ἁρχικὴν
477 1122 705 1193 Τριάδα,
732 1125 875 1176 κατὰ
893 1121 952 1174 τὸ
981 1123 1086 1176 ὑπὸ
1119 1124 1230 1177 τῶν
1255 1125 1427 1194 ἀγίων
1455 1126 1787 1197 τριακοσίων

213 1211 352 1266 δέκα
385 1212 479 1266 καὶ
512 1209 654 1264 ὀκτὼ
685 1211 939 1281 Πατέρων
986 1213 1290 1285 παραδοθὲν
1348 1215 1481 1286 ἡμῖν
1525 1214 1791 1268 θεόπνευ-

218 1319 343 1357 στον
400 1302 668 1374 σύμδολον
696 1321 711 1336 ο
743 1303 811 1356 δι’
839 1298 901 1358 οὗ
930 1307 1084 1359 πᾶσα
1125 1306 1338 1376 αἵρεσις
1362 1310 1786 1377 ὲκκέκρουσται,

217 1395 314 1448 καὶ
340 1394 471 1465 παρ’
499 1387 562 1448 οῦ
614 1395 768 1448 πᾶσα
811 1395 942 1464 ἁγία
993 1397 1212 1459 σύνοδος
1263 1397 1494 1468 ἢρτηται
1520 1439 1535 1464 ,
1588 1393 1791 1470 οἷάπερ

163 1536 169 1543 .
217 1484 328 1539 ἀπὸ
371 1486 529 1557 ῥίζης
581 1487 789 1551 κλάδοι,
830 1489 925 1542 καὶ
974 1490 1159 1561 πηγῆς
1209 1489 1464 1560 ποταμοί.
1506 1489 1791 1543 Ἐντεῦθεν

218 1578 387 1650 γάρή
433 1579 660 1650 δευτέρα
717 1581 816 1653 τὴν
854 1583 1050 1654 κυρίαν
1113 1582 1298 1656 φωνὴν
1329 1583 1422 1637 τοῦ
1473 1583 1791 1652 Πνεύματος

222 1671 551 1741 ὲτράνωσεν.
581 1670 714 1727 Εἶτα
747 1675 782 1746 ὴ
818 1673 980 1746 τρίτη
1005 1675 1104 1746 τὴν
1137 1677 1297 1744 ἁγίαν
1327 1676 1546 1746 Μαρίαν
1589 1676 1791 1730 Θεοτόο

221 1777 342 1826 κον,
371 1761 448 1826 ὡς
477 1763 639 1818 αὑτὸν
667 1764 758 1820 τὸν
784 1767 1048 1838 μονογενῆ
1081 1767 1208 1821 Υἰδν
1256 1767 1349 1821 τοῦ
1381 1767 1516 1821 Θεοῦ
1546 1767 1793 1836 ἀποκυή-

223 1869 416 1918 σασαν,
466 1855 754 1926 ἐκήρυξεν.
782 1859 1015 1912 Ἔπειτα
1040 1861 1074 1932 ή
1099 1863 1335 1932 τετάρτη
1373 1860 1437 1913 ὲκ
1473 1859 1567 1913 δύο
1609 1860 1704 1913 καὶ
1737 1859 1796 1912 ὲν
1827 1850 1870 1906 Β

221 1945 346 2001 δυσὶ
376 1947 570 2016 φύσεσι
597 1949 720 2004 καθ’
750 1950 1048 2006 ὑπόστασιν
1075 1953 1263 2023 ἑνικὴν
1286 1951 1376 2005 τὸν
1408 1951 1612 2024 Κύριον
1637 1954 1670 2023 ἡ
1681 1951 1796 2022 μῶν
1850 1947 1862 1954 ”

235 2037 444 2108 Ἰησοῦν
505 2041 740 2110 Χριστὸν
804 2043 1182 2113 ἐδογμάτισεν.
1217 2039 1347 2097 Εῐτα
1375 2045 1408 2116 ἡ
1443 2043 1670 2113 πέμπτη
1699 2042 1797 2112 τὴν

224 2131 332 2202 πρὸ
371 2132 540 2202 αὐτῆς
583 2135 1049 2204 ὲπισφραγίσασα,
1101 2135 1382 2207 Ὠριγένην
1426 2153 1488 2188 τε
1532 2135 1625 2188 καὶ
1671 2135 1798 2199 τοὺς

225 2223 365 2294 ἀμφ’
395 2225 558 2278 αὑτὸν
605 2226 1065 2298 Προῦπαρκτίτας
1111 2228 1527 2299 ἀνεθεμάτισεν.
1562 2225 1799 2281 Ἔπειτα

224 2319 258 2388 ἠ
293 2317 426 2389 ἕκτη
456 2318 766 2384 ἀκολούθως
798 2323 917 2384 ταῖς
940 2321 1061 2373 δυσὶ
1109 2319 1344 2390 φύσεσι,
1371 2319 1463 2373 δύο
1518 2316 1800 2390 θελήματά

225 2425 286 2462 τε
333 2410 430 2462 καὶ
474 2411 755 2480 ἐνεργείας
789 2412 883 2464 ἐπὶ
931 2411 1024 2466 τοῦ
1063 2411 1181 2474 ἑνὸς
1209 2409 1446 2481 Χριστοῦ
1478 2408 1795 2476 ὲξεδίδαξεν.

226 2496 343 2554 Εἶθ’
386 2501 614 2572 ὕστερον
665 2503 698 2573 ἡ
732 2501 958 2574 ἐϐδόμη,
997 2503 1278 2573 ἑπομένως
1320 2505 1440 2567 ταῖς
1470 2501 1576 2572 πρὸ
1603 2502 1797 2572 αὐτῆς,

225 2594 304 2658 ὡς
357 2593 522 2648 διπλᾶ
574 2594 753 2648 πάντα
783 2595 850 2648 τὰ
881 2595 976 2648 ἐπὶ
1027 2594 1123 2648 τοῦ
1159 2595 1278 2658 ἐνὸς
1307 2593 1544 2666 Χριστοῦ
1590 2593 1800 2663 φυσικά

230 2686 518 2757 ἰδιώματα,
536 2687 628 2740 τὸν
662 2687 827 2742 αὑτὶο·
859 2687 1274 2758 ἀπερίγραπτον
1296 2688 1436 2741 κατὰ
1456 2688 1518 2742 τὸ
1545 2687 1798 2758 ἀόρατον,

227 2780 326 2833 καὶ
380 2779 752 2851 περιγραπτὺν
800 2779 942 2834 κατὰ
1005 2780 1066 2833 τὸ
1111 2779 1390 2851 ὁρώμενον
1443 2779 1745 2849 ἀνεκήρυξε
1781 2794 1798 2812 ο

226 2870 453 2940 τέτρασι
484 2872 709 2942 τρόποις
738 2873 1152 2943 ὲρτρεισμένως
1200 2873 1261 2924 τὸ
1303 2871 1504 2942 ἀληθὲς
1544 2871 1747 2941 ἔχουσα
1782 2886 1797 2902 ο

228 2962 294 3016 lx
323 2980 382 3016 τε
434 2963 668 3032 φυσικοῦ
719 2964 1007 3034 δόγματος,
1037 2968 1188 3035 παρά
1239 2981 1300 3017 τε
1349 2962 1640 3034 Πατρικῶν
1669 2963 1804 3034 χρή-

230 3072 391 3119 σεων,
421 3055 485 3110 ἐκ
535 3073 592 3109 τε
631 3057 925 3110 συνοδικων
971 3058 1355 3128 ὲκφωνήσεων,
1385 3057 1480 3110 καὶ
1515 3055 1668 3127 παρὰ
1705 3054 1805 3126 ἀρα

229 3149 392 3221 χαίας
441 3150 816 3221 θεσμοθεσίας.
876 3149 1030 3203 Κατά
1063 3151 1159 3220 μὲν
1197 3145 1289 3204 οῦν
1316 3148 1549 3219 φυσικὴν
1578 3147 1806 3202 ἀκολου-

233 3241 375 3307 θίαν,
411 3242 543 3310 φέρε
570 3243 764 3304 εἰπεῖν,
792 3243 820 3296 6
853 3241 1246 3313 εὐαγγελιστὴς
1289 3241 1545 3312 ’ῐωάννης
1584 3238 1804 3293 ὑποδεί-

233 3351 394 3389 κνυσι
409 3333 582 3403 λέγων
607 3349 623 3366 ·
653 3333 761 3389 Καὶ
779 3336 812 3388 ὁ
833 3335 1023 3404 Λόγος
1042 3334 1200 3403 σὰρξ
1225 3333 1482 3406 ἐγένετο,
1505 3333 1605 3388 καί
1627 3331 1810 3400 ἐσκή-

233 3439 436 3478 νωσεν
472 3423 542 3477 ἐν
589 3423 756 3493 ἡμῖν.
793 3425 854 3477 Εἰ
879 3425 1058 3478 τοίνυν
1107 3427 1136 3478 6
1165 3425 1334 3493 Λόγος
1384 3424 1522 3496 σὰρξ
1565 3425 1803 3493 ἐγένετο,

232 3515 396 3586 δῆλον
426 3517 508 3570 ὅτι
537 3515 613 3580 ὡς
648 3517 746 3586 μὲν
780 3517 970 3584 Λόγος,
993 3516 1406 3587 ἀπερίγραπτος
1425 3533 1440 3546 ο
1459 3517 1534 3582 ὡς
1565 3517 1622 3570 δὲ
1645 3517 1804 3586 σὰρξ,

235 3609 733 3680 περιγραφόμενος.
769 3609 877 3664 Καὶ
909 3608 1266 3676 ἐσκήνωσεν
1291 3609 1361 3663 ἐν
1388 3611 1534 3679 ἡμῖν
1555 3627 1569 3642 ο
1593 3610 1720 3664 ἄλλο
1749 3609 1808 3662 δὲ

234 3703 301 3757 τὸ
333 3701 591 3773 σκηνοῦν,
617 3702 713 3754 καὶ
764 3701 952 3772 ἓτερον
997 3703 1031 3772 ἡ
1069 3702 1242 3772 σκηνή
1268 3717 1282 3732 ’
1315 3701 1437 3756 καθ’
1467 3703 1654 3772 ἕτερον
1711 3702 1808 3771 μὲν

239 3796 638 3866 περι-γράφοιτο
658 3810 671 3824 ο
707 3793 827 3846 καθ’
848 3792 1036 3864 ἕτερον
1058 3793 1116 3846 δὲ
1139 3793 1492 3865 περιγραφῆς
1518 3793 1807 3864 ἁνώτερος.

251 3887 410 3941 Ἐπεὶ
445 3885 620 3948 ποίοις
652 3885 901 3954 σημείοις
944 3884 1228 3954 ἄνθρωπος
1268 3884 1546 3953 γεγονέναι
1573 3885 1812 3952 ἐπιγνω-

242 3977 528 4048 σθήσεται,
555 3977 605 4029 εί
638 3977 714 4046 μὴ
760 3975 820 4028 τὸ
849 3976 950 4046 τῆς
994 3974 1368 4042 ὲξεικονίσεως
1433 3973 1648 4046 ἰδίωμα,
1675 3975 1812 4045 ὅπερ

239 4071 365 4124 ἐστὶ
419 4069 636 4139 πρῶτον
688 4071 746 4121 ὲν
783 4069 1201 4140 μεμορφωμένῳ
1250 4065 1543 4138 ἀνθρώπῳ,
1571 4066 1814 4136 φυσικῶς

242 4163 512 4233 κέκτηται
541 4178 554 4192 ·
587 4154 649 4216 οὗ
678 4163 745 4231 τῇ
792 4162 1090 4232 ἀναιρέσει,
1126 4158 1358 4231 φροῦδος
1404 4159 1434 4212 6
1481 4159 1765 4230 ἄνθρωπος
1796 4174 1812 4224 ;

256 4253 420 4308 Ἀλλά
453 4253 558 4325 μὴν
582 4253 866 4326 ἄνθρωπος
894 4252 1129 4323 ἀληθῶς·
1154 4252 1349 4306 οὐκοῦν
1379 4252 1474 4304 καὶ
1503 4251 1577 4314 ὡς
1604 4251 1816 4322 ἄνθρω-

242 4364 349 4410 πος
406 4349 900 4419 περιγραφόμενος,
934 4348 962 4398 6
991 4345 1066 4408 ὡς
1095 4345 1226 4409 Θεὸς
1271 4343 1345 4397 ὢν
1379 4343 1813 4414 ἀπερίγραπτος.

255 4439 375 4510 Ἐφ’
399 4435 553 4512 ᾧπερ
583 4439 727 4510 λόγῳ
765 4438 989 4508 μεσίτης
1017 4435 1153 4490 Θεοῦ
1193 4436 1290 4490 καὶ
1309 4435 1610 4507 ἀνθρώπων
1651 4436 1816 4506 ὲχρη-

1886 584 2156 641 sententia
2185 583 2363 654 qualis
2387 585 2478 652 sit,
2505 598 2732 639 necesse
2761 581 3002 636 arbitror
3027 580 3250 652 exponi.

1957 853 2247 910 Credimus
2272 852 2328 908 in
2357 866 2528 907 unum
2570 849 2764 915 Deum,
2802 847 2894 919 qui
2928 848 2983 902 in
3014 847 3196 915 Patre,
3227 857 3280 903 et
3309 847 3470 916 Filio,

1886 956 1941 1002 et
1968 946 2175 1017 Spiritu
2208 955 2400 1001 saneto
2441 942 2703 998 adoratur
2730 949 2784 996 et
2819 939 3264 1009 congloriﬁcatnr
3299 953 3313 992 :
3349 939 3472 992 lau-

1887 1040 2229 1096 datissimam
2277 1036 2523 1091 omnium
2567 1034 2891 1089 effectricem
2921 1042 2976 1089 et
3003 1033 3303 1104 principem
3350 1029 3475 1084 Tri-

1890 1135 2138 1194 nitatem,
2160 1131 2316 1200 juxta
2348 1129 2506 1184 nobis
2529 1127 2789 1182 traditum
2817 1141 2846 1178 a
2880 1126 3139 1180 trecentis
3160 1123 3466 1177 octodecim

1891 1224 2094 1280 sanctis
2141 1222 2394 1277 Patribus
2433 1220 2739 1293 symbolum
2787 1218 3055 1274 divinitus
3093 1215 3470 1286 inspiratum:

1891 1332 1988 1388 per
2013 1317 2158 1386 quod
2191 1315 2373 1370 omnis
2400 1314 2627 1368 haeresis
2645 1311 2868 1381 explosa
2896 1318 2999 1374 est,
3025 1318 3078 1363 et
3105 1324 3134 1362 a
3153 1323 3264 1379 quo
3289 1306 3473 1362 omnis

1893 1415 2081 1462 sancta
2114 1405 2354 1476 synodus
2385 1403 2616 1474 pendet,
2645 1413 2904 1471 tanquam
2939 1400 3076 1454 rami
3107 1415 3138 1453 a
3176 1398 3380 1463 radice,
3420 1405 3475 1450 et

1893 1513 1926 1554 a
1962 1497 2111 1553 fonte
2147 1497 2318 1551 ﬂuvii.
2352 1495 2489 1550 Hine
2522 1494 2666 1549 enim
2713 1494 2954 1548 secunda
2989 1491 3269 1562 propriam
3297 1487 3475 1559 Spiri-

1896 1602 1984 1646 tus
2034 1605 2216 1644 vocem
2259 1586 2573 1642 declaravit.
2607 1585 2737 1639 Dein
2766 1585 2922 1639 tertia
2971 1594 3217 1639 sanctam
3249 1581 3474 1635 Mariam

1897 1682 2208 1752 Deiparam.
2283 1689 2343 1735 ut
2397 1693 2519 1748 qum
2569 1677 2748 1748 ipsum
2781 1676 3122 1745 unigenitum
3149 1673 3241 1728 Dei
3275 1671 3474 1730 Filium

1898 1773 2058 1829 enixa
2084 1778 2251 1834 esset,
2278 1768 2667 1839 pronuntiavit.
2698 1766 2836 1820 Tum
2865 1776 3058 1835 quarta
3091 1779 3156 1818 ex
3179 1764 3394 1817 duabus
3423 1768 3479 1815 et

1899 1864 1952 1919 in
1993 1863 2205 1918 duabus
2261 1861 2472 1914 naturis
2502 1858 2832 1928 singularem
2879 1854 3180 1909 secundum
3212 1853 3476 1923 Ityposta—

1897 1955 2002 2012 sim
2059 1953 2345 2008 Dominum
2401 1958 2647 2004 nostrum
2697 1945 2881 2002 Jesum
2911 1944 3189 2000 Christum
3217 1940 3476 1998 asseruit.

1898 2046 2250 2103 Postmodum
2281 2043 2490 2115 quinta,
2545 2057 2665 2097 eam
2714 2056 2836 2111 qua:
2888 2042 3245 2108 praecesserat
3298 2032 3480 2090 consi-

1898 2157 2092 2214 gnans,
2134 2137 2444 2208 Origenem,
2511 2144 2566 2190 et
2596 2133 2834 2189 asseclas
2876 2131 3049 2200 ipsius
3087 2124 3478 2200 Probypareti-

1899 2245 1982 2292 tas
2014 2235 2170 2306 (93“)
2199 2231 2544 2286 anathemate
2574 2227 2870 2282 damnavit.
2908 2223 3046 2278 Tum
3070 2231 3244 2286 sexta,
3287 2233 3484 2274 conso-

1897 2338 2128 2400 quenter
2157 2325 2220 2380 ad
2280 2325 2414 2379 duas
2441 2330 2688 2384 naturas,
2739 2320 2876 2373 duas
2921 2330 3142 2387 quoque
3171 2314 3480 2368 voluntates

1897 2429 1952 2476 et
1974 2418 2320 2490 operationes
2358 2417 2412 2470 in
2442 2429 2551 2469 uno
2583 2413 2806 2469 Christo
2847 2425 2969 2465 esse
3003 2407 3208 2463 docuit.
3247 2405 3479 2459 Demum

1899 2514 2150 2584 septima,
2179 2509 2491 2580 superiores
2518 2521 2774 2576 sequens,
2813 2503 2888 2558 uti
2932 2501 3178 2569 duplices
3197 2511 3391 2552 omnes
3423 2495 3479 2549 in

1900 2619 2010 2659 uno
2040 2601 2260 2657 Christo
2294 2599 2571 2654 naturales
2595 2596 2980 2667 proprietates,
3010 2592 3082 2646 ita
3111 2587 3363 2645 eumdem
3396 2585 3482 2639 in-

1900 2695 2377 2764 eircumscriptum
2432 2691 2588 2761 juxta
2619 2690 2672 2744 id
2718 2687 2862 2760 quod
2893 2701 3004 2742 non
3059 2682 3304 2739 cernitur
3325 2719 3342 2745 ,
3376 2681 3485 2733 eir-

1902 2787 2298 2857 cumseriptum
2347 2799 2478 2840 vero
2530 2784 2688 2854 juxta
2740 2780 2794 2835 id
2851 2778 2997 2848 quod
3044 2773 3308 2838 cernitur,
3361 2784 3484 2824 esse

1902 2877 2128 2936 sanxit:
2170 2874 2452 2946 quaternis
2498 2871 2677 2926 modis
2727 2867 3008 2923 fundatam
3062 2873 3257 2918 tenens
3291 2860 3485 2914 verita-

1905 2980 2046 3030 tem:
2108 2984 2173 3024 ex
2221 2965 2455 3022 naturali
2501 2963 2756 3018 nimirum
2812 2957 3085 3022 doctrina,
3142 2969 3209 3009 ex
3257 2951 3482 3006 Patrum

1905 3061 2346 3124 auctoritatibus,
2373 3074 2441 3114 ex
2478 3055 2754 3128 synodicis
2781 3051 3038 3113 decretis,
3074 3059 3126 3103 et
3157 3062 3222 3102 ex
3256 3044 3483 3115 antiqua

1906 3151 2323 3211 consuetudine.
2389 3147 2702 3204 Secundum
2758 3141 3066 3198 naturalem
3127 3153 3256 3207 ergo
3285 3149 3484 3191 conse-

1908 3245 2209 3319 quentiam,
2233 3240 2385 3296 verbi
2421 3239 2620 3310 gratia,
2647 3233 2981 3305 erangeIiSta
3011 3227 3250 3283 Joannes
3265 3226 3487 3281 demon-

1908 3315 2070 3405 strat,
2100 3351 2226 3392 cum
2263 3335 2376 3389 ait:
2410 3331 2480 3386 Et
2519 3330 2743 3386 Verbum
2782 3343 2908 3381 caro
2938 3324 3139 3393 factum
3185 3330 3287 3387 est,
3311 3327 3358 3372 et
3385 3315 3484 3370 Ita-

1909 3433 2095 3489 bitavit
2124 3432 2180 3483 in
2223 3427 2369 3484 nobis
2391 3427 2459 3483 ⁸³.
2507 3423 2717 3480 Etenim
2753 3420 2800 3476 si
2832 3417 3071 3473 Verbum
3108 3429 3238 3469 caro
3279 3412 3484 3466 factum

1907 3533 2012 3590 est,
2066 3521 2413 3594 perspicuum
2455 3517 2664 3587 utique,
2713 3512 2878 3584 quod,
2935 3518 2994 3564 ut
3027 3507 3288 3569 Verbum,
3318 3503 3486 3557 incir-

1908 3614 2303 3684 Cumscriptum
2328 3628 2344 3678 ;
2374 3619 2434 3666 ut
2462 3624 2614 3671 caro,
2641 3602 3144 3672 circumscriptum.
3177 3596 3243 3651 Et
3273 3596 3485 3650 habita-

1908 3709 1982 3764 vit
2016 3708 2074 3761 in
2103 3683 2248 3759 nobis
2279 3721 2297 3758 :
2325 3717 2448 3757 cum
2479 3699 2624 3754 aliud
2653 3698 2725 3753 sit
2752 3694 2899 3766 quod
2934 3691 3225 3752 inhabitat,
3252 3697 3306 3743 et
3337 3683 3487 3740 aliud

1909 3799 2088 3869 ipsum
2122 3793 2516 3858 habitaculum;
2547 3789 2848 3846 secundum
2878 3786 3106 3839 alterum
3135 3778 3487 3836 circumscri-

1910 3891 2109 3956 betur;
2158 3886 2458 3943 secundum
2513 3885 2745 3936 alterum
2793 3889 2976 3933 autem
3005 3888 3225 3930 omnem
3250 3873 3489 3926 cireum-

1911 3978 2263 4048 scriptionem
2299 3973 2529 4029 excedit.
2563 3969 2630 4026 Et
2680 3983 2807 4025 vero
2839 3969 3169 4038 quibusnam
3195 3962 3366 4033 signis
3391 3962 3490 4015 ho-

1912 4087 2004 4128 mo
2022 4086 2142 4126 esse
2177 4073 2563 4139 coguoscetur,
2596 4063 2700 4118 nisi
2733 4058 3152 4118 assimilationis
3183 4054 3491 4126 proprieta-

1913 4172 2045 4229 tem,
2063 4177 2184 4232 qute
2200 4163 2256 4215 in
2277 4159 2563 4214 ell‘ortnato
2591 4158 2811 4211 homine
2831 4153 3004 4223 prima
3037 4160 3141 4214 est,
3166 4146 3491 4202 naturaliter

1914 4256 2159 4312 obtineat
2191 4269 2206 4309 :
2235 4266 2344 4322 qua
2383 4249 2621 4312 sublata,
2653 4259 2828 4302 vanus
2859 4253 2914 4298 et
2943 4241 3127 4296 nullus
3159 4246 3244 4295 est
3284 4235 3494 4293 homo?

1915 4345 2079 4416 Atqui
2113 4344 2276 4398 homo
2315 4354 2444 4395 vere
2479 4346 2564 4394 est
2593 4353 2608 4392 :
2638 4351 2789 4406 ergo,
2827 4343 2889 4388 ut
2920 4333 3103 4396 homo,
3140 4328 3492 4386 circumscri-

1915 4447 2080 4507 ptus;
2109 4443 2164 4488 et
2196 4442 2256 4488 ut
2299 4430 2465 4496 Deus,
2524 4425 3055 4494 incircumscriptus.
3107 4419 3224 4488 Qua
3269 4419 3490 4490 quidem

249 4531 501 4602 μάτισεν,
530 4529 605 4592 ὡς
657 4530 728 4580 τὰ
775 4525 1056 4598 ἀμφότερα
1105 4524 1250 4594 ἀκρα
1286 4525 1424 4596 πρὸς
1454 4525 1645 4578 ἑαυτὸν
1701 4541 1809 4577 συν-

1924 4528 2134 4584 ratione
2169 4524 2435 4580 mediator
2491 4522 2584 4576 Dei
2633 4529 2690 4576 et
2735 4518 3016 4574 hominum
3069 4514 3247 4570 factus
3284 4522 3389 4576 est,
3434 4518 3494 4564 ut

247 4624 460 4690 ἁπτων,
489 4623 582 4675 καὶ
611 4620 898 4691 ἀμφότερα
929 4618 1214 4688 ὑπάρχων,
1248 4615 1344 4670 καὶ
1371 4616 1436 4670 τὰ
1484 4617 1594 4671 τῶν
1643 4617 1820 4689 ἀμφοο

246 4716 442 4787 τέρων,
470 4714 529 4782 ἐξ
571 4707 646 4768 ὧν
689 4711 970 4780 συνετέθη,
1026 4709 1244 4780 φύσεων
1287 4707 1551 4779 ἰδιώματα
1600 4709 1659 4762 ὲν
1721 4708 1822 4782 μιᾷ

247 4806 547 4862 ὑποστάσει
567 4803 867 4867 ἀνελλιπῶς
893 4801 1231 4874 κεκτημένος
1251 4817 1264 4832 ⁸
1291 4800 1355 4855 εκ
1375 4817 1435 4855 τε
1461 4801 1696 4874 Πατρδς,
1724 4801 1822 4856 σὺν

249 4900 408 4960 πᾶσι,
443 4896 618 4952 καὶτὸ
639 4896 1051 4966 ἀπερίγραπτον
1070 4909 1084 4924 ·
1116 4893 1347 4963 ἐπείπερ
1367 4892 1560 4965 εἴρηκε
1591 4893 1820 4949 ’Πάντα

251 4992 327 5045 τὰ
353 4990 468 5059 ἐμὰ
518 4987 602 5043 σά
638 4988 792 5052 ἐστι,
827 4987 926 5042 καὶ
962 4988 1034 5043 τὰ
1069 4987 1150 5042 σὰ
1177 4985 1290 5056 ἐμά
1314 5003 1328 5018 ·
1365 4985 1428 5040 ἐκ
1483 5004 1543 5040 τε
1572 4987 1821 5060 Μητρὸς,

255 5098 356 5136 συν
401 5082 573 5146 πᾶσι,
617 5082 710 5136 καὶ
753 5080 820 5134 τὸ
867 5080 1286 5151 περιγραπτόνο
1333 5078 1568 5152 ἐπείπερ
1618 5079 1826 5150 γέγρα-

255 5195 410 5232 πται.
478 5178 560 5231 Οὐ
618 5178 730 5247 γὰρ
761 5174 959 5241 δήπου
1000 5173 1270 5244 ἀγγέλων
1321 5173 1784 5242 ἐπιλαμϐάνεται
1808 5213 1826 5237 ,

258 5269 421 5324 ἀλλὰ
473 5267 812 5339 σπέρματος
856 5267 1102 5337 Ἀϐραὰμ
1148 5267 1627 5338 ἐπιλαμϐάνεται.
1664 5265 1828 5319 Ὅθεν

257 5362 456 5432 ὤφειλε
489 5365 630 5416 κατά
650 5363 826 5416 πάντα
839 5364 950 5426 τοῖς
967 5359 1216 5430 ἀδελφοῖς
1239 5359 1700 5430 ὁμοιωθῆναι.“Εν
1732 5353 1827 5412 οὖν

259 5454 382 5511 καθ’
417 5456 683 5526 ἑκατέραν
736 5455 895 5525 φῦσιν
960 5452 1350 5524 ἀναιρούμενον
1398 5451 1612 5520 ἰδίωμα,
1638 5468 1828 5505 συναν-

1923 4621 2019 4693 qui
2039 4627 2280 4676 extrema
2314 4617 2474 4672 ambo
2501 4617 2554 4670 in
2581 4614 2760 4684 seipse
2789 4609 3090 4681 conjunxit,
3120 4617 3175 4662 et
3202 4615 3494 4673 utrumque

1923 4713 2162 4776 exsistit,
2187 4720 2242 4766 et
2261 4709 2567 4779 utriusque,
2611 4722 2720 4776 qua
2749 4712 2980 4767 constat,
3015 4710 3225 4757 natura:
3245 4700 3488 4770 proprie-

1925 4816 2066 4862 tates
2089 4806 2146 4859 in
2182 4819 2289 4858 una
2323 4801 2600 4874 hypostasi
2629 4800 2788 4870 plene
2812 4809 2867 4853 et
2893 4797 3014 4854 sine
3041 4797 3252 4852 defectu
3291 4796 3487 4850 habet:

1925 4915 1993 4956 ex
2009 4897 2190 4966 Patre,
2229 4913 2354 4953 cum
2376 4897 2498 4952 aliis
2517 4897 2796 4960 omnibus,
2830 4893 3448 4962 incircumscriptionem
3473 4908 3490 4957 ;

1925 4992 2124 5062 quippe
2161 4990 2255 5060 qui
2275 4989 2411 5044 dixit
2448 5007 2462 5044 :
2495 4989 2687 5044 Omnia
2718 5003 2833 5041 mea
2864 4996 2959 5040 tua
2992 4994 3136 5050 sunt,
3169 4997 3220 5039 et
3249 4995 3341 5038 tua
3374 4999 3495 5039 mea

1918 5092 2048 5150 sunt
2068 5083 2157 5146 ⁸⁶;
2189 5091 2241 5137 et
2270 5097 2333 5135 ex
2364 5093 2556 5144 matre,
2601 5096 2723 5134 eum
2749 5079 2975 5149 reliquis
3007 5079 3284 5143 orrmibus,
3327 5078 3491 5132 etiam

1927 5173 2484 5242 circumscriptionem
2523 5193 2537 5227 :
2586 5173 2714 5244 quia
2738 5176 3000 5241 scriptum
3032 5183 3117 5228 est
3151 5189 3164 5225 :
3197 5171 3318 5225 Non
3347 5172 3492 5224 enim

1928 5270 2138 5338 angelos
2187 5265 2545 5338 apprehendit,
2601 5268 2690 5321 sed
2736 5284 2912 5323 semen
2945 5269 3176 5322 Abraha
3203 5246 3493 5336 apprehen-

1927 5363 2006 5416 dit
2029 5365 2096 5418 ⁸⁷.
2137 5361 2290 5419 Unde
2319 5378 2413 5434 per
2441 5363 2622 5419 omnia
2639 5362 2904 5420 fratribus
2923 5362 3216 5419 assimilari
3233 5360 3488 5416 debebat.

1929 5453 2025 5510 Vel
2059 5456 2216 5512 unica
2255 5455 2418 5528 igitur
2460 5458 2512 5512 in
2564 5458 2824 5513 alterutra
2858 5467 3054 5513 natura
3108 5454 3412 5526 proprietas
3441 5453 3493 5509 si

336 5571 383 5602 "
408 5570 567 5626 Joan.
599 5586 636 5634 I,
668 5568 756 5622 Η.
848 5569 894 5600 ⁸⁸
921 5566 1083 5623 Joan.
1117 5581 1252 5632 xm,
1291 5567 1376 5620 l0.
1451 5567 1495 5597 "
1526 5564 1693 5622 Hebr.
1733 5582 1794 5632 tt,
1837 5565 1924 5620 l6.

1759 5679 1991 5736 NOTAE.

334 5800 494 5874 (93“)
519 5803 834 5859 Animarum
859 5801 1294 5874 pracexsistentizc
1320 5808 1638 5855 assertores.
