4102 6374
675 322 811 387 1603

1855 333 1917 395 S.
1945 333 2339 395 THEODORI
2381 336 2730 399 STUDITE

3783 338 3916 399 16οι

671 437 912 498 tollatur,
941 451 1130 493 omnes
1159 438 1402 508 ejusdem
1449 441 1656 498 ordinis
1686 443 1806 499 aliae
1853 447 2013 500 simul
2045 449 2223 502 tollan'

2344 454 2518 522 αιρείν
2549 453 2792 520 πέφυκεν
2825 451 2884 515 ἐξ
2917 449 3214 518 ἀναγκαίου
3253 448 3428 502 πάντα
3475 446 3543 501 τὰ
3597 448 3914 517 ὀμόστοιχα.

671 539 758 583 tur
780 544 1000 584 necesse
1032 541 1134 585 est.
1179 531 1420 587 Sublatis
1441 543 1621 589 autem
1654 536 2102 606 proprietatibus,
2136 555 2244 593 una

672 620 860 688 utique
891 620 1158 675 tolluntur
1182 633 1235 677 et
1255 639 1442 678 earum
1473 634 1700 681 naturae.

738 711 915 769 Testis
981 713 1177 770 borum
1227 733 1383 773 sacer
1426 731 1632 792 martyr
1677 721 1949 789 Justinus,
2001 727 2158 797 cujus
2186 728 2239 782 in

665 805 902 873 quodam
926 805 1045 861 loco
1071 807 1184 882 haec
1215 819 1344 864 sunt
1370 814 1528 865 verba
1558 829 1572 866 :
1607 832 1625 864 ι
1654 813 1797 868 Nihil
1819 816 1965 870 enim
2001 817 2052 870 in
2081 819 2242 874 rebus

669 893 722 947 id
756 895 899 965 quod
947 907 1030 952 est
1076 910 1374 967 permanet,
1406 903 1451 956 si
1478 919 1669 968 unum,
1717 907 1802 960 vel
1835 907 2011 963 solum
2054 924 2117 963 ex
2151 909 2238 972 iis.

667 1001 789 1055 qua:
831 990 1149 1044 naturaliter
1203 992 1254 1045 ei
1297 993 1504 1059 insunt,
1545 996 1781 1051 deliciat.
1835 1017 1854 1050 ι
1899 1001 2076 1070 Atque
2115 1003 2241 1056 hinc

667 1089 821 1130 cassa
877 1086 930 1132 et
991 1095 1128 1133 vana
1191 1095 1286 1150 per
1337 1097 1532 1136 novam
1561 1084 1905 1154 hypothesim
1942 1087 2079 1141 ﬁunt
2105 1088 2235 1142 fidei

664 1176 864 1218 nostra:
915 1169 1190 1222 tnvsteria.
1249 1170 1628 1240 Congruenter
1679 1185 1858 1229 autem
1898 1178 2238 1246 evangelista:
2295 1235 2300 1238 ,

659 1253 954 1324 Apostolus
1002 1260 1116 1314 haec
1168 1261 1292 1316 ait:
1341 1261 1444 1327 Qui
1475 1281 1593 1316 eum
1642 1266 1904 1333 informa
1961 1268 2058 1322 Dei
2081 1281 2233 1335 esset,

662 1365 766 1402 non
805 1351 1047 1419 rapinam
1110 1354 1403 1409 arbitratus
1459 1365 1536 1409 est
1579 1374 1689 1411 esse
1719 1376 1772 1412 se
1802 1362 2056 1429 (aqualem
2095 1363 2232 1426 Deo:

660 1443 748 1494 sed
774 1445 1104 1513 semetipsum
1134 1447 1449 1510 exinanivit,
1475 1447 1700 1516 formam
1733 1453 1868 1503 servi
1901 1454 2230 1518 accipiens”.

657 1531 827 1600 Igitur
883 1534 949 1600 si,
988 1536 1040 1589 in
1085 1535 1258 1591 forma
1296 1537 1387 1592 Dei
1419 1555 1541 1592 cum
1593 1551 1760 1606 esset,
1813 1542 2043 1597 formam
2085 1545 2229 1599 servi

658 1627 898 1694 accepit,
947 1628 1067 1682 sine
1122 1631 1519 1690 controversia.
1583 1640 1856 1700 quatenus
1909 1635 2125 1704 quidem
2176 1637 2230 1691 in

656 1717 828 1773 ferina
877 1720 968 1772 Dei
1001 1737 1104 1784 εει,
1154 1721 1387 1791 imagine
1435 1739 1541 1776 non
1578 1725 1942 1793 exprimitur;
1983 1728 2230 1795 quando-

655 1815 874 1882 quidem
904 1813 1046 1869 Deus
1072 1831 1235 1884 supra
1255 1818 1797 1885 comprehensionem
1833 1829 1917 1872 est
1937 1830 2231 1888 :quatenus
2263 1783 2304 1838 Β

655 1920 782 1966 vero
850 1904 1076 1960 formam
1109 1907 1250 1962 servi
1282 1909 1512 1978 accepit,
1571 1911 1918 1978 exprimitur,
1972 1912 2229 1981 quoniam

652 1995 1152 2062 comprehensioni,
1171 2014 1292 2067 quae
1316 2000 1480 2053 lactui
1514 2009 1566 2052 et
1591 2001 1760 2055 colori
1791 2001 1996 2065 subest,
2018 2003 2231 2057 servilis

565 2129 571 2140 .
651 2081 825 2140 forma
879 2087 1189 2155 subjicitur.
1246 2087 1530 2153 Quomodo
1577 2091 1723 2143 enim
1766 2090 1819 2143 in
1863 2090 2226 2145 similitudine

649 2177 932 2232 hominum
958 2178 1133 2234 factus
1160 2179 1432 2244 credetur,
1463 2181 1568 2234 nisi
1594 2181 1874 2234 hominum
1904 2197 2052 2237 more
2072 2191 2229 2252 aptus

651 2273 726 2326 sit
756 2272 851 2338 qui
901 2288 994 2341 per
1049 2272 1338 2343 imaginem
1380 2274 1756 2344 exprimatur?
1788 2275 2074 2340 Quomodo
2107 2292 2229 2330 rur-

648 2377 741 2416 sus
791 2369 845 2415 et
907 2362 1090 2416 habitu
1137 2363 1389 2418 inventus
1418 2373 1476 2417 ut
1524 2365 1684 2418 homo
1713 2364 1944 2424 dicetur,
1986 2366 2092 2421 nisi
2120 2367 2226 2422 hu-

648 2467 814 2506 mano
843 2452 1026 2506 habitu
1057 2453 1235 2523 pictus
1261 2455 1549 2508 cernatur?
1569 2454 1842 2521 Videtis,o
1871 2457 2224 2531 serenissimi,

647 2558 758 2612 quo
795 2551 972 2612 pacto,
1032 2545 1124 2613 qui
1156 2560 1250 2613 per
1284 2544 1466 2600 omnia
1503 2543 1764 2600 fratribus
1793 2546 2087 2600 assimilari
2123 2549 2222 2602 de-

646 2633 783 2698 buit,
845 2635 1169 2702 quibuscum
1224 2650 1290 2689 ex
1340 2625 1525 2704 aequof
1545 2650 1762 2691 carnem
1811 2651 1874 2690 ac
1903 2637 2221 2707 sanguinem

648 2726 856 2789 habuit,
888 2741 949 2780 ex
984 2743 1140 2797 aequo
1180 2728 1382 2796 pariter
1410 2729 1662 2796 exprimi,
1701 2727 1847 2783 sicut
1900 2729 1999 2794 illi,
2032 2745 2223 2784 neces-

646 2818 792 2871 sario
842 2819 1056 2872 debeat.
1114 2818 1210 2872 Sin
1244 2820 1452 2880 minus,
1490 2819 1685 2873 similis
1739 2818 1916 2873 iactus
1958 2830 2220 2886 nonest;

647 2904 1019 2974 tuentitusque
1048 2915 1134 2960 est
1162 2905 1254 2974 qui
1273 2905 1409 2959 dixit
1441 2920 1456 2959 :
1485 2905 1548 2960 Et
1577 2916 1773 2961 natura
1804 2909 2091 2962 immutata
2117 2919 2216 2962 est.

646 2995 716 3050 Et
774 3005 952 3050 tamen
1012 2997 1152 3051 Deus
1213 2997 1331 3066 ipse
1377 3012 1441 3052 ac
1506 2995 1738 3051 Verbum
1802 3000 1998 3054 alicubi
2035 2999 2215 3054 dixit:

2360 541 2791 611 Ἀναιρουμένων
2817 541 2871 594 δὲ
2899 539 3009 593 τῶν
3039 537 3364 609 ἰδιωμάτων,
3391 537 3635 608 δηλονότι
3661 555 3917 590 συναναι-

2347 629 2564 698 ροῦνται
2593 631 2688 682 καὶ
2715 632 2773 684 αἱ
2801 629 3005 682 τούτων
3029 628 3244 695 φύσεις.

2416 723 2523 776 Καὶ
2584 723 2794 793 μάρτυς
2841 720 2934 774 τοῦ
2985 721 3148 789 λόγου
3175 723 3203 774 ὁ
3252 709 3583 790 ίερόμαρτυς
3628 720 3918 780 Ἱουστῖνος

2342 805 2448 866 ὦδὲ
2487 830 2588 866 που
2615 813 2792 879 λέγων
2821 826 2837 841 ⁸
2879 830 2898 863 ι
2944 811 3113 866 Οὐδὲν
3148 811 3258 882 γὰρ
3290 811 3536 873 διαμένει
3569 810 3680 862 τῶν
3716 809 3914 871 ὄντων,

2341 903 2480 973 ὅπερ
2505 905 2674 966 ἐστὶν,
2703 902 2822 966 ἑνὸς
2849 901 2945 956 καὶ
2980 902 3144 971 μόνου
3163 903 3272 954 τῶν
3299 904 3609 972 προσόντων
3638 900 3799 971 αὐτῷ
3818 917 3918 968 φυ-

2341 995 2509 1057 σικῶς
2535 995 2891 1057 ἐλλείποντος.
2929 1011 2948 1044 ι
2985 993 3296 1047 Κάντεῦθεν
3324 993 3533 1063 φροῦδα
3560 993 3630 1046 τά
3670 992 3778 1060 τῆς
3831 990 3918 1042 πί-

2339 1101 2511 1148 στεως
2565 1084 2720 1153 ἡμῶν
2753 1086 2818 1134 ὲκ
2846 1083 2942 1152 τῆς
2969 1083 3164 1152 καινῆς
3206 1083 3516 1144 ὑποθέσεως
3545 1081 3914 1150 καθέστηκεν.

2350 1176 2662 1246 Ἐπομένως
2681 1175 2726 1227 δ’
2757 1170 2850 1226 οὖν
2883 1173 2962 1244 τῷ
3007 1173 3368 1242 εὐαγγελιοτῇ
3399 1174 3491 1226 καὶ
3517 1173 3544 1224 ὁ
3585 1173 3914 1234 ’Δπὸστολος

2335 1268 2462 1320 τάδε
2506 1264 2668 1335 φησίν
2701 1279 2714 1293 ⁸
2750 1266 2853 1328 Ὃς
2894 1263 2964 1316 ἐν
3005 1261 3204 1337 μορφῇ
3241 1262 3389 1316 Θεοῦ
3437 1261 3726 1329 ὑπάρχων
3749 1302 3766 1326 ,
3803 1263 3913 1329 οὐχ

2336 1357 2648 1428 ἁρπαγμὸν
2701 1355 2972 1424 ἡγήσατο
3037 1356 3103 1408 τὸ
3167 1351 3321 1408 εἶναι
3377 1355 3485 1406 ἴσα
3543 1353 3702 1417 Θεῷ·
3770 1355 3908 1406 ἀλλ’

2335 1449 2551 1504 ἑαυτὸν
2593 1447 2853 1500 ἑκένωσε
2893 1444 3139 1514 μορφὴν
3177 1443 3402 1496 δούλου
3437 1443 3663 1495 λαϐὼν.
3710 1443 3908 1494 Τοίνυν

2335 1536 2496 1605 εἴπερ
2525 1536 2582 1587 ὲν
2617 1537 2797 1605 μορφῇ
2829 1533 2963 1585 Θεοῦ
2998 1533 3262 1601 ὑπάρχων
3296 1533 3511 1602 μορφὴν
3557 1532 3749 1584 δούλου
3787 1532 3909 1584 ἕλα-

2335 1628 2426 1681 ϐεν
2459 1645 2471 1658 -
2501 1627 2910 1698 ἀναντιρῤήτως
2941 1619 2973 1697 ᾖ
3011 1626 3108 1694 μὲν
3140 1628 3195 1676 ὲν
3229 1626 3408 1692 μορφῇ
3462 1623 3599 1675 Θεοῦ
3649 1624 3905 1694 ὑπάρχει.

2333 1723 2431 1774 οὐκ
2451 1719 2833 1785 ὲξεικονίξεται
2859 1736 2872 1749 ⁸
2897 1719 3087 1785 ὅτιπερ
3121 1716 3179 1768 τὸ
3213 1717 3370 1768 Θεῖον
3395 1718 3535 1787 ὑπὲρ
3572 1719 3902 1787 κατάληψιν·

2332 1808 2446 1889 ᾗδὲ
2486 1813 2698 1883 μορφὴν
2730 1810 2916 1864 δούλου
2972 1809 3186 1871 ἔλαϐεν,
3223 1807 3634 1875 ἐξεικονίζεται,
3663 1811 3750 1862 ὅτι
3807 1812 3906 1863 ὑπὸ

2331 1906 2633 1976 κατάληψιν
2679 1903 2780 1973 τῆς
2825 1905 2884 1956 ἐν
2950 1903 3061 1971 ἁφῇ
3109 1917 3166 1954 τε
3235 1901 3329 1953 καὶ
3367 1901 3528 1971 χροιᾷ
3585 1903 3618 1970 ή
3686 1901 3906 1974 δουλικὴ

2334 1999 2514 2069 μορφὴ
2568 1995 2956 2066 περιορίζεται.
2994 1993 3116 2056 Πῶς
3140 1991 3250 2061 γὰρ
3281 1991 3346 2045 ἂν
3384 1995 3440 2044 ἐν
3481 1991 3789 2062 ὁμοιώματι
3816 1996 3907 2046 άν-

2331 2091 2566 2162 θρώπων
2588 2088 2870 2157 γεγονέναι
2907 2086 3349 2154 πιστευθήσεται,
3378 2087 3426 2137 εί
3457 2087 3531 2155 μὴ
3558 2086 3766 2153 ὁμοίως
3797 2089 3906 2146 τοῖς

2327 2178 2633 2249 ἀνθρώποις
2673 2176 3102 2244 ὲξεικονίζεσθαι
3137 2176 3390 2243 πέφυκε;
3424 2175 3545 2237 πῶς
3570 2176 3628 2228 δὲ
3654 2178 3750 2228 καὶ
3779 2180 3906 2244 σχή-

2331 2289 2463 2342 ματι
2504 2269 2792 2339 εὑρεθῆναι
2821 2269 2898 2331 ὡς
2941 2269 3228 2338 ἄνθρωπος
3258 2267 3604 2337 λεχθήσεται,
3631 2271 3680 2321 εἱ
3722 2268 3800 2337 μὴ
3831 2268 3904 2336 τῷ

2327 2361 2653 2431 ἀνθρωπίνῳ
2683 2361 2923 2430 σχήματι
2953 2359 3340 2430 γεγραμμένος
3363 2358 3668 2428 ὀφθήσεται
3694 2375 3709 2423 ;
3743 2359 3903 2427 ὐρᾰ-

2325 2472 2407 2515 τε,
2441 2449 2486 2507 ὧ
2529 2454 2906 2524 γαληνότατοι,
2943 2453 3059 2516 πῶς
3111 2452 3477 2522 ὀφειλομένως
3521 2452 3667 2504 κατὰ
3726 2452 3900 2505 πάντα

2324 2551 2435 2609 τοῖς
2462 2547 2706 2614 ἀδελφοῖς
2725 2545 2910 2616 ὀμοιού
2920 2562 3098 2614 μενος,
3123 2540 3203 2608 οἷς
3226 2547 3317 2597 καὶ
3346 2544 3753 2612 παραπλησίως
3779 2561 3900 2613 μετ-

2325 2639 2523 2708 έσχηκε
2575 2637 2775 2707 σαρκὸς
2811 2637 2904 2688 καὶ
2939 2636 3167 2704 αἵματος
3188 2674 3203 2698 ,
3235 2635 3296 2698 ἐξ
3358 2633 3660 2702 ἀναγκαίου
3695 2634 3811 2702 ἕχει
3845 2633 3899 2684 τὸ

2323 2728 2518 2796 ἐπίσης
2538 2727 2749 2788 τούτοις
2773 2725 3198 2790 ὲξεικονίζεσθαι
3220 2742 3232 2754 ⁸
3264 2727 3310 2776 εἰ
3338 2725 3394 2777 δὲ
3421 2726 3515 2796 μὴ,
3554 2725 3657 2792 οὐχ
3689 2725 3896 2794 digniu-

2319 2830 2434 2877 ται,
2485 2814 2577 2864 καὶ
2624 2814 2935 2880 διέψευσται
2985 2815 3013 2866 ὁ
3063 2813 3484 2881 ἀποφηνάμενος
3512 2829 3528 2844 ⁸
3565 2815 3676 2865 Καὶ
3716 2816 3747 2882 ἡ
3803 2815 3896 2880 φᾶο

2327 2924 2411 2969 σις
2471 2905 2866 2976 παρήλλακται.
2900 2907 3008 2959 Καὶ
3069 2905 3174 2975 μὴν
3205 2905 3366 2968 αὐτὸς
3396 2908 3423 2957 ὁ
3456 2906 3591 2968 Θεὸς
3639 2909 3736 2959 καὶ
3799 2908 3893 2959 Λό-

2321 3015 2416 3066 γος
2441 2990 2543 3050 ὧδέ
2580 2996 2705 3057 πού,
2739 3014 2870 3066 φησι
2894 3013 2907 3026 ⁸
2943 2997 3004 3048 Τί
3032 3014 3108 3064 με
3134 2995 3353 3063 ζητεῖτε
3381 2997 3764 3057 ἀποκτεῖναι,
3794 2998 3891 3050 ἆν-

650 3086 790 3150 Quid
809 3104 887 3141 me
915 3089 1151 3158 quwritis
1179 3089 1494 3157 inter/icere,
1514 3089 1797 3154 hominem,
1829 3092 1917 3159 qui
1942 3093 2213 3145 veritatem

2323 3091 2574 3155 θρωπον,
2622 3085 2688 3150 ὃς
2733 3085 2847 3152 τὴν
2891 3085 3179 3151 ἀλήθειαν
3220 3083 3364 3153 ὑμῖν
3413 3083 3766 3147 λελάληκα,
3821 3081 3896 3148 ῆν

645 3178 789 3234 vobis
822 3179 1027 3234 locutus
1055 3197 1193 3244 sum,
1235 3197 1391 3249 quant
1425 3181 1606 3233 audivi
1634 3198 1666 3232 a
1698 3181 1806 3235 Deo
1824 3183 1897 3235 5’?
1925 3182 2213 3252 Nunquam

647 3278 853 3334 autem,
900 3270 991 3338 qui
1044 3285 1151 3322 non
1209 3272 1586 3339 exprimatur,
1643 3273 1918 3326 hominem
1977 3276 2218 3342 seipsum

646 3355 808 3410 fecit:
857 3371 990 3418 nec,
1053 3357 1147 3425 qui
1202 3357 1375 3411 occidi
1433 3368 1627 3426 queat,
1681 3374 1788 3413 non
1856 3359 1998 3414 idem
2061 3362 2220 3414 etiam

646 3455 839 3499 natura
879 3446 1108 3514 exprimi
1164 3446 1379 3514 possit:
1417 3447 1646 3501 alterum
1690 3447 1835 3502 enim
1871 3450 2105 3502 alterum
2139 3451 2221 3503 iu-

649 3537 751 3590 l'ert
782 3546 835 3590 et
863 3539 1164 3591 conlirmat.
1194 3537 1292 3592 Hic
1319 3547 1402 3594 est
1430 3541 1776 3608 mortiﬁcata:
1802 3542 2013 3610 quidem
2040 3558 2218 3607 carne,

647 3627 942 3696 viviﬁcatus
981 3637 1153 3679 autem
1175 3627 1446 3696 spiritu“,
1501 3628 1645 3683 sicut
1681 3630 1872 3686 beatus
1902 3630 2100 3687 Petrus
2135 3633 2220 3687 di-

646 3716 742 3772 xit.
797 3716 937 3782 Quid
983 3726 1163 3770 autem
1223 3717 1325 3772 hoc
1371 3717 1515 3772 aliud
1551 3727 1654 3784 est,
1683 3735 1846 3789 quam
1877 3722 2081 3786 dicere,
2120 3739 2218 3777 ex-

647 3807 808 3878 primi
838 3807 1137 3862 secundum
1188 3821 1434 3872 carnem,
1475 3808 1568 3877 qui
1610 3810 1938 3877 exprimitur
1975 3811 2222 3881 spiritu?

647 3897 744 3952 llic
777 3907 879 3962 est,
907 3899 998 3968 qui
1031 3897 1169 3952 dixit
1203 3915 1216 3949 :
1273 3899 1378 3966 Qui
1412 3901 1702 3954 manducat
1733 3918 1832 3966 me,
1866 3911 1915 3956 et
1945 3904 2055 3972 ipse
2087 3905 2221 3958 vivet

643 4001 854 4060 propter
915 3990 1072 4044 me“.
1125 3989 1343 4046 Minime
1395 4003 1576 4046 autem
1619 3992 1712 4062 qui
1769 3993 2218 4063 circumscriptus

645 4101 751 4138 non
801 4092 964 4145 esset,
1027 4084 1346 4138 manducari
1385 4099 1444 4138 se
1477 4085 1700 4148 diceret,
1741 4086 1844 4140 nisi
1877 4085 2017 4141 forte
2047 4086 2217 4154 phan-

645 4184 817 4229 tasma
866 4174 1158 4244 quodpiam
1197 4174 1354 4229 foret.
1400 4175 1557 4243 Quod
1588 4175 1810 4246 quidem
1851 4177 1896 4232 si
1931 4177 2218 4231 admiseri-

644 4280 794 4330 tnus,
849 4265 904 4318 in
965 4263 1386 4320 Manichaeorum
1461 4267 1773 4335 opinionem
1843 4269 2212 4337 prolabemur,

643 4371 899 4425 magnum
935 4355 1152 4426 pietatis
1179 4358 1497 4428 mysterium
1524 4359 1890 4414 destruentes.

2327 3174 2561 3242 ἤκουσα
2583 3173 2741 3241 παρὰ
2769 3173 2875 3227 τοῦ
2901 3174 3050 3229 Θεοῦ
3079 3191 3097 3237 ;
3133 3175 3247 3226 Οὐκ
3277 3173 3342 3225 ἂν
3371 3173 3427 3226 δὲ
3463 3175 3490 3226 ὁ
3531 3174 3607 3242 μὴ
3634 3172 3892 3237 ὲξεικονι-

2326 3266 2550 3336 ζόμενος
2605 3265 2892 3336 ἄνθρωπον
2944 3267 3133 3319 ἑαυτὸν
3191 3267 3362 3319 εἵποιὲ
3411 3283 3544 3318 ποτε
3578 3282 3595 3296 ⁸
3631 3266 3746 3318 οὐδ’
3782 3266 3892 3318 ire

2327 3354 2584 3423 πεφυκὼς
2635 3356 3070 3416 άποκτείνεσθαι,
3109 3356 3184 3427 μὴ
3213 3357 3333 3424 οὐχὶ
3385 3354 3649 3422 πεφυκὼς
3689 3355 3774 3424 εἴη
3804 3355 3892 3406 καὶ

2323 3447 2417 3499 τοῦ
2444 3447 2866 3512 ὲξεικονίζεσθαι
2901 3466 2914 3479 ⁸
2957 3447 3182 3517 θάτερον
3212 3447 3318 3516 γὰρ
3347 3446 3564 3515 θατέρῳ
3602 3448 3891 3511 sianum-

2325 3536 2419 3589 κὸν
2475 3538 2568 3590 καὶ
2621 3538 3031 3607 ὁμολογητικόν.
3066 3531 3232 3598 Οὗτός
3286 3538 3433 3588 ἐστιν
3466 3539 3498 3588 ὁ
3530 3536 3892 3600 θανατωθεὶς

2317 3628 2436 3697 μὲν
2492 3629 2690 3696 σαρκὶ,
2725 3627 3100 3693 ζωοποιηθεὶς
3153 3625 3220 3678 δὲ
3279 3626 3572 3692 πνεύματι
3599 3641 3613 3653 ⁸
3655 3625 3836 3686 καθὼς
3863 3627 3891 3676 ὁ

2325 3721 2595 3790 μακάριος
2649 3719 2855 3789 Πέτρος
2913 3718 3120 3786 λέλεχε.
3151 3716 3214 3768 Τί
3250 3715 3298 3767 δ’
3335 3715 3465 3768 ἄλλο
3497 3711 3611 3767 εἷεν
3642 3715 3826 3778 τοῦτο,
3858 3715 3888 3782 ἥ

2319 3813 2381 3865 τὸ
2411 3813 2598 3879 φάναι,
2632 3807 3051 3874 ἐξεικονίζεσθαι
3089 3809 3389 3877 σαρκικῶς,
3425 3805 3891 3875 ἐξεικονιζὸμενον

2321 3902 2594 3972 πνεύματι
2617 3919 2632 3968 ;
2659 3898 2829 3964 υῦτός
2850 3902 2996 3953 ἐστιν
3018 3903 3045 3954 ὁ
3072 3899 3325 3970 εἰρηκώς·
3355 3898 3461 3952 Καὶ
3483 3902 3516 3952 δ
3539 3897 3890 3966 τρώγωνμε,

2321 3994 2596 4060 κάκεῖνος
2626 3991 2862 4059 ζήσεται
2895 3991 2970 4045 δι’
2990 3989 3242 4058 ἐμέ.υὺκ
3273 3991 3339 4043 ἂν
3371 3991 3425 4042 δὲ
3454 3992 3484 4042 ὁ
3517 3991 3594 4060 μὴ
3626 4007 3890 4058 περιγραο

2320 4089 2554 4158 φόμενος
2599 4088 2802 4140 εἴποιεν
2859 4085 3155 4150 ἐσθίεσθαι,
3185 4085 3233 4136 εἰ
3263 4084 3336 4154 μή
3363 4084 3414 4136 τί
3444 4099 3508 4151 γε
3541 4083 3654 4152 ἄρα
3689 4085 3890 4152 φάντα-

2322 4197 2434 4249 σμα
2491 4175 2624 4235 εἷεν.
2653 4179 2830 4248 Ὅπερ
2886 4180 2934 4230 εί
2987 4175 3438 4245 καταδεξοίμεθα,
3495 4175 3888 4244 saxeae-31.1391

2319 4271 2400 4334 είς
2426 4270 2486 4322 τὸ
2512 4269 2620 4322 τῶν
2649 4269 2963 4338 Μανιχαίων
2993 4268 3265 4338 φρόνημα,
3299 4265 3807 4333 ἀποσκευαζόμενοι
3829 4265 3885 4316 τὺ

2323 4362 2462 4432 μέγα
2502 4362 2601 4431 τῆς
2631 4361 2911 4423 εὐσεϐείας
2951 4362 3268 4430 μυστήριον.

715 4446 804 4500 Ille
858 4447 1124 4517 siquidem
1161 4447 1216 4502 in
1276 4448 1592 4516 aspectabili
1639 4457 1692 4502 et
1741 4463 1848 4502 non
1889 4449 2205 4519 aspectabili

2382 4451 2492 4505 Καὶ
2519 4452 2626 4519 γὰρ
2650 4453 2852 4512 ἐκεῖνος
2884 4452 2940 4502 ὲν
2967 4450 3041 4520 τῷ
3069 4450 3247 4521 ὁρατῷ
3269 4448 3364 4503 καὶ
3383 4448 3602 4518 ἀοράτῳ
3634 4447 3726 4500 τὸν
3759 4447 3882 4497 Υἱὸν

641 4537 838 4594 Filium
899 4539 1175 4608 propriam
1229 4541 1593 4596 substantiam
1650 4540 1702 4594 in
1755 4551 1939 4595 monte
1974 4542 2208 4596 manife-

641 4641 818 4686 stasse
842 4630 992 4695 dicit,
1032 4647 1134 4684 non
1185 4632 1318 4686 duas
1346 4632 1630 4686 habentem
1683 4643 1924 4698 naturas,
1956 4635 2049 4689 sed
2082 4635 2208 4688 uni-

641 4737 782 4776 cam.
808 4721 993 4788 Quare
1031 4721 1065 4775 ii
1092 4725 1314 4791 pariter,
1367 4723 1459 4792 qui
1491 4739 1596 4777 non
1627 4723 1998 4779 circumscribi
2047 4725 2208 4779 Chri-

641 4823 782 4868 stum
813 4814 1104 4879 aliirmant,
1135 4823 1389 4884 tanquam
1422 4824 1670 4869 naturam
1715 4832 1874 4870 unam
1906 4817 2208 4886 praedican-

643 4909 744 4962 tes,
778 4903 830 4955 in
859 4902 976 4966 eius
1008 4903 1330 4958 sententiam
1356 4903 1564 4959 devolvi
1594 4905 2008 4960 convincuntur.
2050 4906 2206 4973 Quod

637 4995 787 5048 enim
821 4995 1369 5066 incircumscriptum,
1406 4998 1547 5053 idem
1600 5001 2000 5069 incorporeum.
2022 4998 2210 5070 Neque

637 5099 788 5146 vero,
851 5099 918 5139 eo
971 5087 1115 5155 quod
1171 5087 1662 5153 circumscribitur,
1716 5089 1918 5144 idcirco
1970 5090 2023 5144 in
2072 5089 2210 5145 duas

639 5195 906 5249 personas
932 5179 1094 5233 unica
1129 5179 1330 5236 Christi
1371 5196 1625 5250 persona,
1660 5191 1716 5234 ut
1741 5181 1960 5251 quidam
1988 5191 2205 5252 putant,

638 5273 918 5326 dividitur.
959 5263 1227 5338 Quoniam
1271 5288 1447 5342 neque
1484 5283 1678 5327 natura
1705 5272 1961 5344 imaginis
1984 5289 2050 5329 ac
2077 5289 2208 5342 pro-

609 5362 806 5433 ⁸ιοιγρί
837 5363 1136 5416 secundum
1173 5363 1500 5432 hypostasim
1527 5364 1817 5432 dividitur;
1860 5366 1952 5420 sed
1979 5382 2046 5420 ex
2079 5366 2210 5421 sub-

637 5455 851 5508 stantia
910 5455 1122 5510 ratione
1197 5455 1554 5510 differentiam
1626 5457 1870 5511 sortitur.
1923 5457 2008 5510 Ait
2055 5459 2200 5512 enim

637 5546 1078 5617 sapientissimus
1119 5547 1409 5619 Dionysius
1441 5567 1454 5603 :
1485 5566 1503 5599 σ
1540 5546 1840 5617 Utrumque
1867 5549 1918 5602 in
1950 5557 2184 5618 utroque

708 5745 755 5777 ³⁸
787 5743 1016 5815 Philipp.
1045 5761 1107 5812 ιι,
1131 5745 1183 5799 6.
1219 5719 1228 5728 Χ
1275 5744 1496 5802 "10in.
1532 5761 1629 5814 vn,
1661 5747 1765 5814 Q0;
1795 5761 1911 5813 vni,
1949 5747 2034 5805 40.
2115 5749 2156 5781 ⁶⁰
2198 5750 2215 5803 1

2323 5759 2388 5804 tr.
2428 5765 2508 5817 ιιι,
2535 5749 2622 5804 18.

2306 4544 2404 4616 τὴν
2458 4545 2592 4598 ἰδίαν
2629 4545 2815 4597 οὐσίαν
2846 4547 2904 4597 ὲν
2946 4543 3024 4614 τῷ
3069 4544 3186 4612 ὁρει
3237 4542 3697 4610 πεφανερωμένον
3729 4539 3874 4611 [cor].

2310 4639 2442 4708 Reg.
2486 4635 2961 4707 πεφανερωκέναι]
2995 4637 3182 4704 φησιν,
3212 4635 3272 4686 οὑ
3321 4633 3413 4686 δύο
3437 4634 3638 4703 ἔχοντα
3665 4633 3874 4699 φύσεις,

2307 4731 2442 4785 ἀλλὰ
2485 4730 2631 4800 μίαν.
2660 4730 2820 4780 Ὥστε
2861 4731 2954 4780 καὶ
2974 4730 3022 4780 οἱ
3054 4728 3128 4796 μὴ
3177 4726 3620 4796 περιγράφεσθαι
3648 4725 3878 4794 Χριστὸν

2307 4823 2780 4893 διισχυριζόμενοι,
2803 4820 2877 4884 ὡς
2902 4819 3030 4890 μίαν
3053 4819 3213 4888 φύσιν
3235 4817 3649 4889 πρεσϐεύοντες,
3672 4818 3877 4868 ἐκείνου

2307 4915 2386 4988 τῷ
2434 4916 2742 4984 φρονήματι
2787 4911 3184 4981 συνεμπίπτειν
3223 4909 3635 4977 ἁπελέγχονται.
3675 4911 3740 4959 Ὃ
3772 4907 3876 4974 γὰρ

2306 5003 2738 5073 ἀπερίγραπτον,
2769 5001 2927 5054 τοῦτο
2972 5000 3062 5052 καὶ
3089 4999 3401 5068 ἀσώματον.
3433 4997 3556 5050 Οὐδ’
3593 4992 3659 5048 αὗ
3695 4997 3756 5047 ὲν
3803 4993 3876 5062 τῷ

2305 5093 2771 5164 περιγεγράφθαι,
2795 5094 2873 5155 είς
2903 5092 3068 5144 δυάδα
3099 5089 3412 5158 προσώπων
3445 5088 3507 5142 τὸ
3535 5087 3593 5140 ἓν
3635 5085 3870 5155 Χριστοῦ

2305 5185 2618 5254 πρόσωπον,
2650 5183 2726 5245 ὡς
2777 5181 2926 5234 δοκεῖ
2968 5197 3100 5243 τισι,
3154 5180 3519 5249 διατέμνεται.
3556 5178 3677 5230 Ὅτι
3735 5173 3868 5243 μηδὲ

2312 5275 2472 5344 φύσις
2509 5273 2718 5336 εἰκόνος
2744 5289 2805 5325 τε
2835 5272 2932 5326 καὶ⁵
2963 5271 3321 5342 πρωτοτύπου
3358 5268 3732 5328 ὑποστατικὼς
3765 5263 3866 5317 οἶδε

2306 5365 2599 5436 τέμνεσθαι
2628 5380 2643 5394 ⁸
2673 5364 2809 5418 ἀλλὰ
2848 5364 3043 5435 τῷτῆς
3076 5364 3265 5426 οὐσίας
3303 5363 3447 5432 λόγῳ
3474 5363 3569 5432 τὴν
3608 5359 3868 5427 διαφορὰν

2303 5458 2586 5528 κέκτηται.
2617 5457 2756 5526 Φησὶ
2790 5455 2898 5527 γὰρ
2929 5456 2958 5506 ὁ
2982 5455 3257 5523 πάνσοφος
3283 5455 3551 5515 Διονύσιος
3585 5469 3598 5481 ⁸
3640 5471 3657 5501 ι
3707 5450 3868 5502 Ἐκά-

2297 5563 2454 5618 τερον
2481 5547 2538 5599 ὲν
2581 5545 2830 5620 ἑκατέρῳ
2877 5545 3028 5615 παρὰ
3064 5545 3126 5597 τὸ
3149 5545 3248 5614 τῆς
3277 5544 3463 5608 οὐσίας
3507 5541 3791 5610 διάφορον.
3839 5556 3856 5589 ι

2723 5750 2765 5782 ⁸⁸
2801 5731 2961 5805 Joan.
3007 5764 3082 5814 vr,
3123 5747 3216 5804 28.

4035 5511 4041 5539 1

4035 5461 4041 5596 1

4037 5643 4039 5692 l

4037 5697 4039 5775 1

4035 5871 4037 5938 1

4035 5939 4037 6011 1

4035 5461 4041 5596 1

4037 5643 4039 5692 l

4037 5697 4039 5775 1

4035 5871 4037 5938 1

4035 5939 4037 6011 1

4033 6143 4035 6249 1
