4102 6374
317 322 456 386 1605

1495 307 2037 383 EPISTULARUM
2077 320 2226 382 LIB.
2280 320 2364 381 ΙΙ.

3419 308 3553 376 Ῑὺθϐ

323 437 479 493 Ἐπεὶ
537 440 630 493 καὶ
675 440 767 493 ἐπὶ
808 438 903 492 τοῦ
934 439 1200 503 ζωοποιοῦ
1252 438 1512 510 σταυροῦ,
1541 439 1641 493 ούκ
1683 434 1749 491 ἄν
1796 451 1879 499 τις

1982 448 2176 506 praeter
2223 434 2544 492 substantia:
2591 432 2974 489 differentiam.
3016 450 3036 483 ι
3096 427 3548 500 Quandoquidem

308 529 456 584 εἴποι
485 530 584 601 τὴν
619 531 936 603 σταυροειδῆ
979 531 1164 585 εἰκόνα
1201 531 1330 585 ἄλλο
1356 550 1408 584 τι
1451 531 1604 601 παρὰ
1645 529 1706 583 τδ
1741 527 1878 582 ταύ-

308 637 408 690 της
445 621 824 692 πρωτότυπον,
853 622 886 692 ἢ
917 621 1079 690 μόνον
1119 622 1196 693 τῷ
1235 621 1448 693 φυσικῷ
1499 623 1642 692 λόγῳ
1693 622 1878 690 διαφο-

314 711 585 782 ρουμένην
609 728 624 742 ο
659 712 755 766 καὶ
785 712 848 764 τὸ
884 712 1239 782 παράδειγμα
1276 713 1528 781 ἐγγύθεν,
1558 712 1654 766 καὶ
1673 714 1707 783 ἡ
1741 712 1876 781 ἀλή-

311 801 433 854 θεια
465 802 888 872 ἀναμφίλεκτος.
913 797 1082 867 Οὗτος
1113 799 1204 857 οὖν
1236 805 1266 856 6
1294 804 1510 875 πρῶτος
1530 805 1733 876 τρόπος
1770 803 1878 857 τῶν

309 891 634 959 εἰρημένων.
659 892 755 954 Τίς
783 893 811 944 6
831 891 1080 962 δεύτερος
1105 910 1119 957 ;
1151 893 1219 945 Αί
1252 892 1359 946 τῶν
1389 893 1560 962 ἁγίων
1590 893 1784 962 φωναὶ,
1813 894 1874 946 οὐ

312 981 732 1050 συλλογιστικῶς
765 1025 780 1046 ,
836 984 972 1038 ἀλλὰ
1019 985 1263 1055 γυμνῶς,
1317 985 1736 1051 ἐξεικονίζεσθαι
1783 989 1876 1041 τὸν

309 1071 515 1143 Κύριον
551 1073 708 1144 ἡμῶν
747 1074 954 1144 Ἰησοῦν
980 1077 1213 1146 Χριστὸν
1241 1077 1656 1149 διαγορεύουσαι
1679 1093 1692 1108 ⁶
1731 1077 1796 1141 ἃς
1823 1080 1874 1132 εἰ

310 1157 494 1221 πάσας
543 1158 776 1213 ἐνταῦθα
808 1160 1206 1235 βουληθείημεν
1237 1165 1490 1231 ἐντάξαι,
1524 1167 1876 1238 ἐκϐησόμεθα

309 1247 402 1300 τοῦ
436 1250 660 1320 μετρίου
689 1251 792 1319 τῆς
823 1256 1289 1324 προσφωνήσεως.
1335 1258 1428 1311 Ἐκ
1463 1257 1672 1311 πολλῶν
1695 1257 1752 1311 δὲ
1782 1260 1876 1314 δύο

308 1339 344 1410 ἢ
371 1343 544 1412 τρεῖς,
571 1343 668 1396 καὶ
705 1343 912 1409 ταύτας
943 1347 1412 1418 προύργιαιτέρας
1462 1349 1874 1420 ἀναλεξάμενοι,

310 1436 373 1488 ὲκ
389 1435 554 1489 τῶνδε
580 1438 670 1490 καὶ
717 1441 815 1502 τὰς
853 1441 1049 1504 λοιπὰς
1101 1443 1525 1511 πιστωσόμεθα·
1569 1444 1875 1514 πληρουμέ-

307 1540 400 1577 νου
435 1527 712 1581 κάνταῦθα
735 1529 1234 1610 τοῦλγεγραμμένου
1255 1549 1268 1561 ο
1289 1533 1417 1586 Ἐπί
1441 1535 1738 1602 στόματος
1765 1533 1875 1587 δύο

306 1617 348 1684 ἢ
382 1617 557 1685 τριῶν
577 1621 892 1690 μαρτύρων
927 1625 1294 1689 σταθήσεται
1343 1623 1466 1680 πᾶν
1515 1624 1692 1693 ῥῆμα.
1717 1625 1873 1695 Φωνὴ

305 1709 401 1762 τοῦ
453 1713 754 1780 κορυφαίου
808 1715 919 1767 τῶν
968 1716 1281 1768 ἀποστόλων
1316 1717 1524 1785 Πέτρου
1560 1719 1616 1769 ἐν
1661 1715 1874 1787 ἱστορίᾳ

1977 529 2139 584 etiam
2180 529 2234 581 in
2266 527 2476 581 vivitiea
2509 539 2692 586 cruce.
2728 538 2888 578 nemo
2927 519 3310 576 eruciformem
3357 521 3551 591 imagi-

1976 635 2101 676 nem
2141 617 2284 673 aliud
2308 618 2377 672 ab
2399 616 2516 687 ejus
2539 624 2826 686 protmypo
2850 627 2972 668 esse
3001 612 3218 673 dixerit,
3245 610 3339 665 sed
3377 623 3541 666 natu-

1951 714 2077 767 'rali
2125 719 2336 765 tantum
2396 709 2605 764 ratione
2635 708 2960 776 discrepare
2993 723 3006 758 :
3059 715 3114 760 et
3146 704 3453 774 exemplum
3478 705 3546 760 de

1977 805 2287 874 propinquo
2316 809 2420 865 est,
2453 809 2508 858 et
2553 799 2756 864 veritas
2783 809 2937 853 extra
2967 798 3418 854 controversiam.
3449 796 3548 853 Hic

1976 895 2140 966 igitur
2165 897 2373 966 primus
2397 904 2480 950 est
2505 892 2698 948 modus
2727 907 2794 946 ex
2826 892 2893 946 iis
2923 906 3064 961 quos
3093 890 3354 946 diximus.
3383 888 3548 955 Quis-

1977 1000 2102 1039 nam
2155 993 2240 1040 est
2287 984 2604 1040 secundus?
2667 983 2996 1038 Sanctorum
3041 997 3226 1045 voces,
3270 997 3390 1052 qua:
3434 996 3545 1036 non

1977 1077 2324 1150 syllogistice,
2351 1076 2444 1132 sed
2471 1073 2614 1130 nude
2633 1083 2686 1129 et
2707 1085 2914 1145 aperte,
2944 1074 3173 1144 exprimi
3194 1089 3288 1143 per
3313 1072 3543 1142 eﬂigiem

1976 1169 2264 1224 Dominum
2341 1181 2588 1222 nostrum
2639 1165 2822 1221 Jesum
2874 1165 3152 1219 Christum
3214 1164 3544 1218 enuntiant:

1975 1274 2112 1330 quas
2151 1259 2198 1313 si
2235 1272 2426 1312 omnes
2478 1255 2724 1327 digerere
2778 1253 2868 1308 hic
2912 1253 3166 1316 velimus,
3200 1253 3548 1319 egrediemur

1975 1351 2240 1404 terminos
2275 1348 2564 1403 moderata:
2615 1345 2982 1400 allocutionis.
3023 1343 3098 1396 Ex
3139 1343 3339 1404 ,multis
3369 1351 3547 1395 autem

1974 1441 2110 1495 duas
2147 1451 2342 1505 tresve,
2377 1448 2429 1494 et
2458 1439 2526 1493 ad
2561 1453 2676 1492 rem
2729 1435 2899 1506 magis
2945 1446 3097 1504 aptas
3124 1436 3439 1505 seligentcs,
3480 1447 3549 1485 ex

1975 1529 2082 1582 illis
2120 1528 2275 1582 fidem
2310 1529 2378 1582 de
2440 1526 2654 1582 caeteris
2693 1525 2978 1579 faciemus.
3013 1523 3088 1577 ita
3149 1532 3210 1578 ut
3248 1523 3336 1577 hic
3386 1523 3547 1576 etiam

1974 1613 2153 1668 locum
2203 1613 2398 1667 habeat
2437 1614 2582 1682 quod
2639 1614 2899 1680 scriptum
2935 1620 3054 1666 est:
3099 1611 3164 1664 In
3208 1629 3295 1664 ore
3323 1613 3551 1664 duorum

1974 1705 2052 1759 vel
2076 1705 2239 1758 trium
2285 1706 2494 1758 testium
2543 1704 2703 1757 stabit
2745 1719 2894 1756 omne
2923 1704 3133 1756 verbum
3149 1703 3215 1756 θ’.
3247 1704 3361 1758 Vox
3392 1719 3552 1774 cory-

305 1799 400 1852 τοῦ
458 1802 854 1874 ἰερομάρτυρος
909 1806 1256 1874 Παγκρατίου
1293 1807 1871 1878 ὑπομνηματιζομένη·

1979 1794 2113 1862 μὴκί
2151 1794 2522 1863 apostolorum
2553 1792 2699 1846 Petri
2733 1793 2786 1845 in
2831 1792 3060 1845 historia
3115 1793 3256 1847 sacri
3296 1794 3554 1862 martyris

311 1907 331 1940 ι
355 1889 670 1959 Ἑξένεγκον
693 1893 791 1963 τὴν
820 1895 1001 1949 εἰκόνα
1022 1895 1116 1948 τοῦ
1142 1897 1346 1968 Κυρίου
1363 1897 1519 1966 ἡμῶν
1548 1898 1724 1966 Ἰησοῦ
1741 1899 1872 1967 Χρι-

307 1981 455 2047 στοῦ,
498 1985 592 2036 καὶ
623 1984 933 2040 ἐντύπωσον
969 1988 1138 2059 αὐτὴν
1185 1990 1244 2040 ἐν
1292 1988 1371 2058 τῷ
1421 1989 1710 2058 πυργίσκῳ
1736 2007 1748 2019 ·
1783 1990 1872 2042 ἵνα

307 2073 490 2127 ἴδωσιν
542 2077 592 2129 οί
641 2077 782 2143 λαοὶ,
823 2080 1010 2133 ποίαν
1073 2080 1289 2151 μορφὴν
1339 2081 1528 2135 ἔλαϐεν
1558 2081 1740 2144 ὁΥἰδς
1775 2081 1870 2134 τοῦ

305 2166 439 2219 Θεοῦ
465 2184 478 2198 ο
511 2167 596 2220 ἵνα
632 2169 830 2232 ἰδόντες
866 2172 958 2224 ἐπὶ
997 2172 1183 2225 πλεῖον
1221 2170 1604 2235 πιστεύσωσιν,
1640 2172 1874 2242 ὁρῶντες

305 2261 397 2313 τὸν
427 2260 598 2314 τύπον
639 2264 740 2333 τῆς
795 2259 1032 2334 μορφῆς,
1064 2263 1159 2317 καὶ
1207 2263 1513 2334 ὑπόμνησιν
1555 2262 1874 2334 λαμϐάνωσι

305 2351 415 2403 τῶν
479 2353 558 2414 εἰς
617 2354 813 2418 αὐτοὺς
880 2358 1013 2424 παρ’
1073 2355 1231 2426 ἡμῶν
1285 2355 1692 2426 κηρυχθέντων.
1734 2374 1751 2406 ι
1787 2355 1874 2419 Ὠς

309 2442 537 2512 φοϐερὸς
573 2445 600 2496 ό
628 2444 788 2512 λόγος
817 2441 970 2509 οὗτος
1005 2447 1019 2500 ί
1057 2449 1357 2516 Μονονουχ“ι
1386 2449 1477 2500 καὶ
1500 2447 1833 2509 ἐπιϐοῶντος
1856 2461 1871 2477 ⁶

319 2530 635 2598 Ἐξένεγκον
686 2531 786 2603 τὴν
830 2535 1014 2586 εἰκόνα
1043 2534 1137 2587 τοῦ
1168 2538 1233 2605 τῇ
1259 2536 1424 2604 ἁρετῇ
1451 2536 1577 2597 τοὺς
1613 2535 1877 2604 οὐρανοὺς

309 2622 672 2690 καλύψειν-ξος,
719 2625 812 2678 καὶ
858 2625 1166 2678 ἐντύπωσον
1212 2628 1375 2678 οἱονεὶ¹
1407 2628 1464 2678 ὲν
1505 2625 1582 2697 τῷ
1616 2625 1877 2696 μετεώρῳ

311 2715 391 2777 είς
441 2715 738 2786 μαρτύριον
790 2717 1052 2785 ἐμφανές·
1106 2717 1193 2770 ἵνα
1239 2719 1419 2771 ῐδωσιν
1476 2720 1524 2772 oi
1556 2718 1675 2772 λαοὶ
1716 2717 1878 2772 ποίαν

314 2806 528 2877 μορφὴν
565 2806 756 2859 ἐλαϐεν
785 2810 813 2860 ό
845 2808 971 2871 Υἱὸς
1003 2808 1097 2861 τοῦ
1126 2808 1262 2862 Θεοῦ
1296 2826 1312 2842 ·
1354 2811 1454 2862 οὐκ
1477 2811 1734 2878 ἀγγέλου,
1758 2809 1878 2862 οὐδὲ

310 2895 651 2965 ἀρχαγγέλου
673 2939 688 2961 ,
720 2899 841 2952 οὐδέ
883 2917 1027 2963 τινος
1058 2900 1224 2970 ἄλλης
1257 2901 1538 2968 δυνάμεως
1568 2918 1582 2931 ⁸
1620 2902 1754 2955 ἀλλὰ
1781 2901 1879 2971 τὴν

312 2985 434 3038 καθ’
465 2989 611 3056 ἡμᾶς
647 2989 897 3059 δουλικὴν
926 2991 1174 3060 μορφήνο
1200 2991 1287 3044 ἵνα
1318 2993 1540 3056 ἰδόντες,
1568 2993 1663 3044 ἐπὶ
1692 2993 1878 3044 πλεῖον

312 3077 699 3131 πιστεύσωσιν·
719 3081 792 3143 ὼς
813 3081 913 3134 οὑκ
927 3081 1205 3152 ἀρκούσης
1223 3083 1319 3153 τῆς
1335 3083 1422 3136 διὰ
1438 3083 1594 3150 λόγου
1617 3083 1877 3152 ἱστορίας,

1974 1885 2266 1949 Pancratii,
2313 1885 2590 1939 memoriae
2663 1884 2872 1953 prodita
2911 1885 2956 1914 ⁸³
3005 1901 3020 1936 :
3077 1900 3097 1934 ι
3152 1883 3296 1937 Affer
3365 1884 3554 1953 imagi-

1973 1988 2095 2026 nem
2146 1971 2361 2026 Domini
2417 1973 2587 2025 nostri
2625 1970 2755 2025 Jesu
2793 1971 3017 2033 Christi,
3048 1985 3278 2039 eamque
3314 1971 3556 2039 exprime

1972 2061 2026 2116 in
2057 2062 2344 2127 turricula,
2381 2069 2442 2115 ut
2501 2061 2722 2114 videant
2780 2062 2963 2130 p0pu|i
3042 2061 3253 2130 qualem
3320 2059 3553 2115 formam

1973 2155 2183 2224 accepit
2242 2153 2416 2209 Filius
2483 2153 2599 2217 Dei,
2645 2161 2698 2207 et
2744 2155 2990 2208 videntes
3019 2147 3276 2222 amplius
3303 2154 3551 2220 credant,

1973 2244 2203 2314 figuram
2257 2243 2446 2297 formae
2504 2244 2797 2306 intuentes,
2843 2250 2898 2296 et
2947 2243 3308 2296 recordentur
3362 2256 3555 2296 eorum

1973 2351 2096 2404 quae
2124 2350 2218 2404 per
2251 2349 2350 2389 nos
2382 2334 2488 2387 illis
2537 2333 2828 2402 praedicata
2867 2341 3016 2386 sunt.
3062 2351 3082 2386 ι
3135 2331 3310 2398 Quam
3365 2332 3557 2386 formi-

1973 2427 2152 2480 danda
2187 2428 2299 2480 haec
2323 2425 2533 2478 oratio!
2583 2424 2742 2492 quasi
2789 2433 2997 2476 tantum
3033 2439 3140 2478 non
3180 2424 3552 2478 exclamaret:

1975 2518 2167 2574 Profer
2229 2518 2519 2588 imaginem
2579 2518 2714 2586 ejus.
2763 2517 2857 2586 qui
2887 2517 3057 2572 cmios
3097 2517 3300 2571 virtute
3333 2519 3553 2586 operit:

1976 2619 2031 2664 ct
2091 2609 2337 2670 eﬂorma,
2403 2618 2659 2677 tanquam
2702 2609 2754 2662 in
2819 2609 3064 2673 sublimi,
3097 2609 3165 2662 ad
3197 2611 3556 2678 conspicuum

1980 2701 2387 2756 testimonium:
2420 2712 2480 2755 ut
2505 2701 2723 2755 videant
2757 2703 2942 2771 populi
2983 2704 3202 2770 qualem
3260 2702 3430 2757 Filius
3463 2701 3558 2757 Dei

1979 2791 2207 2846 formam
2243 2791 2556 2861 sumpserit,
2621 2807 2729 2845 non
2775 2793 2973 2862 angeli,
3009 2809 3187 2862 neque
3214 2794 3554 2863 archangeli,

1979 2882 2267 2938 alteriusve
2319 2883 2623 2952 eujuspiam
2675 2885 2991 2953 potestatis,
3055 2887 3146 2939 sed
3195 2889 3442 2941 servilem
3471 2903 3559 2942 se-

1981 2975 2220 3028 cundum
2247 2989 2348 3028 nos
2375 2973 2606 3028 formam
2634 2995 2646 3028 :
2680 2984 2738 3028 ut
2765 2975 3009 3029 videntes
3034 2977 3270 3045 amplius
3299 2979 3560 3047 erodant;

1982 3069 2138 3139 quasi
2178 3084 2285 3122 non
2312 3067 2543 3123 sutliciat
2586 3067 2874 3122 verborum
2916 3069 3160 3124 narratio
3189 3111 3205 3135 ,
3240 3070 3334 3123 sed
3369 3087 3560 3126 neces-

312 3169 450 3224 ἀλλὰ
479 3171 740 3240 δεομένης
761 3139 856 3226 καὶ
879 3139 977 3244 τῆς
1003 3173 1071 3226 δι’
1091 3139 1573 3247 ὅψεωςιένεργείας
1595 3177 1674 3238 εἰς
1702 3139 1879 3229 τέλείᾷλ

1983 3161 2124 3215 saria
2157 3161 2319 3215 etiam
2343 3160 2416 3214 sit
2452 3159 2521 3214 ad
2546 3159 2844 3228 pleniorem
2879 3158 3182 3214 faciendam
3235 3161 3414 3223 fidem,
3453 3163 3556 3217 sub

314 3277 382 3314 να
430 3259 695 3313 πίστωσιν
719 3281 733 3295 ο
763 3263 848 3316 ὅτι
885 3265 913 3315 ό
944 3263 1070 3325 Υἱὸς
1100 3263 1196 3316 τοῦ
1228 3263 1362 3317 Θεοῦ
1383 3306 1396 3328 ,
1421 3265 1550 3328 Υἰὸς
1587 3265 1880 3335 ἀνθρώπου

313 3350 506 3416 γέγονε
535 3366 550 3380 ·
591 3351 688 3402 καὶ
719 3351 1024 3421 ὑπόμνησιν
1060 3351 1383 3421 λαμϐάνωσι
1429 3354 1538 3406 τῶν
1567 3357 1695 3426 παρ’
1727 3353 1882 3426 ἡμῶν

313 3441 396 3504 είς
429 3441 624 3504 αὐτοὺς
650 3442 1033 3512 κηρυχθέντων
1053 3459 1070 3474 ο
1103 3444 1289 3513 ὅμοιον
1317 3445 1412 3498 τοῦ
1444 3447 1619 3500 εἰπεῖν
1658 3463 1673 3479 ο
1711 3446 1885 3500 Τοῦτο

315 3533 444 3604 ὑμῖν
474 3535 816 3603 μνημόσυνον
844 3537 923 3598 είς
948 3534 1143 3603 γενεὰς
1173 3537 1398 3604 γενεῶν.

401 3711 778 3780 Ἐπισημαίνει
806 3711 864 3764 δὲ
887 3712 920 3781 ἠ
943 3711 1176 3784 ἱστορία,
1214 3713 1297 3766 ὅτι
1331 3713 1426 3766 καὶ
1448 3715 1497 3766 οἰ
1534 3713 1714 3768 λοιποὶ
1743 3716 1882 3769 ἀπό-

311 3803 488 3858 στολοι
543 3802 603 3855 τὸ
652 3803 784 3856 αὐτὸ
828 3803 1046 3858 ἐποίουν
1095 3804 1153 3856 ἐν
1181 3823 1240 3858 τε
1273 3805 1463 3859 πόλεσι
1501 3806 1594 3860 καὶ
1621 3805 1840 3876 κώμαις
1866 3823 1882 3838 ο

311 3893 533 3946 ἃπασαν
589 3891 834 3962 ἱστορίαν
890 3893 992 3962 τῆς
1041 3893 1512 3964 ἐνανθρωπήσεως
1547 3893 1642 3946 τοῦ
1676 3895 1883 3964 Κυρίου

309 3987 472 4056 ἡμῶν
512 3985 686 4055 Ἰησοῦ
717 3986 951 4056 Χριστοῦ
975 3986 1399 4058 διακοσμοῦντες
1415 3989 1511 4042 ἀπ’
1531 3989 1726 4059 ἀρχῆς,
1749 3990 1839 4043 ὅτε
1858 3989 1888 4040 6

310 4078 543 4148 ἄγγελος
569 4080 650 4144 τὸ,
674 4081 867 4151 Χαῖρε,
891 4081 1128 4150 κέκραγε
1152 4083 1215 4150 τῇ
1239 4080 1520 4152 Παρθένῳ,
1545 4082 1738 4152 μέχρις
1762 4082 1887 4136 ὅτου

311 4170 411 4223 καὶ
447 4168 747 4241 ἀνελήφθη.
791 4172 908 4235 “Ag,
939 4170 1094 4240 φησὶ,
1128 4172 1222 4224 καὶ
1245 4170 1395 4241 φόϐῳ
1417 4170 1695 4242 παρῄνουν
1721 4173 1887 4242 τιμᾶ-

313 4259 460 4314 σθαι.
505 4259 722 4331 Ὁρᾶτε,
756 4255 800 4315 ὦ
836 4261 1341 4333 φιλανθρωπότατοι
1387 4260 1533 4334 [cod.
1569 4263 1704 4334 Reg.
1734 4264 1886 4332 φιλο-

311 4349 600 4422 θεώτατοι]
621 4390 636 4414 ,
661 4352 742 4405 ὅτι
763 4351 898 4422 ὁμοῦ
918 4355 985 4424 τῇ
1013 4352 1386 4421 ἀναστηλὼσει
1412 4351 1521 4406 τῶν
1553 4354 1713 4423 ἱερῶν
1743 4355 1888 4408 εἰκό-

1983 3252 2174 3306 oculos
2223 3258 2279 3305 et
2328 3259 2607 3319 aspectum
2673 3255 2875 3305 cadens
2912 3250 3100 3306 efﬁcax
3125 3253 3560 3309 demonstratio:

1983 3348 2126 3416 quod
2180 3344 2350 3399 Filius
2384 3344 2498 3406 Dei,
2535 3343 2707 3398 Filius
2749 3344 2982 3399 hominis
3018 3343 3195 3400 factus
3232 3347 3303 3400 sit
3337 3364 3350 3399 :
3395 3358 3448 3400 et
3478 3362 3565 3401 re-

1983 3439 2279 3491 cordentur
2311 3451 2502 3490 eorum
2533 3451 2655 3505 quae
2684 3451 2780 3504 per
2807 3452 2908 3490 nos
2931 3436 3068 3505 ipsis
3096 3433 3392 3506 pr'aedieata
3415 3449 3564 3493 sunt:

1983 3526 2140 3596 quasi
2161 3526 2367 3581 diceret
2398 3544 2413 3580 :
2446 3524 2560 3580 Hoc
2593 3526 2748 3579 vobis
2769 3533 2852 3580 est
2883 3538 3301 3582 monumentum
3324 3529 3378 3582 in
3407 3544 3570 3598 gene-

1983 3621 2227 3674 rationes
2263 3620 2700 3688 generationum.
3343 3613 3346 3618 ’

2055 3711 2267 3765 indicat
2314 3719 2497 3764 autem
2535 3709 2785 3773 historia,
2832 3710 3022 3765 solitos
3057 3711 3198 3766 idem
3243 3709 3428 3766 facere
3458 3726 3569 3766 eae-

1986 3809 2133 3856 teros
2165 3801 2442 3870 apostolos
2483 3801 2538 3854 in
2581 3801 2812 3856 urbibus
2841 3812 2896 3855 et
2952 3802 3108 3865 vicis,
3142 3803 3454 3857 universam
3485 3801 3569 3854 lu-

1985 3893 2324 3949 carnationis
2377 3891 2598 3946 Domini
2628 3895 2803 3948 nostri
2839 3892 2970 3948 Jesu
3005 3893 3213 3949 Christi
3241 3896 3435 3951 seriem
3469 3896 3567 3950 de-
3677 3965 3688 3972 l

1988 3985 2276 4040 scribendo
2305 3983 2374 4039 ab
2400 3983 2569 4038 initiis
2599 3984 2752 4054 ipsis,
2780 3985 2999 4056 quando
3026 3987 3254 4056 angelus
3285 3986 3564 4055 Virginem

1987 4074 2265 4139 salutavit,
2299 4088 2589 4144 quousque
2617 4088 2934 4144 assumptus
2962 4083 3067 4130 est.
3101 4093 3121 4126 ι
3163 4074 3333 4141 Quas,
3367 4073 3564 4144 inquit,

1987 4164 2254 4234 imagines
2289 4179 2413 4218 eum
2453 4163 2648 4219 timore
2676 4163 3026 4219 honoraudas
3051 4165 3372 4220 monebant.
3413 4184 3432 4216 ι
3470 4161 3569 4225 Vi-é

1987 4257 2147 4320 detis,
2178 4271 2212 4310 ο
2241 4255 2639 4325 benignissimi,
2663 4271 2771 4310 una
2801 4269 2925 4310 cum
2952 4272 3232 4312 sacrarmn
3267 4256 3563 4325 imaginum

1989 4348 2282 4411 erectione,
2317 4347 2532 4400 illarum
2575 4346 2737 4400 etiam
2773 4361 2897 4401 eum
2943 4348 3138 4402 timore
3188 4347 3566 4401 adorationem
3661 4409 3678 4418 l

308 4458 443 4505 νων,
469 4443 562 4496 καὶ
582 4442 642 4494 τὸ
655 4444 1075 4514 προσκυνεῖσθαι
1096 4445 1264 4508 αὑτὰς
1289 4443 1460 4514 φόϐῳ,
1487 4444 1590 4497 ὑπὸ
1607 4443 1716 4498 τῶν
1745 4445 1879 4498 ἀπο-

1991 4439 2059 4494 ab
2086 4437 2350 4507 apostolis
2373 4437 2426 4491 in
2455 4437 2683 4492 exordio
2713 4438 2830 4507 ipso
2862 4439 3116 4493 traditam
3142 4438 3352 4495 fuisse?
3386 4438 3570 4492 Hono-

313 4529 522 4583 στόλων
559 4531 655 4582 ἀπ’
685 4531 862 4601 ἀρχῆς
889 4531 1247 4602 παραδέδοται
1275 4548 1290 4596 ;
1327 4531 1401 4584 Τὸ
1436 4532 1544 4603 γάρ
1585 4549 1668 4585 τοι
1715 4534 1883 4603 τιμᾶ-

298 4613 461 4684 ’σθαι,
495 4622 782 4694 ίσόρροπον
809 4623 1051 4694 δηλονότι
1092 4625 1186 4676 τοῦ
1221 4623 1646 4694 προσκυνεῖσθαι
1671 4625 1882 4695 ὡμολό-

309 4730 500 4785 γηται.
530 4715 685 4784 Φωνὴ
726 4715 1043 4770 Ἀθανασίου
1080 4719 1178 4770 τοῦ
1212 4717 1512 4771 πολυάθλου
1535 4757 1550 4782 ,
1578 4720 1643 4770 ἐκ
1680 4717 1779 4788 τῆς
1824 4720 1882 4771 ἐν

308 4805 542 4875 Βηρυτῷ
565 4809 1031 4876 προσφωνήσεως·
1059 4828 1078 4860 ι
1093 4809 1297 4878 ’Ᾱρατε
1315 4811 1439 4872 τοὺς
1463 4807 1773 4878 ὀφθαλμοὺς
1784 4807 1884 4878 τῆς

309 4894 553 4960 διανοίας
585 4897 760 4967 ὑμῶν,
791 4900 886 4952 καὶ
916 4899 1055 4952 ἴδετε
1101 4900 1161 4953 τὸ
1219 4899 1406 4953 καινὸν
1437 4897 1614 4970 θέαμα
1652 4899 1830 4955 τοῦτο.
1857 4918 1878 4951 ι

310 4990 428 5045 Καὶ
475 4990 596 5060 μεθ’
651 4989 855 5062 ἕτερα·
896 5010 914 5042 ι
952 4992 1085 5044 Τότε
1139 4991 1237 5064 τὴν
1287 4991 1473 5046 είκόνα
1529 4991 1622 5044 τοῦ
1677 4991 1882 5063 Κυρίου

310 5081 472 5150 ήμῶν
511 5081 685 5152 Ἰησοῦ
737 5084 976 5154 Χριστοῦ
1031 5085 1081 5136 ei
1149 5083 1882 5154 ’lou6cti0t_xarevéyxawsc

312 5174 578 5242 Ecpqo'av,-
606 5176 691 5229 ὅτι
747 5152 945 5240 καθὼς
988 5177 1036 5229 οἱ
1094 5177 1331 5247 πατέρες
1373 5152 1529 5247 ἡμῶν
1579 5177 1883 5228 ἐνέπτυσαν

311 5266 464 5338 αύτῷ
519 5284 671 5335 ποτε,
709 5267 882 5332 οὕτως
935 5270 1029 5321 καὶ
1083 5269 1241 5338 ἡμεῖς
1286 5268 1655 5338 ἐμπτύσωμεν
1709 5263 1878 5338 αὐτῷ.

1987 4545 2112 4585 rare
2139 4530 2431 4600 siquidem,
2465 4531 2573 4584 vim
2612 4531 2861 4585 eamdem
2894 4531 3092 4586 habere
3124 4542 3289 4602 atque
3312 4533 3564 4595 adorare,

1989 4619 2179 4689 utique
2238 4621 2292 4674 in
2321 4619 2576 4675 confesso
2605 4628 2710 4675 est.
2759 4619 2873 4674 Vox
2906 4622 3112 4676 strenui
3147 4623 3369 4677 athleta:
3393 4622 3565 4676 Atha-

1988 4714 2126 4766 nasii
2190 4727 2256 4767 ex
2312 4713 2641 4767 allocutione
2671 4713 2724 4766 in
2759 4711 2955 4784 Beryto
2999 4696 3242 4768 habita“
3275 4732 3333 4769 τι
3369 4714 3566 4770 Levate

1989 4807 2178 4862 oculos
2213 4807 2519 4862 intellectus
2549 4807 2736 4873 vestri,
2763 4818 2818 4861 et
2840 4823 3040 4860 novum
3067 4808 3170 4862 hoc
3194 4810 3560 4878 spectaculum

1987 4897 2459 4967 contemplamini.
2495 4916 2514 4949 ι
2570 4899 2634 4952 Et
2665 4906 2790 4966 post
2831 4890 2939 4950 alia
2971 4913 2986 4950 :
3047 4914 3066 4948 ι
3107 4896 3243 4952 Tum
3272 4901 3564 4971 imaginem

1987 4989 2202 5044 Domini
2241 4989 2417 5044 nostri
2442 4986 2571 5044 Iesu
2596 4988 2801 5045 Christi
2853 4991 3191 5060 proferentes
3215 4989 3386 5047 Judaei
3413 4993 3566 5048 dixe-

1984 5089 2154 5136 runt:
2210 5079 2680 5147 Quemadmodum
2731 5089 2915 5150 patres
2949 5082 3121 5136 nostri
3171 5081 3460 5138 illuserunt
3510 5083 3559 5137 ei

1985 5173 2283 5244 quondam,
2325 5173 2400 5228 ita
2442 5181 2496 5228 et
2527 5188 2630 5228 nos
2675 5173 2968 5231 illudamus
2996 5190 3144 5231 nunc
3167 5177 3238 5230 eis
3269 5175 3422 5231 Tunc
3447 5189 3562 5231 ete-

1986 5273 2186 5334 perunt
2221 5279 2489 5333 exspuere
2519 5264 2574 5317 in
2621 5263 2817 5319 faciem
2851 5266 3107 5335 imaginis
3155 5266 3395 5333 Domini,
3418 5266 3564 5321 cola-

315 5356 454 5411 Τότε
483 5357 716 5428 ἤρξαντο
747 5360 1016 5428 ἐμπτύειν
1049 5361 1128 5422 εἰς
1152 5360 1210 5411 τὸ
1234 5360 1526 5429 πρόσωπον
1556 5359 1654 5428 τῆς
1687 5358 1879 5416 εἰκόνος

1979 5355 2214 5426 phisque
2245 5354 2373 5409 hinc
2401 5355 2551 5411 illine
2577 5356 2846 5412 caedentes
2879 5357 3139 5413 dixerunt
3169 5376 3184 5412 :
3213 5358 3564 5425 Quacunque

314 5449 414 5502 τοῦ
470 5450 696 5521 Κυρίου,
718 5452 816 5504 καὶ
859 5451 1164 5522 ἐῤῥάπισαν
1201 5450 1372 5521 αὐτὴν
1415 5450 1560 5504 κατὰ
1609 5449 1879 5522 πρόσωποι

1981 5443 2344 5514 designarunt
2377 5452 2566 5514 patres
2596 5444 2767 5499 nostri
2805 5445 2861 5498 in
2901 5445 3078 5510 illum,
3119 5459 3184 5498 ea
3214 5451 3268 5497 et
3294 5458 3393 5498 nos
3424 5457 3564 5512 quo-

321 5539 434 5593 τῶν
467 5541 835 5597 συνελθόντων
857 5541 1011 5596 ἐνθεν
1041 5541 1298 5596 κάκεῖθεν
1317 5581 1331 5605 ,
1359 5541 1529 5612 ἤγουν
1564 5542 1664 5610 τὴν
1714 5540 1879 5594 εἰκόνι

1983 5550 2090 5605 que
2119 5533 2386 5592 faciamus
2427 5533 2480 5588 in
2525 5532 2671 5589 illius
2722 5534 3042 5606 imaginem.
3080 5532 3148 5587 Et
3174 5532 3399 5587 dicunt:
3430 5533 3562 5586 lliu-

431 5677 660 5748 "Deut.
691 5694 807 5742 XII,
847 5680 935 5734 iii.
1019 5677 1065 5711 ”
1093 5678 1250 5748 Apud
1276 5677 1619 5748 Bollandum,
1649 5675 1682 5728 3
1709 5668 2035 5748 diehmgnsis
2058 5666 2278 5741 Aprilis,
2303 5683 2420 5741 pag.
2465 5667 2592 5724 257.
2667 5668 2716 5702 “
2748 5669 2806 5724 In
2833 5666 3017 5724 libello
3042 5666 3118 5720 De
3162 5666 3408 5735 passione
3431 5665 3567 5718 ima-

314 5748 457 5820 ginis
483 5745 698 5803 Domini
733 5741 901 5805 nostri
945 5748 1075 5804 Iesu
1134 5741 1354 5816 Christi,
1392 5760 1430 5802 ι.
1484 5747 1548 5812 Il,
1619 5762 1742 5816 pag.
1805 5741 1931 5797 6:7.
