4102 6374
622 365 762 429 1607

1811 373 1872 433 S.
1895 372 2290 433 TIIEODORI
2338 371 2688 433 STUDIT/E

3745 366 3886 431 1608

616 485 810 534 serunt
851 477 923 546 ei,
950 489 1005 534 et
1043 495 1144 536 nos
1186 479 1326 536 idem
1359 479 1648 538 faciamus.
1676 482 1798 539 Mox
1837 483 2046 539 inﬁnita
2066 499 2187 540 con-

2300 484 2394 539 τοῦ
2421 485 2650 558 Κυρίου,
2689 483 2939 554 λέγοντες
2963 497 2978 514 ⁶
3013 484 3154 538 Ὀσα
3188 485 3463 556 ἐποίησαν
3494 482 3647 555 αὑτῷ
3692 487 3743 537 οἰ
3782 504 3890 540 τα-

615 571 758 626 vicia
810 585 1172 628 evomuerunt
1227 574 1281 628 in
1321 575 1613 646 imaginem
1649 578 1888 644 Domini,
1946 594 2070 650 qua:
2099 593 2198 634 nec

615 664 808 720 eil‘erre
835 667 1124 735 quisquam
1164 671 1326 722 ausit.
1350 668 1572 724 Addunt
1607 671 1806 727 deinde
1832 690 1846 728 :
1869 672 2198 728 Audivimus

615 765 802 823 patres
823 768 1063 822 nostros,
1091 759 1256 826 pedes
1283 774 1588 830 manusque
1619 762 1766 817 illius
1793 763 1959 819 clavis
1987 765 2194 821 ﬁxisse:

614 848 745 917 quid
782 849 937 904 obest
959 850 1254 920 quominus
1283 852 1423 906 idem
1450 855 1761 909 tentemus?
1781 855 2199 928 Confestimque

615 939 867 1011 imaginis
898 941 1108 995 Domini
1139 943 1299 1010 pedes
1326 959 1632 1015 manusque
1657 947 1826 1002 clavis
1852 948 2194 1004 iuraverunt.

612 1029 855 1086 Rursum
913 1033 1108 1086 insano
1144 1049 1238 1088 ore
1295 1034 1580 1091 clamant:
1639 1039 1967 1096 Audivimus
2049 1044 2196 1112 quod

613 1132 770 1177 aceto
813 1133 868 1178 et
923 1124 1047 1180 felle
1102 1126 1311 1180 imbuta
1358 1133 1589 1200 spongia
1625 1131 1774 1186 illum
1828 1143 2192 1203 potaverunt;

612 1210 880 1269 faciamus
945 1222 1000 1269 et
1047 1231 1148 1270 nos
1219 1219 1488 1274 Similiter.
1566 1219 1916 1292 Acceptaque
1967 1227 2196 1296 spongia

610 1311 766 1357 aceto
798 1303 979 1372 plena,
1023 1306 1088 1359 ad
1119 1322 1182 1361 os
1245 1308 1497 1380 imaginis
1549 1313 1955 1381 applicuerunt.
1982 1313 2196 1373 Rursus

609 1393 801 1450 aiunt:
833 1394 1032 1450 Notum
1071 1400 1228 1454 nobis
1255 1409 1359 1467 est,
1389 1403 1535 1472 quod
1566 1407 1834 1460 arundine
1854 1417 2022 1476 caput
2047 1409 2195 1463 illius

608 1485 796 1543 Patres
833 1491 999 1542 nostri
1048 1503 1477 1558 percusserunt:
1528 1495 1621 1548 ﬁat
1673 1485 1912 1566 idipsum
1943 1498 2110 1553 etiam
2164 1515 2193 1554 a

608 1579 789 1633 nobis.
824 1577 1052 1649 Sumpta
1085 1583 1270 1653 itaque
1302 1587 1590 1650 arundine,
1635 1598 1800 1657 caput
1844 1588 2056 1644 Domini
2083 1606 2191 1645 ca:-

607 1670 735 1724 dere
766 1683 1067 1741 coaperunt.
1107 1673 1346 1732 Tandem
1375 1679 1530 1734 aiunt
1561 1699 1574 1734 :
1621 1681 1843 1737 Clarum
1897 1682 2056 1738 nobis
2087 1695 2191 1748 est,

608 1762 754 1830 quod
785 1774 837 1818 et
870 1765 1055 1820 lancea
1092 1767 1234 1822 latus
1260 1769 1379 1838 ejus
1425 1781 1793 1842 pupugerunt,
1850 1775 1987 1829 nihil
2027 1779 2193 1830 omit»

607 1861 836 1910 tamus:
893 1859 1159 1916 addamus
1205 1871 1259 1916 et
1318 1864 1419 1918 hoc
1470 1866 1669 1934 ipsum.
1713 1865 1902 1936 itaque
1941 1867 2185 1923 lanceam

603 1946 823 2002 cuidam
870 1964 1094 2005 suorum
1151 1954 1514 2024 porrigentes,
1577 1957 1868 2027 jusserunt
1930 1969 1989 2014 ut
2042 1959 2190 2014 latus

604 2034 860 2109 imaginis
890 2043 1177 2100 dominica:
1227 2049 1608 2119 transiigeret:
1641 2067 1708 2106 ex
1739 2067 1806 2106 eo
1834 2059 2018 2108 autem
2049 2068 2185 2108 con-

604 2125 786 2185 restim
829 2135 1112 2204 sanguinis
1159 2147 1214 2192 et
1267 2153 1425 2209 aquze
1476 2141 1632 2196 rivuli
1695 2158 1954 2198 emanare
2002 2160 2186 2214 cmpe-

605 2229 756 2276 runt.
795 2242 815 2275 ι
849 2223 1051 2282 Fidelis
1084 2243 1288 2293 sermo,
1323 2232 1794 2301 osapientissimi,
1835 2237 2031 2305 partim
2063 2238 2189 2308 qui-

602 2311 750 2380 dem,
809 2319 938 2387 quia
987 2321 1142 2390 signa
1200 2321 1498 2380 incredulis
1554 2325 1778 2392 dantur,
1840 2343 1946 2381 non
2002 2337 2186 2383 autem

603 2406 985 2476 credentibus;
1038 2414 1234 2482 partim
1283 2431 1410 2470 vero
1444 2426 1502 2470 ut
1549 2429 1601 2472 et
1645 2434 1745 2474 nos
1795 2419 2188 2491 intelligamus,

600 2509 700 2565 per
735 2499 989 2571 imaginis
1041 2508 1434 2562 contumeliam
1491 2511 1692 2580 probro
1753 2510 1892 2568 allici
1945 2522 2193 2584 prototy-

601 2601 771 2658 pum;
813 2601 874 2648 ut
932 2603 1123 2651 contra
1171 2613 1270 2668 per
1325 2599 1586 2672 imaginis
1660 2601 1927 2658 honorem
1980 2605 2187 2659 honore

601 2679 856 2738 afﬁcitur.

2299 580 2459 650 τέρες
2500 579 2678 649 ἡμῶν,
2716 579 2896 633 πάντα
2940 579 3259 649 ποιήσωμεν
3316 581 3382 651 τῇ
3437 578 3610 631 εἰκόνι
3665 579 3834 633 αὑτοῦ
3871 595 3888 612 ⁶

2303 673 2400 725 καὶ
2426 671 2694 740 λέγουσιν,
2713 671 2793 724 ὃτι
2811 669 3139 738 Ἐνέπαιξαν
3161 669 3311 741 αὑτῷ
3333 687 3349 702 ·
3377 671 3474 725 καὶ
3495 673 3660 743 ἡμεῖς
3673 670 3742 724 τὸ
3758 672 3895 725 αὑτὸ

2298 767 2637 836 ποιήσωμεν.
2655 765 3024 833 Ἑμπαιγμοῐς
3045 759 3139 816 οὑν
3168 762 3418 833 ἀπείροις
3445 760 3750 826 ἐνέπαιξαν
3779 762 3886 832 τὴν

2298 857 2482 910 είκόνα
2516 855 2610 910 τοῦ
2643 856 2878 927 Κυρίου,
2916 855 3058 927 ἅπερ
3089 855 3212 908 οὑδὲ
3234 854 3414 923 λέγειν
3444 857 3579 925 ήμῑν
3610 854 3891 922 τετόλμηο

2296 966 2410 1002 ται.
2439 943 2573 1001 Εἶτα
2631 947 2886 1016 λέγουσιν
2917 961 2932 976 ·
2974 947 3320 1017 Ἦκούσαμεν
3349 949 3431 1000 ὅτι
3465 947 3688 1017 ἥλωσαν
3719 944 3892 1000 αὑτοῦ

2295 1041 2396 1103 τὰς
2433 1042 2625 1111 χεῖρας
2655 1040 2897 1102 καὶτοὺς
2922 1039 3089 1102 πόδας
3119 1053 3135 1070 ⁶
3176 1038 3334 1091 τοῦτο
3376 1039 3472 1090 καὶ
3499 1039 3672 1109 ἡμεῖς
3725 1037 3890 1105 ποιή-

2300 1150 2486 1200 σωμεν
2551 1132 2700 1202 αὑτῷ
2726 1147 2740 1161 ⁸
2773 1133 2899 1184 τότε
2935 1132 3035 1192 τὰς
3079 1133 3266 1202 χεῖρας
3295 1131 3541 1194 καὶτοὺς
3583 1130 3758 1192 πόδας
3789 1129 3894 1199 τῆς

2295 1224 2390 1277 τοῦ
2428 1223 2634 1294 Κυρίου
2659 1223 2867 1285 εἰκόνος
2889 1221 3097 1291 ἔπηξαν
3118 1224 3230 1284 τοῖς
3259 1221 3430 1292 ἥλοις.
3465 1221 3638 1275 Πάλιν
3662 1219 3888 1286 λέγουσι

2300 1314 2607 1385 μεμηνότες
2625 1329 2640 1342 ο
2685 1312 3033 1382 Ἠκούσαμεν
3057 1311 3139 1365 ὅτι
3161 1309 3285 1375 ὅξος
3307 1311 3402 1364 καὶ
3431 1309 3596 1390 χολὴν
3619 1309 3889 1362 ἐπότισαν

2296 1403 2458 1457 αὑτὸν
2513 1401 2654 1474 μετά
2717 1404 2963 1472 σπόγγου
2995 1417 3010 1432 ο
3045 1401 3362 1472 ποιήσωμεν
3385 1400 3536 1472 αὑτῷ
3566 1401 3667 1453 καὶ
3693 1400 3885 1468 ἡμεῖς.

2296 1497 2408 1550 Καὶ
2439 1496 2728 1566 ἐποίησαν.
2763 1494 3093 1568 προσθέντες
3123 1493 3202 1565 τῷ
3238 1493 3470 1562 στόματι
3517 1491 3624 1562 τῆς
3679 1491 3887 1552 εἰκόνος

2294 1588 2390 1641 τοῦ
2427 1588 2663 1658 Κυρίου,
2696 1587 2789 1642 τὸν
2825 1588 3070 1656 σπόγγον
3095 1586 3190 1638 τοῦ
3216 1584 3373 1648 ὄξους
3415 1582 3880 1654 πεπληρωμένον.

2296 1681 2465 1734 Πάλιν
2490 1680 2708 1748 λέγουσι
2739 1695 2754 1710 ·
2781 1679 3200 1752 Μεμαθήκαμεν
3247 1679 3330 1731 ὅτι
3375 1677 3611 1746 καλάμῳ
3651 1677 3756 1746 τὴν
3793 1693 3882 1728 κε-

2297 1771 2472 1841 φαλὴν
2499 1770 2664 1824 αὑτοῦ
2705 1767 2909 1840 ἔτυψαν
2939 1770 2988 1821 οἰ
3026 1768 3263 1838 πατέρες
3300 1767 3459 1837 ήμῶν
3483 1783 3498 1796 ’
3541 1768 3601 1818 τὸ
3627 1767 3766 1819 αὑτὸ
3793 1767 3882 1818 καὶ

2296 1863 2459 1931 ἡμεῖς
2506 1861 2845 1930 ποιήσωμεν.
2882 1862 2993 1914 Καὶ
3041 1859 3298 1920 λαϐόντες
3340 1859 3608 1929 κάλαμον,
3652 1857 3880 1911 ἔτυπτον

2296 1956 2376 2017 εἰς
2404 1953 2503 2024 τὴν
2534 1954 2779 2023 κεφαλὴν
2805 1952 2898 2006 τοῦ
2927 1951 3220 2006 Δεσπὸτου.
3240 1952 3407 2015 Τέλος
3440 1951 3704 2019 λέγουσιν
3732 1967 3750 1982 ⁶
3796 1951 3880 2012 Ὡς

2296 2046 2544 2116 ἀκριϐῶς
2577 2045 2948 2117 μανθάνομεν,
2977 2048 3057 2099 ὅτι
3087 2047 3258 2118 λόγχῃ
3299 2047 3398 2117 τὴν
3432 2044 3680 2115 πλευρὰν
3711 2041 3880 2096 αὑτοῦ

2296 2139 2488 2206 ένυξαν
2518 2155 2532 2170 ·
2587 2138 2754 2210 μηδὲν
2806 2137 3237 2208 παραλείψωμεν
3265 2153 3283 2170 ο
3346 2135 3486 2190 ἀλλά
3544 2133 3880 2205 προσθῶμεν

2294 2230 2600 2286 καὶτοῦτο.
2631 2229 2741 2284 Καὶ
2788 2231 3118 2300 ποιήσαντες
3161 2229 3448 2300 ἐνεχθῆναι
3495 2228 3725 2297 λόγχην,
3779 2227 3880 2278 ἒπ-

2295 2325 2530 2396 έτρεψάν
2557 2339 2662 2376 τινι
2702 2322 2884 2376 αὑτῶν
2945 2318 3076 2394 ἆραι
3121 2323 3220 2393 τὴν
3255 2322 3473 2392 λόγχην,
3507 2320 3603 2374 καὶ
3643 2317 3878 2390 κροῦσαι

2291 2416 2436 2470 κατά
2464 2415 2565 2484 τῆς
2591 2414 2831 2484 πλευρᾶς
2856 2413 2957 2483 τῆς
2983 2412 3192 2475 εἰκόνος
3215 2412 3311 2465 τοῦ
3346 2413 3556 2481 Κυρίου
3579 2427 3595 2442 ο
3625 2413 3724 2463 καὶ
3752 2409 3874 2462 τού-

2291 2524 2386 2560 του
2424 2504 2719 2576 γενομένου
2767 2503 2971 2565 εὐθέως
3001 2503 3298 2555 ἀνέϐλυσεν
3324 2502 3420 2555 ἀπ’
3452 2501 3625 2570 αὐτῆς
3676 2498 3878 2566 πλῆθος

2294 2596 2526 2668 αἵματος
2552 2596 2648 2650 καὶ
2676 2593 2933 2660 ὓδατος.»
2973 2594 3169 2658 Πιστὸς
3199 2597 3228 2647 ὁ
3260 2594 3443 2661 λόγος,
3466 2586 3512 2645 ὦ
3546 2589 3875 2660 σοφώτατοι·

2293 2690 2356 2743 τὸ
2410 2690 2530 2760 μὲν,
2601 2689 2683 2742 ὅτι
2723 2688 2794 2742 τὰ
2848 2691 3054 2759 σημεῖα
3129 2688 3242 2751 τοῖς
3319 2686 3599 2749 ἀπίστοις,
3641 2685 3707 2736 οὑ
3767 2684 3880 2744 τοῖς

599 2773 959 2827 πιστεύουσι·
985 2775 1047 2830 τὸ
1071 2775 1150 2841 δὲ,
1183 2775 1260 2840 ὡς
1280 2776 1348 2832 ἂν
1380 2781 1475 2832 καὶ
1497 2781 1661 2849 ἡμεῖς
1720 2782 2008 2856 γνοίημεν,
2047 2784 2131 2838 ὅτι
2188 2786 2257 2855 τῇ
2295 2783 2395 2854 τῆς
2440 2782 2648 2846 εἰκόνος
2703 2781 2860 2853 ὕϐρει
2907 2781 3236 2852 ἐφύϐρισται
3269 2779 3332 2832 τὸ
3365 2779 3730 2850 πρωτότυπον
3762 2793 3776 2804 ·
3804 2775 3879 2842 ὡς

601 2863 856 2938 ἔμπαλιν,
883 2869 950 2938 τῇ
975 2868 1073 2938 τῆς
1103 2870 1310 2936 εἰκόνος
1337 2874 1468 2943 τιμῇ
1501 2873 1924 2946 ἀποτετίμηται.

677 2955 789 3013 Vox
855 2957 1038 3014 Basilii
1085 2961 1268 3030 magni
1331 2978 1399 3017 ex
1466 2965 1778 3022 laudatione
1831 2967 1884 3022 in
1927 2967 2178 3022 Barlaatn

2358 2962 2516 3036 Φωνὴ
2541 2963 2634 3017 τοῦ
2663 2964 2899 3034 μεγάλου
2925 2964 3208 3016 Βασιλείου
3243 2965 3308 3016 ἐκ
3339 2961 3431 3015 τοῦ
3466 2962 3754 3030 ἐγκωμίου
3785 2960 3874 3013 τοῦ

597 3052 996 3120 martyrem":
1051 3070 1071 3104 ι
1119 3051 1470 3123 Exprimatur
1503 3057 1558 3111 in
1615 3059 1798 3115 tabula
1847 3071 1902 3116 et
1927 3063 2185 3116 certami-

596 3155 729 3196 num
785 3156 985 3212 praeses
1035 3154 1202 3214 atque
1266 3154 1460 3200 auctor
1517 3147 1797 3206 Christus.
1863 3149 1963 3207 llic
1994 3155 2184 3221 etiam,

597 3233 977 3302 serenissimi,
1037 3237 1344 3294 certissima
1425 3241 1509 3296 lex
1561 3243 1818 3314 imaginis
1892 3247 2184 3316 erigendae.

595 3324 784 3396 Neque
826 3328 994 3392 enim,
1029 3338 1088 3384 ut
1143 3328 1348 3385 frustra
1389 3333 1640 3401 garriunt
1677 3336 1931 3404 quidam,
1984 3339 2188 3394 mentis

597 3420 798 3474 tabula:
846 3421 1080 3491 imprimi
1137 3423 1418 3480 Christum
1477 3426 1643 3496 jussit
1674 3430 1756 3483 vir
1799 3432 2041 3487 divinus.
2067 3431 2186 3486 Non

543 3504 556 3522 '
596 3511 742 3566 enim
767 3512 1040 3582 depictum
1068 3514 1119 3568 in
1150 3517 1330 3584 nobis,
1359 3519 1456 3573 sed
1483 3521 1880 3578 inhabitantem
1905 3523 2184 3579 Christum

596 3619 694 3674 per
730 3603 892 3659 iidem
939 3606 992 3660 in
1033 3607 1292 3664 cordibus
1346 3611 1547 3666 nostris
1587 3612 1878 3680 habemus,
1926 3617 2070 3672 sicut
2096 3633 2190 3672 vo-

597 3697 859 3753 ciieratur
905 3699 1285 3769 Apostolus“.
1347 3704 1569 3771 Deinde,
1629 3709 2076 3778 conjunctionem
2135 3720 2186 3765 et

598 3788 867 3855 inserens,
927 3793 1286 3861 prmcedentia
1342 3797 1530 3866 utique
1577 3797 1904 3869 designavit,
1954 3820 2076 3872 quae
2105 3805 2185 3860 sic.

598 3881 845 3936 habent:
884 3881 1173 3955 Exsurgite
1223 3902 1387 3952 nunc,
1426 3904 1460 3941 ο
1499 3891 1746 3958 praaclari
1800 3894 2184 3950 athleticorum

598 3989 876 4045 gestorum
900 3977 1136 4046 pictores
1172 3996 1185 4032 :
1217 3979 1465 4034 mutilam
1493 3979 1648 4037 ducis
1676 3983 1966 4054 imaginem
2004 3998 2187 4043 vestro

597 4065 866 4121 illnstrate
894 4067 1164 4135 artiﬁcio;
1203 4077 1258 4123 et
1287 4069 1574 4124 obscurius
1601 4087 1630 4125 a
1655 4089 1741 4127 me
1767 4075 2066 4144 depictum,
2091 4092 2186 4133 co-

597 4167 854 4213 ronatum
887 4160 1168 4224 athletam,
1205 4171 1398 4216 vestrae
1435 4161 1721 4218 industria:
1753 4165 2032 4223 coloribus
2060 4183 2188 4224 con-

597 4253 849 4319 Spicuutn
882 4253 1111 4308 reddite.
1148 4252 1375 4320 Abeam,
1429 4257 1792 4312 certaminum
1825 4275 1890 4313 ac
1917 4261 2160 4316 victoria-

2288 3059 2368 3117 εἰς
2395 3056 2487 3108 τὸν
2525 3055 2780 3126 μάρτυρα
2813 3055 3101 3126 Βαρλαάμο
3144 3073 3166 3106 ε
3208 3052 3606 3124 Ἐγγραφέσθω
3659 3051 3741 3121 τῷ
3791 3051 3876 3102 πί-

2285 3166 2410 3202 νακι
2461 3149 2558 3202 καὶ⁹
2582 3150 2610 3201 ό
2637 3148 2744 3201 τῶν
2768 3148 3163 3218 παλαισμάτων
3192 3148 3539 3216 ἀγωνοθέτης
3581 3145 3821 3216 Χριστός
3857 3160 3871 3175 ο

2288 3239 2604 3306 Κάνταῦθα,
2641 3235 2686 3293 ὧ
2735 3240 3116 3310 γαληνότατοι,
3150 3239 3445 3308 ἀσφαλὴςό
3472 3239 3601 3307 ὅρος
3646 3240 3750 3307 τῆς
3797 3238 3874 3288 εἰ·

2289 3333 2516 3402 κονικῆς
2553 3332 3007 3401 ἀναστηλώσεως.
3031 3330 3105 3382 Οὑ
3137 3331 3269 3400 γὰρ.
3306 3329 3382 3392 ῶς
3413 3346 3562 3390 τινες
3603 3327 3872 3380 εἰκαιολο-

2287 3426 2468 3494 γοῦσι,
2497 3423 2572 3496 τῷ
2607 3424 2798 3477 πίνακι
2851 3425 2949 3494 τῆς
2998 3424 3176 3493 ψυχῆς
3210 3421 3590 3492 ἐγγεγράφθαι
3636 3420 3872 3490 Χριστὸν

2289 3518 2508 3588 εἴρηται
2559 3515 2638 3586 τῷ
2694 3515 2960 3585 θεοφόρῳ.
2986 3515 3120 3569 Οὐδὲ
3159 3515 3267 3584 γὰρ
3313 3515 3780 3582 ἐγγεγραμμένον
3819 3514 3872 3562 ἐν

2287 3610 2440 3681 ήμϊν,
2458 3607 2598 3660 ἀλλὰ
2622 3606 2980 3660 κατοικοῦντα
3000 3608 3090 3659 τὸν
3115 3608 3157 3658 X
3166 3607 3348 3676 ριστὸν
3383 3605 3473 3657 διὰ
3500 3606 3601 3674 τῆς
3635 3605 3872 3665 πίστεως

2287 3703 2346 3754 ἐν
2375 3703 2496 3764 ταῖς
2518 3700 2769 3771 καρδίαις
2797 3699 2956 3770 ήμῶν
2981 3699 3180 3770 ἔχομεν
3198 3740 3212 3761 ,
3243 3699 3318 3760 ὡς
3344 3701 3372 3751 ὀ
3403 3699 3730 3760 ’Δπὸστολος

2291 3791 2542 3855 Ἔπειτα,
2571 3793 2653 3844 ὅτι
2683 3790 2778 3842 καὶ
2797 3793 2862 3861 τῇ
2905 3792 3143 3860 ἐπιφορᾷ
3168 3788 3284 3850 τοῦ,
3320 3790 3435 3850 καὶ,
3473 3789 3783 3858 συνδέσμου
3808 3789 3871 3841 τὰ

2287 3883 2675 3953 προηγούμενα
2707 3883 3123 3952 ὑπεσημήνατο,
3160 3881 3319 3935 ἅτινα
3360 3884 3476 3933 ἐστι
3504 3881 3636 3934 τάδε
3664 3897 3678 3909 ·
3722 3881 3872 3933 Ἀνὰο

2289 3973 2452 4043 στητέ
2486 3991 2576 4042 μοι
2599 3972 2714 4034 νῦν,
2746 3971 2992 4042 λαμπροὶ
3021 3970 3128 4023 τῶν
3167 3971 3477 4041 ἀθλητικῶν
3506 3969 3871 4040 κατορθωμά-

2286 4083 2394 4118 των
2452 4063 2757 4132 ζωγράφοι,
2790 4064 2894 4132 τὴν
2942 4061 3040 4114 τοῦ
3093 4061 3405 4133 στρατηγοῦ
3467 4061 3868 4113 κολοϐωθεῖσαν

2287 4157 2476 4210 εἰκόνα
2507 4158 2624 4219 ταῖς
2669 4157 2972 4226 ὑμετέραις
3018 4155 3357 4226 μεγαλὺνατε
3390 4153 3614 4224 τέχναις
3640 4170 3654 4183 ·
3689 4156 3865 4223 ἀμαυο

2289 4249 2510 4316 ρότερον
2567 4247 2699 4317 παρ’
2723 4247 2860 4316 ἐμοῦ
2906 4247 2998 4299 τὸν
3047 4245 3372 4315 στεφανίτην
3419 4246 3730 4315 γραφέντα,
3760 4248 3864 4307 τοῖς

597 4357 721 4397 rum
761 4343 1060 4413 martyrisa
1101 4344 1254 4399 vobis
1281 4346 1460 4414 posita
1483 4347 1933 4418 imaginevictus
1971 4371 1984 4408 :
2041 4369 2180 4422 gau-

2292 4339 2382 4406 τῆς
2473 4337 2744 4408 ὑμετέρας
2817 4338 3009 4406 σοφίας
3099 4337 3484 4408 περιλάμψατε
3553 4336 3859 4407 χρώμασιν.

598 4434 755 4490 deam
790 4436 882 4491 tali
935 4437 1094 4491 hodie
1145 4452 1239 4506 per
1281 4448 1514 4492 vestram
1546 4440 1923 4498 dexteritatem
1953 4445 2181 4501 victoria

599 4536 909 4597 superatus.
945 4526 1169 4583 Videam
1214 4545 1410 4585 manus
1435 4531 1598 4600 hujus
1636 4533 1839 4589 luctam
1892 4549 2020 4592 cum
2057 4537 2183 4607 igne

598 4620 842 4674 exactius
878 4637 910 4674 a
943 4621 1097 4675 vobis
1127 4621 1422 4691 depictam.
1458 4623 1682 4680 Videam
1729 4629 2049 4685 alacriorem
2086 4649 2188 4703 pu-

601 4711 760 4781 gilem
817 4727 913 4781 per
961 4722 1199 4768 vestram
1269 4715 1545 4785 depictum
1594 4717 1916 4789 imaginem.
1964 4724 2186 4782 l’lorent

599 4799 877 4857 daemones
927 4803 1116 4868 etiam,
1169 4807 1426 4876 martyris
1488 4806 1544 4861 in
1603 4809 1762 4863 nobis
1825 4813 2060 4891 perculsi
2103 4816 2183 4868 vi-

601 4893 840 4948 ctoriis:
905 4893 1106 4950 ardens
1160 4895 1358 4951 iterum
1429 4897 1537 4953 illis
1593 4915 1659 4955 ac
1723 4901 1914 4956 victrix
1987 4918 2182 4962 manus

601 4991 875 5038 ostentetu
884 5001 929 5038 Γ.
970 5002 989 5035 ι

675 5239 798 5298 Haec
828 5244 918 5299 ille
943 5243 1362 5319 haudquaquam
1392 5258 1442 5304 in
1469 5253 1624 5307 nobis
1671 5255 1813 5324 pingi
1841 5258 2080 5311 diceret:
2111 5269 2183 5326 et,

605 5336 650 5390 si
679 5335 782 5390 hoc
816 5338 979 5392 etiam
1005 5340 1246 5405 daretur,
1282 5359 1387 5396 non
1436 5345 1588 5414 prius
1621 5362 1862 5410 servum,
1896 5364 1958 5403 ac
1987 5351 2182 5405 deinde

605 5427 890 5482 dominum
936 5431 1083 5501 pingi
1137 5434 1374 5502 juberet.
1434 5435 1537 5490 Sed
1596 5446 1648 5491 ct
1699 5439 1855 5493 initio
1885 5456 2008 5494 cunt
2053 5443 2178 5497 ait:

607 5516 891 5590 Exsurgite
937 5539 1103 5589 nunc,
1139 5541 1171 5580 ο
1205 5530 1451 5596 praeclari
1503 5529 1883 5586 athleticorum
1926 5533 2180 5588 certami-

608 5624 739 5664 num
775 5613 1008 5680 pictores
1039 5633 1052 5670 :
1081 5616 1378 5685 imaginum
1407 5621 1593 5687 procul
1614 5623 1800 5686 dubio,
1833 5631 1888 5675 et
1920 5638 2022 5676 non
2049 5637 2172 5677 ora-

680 5788 726 5821 “
763 5787 918 5844 Tum.
948 5790 988 5856 l,
1024 5793 1169 5847 hom.
1219 5793 1305 5861 18,
1341 5809 1462 5864 pag.
1491 5795 1616 5850 5i5.
1682 5798 1725 5830 “
1759 5797 1956 5866 Ephcs.
1988 5815 2067 5867 ιιι,
2098 5800 2178 5853 l7.

2300 4429 2544 4482 Ἀπέλθω
2569 4433 2635 4500 τῇ
2665 4431 2775 4481 τῶν
2815 4430 3250 4500 ἀριστευμάτων
3281 4430 3375 4484 τοῦ
3412 4430 3700 4501 μάρτυρος
3740 4430 3860 4496 παρ’

2290 4520 2442 4591 ὑμῶν
2487 4521 2840 4590 νενικημένος
2895 4525 3104 4593 γραφῇ.
3135 4523 3326 4591 Χαίρω
3372 4525 3440 4594 τῇ
3490 4522 3727 4595 τοιαύτῃ
3772 4523 3860 4591 τῆς

2292 4614 2566 4684 ὑμετέρας
2601 4614 2783 4684 ἰσχύος
2822 4616 3063 4686 σήμερον
3085 4616 3212 4687 νίκῃ
3241 4615 3578 4684 ἡττώμενος.
3612 4613 3740 4667 "iam
3773 4615 3861 4681 τῆς

2289 4704 2472 4777 χειρὸς
2497 4706 2632 4776 πρὸς
2660 4705 2721 4757 τὸ
2746 4704 2857 4775 πῦρ
2881 4703 3270 4776 ἀκριϐέστερον
3300 4703 3431 4773 παρ’
3458 4702 3620 4773 ὑμῶν
3661 4704 3858 4771 ἐγγρα-

2290 4797 2530 4869 φομένην
2567 4799 2667 4868 τὴν
2695 4798 2894 4868 πάλην.
2932 4797 3055 4850 Ἷδω
3078 4796 3434 4866 φαιδρότερον
3469 4796 3562 4848 ἐπὶ
3592 4795 3695 4863 τῆς
3736 4796 3848 4861 ὑμε-

2289 4892 2455 4961 τέρας
2477 4890 2569 4943 τδν
2597 4889 2901 4960 παλαιστὴν
2939 4887 3327 4958 γεγραμμένον
3351 4887 3582 4949 εἰκόνος.
3609 4885 3858 4938 Κλαυσάο

2288 4999 2468 5036 τωσαν
2505 4982 2757 5054 δαίμονες
2784 4986 2877 5036 καὶ
2909 4981 3027 5047 νῦν,
3053 4985 3174 5043 ταῖς
3195 4981 3290 5034 τοῦ
3329 4981 3609 5052 μάρτυρος
3638 4983 3697 5031 ἐν
3735 4980 3854 5048 ήμίν

2287 5073 2592 5146 ἀριστείαις
2651 5073 3008 5145 πληττόμενοι
3031 5091 3045 5104 ο
3082 5074 3395 5144 φλεγομένη
3431 5073 3595 5130 πάλιν
3617 5074 3796 5133 αὐτοῖς
3821 5070 3849 5139 ἡ

2289 5166 2410 5236 χεὶρ
2440 5165 2537 5217 καὶ
2567 5165 2776 5218 νικῶσα
2796 5165 3120 5218 δεικνύσθω.
3160 5183 3178 5216 ι

2357 5255 2544 5310 Ταῦτα
2583 5257 2645 5310 οὑ
2665 5257 2835 5326 δήπου
2868 5255 3243 5326 ἐγγεγράφθαι
3275 5255 3408 5326 φαίη
3451 5257 3508 5308 έν
3539 5255 3689 5326 ήμίν·
3721 5255 3766 5304 εἰ
3797 5252 3846 5304 δὲ

2286 5351 2380 5402 καὶ
2409 5347 2566 5402 τοῦτο
2612 5349 2816 5419 δοθείη,
2856 5351 2956 5401 οὑκ
3006 5348 3074 5401 ἂν
3107 5348 3371 5418 πρότερον
3401 5347 3490 5399 τὸν
3523 5346 3724 5407 δοῦλον,
3755 5339 3847 5395 εἷθ’

2283 5441 2456 5506 οὕτως
2479 5441 2571 5495 τὸν
2605 5443 2875 5513 δεσπότην
2903 5443 3273 5510 παρεγγυᾶτο.
3310 5438 3518 5502 Ἀλλως
3565 5455 3625 5489 τε
3661 5437 3750 5489 καὶ
3791 5433 3844 5485 τὸ

2285 5534 2445 5598 εὐθὺς
2493 5535 2551 5586 ὲν
2600 5538 2666 5606 τῇ
2697 5538 2924 5605 ἀπαρχῇ
2963 5533 3164 5602 λέγειν·
3215 5533 3509 5603 Ἀνάστητέ
3545 5549 3632 5600 μοι
3658 5528 3766 5592 νῦν,
3799 5520 3840 5578 ὦ

2287 5623 2531 5694 λαμπροὶ
2578 5625 2686 5677 τῶν
2740 5625 3045 5696 ἀθλητικῶν
3081 5625 3523 5696 κατορθωμάτων
3551 5621 3837 5692 ζωγραςοιο
