4102 6374
291 448 428 516 1609

1473 445 2014 516 EPISTOLARUM
2061 454 2206 514 LIB.
2263 451 2347 512 Π.

3396 449 3532 517 1610

283 563 484 634 δηλαδὴ
511 563 639 626 τοὺς
655 563 1058 636 είκονουργοὺς,
1084 564 1146 618 ού
1169 565 1296 629 τοὺς
1324 565 1699 636 λογογράφους
1721 561 1849 636 ἐσή-

1954 561 2167 617 tionum
2215 558 2454 616 artiﬁces
2513 558 2764 628 designat
2811 574 2828 621 ;
2865 555 3330 627 quemadmodum
3375 569 3430 615 et
3475 564 3532 614 in

287 671 445 726 μανε·
469 653 649 717 καθὼς
679 656 775 709 καὶ
803 657 862 708 ἐν
892 653 970 726 τῷ
1008 656 1265 728 ἐγκωμίῳ
1295 657 1404 710 τῶν
1438 657 1852 729 τεσσαράκοντα

285 745 815 818 μαρτύρων,όαὺτὸς
839 748 966 802 τάδε
997 750 1185 820 φησίν·
1219 768 1239 802 ι
1274 748 1428 804 Ἐπεὶ
1463 751 1557 804 καὶ
1595 749 1852 821 πολέμων

284 839 770 909 άνδραγαθήματα,
808 840 902 894 καὶ
927 840 1255 913 λογογράφοι
1289 842 1569 909 πολλάκις,
1615 845 1712 898 καὶ
1745 845 1854 910 ζω-

283 932 484 1004 γράφοι
514 930 986 1001 διασημαίνουσιν,
1016 933 1066 985 οἱ
1101 933 1200 1004 μὲν
1221 933 1300 1006 τῷ
1327 934 1470 1006 λόγῳ
1495 935 1850 1006 κοσμοῦντες,

283 1021 331 1070 οἰ
351 1020 404 1071 δὲ
429 1021 542 1083 τοῖς
569 1019 782 1084 πίναξιν
807 1022 1261 1092 ὲγχαράττοντες.
1297 1041 1316 1076 ι
1367 1026 1520 1080 Ἐπεὶ
1545 1027 1677 1096 γοῦν
1707 1029 1801 1082 καὶ
1823 1029 1854 1082 ὁ

282 1108 531 1180 δεύτερος
563 1110 762 1177 τρόπος
804 1111 977 1182 πέρας
1013 1111 1226 1184 εἴληφε,
1267 1113 1352 1179 τίς
1387 1114 1416 1167 ό
1443 1115 1657 1187 τρίτος;
1695 1117 1852 1189 Φωνὴ

285 1197 389 1250 τῶν
431 1199 569 1270 μετὰ
617 1199 716 1272 τὴν
766 1200 935 1273 ἕκτην
993 1204 1460 1276 συνεδρευσάντων
1494 1208 1756 1279 Πατέρων
1794 1210 1854 1263 ἐν

283 1292 870 1349 Κωνσταντινουπόλει.
914 1295 1012 1349 Ἐν
1060 1313 1172 1350 τισι
1221 1297 1330 1350 τῶν
1385 1299 1598 1353 ππτῶν
1631 1301 1854 1355 εἰκόνων

283 1383 522 1450 γραφαῖς
555 1382 725 1451 ἀμνὸς
753 1382 1002 1456 δακτύλῳ
1034 1387 1127 1438 τοῦ
1155 1386 1470 1458 Προδρόμου
1502 1389 1855 1461 δεικνύμενος

283 1471 701 1551 ἐγχαράττεται,
729 1472 787 1538 ὃς
819 1476 900 1538 εἰς
927 1475 1094 1530 τύπον
1117 1477 1442 1550 παρελήφθη
1477 1479 1580 1550 τῆς
1607 1482 1850 1553 χάριτος·

281 1561 373 1614 τὸν
408 1549 672 1633 ἀληθινὸν
717 1567 851 1635 ήμίν
877 1566 966 1620 διὰ
1011 1567 1175 1638 νόμου
1229 1549 1652 1640 προῦποφαίνων
1682 1549 1855 1642 άμνὸν

280 1651 514 1722 Χριστὸν
557 1653 648 1707 τὸν
679 1655 810 1712 Θεὸν
847 1658 1026 1728 ἡμῶν.
1067 1660 1206 1724 Τοὺς
1231 1657 1327 1716 οὖν
1351 1662 1619 1727 παλαιοὺς
1648 1663 1856 1729 τύπους

282 1743 377 1797 καὶ
430 1744 531 1808 τὰς
581 1747 762 1812 σκιὰς,
817 1749 893 1814 ὡς
935 1752 1034 1821 τῆς
1068 1751 1330 1823 ἀληθείας
1373 1754 1619 1825 σύμϐολα
1652 1773 1714 1810 τε
1759 1757 1855 1812 καὶ

282 1831 740 1903 προχαράγματα,
766 1839 832 1908 τῇ
870 1839 1168 1912 Ἐκκλησία
1217 1843 1683 1914 παραδεδομένους
1729 1864 1855 1902 κατα

279 1920 670 2009 ασπαζόμενοι,
702 1926 802 1998 τὴν
854 1928 1017 1999 χάριν
1058 1931 1414 2004 προτιμῶμεν
1452 1934 1548 1990 καὶ
1587 1933 1688 2008 τὴν
1715 1936 1850 2009 άλή-
1883 1919 1927 1976 Β

279 2007 454 2076 θειαν,
485 2012 562 2076 ὡς
590 2014 862 2089 πλήρωμα
893 2020 1059 2092 νόμου
1089 2023 1296 2092 ταύτην
1322 2007 1733 2098 ὑποδεξάμενοι,
1765 2007 1856 2094 Ὦς

276 2101 343 2153 ἂν
375 2099 468 2157 οὖν
511 2107 571 2158 τὸ
609 2109 815 2163 τέλειον
848 2113 952 2165 κάν
991 2116 1112 2179 ταῖς
1146 2120 1628 2188 χρωματουργίαις
1651 2121 1711 2175 ὲν
1733 2124 1852 2187 ταῖς

265 2195 536 2251 ἁπάντων
577 2199 766 2268 ὄψεσιν
806 2203 1216 2277 ὑπογράφηται·
1243 2209 1334 2263 τὸν
1367 2209 1458 2264 τοῦ
1487 2213 1732 2283 αἴροντος
1751 2215 1852 2285 τὴν

279 2287 554 2378 ἁμαρτίαν
572 2291 666 2343 τοῦ
700 2293 904 2363 κόσμου
946 2297 1120 2366 ἀμνοῦ
1146 2299 1382 2370 Χριστοῦ
1413 2302 1507 2355 τοῦ
1535 2303 1672 2358 Θεοῦ
1694 2305 1851 2378 ἡμῶν

277 2377 418 2430 κατὰ
448 2378 542 2432 τὸν
572 2381 916 2452 ἀνθρώπινον
951 2389 1298 2460 χαρακτῆρα,
1327 2391 1423 2444 καὶ
1459 2393 1518 2446 ὲν
1550 2395 1668 2459 ταῖς
1707 2396 1851 2450 εἰκό-

278 2484 363 2559 σιν
405 2470 514 2523 ἀπὸ
545 2470 639 2525 τοῦ
671 2474 764 2526 νῦν
815 2475 939 2529 ἀντί
967 2477 1064 2531 τοῦ
1095 2479 1327 2536 παλαιοῦ
1369 2483 1566 2554 ἀμνοῦ,
1613 2487 1852 2559 ἀναστη-

153 2627 156 2630 ῃ
273 2558 496 2615 λοῦσθαι
533 2561 818 2635 ὁρίζομεν·
870 2567 938 2621 δι’
989 2570 1155 2625 αὑτοῦ
1202 2573 1264 2626 τὸ
1313 2575 1416 2645 τῆς
1465 2558 1848 2644 ταπεινώσεως

275 2649 410 2720 ὕψος
434 2651 527 2706 τοῦ
558 2654 692 2708 Θεοῦ
724 2657 896 2726 Λόγου
951 2661 1362 2731 κατανοοῦντες,
1393 2667 1488 2720 καὶ
1542 2668 1680 2738 πρὸς
1707 2672 1849 2742 μνή-

279 2761 387 2814 μην
419 2744 520 2815 τῆς
553 2747 610 2799 ὲν
646 2749 812 2820 σαρκὶ
856 2750 1154 2822 πολιτείας,
1184 2754 1280 2810 τοῦ
1313 2773 1372 2810 τε
1411 2759 1618 2827 πάθους
1659 2762 1846 2829 αὐτοῦ,

275 2837 371 2891 καὶ
399 2837 494 2892 τοῦ
529 2842 800 2913 σωτηρίου
825 2843 1056 2899 θανάτου
1082 2851 1603 2923 χειραγωγούμενοι,
1631 2856 1724 2909 καὶ
1747 2855 1850 2926 τῆς

273 2928 524 2984 ἐντεῦθεν
552 2933 844 3004 γινομένης
884 2934 962 3003 τῷ
1007 2938 1200 3010 κόσμῳ
1235 2942 1688 3013 ἀπολυτρώσεως.
1732 2947 1849 3000 Ἑνυ

272 3019 446 3074 ταῦθα
489 3021 624 3094 ὁμοῦ
662 3026 728 3096 τῇ
777 3025 1016 3096 Χριστοῦ
1059 3031 1250 3095 εἰκόνι,
1300 3035 1394 3086 καὶ
1437 3035 1546 3090 τῶν
1589 3035 1850 3092 ἁπάντων

274 3111 448 3179 ἁγίων
479 3113 708 3170 εἰκόνων
741 3116 899 3186 λόγος
921 3119 1202 3192 πρόσεστι.
1235 3125 1458 3195 Πρῶτον
1489 3126 1611 3197 μὲν,
1640 3129 1744 3196 ὅτι,
1772 3129 1850 3195 ὡς

271 3202 375 3272 ἤδη
409 3202 951 3278 προεξεικονισμένου
1004 3213 1098 3267 καὶ
1145 3211 1426 3281 λείποντος
1460 3217 1557 3272 τοῦ
1592 3221 1686 3274 καὶ
1727 3220 1850 3276 ἀντὶ

271 3292 366 3346 τοῦ
400 3296 634 3351 παλαιοῦ
681 3299 879 3368 ἀμνοῦ,
910 3303 1076 3370 αὐτὸν
1107 3306 1541 3380 ἀναστηλοῦσθαι
1582 3312 1617 3383 ή
1665 3312 1852 3383 διαγό-

275 3402 480 3457 ρευσις.
508 3389 740 3444 Ἔπειτα
763 3392 846 3446 ὅτι
865 3394 927 3448 ού
957 3397 1118 3468 μόνον
1139 3398 1395 3473 ἀσπαστὴ
1421 3403 1455 3474 ἠ
1477 3403 1634 3458 τοῦδε
1659 3405 1848 3474 εἰκὼν,

272 3479 418 3532 κατὰ
450 3481 519 3534 τὰ
549 3483 610 3536 ὲν
651 3483 802 3556 νόμῳ
854 3485 1105 3558 σύμϐολα
1159 3506 1220 3544 τε
1273 3491 1370 3546 καὶ
1401 3495 1852 3568 προχαράγματα

271 3571 527 3626 ἁσπαστὰ
562 3574 882 3644 κεκλῆσθαι·
917 3577 1052 3632 ἀλλὰ
1087 3581 1185 3634 καὶ
1210 3587 1563 3659 προσκυνητὴ
1585 3588 1756 3642 αὑτοῦ
1789 3606 1850 3645 τε

272 3659 367 3712 καὶ
388 3661 588 3725 παντὸς
620 3663 929 3719 οὑτινοσοῦν
961 3667 1145 3736 ἁγίου.

343 3749 514 3820 Δῆλον
541 3752 648 3824 γὰρ
679 3754 758 3806 ὃτι
789 3753 849 3808 τὸ
874 3759 1093 3823 σεπτὸν,
1130 3761 1224 3814 καὶ
1248 3767 1624 3836 προσκυνητὸν
1669 3766 1737 3822 ἄν
1765 3785 1852 3832 τις

271 3839 678 3911 ὁμολογήσειεν.
720 3843 844 3898 Ἔτι
878 3863 936 3899 τε
965 3847 1047 3901 ὃτι
1081 3851 1229 3903 πᾶσα
1259 3853 1294 3924 ἡ
1341 3852 1505 3906 εἰκὼν
1543 3855 1851 3927 ὁμωνύμως

269 3931 348 4001 τῷ
395 3933 567 4004 αὐτῆς
615 3937 955 4009 πρωτοτύπῳ
1004 3940 1302 4012 κέκληται,
1355 3943 1443 3999 διὰ
1501 3947 1595 4000 τοῦ
1647 3951 1845 4004 εἰπεῖν’

275 4039 296 4073 ι
347 4022 542 4093 Ἀμνὸς
573 4025 820 4100 δακτύλῳ
843 4029 938 4082 τοῦ
967 4033 1282 4105 Προδρόμου
1305 4035 1652 4110 δεικνύμενος
1683 4042 1849 4114 ἐγχα-

271 4115 548 4206 ράττεται.
603 4137 624 4171 ι
671 4119 760 4185 Ὠς
806 4125 900 4176 καὶ
944 4125 974 4177 ὁ
1031 4126 1321 4193 Νυσσαεὺς
1374 4129 1514 4194 θεῖος
1545 4133 1848 4206 Γρηγόριος

270 4197 374 4258 ὧδέ
401 4206 500 4260 πού
536 4225 690 4280 φησιο
728 4229 749 4262 ι
787 4212 1083 4282 Πρόκειται
1109 4215 1138 4268 ὁ
1172 4216 1360 4272 Ἰσαὰκ
1387 4219 1465 4290 τῷ
1492 4197 1686 4293 [lat-pi,
1716 4197 1845 4296 acup;

268 4297 419 4368 αὐτῷ
471 4299 549 4371 τῷ
604 4301 998 4378 θυσιαστηρίῳ.
1041 4325 1062 4359 ι
1099 4309 1254 4381 Φωνὴ
1299 4311 1410 4364 τῶν
1447 4315 1508 4366 ὲν
1548 4315 1847 4390 Ἀντιοχείᾳ

271 4389 742 4482 σονεδρευσάντων
777 4397 1056 4469 Πατὲρων·
1095 4418 1114 4452 ι
1143 4401 1254 4472 Ούχ
1281 4401 1356 4466 ὡς
1388 4405 1577 4476 ’ἐτερον
1613 4411 1679 4480 τῇ
1713 4389 1846 4482 μορέ-

270 4481 367 4548 φῇν
409 4478 525 4533 ἀλλ’
555 4482 631 4545 ὡς
678 4485 840 4540 αὑτὸν
887 4487 983 4541 ἕνα
1014 4489 1218 4563 Κύριον
1246 4493 1304 4545 ὲν
1338 4496 1436 4564 μιᾷ
1473 4478 1842 4570 μορφῇήό-ντξν

1953 650 2318 724 quadraginta
2341 659 2642 722 martyrum
2687 650 2961 716 encomio,
2993 663 3118 704 cum
3147 649 3264 704 haec
3291 650 3428 706 dicit
3444 651 3489 684 "
3513 668 3530 704 :

1959 761 1979 796 ι
2003 741 2136 797 Nam
2157 742 2443 813 magniﬁca
2469 741 2524 796 in
2558 739 2714 798 bellis
2738 750 2912 811 gesta,
2933 748 2990 794 et
3015 746 3261 794 oratores
3282 753 3534 808 saepenu-

1953 847 2128 898 mero,
2156 841 2212 886 et
2243 831 2477 900 pictores
2506 829 2869 901 pulcherrime
2914 828 3274 893 demonstrat,
3305 827 3363 882 lii
3409 843 3534 882 ora-

1955 925 2136 991 tione,
2188 924 2264 978 illi
2302 923 2502 978 tabulis
2540 920 2916 976 describentes
2953 928 3114 991 atque
3162 927 3443 974 ornantes.
3507 937 3527 972 ι

1952 1015 2222 1083 Quoniam
2251 1014 2415 1085 igitur
2440 1019 2714 1069 secundus
2756 1028 2974 1083 quoque
3020 1012 3215 1067 modus
3248 1011 3318 1066 ad
3369 1011 3532 1066 ﬁnem

1952 1107 2250 1178 perductus
2293 1114 2397 1172 est,
2447 1107 2574 1176 quis
2613 1112 2698 1160 est
2736 1104 2933 1160 tertius
2955 1102 2981 1156 ἲ
3013 1101 3128 1158 Vox
3162 1103 3410 1168 Patrum,
3438 1105 3534 1171 qui

1953 1209 2077 1272 post
2129 1209 2338 1254 sextam
2401 1198 2668 1269 synodum
2728 1195 3201 1266 Constantinopoli
3262 1210 3534 1252 convene-

1953 1302 2084 1350 runt
2103 1292 2186 1348 ‘3:
2216 1290 2272 1345 In
2299 1290 2624 1362 quibusdam
2647 1289 3004 1344 colendarum
3034 1287 3335 1359 imaginum
3354 1288 3533 1358 pictu-

1955 1387 2032 1441 ris
2084 1399 2258 1455 agnus
2296 1381 2641 1452 exprimitur,
2683 1393 2846 1450 quem
2879 1377 3193 1434 Praecursor
3224 1378 3395 1448 digito
3434 1378 3533 1432 de-

1954 1484 2242 1540 monstrat,
2265 1473 2359 1545 qui
2385 1474 2442 1529 in
2470 1482 2656 1544 typum
2674 1479 2994 1541 assumptus
3013 1479 3100 1527 est
3121 1470 3328 1541 gratiae.
3347 1468 3534 1526 Refert

1952 1569 2098 1624 enim
2131 1566 2292 1622 nobis
2320 1580 2506 1621 verum
2532 1565 2686 1620 illum
2708 1579 2931 1636 agnum,
2952 1579 3114 1634 quem
3145 1563 3228 1619 lex
3259 1563 3536 1635 signiﬁca-

1953 1660 2068 1726 bat,
2124 1671 2320 1728 nempe
2342 1656 2622 1712 Christum
2655 1655 2828 1711 Deum
2887 1663 3163 1712 nostrum.
3213 1653 3325 1712 Has
3371 1656 3538 1726 igitur

1952 1763 2165 1807 veteres
2198 1749 2402 1820 ﬁguras
2435 1755 2604 1819 atque
2649 1747 2896 1813 umbras,
2929 1756 2990 1804 ut
3023 1749 3270 1805 veritatis
3302 1759 3460 1806 notas
3481 1759 3538 1804 et

1954 1842 2108 1913 signa
2163 1839 2422 1897 Ecclesia:
2467 1839 2668 1897 tradita
2706 1837 3152 1907 cotnplectentes,
3199 1839 3432 1910 gratiam
3481 1845 3538 1893 et

1951 1936 2231 1989 veritatem
2251 1930 2657 2001 anteponimus,
2675 1945 2841 2000 quam
2867 1939 2924 1984 ut
2953 1930 3351 2001 plenitudinem
3398 1931 3534 2000 legis

1952 2019 2284 2089 accepimus.
2342 2017 2529 2090 itaque
2582 2027 2642 2074 ut
2681 2019 2735 2072 id
2789 2019 2936 2088 quod
2993 2019 3293 2088 perfectum
3340 2029 3445 2086 est,
3478 2021 3532 2076 in

1951 2113 2182 2184 picturis
2209 2113 2372 2168 etiam
2399 2112 2646 2168 omnium
2677 2115 2852 2170 oculis
2887 2114 3246 2185 subjiciamus
3277 2153 3295 2179 ,
3327 2129 3533 2185 agnum

1950 2206 2132 2271 illum,
2175 2206 2272 2276 qui
2309 2204 2501 2261 mundi
2530 2215 2811 2276 peccatum
2854 2207 3014 2271 tollit,
3041 2206 3324 2262 Christum
3359 2205 3532 2262 Deum

1951 2303 2232 2359 nostrum,
2264 2295 2387 2350 loco
2417 2296 2619 2350 veteris
2643 2293 2788 2366 agni,
2821 2295 3058 2350 humana
3089 2296 3324 2366 posthac
3355 2295 3531 2350 forma

1950 2385 2370 2456 exprimendum
2445 2385 2790 2440 decrevimus
2839 2403 2856 2441 :
2917 2395 2976 2440 ut
3023 2401 3119 2456 per
3171 2386 3532 2442 humilitatem

1950 2474 2253 2556 cegitemus
2288 2472 2385 2528 Dei
2411 2473 2574 2528 Verbi
2605 2475 3005 2538 celsitudinem,
3035 2485 3089 2530 et
3113 2475 3168 2530 in
3211 2475 3534 2530 memoriam
3633 2480 3635 2483 '

1950 2568 2384 2630 conversationis
2445 2566 2566 2636 ejus
2612 2567 2669 2622 in
2722 2583 2910 2633 carne,
2957 2577 3012 2624 et
3051 2568 3422 2632 cruciatuum,
3471 2584 3536 2623 ac

1949 2658 2241 2714 salutiferae
2265 2658 2452 2713 mortis
2475 2656 2612 2726 ejus,
2629 2673 2695 2714 ex
2709 2673 2820 2729 quo
2836 2659 3038 2714 inunllo
3061 2660 3360 2730 redemptio
3380 2670 3538 2731 parta

1949 2758 2053 2816 est,
2081 2750 2430 2805 reducamur.
2459 2749 2577 2806 lloc
2605 2753 2731 2806 loco
2763 2751 2928 2807 simul
2968 2768 3093 2808 cum
3139 2752 3342 2809 Christi
3395 2754 3536 2808 ima-

1951 2843 2075 2911 gine
2111 2841 2180 2896 de
2211 2841 2457 2894 omnium
2489 2840 2658 2896 etiam
2688 2853 3006 2897 sanctorum
3045 2844 3378 2914 imaginibus
3408 2860 3530 2900 ser-

1951 2948 2041 2988 mo
2070 2942 2178 2989 est.
2231 2931 2480 2988 Primum
2540 2935 2786 3005 quidem,
2843 2937 3012 3006 quod,
3069 2945 3330 3007 tanquam
3373 2946 3536 2994 antea

1953 3023 2292 3096 pingeretur,
2329 3035 2385 3080 et
2411 3026 2525 3097 jam
2573 3025 2869 3093 desineret,
2903 3028 3100 3085 veteris
3125 3028 3252 3100 agni
3279 3029 3402 3086 loco
3433 3044 3536 3086 ex-

1950 3117 2114 3187 primi
2148 3133 2276 3176 eum
2307 3118 2526 3190 jubent.
2565 3117 2788 3188 Deinde,
2817 3121 2965 3192 quod
2991 3137 3100 3178 non
3127 3124 3304 3178 solum
3333 3123 3536 3194 ample-

1953 3210 2149 3266 ctenda
2187 3210 2260 3267 sit
2299 3211 2422 3281 ejus
2462 3211 2666 3282 imago,
2717 3211 2787 3266 ad
2829 3227 2957 3267 eum
3001 3213 3225 3269 modum
3255 3229 3365 3285 quo
3395 3214 3534 3286 legis

1953 3313 2094 3358 notae
2143 3311 2200 3358 et
2237 3303 2389 3374 signa
2442 3304 2818 3374 amplectenda
2863 3305 3166 3371 dicuntur,
3215 3307 3312 3364 sed
3366 3307 3532 3363 etiam

1953 3396 2258 3461 adoranda,
2320 3404 2436 3451 tum
2497 3395 2694 3468 ipsius,
2745 3407 2863 3454 tum
2922 3397 3357 3472 uniuscujusque
3401 3415 3535 3456 sau-

1950 3496 2188 3543 ClOl‘lﬂl}.

2020 3747 2372 3806 Manifestum
2401 3751 2545 3806 enim
2581 3763 2666 3809 est
2701 3769 3092 3811 concessurum
3135 3760 3406 3826 quemvis,
3437 3776 3532 3817 ve-

1950 3839 2254 3892 nerandum
2299 3841 2444 3908 quod
2494 3841 2732 3909 dicatur,
2786 3844 2930 3899 idem
2983 3845 3090 3901 dici
3144 3849 3480 3905 adorandum
3512 3868 3532 3907 :

1949 3931 2189 3998 itemque
2216 3932 2359 3999 quod
2398 3933 2578 3987 omnis
2626 3934 2808 4003 imago
2868 3935 3196 4006 homonyme
3229 3954 3352 3992 cum
3400 3955 3532 4010 pro-

1949 4030 2136 4092 totypo
2161 4036 2263 4076 suo
2298 4034 2640 4091 nuncupetur
2674 4041 2689 4090 ;
2728 4040 2852 4079 cum
2882 4026 3083 4080 dicitur
3114 4045 3127 4081 :
3165 4045 3185 4080 ι
3219 4026 3409 4099 Agnus
3437 4048 3529 4087 ex-

1947 4112 2227 4183 primitur,
2281 4129 2444 4184 quem
2491 4112 2808 4170 Praecursor
2852 4117 3021 4187 digito
3065 4117 3452 4178 demonstrat.
3503 4141 3525 4176 ι

1945 4205 2230 4272 Quomodo
2251 4215 2304 4262 et
2330 4206 2547 4264 divinus
2577 4207 2874 4280 Gregorius
2901 4209 3181 4283 Nyssenus
3204 4215 3440 4284 quodam
3469 4215 3526 4272 in

1946 4302 2068 4356 loco
2089 4303 2163 4355 ait
2182 4302 2225 4333 ⁸ο
2247 4318 2262 4355 :
2288 4319 2307 4353 ι
2327 4299 2646 4356 Procumbit
2665 4303 2814 4358 Isaac
2849 4319 3032 4360 coram
3054 4316 3206 4376 patre
3223 4308 3288 4362 ad
3305 4324 3480 4364 aram.
3503 4330 3524 4363 ι

1947 4390 2064 4446 Vox
2114 4390 2360 4472 Patrum,
2409 4394 2502 4463 qui
2539 4393 2843 4450 Antiochia:
2895 4408 3312 4455 convenerunt:
3349 4419 3367 4454 ι
3409 4400 3528 4457 Non

1949 4497 2207 4557 tanquam
2238 4489 2470 4542 alterum
2498 4487 2697 4553 forma,
2729 4489 2824 4543 sed
2849 4497 3109 4560 tanquam
3140 4508 3306 4548 unum
3349 4493 3528 4563 ipsum

268 4570 396 4622 καθ’
433 4571 494 4626 ὃν
540 4577 634 4628 καὶ
659 4579 951 4651 χαρακτὴρ
981 4576 1062 4645 εἷς
1096 4584 1358 4654 πεφυκὼς
1379 4587 1479 4658 τῆς
1499 4589 1594 4644 τοῦ
1628 4592 1843 4663 Ηατρὸς

1951 4580 2239 4636 Dominum
2292 4581 2347 4634 in
2389 4597 2494 4636 una
2542 4582 2716 4635 forma
2739 4583 3090 4638 exsistentem
3119 4603 3134 4639 :
3167 4587 3443 4655 quomodo
3476 4598 3530 4642 et

268 4663 641 4735 ὑποστάσεως,
688 4673 783 4725 καὶ
821 4673 928 4744 πρὸ
960 4676 1163 4748 σαρκὸς
1196 4678 1508 4749 ἀσώματος,
1547 4677 1628 4746 εἷς
1658 4701 1718 4738 τε
1751 4681 1841 4757 ἦν,

266 4758 362 4810 καὶ
417 4759 475 4811 ὲν
535 4762 702 4832 σαρκὶ
752 4759 834 4829 εἷς
883 4767 1022 4830 ἐστι,
1083 4771 1178 4822 καὶ
1206 4771 1265 4824 ἐν
1316 4773 1538 4828 εἰκόνιὸ
1567 4777 1730 4842 αὐτὸς
1763 4776 1844 4842 εἷς

267 4849 524 4920 ὑπάρχει,
549 4853 626 4924 μὴ
657 4853 1036 4928 διαιρούμενος
1061 4862 1140 4925 είς
1169 4862 1264 4916 δύο
1293 4869 1670 4938 χαρακτῆρας
1704 4871 1842 4941 μήτε

262 4941 322 4994 δὲ
364 4943 682 5016 σχιζόμενος
716 4949 796 5012 εἰς
841 4949 934 5005 δύο
965 4955 1344 5028 χαρακτῆρας·
1385 4959 1525 5030 μήτε
1567 4960 1624 5014 δὲ
1658 4962 1840 5030 σχιζό-

268 5051 430 5105 μενος
471 5038 553 5102 εἰς
599 5039 694 5094 δύο
739 5041 916 5108 δόξας
950 5047 1067 5100 ἀλλ’
1103 5051 1186 5113 εἰς
1218 5049 1349 5120 μίαν
1385 5051 1774 5124 συναγόμενος.
1814 5074 1834 5110 ι

265 5127 377 5180 Καὶ
404 5128 524 5197 μεθ’
557 5129 746 5204 ἔτερα.
790 5154 810 5188 ι
856 5135 998 5190 Ἀλλ’
1034 5138 1224 5212 ὥσπερ
1264 5142 1427 5207 αὐτὸς
1471 5138 1554 5208 εἷς
1597 5147 1744 5200 ἐστιν
1773 5149 1840 5202 ὲκ

264 5219 362 5273 δύο
385 5220 494 5275 τῶν
525 5224 808 5292 ἐναντίων,
845 5231 942 5284 καὶ
982 5233 1065 5296 εἰς
1097 5231 1158 5286 ἓν
1181 5235 1476 5302 συνάγεται
1508 5238 1840 5308 πρόσωπονο

263 5310 410 5368 οὕτω
441 5317 538 5370 καὶ
575 5319 612 5389 η
645 5319 810 5374 εἰκὼν
838 5322 1004 5376 αὐτοῦ
1035 5323 1134 5392 μία
1154 5326 1214 5378 τὲ
1253 5327 1391 5392 ἐστι,
1426 5327 1524 5381 καὶ
1553 5328 1649 5383 τοῦ
1677 5330 1842 5386 αὐτοῦ

262 5406 385 5472 ἑνὸς
421 5409 686 5480 Χριστοῦ.
733 5413 845 5468 Καὶ
885 5416 984 5486 οὐχ
1027 5416 1216 5489 ἕτερον
1253 5421 1578 5492 χαρακτῆρα
1607 5422 1844 5494 ἐροῦμεν

265 5499 358 5552 τὸν
395 5501 538 5556 κατὰ
589 5506 768 5577 σάρκα
797 5509 1135 5578 ἐπιφανέντα
1181 5511 1335 5582 ἡμῖν,
1380 5515 1474 5567 καὶ
1525 5514 1712 5586 ἕτερον
1748 5517 1841 5571 τὸν

265 5593 389 5645 κατ’
409 5594 594 5648 εἰκόνα
629 5599 1102 5670 σχηματιζόμενον
1123 5603 1450 5675 χαρακτῆρα
1470 5607 1526 5658 ὲν
1549 5605 1680 5660 εῐδει
1701 5625 1840 5681 μορ-

261 5683 372 5756 φῆς
394 5684 583 5741 αὐτοῦ·
607 5687 744 5742 ἀλλὰ
764 5691 858 5746 τὸν
883 5692 1046 5748 αὑτὸν
1071 5693 1187 5759 ἕνα,
1215 5695 1338 5749 ἐπεὶ
1356 5699 1496 5768 μήτε
1525 5699 1661 5753 καθὸ
1681 5701 1842 5772 σῶμα

335 5821 381 5854 ⁸⁷
425 5821 705 5904 “SA.ABasil.
741 5834 784 5882 t.
805 5827 848 5895 Ι,
878 5829 1030 5885 hom.
1061 5830 1154 5900 20,
1209 5848 1334 5904 pag.
1367 5833 1492 5894 59.6.

264 5906 390 5964 pag.
422 5893 551 5951 908.

596 5988 865 6051 ΡΔτιιοι..
906 5990 1020 6050 Gn.
1067 5992 1276 6057 XCIX.

1599 5837 1646 5869 “
1672 5836 1884 5894 Concil.
1926 5834 2256 5905 Quinisext.,
2295 5841 2418 5884 can.
2447 5825 2539 5882 82.

1949 4673 2236 4726 character
2259 4663 2402 4728 unus
2434 4673 2707 4728 exsistens
2745 4674 3116 4732 subsistentia:
3135 4673 3332 4743 Patris,
3365 4688 3529 4748 atque

1950 4775 2075 4818 ante
2123 4763 2556 4820 lncarnationem
2604 4767 2984 4838 incorporeus,
3027 4784 3172 4825 unus
3202 4776 3321 4824 erat
3352 4787 3367 4826 :
3395 4769 3526 4825 etin

1949 4872 2114 4912 carne
2150 4871 2296 4912 unus
2349 4866 2454 4922 est,
2484 4866 2540 4912 et
2581 4857 2636 4912 in
2672 4858 2911 4930 imagine
2954 4859 3095 4915 idem
3117 4877 3262 4918 unus
3289 4862 3524 4932 exsistit,

1949 4965 2057 5004 non
2098 4949 2309 5005 divisus
2362 4949 2417 5004 in
2453 4951 2592 5005 duos
2635 4949 3002 5016 characteres,
3054 4967 3234 5024 neque
3255 4952 3524 5011 dissectus

1947 5042 2002 5097 in
2048 5039 2252 5112 glorias
2281 5039 2421 5096 duas
2443 5081 2458 5107 ,
2495 5040 2590 5096 sed
2637 5040 2694 5096 in
2735 5057 2895 5098 unam
2929 5042 3215 5100 collectus.
3256 5061 3278 5098 ι
3309 5041 3376 5098 Ει
3401 5053 3526 5116 post

1949 5134 2052 5188 alia
2077 5149 2094 5186 ι
2127 5151 2147 5185 ι
2175 5131 2282 5189 Sed
2309 5132 2772 5203 quemadmodum
2799 5133 2918 5205 ipse
2944 5144 3185 5193 unusest
3203 5150 3274 5192 ex
3307 5137 3522 5193 duobus

1947 5227 2258 5293 contrariis,
2305 5234 2362 5281 et
2396 5225 2451 5280 in
2479 5240 2640 5282 unam
2686 5227 2948 5284 coalescit
2979 5243 3273 5298 personam
3303 5246 3320 5296 ;
3351 5231 3432 5283 sic
3468 5237 3524 5284 et

1950 5320 2129 5387 imago
2174 5318 2296 5387 ejus
2325 5326 2382 5372 et
2430 5332 2538 5372 una
2571 5325 2676 5380 est,
2723 5327 2778 5372 et
2803 5317 3048 5388 ejusdem
3099 5318 3263 5373 unius
3295 5317 3518 5372 Christi.

1946 5409 2136 5481 Neque
2189 5409 2420 5464 alterum
2470 5409 2843 5465 characterem
2891 5407 3143 5468 dicamus
3169 5423 3296 5463 eum
3319 5407 3522 5478 quise-

1946 5505 2185 5564 cundum
2236 5517 2456 5558 carnem
2513 5501 2675 5558 nobis
2722 5499 2999 5571 apparuit,
3053 5499 3287 5554 alterum
3335 5507 3519 5553 autent

1946 5593 2318 5657 characterem
2367 5593 2462 5664 qui
2507 5594 2806 5650 secundum
2856 5593 3150 5663 imaginem
3195 5593 3522 5661 exprimitur

1947 5695 2004 5749 in
2039 5691 2210 5763 ﬁgura
2241 5687 2418 5743 forma
2457 5686 2629 5753 illius,
2679 5686 2776 5742 sed
2804 5699 2975 5740 unum
3015 5693 3072 5740 et
3123 5682 3376 5740 eumdem
3405 5681 3524 5738 :si-

2651 5823 2698 5859 ⁶⁹
2729 5825 2883 5882 Orat.
2923 5822 2978 5878 in
3016 5821 3316 5890 Abraham,
3371 5829 3413 5877 t.
3456 5837 3516 5893 ιι,

3055 5983 3132 6086 ει
