4102 6374
685 415 816 482 1611

1878 410 1940 470 S.
1967 403 2363 467 THEODORI
2387 401 2733 464 STUDlTAi

3749 413 3850 482 1611

683 528 904 598 quidem
925 537 1099 596 neque
1115 522 1328 579 ratione
1350 520 1600 592 corporis
1623 518 1712 576 ille
1731 517 2020 577 character
2040 516 2303 580 dicitur,'.

2231 517 2346 580 VA
2367 515 2396 568 ὁ
2449 514 2736 585 χαρακτὴρ
2787 514 3026 584 εἴρηται,
3082 514 3221 570 ἀλλά
3273 515 3407 573 καθὸ
3459 519 3726 591 ἀσώματον.
3768 529 3851 589 Καὶ

686 619 783 675 sed
835 628 894 671 ιιι
925 625 1015 673 est
1041 617 1420 682 incorporeus.
1469 613 1585 668 Hoc
1618 626 1749 666 vero
1802 610 1978 680 magis
2005 624 2102 679 per
2126 606 2270 662 divi-

685 726 817 764 num
850 708 1298 780 Chrysostomum
1325 703 1715 766 declarabitur,
1760 702 1852 772 qui
1889 701 2266 754 characterem

687 801 966 856 cmlestem
1017 807 1195 861 vocat,
1253 796 1514 866 quoniam
1556 809 1624 848 ex
1667 794 1832 858 coelo,
1864 807 1970 847 non
1997 801 2268 859 quatenus

686 907 904 960 corpus,
955 889 1048 944 sed
1100 896 1375 958 quatenus
1422 887 1644 956 coporis
1691 901 1906 956 expers,
1955 882 2269 954 unigenitus

687 982 832 1037 Deus
856 980 1194 1036 descendens
1224 981 1292 1033 de
1321 979 1478 1034 caelis
1513 980 1835 1034 incarnatus
1879 986 1982 1040 est,
2008 984 2064 1030 et
2097 987 2267 1043 appa-

687 1077 798 1130 ruit
829 1089 1056 1144 corpore
1086 1080 1274 1127 nostro
1298 1073 1544 1126 indutus.
1577 1089 1595 1122 ι
1627 1068 1693 1125 Ει
1721 1077 1845 1140 post
1873 1082 2046 1137 pauca
2077 1083 2092 1120 :
2117 1085 2136 1118 ι
2162 1065 2270 1135 ιεί-

685 1179 796 1232 tur,
829 1167 1084 1238 quoniam
1125 1163 1430 1220 secundum
1480 1162 1799 1217 relationem
1845 1159 2082 1214 ostendit
2114 1158 2268 1212 illum

681 1258 936 1312 eumdem
968 1258 1340 1310 characterem
1377 1273 1393 1310 :
1426 1255 1604 1323 ipsum
1629 1253 1904 1307 Christum
1948 1251 2265 1314 adoramus,

681 1361 730 1405 et
763 1365 870 1403 non
905 1350 1190 1403 materiam
1217 1346 1517 1400 artiﬁciose
1549 1345 1837 1415 ﬁguratam
1873 1344 1927 1397 in
1960 1342 2213 1412 imagine.
2240 1359 2261 1393 ι

683 1441 762 1497 En
791 1441 1032 1511 apertior
1061 1439 1366 1510 tlogmatica
1399 1437 1699 1492 declaratio
1734 1454 1748 1490 :
1781 1437 2016 1505 primum
2041 1434 2266 1504 quidem

682 1547 848 1586 unam
885 1547 1007 1587 esse
1037 1530 1268 1585 formam
1303 1530 1358 1584 in
1389 1530 1682 1590 ambobus,
1717 1529 1938 1582 Christo
1985 1527 2196 1582 scilicet
2214 1534 2269 1581 et

683 1623 920 1694 imagine
950 1641 964 1678 :
1014 1621 1233 1685 deinde,
1277 1623 1650 1678 characterem
1687 1620 1867 1691 ipsum
1900 1619 2267 1675 subsistentia:

683 1715 882 1779 Patris,
930 1715 984 1768 in
1023 1715 1281 1781 imagine,
1345 1714 1518 1783 ﬁgura
1569 1712 1760 1768 fortine
1789 1713 1980 1782 ipsius,
2019 1711 2264 1782 conspici

681 1807 844 1862 simul
875 1817 941 1862 et.
956 1808 1171 1861 adorari
1204 1807 1376 1877 gloria
1413 1807 1667 1862 indivisa.
1700 1804 1963 1876 Reliquus
1989 1815 2074 1860 est
2103 1819 2268 1874 quar-

2368 605 2526 658 τοῦτο
2554 604 2754 676 μᾶλλον
2782 603 2873 658 διὰ
2899 604 2995 659 τοῦ
3030 604 3180 660 θείου
3213 606 3586 680 Χρυσοστόμου
3609 615 3854 694 διευκρινη-

2371 697 2618 768 θήσεται,
2647 696 2740 749 τὸν
2767 697 3097 767 χαρακτῆρα
3118 697 3374 768 οὐράνιον
3399 700 3646 770 λέγοντος,
3677 709 3854 784 ἐπείπερ

2370 788 2464 841 καὶ
2495 788 2554 854 ἐξ
2598 787 2853 857 ούρανοῦ,
2900 789 2963 840 ού
3031 789 3171 843 καθὸ
3233 789 3409 861 σῶμα,
3440 794 3566 848 ἀλλὰ
3606 799 3719 852 καθὸ
3751 802 3856 857 tuo.

2373 897 2541 951 ματον
2571 882 2600 934 ὁ
2635 881 2931 951 μονογενὴς
2977 881 3110 944 Θεὸς
3158 883 3436 938 κατελθὼν
3463 887 3524 939 ἐκ
3553 889 3649 942 τῶν
3669 893 3858 963 οὐρανιῖιν

2369 969 2682 1042 ὲσαρκώθη,
2712 973 2805 1025 καὶ
2825 972 3065 1040 ὲπέφανε
3097 973 3259 1043 σῶμα
3287 977 3624 1048 περιθέμενος
3641 982 3692 1035 τὸ
3709 986 3858 1055 ἡμέτι.

2373 1079 2485 1134 ρον.
2536 1081 2555 1114 ι
2597 1065 2710 1117 Καὶ
2745 1065 2862 1134 μετ’
2892 1065 3071 1135 ὀλιτα·
3111 1085 3130 1119 ι
3169 1067 3380 1122 Οὐκοῦν
3406 1069 3524 1124 ἐπεὶ
3551 1073 3676 1127 κατά
3697 1078 3858 1148 ἀναφο-

2371 1157 2472 1227 ρὰν
2503 1155 2667 1210 αὐτὸν
2699 1155 2940 1213 δείκνυσι
2991 1159 3084 1213 τὸν
3141 1161 3467 1233 χαρακτῆρα
3511 1165 3656 1219 αὑτὸν
3685 1169 3858 1240 Χριστὺν

2368 1248 2804 1320 προσκυνοῦμεν,
2845 1252 2941 1304 καὶ
2975 1251 3038 1304 ού
3072 1251 3173 1323 τῆν
3221 1251 3356 1324 ὕλην
3387 1256 3628 1325 τεχνικῶς
3655 1275 3859 1330 σχηματιρ

2368 1341 2604 1412 ζομένην
2622 1345 2680 1396 ὲν
2704 1346 2771 1415 τῇ
2793 1343 2983 1398 εἰκόνι.
3017 1361 3038 1396 ι
3069 1343 3240 1417 Δεῦρο
3260 1345 3552 1417 τρανοτέρα
3571 1347 3855 1424 ήδογματικὴ

2367 1434 2716 1506 διασάφησις·
2773 1437 2992 1509 πρῶτον
3052 1437 3173 1508 μὲν,
3203 1438 3288 1491 ὅτι
3339 1439 3434 1507 μία
3470 1439 3636 1510 μορφὴ
3679 1443 3749 1494 ἐπ’
3785 1446 3858 1514 ἀμ-

2367 1528 2508 1596 φοῖν,
2549 1526 2646 1580 τοῦ
2674 1543 2735 1580 τε
2765 1527 3004 1599 Χριστοῦ
3036 1527 3133 1582 καὶ
3167 1529 3270 1599 τῆς
3312 1529 3542 1594 είκόνοςο
3568 1531 3858 1598 ἑπειτα,ὄτιό

2367 1619 2532 1683 αύτδς
2568 1622 2598 1674 ό
2626 1620 2916 1690 χαρακτὴρ
2971 1621 3068 1691 τῆς
3101 1621 3196 1675 τοῦ
3244 1623 3454 1695 Πατρδς
3488 1623 3797 1690 ὑποστάσεως,
3817 1627 3858 1680 iv

2367 1711 2535 1764 εικόνι
2569 1711 2650 1784 τῷ
2680 1711 2810 1765 εἴδει
2859 1712 2960 1783 τῆς
3007 1713 3227 1784 μορφῆς
3258 1713 3446 1780 αὑτοῦ,
3480 1715 3857 1787 ὲκφαινόμενόςτί

2367 1803 2516 1854 ἐστιν
2549 1800 2685 1871 ὁμοῦ
2730 1801 2830 1855 καὶ
2861 1801 3343 1874 προσκυνούμενος
3367 1803 3598 1873 ἀσχίστῳ
3634 1804 3753 1876 δόξῃ.
3776 1806 3858 1858 An.

683 1911 775 1955 tus
811 1900 1034 1964 modus,
1079 1868 1316 1968 antiqtize
1342 1899 1762 1954 consuetudinis
1791 1868 1852 1953 et.
1876 1868 2138 1952 instituti:
2169 1898 2264 1951 Δια
2296 1868 2303 1924 1

2237 1925 2264 1947 ιο
2296 1868 2338 1924 Β
2366 1868 2780 1962 πόμενόςνίστιν
2801 1895 2830 1947 ὁ
2858 1868 3119 1966 τέταρτος
3135 1868 3340 1965 τρόπος
3363 1868 3857 1967 τῆς-ἀρχαίας-θεσμο-

682 1990 810 2046 tolle
850 1989 905 2044 in
951 1989 1137 2043 orbem
1189 1989 1382 2043 oculos
1425 1998 1568 2054 tuos,
1623 1986 1707 2040 vir
1753 1983 2172 2049 humanissime,
2209 1992 2266 2038 et

680 2081 803 2136 vide
830 2090 1029 2135 terram
1065 2079 1402 2144 universam,
1425 2094 1492 2132 ex
1523 2078 1640 2146 ipsa
1670 2076 1966 2146 apostolica
1997 2074 2266 2146 praedica-

679 2175 852 2240 tione,
892 2174 1097 2242 ubique
1127 2172 1392 2243 gentium,
1430 2171 1485 2224 in
1529 2169 1704 2226 sacris
1737 2168 1976 2238 templis,
2009 2168 2266 2237 vasisque

677 2265 903 2330 divinis,
951 2273 1007 2319 et
1054 2263 1265 2319 sanctis
1311 2262 1578 2326 donariis,
1624 2275 1940 2328 expressum
1983 2258 2262 2314 Christum

679 2364 1008 2427 gestantem,
1063 2365 1120 2411 et
1167 2353 1331 2410 factis
1381 2355 1518 2424 ipsis
1572 2368 1762 2408 vocem
1809 2353 2058 2408 edentem
2117 2351 2262 2423 quod

678 2451 936 2506 Christus
971 2451 1217 2522 regnavit
1245 2465 1412 2519 super
1453 2463 1550 2504 eos
1577 2447 1673 2518 qui
1705 2448 1760 2502 in
1785 2455 1928 2501 terra
1947 2439 2096 2512 sunt,
2121 2445 2265 2500 sicut

679 2543 880 2598 cecinit
929 2540 1098 2597 David
1126 2557 1146 2595 :
1185 2539 1413 2595 Postula
1451 2557 1484 2594 a
1523 2555 1622 2602 me,
1668 2548 1717 2593 et
1757 2539 1894 2593 dabo
1943 2539 2038 2592 tibi
2085 2549 2262 2607 gentes

677 2637 1039 2691 hereditatem
1080 2643 1248 2700 tuam,
1295 2643 1346 2688 et
1393 2633 1771 2704 possessionem
1827 2641 1972 2685 tuam
2013 2632 2262 2686 terminos

681 2731 899 2786 terra"
922 2739 1035 2785 :et:
1056 2728 1198 2795 Quia
1226 2728 1360 2782 nihil
1386 2738 1466 2781 est
1497 2726 1698 2780 idolum
1723 2726 1778 2778 in
1798 2726 1994 2778 mundo
2021 2725 2090 2784 ".
2109 2725 2263 2794 juxta

679 2823 883 2877 dictum
917 2821 1162 2891 Apostoli
1191 2837 1204 2873 :
1255 2829 1310 2874 et
1346 2818 1492 2889 quod
1529 2818 1711 2871 omnia
1755 2817 1910 2870 beato
1946 2817 2149 2870 lumine
2175 2831 2262 2870 re-

679 2917 825 2986 pleta
855 2915 987 2978 sint,
1013 2916 1260 2967 veniente
1281 2927 1348 2966 eo
1364 2913 1458 2982 qui
1486 2911 1625 2965 dixit
1655 2929 1668 2964 :
1703 2907 1920 2979 Egolux
1939 2909 2263 2962 inmundum

679 3007 795 3060 veni
819 3007 886 3060 τ’.
917 3006 1108 3071 Qualia
1130 3001 1275 3060 enim
1300 3012 1431 3060 sunt
1457 2999 1585 3072 quas
1619 2999 1964 3056 cernuntur?
1996 2997 2094 3056 Hic
2139 3001 2266 3070 qui-

681 3099 803 3154 dem
832 3099 887 3153 in
931 3098 1189 3168 spelunca
1230 3107 1411 3162 natus,
1442 3106 1498 3150 et
1531 3096 1599 3149 ab
1625 3094 1834 3164 angelis
1877 3093 2214 3163 glorilicatus
2245 3109 2261 3148 :

682 3193 773 3248 hic
801 3206 932 3246 vero
958 3192 1010 3244 in
1035 3191 1180 3245 ulnis
1208 3205 1239 3244 a
1273 3199 1444 3243 matre
1479 3197 1744 3258 gestatus,
1781 3195 1837 3243 et
1867 3202 1896 3240 a
1932 3187 2102 3257 magis
2136 3187 2265 3240 ado-

2366 1984 2558 2050 θεσίας
2595 1984 2747 2058 [cod.
2798 1987 2939 2058 Reg.
2986 1985 3356 2059 νομοθεσίας].
3391 1980 3555 2060 ’Δρον
3603 1988 3755 2059 κύκλῳ
3772 1991 3859 2052 τοὺς

2362 2077 2679 2149 ὀφθαλμούς
2717 2095 2836 2144 σου,
2865 2073 2911 2132 ὦ
2949 2079 3458 2150 φιλανθρωπότατε,
3485 2081 3573 2134 καὶ
3603 2080 3667 2134 ίδε
3689 2082 3766 2151 τὴν
3795 2081 3859 2134 ὑπ’

2364 2171 2622 2242 οὐρανὸν,
2676 2169 2738 2236 ὲξ
2798 2170 2966 2224 αὑτοῦ
3024 2170 3122 2226 τοῦ
3158 2171 3519 2226 ἀποστολικοῦ
3566 2172 3859 2244 κηρύγματος.

2364 2262 2646 2332 πανταχοῦ
2683 2264 2789 2334 γῆς
2835 2281 2895 2317 τε
2954 2264 3050 2318 καὶ
3096 2263 3396 2334 θαλάσσης,
3445 2265 3508 2318 δι’
3564 2265 3702 2336 ίερὼν
3745 2267 3860 2332 ναῶν,

2365 2356 2529 2410 θείων
2551 2373 2612 2410 τε
2641 2355 2878 2419 σκευῶν,
2908 2357 3004 2411 καὶ
3041 2357 3262 2410 σεπτῶν
3291 2356 3656 2426 ἀναθημάτων.
3675 2360 3747 2411 τὸν
3767 2359 3860 2428 Χρι-

2365 2448 2492 2502 στδν
2553 2446 2990 2520 ὲξεικονισμένον
3029 2449 3309 2520 φέρουσαν
3331 2493 3348 2517 ,
3393 2451 3486 2504 καὶ
3536 2451 3697 2513 αὐτοῖς
3733 2450 3860 2521 ἔργοις

2363 2539 2550 2612 φωνὴν
2591 2541 2871 2609 ἀφιεῖσαν,
2903 2540 2986 2594 ὅτι
3039 2541 3280 2611 Χριστὸς
3329 2540 3661 2612 βεϐασίλευκε
3699 2541 3782 2594 τῶν
3800 2541 3862 2594 ἐπὶ

2363 2635 2489 2703 γῆς,
2509 2635 2652 2689 κατὰ
2665 2635 2728 2687 τὸ
2746 2634 3004 2707 ᾀδόμενον
3048 2633 3379 2699 Δαϐιτικῶς”
3393 2636 3630 2702 Δίτησαι
3645 2635 3754 2704 παρ’
3765 2635 3863 2705 ἐμοῦ

2364 2726 2466 2778 καί
2501 2724 2675 2779 δώσω
2714 2743 2816 2781 σοι
2839 2726 2984 2795 ἔθνη
3025 2728 3142 2796 τὴν
3184 2730 3589 2798 κληρονομίαν
3644 2745 3764 2792 σου,
3797 2728 3863 2782 ul

2363 2817 2479 2886 τὴν
2499 2819 2879 2896 κατάσχεσιν
2907 2835 3027 2875 σου
3049 2821 3123 2875 τὰ
3150 2821 3384 2890 πέρατα
3407 2822 3514 2893 τῆς
3525 2822 3644 2892 γῆς·
3667 2822 3760 2888 καὶ,
3779 2821 3863 2874 ὀτι

2366 2910 2552 2965 οὐδὲν
2579 2911 2840 2967 sidonia?
2863 2913 2936 2967 ἐν
2971 2916 3199 2981 κόσμῳο
3231 2915 3377 2970 κατά
3410 2917 3470 2969 τὸ
3507 2917 3603 2970 ύπδ
3642 2914 3719 2969 τοῦ
3754 2917 3865 2968 ’Διω-

2369 3003 2558 3058 στόλου
2593 3006 2904 3076 εἰρημένον.
2939 3007 3052 3061 Καὶ
3075 3009 3159 3063 δτι
3204 3011 3388 3064 πάντα
3415 3009 3588 3063 ὀλϐίου
3631 3006 3771 3077 φωτὸς
3805 3023 3866 3058 tu-

2373 3095 2683 3168 πλήρωται,
2728 3097 3049 3168 ἐληλυθότος
3081 3099 3176 3154 τοῦ
3213 3102 3484 3166 εἰπόντος·
3528 3102 3658 3171 Ἐγὼ
3683 3098 3781 3169 φῶς
3809 3101 3866 3162 εις

2376 3191 2488 3245 τὸν
2545 3192 2782 3262 κόσμον
2823 3190 3112 3260 ἐλήλυθα.
3146 3189 3250 3248 Οἷα
3295 3198 3406 3266 γὰρ
3446 3196 3512 3250 τὰ
3540 3186 3866 3267 ὀρώμενα;ὦδι

681 3297 853 3352 ratus.
917 3282 1124 3337 Deinde
1177 3296 1330 3351 puer,
1381 3279 1604 3350 quando
1662 3279 1715 3332 in
1767 3278 1949 3332 medio
1988 3277 2274 3332 doctorum

2245 3292 2274 3332 n
2303 3277 2349 3306 ν
2381 3281 2480 3354 μὲν
2527 3283 2588 3335 ὲν
2638 3281 2890 3353 σπηλαίῳ
2918 3283 3260 3352 τικτόμενος,
3291 3285 3388 3338 καὶ
3410 3283 3500 3337 ὑπ’
3530 3282 3739 3350 ἀγγέλων
3761 3278 3865 3344 δοξα-

681 3376 881 3430 sedens
927 3374 1077 3428 visus
1126 3383 1231 3428 est.
1265 3371 1404 3426 Tum
1445 3371 1755 3440 baptizatus
1795 3385 1826 3423 a
1877 3369 2223 3424 l’rmcnrsore
2261 3385 2276 3424 :

683 3477 800 3520 tum
851 3466 1115 3521 miracula
1156 3481 1281 3520 cum
1335 3464 1603 3534 apostolis
1646 3463 1854 3518 faciens
1891 3480 1906 3516 :
1954 3462 2009 3517 in
2052 3477 2272 3518 crucem

683 3561 1007 3624 ascendens,
1039 3559 1347 3629 exspirans,
1372 3559 1638 3628 sepultus,
1681 3572 1994 3628 resurgens,
2022 3556 2076 3610 in
2105 3556 2275 3613 caelos

683 3665 984 3710 revertens.
1030 3653 1086 3708 ln
1122 3655 1235 3708 haec
1287 3653 1456 3722 igitur
1505 3653 1690 3708 omnia
1729 3667 1826 3722 per
1854 3651 2146 3722 imaginem
2184 3651 2272 3706 in-

681 3749 844 3812 tcnti,
885 3750 1029 3803 sicut
1078 3757 1206 3812 tunc
1256 3761 1353 3816 per
1392 3745 1697 3800 contuitum
1745 3745 1923 3813 ipsum
1961 3745 2194 3812 apostoli
2238 3783 2256 3810 ,

680 3843 805 3911 jure
845 3850 897 3896 et
930 3855 1030 3894 nos
1071 3838 1373 3892 dixerimus
1407 3853 1421 3892 :
1463 3834 1697 3890 Vidimus
1719 3835 1969 3904 ,gloriam
1995 3835 2131 3906 ejus,
2157 3835 2273 3906 glo-

680 3933 823 3987 riam
848 3932 1002 4001 quasi
1028 3928 1297 3998 Unigeniti
1325 3947 1356 3982 a
1383 3926 1570 3994 Patre,
1612 3925 1820 3997 plenum
1851 3926 2041 3996 gratia:
2065 3935 2114 3980 et
2139 3925 2274 3980 veri-

679 4031 809 4084 tatis
832 4028 900 4079 ".
933 4023 1060 4078 Haec
1097 4024 1264 4094 igitur
1300 4032 1383 4078 est
1432 4021 1502 4077 ab
1543 4037 1660 4076 aevo
1713 4019 2037 4074 annuntiata
2085 4019 2216 4074 lides
2254 4038 2269 4075 :

679 4122 826 4178 hanc
854 4121 1116 4190 amplexa:
1135 4126 1261 4172 sunt
1292 4113 1487 4187 synodi
1519 4121 1722 4170 sanctae
1753 4129 1769 4170 :
1804 4121 1858 4166 et
1892 4113 2019 4168 huic
2070 4112 2272 4168 suifra-

679 4221 876 4282 gantur
903 4225 1095 4264 omnes
1130 4207 1333 4276 ubique
1360 4206 1605 4260 locorum
1637 4202 1916 4266 Ecclesiae,
1959 4203 2012 4257 in
2041 4201 2266 4258 Oriente

677 4314 732 4359 et
773 4301 1156 4367 Occidente",
1183 4301 1236 4354 in
1287 4297 1736 4368 Septentrioneet
1769 4295 1954 4350 mari:
2000 4311 2164 4366 quam
2214 4303 2270 4352 et

678 4413 780 4450 nos
813 4394 1023 4450 minimi
1058 4393 1472 4462 amplectentes,
1505 4404 1752 4454 oramus,
1782 4387 2012 4458 iureque
2059 4388 2269 4459 suppli-

677 4502 868 4542 ramus
886 4501 984 4556 pro
1010 4495 1210 4549 vestro,
1231 4483 1376 4552 quod
1395 4479 1540 4535 Deus
1558 4483 1782 4535 charum
1805 4477 1985 4545 habet,
2009 4479 2262 4550 imperio.

2378 3373 2626 3444 ζόμενοςο
2657 3372 2819 3444 δεῦρο
2866 3373 2924 3427 δὲ
2973 3374 3062 3428 ἐπ’
3089 3374 3310 3428 ὠλενῶν
3350 3375 3454 3428 ύπδ
3481 3374 3573 3445 τῆς
3595 3373 3774 3444 Μητρὸς
3805 3367 3870 3437 βε·

2378 3464 2734 3536 σταζόμενος,
2768 3465 2866 3519 καὶ⁵
2913 3465 3020 3520 ὑπὸ
3075 3467 3270 3537 μάγων
3303 3462 3754 3538 προσκυνούμενος.
3780 3457 3870 3516 Εἶτα

2376 3559 2436 3612 ὲν
2465 3559 2797 3630 μειρακίοις,
2820 3559 3059 3634 ὁπηνίκα
3086 3561 3254 3632 μέσος
3282 3561 3392 3614 τῶν
3418 3559 3720 3614 διδασκάλων
3742 3550 3869 3612 ὦπται

2376 3648 2710 3723 καθήμενος.
2776 3653 3012 3707 Ἔπειτα
3070 3651 3474 3724 βαπτιζόμενος
3531 3651 3626 3706 ὑπὸ
3666 3648 3742 3704 τοῦ
3772 3649 3869 3717 Προ-

2378 3741 2605 3812 δρόμου’
2642 3737 2762 3797 εἶτα
2801 3743 3240 3816 θαυματουργῶν
3269 3745 3370 3798 σὺν
3397 3741 3792 3805 ἀποστόλοις-ἐπὶ
3813 3741 3874 3789 τὶν

2382 3833 2617 3904 σταυρὸν
2655 3833 2844 3901 ἀνιὼν,
2892 3835 3218 3902 ἀποπνέων,
3263 3835 3615 3907 θαπτόμενος,
3653 3833 3876 3899 ἀνιστάμε-

2378 3939 2492 3990 νος,
2541 3925 2623 3988 είς
2669 3924 2938 3996 οὐρανοὺς
2970 3925 3361 3998 ἀνερχόμενος.
3399 3925 3610 3989 Τούτοις
3649 3921 3726 3978 οὖν
3757 3923 3876 3973 πᾶσιν

2379 4015 2662 4080 είκονικῶς
2693 4014 3115 4081 ὲνατενίζοντες,
3149 4018 3226 4080 ὡς
3269 4015 3571 4088 τηνικαῦτα
3612 4011 3876 4070 abruma};

2377 4109 2430 4161 οί
2458 4107 2767 4175 ἀπόστολοι,
2799 4107 3050 4178 εἴποιμεν
3079 4105 3145 4162 ἂν
3174 4109 3405 4175 είκότως
3433 4109 3524 4164 καὶ
3547 4109 3703 4180 ἡμεῖς·
3732 4105 3874 4157 Ἐθεσ-

2373 4199 2607 4269 σάμεοα
2633 4201 2750 4268 τὴν
2773 4200 2963 4266 δόξαν
2986 4201 3198 4267 αὐτοῦ,
3232 4202 3428 4268 δόξαν
3467 4202 3544 4269 ὡς
3584 4193 3877 4267 Μονοτενοῧς

2375 4293 2538 4362 παρὰ
2590 4285 2823 4364 Πατρός
2841 4337 2857 4360 ,
2893 4294 3145 4368 ,πλήρης
3192 4296 3441 4366 χάριτος
3498 4295 3592 4350 καὶ
3638 4292 3870 4359 ἀληθείας.

2374 4386 2526 4458 Δύτη
2573 4383 2666 4442 οῦν
2708 4389 2860 4443 ἐστιν
2901 4390 2934 4458 ἠ
2970 4387 3030 4454 ἑξ
3071 4389 3268 4452 αἰῶνος
3324 4388 3684 4461 κηρυττομένη
3726 4388 3868 4444 πίστις·

2374 4479 2582 4552 ταύτην
2611 4481 2931 4550 ἠσπάσαντο
2957 4482 3016 4537 αἱ
3039 4480 3191 4549 ἅγιαι
3227 4481 3456 4546 σύνοδοι,
3483 4482 3573 4534 καὶ
3598 4479 3744 4549 ταύτῃ
3779 4473 3874 4545 σύμ-

683 4588 857 4651 ψηφοι
935 4579 1267 4649 τυγχάνουσι
1321 4576 1496 4630 πᾶσαι
1572 4576 1629 4628 al
1679 4574 1957 4645 πανταχοῦ
2007 4575 2150 4629 κατά
2177 4557 2343 4630 τόπον
2396 4574 2748 4645 Ἐκκλησίαι,
2787 4573 2845 4627 εν
2895 4591 2958 4628 τε
3009 4573 3267 4646 Ἀνατολῇ
3320 4577 3417 4628 καὶ
3461 4572 3645 4635 Δύσει,
3677 4563 3873 4638 ωρῤᾇτῑ

681 4675 770 4728 καὶ
801 4672 1080 4743 θαλάσσῃ·
1113 4671 1182 4741 ῆν
1222 4669 1317 4723 καὶ
1347 4670 1511 4740 ἡμεῖς
1543 4669 1594 4722 oi
1633 4665 1908 4739 ὲλάχιστοι
1969 4668 2366 4742 ἀσπαζόμενοι,
2395 4668 2669 4742 εὐχόμεθα
2698 4669 2794 4724 καὶ
2841 4668 3262 4741 ὑπερευχόμεθα
3299 4666 3650 4739 ὀφειλομένως
3691 4664 3770 4734 τῆς
3799 4657 3875 4711 ου’

683 4761 864 4834 ,ιιιλοῦς
924 4762 955 4816 ύ
963 4761 1081 4833 μῶν
1147 4759 1449 4832 βασιλείας.

1132 4878 1240 4935 CC.
1265 4907 1334 4918 —
1372 4875 1536 4933 Petro
1583 4875 1806 4933 Niewtr.

2722 4877 2776 4932 Σ¹
2800 4876 2936 4950 (94).
2962 4907 3035 4921 —-
3059 4875 3264 4948 Πέτρῳ
3284 4877 3557 4944 Νικαίας.
3580 4869 3729 4949 [ωγ⁸.]

1816 4991 1893 5044 De
1915 4999 2080 5045 morte
2108 4992 2446 5058 metropolita
2477 4992 2814 5054 Synsdorum.

745 5101 1086 5158 Audiverunt
1110 5113 1336 5170 prorsus
1358 5111 1532 5154 sacra
1569 5110 1732 5154 aures
1763 5107 1869 5152 tua:
1911 5096 1965 5152 id
1999 5099 2145 5170 quod
2169 5115 2263 5156 ac-
2294 5104 2338 5161 D

674 5196 808 5253 cidit
854 5195 1013 5248 beato
1057 5201 1112 5247 et
1142 5191 1424 5246 communi
1471 5189 1623 5246 Patri
1665 5199 1858 5246 nostro
1900 5193 2260 5262 metropolita:

677 5288 1073 5361 Synadorum;
1127 5283 1442 5355 planxitque
1487 5291 1678 5339 sancta
1715 5285 1898 5338 anima
1955 5293 2051 5339 tua
2111 5285 2258 5342 illius

673 5397 862 5446 causa,
901 5387 1063 5449 prout
1108 5392 1205 5446 par
1236 5374 1390 5430 fuit:
1441 5376 1674 5430 necdum
1722 5374 1972 5430 videlicet
2023 5377 2259 5445 gemitus

672 5471 931 5536 cessavit,
969 5484 1070 5525 nec
1094 5469 1316 5526 sedatus
1335 5475 1422 5524 est
1445 5465 1624 5530 dolor,
1655 5467 1745 5537 qui
1767 5475 2028 5537 tanquam
2051 5483 2119 5521 ex
2148 5468 2259 5522 dis-

675 5565 922 5622 scctione
947 5561 1184 5634 quadam
1212 5569 1374 5617 natus
1407 5568 1514 5616 est.
1565 5556 1771 5614 Verum
1798 5559 1906 5613 huc
1941 5557 2093 5624 ades,
2147 5568 2203 5614 et
2228 5577 2259 5612 ιι

676 5655 862 5718 nobis,
904 5651 990 5707 vir
1029 5650 1517 5717 desideratissime,
1563 5649 1770 5704 clarius
1813 5648 2044 5704 edisce:
2097 5661 2156 5705 ut
2207 5660 2262 5705 et

2442 5101 2682 5154 ’Ἤκουσε
2717 5099 2933 5163 πάντως
2961 5099 2995 5170 ἡ
3024 5098 3148 5170 ιερά
3181 5114 3275 5152 σου
3295 5096 3436 5169 ἀκοὴ
3465 5096 3526 5150 τὸ
3551 5094 3667 5165 περὶ
3695 5089 3769 5144 τὸν
3804 5101 3875 5155 μα·

2366 5193 2558 5262 κάριον
2621 5192 2718 5246 καὶ¹
2747 5189 2924 5246 κοινὸν
2959 5191 3176 5260 Πατέρα
3195 5190 3354 5260 ἡμῶν
3401 5187 3769 5260 μητροπολίτην
3788 5180 3876 5234 Συν-

2367 5285 2512 5341 ἀδων
2550 5283 2746 5347 πάθοςο
2789 5283 2886 5337 καὶ
2915 5281 3165 5353 ὡδύρατό
3198 5298 3291 5336 σου
3321 5283 3354 5352 ἡ
3386 5283 3516 5351 ἀγία
3537 5279 3666 5350 ψυχὴ
3685 5274 3756 5328 ἐπ’
3775 5267 3875 5334 αῦτῷ

2363 5377 2433 5432 τὰ
2455 5377 2661 5431 εἰκότα·
2695 5375 2818 5430 ἐπεὶ
2847 5374 2943 5428 καὶ⁵
2997 5373 3081 5427 In
3109 5375 3204 5428 τοῦ
3243 5372 3549 5445 στεναγμοῦ
3575 5373 3665 5424 οὐκ
3689 5360 3874 5421 amasti.

2365 5485 2489 5522 σοι·
2519 5468 2641 5523 οὐδὲ
2689 5469 2788 5536 τῆς
2842 5465 3009 5518 οίονελ⁵
3051 5466 3116 5518 ἐκ
3159 5465 3260 5536 τῆς
3301 5463 3608 5536 διχοτομίας
3646 5452 3875 5527 γενομένηῖ

2367 5558 2661 5631 ἀλγηδόνος
2691 5557 3040 5627 ἀπολήξειεν.
3086 5557 3248 5613 Ἀλλά
3267 5559 3446 5626 δεῦρο.
3475 5557 3565 5611 καὶ
3609 5550 3723 5622 παρ’
3747 5539 3875 5617 ἠμῦνο

2364 5644 2411 5706 ὦ
2440 5651 2736 5723 τριπόθητε
2765 5691 2784 5717 ,
2837 5648 3117 5719 διδάχθητι
3169 5649 3576 5722 ἐναργέστερον
3629 5643 3696 5706 ὡς
3729 5639 3782 5693 ἂν
3807 5631 3873 5688 ιιι

745 5764 795 5797 τ·
826 5760 974 5820 Psal.
1001 5774 1063 5828 ιι,
1083 5759 1138 5816 8.
1215 5759 1297 5816 ἰι
1335 5759 1460 5817 Cor.
1494 5772 1612 5825 rm,
1637 5755 1696 5812 4.
1773 5756 1820 5790 ⁷³
1856 5754 2016 5813 Joan.
2053 5770 2153 5825 sn,
2182 5759 2270 5813 46.
2349 5763 2365 5794 τ

1667 5758 1696 5812 ι.
1773 5756 1820 5790 ’³⁸
1856 5754 2016 5813 Joan.
2053 5770 2153 5825 sit,
2182 5759 2270 5813 46.
2349 5760 2578 5818 "Joan.
2613 5776 2652 5828 t,
2691 5760 2779 5818 44.
2857 5760 2900 5793 ⁷⁸
2925 5758 3070 5816 l’sal.
3099 5774 3206 5830 cvi,
3235 5760 3287 5818 ὅ.

2205 5853 2438 5913 NOTAE.

755 5972 872 6042 (94)
903 5971 962 6029 ιιι
994 5971 1122 6029 cod.
1151 5970 1286 6042 Reg.
1316 5969 1416 6042 οβ’.
