4102 6374
327 432 462 499 1613

1491 416 2036 493 EPISTOLARUM
2075 430 2223 493 LIB.
2291 429 2371 490 II.

3425 416 3560 491 16M

313 549 478 617 ἡμεῖς
500 544 563 599 ab
584 543 929 616 ὀφειλόμενον
955 543 1113 615 χρέος
1140 543 1396 613 τίσωμενο
1429 540 1527 596 καὶ
1563 536 1725 601 αὐτὸς
1745 540 1886 593 ίστοο

2003 556 2085 596 ms
2121 554 2321 595 munus
2350 535 2593 594 debitum
2626 531 2927 596 solvamus.
2957 541 3014 590 et
3050 539 3109 589 tu
3152 546 3242 589 res
3269 530 3392 602 ejus
3439 548 3561 588 eer-

328 640 622 709 ρικώτερον
665 637 921 705 ἐπιγνοὺς
959 636 1028 690 τὰ
1076 634 1198 690 κατ’
1225 634 1405 699 αὑτὸν,
1446 631 1728 706 ῥᾳστώνην
1765 632 1888 686 τινὰ

314 725 499 789 λάϐοις
526 728 589 779 ὲκ
617 726 716 795 τῆς
746 725 1053 797 ὲξηγορίας.
1088 726 1173 789 '0,
1204 724 1281 779 ὢί
1314 724 1430 787 πῶς
1454 721 1716 794 ἀδακρυτὶ
1738 722 1889 793 ἐνέγ-

318 837 505 891 κοιμεν
558 819 619 872 τὸ
666 818 947 890 όδυρτικδν
1008 818 1341 889 ἀπάγγελμα
1380 835 1396 883 ;
1436 818 1694 886 ὑγιαίνων
1741 811 1810 888 ἦν
1860 818 1890 872 6

316 912 525 982 Πατὴρ,
557 912 627 965 τά
663 911 866 982 συνήθη
897 909 1134 979 ἐνεργῶν
1176 913 1273 979 τῆς
1320 909 1686 981 ἀνυποκρίτου
1720 908 1886 963 αὐτοῦ

318 1005 561 1071 ἀγάπης,
591 1002 687 1056 καὶ
715 1002 851 1071 πρὸς
872 1003 999 1065 τοὺς
1024 1002 1285 1071 ἀδελφοὺς
1311 1001 1408 1055 καὶ
1430 1000 1677 1070 Πατέρας
1702 1000 1891 1068 δεξιώ-

319 1111 477 1157 σεως.
515 1094 611 1157 Τίς
652 1094 759 1164 γὰρ
789 1095 817 1146 6
854 1093 1014 1146 πλέον
1050 1093 1259 1146 ἐκείνου
1295 1091 1599 1162 φιλοξενίαν
1647 1091 1892 1155 ἀσπαζό-

321 1202 501 1254 μενος,
528 1185 620 1237 καὶ
639 1182 955 1254 θεραπεύων
983 1184 1337 1255 φιλουμένους
1361 1200 1377 1248 ;
1413 1184 1474 1236 ὃν
1505 1183 1627 1253 οὐχὶ
1654 1184 1687 1253 ἡ
1719 1183 1888 1236 ἐπάλ-

318 1276 477 1344 ληλος
512 1275 619 1330 τῶν
650 1275 1046 1344 ἐπιφοιτώντων
1071 1277 1347 1346 παρουσία
1374 1275 1469 1329 καὶ
1497 1273 1731 1344 ἐπιμονὴ
1764 1272 1891 1328 ἐδά-

322 1366 513 1437 μαζενο
561 1366 685 1418 ὅσον
719 1365 847 1433 ἡνία
879 1364 1080 1434 μᾶλλον
1114 1368 1148 1435 ὴ
1178 1365 1372 1425 σπάνις
1412 1363 1645 1426 τούτων,
1669 1362 1765 1417 καὶ⁵
1790 1380 1889 1417 τα-

321 1459 444 1527 χεῖα
495 1455 796 1509 παλινοδία.
828 1456 940 1510 Καὶ
967 1456 1021 1509 τί
1049 1456 1130 1509 δεῖ
1174 1456 1311 1527 πρὸς
1358 1454 1418 1508 σε
1474 1454 1565 1508 τὸν
1602 1451 1684 1516 εὖΙ
1713 1454 1893 1508 εἰδότα

320 1546 794 1616 ὑποδειγματίζειν
830 1548 891 1599 τὸ
917 1546 1244 1617 λεγόμενον;
1270 1542 1378 1601 Ἦν
1410 1540 1522 1611 οὖν,
1548 1544 1625 1609 ὡς
1654 1545 1889 1615 είρηται,

323 1641 381 1693 ἐν
410 1639 639 1703 τούτοις.
684 1637 837 1691 Ἐπεὶ
886 1639 943 1691 δὲ
994 1638 1177 1709 παρῆν
1214 1640 1247 1708 ἡ
1279 1638 1464 1708 ἡμέρα
1500 1640 1599 1708 τῆς
1631 1637 1770 1707 μετά
1793 1636 1893 1707 τὴν

323 1728 698 1801 Πεντηκοστὴν
749 1728 1005 1800 δευτέρας
1030 1728 1374 1801 ἑορτάσιμος,
1398 1728 1634 1792 ἀναστὰς
1663 1729 1772 1784 ἀπὸ
1792 1730 1895 1800 τῆς

323 1820 641 1884 ἑστιάσεως,
673 1820 883 1890 ἐλήφθη
932 1820 1115 1883 πόνοις
1146 1820 1481 1892 καωρῤοίας
1522 1819 1630 1874 ἀπὸ
1660 1820 1761 1890 τῆς
1797 1838 1893 1875 κε-

325 1914 501 1984 φαλῆς
525 1877 826 1982 γενομένης
850 1877 945 1968 ἐπὶ
969 1913 1060 1967 τὸν
1094 1877 1387 1967 σπόνδυλον
1417 1877 1510 1967 καὶ
1540 1914 1666 1978 τοὺς
1692 1877 1892 1977 τόπους
1924 1877 1963 1931 Β

323 2005 433 2059 τῶν
458 2006 837 2076 μεταφρένων.
877 2004 990 2073 Ἐφ’
1016 1997 1060 2074 ᾧ
1091 2004 1403 2075 κινηθέντες
1427 2004 1479 2058 οἱ
1506 2005 1773 2071 ταπεινοὶ,
1800 2004 1894 2060 εὖ·

329 2114 495 2169 ρομεν
528 2096 689 2150 αὑτὸν
720 2097 995 2167 κάμνοντα
1020 2094 1097 2166 τῷ
1124 2096 1259 2162 δντι,
1285 2096 1381 2149 καὶ
1408 2096 1771 2165 διασαφοῦντα
1794 2097 1894 2161 τὰς

326 2188 503 2251 αἰτίας
531 2187 631 2256 τῆς
658 2184 1051 2257 συμπτώσεως.
1095 2179 1228 2239 Εἶτα
1255 2185 1441 2256 ἐπειδὴ
1471 2186 1896 2257 ὐπεστρέψαμεν

325 2282 483 2335 οἴκοιο
524 2276 677 2344 αὖθις
705 2282 769 2352 τῇ
805 2280 930 2350 ἑξῆς
982 2280 1439 2351 παραγενόμενοι,
1473 2278 1708 2353 εὕρομεν
1732 2282 1895 2340 αὑτὸν

328 2370 410 2424 ἔτι
439 2370 760 2440 βαλλόμενον
795 2370 1180 2440 σφοδροτέραις
1211 2370 1491 2439 ἀλγηδόσι,
1524 2370 1620 2424 καὶ
1681 2370 1898 2425 διακαεϊ

328 2461 567 2534 πυρετῷ·
601 2461 752 2533 μόλις
793 2461 1083 2531 δυνηθέντα
1121 2465 1256 2533 ἡμῖν
1299 2462 1479 2534 ἠρέμα
1518 2463 1897 2532 προσφθέγξα-

333 2554 476 2607 σθαι·
511 2554 608 2607 καλ⁸
634 2553 731 2621 τὴν
760 2553 1069 2620 ἀπόγνωσιν
1111 2553 1208 2607 τοῦ
1242 2554 1340 2624 ζῇν
1379 2554 1436 2607 ὲν
1468 2554 1632 2625 σαρκὶ
1663 2554 1897 2608 αίνιττό-

331 2663 516 2717 μενον.
546 2645 613 2699 Τί
654 2644 715 2698 τὸ
737 2645 899 2716 ὲξῆς;
942 2648 1009 2716 τῇ
1052 2645 1209 2717 τρίτῃ
1237 2645 1418 2718 ἡμέρᾳ
1451 2647 1545 2701 καὶ
1572 2646 1769 2718 δεσμὸς
1800 2647 1898 2717 τῆς

331 2737 578 2808 γλώττης
620 2736 873 2806 πάμπαν,
910 2739 1006 2790 καὶ
1037 2739 1097 2791 ού
1134 2740 1251 2808 μετ’
1270 2738 1331 2790 οὐ
1358 2738 1493 2793 πολὺ
1525 2740 1554 2792 6
1575 2738 1770 2810 πικρὸς
1801 2739 1900 2794 θά-

330 2845 509 2893 νατος.
553 2828 690 2883 Ἀλλ’
727 2829 859 2899 ἡμῖν
892 2828 1011 2899 μὲν,
1046 2828 1133 2882 διὰ
1172 2832 1271 2900 τὴν
1305 2830 1559 2900 στέρησιν
1599 2830 1695 2885 τοῦ
1743 2832 1899 2900 ἁγίου

333 2917 562 2989 ἀνδρὸς,
598 2916 658 2971 τὸ
694 2916 887 2986 πικρὸν
926 2917 1167 2987 είρήσθω
1195 2934 1209 2949 ·
1262 2920 1455 2986 ἐκείνῳ
1508 2918 1566 2972 δὲ
1610 2920 1706 2973 καὶ
1758 2921 1899 2975 πάνυ

328 3005 529 3075 γλυκὺ,
567 3005 657 3060 διὰ
688 3004 750 3059 τὸ
774 3005 1039 3059 ἀναλῦσαι
1066 3008 1160 3060 καὶ
1192 3008 1287 3062 σὺν
1310 3009 1531 3080 Χριστῷ
1558 3007 1719 3064 εἶναι’
1744 3006 1804 3067 οὗ
1846 3013 1901 3066 τί

334 3093 401 3149 ἂν
429 3094 512 3165 εῐη
556 3097 969 3167 μακαριώτερον
992 3113 1006 3161 ;
1042 3097 1257 3151 Ἔκειτο
1278 3093 1370 3153 οὖν
1389 3102 1416 3152 6
1446 3102 1754 3171 μακαρίτης
1782 3102 1904 3173 (κα-

1987 634 2151 690 ῑίοτθς
2182 630 2406 688 historia
2464 643 2821 700 cognoscens,
2887 627 3125 697 quietem
3196 627 3439 696 aliquam
3493 642 3561 681 ex

1987 725 2302 781 narratione
2352 722 2607 791 accipias.
2658 718 2726 785 0,
2775 735 2831 783 ο,
2881 734 2991 789 quo
3042 729 3200 788 pacto
3255 719 3562 773 luctuosam

1988 815 2571 873 commemorationem
2612 811 2735 868 sine
2785 811 3043 881 lacrymis
3090 810 3310 864 feram?
3351 811 3567 864 incolu-

1989 909 2096 964 mis
2144 916 2260 964 erat
2311 906 2489 967 Pater,
2537 905 2712 960 solitis
2764 903 2989 958 minime
3037 901 3233 956 fucatae
3279 901 3568 955 charitatis

1989 1013 2104 1055 sum
2157 996 2412 1068 operibus
2463 997 2729 1056 intentus.
2784 993 3152 1059 fratribusque
3203 1007 3268 1047 ac
3316 990 3569 1047 Patribns

1989 1088 2229 1158 hospitio
2264 1087 2608 1157 recipiendis.
2638 1084 2776 1151 Quis
2802 1084 2947 1139 enim
2967 1082 3415 1153 'hospitalitatem
3446 1082 3569 1151 plus

1990 1181 2084 1236 illo
2114 1180 2410 1244 adamavit,
2446 1186 2542 1233 aut
2577 1178 2754 1232 amice
2803 1176 3045 1246 exceptis
3086 1176 3417 1230 ministravit
3459 1176 3568 1228 im-

1989 1271 2263 1343 pensius?
2294 1284 2456 1341 quem
2488 1283 2589 1324 nec
2618 1268 2877 1323 continua
2908 1268 3142 1321 aliorum
3181 1281 3250 1321 ex
3294 1265 3418 1321 aliis
3468 1264 3570 1319 ad-

1990 1362 2325 1417 ventantium
2356 1359 2685 1430 frequentia,
2742 1373 2844 1414 nec
2871 1357 3182 1413 diuturnior
3227 1371 3381 1411 mora
3414 1355 3569 1410 fran-

1990 1452 2151 1523 gebat
2184 1469 2200 1507 :
2243 1460 2508 1521 quantum
2548 1451 2779 1520 angebat
2816 1450 3000 1520 potius
3031 1449 3226 1504 horum
3256 1447 3479 1513 raritas,
3513 1455 3570 1502 et

1992 1546 2099 1599 cita
2128 1542 2410 1611 profectio.
2442 1541 2510 1597 Et
2536 1543 2668 1612 quid
2697 1557 2835 1611 opus
2858 1551 2944 1597 est
2997 1541 3113 1596 haec
3141 1541 3260 1606 tibi,
3288 1539 3377 1596 cui
3403 1539 3571 1609 probe

1992 1645 2120 1689 nota
2142 1642 2291 1696 sunt,
2316 1633 2582 1704 exemplis
2614 1633 2938 1689 confirmare
2967 1634 2992 1686 Υ
3032 1632 3090 1686 1η
3123 1632 3209 1687 his
3243 1632 3407 1701 igitur
3428 1639 3569 1695 erat,

1991 1733 2054 1779 ut
2082 1724 2287 1780 dictum
2317 1732 2421 1779 est.
2454 1722 2591 1780 Cum
2634 1732 2814 1779 autem
2845 1722 2985 1779 festa
3022 1723 3140 1779 dies
3184 1732 3437 1792 ageretur
3478 1736 3571 1777 se-

1994 1817 2172 1874 cunda
2202 1815 2572 1878 Pentecostes.
2619 1817 3053 1886 surrexissetque
3081 1832 3112 1870 a
3151 1814 3418 1875 convivio.
3451 1829 3574 1869 cor-

1993 1915 2181 1976 reptus
2197 1915 2281 1961 est
2298 1906 2572 1970 catarrho,
2596 1920 2624 1958 a
2638 1906 2814 1976 capite
2830 1907 2885 1960 in
2910 1906 3188 1960 vertebras
3205 1912 3260 1959 et
3279 1905 3385 1959 alia
3405 1905 3573 1959 dorso

1994 1996 2172 2050 vicina
2193 1993 2487 2051 defluente.
2520 1993 2639 2062 Quo
2663 1981 2798 2050 casu
2839 1995 3001 2050 exciti
3044 2009 3147 2049 nos
3190 1994 3447 2059 humiles,
3483 1993 3572 2048 of-

1994 2090 2266 2146 fendimus
2289 2090 2468 2159 ipsum
2512 2104 2703 2145 revera
2753 2089 3125 2158 languentem,
3168 2097 3224 2143 et
3258 2088 3380 2157 ejus
3426 2086 3574 2156 quod

1995 2181 2288 2245 acciderat,
2318 2196 2513 2237 causas
2536 2181 2917 2250 explicantem.
2945 2180 3147 2236 Deinde
3178 2196 3303 2236 cum
3338 2178 3575 2249 regressi

1994 2274 2216 2328 domum
2273 2288 2542 2340 essemus,
2592 2273 2786 2328 iterum
2819 2272 2907 2329 die
2938 2273 3186 2341 sequenti
3230 2273 3575 2339 accedentes,

1996 2366 2303 2420 invenimus
2335 2365 2486 2419 illum
2517 2365 2820 2420 acrioribus
2843 2364 3020 2420 adhuc
3049 2365 3334 2419 doloribus
3376 2363 3578 2417 arden-

1998 2458 2144 2527 tique
2200 2457 2336 2514 febri
2370 2458 2748 2513 laburantem:
2790 2458 2865 2512 ita
2911 2466 2970 2510 ut
2990 2472 3132 2528 aegre
3155 2472 3255 2513 nos
3295 2457 3400 2511 leni
3442 2470 3575 2511 voce

1996 2548 2199 2616 alloqui
2242 2560 2443 2616 posset,
2476 2562 2546 2602 ac
2590 2547 2660 2602 de
2690 2547 2800 2601 vita
2823 2548 2878 2600 in
2903 2563 3065 2602 carne
3089 2548 3379 2617 desperare
3401 2561 3462 2602 se
3489 2547 3577 2600 in-
3621 2570 3684 2635 κ

2000 2646 2210 2692 nueret.
2246 2636 2385 2704 Quid
2416 2646 2602 2711 postea
2634 2638 2657 2692 ?
2687 2638 2777 2693 die
2815 2640 2975 2694 tertio
3000 2649 3055 2694 et
3087 2640 3271 2709 lingua
3316 2640 3575 2709 impedita

2000 2746 2247 2801 prorsus,
2279 2746 2379 2786 nec
2411 2731 2581 2786 multo
2603 2740 2726 2801 post
2755 2732 2952 2788 acerba
2977 2748 3149 2788 mors.
3179 2733 3283 2789 Sed
3305 2734 3397 2788 illa
3418 2734 3576 2789 nobis

2001 2820 2244 2888 quidem,
2290 2821 2385 2891 qui
2433 2831 2628 2877 sancto
2676 2823 2794 2877 viro
2851 2823 3049 2893 privati
3106 2840 3319 2890 sumus,
3378 2825 3576 2881 acerba

2000 2910 2213 2966 dicatur
2242 2929 2258 2978 ;
2317 2912 2389 2966 illi
2441 2928 2571 2967 vero
2600 2921 2654 2967 et
2683 2914 2838 2969 valde
2858 2915 3054 2979 dulcis,
3080 2925 3139 2970 ut
3164 2916 3575 2983 dissolveretur,

2000 3010 2055 3055 et
2086 3011 2231 3057 esset
2251 3018 2372 3058 cum
2404 3003 2624 3061 Christo
2651 3020 2802 3073 ,‘quo
2827 3008 2958 3077 quid
2991 3022 3112 3063 esse
3135 3019 3301 3078 queat
3322 3008 3580 3065 beatius?

2001 3091 2369 3166 Jacebatergo
2396 3097 2477 3152 vir
2505 3099 2698 3155 beatus
2721 3102 2739 3170 (
2769 3100 2969 3155 bonum
2993 3100 3139 3156 enim
3165 3102 3377 3158 esthoc
3409 3103 3579 3159 etiam
3604 3162 3607 3163 ν

329 3186 425 3241 λὸν
451 3187 559 3258 γὰρ
606 3190 700 3241 καὶ
732 3187 885 3242 τοῦτο
914 3188 1248 3260 ὑπογράψαι,
1274 3189 1460 3263 ὥσπερ
1503 3209 1555 3245 τι
1585 3193 1736 3257 ξένον
1770 3195 1897 3249 θέα-

2003 3187 2307 3257 designare,
2340 3197 2597 3260 tanquam
2644 3193 2962 3248 inusitatum
2993 3195 3262 3264 quoddam
3291 3205 3580 3265 spectacu-

339 3280 461 3349 μα),
486 3280 757 3349 αἰδέσιμος
784 3283 851 3351 τῇ
874 3279 1017 3351 ὄψει,
1036 3281 1381 3353 ἀγγελοειδὴς
1410 3282 1488 3354 τῷ
1518 3285 1778 3355 σχήματιο
1801 3288 1903 3356 τῆς

2008 3280 2171 3351 lum),
2192 3284 2537 3338 venerandus
2561 3296 2807 3354 aspectu,
2837 3287 3012 3355 angeli
3038 3286 3279 3342 referens
3303 3288 3537 3357 speciem
3558 3329 3576 3354 ,

336 3370 717 3440 ὲνδημησάσης
793 3371 929 3439 πρὸς
982 3372 1183 3443 Κύριον
1249 3373 1429 3444 ψυχῆς
1491 3373 1678 3446 ὥσπερ
1748 3375 1901 3441 τινὰς

338 3460 612 3529 ὴλιοειδεῖς
640 3462 989 3531 χαρακτῆρας
1010 3462 1317 3532 ὲναπομαξα
1326 3466 1494 3535 μένης
1520 3465 1596 3535 τῷ
1629 3466 1760 3537 ἱερῷ
1797 3465 1902 3521 σώ-

344 3570 495 3623 ματι,
533 3552 649 3622 μεθ’
683 3548 742 3606 οὗ
769 3553 863 3606 καὶ
892 3555 976 3622 ἐφ’
998 3547 1042 3621 ᾧ
1073 3554 1394 3625 λελάτρευκε
1418 3559 1486 3628 τῇ
1520 3558 1651 3629 ἁγίᾳ
1692 3560 1899 3629 Τριάδι.

353 3644 643 3715 Ἦθροίσθη
670 3644 927 3715 ἐξαπίνης
943 3646 1301 3715 ὃμιλος,-όμοῦ
1329 3649 1426 3716 μὲν
1457 3649 1904 3720 μοναστῶν,ὁμοῦ

339 3736 399 3790 δὲ
427 3736 521 3789 καὶ⁵
548 3735 809 3805 μιγάδων,
844 3735 1012 3797 πολὺς
1044 3736 1125 3789 ὅτι
1158 3736 1414 3813 μάλιστα·
1444 3739 1794 3810 περιεκέχυτο
1826 3742 1907 3805 είς

337 3827 476 3880 αὐτὸ
508 3826 581 3890 ὡς
633 3826 777 3896 ἱερὸν
830 3827 1111 3898 κειμήλιον
1142 3828 1485 3893 ἀποϐλέπων,
1526 3829 1557 3900 ἢ
1593 3831 1793 3902 μᾶλλον
1824 3835 1906 3887 οξ-

341 3920 617 3989 κειότερον
654 3921 859 3983 εἰπεῖν,
908 3920 983 3984 ώς
1030 3919 1271 3990 ἔμπνουν
1324 3924 1418 3975 καὶ⁵
1452 3926 1647 3991 φωνεῖν
1674 3925 1908 3995 δυνάμε-

342 4028 453 4067 νον.
494 4011 700 4081 Ἑχεϊτο
744 4010 953 4083 δάκρυα
996 4013 1104 4066 τῶν
1161 4012 1260 4081 μὲν
1298 4014 1604 4087 αἰδημόνων
1649 4016 1905 4089 ἀψοφητὶ,

342 4103 452 4158 τῶν
500 4104 557 4157 δὲ
605 4103 954 4174 θεραπευτῶν
999 4104 1421 4178 ἐκραγέστερον.
1480 4107 1664 4174 Οὕτως
1691 4104 1784 4163 οὖν
1813 4111 1910 4166 σὺν

342 4195 683 4267 ψαλμῳδίαις
706 4199 823 4260 ταῖς
845 4196 1216 4268 καθηκούσαις
1242 4198 1334 4251 καὶ⁵
1356 4198 1703 4270 ὲπικλήσεσιν
1726 4204 1912 4274 ίεραρ-

344 4289 530 4359 χικαίς
566 4286 835 4357 παρεδόθη
872 4286 949 4356 τῷ
992 4286 1169 4357 τάφῳ.
1193 4284 1333 4365 ’καθ’
1367 4286 1426 4340 δν
1469 4289 1633 4342 τόπον
1669 4287 1851 4343 είώθει
1882 4292 1911 4343 6

351 4378 617 4449 μακάριος
663 4377 996 4450 λειτουργεῖν
1056 4378 1267 4449 Κυρίῳ·
1329 4379 1489 4448 καίγε
1545 4380 1847 4452 προσετέθη
1883 4384 1912 4436 6

349 4470 539 4540 Πατὴρ
555 4472 666 4533 τοῖς
686 4470 983 4541 Πατράσιν,
1002 4470 1033 4523 6
1048 4470 1385 4541 όμολογητὴς
1400 4474 1511 4535 τοῖς
1532 4472 1909 4543 όμολογηταῖς,

2009 3386 2133 3425 cum
2160 3370 2226 3425 ad
2263 3371 2550 3429 Dominum
2592 3374 2943 3443 proficiscens
2972 3375 3177 3440 anima,
3225 3377 3357 3434 solis
3381 3378 3579 3443 instar,

2011 3463 2285 3518 radiantes
2347 3473 2505 3520 notas
2564 3467 2828 3535 quasdam
2890 3467 3267 3537 impressisset
3313 3469 3366 3523 in
3422 3483 3583 3524 sacro

2011 3571 2258 3626 corpore,
2291 3572 2414 3611 cum
2442 3573 2551 3627 quo
2576 3567 2629 3614 et
2660 3560 2714 3615 in
2750 3574 2862 3628 quo
2895 3572 3140 3614 sanctam
3178 3561 3426 3616 coluerat
3458 3561 3581 3617 Tri-

2013 3646 2258 3702 nitatem.
2322 3646 2557 3703 Coactus
2608 3660 2694 3704 est
2750 3652 2897 3705 illico
2943 3661 3121 3706 castus
3184 3654 3581 3708 monachorum

2014 3737 2465 3808 saeculariumque
2496 3755 2659 3809 quam
2684 3743 2955 3796 maximus
2988 3760 3005 3809 ;
3039 3743 3406 3800 circumfusus
3431 3745 3583 3799 illum

2018 3835 2272 3894 tauquam
2305 3840 2522 3880 sacrum
2561 3828 2757 3897 pignus
2786 3830 3099 3885 intuebatur
3131 3849 3146 3897 ;
3186 3833 3292 3896 vel,
3325 3844 3384 3887 ut
3410 3835 3586 3905 magis

2013 3916 2232 3985 proprie
2283 3916 2483 3983 dicam,
2528 3927 2787 3989 tanquam
2831 3922 3149 3990 spirantem,
3201 3934 3256 3977 et
3304 3926 3397 3994 qui
3435 3926 3587 3995 loqui

2014 4017 2218 4079 posset.
2254 4008 2645 4071 Fundebantur
2666 4011 2917 4083 lacrymze
2948 4016 3018 4068 ab
3050 4015 3330 4073 honoratis
3363 4020 3587 4089 quidem

2014 4099 2146 4154 viris
2171 4100 2288 4155 sine
2317 4102 2545 4171 strepitu
2570 4141 2586 4168 ,
2630 4117 2660 4156 a
2705 4103 2878 4157 servis
2911 4115 3088 4159 autem
3129 4108 3312 4162 sonitu
3358 4109 3586 4177 majore.

2019 4190 2110 4247 Sic
2145 4208 2275 4263 ergo
2322 4207 2447 4247 cum
2494 4194 2813 4262 psalmodiis
2845 4197 3274 4265 congruentibus
3300 4206 3356 4253 et
3394 4199 3589 4255 faustis

2016 4287 2394 4356 episcoporum
2441 4287 2916 4356 apprecationibus
2960 4290 3253 4358 sepultura:
3299 4294 3591 4349 mandatus

2015 4388 2191 4435 esteo
2225 4380 2278 4433 in
2311 4378 2454 4443 loco,
2484 4378 2576 4434 ubi
2605 4379 2685 4434 vir
2714 4379 2906 4435 beatus
2949 4397 3105 4437 saera
3139 4383 3368 4440 Domino
3409 4384 3591 4441 facere

2017 4481 2415 4527 consueverat:
2446 4472 2835 4543 appositusque
2860 4483 2947 4529 est
2964 4475 3125 4530 Pater
3156 4474 3429 4543 Patribus,
3455 4493 3589 4531 cou-

347 4563 377 4613 6
404 4560 719 4624 διδάσκαλος
752 4563 861 4624 τοῖς
893 4562 1250 4627 διδασκάλοις,
1278 4566 1306 4617 6
1332 4564 1619 4635 ὑποφήτης
1645 4565 1758 4628 τοῖς
1785 4565 1903 4618 ὐπο‹

2019 4566 2191 4618 fessor
2222 4563 2652 4629 confessoribus,
2696 4565 2956 4637 magister
2983 4566 3282 4637 magistris,
3323 4568 3590 4637 interpres

351 4655 570 4722 φήταις·
623 4652 993 4724 προσθείημεν
1025 4653 1072 4707 δ’
1104 4653 1171 4709 ἂν
1208 4654 1302 4708 καὶ
1332 4654 1526 4708 ταῦτα’
1566 4657 1596 4709 6
1644 4654 1917 4728 ἐγκρατὴς

348 4748 465 4808 τοῖς
500 4746 847 4815 ὲγκρατέσιν,
882 4748 909 4799 ό
932 4746 1090 4815 ἁγνὸς
1111 4748 1224 4811 τοῖς
1251 4747 1551 4817 φιλάγνοις,
1582 4748 1613 4800 6
1644 4748 1921 4819 φιλόξενος

350 4839 464 4899 τοῖς
510 4835 842 4905 φιλοξένοις,
893 4838 923 4890 6
976 4837 1196 4908 μέτριος
1250 4841 1362 4898 τοῖς
1414 4840 1830 4913 μετριόφροσιψ
1889 4843 1920 4895 6

351 4929 530 4982 πάντα
565 4931 677 4992 τοῖς
715 4930 880 4984 πᾶσιν
912 4924 971 4983 εὖ
1001 4928 1261 4999 γεγονὼς,
1285 4930 1408 4985 καθ’
1428 4933 1551 4986 ὅσον
1578 4927 1689 4987 οἶόν
1718 4950 1797 4996 τε,
1832 4934 1917 4988 ἵνα

349 5021 477 5085 τοὺς
506 5021 743 5086 πάντας,
774 5022 809 5092 ἢ
857 5022 982 5086 τοὺς
1031 5022 1283 5086 πλείονας
1333 5025 1591 5096 κερδήσῃ·
1628 5025 1918 5080 ἀποστολι-

352 5112 469 5173 uol;
508 5109 930 5181 κατορθώμασιν
960 5111 1386 5183 ἐπερειδόμενος.
1439 5114 1549 5167 Καὶ
1604 5113 1699 5169 νῦν
1753 5116 1918 5187 ἡμεῖς

358 5203 457 5271 μὲν
488 5203 539 5254 οἱ
600 5203 847 5258 ταπεινοὶ
896 5205 1206 5276 ὀρφανικῶς
1244 5205 1637 5278 ἀποδυρόμενοι
1702 5207 1794 5262 τὸν
1840 5208 1916 5274 ὡς

355 5293 572 5359 ἀληθῶς
606 5295 701 5348 καὶ
729 5296 1064 5368 φιλοπάτορα
1095 5298 1187 5351 καὶ
1218 5299 1537 5369 φιλάδελφον
1561 5318 1574 5330 ι
1626 5302 1661 5371 ὴ
1705 5299 1760 5354 δὲ
1795 5302 1916 5355 κατ’

354 5384 519 5439 αὐτὸν
569 5386 885 5459 Ἐκκλησία,
916 5383 1015 5441 εἶτ’
1048 5384 1140 5443 οὖν
1165 5391 1226 5442 τὺ
1255 5392 1450 5462 μικρὸν
1483 5391 1749 5463 ποίμνιον,
1780 5393 1920 5462 ἠπο-

357 5477 593 5547 ρημένον
651 5464 793 5543 λίαν,
828 5478 921 5531 καὶ
950 5478 1392 5550 ἀνακαλούμενον
1429 5481 1522 5536 τὸν
1559 5484 1794 5555 ποιμένα
1824 5483 1919 5540 καὶ

355 5565 596 5638 Πατέρα,
630 5563 718 5622 οἷα
743 5570 891 5634 είκδις
921 5572 1260 5635 νεοττοὺς-η..

425 5743 523 5799 "l
566 5744 693 5805 Cor.
726 5762 799 5814 ut,
825 5745 889 5802 19
917 5760 969 5804 et
987 5746 1077 5804 22.

2015 4655 2451 4725 interpretibus:
2495 4655 2794 4711 addiderim
2835 4672 2965 4712 vero
3006 4669 3061 4713 et
3105 4660 3207 4713 ista
3240 4676 3256 4713 :
3300 4661 3590 4715 continens

2014 4746 2442 4810 continentibus,
2496 4756 2681 4802 castus
2733 4736 3072 4804 castimOnia:
3114 4750 3448 4818 amantibus,
3491 4751 3590 4806 bo-

2013 4837 2223 4907 spitalis
2252 4838 2676 4909 hospitalitatem
2707 4840 3033 4907 colentibus,
3062 4841 3342 4899 modestus
3379 4844 3591 4899 modice

2018 4927 2159 4983 dese
2178 4929 2569 4986 sentientibus:
2588 4929 2679 5000 qui
2702 4931 2886 4985 omnia
2913 4930 3171 4987 omnibus
3188 4932 3234 4966 "
3257 4932 3358 4987 rite
3388 4932 3588 4999 fuerat,

2019 5021 2197 5091 quoad
2227 5020 2309 5077 fas
2342 5021 2460 5088 fuit,
2481 5030 2539 5077 ut
2559 5037 2751 5079 omnes
2777 5033 2873 5078 aut
2892 5023 3203 5094 complures
3221 5024 3587 5090 lucrifaceret,

2019 5110 2331 5181 apostolicis
2372 5120 2519 5168 recte
2572 5112 2731 5168 factis
2789 5113 3079 5169 subnixus.
3133 5115 3200 5170 Et
3232 5130 3331 5170 nos
3370 5115 3589 5187 quidem

2021 5204 2252 5259 humiles
2306 5218 2450 5259 nunc
2498 5204 2870 5273 orphanorum
2923 5221 3074 5263 more
3128 5206 3374 5278 lugemus
3439 5207 3589 5262 illum

2020 5311 2145 5351 vere
2178 5295 2398 5351 Patrum
2439 5296 2780 5369 fratrumque
2800 5308 3099 5354 amatorem
3140 5318 3153 5355 :
3187 5300 3309 5369 ejus
3338 5315 3464 5355 vero
3494 5298 3594 5355 Ec-

2017 5388 2205 5453 clesia,
2255 5403 2351 5444 seu
2399 5390 2632 5459 pusillus
2664 5407 2819 5462 gres,
2847 5406 2961 5463 quo
2992 5406 3053 5448 se
3099 5402 3274 5448 vertat
3319 5392 3592 5456 nesciens.
3660 5442 3665 5447 .

2021 5491 2406 5551 pastoremque
2430 5491 2486 5538 et
2521 5491 2729 5554 patrem
2782 5499 3098 5556 reposcens,
3131 5484 3590 5557 quemadmodum

2022 5572 2198 5642 pullos
2225 5573 2521 5631 verisimile
2547 5586 2651 5631 est.
2686 5616 2699 5629 .
2734 5614 2750 5630 .
2785 5611 2801 5630 .
2837 5616 2850 5630 .
2885 5613 2903 5631 .
