4102 6374
632 403 788 469 1015

989 517 1123 574 CCI.
1149 548 1218 560 -—-
1247 516 1523 573 Philotimo
1561 514 1871 584 posuuori.

1852 400 1913 463 S.
1953 395 2349 461 THIODOBI
2377 398 2727 461 STUDITB
3715 410 3814 472 2616

2682 514 2784 567 ΣΔ¹
2797 512 3006 585 (95).-——
3020 511 3279 578 Φιλοθέφ
3295 514 3535 584 territam.

597 701 600 703 Α
642 632 1014 695 Presbyterum,
1048 633 1137 695 qut
1174 632 1397 695 digamos
1436 631 1782 689 cumulaverat,
1816 623 2217 741 altigsmgsle-rgi]

2197 623 2354 694 {non
2395 622 2587 673 debere
2615 638 2627 673 :
2655 622 2786 675 sicut
2815 626 2915 688 jam
2946 626 3009 675 de
3047 626 3222 676 eodem
3251 627 3530 689 presbvtero
3557 631 3609 679 ad
3636 639 3817 687 eumdem

2197 692 2429 746 :ripserat
2448 685 2659 749 epistola
2685 686 2795 738 191.

715 840 730 855 .
764 843 778 857 .
811 842 825 856 .
858 840 873 854 .
905 840 918 853 .
961 798 1121 869 cujus
1178 797 1298 851 laus
1328 805 1414 852 est
1440 810 1535 866 per
1572 804 1740 851 totam
1777 793 2174 857 Macedoniam,
2204 807 2234 846 a
2262 791 2317 852 Α

643 893 930 950 monachis
956 894 1170 963 piisque
1195 891 1373 955 laicis,
1407 890 1458 943 in
1488 904 1582 944 ore
1622 888 1951 945 habentibus
1970 889 2226 942 decorem

643 994 699 1040 et
731 986 986 1040 virtutem
1041 981 1257 1054 pietatis
1308 991 1434 1038 tuae.
1472 983 1569 1038 Det
1612 981 1715 1037 tibi
1757 981 1938 1036 adhuc
1960 979 2229 1035 Dominus

645 1079 783 1134 bene
837 1093 1016 1147 agere,
1049 1076 1105 1131 in
1156 1075 1313 1131 bonis
1366 1075 1626 1145 operibus
1661 1074 1949 1137 ditescere,
2015 1072 2230 1127 facilem

645 1187 769 1227 esse
825 1172 890 1225 ad
930 1168 1266 1238 erogandum
1315 1177 1372 1224 et
1397 1167 1961 1233 icommunicandum,
2022 1165 2119 1220 tibi
2176 1164 2230 1218 in

647 1261 894 1317 futurum
927 1260 1303 1317 thesaurizare
1350 1260 1762 1316 fundamentum
1798 1260 2024 1323 bonum,
2061 1266 2123 1312 ut
2152 1257 2233 1312 vi-

647 1370 756 1415 tam
793 1368 1051 1414 aeternam
1100 1373 1466 1427 consequare.
1497 1356 1541 1413 0
1570 1355 1855 1412 Philothee
1882 1355 2106 1425 Optime,
2140 1353 2235 1409 de-

648 1450 882 1520 positum
918 1451 1042 1505 fidei
1078 1450 1369 1522 diligenter
1401 1450 1641 1512 custodi,
1676 1448 1875 1503 divinis
1923 1445 2233 1501 actionibus

648 1556 865 1609 semper
890 1540 1190 1612 refulgens.
1220 1543 1297 1596 Ac
1329 1542 1397 1595 de
1427 1541 1513 1596 his
1532 1540 1751 1610 quidem
1775 1538 1933 1594 satis.
1959 1535 2232 1603 Quoniam

654 1644 837 1689 autem
891 1634 959 1689 de
989 1635 1310 1705 presbytero
1345 1636 1542 1689 iterum
1574 1647 1755 1689 sermo
1781 1640 1884 1697 est,
1924 1630 2237 1701 postulante

651 1726 1066 1783 honoriﬁcentia
1097 1736 1215 1790 tua,
1240 1737 1301 1782 ut
1332 1727 1563 1782 liberum
1596 1726 1645 1780 ei
1670 1726 1742 1781 sit
1765 1725 1940 1780 sacris
1971 1722 2184 1794 operari
2217 1738 2232 1776 ι

651 1828 800 1874 recte
820 1818 874 1873 id
899 1818 1143 1888 quidem,
1172 1818 1218 1873 si
1249 1818 1548 1874 humanum
1582 1828 1726 1873 esset
1757 1818 1904 1887 quod
1933 1816 2231 1887 quaeritur:

626 1922 891 1981 ‘namque
924 1910 989 1963 ad
1028 1910 1439 1980 obsequendum
1471 1910 1565 1965 tibi
1602 1910 1656 1964 in
1706 1909 1961 1964 omnibus
2006 1906 2235 1963 festina-

653 2016 863 2065 remus,
891 2001 1162 2055 inservire
1192 2001 1476 2070 cupientes
1534 2000 1655 2066 tibi,
1688 2000 1780 2071 qui
1807 1999 2028 2054 assidue
2076 1997 2234 2053 nobis

652 2092 1018 2147 obsecundas.
1050 2090 1154 2146 Sed
1192 2093 1321 2162 quia
1350 2092 1418 2147 de
1442 2091 1554 2146 Deo
1597 2092 1797 2162 agitur,
1826 2093 2000 2161 deque
2027 2090 2234 2145 divino-

656 2199 778 2238 rum
846 2199 1118 2238 canonum
1189 2184 1390 2239 decreti
1437 2185 1885 2253 praevaricatione
1917 2220 1934 2247 ,
1992 2183 2235 2252 ignosce,

656 2276 827 2332 frater
866 2277 1213 2343 cbarissime,
1262 2291 1369 2331 non
1419 2291 1720 2346 possumus
1766 2286 1956 2330 contra
1989 2273 2159 2331 Deum
2185 2284 2241 2329 et

658 2385 850 2425 sacros
904 2384 1144 2425 canones
1191 2369 1337 2424 ferre
1388 2369 1658 2439 judicium
1694 2408 1710 2433 ,
1755 2368 2059 2439 praesertim
2112 2383 2237 2422 cum

660 2462 714 2515 in
748 2460 965 2531 negotio
983 2460 1142 2529 plane
1176 2460 1474 2527 consimili,
1502 2460 1879 2531 superioribus
1902 2458 2239 2529 temporibus

659 2562 829 2607 totam
879 2550 1047 2604 vitam
1093 2558 1340 2605 nostram
1390 2552 1740 2621 posuerimus
1785 2565 1801 2616 ;
1862 2549 1915 2603 in
1972 2548 2239 2604 adeundis

660 2640 939 2713 periculis,
995 2650 1050 2695 et
1091 2642 1322 2706 exsiliis,
1379 2650 1435 2695 et
1490 2641 1783 2702 mortibus,
1841 2641 2027 2711 potius
2072 2655 2238 2711 quam

660 2734 1098 2789 consentiremus
1154 2733 1434 2799 iniquitati
1492 2741 1548 2788 et
1606 2733 1889 2788 violationi
1960 2731 2239 2803 Evangelii

657 2829 883 2885 Christi.
921 2827 1110 2898 Neque
1138 2842 1271 2898 ergo
1299 2827 1673 2882 adulterorum
1697 2823 1981 2895 copulatur
1998 2840 2027 2879 a
2059 2825 2239 2891 nobis,

662 2937 838 2992 neque
864 2921 1148 2990 copulatur
1172 2921 1538 2993 digamorum,
1576 2917 1894 2973 facultatem
1928 2918 2121 2972 habuit
2159 2934 2245 2973 sa-

662 3013 962 3069 crillcandi.
1013 3011 1228 3067 Etenim
1267 3012 1311 3067 si
1353 3027 1460 3066 non
1505 3010 1712 3080 patitur
1758 3023 1915 3064 sacer
1946 3023 2146 3076 canon,
2184 3021 2243 3065 ut

660 3107 953 3177 presbyter
981 3104 1303 3160 convivetur
1325 3104 1382 3158 in
1412 3102 1614 3173 digami
1646 3099 1873 3171 nuptiis,
1909 3101 2082 3156 multo
2107 3117 2243 3159 sane

661 3197 839 3267 magis
866 3196 1119 3267 prohibet
1142 3212 1211 3251 ne
1242 3195 1398 3251 illum
1426 3204 1675 3250 coronet.

734 3366 894 3434 Quod
922 3366 970 3422 si
991 3366 1085 3421 alii
1114 3366 1273 3422 aliter
1312 3366 1587 3436 judicent,
1615 3366 1854 3421 viderint
1882 3367 2012 3437 quid
2057 3378 2239 3439 agant.

2488 834 2524 847 ..
2544 788 2607 849 οῦ
2630 796 2659 849 ὁ
2687 794 2909 858 ἔπαινος
2937 793 3025 848 διά
3049 794 3232 865 πάσης
3252 795 3351 866 τῆς
3369 797 3686 866 Μακεδονίας,
3705 806 3821 875 παρά

2329 903 2394 940 τε
2442 887 2786 957 μοναζόντων
2840 887 2936 941 καὶ
2972 886 3178 940 λαῖκῶν
3223 886 3474 954 εὐσεϐῶν,
3503 890 3587 943 ἐπὶ
3625 892 3821 967 γλώσσης

2331 978 2610 1050 φερόντων
2660 978 2763 1049 τὴν
2806 977 3074 1049 καλλονὴν
3117 979 3214 1032 καὶ
3250 979 3442 1051 ἀρετὴν
3470 980 3560 1052 τῆς
3602 984 3822 1053 εὐσεϐείας

2333 1087 2453 1124 σου.
2498 1069 2640 1124 Ἀλλ’
2682 1069 2763 1123 ἔτι
2806 1068 2920 1139 δῴη
2979 1085 3061 1123 σοι
3098 1069 3305 1141 Κύριος
3337 1070 3676 1141 ἀγαθοεργεῖν,
3700 1075 3823 1131 πλου-

2329 1162 2448 1214 τεῖν
2500 1160 2560 1215 εν
2598 1159 2783 1231 ἔργοις
2834 1160 3044 1226 καλοῖς,
3077 1159 3430 1229 εὐμετάδοτον
3458 1156 3605 1225 εἶναι,
3631 1179 3823 1218 atomum-

2334 1250 2452 1317 κδν,
2492 1252 3007 1323 ἀποθησαυρίζοντα
3052 1250 3232 1322 ἐαυτῷ
3256 1252 3496 1323 θεμέλιον
3538 1255 3680 1311 καλὸν
3701 1260 3823 1321 είςτδ

2336 1343 2551 1417 μέλλον*
2576 1345 2653 1410 ὡς
2672 1344 2740 1399 ἀν
2757 1345 3020 1419 ἐπιτεύξῃ
3048 1345 3153 1416 τῆς
3176 1346 3390 1401 αἰωνίου
3414 1346 3569 1417 ζωῆς.
3585 1344 3646 1403 Ὦ
3664 1352 3823 1420 φιλόθεε

2334 1436 2621 1509 κράτιστε,
2650 1437 2751 1510 τὴν
2782 1436 3259 1508 παρακαταθήκην
3282 1438 3381 1508 τῆς
3403 1438 3617 1504 πίστεως
3638 1441 3823 1513 ἀκριϐῶς

2336 1528 2484 1602 [cod.
2548 1529 2687 1601 Reg.
2740 1528 3021 1601 ἀσφαλῶς]
3076 1530 3311 1600 κάτεχε,
3344 1531 3428 1584 ἀεὶ
3453 1530 3823 1604 λαμπρυνάμενος

2333 1627 2455 1688 ταῖς
2478 1624 2760 1696 θεουργοῖς
2796 1624 3049 1695 πράξεσι.
3080 1623 3193 1679 Καὶ
3239 1625 3367 1696 περὶ
3393 1626 3585 1680 τούτων
3619 1628 3699 1697 μὲν
3720 1628 3822 1693 ἃλις.

2347 1716 2567 1788 Ἐπειδὴ
2603 1716 2662 1770 δὲ
2689 1717 2785 1770 καὶ
2810 1716 2967 1781 αὖθις
2995 1716 3127 1788 περὶ
3147 1716 3241 1769 τοῦ
3275 1717 3620 1791 πρεσϐυτέρου
3648 1721 3671 1772 ό
3693 1720 3822 1789 λόγος,

2334 1808 2655 1879 ὶξαιτούσης
2682 1808 2780 1879 τῆς
2802 1808 3120 1881 τιμιότητὰς
3171 1825 3265 1862 σου
3287 1809 3384 1879 τὴν
3403 1808 3545 1861 λύσιν
3561 1810 3642 1863 τοῦ
3669 1812 3824 1883 ἱερουρ-

2333 1903 2454 1971 γεῖν
2478 1900 2665 1955 αὐτόν’
2716 1902 2766 1955 εί
2808 1900 2906 1972 μὲν
2954 1900 3298 1973 ἀνθρώπινον
3326 1896 3396 1973 ἦν
3442 1901 3501 1954 τὸ
3543 1901 3823 1973 ζητούμενον,

2335 1991 2395 2047 εὖ
2425 1994 2492 2048 ἀν
2524 1988 2692 2065 εῖχεν*
2728 1993 3044 2065 ἐχωροῦμεν
3097 1992 3207 2066 γάρ
3256 1994 3392 2066 πρὸς
3440 1995 3606 2049 πᾶσάν
3645 2013 3719 2049 σου
3751 1998 3825 2051 ὑπ.

2338 2086 2509 2159 ακοὴν
2531 2127 2546 2152 ,
2577 2086 2860 2155 φιλοῦντες
2890 2103 2950 2139 σε
2979 2086 3307 2159 θεραπεύειν
3328 2088 3419 2141 τδν
3434 2087 3689 2143 πολλοστὸν
3706 2090 3823 2162 etpa-

2339 2181 2544 2250 πευτὴν
2573 2179 2749 2251 ήμῶν.
2793 2179 2948 2233 Ἐπεὶ
2975 2179 3034 2233 δὲ
3078 2180 3211 2253 περὶ
3242 2179 3336 2235 τοῦ
3378 2180 3508 2235 Θεοῦ
3536 2182 3592 2235 τὸ
3639 2183 3826 2255 κινούμε-

2340 2288 2452 2326 νον·
2485 2274 2578 2327 καὶ
2610 2273 2711 2345 τῆς
2756 2272 2864 2328 τῶν
2896 2272 3060 2327 θείων
3085 2273 3329 2328 κανόνων
3366 2275 3670 2346 δροθεσίαςή
3692 2276 3826 2347 παρά·

2341 2366 2522 2428 ϐασις·
2557 2363 2856 2434 σύγγνωθι,
2896 2364 3094 2435 ἀδελφὲ
3122 2365 3369 2436 φίλτατε·
3400 2366 3492 2436 οὺχ
3516 2360 3609 2421 οἷοί
3631 2368 3681 2421 τέ
3707 2370 3825 2436 ἐσμεν

2340 2455 2482 2509 κατά
2529 2472 2590 2508 τε
2633 2454 2769 2508 Θεοῦ
2827 2456 2923 2509 καὶ
2964 2456 3127 2527 ἱερῶν
3179 2457 3422 2511 κανόνων
3449 2460 3648 2511 ἀποῖσαι
3671 2458 3825 2529 κρίσιν’

2344 2546 2579 2619 μάλιστα
2602 2546 2685 2600 ὅτι
2728 2550 2787 2601 ὲν
2815 2546 2966 2619 αὐτῷ
2991 2548 3168 2617 τούτῳ
3207 2547 3287 2619 τῷ
3320 2548 3591 2621 παρομοὶῳ
3619 2548 3826 2619 κεφαλαίῳ

2340 2640 2400 2691 ὲν
2440 2641 2554 2702 τοῖς
2600 2638 2937 2709 προλαϐοῦσι
2976 2640 3191 2711 χρόνοις
3221 2642 3405 2695 πᾶσαν
3448 2640 3540 2712 τὴν
3572 2640 3693 2711 ζωὴν
3714 2639 3827 2710 ἡμῶν

2340 2728 2600 2800 ἑθέμεθω
2640 2730 2894 2802 χωρῆσαι
2922 2732 3063 2801 πρὸς
3099 2732 3381 2797 κινδύνους
3407 2735 3518 2800 ,καὶ
3547 2733 3741 2804 ὲξορίας,
3761 2732 3827 2785 καὶ

2342 2821 2630 2888 θανάτους,
2662 2823 2809 2895 ἢπερ
2842 2821 3134 2877 συνθέσθαι
3162 2826 3236 2896 τῇ
3255 2824 3474 2897 ἀνομίᾳ,
3502 2824 3593 2877 καὶ
3619 2824 3740 2877 λύσει
3763 2819 3828 2876 τοῦ

2341 2915 2682 2985 Εὐαγγελίου
2740 2915 2836 2970 τοῦ
2893 2915 3158 2988 Χριστοῦ.
3218 2915 3359 2971 Οὔτε
3396 2913 3486 2971 οὖν
3521 2915 3829 2987 μοιχοξείβης

2342 3007 2476 3078 παρ’
2497 3008 2676 3080 ἡμῶν,
2703 3006 2831 3062 οὔτε
2859 3007 3323 3080 διγαμοζεύκτης,
3340 3007 3547 3063 λέλυται
3566 3006 3653 3078 τῆς
3679 3007 3831 3077 ἱερουρ·

2341 3101 2489 3170 γίας.
2531 3099 2597 3154 El
2641 3101 2753 3173 γὰρ
2778 3102 2808 3154 ὁ
2846 3100 2991 3172 ἱερὸς
3021 3098 3206 3155 κανὼν
3235 3101 3337 3155 οὑκ
3363 3101 3600 3171 ἀνέχεται
3636 3100 3702 3162 είς
3726 3097 3831 3165 διγα·

2348 3192 2577 3257 πιοῦντος
2622 3195 2803 3265 γάμον
2835 3194 3159 3265 ὲστιαθῆναι
3193 3193 3287 3248 τὸν
3318 3192 3678 3266 πρεσϐύτερον*
3703 3186 3832 3258 πωλλῷ

2345 3302 2410 3356 γε
2443 3287 2644 3358 μᾶλλον
2672 3286 2933 3359 ἀπείργει
2958 3286 3150 3340 τοῦτον
3184 3285 3281 3341 τοῦ
3310 3286 3651 3356 στεφανῶσαι.

2416 3380 2482 3434 Ei
2538 3379 2597 3433 δὲ
2637 3380 2791 3434 ἄλλοι
2844 3379 3025 3445 ἄλλως
3082 3380 3390 3452 κρίνουσιν,
3425 3380 3628 3450 ὄψονται
3675 3376 3740 3445 ἐφ’
3776 3368 3832 3440 οἷς

666 3458 781 3514 Nos
805 3459 985 3523 enim,
1021 3458 1215 3528 inquit,
1253 3458 1413 3513 tatem
1450 3457 1882 3512 consuetudinem
1916 3475 2020 3513 non
2085 3461 2286 3527 [tabe-1

2212 3480 2244 3504 ’·-
2271 3470 2313 3529 C
2347 3472 2702 3543 πράττουσιν.
2746 3472 2949 3542 Ἡμεῖς
2980 3474 3111 3545 γὰρ,
3159 3476 3319 3545 φησι,
3348 3473 3443 3527 καί
3470 3475 3526 3527 al
3563 3468 3832 3533 Ἔκκλησίαι

664 3568 805 3616 mus,
843 3565 1009 3621 neque
1042 3550 1286 3605 Ecclesia
1315 3550 1414 3605 Dei
1458 3551 1504 3581 ⁷⁸
1544 3586 1560 3602 .
1589 3549 1789 3616 Quare,
1815 3565 1941 3605 cum
1972 3550 2240 3620 judicium

663 3643 852 3698 videas
902 3657 1028 3698 cum
1059 3642 1301 3713 periculo
1323 3641 1700 3713 conjunctum,
1733 3641 1842 3696 noli
1900 3642 2009 3697 vim
2066 3642 2246 3701 facere

663 3734 963 3790 humilitati
991 3742 1212 3789 nostrae.
1245 3732 1380 3787 Nam
1410 3733 1456 3788 si
1515 3748 1615 3801 pro
1638 3732 1885 3788 veritatis
1927 3733 2246 3791 defensione

666 3821 732 3876 ad
762 3820 1005 3892 pericula
1035 3821 1278 3891 quotidie
1301 3820 1659 3891 accingimur,
1699 3835 1811 3890 quo
1838 3831 1998 3891 pacto
2051 3833 2245 3878 contra

667 3913 951 3968 veritatem
975 3911 1225 3968 dissimili
1246 3911 1480 3967 consilio
1504 3910 1779 3968 irruemus
1804 3913 1828 3967 τ
1861 3911 1979 3967 Νοιι
2007 3923 2092 3968 εει
2115 3928 2249 3968 con-

664 4012 983 4059 sentaneum
1005 4040 1021 4067 ,
1059 4000 1308 4065 Domine,
1345 4010 1541 4071 przeter
1572 4017 1637 4057 ea
1662 4017 1786 4073 quae
1817 4003 2080 4058 divinitus
2107 4003 2250 4074 judi-

666 4106 790 4152 cata
840 4106 994 4159 sunt,
1026 4094 1209 4150 facere
1257 4095 1561 4165 quidquam
1599 4104 1698 4150 aut
1742 4096 1913 4167 loqui.
1962 4095 2250 4152 Credimus

668 4194 848 4240 autem
874 4195 961 4253 te,
990 4186 1086 4255 qui
1122 4200 1289 4241 unam
1336 4187 1540 4255 quaeris
1604 4187 1847 4242 divinam
1909 4188 2242 4243 voluntatem

667 4286 724 4332 et
745 4278 974 4332 salutem
1009 4278 1208 4335 animae
1263 4286 1391 4343 tuae,
1432 4292 1789 4333 assensurum
1829 4278 1915 4334 bis
1963 4295 2085 4349 quae
2115 4279 2252 4335 dixi-

669 4384 816 4432 mus,
839 4378 1234 4440 oraturumque
1282 4379 1344 4424 ut
1370 4370 1567 4426 divina
1597 4369 1701 4440 legi
1739 4370 1953 4427 ﬁrmius
1982 4371 2248 4427 inlmrea-

672 4475 813 4525 mus,
857 4474 957 4514 nec
988 4460 1286 4531 quidquam
1344 4460 1707 4517 admittamus
1762 4476 1876 4532 quo
1928 4463 2248 4518 mandatum

672 4551 766 4608 Dei
804 4552 890 4609 vel
918 4567 1097 4609 canon
1127 4552 1384 4609 violetur.

1093 4682 1248 4739 CCII.
1286 4715 1359 4728 —
1391 4680 1585 4740 Μαι-ἕω
1614 4681 1941 4740 Svathariw.

2343 3562 2452 3617 τοῦ
2492 3563 2642 3618 Θεοῦ
2673 3564 2963 3634 τοιαύτην
2989 3563 3324 3632 συνήθειαν
3350 3568 3459 3620 οὐκ
3484 3565 3689 3633 ἔχομεν.
3718 3561 3835 3613 “Om

2345 3654 2499 3717 είδὼς
2554 3656 2617 3709 τὸ
2663 3656 3007 3711 ἐπικίνδυνον
3055 3661 3253 3730 κρῖμα,
3315 3660 3390 3731 μὴ
3427 3655 3726 3729 παραϐιάζου
3765 3650 3834 3721 τὴν

2345 3748 2679 3801 ταπείνωσιν
2707 3748 2886 3819 ἡμῶν.
2917 3750 2982 3804 Εί
3016 3750 3124 3822 γάρ
3155 3751 3300 3824 ὑπὲρ
3337 3750 3431 3805 τοῦ
3457 3751 3603 3818 λόγου
3639 3746 3717 3815 τῆς
3738 3744 3834 3814 ἀλη-

2348 3839 2501 3903 θείας
2537 3840 2659 3894 καθ’
2689 3841 2926 3913 ἑκάστην
2976 3843 3193 3914 ἡμέραν
3240 3845 3323 3908 είς
3370 3842 3626 3906 κινδύνους
3658 3852 3837 3909 mpm-

2346 3930 2618 4002 τάγμεθα.
2644 3930 2762 3997 πῶς
2791 3933 2932 3987 κατά
2956 3935 3058 4006 τῆς
3079 3934 3343 4001 ἀληθείας
3370 3933 3703 4007 ἐτεροτρόπως
3726 3943 3837 3996 κινηο

2349 4022 2662 4096 θησόμεθα;
2713 4025 2817 4079 οὐκ
2857 4024 2971 4098 ἔχει
3036 4027 3235 4097 φύσιν,
3271 4022 3317 4081 ὦ
3373 4009 3608 4090 δέσποτα,
3648 4021 3766 4092 παρὰ
3790 4018 3837 4072 τά

2350 4115 2590 4180 θειωδῶς
2625 4117 2932 4188 κεκριμένα
2960 4118 3073 4181 τοῖς
3104 4119 3320 4183 κανόσι,
3354 4116 3542 4189 δρᾶσαί
3568 4131 3616 4168 τι
3640 4114 3668 4183 ἢ
3694 4109 3832 4164 εἰπεῖν.

2349 4207 2698 4281 Πιστεύομεν
2741 4208 2801 4263 δὲ
2849 4210 2931 4264 ὅτι
2958 4211 3055 4264 καὶ
3102 4212 3269 4275 αὐτὸς
3303 4210 3362 4265 ἓν
3390 4210 3558 4281 ζητῶν
3589 4206 3642 4261 τὸ
3666 4204 3834 4270 θέλημαν

2352 4303 2451 4357 καὶ
2476 4302 2540 4357 τὸ
2564 4302 2915 4375 σωτηριῶδες
2937 4303 3040 4374 τῆς
3070 4303 3251 4375 ψυχῆς
3277 4321 3393 4367 σου,
3420 4301 3723 4373 συμφήσειας
3744 4292 3835 4363 ἡμῖν

2350 4395 2446 4448 ἐπὶ
2484 4397 2598 4459 τοῖς
2626 4392 2977 4464 λελεγμένοις
3000 4410 3016 4426 ⁸
3046 4395 3141 4449 καὶ
3169 4394 3444 4467 προσεύξῃ
3470 4393 3651 4465 μᾶλλον
3674 4383 3834 4454 inepti.

2350 4486 2535 4542 δεσθαι
2565 4488 2713 4558 ἡμᾶς
2758 4486 2835 4558 τῷ
2892 4487 3022 4555 θείῳ
3066 4487 3235 4560 νόμῳ,
3280 4490 3375 4542 καὶ
3410 4488 3483 4557 μὴ
3528 4479 3765 4556 προΐεσθαι
3794 4472 3837 4526 ιδ

2349 4576 2561 4632 οίονοῦν
2594 4577 2689 4631 ἐπὶ
2720 4577 3036 4651 παραϐάσει
3070 4579 3295 4651 ἐντολῆς
3338 4577 3474 4633 Θεοῦ
3506 4576 3594 4630 καὶ
3639 4571 3809 4627 κανόνος
3821 4603 3833 4617 ι

2598 4711 2695 4765 23'
2721 4712 2938 4784 (96).--
2963 4714 3159 4785 Μαρίᾳ
3186 4711 3505 4781 σπαθαρίᾳ.
3527 4704 3684 4783 {me}

1650 4824 2002 4877 Pernitentiam
2020 4826 2196 4882 indicit
2214 4833 2278 4882 ob
2303 4834 2538 4885 violatum
2566 4832 2801 4886 Ecclesiae
2823 4833 3031 4894 asylum.

743 4927 1002 5001 Agnoscit
1055 4930 1473 4988 honoriﬁcentia
1522 4942 1641 5000 tua,
1695 4933 1998 4991 Ecclesiam
2053 4938 2247 4994 salutis
2282 4947 2325 5002 ο

654 5036 795 5078 esse
823 5022 1236 5093 perfugium,ad
1276 5036 1508 5098 eamque
1531 5035 1791 5099 tanquam
1835 5028 1888 5084 in
1915 5045 2111 5088 manus
2130 5033 2245 5096 Dei,

672 5113 962 5183 profugum
990 5131 1280 5171 accurrere
1299 5134 1447 5183 eum,
1471 5134 1634 5189 quem
1662 5120 2026 5177 circumstant
2074 5139 2253 5194 angu-

674 5207 812 5261 stiae.
849 5205 1036 5277 Neque
1062 5208 1229 5278 igitur
1260 5210 1315 5263 in
1366 5210 1549 5267 Veteri
1588 5211 1945 5270 Testamento
2004 5215 2086 5272 fas
2135 5226 2255 5272 erat

673 5313 862 5354 eorum
886 5300 979 5370 qui
1015 5301 1080 5354 ad
1123 5300 1319 5372 refugii
1351 5302 1625 5359 civitatem
1652 5318 1963 5374 evaserant,
2009 5308 2255 5380 abripere

673 5405 1045 5461 quemquam;
1073 5401 1129 5446 et
1181 5394 1352 5447 multo
1392 5395 1567 5464 magis
1606 5396 1662 5450 in
1729 5396 1880 5455 Novo
1907 5397 2258 5455 Testamento

676 5480 829 5538 nefas
849 5492 936 5538 est
956 5486 1245 5540 extrahere
1268 5485 1337 5540 ab
1378 5486 1608 5543 ecclesia
1658 5490 1748 5559 qui
1785 5504 1849 5546 eo
1888 5491 2257 5564 confugerint.

746 5660 796 5731 ’⁸,
849 5659 1027 5717 ICor.
1058 5680 1157 5730 xu,
1211 5664 1301 5719 16.

2433 4942 2501 4997 Ἦ
2523 4944 2777 5013 τιμιότης
2810 4959 2903 4996 σου
2938 4938 3199 5012 γνωρίζει
3225 4939 3308 4993 ὅτι
3354 4938 3388 5010 ἡ
3425 4929 3691 5003 Ἐκκλησία

2352 5035 2635 5106 δευτήριὸν
2665 5036 2781 5089 ἐστι
2814 5033 3087 5106 σωτηρίας
3112 5049 3127 5063 ·
3158 5032 3252 5087 καὶ
3268 5031 3457 5100 ὥσπερ
3479 5029 3553 5089 εἰς
3571 5026 3728 5096 χεῖρας
3743 5015 3838 5069 Θεοὗ

2348 5128 2378 5181 ὁ
2413 5125 2665 5198 πρόσφυξ
2688 5126 2979 5197 ἀποτρέχει
3026 5121 3446 5197 περιστατηθεὶς
3493 5118 3591 5174 ὑπὸ
3631 5106 3837 5198 ἀναγκῶν·

2352 5219 2491 5274 Οῦτε
2519 5217 2616 5275 οὖν
2645 5222 2703 5274 ὲν
2718 5222 2784 5290 τῇ
2818 5218 3034 5290 Παλαιᾷ
3061 5216 3307 5290 Διαθήκῃ
3336 5216 3453 5281 ἐξὸν
3487 5209 3552 5283 ἧν
3580 5209 3672 5262 τῶν
3688 5206 3751 5265 είς
3771 5197 3838 5265 τὴν

2354 5310 2509 5364 πόλιν
2550 5312 2657 5364 τῶν
2708 5308 3159 5381 φυγαδευτηρίων
3226 5304 3670 5375 ἀποσεσωσμένων
3712 5295 3839 5381 ἀφαρ-

2354 5398 2548 5463 πάζειν
2576 5376 2819 5453 τινάξαι
2848 5376 3039 5470 πολλῷ
3088 5398 3285 5471 μᾶλλον
3318 5398 3377 5451 ιν
3428 5398 3491 5466 τῇ
3537 5391 3639 5459 Νέᾳ
3679 5376 3839 5471 emt»

2355 5492 2610 5563 ἀποσπᾷν
2644 5492 2743 5561 τῆς
2772 5467 3241 5564 ἐκκλησίας-τοὺς
3280 5484 3710 5558 καταφεύγοντας.
3730 5467 3837 5529 Καθ’

2187 5753 2419 5809 NOTAE.

747 5836 866 5914 (95)
896 5840 956 5897 In
987 5843 1111 5899 cod.
1149 5843 1278 5914 Ileg.
1317 5845 1413 5899 σδ’.

2335 5845 2446 5917 (96)
2487 5845 2545 5900 In
2576 5846 2699 5903 cod.
2724 5846 2859 5920 Reg.
2892 5856 3001 5915 σς·’.
