4102 6374
309 340 443 406 1617

1497 317 2045 398 EPISTOLARUM
2101 337 2247 397 LIB.
2286 335 2372 397 II.

2720 264 2745 294 Ι

304 452 520 523 ύϐρισις
544 452 655 525 γάρ
677 449 795 505 ἐστι
832 450 992 506 τοῦτο
1042 450 1152 506 τῶν
1196 449 1358 506 θείων
1402 449 1608 519 νόμων,
1650 434 1755 499 καὶ
1789 442 1887 499 τοῦ

1994 442 2333 499 Contumelia
2377 441 2524 498 enim
2560 440 2678 497 hac
2733 450 2818 497 est
2842 440 3151 496 divinarum
3191 438 3371 510 legum
3429 441 3574 496 divi-

304 539 450 594 θείου
481 540 891 612 θυσιαστηρίου.
928 540 1092 595 Ὥστε
1138 540 1472 611 σκοπησάτω
1524 556 1619 592 σου
1652 537 1688 607 ἡ
1721 534 1883 590 εὐσέ-

303 630 447 696 ϐεια,
483 630 669 702 ἡλίκον
692 631 755 685 τὸ
788 632 1065 705 τόλμημα.
1096 632 1192 695 Τίς
1217 632 1277 687 δὲ
1320 633 1357 704 ἡ
1389 630 1691 705 θεραπεία;
1723 629 1885 703 Πρῶ-

301 739 396 776 τον
429 721 530 794 μὲν
560 722 621 777 τὸ
656 723 847 779 θέσθαι
878 726 1045 795 ἑαυτῇ
1075 724 1203 796 ὅρον
1223 764 1241 790 ,
1268 724 1472 796 μηκέτι
1502 723 1709 795 τολμᾷν
1728 723 1887 779 τοῦτο

302 814 509 887 πρᾶξαι
536 854 552 880 ,
590 815 694 870 κᾶν
728 816 798 871 τὰ
826 818 941 872 ἄνω
982 816 1138 872 κάτω
1184 817 1432 889 γένηται.
1466 819 1706 874 Ἔπειτα.
1746 818 1886 871 Tecu-

303 908 648 982 σαρακοστὴν
673 909 802 982 ὃλην
827 910 1130 981 ἀπέχεσθαι
1161 909 1271 964 τῶν
1301 911 1691 983 ἁγιασμάτων,
1724 926 1887 981 γονυ-

303 998 562 1053 κλινοῦσα
609 999 959 1072 καθεκάστην
1019 1001 1285 1067 δεκάκις.
1314 1003 1411 1057 καὶ
1458 1002 1889 1073 πεντηκοντάκις

304 1093 576 1161 λέγουσα·
612 1092 810 1164 Κύριε,
869 1093 1226 1168 συγχώρησόν
1280 1112 1375 1167 μοι
1421 1095 1523 1166 τὴν
1566 1096 1884 1168 ἁμαρτίαν·

302 1180 501 1252 Κύριε,
554 1180 802 1253 ἱλάσθητί
837 1185 1027 1255 μοιτῇ
1087 1184 1421 1257 ἁμαρτωλῷ.
1467 1185 1705 1257 Ὁμοίως
1750 1184 1884 1241 καί*

304 1272 500 1346 Κύριε,
530 1274 754 1346 ἐλέησόν
773 1291 840 1345 με
862 1275 1093 1346 δωρεάν.
1127 1276 1291 1347 Τρεῖς
1321 1295 1381 1332 τε
1423 1276 1673 1349 ψαλμοὺς
1705 1294 1890 1349 στιχο-

304 1366 518 1434 λογεῖν·
555 1366 851 1438 ἐξαιρέτως
886 1368 979 1422 τὸν
1029 1374 1108 1434 ς’,
1142 1369 1235 1423 τὸν
1263 1368 1364 1437 λζ’,
1404 1370 1501 1424 καὶ
1543 1369 1639 1424 τὸν
1690 1374 1758 1435 ν’,
1792 1370 1892 1424 καὶ

303 1451 404 1511 εἷθ’
429 1455 606 1521 οὕτως
632 1459 661 1512 ὁ
691 1457 824 1523 Θεδς
868 1461 1214 1531 συγχωρήσει
1237 1477 1343 1527 σοι,
1373 1460 1561 1532 κυρία,
1579 1461 1682 1534 τὴν
1700 1462 1889 1533 ἁμαρ·

301 1546 443 1603 τίαν.
475 1549 539 1603 Εί
567 1548 626 1602 δὲ
662 1550 759 1603 καὶ
786 1549 1017 1621 πάρεστι
1045 1548 1300 1622 δύναμις,
1334 1550 1752 1625 τεσσαράκοντα
1783 1552 1889 1623 ἀρ·-

302 1638 469 1712 γύρια
488 1638 675 1694 δοῦναι
711 1644 974 1712 πτωχοῖς.

473 1750 570 1805 ειν
607 1752 743 1824 (9η.
769 1754 1091 1827 -Εῐρήνῃ
1145 1756 1473 1828 ἡγουμένῃ.
1503 1754 1693 1832 [ωια’.]

1990 538 2154 608 nique
2186 537 2395 593 altaris.
2460 534 2643 603 Quare
2674 535 2987 590 consideret
3012 534 3182 605 pietas
3233 544 3348 599 tua,
3391 550 3572 605 quan-

1992 638 2105 686 tum
2140 628 2212 686 sit
2254 629 2363 684 hoc
2421 626 2655 683 facinus.
2728 626 2988 694 Quaenam
3034 642 3165 681 vero
3194 638 3279 682 est
3309 626 3516 682 medela
3553 628 3577 681 ?

1986 721 2231 777 Primum
2265 723 2485 794 quidem
2529 721 2623 776 tibi
2666 720 2767 792 ipsi
2819 732 2881 776 ut
2911 720 3084 791 legem
3111 729 3346 784 statuas.
3388 720 3576 776 nchoc

1987 814 2171 870 facere
2197 816 2403 871 audeas
2423 814 2659 886 amplius
2677 856 2693 883 ,
2721 822 2776 870 et
2805 829 3025 882 pessum
3059 821 3188 868 eant
3223 812 3433 868 omnia.
3469 812 3575 867 De-

1985 907 2111 964 inde
2134 915 2377 964 uttotam
2404 908 2894 979 Quadragesimam
2944 924 2976 963 a
3011 907 3187 963 sacris
3249 906 3533 961 abstineas
3556 943 3576 968 ,

1987 1001 2170 1058 decies
2189 1017 2364 1073 genua
2392 1001 2619 1062 ﬂectens
2657 1002 2886 1073 singulis
2903 1001 3119 1068 diebus,
3143 1010 3198 1055 et
3214 999 3578 1070 quinquagies

1986 1093 2175 1151 dicens
2213 1114 2227 1150 :
2273 1095 2520 1162 Domine,
2542 1096 2795 1151 condona
2832 1094 2966 1149 mihi
2999 1094 3103 1149 hoc
3134 1093 3577 1165 peccatum.Do-

1988 1190 2159 1253 mine,
2185 1188 2456 1259 propitius
2486 1198 2607 1246 esto
2636 1188 2770 1244 mihi
2802 1188 3120 1259 peccatrici.
3146 1187 3519 1257 Similiterque
3554 1204 3569 1240 :

1989 1277 2240 1347 Domine,
2264 1280 2526 1335 miserere
2554 1279 2661 1335 mei
2690 1282 2879 1349 gratis.
2912 1279 3047 1335 Tres
3075 1294 3295 1351 quoque
3332 1279 3577 1351 psalmos

1992 1372 2213 1438 recites,
2246 1373 2516 1444 praecipue
2569 1383 2811 1441 sextum,
2852 1374 3193 1429 tricesimum
3232 1372 3527 1442 septimum
3559 1412 3575 1434 .

1994 1473 2051 1520 et
2071 1465 2587 1537 quinquagesimum
2621 1484 2634 1522 :
2662 1475 2827 1537 atque
2849 1466 2926 1523 ita
2955 1467 3099 1522 Dens
3130 1475 3423 1537 peccatum
3453 1466 3576 1530 tibi,

1989 1557 2210 1613 domina
2236 1594 2259 1621 ν
2285 1558 2546 1613 remittet.
2573 1558 2727 1626 Quod
2754 1557 2801 1615 si
2830 1560 2995 1614 etiam
3016 1558 3261 1629 suppetit
3282 1555 3523 1614 facultas
3558 1597 3578 1625 ,

1990 1649 2351 1720 quadraginta
2385 1661 2676 1721 argenteos
2696 1651 2794 1706 des
2824 1651 3179 1721 pauperibus.

2424 1761 2599 1820 CCIII.
2628 1793 2699 1804 —-
2722 1762 2896 1819 [reme
2917 1765 3236 1834 ρι’ωροιίιω.
3288 1746 3293 1751 ⁷

309 1858 502 1912 Rursus
526 1862 593 1913 de
624 1863 924 1926 presbytero
946 1862 1033 1927 qui
1053 1878 1168 1916 cum
1188 1864 1442 1917 haereticis
1457 1866 2240 1982 communicavi‘ratuzasggrincare
2263 1886 2361 1923 non
2382 1873 2571 1924 debere
2594 1886 2753 1937 usque
2784 1848 3140 1936 ad'synodum,
3186 1888 3283 1939 qua
3308 1874 3373 1927 de
3396 1872 3581 1925 talibus

374 2032 615 2105 Μακράν
645 2034 757 2090 άπὸ
788 2035 898 2091 τῶν
929 2038 1223 2110 ἐγκωμίων
1256 2056 1351 2092 σου
1382 2041 1432 2094 οἱ
1461 2039 1657 2112 τρόποι
1710 2040 1807 2095 καὶ
1834 2040 1886 2094 οἱ

2057 2044 2244 2118 Longe
2267 2046 2468 2102 absunt
2493 2045 2563 2101 ab
2584 2045 2852 2102 encomiis
2878 2046 2985 2101 tuis
3006 2061 3187 2103 mores
3211 2055 3267 2102 et
3294 2061 3581 2103 sermones

303 2126 454 2194 λόγοι
480 2128 581 2199 τῆς
610 2129 891 2195 πολιτείας
931 2148 1058 2201 μου,
1086 2133 1392 2205 τιμιωτάτη
1412 2133 1714 2202 γυναικῶν.
1746 2134 1889 2189 Ἀλλ’

306 2219 467 2273 εῐωθε
494 2220 642 2290 ψυχὴ
672 2222 840 2293 πιστὴ
870 2222 968 2276 καὶ
995 2222 1237 2294 ζητοῦσα
1268 2224 1360 2279 τὸν
1395 2224 1620 2297 Κύριον,
1636 2226 1892 2290 ἐπαίνους

307 2310 574 2366 ἀνάπτειν
592 2313 705 2375 τοῖς
726 2314 1078 2385 άγεράστοις,
1100 2314 1176 2380 ὡς
1192 2315 1262 2372 ἂν
1283 2316 1536 2370 ἐντεῦθεν
1584 2316 1893 2389 ἐρανίσοιτο

306 2404 370 2458 τὸ
398 2404 498 2475 τῆς
521 2408 1027 2479 ταπεινοφροσύνης
1052 2409 1233 2473 κλέος.
1267 2409 1508 2483 Τοιαύτη
1549 2406 1644 2465 οὖν
1671 2410 1890 2464 ὑπεδεί-

308 2497 445 2570 χθης
471 2499 629 2569 ἡμῖν,
664 2498 871 2571 ἀδελφὴ
903 2502 964 2555 ἐν
1013 2501 1226 2574 Κυρίῳ.
1274 2502 1430 2557 Ἐπεὶ
1458 2504 1555 2559 καὶ
1598 2504 1760 2575 ἡμεῖς
1800 2518 1892 2572 γι-

309 2588 610 2657 νώσκοντες
641 2591 711 2647 τά
740 2594 863 2646 καθ’
891 2593 1142 2659 ἑαυτοὺς,
1189 2595 1315 2649 οὐδὲ
1355 2594 1465 2650 τῶν
1498 2595 1596 2651 νῦν
1648 2596 1895 2667 ἐσχάτων

314 2684 626 2738 ἱσοστατεῖν
655 2686 919 2757 κρίνομεν
940 2686 1208 2751 ἑαυτούς·
1243 2687 1318 2760 μὴ
1348 2689 1433 2744 δτι
1476 2705 1540 2757 γε
1590 2687 1715 2759 ὕψει
1748 2688 1898 2760 τηλι-

311 2777 490 2849 κούτῳ
513 2777 881 2850 παρενείρειν,
917 2779 1063 2835 καθά
1101 2780 1411 2851 γέγραφας.
1450 2781 1592 2836 Ἀλλ’
1630 2776 1736 2838 ὧδε
1793 2783 1895 2854 μὲν

311 2867 487 2922 ταῦτα
518 2867 742 2922 κείσθω.
776 2869 901 2922 Ἐπὶ
927 2869 986 2923 δὲ
1010 2871 1077 2942 τῇ
1119 2870 1215 2925 τοῦ
1267 2871 1649 2946 πρεσϐυτέρου
1691 2873 1897 2927 ὑποθέ-

313 2977 397 3013 σει
427 2960 727 3030 μετακτέον
762 2960 855 3015 τὸν
893 2960 1075 3030 λόγον.
1124 2962 1365 3017 Ούτίπου
1406 2965 1585 3035 ἡμεῖς,
1606 2962 1651 3017 ὦ
1677 2965 1895 3037 άμμάς,

311 3054 411 3110 νῦν
441 3056 539 3127 μὲν
564 3054 724 3109 τοῦτο
748 3056 1000 3128 λέγομεν,
1030 3056 1220 3129 αὔριον
1253 3059 1312 3112 δέ
1341 3060 1531 3130 ἓτερον
1557 3074 1570 3089 ⁸
1600 3058 1718 3113 ἀλλ’
1736 3060 1765 3112 ὁ
1794 3062 1896 3115 αὐ-

310 3146 398 3212 τὸς
432 3146 589 3216 λόγος
615 3148 676 3201 ἐν
717 3149 849 3219 ἡμῖν
894 3151 1043 3204 ἐστιν
1090 3150 1196 3205 ἀεί.
1241 3151 1285 3204 Τ
1292 3150 1308 3203 ί
1335 3151 1533 3215 τοῦτος
1567 3151 1660 3206 τόν
1700 3152 1899 3207 άλόντα

314 3240 689 3313 πρεσϐύτερον
715 3244 784 3314 τῇ
833 3243 1091 3316 κοινωνία
1140 3245 1250 3297 τῶν
1287 3245 1602 3315 αἱρετικῶν,
1642 3245 1759 3314 είγε
1795 3246 1900 3315 μά-

315 3336 476 3389 λιστα
522 3336 619 3389 καὶ
671 3336 991 3407 ὑπογραφῇ,
1042 3338 1117 3408 μὴ
1160 3338 1364 3405 ἐξεῖναι
1415 3338 1757 3410 ἱερουργεῖν,
1795 3337 1900 3402 ἕως

312 3426 507 3499 καιροῦ
564 3427 847 3499 ὀρθοδόξου
919 3428 1163 3495 συνόδου,
1217 3422 1366 3505 ἐφ’ᾖ
1409 3430 1479 3484 τὰ
1521 3429 1751 3485 τοιαῦτα
1802 3429 1899 3484 καὶ

312 3516 726 3588 θεωρηθήσεται
758 3518 854 3570 καὶ
881 3516 1299 3589 διακριθήσεται
1327 3536 1345 3551 θ
1386 3518 1419 3591 ἢ
1465 3520 1627 3591 μόνον
1659 3519 1723 3573 τὸ
1753 3519 1897 3573 κατὰ

316 3610 642 3682 περίστασιν
697 3608 1007 3680 βαπτίζειν,
1072 3611 1389 3682 ἐκκομίζειν
1417 3612 1645 3683 ⁸νεκρὸν,
1693 3610 1899 3665 διδόναι

313 3703 463 3777 [om].
504 3703 642 3773 Reg.
692 3700 879 3775 διδεῖν]
940 3702 1128 3775 σχῆμα
1177 3703 1399 3777 μοναχῷ
1432 3744 1449 3771 ,
1499 3704 1749 3775 ἁγιάζειν
1787 3704 1899 3759 τῶν

312 3796 625 3865 Θεοφανίων
642 3795 705 3850 τδ
728 3794 896 3869 ὓδωρ,
916 3795 1369 3866 εὐαγγελίζεσθαι
1394 3798 1518 3852 κατ’
1545 3796 1771 3869 ἄρθρον,
1802 3798 1900 3853 καὶ

316 3889 657 3961 μεταδιδόναι
698 3888 811 3943 τῶν
872 3889 1234 3960 άγιασμάτων
1306 3889 1409 3961 ἤδη
1452 3889 1899 3961 θεουργηθέντων

315 3981 421 4034 ὑπὸ
454 3979 804 4052 σεσωσμένον
837 3979 1229 4053 πρεσϐυτέρου.
1259 3979 1370 4035 Καὶ
1393 3978 1591 4046 ταῦτα,
1623 3979 1699 4044 ὡς
1720 3976 1899 4049 εἷπον,

314 4075 379 4143 ἐξ
404 4073 671 4146 ἀνάγκης.
715 4073 871 4128 Ἐπεὶ
893 4074 1285 4146 εὑρισκομένου
1307 4072 1402 4129 τοῦ
1438 4073 1516 4146 μὴ
1552 4072 1902 4145 ἐμπαρέντος

313 4168 383 4238 τῇ
406 4166 662 4238 κοινωνίᾳ
694 4167 909 4237 ἱερέως,
940 4164 1063 4220 οὐδὲ
1097 4166 1169 4222 τά
1216 4165 1599 4239 προειρημένα
1631 4165 1901 4238 πράσσειν

315 4257 459 4324 ἐξόν.

399 4351 457 4405 Ὀ
493 4350 593 4423 μὲν
620 4344 714 4405 οὖν
747 4349 1015 4423 ἡμέτερος
1053 4348 1213 4421 λόγος
1264 4348 1526 4416 τοιοῦτος.
1559 4350 1624 4405 Ei
1653 4349 1709 4406 δὲ
1747 4349 1899 4405 ἄλλοι

315 4444 490 4510 ἄλλως
523 4445 556 4517 ἢ
593 4445 884 4518 φρονοῦσιν
908 4445 942 4516 ἢ
969 4443 1269 4519 κρίνουσιν,
1294 4444 1409 4499 εἴτε
1441 4445 1759 4512 ἱσοστάτιοι,
1787 4445 1900 4500 εῖτε

316 4538 719 4611 ὑπερϐάθμιοι·
755 4537 1057 4611 ἐπειδήπερ
1087 4538 1185 4610 οὐχ
1210 4539 1333 4611 ὅρος
1367 4536 1769 4612 ἐξίτηήνεκται
1790 4536 1901 4593 άπὸ

313 4629 413 4685 τοῦ
442 4630 768 4703 ἀρχιερέως,
789 4630 875 4699 ἐφ’
897 4624 943 4699 ᾧ
962 4632 1259 4701 ἀναγκαῖον
1283 4625 1353 4705 ἦν
1377 4631 1626 4703 στέργειν
1650 4632 1862 4696 πάντας
1881 4645 1896 4659 ⁸

1994 2140 2117 2195 vitae
2155 2155 2311 2207 meae,
2347 2141 2776 2197 honoratissima
2809 2140 3124 2195 mulierum.
3157 2139 3264 2198 Sed
3297 2142 3437 2197 solet
3460 2140 3582 2194 ani-

1993 2247 2083 2288 ma
2137 2232 2316 2290 ﬁdelis
2341 2240 2397 2289 et
2447 2249 2700 2303 quaerens
2760 2232 3051 2287 Dominum
3098 2232 3290 2288 laudes
3340 2232 3583 2287 tribuere

1994 2328 2303 2393 immeritis,
2341 2337 2400 2384 ut
2420 2328 2748 2385 humilitatis
2787 2327 2914 2383 inde
2949 2327 3179 2397 gloriam
3203 2327 3580 2382 nanciscatur.

1994 2419 2181 2475 Talem
2214 2420 2384 2492 igitur
2400 2430 2452 2477 te
2468 2436 2591 2478 esse
2620 2419 2972 2493 agnovimus,
3016 2434 3177 2475 soror
3201 2419 3255 2473 in
3320 2416 3579 2473 Domino.

1994 2510 2132 2567 Nam
2159 2528 2286 2567 eum
2322 2527 2424 2569 nos
2473 2513 2624 2585 ipsos
2653 2528 3077 2585 cognoscamus.
3124 2529 3227 2569 nec
3282 2512 3584 2583 postremis

1994 2603 2090 2674 qui
2142 2618 2291 2660 nunc
2317 2612 2466 2671 sunt,
2517 2618 2620 2660 nos
2638 2618 3030 2675 exasquamus:
3070 2604 3277 2659 nedum
3318 2612 3378 2658 ut
3428 2612 3581 2658 tanto

1995 2712 2099 2753 nos
2128 2696 2432 2753 inferamus
2454 2696 2698 2769 fastigio,
2714 2698 2860 2753 sicut
2910 2697 3201 2767 scripsisti.
3235 2694 3438 2751 Verum
3467 2693 3586 2777 haec

1995 2791 2306 2861 quidemita
2329 2806 2389 2847 se
2414 2791 2672 2846 habeant.
2697 2790 2780 2845 Ad
2813 2790 3118 2862 presbyteri
3147 2805 3373 2845 causam
3405 2797 3587 2843 trans-

1997 2881 2338 2940 ferenda-est
2373 2884 2573 2940 oratio.
2630 2883 3071 2954 Haudquaquam
3107 2897 3208 2937 nos
3232 2923 3248 2946 ,
3304 2896 3338 2936 ο
3366 2888 3542 2935 mater
3564 2918 3583 2944 ,

1999 2992 2147 3031 nunc
2178 2976 2396 3046 quidem
2427 2976 2533 3030 ltoc
2560 2974 2821 3040 dicimus,
2867 2988 2993 3030 cras
3019 2983 3204 3027 autem
3257 2972 3404 3026 aliud
3440 2987 3454 3025 :
3488 2970 3589 3027 sed

1999 3065 2142 3120 idem
2177 3064 2337 3119 nobis
2364 3080 2581 3136 semper
2610 3072 2693 3119 est
2729 3077 2934 3119 sermo.
2965 3061 3107 3129 Quid
3142 3061 3249 3116 hoc
3284 3068 3367 3116 est
3400 3056 3584 3114 lPre—

2000 3157 2241 3229 sbytero,
2265 3156 2358 3227 qui
2387 3157 2440 3211 in
2511 3156 2892 3215 haereticorum
2950 3153 3337 3212 communione
3391 3152 3589 3224 depre-

2000 3251 2209 3307 hensus
2228 3260 2331 3317 est,
2378 3249 2723 3319 maximeque
2755 3250 2803 3306 si
2836 3247 3191 3318 subscripsit,
3237 3247 3416 3304 sacris
3432 3246 3586 3317 fungi

2001 3354 2110 3393 non
2131 3340 2315 3403 licere,
2355 3354 2531 3410 usque
2557 3339 2624 3394 ad
2641 3340 2911 3411 synodum
2967 3338 3360 3404 orthodoxam,
3393 3338 3447 3392 in
3476 3352 3588 3409 qua

1924 3396 1968 3455 Ο
2003 3433 2118 3488 haec
2143 3396 2529 3497 discutientur,
2560 3439 2616 3487 et
2665 3396 3117 3502 dijudicabnntur
3148 3446 3165 3484 :
3208 3430 3316 3485 nisi
3348 3396 3590 3484 tanta-m-

1996 3524 2160 3580 modo
2189 3540 2249 3579 re
2274 3532 2506 3596 urgente
2534 3523 2838 3594 baptizare,
2902 3531 3189 3577 mortuum
3220 3520 3442 3588 ellerre,
3479 3522 3579 3576 lia-

1996 3618 2172 3673 bitum
2202 3618 2335 3673 dare
2364 3617 2639 3673 monacho
2658 3656 2673 3682 ,
2699 3614 3183 3685 Theophaniorum
3232 3628 3435 3683 aquam
3455 3628 3590 3668 un-

1998 3710 2264 3777 ctilicare,
2293 3710 2674 3782 evangelizare
2701 3709 2967 3775 diluculo,
3001 3716 3056 3763 et
3094 3707 3369 3778 impertiri
3399 3721 3590 3763 sacra-

1998 3812 2185 3857 menta
2211 3802 2325 3872 jam
2353 3811 2482 3858 ante
2505 3802 2576 3857 ab
2598 3801 2825 3857 innoxio
2853 3800 3177 3871 presbytero
3238 3808 3589 3856 consecrata.

1997 3893 2175 3964 Atque
2198 3893 2332 3957 haec,
2356 3900 2415 3946 ut
2444 3891 2581 3958 dixi,
2624 3907 2691 3947 ex
2718 3890 3066 3947 necessitate.
3104 3889 3241 3946 Nam
3270 3891 3317 3946 si
3347 3891 3593 3961 reperia-

2000 3993 2093 4040 tur
2108 3984 2364 4041 sacerdos
2381 3984 2478 4056 qui
2504 4000 2535 4039 a
2558 3982 2950 4040 communione
2973 3982 3064 4037 illa
3091 3982 3355 4037 immunis
3372 3997 3592 4039 manse-

2000 4080 2094 4146 rit,
2117 4093 2187 4135 ne
2216 4077 2331 4133 haec
2346 4078 2568 4149 quidem
2596 4092 2720 4147 quae
2738 4075 2884 4132 dicta
2908 4084 3059 4141 sunt,
3084 4076 3266 4131 facere
3299 4075 3445 4132 licet.

2074 4346 2273 4403 Nostra
2300 4346 2467 4417 igitur
2510 4344 2627 4401 haec
2649 4353 2731 4400 est
2752 4342 3050 4400 sententia.
3096 4340 3255 4410 Quod
3285 4341 3332 4397 si
3366 4340 3457 4397 alii
3488 4340 3593 4395 ali-

2001 4449 2087 4496 ter
2114 4440 2197 4495 vel
2221 4439 2495 4505 sentiunt,
2526 4437 2612 4495 vel
2660 4436 2931 4508 judicant,
3000 4437 3118 4492 sive
3185 4435 3434 4506 ejusdem
3479 4436 3593 4491 sint

2003 4533 2228 4606 gradus,
2262 4534 2379 4589 sive
2407 4530 2710 4602 superioris
2742 4548 2756 4585 :
2789 4529 3056 4601 quoniam
3089 4544 3198 4584 non
3229 4528 3300 4583 ab
3326 4528 3590 4598 episcopo

2004 4626 2111 4680 lata
2145 4625 2226 4680 lex
2255 4632 2362 4688 est,
2391 4624 2446 4678 in
2474 4638 2580 4694 qua
2610 4636 2834 4678 necesse
2859 4621 2933 4676 sit
2961 4635 3156 4676 omnes
3185 4620 3540 4689 acquiescere
3565 4635 3585 4685 ;

315 4723 422 4795 τῆς
449 4723 697 4791 ἐξουσίας
741 4724 851 4777 εἰσὶ
893 4722 1094 4797 κύριοι,
1123 4724 1217 4779 καὶ
1244 4724 1405 4797 ἡμεῖς
1442 4740 1507 4794 γε
1534 4723 1749 4796 σιωπὴν
1776 4722 1895 4791 ἔξο-

2004 4717 2272 4773 libertatis
2300 4730 2415 4773 suae
2430 4723 2561 4773 sunt
2584 4713 2890 4781 domini,'et
2918 4728 3022 4781 nos
3038 4714 3094 4768 in
3113 4712 3333 4769 silentio
3355 4712 3588 4768 erimus.

317 4834 443 4889 μεν.
509 4817 947 4889 Παρακαλοῦμεν
997 4816 1054 4872 δέ
1092 4818 1193 4890 τὴν
1232 4816 1525 4890 τιμιότητά
1570 4833 1688 4881 σου,
1712 4815 1786 4880 ὡς
1805 4815 1903 4870 ἐπὶ

314 4906 389 4979 τῇ
434 4908 613 4981 ἀγαθῇ
666 4908 934 4981 πολιτείᾳ,
993 4907 1166 4974 οὕτως
1221 4909 1317 4964 καὶ
1370 4907 1465 4963 ἐπὶ
1510 4911 1578 4981 τῇ
1622 4908 1903 4984 ὀρθοδοξίᾳ

318 4996 609 5069 ἀκρίϐειαν
640 4996 823 5052 ἕλκειν
846 5016 862 5030 ⁸
887 4998 1193 5055 ἀκούουσαν
1228 4996 1324 5053 τοῦ
1362 4997 1688 5054 ’Δποστόλου
1713 5000 1901 5071 λέγον-

316 5106 410 5153 τος
433 5104 449 5119 ·
486 5092 917 5162 Καθαρίσωμεν
966 5090 1226 5158 ἑαυτοὺς
1270 5091 1391 5147 ἀπὸ
1435 5092 1664 5160 παντὸς
1706 5096 1901 5164 μολυ-

318 5181 482 5252 σμοῦ
516 5183 746 5252 σαρκὸς
777 5183 874 5238 καὶ
895 5184 1255 5253 πνεύματος,
1288 5183 1711 5253 ἐπιτελοῦντες
1739 5184 1903 5253 ἁτιωο

319 5275 525 5342 σύν-ην
543 5275 614 5329 ἐν
638 5277 802 5345 φόϐῳ
824 5275 995 5331 Θεοῦ.
1016 5270 1176 5340 Οἶδας
1200 5275 1308 5347 γὰρ
1330 5276 1411 5331 ὅτι
1430 5277 1491 5331 οὐ
1521 5276 1719 5351 μικρὸς
1740 5278 1903 5351 ἀνερ-

322 5364 559 5439 ριπίσθη·
584 5366 825 5439 διωγμὸς
847 5369 906 5421 ἐν
935 5368 1005 5440 τῇ
1037 5366 1296 5442 λυσσώσῃ
1332 5368 1609 5443 μέχριτοῦ
1633 5370 1900 5443 παρόντος

426 5552 473 5587 ⁷⁷
509 5551 638 5613 Cor.
672 5573 764 5612 vn.
802 5557 852 5614 1.

2004 4812 2303 4870 llortamur
2339 4822 2524 4868 autem
2551 4810 2911 4869 reverentiam
2938 4819 3113 4877 tuam,
3153 4819 3214 4865 ut
3237 4810 3382 4865 sicut
3406 4808 3460 4863 in
3490 4809 3591 4863 bo.

2006 4922 2078 4963 na
2097 4905 2535 4969 conversatione,
2560 4903 2643 4960 sic
2672 4902 2910 4959 etiamin
2942 4902 3049 4959 ﬁde
3097 4902 3407 4958 orthodoxa
3461 4900 3590 4957 dili-

2005 4995 2521 5070 gentiamadhibeat
2552 4993 2821 5050 :audiens
2874 4993 3197 5064 Apostolum
3257 4993 3533 5049 dicentem
3570 5009 3587 5049 :

2006 5089 2327 5146 Mundemus
2346 5104 2441 5143 nos
2472 5087 2537 5141 ab
2560 5087 2705 5141 omni
2726 5087 3132 5156 inquinamento
3150 5086 3331 5141 carnis
3353 5095 3403 5139 et
3426 5086 3594 5156 spiri-

2010 5194 2095 5236 tus
2118 5223 2133 5248 ,
2161 5180 2489 5251 perficient"
2512 5178 2995 5246 sanctiﬁcationem
3026 5177 3082 5231 in
3131 5178 3321 5232 timore
3350 5176 3451 5232 Dei
3482 5178 3528 5209 "
3572 5216 3600 5232 ..

2007 5276 2161 5333 Nosti
2185 5275 2331 5331 enim
2358 5288 2469 5329 non
2504 5270 2757 5342 exiguam
2809 5273 3103 5327 excitatam
3158 5284 3285 5326 esse
3334 5283 3593 5339 persecu-

2009 5369 2212 5425 tionem
2248 5383 2276 5423 a
2304 5364 2537 5436 furente.
2563 5364 2829 5421 hactenus
2854 5361 3048 5420 haeresi
3082 5380 3098 5420 :
3147 5361 3242 5419 sed
3275 5373 3327 5418 et
3369 5359 3592 5433 sangui-

1839 5670 2075 5731 ΝΟΤιΕ.

394 5813 510 5885 (97)
549 5816 609 5872 ln
638 5817 759 5873 cn].
792 5816 924 5886 Reg.
951 5813 1041 5871 σε’.

3436 323 3575 392 ιδιδ
3662 290 3665 293 ⁷
3746 294 3767 307 “
