4102 6374
519 339 660 409 1619

1715 339 1778 409 3,
1809 336 2202 404 THEODORI
2229 335 2578 398 STUDITB

3635 331 3771 398 1620

516 471 639 510 nem
661 453 1011 517 exhaustum,
1046 460 1102 508 et
1129 465 1322 508 carnes
1351 449 1664 514 dilanlatas,
1715 457 1774 503 et
1820 456 2118 518 martyres,

2218 447 2432 520 ιῑρέσει·
2466 446 2604 503 ἀλλά
2632 445 2727 502 καὶ
2757 445 2968 517 αῐματα
3011 444 3386 518 ἐκενώθησαν,
3435 447 3530 502 καὶ
3569 448 3775 516 σάρκες

517 554 948 601 consummatos.
1036 543 1212 611 Quam
1277 543 1450 599 multa
1533 557 1695 611 porro
1717 541 1774 595 in
1831 540 2096 596 custodiis

518 639 940 706 carceribusque
990 635 1192 692 inﬂicta
1227 637 1339 691 sint
1383 635 1604 698 acerba,
1661 631 1791 703 quid
1819 647 1959 702 opus
2019 641 2101 686 est

517 731 745 787 dicere?
810 731 1197 802 relegationes,
1224 729 1564 792 abactiones,
1613 734 1805 797 raptus
1825 763 1844 790 ,
1877 724 2099 779 vincula

517 823 716 884 ferrea.
751 824 913 879 famis
952 825 1248 887 cruciatus,
1278 821 1622 886 solitudines,
1675 830 1870 875 caetera
1893 819 2099 884 omnia,

517 933 641 987 qua:
671 917 892 987 longum
918 915 990 970 sit
1013 929 1261 968 narrare.
1321 911 1378 967 Si
1411 927 1542 983 ergo
1589 912 1708 967 hac
1739 913 1813 967 ita
1837 920 1987 978 sunt,
2030 924 2100 964 an

520 1009 892 1080 presbyterum
922 1007 1070 1061 illum
1103 1013 1317 1077 oportet
1348 1008 1463 1076 pari
1489 1005 1804 1060 conditione
1843 1004 1968 1059 hinc
2011 1003 2104 1058 ab-

520 1102 626 1165 ire,
655 1099 1160 1156 immarcescibilem
1196 1099 1382 1168 gloria:
1396 1113 1655 1154 coronam
1691 1095 2104 1167 percepturum?

524 1195 568 1249 l‘l
589 1194 882 1256 contrario,
917 1207 1042 1247 eum
1075 1191 1129 1246 in
1175 1191 1561 1247 communione
1615 1190 1705 1244 ille
1736 1188 2105 1256 deprehensus

524 1286 598 1340 sit
625 1295 788 1353 atque
815 1283 1214 1352 subscriptione
1242 1290 1432 1336 contra
1453 1281 1756 1344 Christum,
1793 1277 2102 1349 Deiparam,

524 1385 581 1433 et
604 1387 825 1432 sanctos
852 1391 1044 1431 omnes
1070 1390 1137 1430 co
1154 1383 1389 1442 ncepta;
1419 1372 1502 1428 sic
1530 1374 1677 1427 enim
1702 1387 1770 1427 se
1792 1386 1878 1426 res
1917 1370 2102 1436 habet,

522 1470 595 1526 ob
623 1469 972 1540 propriarum
1003 1466 1307 1538 imaginum
1345 1465 1663 1520 relationem
1687 1462 1754 1518 ad
1797 1471 2102 1533 prototypa:

523 1579 635 1633 quo
691 1571 855 1632 pacto
879 1577 985 1616 non
1023 1575 1283 1630 magnum
1312 1557 1464 1613 ducit
1485 1557 1632 1627 quod
1663 1557 1832 1621 vivat,
1863 1555 1946 1609 vel
1961 1553 2108 1625 quod

525 1654 748 1710 sceleris
791 1652 1009 1707 veniam
1041 1649 1314 1720 impetret,
1365 1662 1591 1718 prorsus
1613 1645 1861 1701 devitans
1908 1648 1994 1699 vel
2023 1652 2108 1699 at-

525 1747 738 1817 tingere
778 1733 989 1813 ea‘qua‘.
1016 1757 1113 1812 per
1163 1738 1558 1807 indulgentiam
1606 1735 1751 1791 dicta
1803 1743 1972 1800 sunt;
2009 1748 2107 1788 ne-

2197 538 2628 610 κατεξάνθησαν,
2659 537 2755 594 καὶ
2811 539 3093 611 μάρτυρες
3134 539 3605 611 ἀπετελέσθησαν.
3631 541 3776 592 Ὅσα

2197 629 2255 684 δὲ
2281 628 2352 683 τὰ
2388 631 2449 684 ὲν
2493 628 2766 700 φυλακαῖς
2810 630 2908 683 καὶ
2961 629 3207 702 εἱρκταῖς
3251 629 3558 693 κακωτικά,
3590 629 3646 681 τί
3695 629 3780 682 δεῖ

2198 723 2297 776 καὶ
2320 721 2533 791 λέγεινς
2565 722 2665 787 τὰς
2716 722 2954 793 ὲξορίας,
2983 723 3084 786 τὰς
3116 721 3434 790 ἐπαγωγὰς,
3469 722 3567 784 τὰς
3596 721 3781 792 ἁρπα-

2198 812 2326 882 γάς,
2355 813 2456 878 τὰς
2485 811 2826 884 σιδηρώσεις,
2854 813 2956 876 τάς
2983 812 3439 883 λιμαγχονήσεις,
3493 811 3593 874 τὰς
3645 828 3782 881 μον-

2200 903 2363 968 ὠσεις
2382 943 2399 968 ,
2424 905 2496 958 τά
2521 903 2657 959 ἄλλα
2683 904 2884 971 πάντα,
2911 896 2986 958 ὧν
3013 903 3074 956 ού
3109 904 3312 974 μικρᾶς
3361 903 3508 955 ἔστιν
3535 901 3783 971 ἱστορίας

2200 994 2386 1068 ἔργον.
2420 997 2485 1050 El
2513 995 2692 1049 τοίνυν
2713 995 2887 1049 ταῦτα
2907 993 3103 1060 οὕτως,
3133 995 3231 1048 καὶ
3260 994 3375 1048 δεῖν
3399 993 3493 1048 τὸν
3539 991 3786 1063 πρεσϐύ-

2201 1101 2362 1158 τερον
2387 1086 2662 1149 ίσοπαθῶς
2685 1085 2999 1151 διεξελθεῖν,
3031 1083 3398 1154 κομιούμενον
3421 1083 3513 1136 τὸν
3536 1083 3785 1153 ἀμαράν-

2200 1194 2348 1232 τινον
2371 1179 2471 1250 τῆς
2501 1176 2664 1250 δόξης
2696 1178 2996 1248 στέφανονς
3047 1175 3382 1242 τούναντίον,
3416 1174 3605 1244 ἐπειδὴ
3635 1174 3786 1228 ἑάλω

2201 1273 2271 1342 τῇ
2297 1269 2554 1342 κοινωνίᾳ
2581 1271 2676 1324 καὶ
2702 1271 2766 1342 τῇ
2796 1271 3087 1341 ὑπογραφῇ
3111 1271 3176 1340 τῇ
3206 1268 3348 1322 κατά
3390 1267 3648 1340 Χριστοῦ,
3687 1267 3787 1337 τῆς

2202 1376 2266 1414 τε
2298 1361 2505 1433 μητρὸς
2535 1361 2700 1416 αὐτοῦ
2731 1363 2828 1415 καὶ⁵
2854 1361 3074 1415 πάντων
3099 1363 3209 1415 τῶν
3241 1360 3414 1428 ἁγίων
3438 1374 3455 1390 ·
3486 1358 3644 1413 τοῦτο
3675 1360 3788 1430 γάρ

2205 1450 2296 1506 διὰ
2343 1451 2452 1505 τῶν
2482 1453 2698 1506 οίκείων
2745 1451 2972 1506 είκόνων
3020 1452 3056 1523 ἡ
3095 1452 3189 1505 ἐπὶ
3244 1449 3354 1505 τῶν
3407 1449 3789 1522 πρωτοτύπων

2206 1543 2457 1614 ἀναφορά
2478 1558 2492 1571 ’
2523 1543 2641 1608 πῶς
2663 1544 2725 1597 ού
2764 1544 3140 1616 μέγασίηεῖται
3163 1545 3258 1596 καὶ
3284 1543 3345 1596 τὸ
3374 1541 3516 1606 ὅλως
3539 1542 3663 1613 ζῇν,
3693 1543 3789 1595 καὶ

2207 1636 2268 1690 τὸ
2295 1635 2431 1700 ὅλως
2471 1636 2933 1709 συγκεχωρῆσθαι
2965 1635 3115 1706 αύτῷ
3145 1636 3207 1689 τὸ
3239 1637 3504 1706 ἁνόμημα
3530 1652 3544 1665 ·
3567 1634 3788 1702 φεύγων

2209 1724 2550 1800 ἐφάπτεσθαι
2576 1728 2672 1780 καὶ
2699 1724 2809 1778 τῶν
2847 1724 3266 1797 προειρημένων
3295 1722 3440 1776 κατά
3472 1721 3668 1790 φιλανθ
3679 1738 3788 1789 ρω-

525 1813 658 1894 dum
681 1847 734 1892 ut
756 1837 920 1890 licere
944 1834 1046 1889 sibi
1067 1833 1193 1887 velit
1219 1831 1368 1885 omni
1394 1845 1458 1884 ex
1486 1836 1637 1898 parte
1659 1827 1827 1883 sacris
1851 1825 2110 1898 operari?

2218 1815 2338 1870 πίαν
2364 1833 2378 1848 ·
2408 1817 2482 1888 μὴ
2509 1817 2594 1871 ὃτι
2621 1833 2686 1886 γε
2729 1816 2825 1872 καὶ
2876 1817 2936 1884 ἐξ
2987 1816 3281 1887 ὁλοκλήρου
3329 1814 3588 1869 λελύσθαι
3623 1813 3792 1867 αὐτὸν

528 1929 672 2000 Ergo
710 1941 851 1982 vana
882 1935 1011 1981 sunt
1040 1925 1248 1984 omnia.
1277 1931 1334 1977 et
1357 1921 1562 1976 frustra
1617 1919 1903 1991 martyris,
1933 1928 1988 1973 et
2024 1918 2111 1972 iu-

529 2037 749 2077 cassum
777 2018 1042 2074 atlileticte
1071 2015 1449 2072 contentiones
1483 2013 1615 2068 :scd
1641 2013 1786 2068 absit
1812 2015 1825 2067 ί
1865 2011 1930 2066 Et
1965 2026 2113 2065 mar-

534 2123 644 2186 tyr,
681 2122 892 2186 martyr
925 2121 1006 2168 est
1025 2112 1080 2166 in
1107 2111 1211 2165 hac
1237 2108 1587 2164 confes-sione
1614 2124 1629 2172 ;
1664 2116 1720 2162 et
1749 2107 1844 2176 qui
1871 2105 2110 2175 negavit,

532 2207 722 2276 lapsus
742 2215 825 2262 est
849 2206 902 2260 in
939 2204 1042 2260 hac
1080 2201 1410 2271 negatione:
1467 2207 1523 2275 et
1562 2212 1737 2268 usque
1770 2198 1836 2251 ad
1882 2205 2112 2251 mortem

2202 1907 2548 1980 ίερουργεῖν;
2601 1906 2816 1962 Οὐκοῦν
2863 1906 3009 1960 ἕωλα
3055 1908 3123 1961 τά
3173 1908 3377 1970 πάντα,
3421 1907 3518 1959 καὶ
3552 1905 3680 1974 εικῆ
3720 1903 3788 1956 τά

2209 2000 2508 2072 μαρτύρια,
2547 2002 2644 2054 καὶ
2674 2001 2854 2072 μάτην
2879 2000 2937 2054 αἱ
2978 1999 3268 2070 άθλητικαὶ
3309 1999 3592 2062 ἐνστάσεις
3617 2015 3630 2029 ’
3651 1995 3789 2050 ἀλλά

2207 2092 2284 2165 μὴ
2343 2094 2575 2163 γένοιτο.
2630 2094 2744 2149 Καὶ
2784 2095 2814 2147 6
2869 2093 3103 2164 μάρτυς,
3164 2093 3378 2165 μάρτυς
3440 2095 3501 2146 ὲν
3551 2091 3681 2161 τῇδε
3720 2091 3790 2160 τῇ

2203 2185 2496 2258 ὁμολογίαο
2524 2187 2617 2240 καὶ
2651 2186 2684 2240 6
2725 2185 3033 2257 ἠρνημένος
3061 2223 3079 2251 ,
3125 2185 3405 2248 ἐκπτωτος
3453 2185 3515 2237 ὲν
3549 2183 3680 2253 τῇδε
3722 2183 3788 2252 τῇ

532 2299 662 2353 tlere
694 2311 917 2352 necesse
944 2305 1049 2358 est,
1085 2293 1336 2364 quisquis
1377 2291 1565 2363 lapsus
1588 2289 1774 2355 fuerit,
1814 2289 1863 2344 si
1893 2301 1979 2343 tne
2010 2302 2114 2342 auo

2218 2279 2496 2350 ὲξαρνήσει
2520 2293 2536 2309 ο
2567 2279 2662 2332 καὶ
2699 2277 2811 2333 δεῖν
2875 2279 3243 2348 προσκλαίειν
3317 2278 3481 2349 μέχρι
3559 2277 3793 2329 θανάτου

535 2391 647 2446 diat
679 2397 825 2443 recta
857 2385 1256 2443 consulentem.

641 2581 821 2641 CCIV.
875 2611 946 2626 -—-
988 2580 1294 2638 Theodosia:
1347 2582 1600 2651 Augusta:
1652 2587 1702 2633 et
1757 2575 2004 2642 Basilio,

1068 2674 1181 2745 ﬁlio
1207 2673 1322 2743 ejus
1347 2673 1444 2743 (").

2211 2373 2391 2428 πάντα
2435 2374 2527 2428 τὸν
2563 2373 2765 2430 ἁλόντα
2788 2390 2804 2408 ο
2834 2374 2950 2445 εῐγε
2990 2373 3118 2446 ἐμοὶ
3159 2372 3403 2427 πείθοιτο
3459 2371 3614 2442 καλῷ
3657 2388 3796 2442 συμ-

2213 2465 2413 2538 δούλῳ.

2217 2579 2332 2638 ΣΔ⁹.
2388 2580 2500 2654 (98)
2521 2611 2590 2624 -
2621 2581 2912 2651 Θεοδοσίᾳ
2974 2583 3293 2653 Λύγούστῃ
3355 2580 3453 2636 καί
3498 2581 3804 2650 Baecula.

2709 2674 2818 2742 υίῷ
2840 2675 3052 2746 αὐτῆς.
3091 2673 3279 2750 [ωιζ’.]
3315 2688 3323 2694 ‘

1318 2784 1391 2834 De
1420 2784 1730 2836 immaculata
1747 2797 1947 2849 prorsus
1969 2784 2168 2837 Domini
2205 2784 2439 2850 imagine.
2475 2787 2673 2853 (Bacon.
2706 2801 2784 2838 an.
2808 2790 2918 2851 823,
2942 2804 2992 2840 n.
3015 2789 3115 2854 25.)

615 2898 750 2956 Cum
780 2911 847 2952 ex
869 2894 1038 2950 variis
1088 2893 1192 2949 llde
1221 2893 1424 2964 dignis,
1483 2893 1860 2965 imprimisque
1893 2911 1960 2950 ex
1990 2896 2112 2952 'Dei

544 2987 926 3043 amantissimo
955 2984 1115 3049 Isaia,
1141 2985 1422 3055 episcopo,
1473 2993 1528 3039 et
1549 2998 1615 3038 ex
1648 2985 2112 3042 reverendissimo

545 3076 759 3134 Medicii
800 3076 1063 3140 antistite,
1103 3074 1310 3131 sanctis
1369 3073 1624 3130 Patribus
1663 3077 1886 3140 nostris,
1917 3076 1985 3131 de
2024 3093 2114 3131 re-

545 3185 668 3226 rum
709 3177 1016 3225 vestrarum
1061 3175 1206 3224 statu
1246 3166 1668 3236 accepissemus.
1701 3169 1845 3238 quod
1878 3166 1968 3222 Dei
2016 3183 2116 3222 no-

546 3261 645 3317 stri
679 3259 869 3330 optimi
897 3268 1054 3320 nutu,
1094 3256 1161 3312 ad
1199 3256 1416 3328 pietatis
1455 3264 1726 3326 rectaeque
1775 3256 1897 3312 ﬁdei
1947 3259 2114 3312 ratio-

548 3367 674 3408 nem
702 3361 757 3407 et
783 3351 1008 3406 modum
1041 3349 1291 3405 conversi
1327 3348 1544 3404 fueritis
1566 3389 1581 3413 ,
1603 3349 1836 3419 pristino
1879 3351 1997 3404 vale
2037 3351 2122 3405 di-

549 3455 735 3501 centes
761 3444 957 3509 errori,
992 3455 1052 3498 ut
1082 3443 1229 3513 quia
1261 3441 1374 3496 Deo
1403 3457 1510 3496 non
1557 3441 1630 3497 sit
1676 3450 1854 3506 ortus,
1902 3445 1995 3498 sed
2054 3443 2124 3498 ab

549 3538 778 3592 adversa
802 3545 988 3606 parte:
1017 3550 1141 3590 cnm
1171 3534 1360 3606 religio
1389 3544 1478 3589 tua
1506 3550 1574 3592 ex
1655 3535 1741 3604 pia
1777 3535 1851 3590 sit
1906 3535 2122 3602 radice,

553 3629 738 3698 (talem
764 3628 1036 3699 siquidem
1078 3627 1248 3683 fuisse
1302 3627 1582 3684 fatendum
1631 3639 1715 3684 est
1754 3627 1928 3681 virum
1972 3627 2124 3681 illum

556 3723 669 3778 Deo
695 3722 975 3782 dilectum,
1004 3721 1266 3791 omnique
1288 3720 1556 3790 probitate
1577 3717 1978 3791 conspicuum),
2016 3717 2130 3790 egi-

557 3830 681 3870 mus
702 3813 902 3883 gratias
932 3813 1062 3877 Deo,
1094 3813 1188 3883 qui
1222 3827 1331 3866 non
1366 3812 1616 3882 permisit
1656 3826 1759 3866 nos
1795 3811 1846 3864 in
1906 3809 2129 3866 lueresis

556 3907 791 3978 caligine
830 3920 1172 3976 permanere,
1233 3904 1328 3958 sed
1375 3912 1588 3958 mentes
1622 3913 1834 3960 vestras
1869 3901 2012 3958 felici
2043 3903 2130 3956 lu-

559 3998 706 4052 mine
731 3995 996 4067 implevit,
1032 4005 1092 4050 ut
1145 3995 1556 4065 cognosceretis
1608 3993 1795 4050 Jesutn
1849 3994 2130 4050 Christum

562 4089 756 4146 Filium
811 4090 906 4144 Dei
933 4090 987 4142 in
1017 4087 1190 4143 forma
1223 4097 1409 4143 nostra
1449 4103 1542 4158 per
1565 4087 1958 4142 misericordiae
2015 4102 2132 4144 sua:

441 4237 448 4242 ,
559 4182 765 4236 viscera
795 4189 1009 4246 natum,
1043 4187 1103 4234 ut
1131 4179 1447 4250 ﬁgmentum
1476 4193 1636 4233 suum
1675 4178 1744 4232 ab
1774 4177 1993 4233 interitu
2044 4193 2134 4233 re-

559 4274 812 4342 dimeret,
840 4289 992 4329 more
1026 4283 1220 4329 nostro
1237 4271 1460 4343 depingi
1489 4283 1657 4342 atque
1686 4269 1866 4342 eﬂingi
1898 4286 2001 4326 :ne
2025 4287 2132 4342 qua

2307 2897 2405 2952 Ἐκ
2449 2897 2725 2969 διαφόρων
2753 2899 3086 2966 ἀξιοπίστων
3133 2898 3442 2972 προσώπων
3462 2938 3478 2964 .
3505 2900 3672 2968 καίγε
3691 2901 3805 2972 πρὸ

2219 2988 2329 3042 τῶν
2370 2988 2546 3046 ἄλλων
2591 2991 2747 3063 παρά
2792 3009 2851 3046 τε
2901 2991 2995 3045 τοῦ
3037 2991 3455 3061 θεοφιλεστάτου
3494 2993 3804 3046 ἐπισκόπου

2232 3079 2478 3149 Ἠσαίου,
2517 3083 2612 3136 καὶ
2632 3082 2726 3136 τοῦ
2763 3084 3096 3155 τιμιωτάτου
3114 3084 3532 3155 καθηγουμένου
3561 3083 3659 3136 τοῦ
3686 3084 3808 3154 Μη-

2220 3171 2416 3242 δικίου,
2446 3175 2610 3228 ὁσίων
2638 3176 2893 3247 Πατέρων
2929 3176 3087 3248 ἡμῶν
3132 3177 3542 3248 ὲκδιδαχθέντες
3569 3179 3642 3231 τά
3679 3175 3806 3230 καθ’

2222 3264 2390 3336 ὑμᾶς,
2420 3266 2502 3319 ὅτι
2529 3266 2748 3340 εὐδοκία
2775 3267 2869 3320 τοῦ
2900 3268 3248 3339 ὑπεραγάθου
3278 3267 3411 3322 Θεοῦ
3438 3267 3597 3340 ἡμῶν
3629 3283 3809 3337 μεμε-

2224 3358 2680 3430 τεστοιχειώθητε
2713 3361 2793 3424 εἰς
2815 3357 2908 3413 τὸν
2939 3360 3037 3428 τῆς
3061 3358 3348 3421 εὐσεϐείας
3367 3357 3462 3411 καὶ
3487 3356 3809 3427 όρθοδοξίας

2223 3454 2426 3524 τρόπον
2465 3452 2561 3506 καὶ
2597 3452 2756 3522 λόγον
2781 3468 2796 3485 ο
2827 3451 3040 3524 χαίρειν
3064 3453 3373 3522 φράσαντες
3396 3453 3462 3521 τῇ
3501 3451 3675 3504 πάλαι
3704 3468 3807 3504 κα-

2227 3541 2476 3615 κοδοξίᾳ,
2512 3542 2587 3608 ὼς
2616 3544 2717 3598 οὐκ
2756 3545 3011 3616 ὴργμένῃ
3048 3542 3252 3606 θεόθεν,
3273 3540 3389 3596 ἀλλ’
3423 3542 3487 3594 ἐκ
3517 3541 3618 3611 τῆς
3647 3543 3808 3594 ἐναν-

2225 3633 2348 3697 τίας
2381 3635 2621 3706 μερίδος.
2656 3635 2813 3691 Καθδ
2860 3635 2956 3690 καὶ
3011 3634 3266 3706 ὥρμηται
3308 3634 3576 3702 πατρόθεν
3626 3633 3687 3699 ἐξ
3719 3636 3810 3686 εύ-

2229 3722 2422 3786 σεϐοὖς
2449 3723 2608 3796 ῥίζης
2631 3723 2665 3794 ἡ
2702 3723 2770 3796 σὴ
2817 3722 3122 3777 θεοσέϐεια.
3171 3723 3566 3793 Ὀμολογητέον
3591 3722 3703 3794 γάρ
3725 3724 3812 3777 ὅτι

2227 3813 2471 3878 τοιοῦτος
2497 3816 2526 3868 6
2563 3813 2702 3886 ἀνὴρ
2752 3815 2960 3876 ἐκεῖνος
2985 3829 2999 3845 ·
3029 3813 3151 3886 Θεῷ
3191 3829 3254 3867 τε
3301 3813 3672 3884 πεφιλημένος
3714 3816 3815 3867 καὶ

2231 3905 2382 3978 πάσῃ
2392 3905 2769 3978 καλοκαγαθίᾳ
2787 3905 3262 3978 κατηγλαῖσμὲνος
3283 3921 3297 3936 ·
3324 3905 3814 3976 ηὐχαριστήσαμεν

2230 3997 2310 4069 τῷ
2337 3998 2551 4070 Κυρίῳ,
2573 3997 2632 4063 ὃς
2655 3998 2756 4052 ούκ
2785 3997 2969 4052 εἴασεν
2989 3999 3135 4068 ὑμᾶς
3159 3999 3218 4051 ἐν
3245 3995 3326 4069 τῷ
3364 3997 3514 4068 ζόφῳ
3534 3997 3636 4068 τῆς
3659 3997 3816 4068 αἱρέ-

2234 4107 2373 4152 σεως
2397 4090 2668 4162 διαμεῖναι
2692 4106 2706 4120 ·
2737 4091 2854 4146 ἀλλ’
2878 4089 3084 4162 ἔπλησε
3107 4090 3207 4154 τὰς
3237 4089 3415 4161 ψυχάς
3451 4091 3606 4160 ὑμῶν
3627 4091 3816 4144 ὀλϐίου

2235 4183 2414 4253 φωτὸς
2438 4186 2520 4248 είς
2551 4183 2613 4238 τὸ
2638 4184 2964 4254 ἐπιγνῶναι,
2997 4184 3082 4238 ὅτι
3121 4183 3326 4255 Ἰησοῦς
3374 4184 3610 4254 Χριστὸς
3632 4187 3662 4237 6
3688 4183 3818 4246 Υἱὸς

2233 4273 2332 4329 τοῦ
2353 4274 2489 4329 Θεοῦ
2527 4276 2584 4328 ὲν
2617 4275 2696 4348 τῷ
2726 4274 2848 4329 καθ’
2873 4276 3018 4347 ημᾶς
3049 4275 3180 4329 εῖδει
3214 4273 3456 4344 γεγονὼς
3478 4274 3570 4328 διὰ
3604 4274 3820 4343 σπλάγ-

559 4360 636 4420 il'li
665 4367 805 4422 desit
832 4366 1198 4420 humanarum
1239 4364 1635 4434 proprietatum
1668 4378 1684 4415 :
1731 4377 1856 4416 cum
1918 4375 2118 4415 maneal

2236 4384 2339 4439 χνα
2367 4367 2689 4439 οίκτιρμῶν,
2715 4369 2798 4432 είς
2829 4367 2891 4420 τὺ
2917 4365 3310 4421 ἀνασώσασθαι
3334 4366 3396 4420 τὸ
3418 4365 3616 4419 ἑαυτοῦ
3647 4368 3821 4420 ἔκπε-

562 4459 706 4516 idem
773 4458 1318 4528 incircumscriptus:
1387 4463 1662 4526 quatenus
1710 4454 1897 4520 Deus;
1952 4463 2012 4508 ut
2041 4469 2111 4522 qn

2238 4460 2456 4524 πτωκὸς
2483 4461 2564 4524 είς
2589 4459 2795 4532 φθορὰν
2843 4459 3069 4531 πλάσμα
3093 4499 3108 4524 ,
3164 4459 3367 4530 ὁμοίως
3393 4461 3526 4529 ἡμῖν
3558 4458 3823 4524 ἐξεικονί-

562 4565 816 4624 paternas
847 4567 1066 4623 quoque
1136 4565 1331 4607 omnes
1384 4550 1744 4620 proprietates
1779 4548 1883 4603 sub
1946 4548 2118 4602 caden

2241 4551 2394 4617 ζεται
2418 4568 2432 4583 ·
2463 4552 2538 4616 ὡς
2569 4551 2636 4606 ἂν
2661 4552 2828 4623 μηδὲν
2855 4551 3092 4605 λείποιεν
3116 4550 3267 4621 αύτῷ
3310 4551 3419 4605 τῶν
3459 4549 3823 4620 ἀνθρωπίνων

561 4661 791 4717 persona
826 4645 1062 4699 retinet:
1097 4658 1162 4698 ex
1192 4657 1304 4714 quo
1333 4642 1600 4698 mediator
1630 4642 1721 4696 Dei
1755 4650 1808 4695 et
1853 4641 2118 4694 hominum

2244 4645 2584 4717 ίδιωμάτων·
2615 4645 2792 4714 μένων
2823 4645 2900 4708 ὡς
2946 4644 3079 4707 Θεὸς
3125 4645 3335 4708 όαύτδς
3363 4645 3782 4715 ἀπερίγραπτος
3804 4658 3822 4674 ο

561 4737 839 4808 apparuit,
878 4736 1059 4790 medio
1080 4736 1201 4807 ipsa
1247 4743 1489 4790 extrema
1540 4732 1899 4805 participans.
1959 4741 2013 4787 et
2042 4746 2118 4801 pel

2240 4735 2317 4802 ὡς
2344 4736 2441 4790 καὶ
2463 4737 2534 4790 τά
2561 4735 2793 4808 πατρῷα
2828 4734 3096 4807 ίδιώματα
3142 4735 3359 4790 ἅπαντα
3395 4735 3487 4804 ὑφ’
3527 4737 3613 4788 ἑνὶ
3651 4751 3827 4803 προσ-

563 4828 805 4897 seipsum
832 4827 1029 4882 divinae
1058 4841 1158 4880 nos
1183 4834 1392 4880 natura:
1417 4824 1714 4894 participes
1732 4820 1989 4878 eﬂiciens.
2019 4819 2140 4876 Sic-

566 4929 628 4974 ut
667 4921 814 4975 enim
862 4919 980 4973 ﬁeri
1014 4917 1208 4988 nequit
1235 4927 1314 4982 ut,
1351 4915 1494 4971 Deus
1535 4917 1652 4985 ipse
1701 4929 1824 4970 cum
1857 4915 1930 4970 sit
1962 4911 2142 4968 Patri-

567 5027 675 5083 que
701 5013 949 5082 aequalis,
978 5025 1086 5065 non
1119 5020 1497 5065 extraomnem
1526 5011 1597 5065 sit
1620 5007 2146 5078 incircumscriptio-

571 5120 693 5160 nem
724 5103 993 5173 (inﬁnitus
1030 5103 1301 5173 siquidem
1350 5111 1435 5158 est
1465 5102 1608 5157 Dens
1641 5109 1712 5155 .et
1737 5101 2061 5156 interminus
2090 5113 2145 5156 et

574 5195 1191 5266 incomprehensibilis),
1225 5196 1309 5250 sic
1326 5196 1488 5251 etiam
1531 5196 1644 5250 ﬁeri
1674 5210 1780 5250 non
1807 5205 2008 5266 potest,
2042 5202 2143 5260 ut,

570 5305 696 5344 eum
723 5303 850 5343 vere
875 5288 1040 5341 homo
1062 5287 1133 5344 sit
1163 5287 1278 5358 ipse
1302 5331 1318 5354 ,
1351 5299 1405 5342 et
1431 5289 1587 5342 nobis
1624 5289 1819 5344 similis
1853 5288 2030 5344 factus
2051 5301 2146 5355 per

533 5242 545 5290 l

2242 4827 2380 4900 ὡπῳ
2421 4829 2792 4900 κεκτημένος·
2827 4827 2962 4882 καθὸ
3003 4829 3098 4882 καὶ
3145 4829 3372 4899 μεσίτης
3415 4826 3549 4880 Θεοῦ
3595 4827 3696 4881 καὶ
3727 4829 3827 4880 άν-

2246 4919 2484 4993 θρὼπων
2505 4923 2734 4991 πέφηνε,
2762 4922 2830 4992 τῇ
2856 4921 3115 4992 μεσότητι
3143 4923 3258 4984 τοῖς
3280 4919 3471 4990 ἄκροις
3502 4920 3784 4974 κοινωνῶν
3803 4935 3822 4950 ⁸

2244 5011 2342 5066 κα)⁸
2366 5011 2435 5066 δι’
2461 5010 2655 5065 ἑαυτοῦ
2689 5013 2979 5075 κοινωνοὺς
3025 5013 3176 5082 ἡμᾶς
3217 5010 3364 5073 θείας
3407 5009 3626 5080 φύσεως
3649 5013 3824 5081 ἁπερ-

2245 5103 2581 5174 γασάμενος.
2623 5103 2710 5166 Ὠς
2743 5104 2853 5175 γὰρ
2885 5105 2985 5157 οὐκ
3015 5104 3292 5174 ἐνδέχεται
3320 5103 3451 5157 Θεδν
3473 5103 3638 5156 αὑτὸν
3669 5104 3821 5167 ὄντα,

2245 5195 2344 5250 καὶ
2382 5198 2496 5249 ίσον
2521 5194 2600 5265 τῷ
2623 5196 2818 5268 Πατρὶ,
2856 5195 2931 5267 μὴ
2963 5196 3082 5267 οὐχὶ
3106 5196 3212 5260 ἔξω
3255 5197 3602 5269 περιγραφῆς
3636 5191 3778 5248 εἶναι
3803 5209 3821 5224 ·

2246 5287 2473 5357 ἄπειρον
2497 5286 2606 5356 γὰρ
2633 5287 2695 5340 τὸ
2729 5286 2871 5341 θεῖον
2898 5289 2992 5342 καὶ
3019 5289 3270 5360 ἀόριστον
3294 5289 3386 5342 καὶ
3411 5288 3784 5357 ἀπερίληπτον
3801 5299 3820 5314 ⁸

573 5383 778 5448 omnia,
805 5382 946 5436 intra
983 5382 1546 5452 circumscriptionem
1572 5396 1682 5436 non
1710 5391 1948 5437 maneat.
1983 5381 2114 5436 Com

2247 5376 2338 5429 τὸν
2359 5377 2522 5431 αὑτὸν
2545 5377 2610 5439 δὴ
2639 5377 2840 5448 τρόπον
2892 5379 3276 5452 ἀνεγχώρητόν
3331 5381 3480 5434 ἔστιν
3533 5379 3822 5450 ἄνθρωπον

570 5467 936 5544 prehensibile
965 5474 1169 5544 quippe
1198 5484 1282 5530 est
1325 5474 1445 5542 ejus
1475 5489 1698 5545 corpus,
1735 5483 1994 5543 tactuque
2033 5471 2118 5542 μοι

2249 5469 2414 5522 αὑτὸν
2438 5467 2655 5540 ἀληθῶς
2684 5470 2835 5536 ὄντα,
2877 5472 2971 5525 καὶ
3000 5473 3183 5541 ὅμοιον
3206 5474 3341 5543 ἡμῖν
3363 5471 3505 5525 κατά
3530 5472 3708 5526 πάντα
3733 5486 3822 5538 γε·

568 5565 766 5635 pabile,
828 5574 884 5619 et
943 5564 1129 5621 colore
1189 5563 1421 5622 visibile.
1459 5565 1612 5633 Quod
1667 5580 1773 5621 non
1826 5563 2117 5622 conﬁtente

2259 5559 2478 5629 γονότα,
2516 5561 2592 5634 μὴ
2621 5562 2743 5633 οὐχὶ
2763 5566 3112 5637 περιγραφῆς
3133 5563 3267 5619 είσω
3296 5563 3480 5636 μένειν
3504 5579 3522 5598 ο
3551 5574 3818 5635 περιγρα-

2084 5691 2315 5751 NOTAE.

643 5792 682 5862 (°
693 5800 710 5858 )
742 5790 1047 5862 Dogtnatica

2295 5786 2405 5857 (98)
2438 5785 2495 5841 In
2529 5787 2652 5843 cod.
2688 5784 2818 5858 Reg.
2852 5785 2949 5852 σέ.
