  <div class='ocr_page' id='page_1' title='image "/cluster/home/n/w/nwhite01/storage/ocr_20150623/99/hvd.32044024464356/818.png"; bbox 0 0 4102 6374; ppageno 0'>
   <div class='ocr_carea' id='block_1_1' title="bbox 308 304 441 372">
    <p class='ocr_par' dir='ltr' id='par_1_1' title="bbox 308 304 441 372">
     <span class='ocr_line' id='line_1_1' title="bbox 308 304 441 372; baseline 0 0"><span class='ocrx_word' id='word_1_1' title='bbox 308 304 441 372; x_wconf 73' lang='lat'><strong>1621</strong></span> 
     </span>
    </p>
   </div>
   <div class='ocr_carea' id='block_1_2' title="bbox 1491 304 2370 386">
    <p class='ocr_par' dir='ltr' id='par_1_2' title="bbox 1491 304 2370 386">
     <span class='ocr_line' id='line_1_2' title="bbox 1491 304 2370 386; baseline -0.001 -19"><span class='ocrx_word' id='word_1_2' title='bbox 1491 304 2033 368; x_wconf 67' lang='lat' dir='ltr'><strong>EPISTOLARUM</strong></span> <span class='ocrx_word' id='word_1_3' title='bbox 2088 306 2238 369; x_wconf 82' lang='lat' dir='ltr'><strong>LIB.</strong></span> <span class='ocrx_word' id='word_1_4' title='bbox 2282 305 2370 386; x_wconf 80' lang='lat' dir='ltr'><strong>II.</strong></span> 
     </span>
    </p>
   </div>
   <div class='ocr_carea' id='block_1_3' title="bbox 3428 313 3566 378">
    <p class='ocr_par' dir='ltr' id='par_1_3' title="bbox 3428 313 3566 378">
     <span class='ocr_line' id='line_1_3' title="bbox 3428 313 3566 378; baseline -0.007 0"><span class='ocrx_word' id='word_1_5' title='bbox 3428 313 3566 378; x_wconf 69' lang='lat' dir='ltr'><strong>l622</strong></span> 
     </span>
    </p>
   </div>
   <div class='ocr_carea' id='block_1_4' title="bbox 303 417 1878 495">
    <p class='ocr_par' dir='ltr' id='par_1_4' title="bbox 303 417 1877 495">
     <span class='ocr_line' id='line_1_4' title="bbox 303 417 1877 495; baseline -0.002 -17"><span class='ocrx_word' id='word_1_6' title='bbox 303 423 440 478; x_wconf 83' lang='grc' dir='ltr'>πτδν</span> <span class='ocrx_word' id='word_1_7' title='bbox 471 418 622 495; x_wconf 79' lang='lat' dir='ltr'><strong>(cod.</strong></span> <span class='ocrx_word' id='word_1_8' title='bbox 671 417 808 492; x_wconf 81' lang='lat' dir='ltr'><strong>Reg.</strong></span> <span class='ocrx_word' id='word_1_9' title='bbox 859 417 1335 493; x_wconf 75' lang='grc' dir='ltr'>περιληπτὸν]γὰρ</span> <span class='ocrx_word' id='word_1_10' title='bbox 1373 418 1541 474; x_wconf 77' lang='grc' dir='ltr'>αὐτοῦ</span> <span class='ocrx_word' id='word_1_11' title='bbox 1589 421 1652 475; x_wconf 80' lang='grc' dir='ltr'>τὸ</span> <span class='ocrx_word' id='word_1_12' title='bbox 1689 421 1877 492; x_wconf 85' lang='grc' dir='ltr'>σῶμα,</span> 
     </span>
    </p>
   </div>
   <div class='ocr_carea' id='block_1_5' title="bbox 1982 417 3568 495">
    <p class='ocr_par' dir='ltr' id='par_1_5' title="bbox 1982 417 3568 494">
     <span class='ocr_line' id='line_1_5' title="bbox 1982 417 3568 494; baseline 0.008 -20"><span class='ocrx_word' id='word_1_13' title='bbox 1982 417 2328 476; x_wconf 84' lang='lat' dir='ltr'><strong>lconomachf</strong></span> <span class='ocrx_word' id='word_1_14' title='bbox 2349 461 2366 488; x_wconf 93' lang='lat'><strong>,</strong></span> <span class='ocrx_word' id='word_1_15' title='bbox 2396 419 2601 479; x_wconf 78' lang='lat' dir='ltr'><strong>Christi</strong></span> <span class='ocrx_word' id='word_1_16' title='bbox 2641 431 2928 494; x_wconf 72' lang='lat' dir='ltr'><strong>negatores</strong></span> <span class='ocrx_word' id='word_1_17' title='bbox 2943 423 3232 484; x_wconf 82' lang='lat' dir='ltr'><strong>manifeste</strong></span> <span class='ocrx_word' id='word_1_18' title='bbox 3261 426 3394 484; x_wconf 83' lang='lat' dir='ltr'><strong>facti</strong></span> <span class='ocrx_word' id='word_1_19' title='bbox 3439 434 3568 487; x_wconf 82' lang='lat' dir='ltr'><strong>sunt</strong></span> 
     </span>
    </p>
   </div>
   <div class='ocr_carea' id='block_1_6' title="bbox 305 510 1874 586">
    <p class='ocr_par' dir='ltr' id='par_1_6' title="bbox 305 510 1874 586">
     <span class='ocr_line' id='line_1_6' title="bbox 305 510 1874 586; baseline -0.004 -15"><span class='ocrx_word' id='word_1_20' title='bbox 305 516 419 586; x_wconf 75' lang='grc' dir='ltr'><strong>ἁφῇ</strong></span> <span class='ocrx_word' id='word_1_21' title='bbox 446 513 542 568; x_wconf 85' lang='grc' dir='ltr'>καὶ</span> <span class='ocrx_word' id='word_1_22' title='bbox 568 513 728 585; x_wconf 79' lang='grc' dir='ltr'>χροιᾷ</span> <span class='ocrx_word' id='word_1_23' title='bbox 753 511 1180 584; x_wconf 76' lang='grc' dir='ltr'>ψηλαφώμενον.</span> <span class='ocrx_word' id='word_1_24' title='bbox 1211 510 1392 582; x_wconf 86' lang='grc' dir='ltr'><strong>Ὅπερ</strong></span> <span class='ocrx_word' id='word_1_25' title='bbox 1427 512 1525 584; x_wconf 79' lang='grc' dir='ltr'><strong>οὐχ</strong></span> <span class='ocrx_word' id='word_1_26' title='bbox 1547 510 1874 583; x_wconf 82' lang='grc' dir='ltr'>ὁμολογοῦν-</span> 
     </span>
    </p>
   </div>
   <div class='ocr_carea' id='block_1_7' title="bbox 301 603 1877 678">
    <p class='ocr_par' dir='ltr' id='par_1_7' title="bbox 301 603 1877 678">
     <span class='ocr_line' id='line_1_7' title="bbox 301 603 1877 678; baseline -0.003 -15"><span class='ocrx_word' id='word_1_27' title='bbox 301 626 396 673; x_wconf 88' lang='grc' dir='ltr'><strong>τες</strong></span> <span class='ocrx_word' id='word_1_28' title='bbox 427 607 478 662; x_wconf 86' lang='grc' dir='ltr'>οι</span> <span class='ocrx_word' id='word_1_29' title='bbox 523 605 909 678; x_wconf 76' lang='grc' dir='ltr'>Είκονομᾶχοι,</span> <span class='ocrx_word' id='word_1_30' title='bbox 959 603 1378 677; x_wconf 80' lang='grc' dir='ltr'>ἁρνησίχριστοι</span> <span class='ocrx_word' id='word_1_31' title='bbox 1424 604 1696 676; x_wconf 81' lang='grc' dir='ltr'>ἀριδήλως</span> <span class='ocrx_word' id='word_1_32' title='bbox 1736 604 1877 660; x_wconf 85' lang='grc' dir='ltr'>καθ-</span> 
     </span>
    </p>
   </div>
   <div class='ocr_carea' id='block_1_8' title="bbox 301 695 1874 772">
    <p class='ocr_par' dir='ltr' id='par_1_8' title="bbox 301 695 1874 772">
     <span class='ocr_line' id='line_1_8' title="bbox 301 695 1874 772; baseline -0.003 -16"><span class='ocrx_word' id='word_1_33' title='bbox 301 702 588 772; x_wconf 81' lang='grc' dir='ltr'>εστήκασι,</span> <span class='ocrx_word' id='word_1_34' title='bbox 615 698 708 753; x_wconf 84' lang='grc' dir='ltr'><strong>τδν</strong></span> <span class='ocrx_word' id='word_1_35' title='bbox 723 697 1038 770; x_wconf 85' lang='grc' dir='ltr'>ἐνσώματον</span> <span class='ocrx_word' id='word_1_36' title='bbox 1059 695 1350 765; x_wconf 81' lang='grc' dir='ltr'>ἀσώματον</span> <span class='ocrx_word' id='word_1_37' title='bbox 1369 695 1538 749; x_wconf 85' lang='grc' dir='ltr'>ῦπολα</span> <span class='ocrx_word' id='word_1_38' title='bbox 1547 697 1841 767; x_wconf 85' lang='grc' dir='ltr'>μϐάνοντες</span> <span class='ocrx_word' id='word_1_39' title='bbox 1856 712 1874 729; x_wconf 75' lang='grc' dir='ltr'><strong>ο</strong></span> 
     </span>
    </p>
   </div>
   <div class='ocr_carea' id='block_1_9' title="bbox 301 786 1878 863">
    <p class='ocr_par' dir='ltr' id='par_1_9' title="bbox 301 786 1878 863">
     <span class='ocr_line' id='line_1_9' title="bbox 301 786 1878 863; baseline -0.004 -15"><span class='ocrx_word' id='word_1_40' title='bbox 301 794 398 848; x_wconf 79' lang='grc' dir='ltr'>καὶ</span> <span class='ocrx_word' id='word_1_41' title='bbox 432 791 524 847; x_wconf 85' lang='grc' dir='ltr'><strong>τδν</strong></span> <span class='ocrx_word' id='word_1_42' title='bbox 559 791 678 863; x_wconf 76' lang='grc' dir='ltr'>μεθ’</span> <span class='ocrx_word' id='word_1_43' title='bbox 715 790 873 861; x_wconf 83' lang='grc' dir='ltr'>ἡμῶν</span> <span class='ocrx_word' id='word_1_44' title='bbox 902 786 1168 859; x_wconf 82' lang='grc' dir='ltr'><strong>γεγονότα</strong></span> <span class='ocrx_word' id='word_1_45' title='bbox 1196 786 1301 852; x_wconf 75' lang='grc' dir='ltr'>ἔξω</span> <span class='ocrx_word' id='word_1_46' title='bbox 1325 789 1428 860; x_wconf 80' lang='grc' dir='ltr'><strong>τῆς</strong></span> <span class='ocrx_word' id='word_1_47' title='bbox 1454 790 1576 842; x_wconf 75' lang='grc' dir='ltr'>καθ’</span> <span class='ocrx_word' id='word_1_48' title='bbox 1599 788 1748 860; x_wconf 75' lang='grc' dir='ltr'><strong>ήμᾶς</strong></span> <span class='ocrx_word' id='word_1_49' title='bbox 1777 787 1878 858; x_wconf 81' lang='grc' dir='ltr'><strong>φύ-</strong></span> 
     </span>
    </p>
   </div>
   <div class='ocr_carea' id='block_1_10' title="bbox 303 880 1874 954">
    <p class='ocr_par' dir='ltr' id='par_1_10' title="bbox 303 880 1874 954">
     <span class='ocr_line' id='line_1_10' title="bbox 303 880 1874 954; baseline -0.004 -14"><span class='ocrx_word' id='word_1_50' title='bbox 303 903 441 948; x_wconf 90' lang='grc' dir='ltr'>σεως</span> <span class='ocrx_word' id='word_1_51' title='bbox 491 883 930 954; x_wconf 77' lang='grc' dir='ltr'>δογματίζοντες.</span> <span class='ocrx_word' id='word_1_52' title='bbox 977 880 1260 936; x_wconf 81' lang='grc' dir='ltr'><strong>Ἐντεῦθεν</strong></span> <span class='ocrx_word' id='word_1_53' title='bbox 1298 881 1525 952; x_wconf 78' lang='grc' dir='ltr'><strong>ἐδυνήθη</strong></span> <span class='ocrx_word' id='word_1_54' title='bbox 1565 884 1594 936; x_wconf 88' lang='grc' dir='ltr'><strong>ό</strong></span> <span class='ocrx_word' id='word_1_55' title='bbox 1628 881 1874 954; x_wconf 81' lang='grc' dir='ltr'>κόσμοςο</span> 
     </span>
    </p>
   </div>
   <div class='ocr_carea' id='block_1_11' title="bbox 299 970 1875 1046">
    <p class='ocr_par' dir='ltr' id='par_1_11' title="bbox 299 970 1875 1046">
     <span class='ocr_line' id='line_1_11' title="bbox 299 970 1875 1046; baseline 0 -20"><span class='ocrx_word' id='word_1_56' title='bbox 299 975 512 1046; x_wconf 75' lang='grc' dir='ltr'>ἠρνήθη</span> <span class='ocrx_word' id='word_1_57' title='bbox 541 974 774 1046; x_wconf 84' lang='grc' dir='ltr'>Χριστὸς</span> <span class='ocrx_word' id='word_1_58' title='bbox 811 972 900 1027; x_wconf 78' lang='grc' dir='ltr'>διὰ</span> <span class='ocrx_word' id='word_1_59' title='bbox 921 972 1023 1044; x_wconf 83' lang='grc' dir='ltr'>τῆς</span> <span class='ocrx_word' id='word_1_60' title='bbox 1057 970 1266 1040; x_wconf 76' lang='grc' dir='ltr'>σεπτῆς</span> <span class='ocrx_word' id='word_1_61' title='bbox 1287 972 1450 1026; x_wconf 75' lang='grc' dir='ltr'>αὑτοῦ</span> <span class='ocrx_word' id='word_1_62' title='bbox 1475 975 1686 1037; x_wconf 72' lang='grc' dir='ltr'>εἰκόνος</span> <span class='ocrx_word' id='word_1_63' title='bbox 1706 988 1719 1002; x_wconf 70' lang='grc'><strong>⁸</strong></span> <span class='ocrx_word' id='word_1_64' title='bbox 1760 974 1794 1044; x_wconf 78' lang='grc' dir='ltr'>ἦ</span> <span class='ocrx_word' id='word_1_65' title='bbox 1815 989 1875 1026; x_wconf 88' lang='grc' dir='ltr'><strong>τε</strong></span> 
     </span>
    </p>
   </div>
   <div class='ocr_carea' id='block_1_12' title="bbox 299 1063 1874 1137">
    <p class='ocr_par' dir='ltr' id='par_1_12' title="bbox 299 1063 1874 1137">
     <span class='ocr_line' id='line_1_12' title="bbox 299 1063 1874 1137; baseline 0 -16"><span class='ocrx_word' id='word_1_66' title='bbox 299 1068 584 1132; x_wconf 87' lang='grc' dir='ltr'>Θεοτόκος,</span> <span class='ocrx_word' id='word_1_67' title='bbox 617 1067 712 1122; x_wconf 74' lang='grc' dir='ltr'>καὶ</span> <span class='ocrx_word' id='word_1_68' title='bbox 742 1067 850 1129; x_wconf 81' lang='grc' dir='ltr'><strong>πᾶς</strong></span> <span class='ocrx_word' id='word_1_69' title='bbox 886 1082 973 1129; x_wconf 89' lang='grc' dir='ltr'>τις</span> <span class='ocrx_word' id='word_1_70' title='bbox 996 1063 1105 1118; x_wconf 86' lang='grc' dir='ltr'>τῶν</span> <span class='ocrx_word' id='word_1_71' title='bbox 1129 1064 1324 1132; x_wconf 81' lang='grc' dir='ltr'>ἁγίων.</span> <span class='ocrx_word' id='word_1_72' title='bbox 1350 1064 1430 1136; x_wconf 77' lang='grc' dir='ltr'>Τῇ</span> <span class='ocrx_word' id='word_1_73' title='bbox 1462 1064 1572 1136; x_wconf 85' lang='grc' dir='ltr'>γὰρ</span> <span class='ocrx_word' id='word_1_74' title='bbox 1591 1065 1874 1137; x_wconf 83' lang='grc' dir='ltr'>παραδοχῇ</span> 
     </span>
    </p>
   </div>
   <div class='ocr_carea' id='block_1_13' title="bbox 298 1155 1879 1229">
    <p class='ocr_par' dir='ltr' id='par_1_13' title="bbox 298 1155 1879 1229">
     <span class='ocr_line' id='line_1_13' title="bbox 298 1155 1879 1229; baseline -0.002 -16"><span class='ocrx_word' id='word_1_75' title='bbox 298 1159 399 1229; x_wconf 80' lang='grc' dir='ltr'><strong>τῆς</strong></span> <span class='ocrx_word' id='word_1_76' title='bbox 432 1159 639 1222; x_wconf 73' lang='grc' dir='ltr'>εἰκόνος</span> <span class='ocrx_word' id='word_1_77' title='bbox 687 1156 1088 1228; x_wconf 81' lang='grc' dir='ltr'><strong>παραδέδεκται</strong></span> <span class='ocrx_word' id='word_1_78' title='bbox 1131 1157 1160 1209; x_wconf 87' lang='grc' dir='ltr'><strong>ό</strong></span> <span class='ocrx_word' id='word_1_79' title='bbox 1204 1155 1601 1226; x_wconf 75' lang='grc' dir='ltr'>είκονιζόμενος</span> <span class='ocrx_word' id='word_1_80' title='bbox 1626 1172 1641 1188; x_wconf 88' lang='grc'><strong>·</strong></span> <span class='ocrx_word' id='word_1_81' title='bbox 1670 1156 1747 1220; x_wconf 82' lang='grc' dir='ltr'>ὡς</span> <span class='ocrx_word' id='word_1_82' title='bbox 1783 1157 1879 1210; x_wconf 77' lang='grc' dir='ltr'>καὶ</span> 
     </span>
    </p>
   </div>
   <div class='ocr_carea' id='block_1_14' title="bbox 301 1247 1880 1323">
    <p class='ocr_par' dir='ltr' id='par_1_14' title="bbox 301 1247 1880 1323">
     <span class='ocr_line' id='line_1_14' title="bbox 301 1247 1880 1323; baseline -0.001 -19"><span class='ocrx_word' id='word_1_83' title='bbox 301 1251 538 1323; x_wconf 73' lang='grc' dir='ltr'>ἔμπαλιν</span> <span class='ocrx_word' id='word_1_84' title='bbox 586 1252 652 1322; x_wconf 77' lang='grc' dir='ltr'>τῇ</span> <span class='ocrx_word' id='word_1_85' title='bbox 725 1249 981 1321; x_wconf 84' lang='grc' dir='ltr'>ἀθετήσει</span> <span class='ocrx_word' id='word_1_86' title='bbox 1033 1248 1315 1320; x_wconf 78' lang='grc' dir='ltr'>ήθέτηται.</span> <span class='ocrx_word' id='word_1_87' title='bbox 1379 1247 1663 1302; x_wconf 79' lang='grc' dir='ltr'><strong>Ἐντεῦθεν</strong></span> <span class='ocrx_word' id='word_1_88' title='bbox 1716 1249 1880 1318; x_wconf 87' lang='grc' dir='ltr'>διωγ-</span> 
     </span>
    </p>
   </div>
   <div class='ocr_carea' id='block_1_15' title="bbox 307 1339 1878 1414">
    <p class='ocr_par' dir='ltr' id='par_1_15' title="bbox 307 1339 1878 1414">
     <span class='ocr_line' id='line_1_15' title="bbox 307 1339 1878 1414; baseline -0.002 -18"><span class='ocrx_word' id='word_1_89' title='bbox 307 1343 404 1414; x_wconf 79' lang='grc' dir='ltr'>μὸς</span> <span class='ocrx_word' id='word_1_90' title='bbox 449 1341 924 1414; x_wconf 76' lang='grc' dir='ltr'>ἀναϐρασσόμενος</span> <span class='ocrx_word' id='word_1_91' title='bbox 951 1382 966 1407; x_wconf 94' lang='grc'><strong>,</strong></span> <span class='ocrx_word' id='word_1_92' title='bbox 1013 1342 1110 1395; x_wconf 74' lang='grc' dir='ltr'><strong>καὶ</strong></span> <span class='ocrx_word' id='word_1_93' title='bbox 1171 1340 1519 1412; x_wconf 79' lang='grc' dir='ltr'><strong>πατριάρχης</strong></span> <span class='ocrx_word' id='word_1_94' title='bbox 1587 1339 1878 1404; x_wconf 80' lang='grc' dir='ltr'><strong>θεσπέσιος</strong></span> 
     </span>
    </p>
   </div>
   <div class='ocr_carea' id='block_1_16' title="bbox 301 1429 1879 1506">
    <p class='ocr_par' dir='ltr' id='par_1_16' title="bbox 301 1429 1879 1506">
     <span class='ocr_line' id='line_1_16' title="bbox 301 1429 1879 1506; baseline -0.003 -18"><span class='ocrx_word' id='word_1_95' title='bbox 301 1432 850 1506; x_wconf 76' lang='grc' dir='ltr'>ἐκσκορακιζόμενος,</span> <span class='ocrx_word' id='word_1_96' title='bbox 881 1433 1050 1504; x_wconf 85' lang='grc' dir='ltr'>ίερεῖς</span> <span class='ocrx_word' id='word_1_97' title='bbox 1075 1449 1138 1485; x_wconf 87' lang='grc' dir='ltr'><strong>τε</strong></span> <span class='ocrx_word' id='word_1_98' title='bbox 1168 1432 1264 1486; x_wconf 57' lang='grc' dir='ltr'><strong>καὶ⁸</strong></span> <span class='ocrx_word' id='word_1_99' title='bbox 1297 1433 1568 1502; x_wconf 79' lang='grc' dir='ltr'><strong>ἱερὰρχαι,</strong></span> <span class='ocrx_word' id='word_1_100' title='bbox 1607 1429 1879 1500; x_wconf 86' lang='grc' dir='ltr'>μονασταί</span> 
     </span>
    </p>
   </div>
   <div class='ocr_carea' id='block_1_17' title="bbox 301 1522 1880 1597">
    <p class='ocr_par' dir='ltr' id='par_1_17' title="bbox 301 1522 1880 1597">
     <span class='ocr_line' id='line_1_17' title="bbox 301 1522 1880 1597; baseline -0.004 -15"><span class='ocrx_word' id='word_1_101' title='bbox 301 1545 360 1582; x_wconf 87' lang='grc' dir='ltr'><strong>τε</strong></span> <span class='ocrx_word' id='word_1_102' title='bbox 390 1527 487 1581; x_wconf 77' lang='grc' dir='ltr'>καὶ</span> <span class='ocrx_word' id='word_1_103' title='bbox 520 1526 744 1597; x_wconf 79' lang='grc' dir='ltr'><strong>μιγάδες</strong></span> <span class='ocrx_word' id='word_1_104' title='bbox 771 1524 1115 1590; x_wconf 84' lang='grc' dir='ltr'>ἐνθεώτατοι,</span> <span class='ocrx_word' id='word_1_105' title='bbox 1151 1525 1201 1578; x_wconf 84' lang='grc' dir='ltr'>οῑ</span> <span class='ocrx_word' id='word_1_106' title='bbox 1247 1526 1347 1596; x_wconf 82' lang='grc' dir='ltr'>μὲν</span> <span class='ocrx_word' id='word_1_107' title='bbox 1388 1523 1754 1596; x_wconf 77' lang='grc' dir='ltr'>ἐξοριζόμενοι</span> <span class='ocrx_word' id='word_1_108' title='bbox 1783 1522 1880 1577; x_wconf 66' lang='grc' dir='ltr'><strong>καὶΙ</strong></span> 
     </span>
    </p>
   </div>
   <div class='ocr_carea' id='block_1_18' title="bbox 302 1613 1878 1688">
    <p class='ocr_par' dir='ltr' id='par_1_18' title="bbox 302 1613 1878 1688">
     <span class='ocr_line' id='line_1_18' title="bbox 302 1613 1878 1688; baseline -0.001 -18"><span class='ocrx_word' id='word_1_109' title='bbox 302 1616 724 1688; x_wconf 75' lang='grc' dir='ltr'>φυλακιζόμενοι</span> <span class='ocrx_word' id='word_1_110' title='bbox 749 1632 765 1648; x_wconf 81' lang='grc' dir='ltr'><strong>ο</strong></span> <span class='ocrx_word' id='word_1_111' title='bbox 805 1616 984 1686; x_wconf 70' lang='grc' dir='ltr'>ἕτεροι</span> <span class='ocrx_word' id='word_1_112' title='bbox 1009 1614 1067 1669; x_wconf 81' lang='grc' dir='ltr'>δὲ</span> <span class='ocrx_word' id='word_1_113' title='bbox 1096 1614 1544 1688; x_wconf 84' lang='grc' dir='ltr'>μαστιγούμενοι,</span> <span class='ocrx_word' id='word_1_114' title='bbox 1597 1615 1692 1668; x_wconf 76' lang='grc' dir='ltr'><strong>καὶ</strong></span> <span class='ocrx_word' id='word_1_115' title='bbox 1720 1613 1878 1684; x_wconf 88' lang='grc' dir='ltr'>λιμο-</span> 
     </span>
    </p>
   </div>
   <div class='ocr_carea' id='block_1_19' title="bbox 303 1704 1878 1777">
    <p class='ocr_par' dir='ltr' id='par_1_19' title="bbox 303 1704 1878 1777">
     <span class='ocr_line' id='line_1_19' title="bbox 303 1704 1878 1777; baseline -0.001 -17"><span class='ocrx_word' id='word_1_116' title='bbox 303 1705 686 1777; x_wconf 72' lang='grc' dir='ltr'><strong>κτονοῦμενοι⁹</strong></span> <span class='ocrx_word' id='word_1_117' title='bbox 720 1704 928 1759; x_wconf 61' lang='lat' dir='ltr'><strong>emotae</strong></span> <span class='ocrx_word' id='word_1_118' title='bbox 972 1707 1067 1759; x_wconf 75' lang='grc' dir='ltr'><strong>καὶ</strong></span> <span class='ocrx_word' id='word_1_119' title='bbox 1112 1706 1557 1776; x_wconf 83' lang='grc' dir='ltr'>ἀποκτενόμενοι.</span> <span class='ocrx_word' id='word_1_120' title='bbox 1596 1705 1878 1759; x_wconf 80' lang='grc' dir='ltr'>Ἐντεῦθεν</span> 
     </span>
    </p>
   </div>
   <div class='ocr_carea' id='block_1_20' title="bbox 1970 515 3566 597">
    <p class='ocr_par' dir='ltr' id='par_1_20' title="bbox 1970 515 3566 597">
     <span class='ocr_line' id='line_1_20' title="bbox 1970 515 3566 597; baseline 0.006 -27"><span class='ocrx_word' id='word_1_121' title='bbox 1970 525 2323 585; x_wconf 85' lang='lat' dir='ltr'><strong>corporatum</strong></span> <span class='ocrx_word' id='word_1_122' title='bbox 2389 515 2772 587; x_wconf 88' lang='lat' dir='ltr'><strong>incorporeum</strong></span> <span class='ocrx_word' id='word_1_123' title='bbox 2809 519 3160 588; x_wconf 75' lang='lat' dir='ltr'><strong>arbitrantes,</strong></span> <span class='ocrx_word' id='word_1_124' title='bbox 3192 536 3432 594; x_wconf 88' lang='lat' dir='ltr'><strong>cumque</strong></span> <span class='ocrx_word' id='word_1_125' title='bbox 3471 526 3566 597; x_wconf 90' lang='lat' dir='ltr'><strong>qui</strong></span> 
     </span>
    </p>
   </div>
   <div class='ocr_carea' id='block_1_21' title="bbox 1971 607 3570 684">
    <p class='ocr_par' dir='ltr' id='par_1_21' title="bbox 1971 607 3570 684">
     <span class='ocr_line' id='line_1_21' title="bbox 1971 607 3570 684; baseline 0.006 -22"><span class='ocrx_word' id='word_1_126' title='bbox 1971 607 2274 676; x_wconf 70' lang='lat' dir='ltr'><strong>nobiscum,</strong></span> <span class='ocrx_word' id='word_1_127' title='bbox 2295 616 2458 664; x_wconf 86' lang='lat' dir='ltr'><strong>natus</strong></span> <span class='ocrx_word' id='word_1_128' title='bbox 2511 617 2615 672; x_wconf 89' lang='lat' dir='ltr'><strong>est,</strong></span> <span class='ocrx_word' id='word_1_129' title='bbox 2658 618 2867 666; x_wconf 69' lang='lat' dir='ltr'><strong>natura:</strong></span> <span class='ocrx_word' id='word_1_130' title='bbox 2903 621 3106 667; x_wconf 82' lang='lat' dir='ltr'><strong>nostrae</strong></span> <span class='ocrx_word' id='word_1_131' title='bbox 3151 622 3430 684; x_wconf 81' lang='lat' dir='ltr'><strong>expertem</strong></span> <span class='ocrx_word' id='word_1_132' title='bbox 3474 618 3570 671; x_wconf 80' lang='lat' dir='ltr'><strong>de.</strong></span> 
     </span>
    </p>
   </div>
   <div class='ocr_carea' id='block_1_22' title="bbox 1973 687 3705 772">
    <p class='ocr_par' dir='ltr' id='par_1_22' title="bbox 1973 687 3705 772">
     <span class='ocr_line' id='line_1_22' title="bbox 1973 687 3705 772; baseline 0.004 -23"><span class='ocrx_word' id='word_1_133' title='bbox 1973 703 2280 750; x_wconf 82' lang='lat' dir='ltr'><strong>cernentes.</strong></span> <span class='ocrx_word' id='word_1_134' title='bbox 2317 693 2457 750; x_wconf 79' lang='lat' dir='ltr'><strong>Hinc</strong></span> <span class='ocrx_word' id='word_1_135' title='bbox 2486 712 2790 754; x_wconf 90' lang='lat' dir='ltr'><strong>concussus</strong></span> <span class='ocrx_word' id='word_1_136' title='bbox 2817 707 2901 754; x_wconf 90' lang='lat' dir='ltr'><strong>est</strong></span> <span class='ocrx_word' id='word_1_137' title='bbox 2924 701 3160 755; x_wconf 80' lang='lat' dir='ltr'><strong>mundus</strong></span> <span class='ocrx_word' id='word_1_138' title='bbox 3193 719 3209 756; x_wconf 89' lang='lat'><strong>:</strong></span> <span class='ocrx_word' id='word_1_139' title='bbox 3237 712 3468 772; x_wconf 82' lang='lat' dir='ltr'><strong>negatus</strong></span> <span class='ocrx_word' id='word_1_140' title='bbox 3484 711 3570 759; x_wconf 89' lang='lat' dir='ltr'><strong>est</strong></span> <span class='ocrx_word' id='word_1_141' title='bbox 3682 687 3705 704; x_wconf 79' lang='grc'><em>’</em></span> 
     </span>
    </p>
   </div>
   <div class='ocr_carea' id='block_1_23' title="bbox 1973 787 3563 861">
    <p class='ocr_par' dir='ltr' id='par_1_23' title="bbox 1973 787 3563 861">
     <span class='ocr_line' id='line_1_23' title="bbox 1973 787 3563 861; baseline 0.007 -21"><span class='ocrx_word' id='word_1_142' title='bbox 1973 800 2072 856; x_wconf 88' lang='lat' dir='ltr'><strong>per</strong></span> <span class='ocrx_word' id='word_1_143' title='bbox 2100 787 2463 842; x_wconf 87' lang='lat' dir='ltr'><strong>venerandam</strong></span> <span class='ocrx_word' id='word_1_144' title='bbox 2518 788 2810 859; x_wconf 81' lang='lat' dir='ltr'><strong>imaginem</strong></span> <span class='ocrx_word' id='word_1_145' title='bbox 2839 805 2994 846; x_wconf 88' lang='lat' dir='ltr'><strong>suam</strong></span> <span class='ocrx_word' id='word_1_146' title='bbox 3041 792 3317 861; x_wconf 87' lang='lat' dir='ltr'><strong>Christus,</strong></span> <span class='ocrx_word' id='word_1_147' title='bbox 3359 805 3410 851; x_wconf 91' lang='lat' dir='ltr'><strong>et</strong></span> <span class='ocrx_word' id='word_1_148' title='bbox 3441 794 3563 851; x_wconf 89' lang='lat' dir='ltr'><strong>Dei-</strong></span> 
     </span>
    </p>
   </div>
   <div class='ocr_carea' id='block_1_24' title="bbox 1975 881 3558 957">
    <p class='ocr_par' dir='ltr' id='par_1_24' title="bbox 1975 881 3558 957">
     <span class='ocr_line' id='line_1_24' title="bbox 1975 881 3558 957; baseline 0.006 -25"><span class='ocrx_word' id='word_1_149' title='bbox 1975 893 2130 948; x_wconf 87' lang='lat' dir='ltr'><strong>para,</strong></span> <span class='ocrx_word' id='word_1_150' title='bbox 2177 889 2229 933; x_wconf 92' lang='lat' dir='ltr'><strong>et</strong></span> <span class='ocrx_word' id='word_1_151' title='bbox 2257 881 2432 934; x_wconf 79' lang='lat' dir='ltr'><strong>sancti</strong></span> <span class='ocrx_word' id='word_1_152' title='bbox 2462 894 2675 936; x_wconf 91' lang='lat' dir='ltr'><strong>omnes.</strong></span> <span class='ocrx_word' id='word_1_153' title='bbox 2703 882 2810 937; x_wconf 90' lang='lat' dir='ltr'><strong>Per</strong></span> <span class='ocrx_word' id='word_1_154' title='bbox 2838 883 3090 954; x_wconf 80' lang='lat' dir='ltr'><strong>imaginis</strong></span> <span class='ocrx_word' id='word_1_155' title='bbox 3117 885 3262 938; x_wconf 87' lang='lat' dir='ltr'><strong>enim</strong></span> <span class='ocrx_word' id='word_1_156' title='bbox 3291 887 3558 957; x_wconf 84' lang='lat' dir='ltr'><strong>receptio-</strong></span> 
     </span>
    </p>
   </div>
   <div class='ocr_carea' id='block_1_25' title="bbox 1977 966 3571 1044">
    <p class='ocr_par' dir='ltr' id='par_1_25' title="bbox 1977 966 3571 1044">
     <span class='ocr_line' id='line_1_25' title="bbox 1977 966 3571 1044; baseline 0.005 -24"><span class='ocrx_word' id='word_1_157' title='bbox 1977 981 2100 1020; x_wconf 90' lang='lat' dir='ltr'><strong>nem</strong></span> <span class='ocrx_word' id='word_1_158' title='bbox 2139 966 2401 1036; x_wconf 71' lang='lat' dir='ltr'><strong>recipitur</strong></span> <span class='ocrx_word' id='word_1_159' title='bbox 2429 967 2476 1022; x_wconf 89' lang='lat' dir='ltr'><strong>is</strong></span> <span class='ocrx_word' id='word_1_160' title='bbox 2511 967 2674 1038; x_wconf 81' lang='lat' dir='ltr'><strong>cujus</strong></span> <span class='ocrx_word' id='word_1_161' title='bbox 2700 977 2785 1024; x_wconf 89' lang='lat' dir='ltr'><strong>est</strong></span> <span class='ocrx_word' id='word_1_162' title='bbox 2827 970 3005 1041; x_wconf 89' lang='lat' dir='ltr'><strong>imago</strong></span> <span class='ocrx_word' id='word_1_163' title='bbox 3041 972 3224 1027; x_wconf 89' lang='lat' dir='ltr'><strong>:sicut</strong></span> <span class='ocrx_word' id='word_1_164' title='bbox 3249 984 3436 1028; x_wconf 89' lang='lat' dir='ltr'><strong>contra</strong></span> <span class='ocrx_word' id='word_1_165' title='bbox 3475 990 3571 1044; x_wconf 89' lang='lat' dir='ltr'><strong>per</strong></span> 
     </span>
    </p>
   </div>
   <div class='ocr_carea' id='block_1_26' title="bbox 1977 1057 3632 1134">
    <p class='ocr_par' dir='ltr' id='par_1_26' title="bbox 1977 1057 3632 1134">
     <span class='ocr_line' id='line_1_26' title="bbox 1977 1057 3632 1134; baseline 0.005 -21"><span class='ocrx_word' id='word_1_166' title='bbox 1977 1057 2332 1128; x_wconf 84' lang='lat' dir='ltr'><strong>rejectionem</strong></span> <span class='ocrx_word' id='word_1_167' title='bbox 2361 1059 2626 1128; x_wconf 89' lang='lat' dir='ltr'><strong>rejicitur.</strong></span> <span class='ocrx_word' id='word_1_168' title='bbox 2675 1059 2816 1117; x_wconf 85' lang='lat' dir='ltr'><strong>Hinc</strong></span> <span class='ocrx_word' id='word_1_169' title='bbox 2845 1064 3075 1118; x_wconf 80' lang='lat' dir='ltr'><strong>ebulliit</strong></span> <span class='ocrx_word' id='word_1_170' title='bbox 3104 1065 3411 1134; x_wconf 87' lang='lat' dir='ltr'><strong>persecutio</strong></span> <span class='ocrx_word' id='word_1_171' title='bbox 3444 1107 3460 1132; x_wconf 93' lang='lat'><strong>,</strong></span> <span class='ocrx_word' id='word_1_172' title='bbox 3504 1075 3559 1121; x_wconf 90' lang='lat' dir='ltr'><strong>et</strong></span> <span class='ocrx_word' id='word_1_173' title='bbox 3629 1128 3632 1130; x_wconf 17' lang='grc' dir='ltr'><strong>γ</strong></span> 
     </span>
    </p>
   </div>
   <div class='ocr_carea' id='block_1_27' title="bbox 1979 1150 3568 1227">
    <p class='ocr_par' dir='ltr' id='par_1_27' title="bbox 1979 1150 3568 1227">
     <span class='ocr_line' id='line_1_27' title="bbox 1979 1150 3568 1227; baseline 0.004 -23"><span class='ocrx_word' id='word_1_174' title='bbox 1979 1150 2200 1205; x_wconf 88' lang='lat' dir='ltr'><strong>divinus</strong></span> <span class='ocrx_word' id='word_1_175' title='bbox 2238 1151 2551 1221; x_wconf 80' lang='lat' dir='ltr'><strong>patriarcha</strong></span> <span class='ocrx_word' id='word_1_176' title='bbox 2611 1152 2884 1222; x_wconf 82' lang='lat' dir='ltr'><strong>relegatus</strong></span> <span class='ocrx_word' id='word_1_177' title='bbox 2919 1163 3026 1220; x_wconf 88' lang='lat' dir='ltr'><strong>est,</strong></span> <span class='ocrx_word' id='word_1_178' title='bbox 3058 1157 3370 1211; x_wconf 83' lang='lat' dir='ltr'><strong>sacerdotes</strong></span> <span class='ocrx_word' id='word_1_179' title='bbox 3404 1165 3568 1227; x_wconf 89' lang='lat' dir='ltr'><strong>atque</strong></span> 
     </span>
    </p>
   </div>
   <div class='ocr_carea' id='block_1_28' title="bbox 1976 1244 3565 1315">
    <p class='ocr_par' dir='ltr' id='par_1_28' title="bbox 1976 1244 3565 1315">
     <span class='ocr_line' id='line_1_28' title="bbox 1976 1244 3565 1315; baseline 0.003 -17"><span class='ocrx_word' id='word_1_180' title='bbox 1976 1244 2242 1314; x_wconf 90' lang='lat' dir='ltr'><strong>episcopi,</strong></span> <span class='ocrx_word' id='word_1_181' title='bbox 2309 1245 2566 1301; x_wconf 85' lang='lat' dir='ltr'><strong>monachi</strong></span> <span class='ocrx_word' id='word_1_182' title='bbox 2623 1255 2678 1301; x_wconf 89' lang='lat' dir='ltr'><strong>et</strong></span> <span class='ocrx_word' id='word_1_183' title='bbox 2727 1249 3019 1303; x_wconf 76' lang='lat' dir='ltr'><strong>szecuiares</strong></span> <span class='ocrx_word' id='word_1_184' title='bbox 3060 1249 3420 1315; x_wconf 87' lang='lat' dir='ltr'><strong>sanctissimi,</strong></span> <span class='ocrx_word' id='word_1_185' title='bbox 3473 1250 3565 1304; x_wconf 88' lang='lat' dir='ltr'><strong>alii</strong></span> 
     </span>
    </p>
   </div>
   <div class='ocr_carea' id='block_1_29' title="bbox 1977 1334 3569 1403">
    <p class='ocr_par' dir='ltr' id='par_1_29' title="bbox 1977 1334 3569 1403">
     <span class='ocr_line' id='line_1_29' title="bbox 1977 1334 3569 1403; baseline 0.003 -14"><span class='ocrx_word' id='word_1_186' title='bbox 1977 1334 2172 1389; x_wconf 81' lang='lat' dir='ltr'><strong>exsilio</strong></span> <span class='ocrx_word' id='word_1_187' title='bbox 2202 1342 2258 1389; x_wconf 89' lang='lat' dir='ltr'><strong>et</strong></span> <span class='ocrx_word' id='word_1_188' title='bbox 2287 1335 2603 1390; x_wconf 86' lang='lat' dir='ltr'><strong>carceribus</strong></span> <span class='ocrx_word' id='word_1_189' title='bbox 2656 1336 2884 1403; x_wconf 75' lang='lat' dir='ltr'><strong>addicri,</strong></span> <span class='ocrx_word' id='word_1_190' title='bbox 2923 1337 3014 1390; x_wconf 88' lang='lat' dir='ltr'><strong>alii</strong></span> <span class='ocrx_word' id='word_1_191' title='bbox 3047 1338 3368 1393; x_wconf 86' lang='lat' dir='ltr'><strong>verberibus</strong></span> <span class='ocrx_word' id='word_1_192' title='bbox 3397 1337 3569 1394; x_wconf 87' lang='lat' dir='ltr'><strong>fame-</strong></span> 
     </span>
    </p>
   </div>
   <div class='ocr_carea' id='block_1_30' title="bbox 1984 1425 3572 1494">
    <p class='ocr_par' dir='ltr' id='par_1_30' title="bbox 1984 1425 3572 1494">
     <span class='ocr_line' id='line_1_30' title="bbox 1984 1425 3572 1494; baseline 0.004 -16"><span class='ocrx_word' id='word_1_193' title='bbox 1984 1440 2095 1494; x_wconf 89' lang='lat' dir='ltr'><strong>que</strong></span> <span class='ocrx_word' id='word_1_194' title='bbox 2125 1425 2352 1480; x_wconf 88' lang='lat' dir='ltr'><strong>cruciati</strong></span> <span class='ocrx_word' id='word_1_195' title='bbox 2386 1443 2400 1480; x_wconf 88' lang='lat'><strong>:</strong></span> <span class='ocrx_word' id='word_1_196' title='bbox 2429 1427 2681 1481; x_wconf 90' lang='lat' dir='ltr'><strong>nonnulli</strong></span> <span class='ocrx_word' id='word_1_197' title='bbox 2714 1428 2877 1482; x_wconf 90' lang='lat' dir='ltr'><strong>etiam</strong></span> <span class='ocrx_word' id='word_1_198' title='bbox 2917 1429 3118 1484; x_wconf 88' lang='lat' dir='ltr'><strong>enecti.</strong></span> <span class='ocrx_word' id='word_1_199' title='bbox 3165 1428 3304 1484; x_wconf 73' lang='lat' dir='ltr'><strong>l-iinc</strong></span> <span class='ocrx_word' id='word_1_200' title='bbox 3325 1440 3572 1485; x_wconf 78' lang='lat' dir='ltr'><strong>extorres</strong></span> 
     </span>
    </p>
   </div>
   <div class='ocr_carea' id='block_1_31' title="bbox 1980 1517 3569 1592">
    <p class='ocr_par' dir='ltr' id='par_1_31' title="bbox 1980 1517 3569 1592">
     <span class='ocr_line' id='line_1_31' title="bbox 1980 1517 3569 1592; baseline 0.003 -21"><span class='ocrx_word' id='word_1_201' title='bbox 1980 1517 2034 1571; x_wconf 92' lang='lat' dir='ltr'><strong>in</strong></span> <span class='ocrx_word' id='word_1_202' title='bbox 2068 1517 2370 1584; x_wconf 89' lang='lat' dir='ltr'><strong>montibus,</strong></span> <span class='ocrx_word' id='word_1_203' title='bbox 2421 1517 2476 1572; x_wconf 92' lang='lat' dir='ltr'><strong>in</strong></span> <span class='ocrx_word' id='word_1_204' title='bbox 2533 1520 2810 1588; x_wconf 85' lang='lat' dir='ltr'><strong>speluncis</strong></span> <span class='ocrx_word' id='word_1_205' title='bbox 2846 1529 2901 1576; x_wconf 87' lang='lat' dir='ltr'><strong>et</strong></span> <span class='ocrx_word' id='word_1_206' title='bbox 2941 1521 3193 1577; x_wconf 78' lang='lat' dir='ltr'><strong>cavernis</strong></span> <span class='ocrx_word' id='word_1_207' title='bbox 3236 1531 3397 1577; x_wconf 66' lang='lat' dir='ltr'><strong>terra:</strong></span> <span class='ocrx_word' id='word_1_208' title='bbox 3424 1561 3438 1586; x_wconf 93' lang='lat'><strong>,</strong></span> <span class='ocrx_word' id='word_1_209' title='bbox 3473 1522 3569 1592; x_wconf 74' lang='lat' dir='ltr'><strong>qui</strong></span> 
     </span>
    </p>
   </div>
   <div class='ocr_carea' id='block_1_32' title="bbox 1981 1608 3568 1683">
    <p class='ocr_par' dir='ltr' id='par_1_32' title="bbox 1981 1608 3568 1683">
     <span class='ocr_line' id='line_1_32' title="bbox 1981 1608 3568 1683; baseline 0.001 -19"><span class='ocrx_word' id='word_1_210' title='bbox 1981 1609 2093 1664; x_wconf 90' lang='lat' dir='ltr'><strong>Deo</strong></span> <span class='ocrx_word' id='word_1_211' title='bbox 2118 1609 2349 1664; x_wconf 88' lang='lat' dir='ltr'><strong>mortale</strong></span> <span class='ocrx_word' id='word_1_212' title='bbox 2388 1608 2524 1664; x_wconf 87' lang='lat' dir='ltr'><strong>nihil</strong></span> <span class='ocrx_word' id='word_1_213' title='bbox 2557 1610 2937 1680; x_wconf 67' lang='lat' dir='ltr'><strong>praetulerunt.</strong></span> <span class='ocrx_word' id='word_1_214' title='bbox 2967 1609 3109 1667; x_wconf 79' lang='lat' dir='ltr'><strong>Hinc</strong></span> <span class='ocrx_word' id='word_1_215' title='bbox 3137 1612 3321 1667; x_wconf 90' lang='lat' dir='ltr'><strong>diruta</strong></span> <span class='ocrx_word' id='word_1_216' title='bbox 3343 1613 3568 1683; x_wconf 81' lang='lat' dir='ltr'><strong>templa,</strong></span> 
     </span>
    </p>
   </div>
   <div class='ocr_carea' id='block_1_33' title="bbox 1979 1700 3568 1774">
    <p class='ocr_par' dir='ltr' id='par_1_33' title="bbox 1979 1700 3568 1774">
     <span class='ocr_line' id='line_1_33' title="bbox 1979 1700 3568 1774; baseline 0.003 -20"><span class='ocrx_word' id='word_1_217' title='bbox 1979 1710 2036 1758; x_wconf 87' lang='lat' dir='ltr'><strong>et</strong></span> <span class='ocrx_word' id='word_1_218' title='bbox 2060 1709 2249 1756; x_wconf 84' lang='lat' dir='ltr'><strong>sancta</strong></span> <span class='ocrx_word' id='word_1_219' title='bbox 2273 1700 2578 1772; x_wconf 77' lang='lat' dir='ltr'><strong>profanata,</strong></span> <span class='ocrx_word' id='word_1_220' title='bbox 2608 1708 2664 1756; x_wconf 89' lang='lat' dir='ltr'><strong>et</strong></span> <span class='ocrx_word' id='word_1_221' title='bbox 2717 1701 2903 1757; x_wconf 89' lang='lat' dir='ltr'><strong>divina</strong></span> <span class='ocrx_word' id='word_1_222' title='bbox 2936 1701 3166 1758; x_wconf 88' lang='lat' dir='ltr'><strong>donaria</strong></span> <span class='ocrx_word' id='word_1_223' title='bbox 3203 1705 3312 1774; x_wconf 80' lang='lat' dir='ltr'><strong>igni</strong></span> <span class='ocrx_word' id='word_1_224' title='bbox 3338 1705 3568 1764; x_wconf 87' lang='lat' dir='ltr'><strong>tradita,</strong></span> 
     </span>
    </p>
   </div>
   <div class='ocr_carea' id='block_1_34' title="bbox 300 1775 1878 1867">
    <p class='ocr_par' dir='ltr' id='par_1_34' title="bbox 300 1775 1878 1865">
     <span class='ocr_line' id='line_1_34' title="bbox 300 1775 1878 1865; baseline 0.001 -18"><span class='ocrx_word' id='word_1_225' title='bbox 300 1799 358 1848; x_wconf 87' lang='grc' dir='ltr'><strong>ἐν</strong></span> <span class='ocrx_word' id='word_1_226' title='bbox 375 1775 526 1864; x_wconf 77' lang='grc' dir='ltr'>ὄρεσι</span> <span class='ocrx_word' id='word_1_227' title='bbox 548 1794 978 1865; x_wconf 81' lang='grc' dir='ltr'>φυγαδευόμενοι</span> <span class='ocrx_word' id='word_1_228' title='bbox 1016 1796 1112 1848; x_wconf 82' lang='grc' dir='ltr'>καὶ</span> <span class='ocrx_word' id='word_1_229' title='bbox 1142 1775 1428 1865; x_wconf 86' lang='grc' dir='ltr'>σπηλαίοις</span> <span class='ocrx_word' id='word_1_230' title='bbox 1446 1796 1541 1848; x_wconf 75' lang='grc' dir='ltr'><strong>καὶ</strong></span> <span class='ocrx_word' id='word_1_231' title='bbox 1565 1797 1685 1859; x_wconf 89' lang='grc' dir='ltr'>ταῖς</span> <span class='ocrx_word' id='word_1_232' title='bbox 1717 1781 1878 1858; x_wconf 64' lang='grc' dir='ltr'>ὀπαῖς</span> 
     </span>
    </p>
   </div>
   <div class='ocr_carea' id='block_1_35' title="bbox 1982 1775 3570 1867">
    <p class='ocr_par' dir='ltr' id='par_1_35' title="bbox 1988 1794 3570 1867">
     <span class='ocr_line' id='line_1_35' title="bbox 1988 1794 3570 1867; baseline 0 -16"><span class='ocrx_word' id='word_1_233' title='bbox 1988 1794 2356 1864; x_wconf 88' lang='lat' dir='ltr'><strong>clamoreque,</strong></span> <span class='ocrx_word' id='word_1_234' title='bbox 2399 1802 2459 1849; x_wconf 88' lang='lat' dir='ltr'><strong>ut</strong></span> <span class='ocrx_word' id='word_1_235' title='bbox 2484 1795 2676 1862; x_wconf 85' lang='lat' dir='ltr'><strong>paucis</strong></span> <span class='ocrx_word' id='word_1_236' title='bbox 2713 1794 2896 1850; x_wconf 91' lang='lat' dir='ltr'><strong>dicam</strong></span> <span class='ocrx_word' id='word_1_237' title='bbox 2917 1835 2932 1861; x_wconf 93' lang='lat'><strong>,</strong></span> <span class='ocrx_word' id='word_1_238' title='bbox 2966 1805 3023 1851; x_wconf 89' lang='lat' dir='ltr'><strong>et</strong></span> <span class='ocrx_word' id='word_1_239' title='bbox 3055 1797 3362 1867; x_wconf 88' lang='lat' dir='ltr'><strong>direptione</strong></span> <span class='ocrx_word' id='word_1_240' title='bbox 3412 1799 3570 1866; x_wconf 79' lang='lat' dir='ltr'><strong>plena</strong></span> 
     </span>
    </p>
   </div>
   <div class='ocr_carea' id='block_1_36' title="bbox 300 1885 1888 1959">
    <p class='ocr_par' dir='ltr' id='par_1_36' title="bbox 300 1885 1888 1959">
     <span class='ocr_line' id='line_1_36' title="bbox 300 1885 1888 1959; baseline 0.001 -21"><span class='ocrx_word' id='word_1_241' title='bbox 300 1886 400 1956; x_wconf 83' lang='grc' dir='ltr'>τῆς</span> <span class='ocrx_word' id='word_1_242' title='bbox 428 1886 557 1956; x_wconf 84' lang='grc' dir='ltr'>γῆς,</span> <span class='ocrx_word' id='word_1_243' title='bbox 612 1887 662 1939; x_wconf 81' lang='grc' dir='ltr'>οι</span> <span class='ocrx_word' id='word_1_244' title='bbox 683 1885 852 1956; x_wconf 84' lang='grc' dir='ltr'>μηδὲν</span> <span class='ocrx_word' id='word_1_245' title='bbox 877 1886 986 1940; x_wconf 85' lang='grc' dir='ltr'><strong>τῶν</strong></span> <span class='ocrx_word' id='word_1_246' title='bbox 1010 1887 1138 1958; x_wconf 81' lang='grc' dir='ltr'>τῇδε</span> <span class='ocrx_word' id='word_1_247' title='bbox 1163 1887 1550 1959; x_wconf 72' lang='grc' dir='ltr'><strong>προκρίνοντες</strong></span> <span class='ocrx_word' id='word_1_248' title='bbox 1574 1885 1734 1942; x_wconf 88' lang='grc' dir='ltr'>Θεοῦ.</span> <span class='ocrx_word' id='word_1_249' title='bbox 1766 1886 1888 1940; x_wconf 84' lang='grc' dir='ltr'><strong>Ἕν-</strong></span> 
     </span>
    </p>
   </div>
   <div class='ocr_carea' id='block_1_37' title="bbox 299 1979 1570 2052">
    <p class='ocr_par' dir='ltr' id='par_1_37' title="bbox 299 1979 1570 2052">
     <span class='ocr_line' id='line_1_37' title="bbox 299 1979 1570 2052; baseline 0 -18"><span class='ocrx_word' id='word_1_250' title='bbox 299 1979 490 2034; x_wconf 88' lang='grc' dir='ltr'>τεῦθεν</span> <span class='ocrx_word' id='word_1_251' title='bbox 536 1981 656 2034; x_wconf 73' lang='grc' dir='ltr'>ναοὶ</span> <span class='ocrx_word' id='word_1_252' title='bbox 704 1981 1244 2052; x_wconf 82' lang='grc' dir='ltr'>κατασκαπτόμενοι,</span> <span class='ocrx_word' id='word_1_253' title='bbox 1294 1981 1393 2036; x_wconf 72' lang='grc' dir='ltr'><strong>καὶ</strong></span> <span class='ocrx_word' id='word_1_254' title='bbox 1438 1981 1570 2050; x_wconf 79' lang='grc' dir='ltr'>ἅγια</span> 
     </span>
    </p>
   </div>
   <div class='ocr_carea' id='block_1_38' title="bbox 1991 1887 2203 1942">
    <p class='ocr_par' dir='ltr' id='par_1_38' title="bbox 1991 1887 2203 1942">
     <span class='ocr_line' id='line_1_38' title="bbox 1991 1887 2203 1942; baseline -0.005 0"><span class='ocrx_word' id='word_1_255' title='bbox 1991 1887 2203 1942; x_wconf 88' lang='lat' dir='ltr'><strong>omnia.</strong></span> 
     </span>
    </p>
   </div>
   <div class='ocr_carea' id='block_1_39' title="bbox 1649 1980 3570 2056">
    <p class='ocr_par' dir='ltr' id='par_1_39' title="bbox 1649 1980 3570 2056">
     <span class='ocr_line' id='line_1_39' title="bbox 1649 1980 3570 2056; baseline 0.001 -22"><span class='ocrx_word' id='word_1_256' title='bbox 1649 1980 2051 2053; x_wconf 79' lang='grc' dir='ltr'>βεϐηλουμένα,</span> <span class='ocrx_word' id='word_1_257' title='bbox 2118 1981 2216 2035; x_wconf 60' lang='grc' dir='ltr'><strong>καὶ⁸</strong></span> <span class='ocrx_word' id='word_1_258' title='bbox 2277 1981 2399 2037; x_wconf 82' lang='grc' dir='ltr'>θεῖα</span> <span class='ocrx_word' id='word_1_259' title='bbox 2457 1982 2789 2055; x_wconf 79' lang='grc' dir='ltr'>ἀναθήματα</span> <span class='ocrx_word' id='word_1_260' title='bbox 2840 1985 2976 2056; x_wconf 76' lang='grc' dir='ltr'>πυρὶ</span> <span class='ocrx_word' id='word_1_261' title='bbox 3019 1983 3445 2056; x_wconf 88' lang='grc' dir='ltr'>παραδ.δόμενα,</span> <span class='ocrx_word' id='word_1_262' title='bbox 3475 1983 3570 2040; x_wconf 79' lang='grc' dir='ltr'>καὶ</span> 
     </span>
    </p>
   </div>
   <div class='ocr_carea' id='block_1_40' title="bbox 301 2075 2227 2148">
    <p class='ocr_par' dir='ltr' id='par_1_40' title="bbox 301 2075 2227 2148">
     <span class='ocr_line' id='line_1_40' title="bbox 301 2075 2227 2148; baseline 0.001 -20"><span class='ocrx_word' id='word_1_263' title='bbox 301 2077 554 2144; x_wconf 77' lang='grc' dir='ltr'>κραυγῆς</span> <span class='ocrx_word' id='word_1_264' title='bbox 580 2075 648 2127; x_wconf 83' lang='grc' dir='ltr'>τὰ</span> <span class='ocrx_word' id='word_1_265' title='bbox 677 2075 856 2129; x_wconf 82' lang='grc' dir='ltr'>πάντα</span> <span class='ocrx_word' id='word_1_266' title='bbox 875 2076 972 2128; x_wconf 72' lang='grc' dir='ltr'><strong>καὶ</strong></span> <span class='ocrx_word' id='word_1_267' title='bbox 991 2075 1286 2145; x_wconf 83' lang='grc' dir='ltr'><strong>λεηλασίας</strong></span> <span class='ocrx_word' id='word_1_268' title='bbox 1315 2077 1522 2147; x_wconf 82' lang='grc' dir='ltr'><strong>πλήρη,</strong></span> <span class='ocrx_word' id='word_1_269' title='bbox 1550 2075 1626 2140; x_wconf 82' lang='grc' dir='ltr'>ὡς</span> <span class='ocrx_word' id='word_1_270' title='bbox 1657 2076 1715 2128; x_wconf 86' lang='grc' dir='ltr'><strong>ἐν</strong></span> <span class='ocrx_word' id='word_1_271' title='bbox 1751 2076 2003 2148; x_wconf 84' lang='grc' dir='ltr'><strong>συντόμῳ</strong></span> <span class='ocrx_word' id='word_1_272' title='bbox 2029 2077 2227 2130; x_wconf 75' lang='grc' dir='ltr'>εἰπεῖν.</span> 
     </span>
    </p>
   </div>
   <div class='ocr_carea' id='block_1_41' title="bbox 371 2165 1873 2239">
    <p class='ocr_par' dir='ltr' id='par_1_41' title="bbox 371 2165 1873 2239">
     <span class='ocr_line' id='line_1_41' title="bbox 371 2165 1873 2239; baseline -0.001 -20"><span class='ocrx_word' id='word_1_273' title='bbox 371 2165 610 2220; x_wconf 79' lang='grc' dir='ltr'>Τοιαῦτα</span> <span class='ocrx_word' id='word_1_274' title='bbox 635 2166 704 2219; x_wconf 81' lang='grc' dir='ltr'>τὰ</span> <span class='ocrx_word' id='word_1_275' title='bbox 731 2167 831 2237; x_wconf 80' lang='grc' dir='ltr'><strong>τῆς</strong></span> <span class='ocrx_word' id='word_1_276' title='bbox 875 2166 1131 2232; x_wconf 84' lang='grc' dir='ltr'>ἀσεϐείας</span> <span class='ocrx_word' id='word_1_277' title='bbox 1158 2168 1541 2239; x_wconf 84' lang='grc' dir='ltr'>ἐγχειρήματα</span> <span class='ocrx_word' id='word_1_278' title='bbox 1560 2183 1575 2200; x_wconf 73' lang='grc' dir='ltr'><strong>ο</strong></span> <span class='ocrx_word' id='word_1_279' title='bbox 1606 2166 1683 2230; x_wconf 82' lang='grc' dir='ltr'><strong>ὡς</strong></span> <span class='ocrx_word' id='word_1_280' title='bbox 1707 2165 1774 2220; x_wconf 80' lang='grc' dir='ltr'><strong>ἂν</strong></span> <span class='ocrx_word' id='word_1_281' title='bbox 1806 2167 1873 2219; x_wconf 87' lang='grc' dir='ltr'><strong>ἐκ</strong></span> 
     </span>
    </p>
   </div>
   <div class='ocr_carea' id='block_1_42' title="bbox 299 2257 1872 2331">
    <p class='ocr_par' dir='ltr' id='par_1_42' title="bbox 299 2257 1872 2331">
     <span class='ocr_line' id='line_1_42' title="bbox 299 2257 1872 2331; baseline 0 -18"><span class='ocrx_word' id='word_1_282' title='bbox 299 2258 394 2313; x_wconf 88' lang='grc' dir='ltr'><strong>τοῦ</strong></span> <span class='ocrx_word' id='word_1_283' title='bbox 420 2258 635 2329; x_wconf 84' lang='grc' dir='ltr'>καρποῦ</span> <span class='ocrx_word' id='word_1_284' title='bbox 660 2258 723 2311; x_wconf 83' lang='grc' dir='ltr'><strong>τὸ</strong></span> <span class='ocrx_word' id='word_1_285' title='bbox 745 2258 961 2330; x_wconf 78' lang='grc' dir='ltr'>δένδρον</span> <span class='ocrx_word' id='word_1_286' title='bbox 982 2257 1342 2330; x_wconf 85' lang='grc' dir='ltr'>γινώσκηται.</span> <span class='ocrx_word' id='word_1_287' title='bbox 1383 2258 1600 2331; x_wconf 83' lang='grc' dir='ltr'><strong>Ἐπειδὴ</strong></span> <span class='ocrx_word' id='word_1_288' title='bbox 1623 2259 1680 2312; x_wconf 85' lang='grc' dir='ltr'>δὲ</span> <span class='ocrx_word' id='word_1_289' title='bbox 1704 2259 1872 2329; x_wconf 77' lang='grc' dir='ltr'>ὑμᾶς,</span> 
     </span>
    </p>
   </div>
   <div class='ocr_carea' id='block_1_43' title="bbox 303 2349 1876 2422">
    <p class='ocr_par' dir='ltr' id='par_1_43' title="bbox 303 2349 1876 2422">
     <span class='ocr_line' id='line_1_43' title="bbox 303 2349 1876 2422; baseline 0.001 -19"><span class='ocrx_word' id='word_1_290' title='bbox 303 2352 378 2415; x_wconf 84' lang='grc' dir='ltr'><strong>ὼς</strong></span> <span class='ocrx_word' id='word_1_291' title='bbox 406 2350 750 2420; x_wconf 78' lang='grc' dir='ltr'>προείρηται,</span> <span class='ocrx_word' id='word_1_292' title='bbox 781 2351 816 2421; x_wconf 80' lang='grc' dir='ltr'><strong>ἡ</strong></span> <span class='ocrx_word' id='word_1_293' title='bbox 849 2349 970 2404; x_wconf 90' lang='grc' dir='ltr'>θεία</span> <span class='ocrx_word' id='word_1_294' title='bbox 997 2351 1156 2422; x_wconf 82' lang='grc' dir='ltr'>χάρις</span> <span class='ocrx_word' id='word_1_295' title='bbox 1186 2349 1522 2420; x_wconf 83' lang='grc' dir='ltr'>ήγκαλίσατο</span> <span class='ocrx_word' id='word_1_296' title='bbox 1541 2351 1630 2404; x_wconf 86' lang='grc' dir='ltr'>διὰ</span> <span class='ocrx_word' id='word_1_297' title='bbox 1645 2351 1747 2420; x_wconf 84' lang='grc' dir='ltr'>τῆς</span> <span class='ocrx_word' id='word_1_298' title='bbox 1775 2368 1876 2405; x_wconf 78' lang='grc' dir='ltr'><strong>κα·</strong></span> 
     </span>
    </p>
   </div>
   <div class='ocr_carea' id='block_1_44' title="bbox 301 2435 1876 2515">
    <p class='ocr_par' dir='ltr' id='par_1_44' title="bbox 301 2435 1876 2515">
     <span class='ocr_line' id='line_1_44' title="bbox 301 2435 1876 2515; baseline 0 -19"><span class='ocrx_word' id='word_1_299' title='bbox 301 2443 399 2514; x_wconf 82' lang='grc' dir='ltr'>λῆς</span> <span class='ocrx_word' id='word_1_300' title='bbox 425 2441 718 2512; x_wconf 79' lang='grc' dir='ltr'>ὁμολογίας</span> <span class='ocrx_word' id='word_1_301' title='bbox 745 2435 814 2514; x_wconf 82' lang='grc' dir='ltr'><strong>ἦς</strong></span> <span class='ocrx_word' id='word_1_302' title='bbox 838 2441 1226 2514; x_wconf 83' lang='grc' dir='ltr'>ὡμολογήσατε</span> <span class='ocrx_word' id='word_1_303' title='bbox 1249 2445 1364 2505; x_wconf 83' lang='grc' dir='ltr'>τοῖς</span> <span class='ocrx_word' id='word_1_304' title='bbox 1389 2443 1668 2515; x_wconf 84' lang='grc' dir='ltr'>Πατράσιν</span> <span class='ocrx_word' id='word_1_305' title='bbox 1691 2457 1704 2472; x_wconf 77' lang='grc' dir='ltr'><strong>ο</strong></span> <span class='ocrx_word' id='word_1_306' title='bbox 1735 2443 1876 2515; x_wconf 82' lang='grc' dir='ltr'><strong>ὑπὲρ</strong></span> 
     </span>
    </p>
   </div>
   <div class='ocr_carea' id='block_1_45' title="bbox 299 2530 1879 2608">
    <p class='ocr_par' dir='ltr' id='par_1_45' title="bbox 299 2530 1879 2608">
     <span class='ocr_line' id='line_1_45' title="bbox 299 2530 1879 2608; baseline 0 -20"><span class='ocrx_word' id='word_1_307' title='bbox 299 2530 368 2608; x_wconf 76' lang='grc' dir='ltr'><strong>ἧς</strong></span> <span class='ocrx_word' id='word_1_308' title='bbox 405 2535 498 2588; x_wconf 70' lang='grc' dir='ltr'>καὶ</span> <span class='ocrx_word' id='word_1_309' title='bbox 539 2533 732 2605; x_wconf 82' lang='grc' dir='ltr'><strong>μέχρις</strong></span> <span class='ocrx_word' id='word_1_310' title='bbox 776 2533 1008 2604; x_wconf 80' lang='grc' dir='ltr'>αἵματος</span> <span class='ocrx_word' id='word_1_311' title='bbox 1067 2534 1438 2607; x_wconf 86' lang='grc' dir='ltr'>προθυμεῖσθε</span> <span class='ocrx_word' id='word_1_312' title='bbox 1492 2534 1879 2590; x_wconf 78' lang='grc' dir='ltr'>ἀντικαθίστα-</span> 
     </span>
    </p>
   </div>
   <div class='ocr_carea' id='block_1_46' title="bbox 305 2625 1878 2699">
    <p class='ocr_par' dir='ltr' id='par_1_46' title="bbox 305 2625 1878 2699">
     <span class='ocr_line' id='line_1_46' title="bbox 305 2625 1878 2699; baseline 0 -19"><span class='ocrx_word' id='word_1_313' title='bbox 305 2627 468 2680; x_wconf 88' lang='grc' dir='ltr'>σθαι·</span> <span class='ocrx_word' id='word_1_314' title='bbox 502 2625 598 2679; x_wconf 74' lang='grc' dir='ltr'>καὶ</span> <span class='ocrx_word' id='word_1_315' title='bbox 622 2627 784 2696; x_wconf 78' lang='grc' dir='ltr'>ἡμεῖς</span> <span class='ocrx_word' id='word_1_316' title='bbox 809 2626 859 2678; x_wconf 81' lang='grc' dir='ltr'>οἱ</span> <span class='ocrx_word' id='word_1_317' title='bbox 887 2627 1136 2681; x_wconf 76' lang='grc' dir='ltr'>ταπεινοὶ</span> <span class='ocrx_word' id='word_1_318' title='bbox 1183 2627 1359 2698; x_wconf 82' lang='grc' dir='ltr'>ταύτῃ</span> <span class='ocrx_word' id='word_1_319' title='bbox 1397 2625 1462 2698; x_wconf 83' lang='grc' dir='ltr'>δὴ</span> <span class='ocrx_word' id='word_1_320' title='bbox 1503 2629 1568 2699; x_wconf 79' lang='grc' dir='ltr'>τῇ</span> <span class='ocrx_word' id='word_1_321' title='bbox 1609 2627 1878 2698; x_wconf 77' lang='grc' dir='ltr'>ὁμολογη-</span> 
     </span>
    </p>
   </div>
   <div class='ocr_carea' id='block_1_47' title="bbox 302 2716 1876 2790">
    <p class='ocr_par' dir='ltr' id='par_1_47' title="bbox 302 2716 1876 2790">
     <span class='ocr_line' id='line_1_47' title="bbox 302 2716 1876 2790; baseline 0.001 -18"><span class='ocrx_word' id='word_1_322' title='bbox 302 2719 430 2789; x_wconf 79' lang='grc' dir='ltr'>τικῇ</span> <span class='ocrx_word' id='word_1_323' title='bbox 459 2716 804 2789; x_wconf 78' lang='grc' dir='ltr'>πεποιθήσει,</span> <span class='ocrx_word' id='word_1_324' title='bbox 839 2717 899 2771; x_wconf 89' lang='grc' dir='ltr'><strong>σέ</strong></span> <span class='ocrx_word' id='word_1_325' title='bbox 930 2734 989 2772; x_wconf 88' lang='grc' dir='ltr'><strong>τε</strong></span> <span class='ocrx_word' id='word_1_326' title='bbox 1011 2719 1113 2788; x_wconf 79' lang='grc' dir='ltr'><strong>τὴν</strong></span> <span class='ocrx_word' id='word_1_327' title='bbox 1137 2717 1333 2790; x_wconf 81' lang='grc' dir='ltr'>κυρίαν</span> <span class='ocrx_word' id='word_1_328' title='bbox 1361 2719 1672 2785; x_wconf 75' lang='grc' dir='ltr'>δέσποιναν,</span> <span class='ocrx_word' id='word_1_329' title='bbox 1696 2719 1788 2773; x_wconf 89' lang='grc' dir='ltr'><strong>τόν</strong></span> <span class='ocrx_word' id='word_1_330' title='bbox 1817 2736 1876 2773; x_wconf 89' lang='grc' dir='ltr'><strong>τε</strong></span> 
     </span>
    </p>
   </div>
   <div class='ocr_carea' id='block_1_48' title="bbox 305 2809 1876 2882">
    <p class='ocr_par' dir='ltr' id='par_1_48' title="bbox 305 2809 1876 2882">
     <span class='ocr_line' id='line_1_48' title="bbox 305 2809 1876 2882; baseline -0.001 -18"><span class='ocrx_word' id='word_1_331' title='bbox 305 2810 498 2882; x_wconf 84' lang='grc' dir='ltr'>κύριον</span> <span class='ocrx_word' id='word_1_332' title='bbox 567 2810 662 2864; x_wconf 79' lang='grc' dir='ltr'><strong>καὶ</strong></span> <span class='ocrx_word' id='word_1_333' title='bbox 711 2809 1004 2882; x_wconf 85' lang='grc' dir='ltr'>δεσπότην,</span> <span class='ocrx_word' id='word_1_334' title='bbox 1059 2809 1156 2863; x_wconf 81' lang='grc' dir='ltr'><strong>σὺν</strong></span> <span class='ocrx_word' id='word_1_335' title='bbox 1211 2811 1325 2873; x_wconf 86' lang='grc' dir='ltr'>τοῖς</span> <span class='ocrx_word' id='word_1_336' title='bbox 1372 2809 1578 2876; x_wconf 85' lang='grc' dir='ltr'>λοιποῖς</span> <span class='ocrx_word' id='word_1_337' title='bbox 1628 2811 1876 2864; x_wconf 82' lang='grc' dir='ltr'>εῦκλεέσι</span> 
     </span>
    </p>
   </div>
   <div class='ocr_carea' id='block_1_49' title="bbox 303 2900 1878 2974">
    <p class='ocr_par' dir='ltr' id='par_1_49' title="bbox 303 2900 1878 2974">
     <span class='ocr_line' id='line_1_49' title="bbox 303 2900 1878 2974; baseline -0.001 -18"><span class='ocrx_word' id='word_1_338' title='bbox 303 2901 518 2967; x_wconf 85' lang='grc' dir='ltr'>κλάδοις</span> <span class='ocrx_word' id='word_1_339' title='bbox 549 2901 647 2955; x_wconf 82' lang='grc' dir='ltr'>καὶ</span> <span class='ocrx_word' id='word_1_340' title='bbox 686 2900 1098 2972; x_wconf 82' lang='grc' dir='ltr'>είσδεδέγμεθα,</span> <span class='ocrx_word' id='word_1_341' title='bbox 1153 2903 1248 2955; x_wconf 75' lang='grc' dir='ltr'>καὶ</span> <span class='ocrx_word' id='word_1_342' title='bbox 1309 2903 1753 2972; x_wconf 84' lang='grc' dir='ltr'>συνεισκρίνομεν</span> <span class='ocrx_word' id='word_1_343' title='bbox 1799 2902 1878 2974; x_wconf 82' lang='grc' dir='ltr'>τῷ</span> 
     </span>
    </p>
   </div>
   <div class='ocr_carea' id='block_1_50' title="bbox 309 2991 1879 3065">
    <p class='ocr_par' dir='ltr' id='par_1_50' title="bbox 309 2991 1879 3065">
     <span class='ocr_line' id='line_1_50' title="bbox 309 2991 1879 3065; baseline 0.001 -19"><span class='ocrx_word' id='word_1_344' title='bbox 309 2995 462 3065; x_wconf 83' lang='grc' dir='ltr'>μέρει</span> <span class='ocrx_word' id='word_1_345' title='bbox 484 2993 582 3063; x_wconf 81' lang='grc' dir='ltr'><strong>τῆς</strong></span> <span class='ocrx_word' id='word_1_346' title='bbox 610 2991 921 3064; x_wconf 79' lang='grc' dir='ltr'>όρθοδοξίας</span> <span class='ocrx_word' id='word_1_347' title='bbox 946 3008 960 3021; x_wconf 72' lang='grc' dir='ltr'><strong><em>ο</em></strong></span> <span class='ocrx_word' id='word_1_348' title='bbox 991 2991 1193 3064; x_wconf 82' lang='grc' dir='ltr'>μᾶλλον</span> <span class='ocrx_word' id='word_1_349' title='bbox 1230 2991 1289 3046; x_wconf 84' lang='grc' dir='ltr'>δὲ</span> <span class='ocrx_word' id='word_1_350' title='bbox 1337 2997 1404 3064; x_wconf 77' lang='grc' dir='ltr'>τῇ</span> <span class='ocrx_word' id='word_1_351' title='bbox 1443 2993 1539 3048; x_wconf 89' lang='grc' dir='ltr'><strong>τοῦ</strong></span> <span class='ocrx_word' id='word_1_352' title='bbox 1577 2993 1714 3047; x_wconf 90' lang='grc' dir='ltr'>Θεοῦ</span> <span class='ocrx_word' id='word_1_353' title='bbox 1753 2995 1879 3048; x_wconf 80' lang='grc' dir='ltr'><strong>Ἐκ-</strong></span> 
     </span>
    </p>
   </div>
   <div class='ocr_carea' id='block_1_51' title="bbox 303 3083 1878 3158">
    <p class='ocr_par' dir='ltr' id='par_1_51' title="bbox 303 3083 1878 3158">
     <span class='ocr_line' id='line_1_51' title="bbox 303 3083 1878 3158; baseline 0 -18"><span class='ocrx_word' id='word_1_354' title='bbox 303 3084 504 3157; x_wconf 78' lang='grc' dir='ltr'>κλησίᾳ</span> <span class='ocrx_word' id='word_1_355' title='bbox 527 3101 540 3114; x_wconf 88' lang='grc'><strong>·</strong></span> <span class='ocrx_word' id='word_1_356' title='bbox 571 3085 666 3139; x_wconf 71' lang='grc' dir='ltr'><strong>καὶ</strong></span> <span class='ocrx_word' id='word_1_357' title='bbox 677 3085 912 3154; x_wconf 83' lang='grc' dir='ltr'>ήκοντας</span> <span class='ocrx_word' id='word_1_358' title='bbox 937 3083 1083 3155; x_wconf 80' lang='grc' dir='ltr'>ὑμᾶς</span> <span class='ocrx_word' id='word_1_359' title='bbox 1100 3084 1236 3155; x_wconf 84' lang='grc' dir='ltr'>πρὸς</span> <span class='ocrx_word' id='word_1_360' title='bbox 1248 3084 1347 3156; x_wconf 80' lang='grc' dir='ltr'><strong>τήν</strong></span> <span class='ocrx_word' id='word_1_361' title='bbox 1370 3086 1698 3140; x_wconf 79' lang='grc' dir='ltr'>ταπείνωσιν</span> <span class='ocrx_word' id='word_1_362' title='bbox 1720 3088 1878 3158; x_wconf 84' lang='grc' dir='ltr'>ήμῶν</span> 
     </span>
    </p>
   </div>
   <div class='ocr_carea' id='block_1_52' title="bbox 303 3174 1880 3250">
    <p class='ocr_par' dir='ltr' id='par_1_52' title="bbox 303 3174 1880 3250">
     <span class='ocr_line' id='line_1_52' title="bbox 303 3174 1880 3250; baseline 0.003 -23"><span class='ocrx_word' id='word_1_363' title='bbox 303 3176 736 3248; x_wconf 80' lang='grc' dir='ltr'>προσκυνοῦμεν,</span> <span class='ocrx_word' id='word_1_364' title='bbox 772 3174 868 3228; x_wconf 78' lang='grc' dir='ltr'>καὶ</span> <span class='ocrx_word' id='word_1_365' title='bbox 926 3176 1410 3246; x_wconf 86' lang='grc' dir='ltr'>συγκοινωνοῦμεν</span> <span class='ocrx_word' id='word_1_366' title='bbox 1460 3176 1624 3247; x_wconf 60' lang='grc' dir='ltr'>ὑμῖν</span> <span class='ocrx_word' id='word_1_367' title='bbox 1656 3177 1880 3250; x_wconf 81' lang='grc' dir='ltr'>εὐχαρι-</span> 
     </span>
    </p>
   </div>
   <div class='ocr_carea' id='block_1_53' title="bbox 304 3265 1880 3340">
    <p class='ocr_par' dir='ltr' id='par_1_53' title="bbox 304 3265 1880 3340">
     <span class='ocr_line' id='line_1_53' title="bbox 304 3265 1880 3340; baseline 0.004 -18"><span class='ocrx_word' id='word_1_368' title='bbox 304 3270 504 3340; x_wconf 85' lang='grc' dir='ltr'>στήρια</span> <span class='ocrx_word' id='word_1_369' title='bbox 533 3267 612 3338; x_wconf 83' lang='grc' dir='ltr'>τῷ</span> <span class='ocrx_word' id='word_1_370' title='bbox 646 3267 834 3338; x_wconf 82' lang='grc' dir='ltr'>ἀγαθῷ</span> <span class='ocrx_word' id='word_1_371' title='bbox 856 3266 976 3338; x_wconf 90' lang='grc' dir='ltr'><strong>Θεῷ</strong></span> <span class='ocrx_word' id='word_1_372' title='bbox 1017 3268 1434 3339; x_wconf 84' lang='grc' dir='ltr'>ἀναπέμποντες</span> <span class='ocrx_word' id='word_1_373' title='bbox 1484 3265 1566 3334; x_wconf 77' lang='grc' dir='ltr'>τῷ</span> <span class='ocrx_word' id='word_1_374' title='bbox 1609 3270 1880 3328; x_wconf 80' lang='grc' dir='ltr'>ποιοῦντι</span> 
     </span>
    </p>
   </div>
   <div class='ocr_carea' id='block_1_54' title="bbox 295 3352 1876 3431">
    <p class='ocr_par' dir='ltr' id='par_1_54' title="bbox 295 3352 1876 3431">
     <span class='ocr_line' id='line_1_54' title="bbox 295 3352 1876 3431; baseline 0.003 -21"><span class='ocrx_word' id='word_1_375' title='bbox 295 3355 533 3426; x_wconf 72' lang='grc' dir='ltr'>μεγάλα</span> <span class='ocrx_word' id='word_1_376' title='bbox 553 3356 650 3411; x_wconf 75' lang='grc' dir='ltr'><strong>καὶ</strong></span> <span class='ocrx_word' id='word_1_377' title='bbox 666 3357 1120 3431; x_wconf 74' lang='grc' dir='ltr'>ἀνεξιχνίαστα,</span> <span class='ocrx_word' id='word_1_378' title='bbox 1140 3352 1228 3413; x_wconf 80' lang='grc' dir='ltr'><strong>ὧν</strong></span> <span class='ocrx_word' id='word_1_379' title='bbox 1255 3361 1366 3414; x_wconf 83' lang='grc' dir='ltr'>οὐκ</span> <span class='ocrx_word' id='word_1_380' title='bbox 1405 3360 1577 3414; x_wconf 79' lang='grc' dir='ltr'>ἐστιν</span> <span class='ocrx_word' id='word_1_381' title='bbox 1594 3360 1838 3431; x_wconf 80' lang='grc' dir='ltr'>ἀριθμός</span> <span class='ocrx_word' id='word_1_382' title='bbox 1861 3377 1876 3394; x_wconf 76' lang='grc' dir='ltr'><strong><em>ο</em></strong></span> 
     </span>
    </p>
   </div>
   <div class='ocr_carea' id='block_1_55' title="bbox 2051 2162 3570 2235">
    <p class='ocr_par' dir='ltr' id='par_1_55' title="bbox 2051 2162 3570 2235">
     <span class='ocr_line' id='line_1_55' title="bbox 2051 2162 3570 2235; baseline 0.003 -18"><span class='ocrx_word' id='word_1_383' title='bbox 2051 2162 2214 2220; x_wconf 84' lang='lat' dir='ltr'><strong>Tales</strong></span> <span class='ocrx_word' id='word_1_384' title='bbox 2229 2174 2390 2220; x_wconf 86' lang='lat' dir='ltr'><strong>erant</strong></span> <span class='ocrx_word' id='word_1_385' title='bbox 2426 2164 2726 2235; x_wconf 85' lang='lat' dir='ltr'><strong>impietatis</strong></span> <span class='ocrx_word' id='word_1_386' title='bbox 2755 2177 3022 2222; x_wconf 87' lang='lat' dir='ltr'><strong>conatus:</strong></span> <span class='ocrx_word' id='word_1_387' title='bbox 3077 2173 3137 2220; x_wconf 95' lang='lat' dir='ltr'><strong>ut</strong></span> <span class='ocrx_word' id='word_1_388' title='bbox 3167 2183 3233 2221; x_wconf 81' lang='lat' dir='ltr'><strong>ex</strong></span> <span class='ocrx_word' id='word_1_389' title='bbox 3265 2167 3447 2222; x_wconf 88' lang='lat' dir='ltr'><strong>fructu</strong></span> <span class='ocrx_word' id='word_1_390' title='bbox 3474 2183 3570 2222; x_wconf 88' lang='lat' dir='ltr'><strong>ar-</strong></span> 
     </span>
    </p>
   </div>
   <div class='ocr_carea' id='block_1_56' title="bbox 1981 2256 3568 2331">
    <p class='ocr_par' dir='ltr' id='par_1_56' title="bbox 1981 2256 3568 2331">
     <span class='ocr_line' id='line_1_56' title="bbox 1981 2256 3568 2331; baseline 0.002 -18"><span class='ocrx_word' id='word_1_391' title='bbox 1981 2256 2082 2313; x_wconf 85' lang='lat' dir='ltr'><strong>bor</strong></span> <span class='ocrx_word' id='word_1_392' title='bbox 2105 2267 2486 2326; x_wconf 75' lang='lat' dir='ltr'><strong>cognoscatur.</strong></span> <span class='ocrx_word' id='word_1_393' title='bbox 2514 2256 2808 2327; x_wconf 87' lang='lat' dir='ltr'><strong>Postquam</strong></span> <span class='ocrx_word' id='word_1_394' title='bbox 2841 2267 3025 2312; x_wconf 89' lang='lat' dir='ltr'><strong>autem</strong></span> <span class='ocrx_word' id='word_1_395' title='bbox 3087 2259 3270 2313; x_wconf 89' lang='lat' dir='ltr'><strong>divina</strong></span> <span class='ocrx_word' id='word_1_396' title='bbox 3311 2275 3407 2314; x_wconf 86' lang='lat' dir='ltr'><strong>vos</strong></span> <span class='ocrx_word' id='word_1_397' title='bbox 3441 2276 3568 2331; x_wconf 81' lang='lat' dir='ltr'><strong>gra-</strong></span> 
     </span>
    </p>
   </div>
   <div class='ocr_carea' id='block_1_57' title="bbox 1982 2349 3570 2421">
    <p class='ocr_par' dir='ltr' id='par_1_57' title="bbox 1982 2349 3570 2421">
     <span class='ocr_line' id='line_1_57' title="bbox 1982 2349 3570 2421; baseline 0 -15"><span class='ocrx_word' id='word_1_398' title='bbox 1982 2350 2077 2415; x_wconf 83' lang='lat' dir='ltr'><strong>tia,</strong></span> <span class='ocrx_word' id='word_1_399' title='bbox 2116 2350 2258 2406; x_wconf 83' lang='lat' dir='ltr'><strong>sicut</strong></span> <span class='ocrx_word' id='word_1_400' title='bbox 2281 2349 2392 2404; x_wconf 77' lang='lat' dir='ltr'><strong>dixi</strong></span> <span class='ocrx_word' id='word_1_401' title='bbox 2417 2390 2432 2414; x_wconf 91' lang='lat'><strong>,</strong></span> <span class='ocrx_word' id='word_1_402' title='bbox 2465 2351 2712 2420; x_wconf 84' lang='lat' dir='ltr'><strong>amplexa</strong></span> <span class='ocrx_word' id='word_1_403' title='bbox 2734 2360 2818 2406; x_wconf 88' lang='lat' dir='ltr'><strong>est</strong></span> <span class='ocrx_word' id='word_1_404' title='bbox 2847 2367 2938 2420; x_wconf 85' lang='lat' dir='ltr'><strong>per</strong></span> <span class='ocrx_word' id='word_1_405' title='bbox 2967 2352 3240 2421; x_wconf 82' lang='lat' dir='ltr'><strong>egregiam</strong></span> <span class='ocrx_word' id='word_1_406' title='bbox 3269 2349 3570 2406; x_wconf 55' lang='lat' dir='ltr'><strong>confessio.</strong></span> 
     </span>
    </p>
   </div>
   <div class='ocr_carea' id='block_1_58' title="bbox 1981 2441 3658 2515">
    <p class='ocr_par' dir='ltr' id='par_1_58' title="bbox 1981 2441 3658 2515">
     <span class='ocr_line' id='line_1_58' title="bbox 1981 2441 3658 2515; baseline 0.001 -17"><span class='ocrx_word' id='word_1_407' title='bbox 1981 2457 2130 2509; x_wconf 87' lang='lat' dir='ltr'><strong>nem,</strong></span> <span class='ocrx_word' id='word_1_408' title='bbox 2160 2458 2323 2514; x_wconf 89' lang='lat' dir='ltr'><strong>qnam</strong></span> <span class='ocrx_word' id='word_1_409' title='bbox 2355 2441 2612 2498; x_wconf 90' lang='lat' dir='ltr'><strong>Patribus</strong></span> <span class='ocrx_word' id='word_1_410' title='bbox 2652 2443 2885 2513; x_wconf 81' lang='lat' dir='ltr'><strong>professi</strong></span> <span class='ocrx_word' id='word_1_411' title='bbox 2921 2445 3054 2499; x_wconf 86' lang='lat' dir='ltr'><strong>estis</strong></span> <span class='ocrx_word' id='word_1_412' title='bbox 3098 2463 3110 2498; x_wconf 90' lang='lat'>:</span> <span class='ocrx_word' id='word_1_413' title='bbox 3143 2459 3242 2514; x_wconf 90' lang='lat' dir='ltr'><strong>pro</strong></span> <span class='ocrx_word' id='word_1_414' title='bbox 3259 2460 3366 2514; x_wconf 88' lang='lat' dir='ltr'><strong>qua</strong></span> <span class='ocrx_word' id='word_1_415' title='bbox 3394 2459 3568 2515; x_wconf 86' lang='lat' dir='ltr'><strong>usque</strong></span> <span class='ocrx_word' id='word_1_416' title='bbox 3656 2513 3658 2515; x_wconf 9' lang='grc' dir='ltr'><strong>γ</strong></span> 
     </span>
    </p>
   </div>
   <div class='ocr_carea' id='block_1_59' title="bbox 1982 2535 3570 2607">
    <p class='ocr_par' dir='ltr' id='par_1_59' title="bbox 1982 2535 3570 2607">
     <span class='ocr_line' id='line_1_59' title="bbox 1982 2535 3570 2607; baseline 0.001 -16"><span class='ocrx_word' id='word_1_417' title='bbox 1982 2535 2049 2591; x_wconf 88' lang='lat' dir='ltr'><strong>ad</strong></span> <span class='ocrx_word' id='word_1_418' title='bbox 2078 2537 2402 2607; x_wconf 79' lang='lat' dir='ltr'><strong>sanguinem</strong></span> <span class='ocrx_word' id='word_1_419' title='bbox 2447 2535 2735 2591; x_wconf 78' lang='lat' dir='ltr'><strong>decertare</strong></span> <span class='ocrx_word' id='word_1_420' title='bbox 2773 2536 2950 2606; x_wconf 84' lang='lat' dir='ltr'><strong>parati</strong></span> <span class='ocrx_word' id='word_1_421' title='bbox 2997 2535 3132 2590; x_wconf 88' lang='lat' dir='ltr'><strong>estis</strong></span> <span class='ocrx_word' id='word_1_422' title='bbox 3166 2550 3310 2590; x_wconf 86' lang='lat' dir='ltr'><strong>:nos</strong></span> <span class='ocrx_word' id='word_1_423' title='bbox 3353 2550 3570 2606; x_wconf 86' lang='lat' dir='ltr'><strong>quoque</strong></span> 
     </span>
    </p>
   </div>
   <div class='ocr_carea' id='block_1_60' title="bbox 1983 2623 3566 2690">
    <p class='ocr_par' dir='ltr' id='par_1_60' title="bbox 1983 2623 3566 2690">
     <span class='ocr_line' id='line_1_60' title="bbox 1983 2623 3566 2690; baseline -0.003 -8"><span class='ocrx_word' id='word_1_424' title='bbox 1983 2627 2220 2682; x_wconf 78' lang='lat' dir='ltr'><strong>humiles</strong></span> <span class='ocrx_word' id='word_1_425' title='bbox 2245 2628 2402 2682; x_wconf 90' lang='lat' dir='ltr'><strong>istius</strong></span> <span class='ocrx_word' id='word_1_426' title='bbox 2431 2627 2690 2681; x_wconf 90' lang='lat' dir='ltr'><strong>nimirum</strong></span> <span class='ocrx_word' id='word_1_427' title='bbox 2730 2625 3096 2681; x_wconf 79' lang='lat' dir='ltr'><strong>confessionis</strong></span> <span class='ocrx_word' id='word_1_428' title='bbox 3163 2624 3360 2679; x_wconf 87' lang='lat' dir='ltr'><strong>fiducia</strong></span> <span class='ocrx_word' id='word_1_429' title='bbox 3403 2623 3566 2690; x_wconf 89' lang='lat' dir='ltr'><strong>freti,</strong></span> 
     </span>
    </p>
   </div>
   <div class='ocr_carea' id='block_1_61' title="bbox 1984 2716 3568 2790">
    <p class='ocr_par' dir='ltr' id='par_1_61' title="bbox 1984 2716 3568 2790">
     <span class='ocr_line' id='line_1_61' title="bbox 1984 2716 3568 2790; baseline -0.003 -16"><span class='ocrx_word' id='word_1_430' title='bbox 1984 2727 2036 2774; x_wconf 91' lang='lat' dir='ltr'><strong>te</strong></span> <span class='ocrx_word' id='word_1_431' title='bbox 2060 2717 2340 2773; x_wconf 89' lang='lat' dir='ltr'><strong>dominam</strong></span> <span class='ocrx_word' id='word_1_432' title='bbox 2375 2730 2432 2776; x_wconf 90' lang='lat' dir='ltr'><strong>et</strong></span> <span class='ocrx_word' id='word_1_433' title='bbox 2462 2719 2782 2790; x_wconf 86' lang='lat' dir='ltr'><strong>magistram</strong></span> <span class='ocrx_word' id='word_1_434' title='bbox 2807 2758 2821 2779; x_wconf 93' lang='lat'><strong><em>.</em></strong></span> <span class='ocrx_word' id='word_1_435' title='bbox 2863 2717 3025 2772; x_wconf 81' lang='lat' dir='ltr'><strong>simul</strong></span> <span class='ocrx_word' id='word_1_436' title='bbox 3083 2716 3246 2772; x_wconf 86' lang='lat' dir='ltr'><strong>etiam</strong></span> <span class='ocrx_word' id='word_1_437' title='bbox 3287 2716 3568 2772; x_wconf 87' lang='lat' dir='ltr'><strong>dominum</strong></span> 
     </span>
    </p>
   </div>
   <div class='ocr_carea' id='block_1_62' title="bbox 1982 2808 3570 2882">
    <p class='ocr_par' dir='ltr' id='par_1_62' title="bbox 1982 2808 3570 2882">
     <span class='ocr_line' id='line_1_62' title="bbox 1982 2808 3570 2882; baseline -0.004 -16"><span class='ocrx_word' id='word_1_438' title='bbox 1982 2818 2037 2866; x_wconf 91' lang='lat' dir='ltr'><strong>et</strong></span> <span class='ocrx_word' id='word_1_439' title='bbox 2057 2811 2396 2880; x_wconf 84' lang='lat' dir='ltr'><strong>magistrum,</strong></span> <span class='ocrx_word' id='word_1_440' title='bbox 2430 2825 2552 2865; x_wconf 88' lang='lat' dir='ltr'><strong>cum</strong></span> <span class='ocrx_word' id='word_1_441' title='bbox 2590 2809 2806 2866; x_wconf 65' lang='lat' dir='ltr'><strong>caeteris</strong></span> <span class='ocrx_word' id='word_1_442' title='bbox 2834 2809 3051 2882; x_wconf 77' lang='lat' dir='ltr'><strong>inclytis</strong></span> <span class='ocrx_word' id='word_1_443' title='bbox 3090 2808 3262 2863; x_wconf 86' lang='lat' dir='ltr'><strong>ramis</strong></span> <span class='ocrx_word' id='word_1_444' title='bbox 3299 2817 3354 2862; x_wconf 87' lang='lat' dir='ltr'><strong>et</strong></span> <span class='ocrx_word' id='word_1_445' title='bbox 3379 2821 3570 2864; x_wconf 88' lang='lat' dir='ltr'><strong>susce-</strong></span> 
     </span>
    </p>
   </div>
   <div class='ocr_carea' id='block_1_63' title="bbox 1983 2899 3570 2974">
    <p class='ocr_par' dir='ltr' id='par_1_63' title="bbox 1983 2899 3570 2974">
     <span class='ocr_line' id='line_1_63' title="bbox 1983 2899 3570 2974; baseline -0.001 -17"><span class='ocrx_word' id='word_1_446' title='bbox 1983 2905 2169 2974; x_wconf 85' lang='lat' dir='ltr'><strong>pimus</strong></span> <span class='ocrx_word' id='word_1_447' title='bbox 2200 2942 2214 2966; x_wconf 88' lang='lat'><strong>,</strong></span> <span class='ocrx_word' id='word_1_448' title='bbox 2255 2911 2309 2958; x_wconf 90' lang='lat' dir='ltr'><strong>et</strong></span> <span class='ocrx_word' id='word_1_449' title='bbox 2360 2903 2680 2958; x_wconf 72' lang='lat' dir='ltr'><strong>orthodoxa:</strong></span> <span class='ocrx_word' id='word_1_450' title='bbox 2730 2901 2854 2956; x_wconf 89' lang='lat' dir='ltr'><strong>Ildei</strong></span> <span class='ocrx_word' id='word_1_451' title='bbox 2909 2901 3184 2972; x_wconf 80' lang='lat' dir='ltr'><strong>partibus,</strong></span> <span class='ocrx_word' id='word_1_452' title='bbox 3225 2916 3322 2956; x_wconf 80' lang='lat' dir='ltr'><strong>seu</strong></span> <span class='ocrx_word' id='word_1_453' title='bbox 3391 2899 3570 2970; x_wconf 84' lang='lat' dir='ltr'><strong>potius</strong></span> 
     </span>
    </p>
   </div>
   <div class='ocr_carea' id='block_1_64' title="bbox 1984 2974 3570 3061">
    <p class='ocr_par' dir='ltr' id='par_1_64' title="bbox 1984 2974 3570 3061">
     <span class='ocr_line' id='line_1_64' title="bbox 1984 2974 3570 3061; baseline -0.001 -13"><span class='ocrx_word' id='word_1_454' title='bbox 1984 2994 2242 3049; x_wconf 69' lang='lat' dir='ltr'><strong>Ecclesiae</strong></span> <span class='ocrx_word' id='word_1_455' title='bbox 2267 2992 2360 3048; x_wconf 90' lang='lat' dir='ltr'><strong>Dei</strong></span> <span class='ocrx_word' id='word_1_456' title='bbox 2395 3007 2780 3058; x_wconf 89' lang='lat' dir='ltr'><strong>accensemus,</strong></span> <span class='ocrx_word' id='word_1_457' title='bbox 2818 2993 3208 3061; x_wconf 86' lang='lat' dir='ltr'><strong>venientesque</strong></span> <span class='ocrx_word' id='word_1_458' title='bbox 3251 2990 3318 3046; x_wconf 91' lang='lat' dir='ltr'><strong>ad</strong></span> <span class='ocrx_word' id='word_1_459' title='bbox 3351 2974 3570 3046; x_wconf 79' lang='lat' dir='ltr'><strong>immiti-</strong></span> 
     </span>
    </p>
   </div>
   <div class='ocr_carea' id='block_1_65' title="bbox 1986 3085 3571 3150">
    <p class='ocr_par' dir='ltr' id='par_1_65' title="bbox 1986 3085 3571 3150">
     <span class='ocr_line' id='line_1_65' title="bbox 1986 3085 3571 3150; baseline -0.002 -8"><span class='ocrx_word' id='word_1_460' title='bbox 1986 3096 2150 3142; x_wconf 87' lang='lat' dir='ltr'><strong>tatem</strong></span> <span class='ocrx_word' id='word_1_461' title='bbox 2173 3097 2414 3142; x_wconf 89' lang='lat' dir='ltr'><strong>nostram</strong></span> <span class='ocrx_word' id='word_1_462' title='bbox 2436 3101 2536 3142; x_wconf 90' lang='lat' dir='ltr'><strong>vos</strong></span> <span class='ocrx_word' id='word_1_463' title='bbox 2552 3100 2900 3150; x_wconf 83' lang='lat' dir='ltr'><strong>veneramur,</strong></span> <span class='ocrx_word' id='word_1_464' title='bbox 2921 3093 2977 3140; x_wconf 90' lang='lat' dir='ltr'><strong>et</strong></span> <span class='ocrx_word' id='word_1_465' title='bbox 3015 3085 3297 3140; x_wconf 83' lang='lat' dir='ltr'><strong>vobiscum</strong></span> <span class='ocrx_word' id='word_1_466' title='bbox 3325 3100 3571 3139; x_wconf 81' lang='lat' dir='ltr'><strong>commu-</strong></span> 
     </span>
    </p>
   </div>
   <div class='ocr_carea' id='block_1_66' title="bbox 1985 3177 3573 3250">
    <p class='ocr_par' dir='ltr' id='par_1_66' title="bbox 1985 3177 3573 3250">
     <span class='ocr_line' id='line_1_66' title="bbox 1985 3177 3573 3250; baseline -0.002 -16"><span class='ocrx_word' id='word_1_467' title='bbox 1985 3179 2257 3245; x_wconf 89' lang='lat' dir='ltr'><strong>nicamus,</strong></span> <span class='ocrx_word' id='word_1_468' title='bbox 2275 3181 2481 3250; x_wconf 82' lang='lat' dir='ltr'><strong>gratias</strong></span> <span class='ocrx_word' id='word_1_469' title='bbox 2501 3189 2725 3249; x_wconf 86' lang='lat' dir='ltr'><strong>agentes</strong></span> <span class='ocrx_word' id='word_1_470' title='bbox 2753 3177 2863 3233; x_wconf 89' lang='lat' dir='ltr'><strong>Deo</strong></span> <span class='ocrx_word' id='word_1_471' title='bbox 2885 3177 3093 3248; x_wconf 89' lang='lat' dir='ltr'><strong>optimo</strong></span> <span class='ocrx_word' id='word_1_472' title='bbox 3126 3179 3216 3248; x_wconf 83' lang='lat' dir='ltr'><strong>qui</strong></span> <span class='ocrx_word' id='word_1_473' title='bbox 3235 3178 3358 3248; x_wconf 73' lang='lat' dir='ltr'><strong>fecit</strong></span> <span class='ocrx_word' id='word_1_474' title='bbox 3378 3194 3573 3248; x_wconf 84' lang='lat' dir='ltr'><strong>magna</strong></span> 
     </span>
    </p>
   </div>
   <div class='ocr_carea' id='block_1_67' title="bbox 1984 3272 3573 3344">
    <p class='ocr_par' dir='ltr' id='par_1_67' title="bbox 1984 3272 3573 3344">
     <span class='ocr_line' id='line_1_67' title="bbox 1984 3272 3573 3344; baseline -0.003 -14"><span class='ocrx_word' id='word_1_475' title='bbox 1984 3284 2034 3330; x_wconf 79' lang='lat' dir='ltr'><strong>et</strong></span> <span class='ocrx_word' id='word_1_476' title='bbox 2063 3274 2439 3330; x_wconf 74' lang='lat' dir='ltr'><strong>inscrutabilia</strong></span> <span class='ocrx_word' id='word_1_477' title='bbox 2467 3272 2662 3344; x_wconf 75' lang='lat' dir='ltr'><strong>absque</strong></span> <span class='ocrx_word' id='word_1_478' title='bbox 2695 3287 2912 3326; x_wconf 84' lang='lat' dir='ltr'><strong>numero</strong></span> <span class='ocrx_word' id='word_1_479' title='bbox 2949 3273 2994 3304; x_wconf 84' lang='lat'>&quot;</span> <span class='ocrx_word' id='word_1_480' title='bbox 3025 3289 3040 3340; x_wconf 90' lang='lat'><strong>;</strong></span> <span class='ocrx_word' id='word_1_481' title='bbox 3086 3272 3182 3341; x_wconf 89' lang='lat' dir='ltr'><strong>qui</strong></span> <span class='ocrx_word' id='word_1_482' title='bbox 3215 3289 3281 3326; x_wconf 80' lang='lat' dir='ltr'><strong>ex</strong></span> <span class='ocrx_word' id='word_1_483' title='bbox 3331 3273 3573 3326; x_wconf 84' lang='lat' dir='ltr'><strong>tenebris</strong></span> 
     </span>
    </p>
   </div>
   <div class='ocr_carea' id='block_1_68' title="bbox 1986 3364 3572 3435">
    <p class='ocr_par' dir='ltr' id='par_1_68' title="bbox 1986 3364 3572 3435">
     <span class='ocr_line' id='line_1_68' title="bbox 1986 3364 3572 3435; baseline -0.004 -13"><span class='ocrx_word' id='word_1_484' title='bbox 1986 3368 2052 3422; x_wconf 87' lang='lat' dir='ltr'><strong>ad</strong></span> <span class='ocrx_word' id='word_1_485' title='bbox 2071 3367 2245 3425; x_wconf 89' lang='lat' dir='ltr'><strong>lucem</strong></span> <span class='ocrx_word' id='word_1_486' title='bbox 2280 3367 2520 3430; x_wconf 88' lang='lat' dir='ltr'><strong>deducit,</strong></span> <span class='ocrx_word' id='word_1_487' title='bbox 2542 3382 2609 3421; x_wconf 79' lang='lat' dir='ltr'><strong>ex</strong></span> <span class='ocrx_word' id='word_1_488' title='bbox 2641 3366 2726 3420; x_wconf 89' lang='lat' dir='ltr'><strong>via</strong></span> <span class='ocrx_word' id='word_1_489' title='bbox 2757 3364 2966 3421; x_wconf 86' lang='lat' dir='ltr'><strong>erroris</strong></span> <span class='ocrx_word' id='word_1_490' title='bbox 2996 3365 3061 3418; x_wconf 89' lang='lat' dir='ltr'><strong>ad</strong></span> <span class='ocrx_word' id='word_1_491' title='bbox 3077 3365 3296 3435; x_wconf 84' lang='lat' dir='ltr'><strong>pietatis</strong></span> <span class='ocrx_word' id='word_1_492' title='bbox 3321 3365 3572 3420; x_wconf 85' lang='lat' dir='ltr'><strong>semitam</strong></span> 
     </span>
    </p>
   </div>
   <div class='ocr_carea' id='block_1_69' title="bbox 302 3429 1878 3528">
    <p class='ocr_par' dir='ltr' id='par_1_69' title="bbox 302 3429 1878 3527">
     <span class='ocr_line' id='line_1_69' title="bbox 302 3429 1878 3527; baseline -0.008 -14"><span class='ocrx_word' id='word_1_493' title='bbox 302 3445 384 3516; x_wconf 73' lang='grc' dir='ltr'><strong>τῷ</strong></span> <span class='ocrx_word' id='word_1_494' title='bbox 413 3447 476 3498; x_wconf 64' lang='grc' dir='ltr'><strong>ἐκ</strong></span> <span class='ocrx_word' id='word_1_495' title='bbox 501 3444 728 3508; x_wconf 75' lang='grc' dir='ltr'>σκότους</span> <span class='ocrx_word' id='word_1_496' title='bbox 751 3429 980 3514; x_wconf 75' lang='grc' dir='ltr'><strong>εἰς’φῶς</strong></span> <span class='ocrx_word' id='word_1_497' title='bbox 1009 3447 1222 3515; x_wconf 77' lang='grc' dir='ltr'>ἄγοντι,</span> <span class='ocrx_word' id='word_1_498' title='bbox 1254 3449 1352 3501; x_wconf 80' lang='grc' dir='ltr'>καὶ</span> <span class='ocrx_word' id='word_1_499' title='bbox 1397 3446 1459 3514; x_wconf 81' lang='grc' dir='ltr'><strong>ἐξ</strong></span> <span class='ocrx_word' id='word_1_500' title='bbox 1508 3448 1632 3502; x_wconf 85' lang='grc' dir='ltr'>ὁδοῦ</span> <span class='ocrx_word' id='word_1_501' title='bbox 1677 3429 1878 3527; x_wconf 81' lang='grc' dir='ltr'>πλάνης</span> 
     </span>
    </p>
   </div>
   <div class='ocr_carea' id='block_1_70' title="bbox 1982 3429 3549 3528">
    <p class='ocr_par' dir='ltr' id='par_1_70' title="bbox 1991 3457 3549 3528">
     <span class='ocr_line' id='line_1_70' title="bbox 1991 3457 3549 3528; baseline -0.003 -15"><span class='ocrx_word' id='word_1_502' title='bbox 1991 3457 2250 3518; x_wconf 84' lang='lat' dir='ltr'><strong>transfert</strong></span> <span class='ocrx_word' id='word_1_503' title='bbox 2282 3473 2409 3513; x_wconf 87' lang='lat' dir='ltr'><strong>eum</strong></span> <span class='ocrx_word' id='word_1_504' title='bbox 2449 3473 2693 3520; x_wconf 86' lang='lat' dir='ltr'><strong>omnem,</strong></span> <span class='ocrx_word' id='word_1_505' title='bbox 2718 3457 2813 3528; x_wconf 88' lang='lat' dir='ltr'><strong>qui</strong></span> <span class='ocrx_word' id='word_1_506' title='bbox 2863 3471 2930 3512; x_wconf 78' lang='lat' dir='ltr'><strong>ex</strong></span> <span class='ocrx_word' id='word_1_507' title='bbox 2954 3457 3142 3512; x_wconf 77' lang='lat' dir='ltr'><strong>animo</strong></span> <span class='ocrx_word' id='word_1_508' title='bbox 3171 3457 3372 3512; x_wconf 84' lang='lat' dir='ltr'><strong>salvari</strong></span> <span class='ocrx_word' id='word_1_509' title='bbox 3397 3457 3549 3525; x_wconf 75' lang='lat' dir='ltr'><strong>cupit</strong></span> 
     </span>
    </p>
   </div>
   <div class='ocr_carea' id='block_1_71' title="bbox 303 3535 1878 3614">
    <p class='ocr_par' dir='ltr' id='par_1_71' title="bbox 303 3535 1878 3614">
     <span class='ocr_line' id='line_1_71' title="bbox 303 3535 1878 3614; baseline -0.001 -22"><span class='ocrx_word' id='word_1_510' title='bbox 303 3541 383 3602; x_wconf 87' lang='grc' dir='ltr'><strong>εἰς</strong></span> <span class='ocrx_word' id='word_1_511' title='bbox 409 3536 595 3609; x_wconf 89' lang='grc' dir='ltr'>τρίϐον</span> <span class='ocrx_word' id='word_1_512' title='bbox 626 3535 911 3600; x_wconf 82' lang='grc' dir='ltr'>εὐσεϐείας</span> <span class='ocrx_word' id='word_1_513' title='bbox 939 3539 1302 3610; x_wconf 72' lang='grc' dir='ltr'>μεταφέροντι</span> <span class='ocrx_word' id='word_1_514' title='bbox 1329 3541 1508 3594; x_wconf 79' lang='grc' dir='ltr'>πάντα</span> <span class='ocrx_word' id='word_1_515' title='bbox 1533 3542 1625 3596; x_wconf 76' lang='grc' dir='ltr'>τὸν</span> <span class='ocrx_word' id='word_1_516' title='bbox 1653 3541 1713 3608; x_wconf 80' lang='grc' dir='ltr'><strong>ἐξ</strong></span> <span class='ocrx_word' id='word_1_517' title='bbox 1743 3543 1878 3614; x_wconf 60' lang='grc' dir='ltr'>ἀλης</span> 
     </span>
    </p>
   </div>
   <div class='ocr_carea' id='block_1_72' title="bbox 303 3628 1882 3706">
    <p class='ocr_par' dir='ltr' id='par_1_72' title="bbox 303 3628 1882 3706">
     <span class='ocr_line' id='line_1_72' title="bbox 303 3628 1882 3706; baseline -0.004 -21"><span class='ocrx_word' id='word_1_518' title='bbox 303 3632 458 3702; x_wconf 82' lang='grc' dir='ltr'>θινῆς</span> <span class='ocrx_word' id='word_1_519' title='bbox 483 3629 712 3701; x_wconf 86' lang='grc' dir='ltr'>καρδίας</span> <span class='ocrx_word' id='word_1_520' title='bbox 764 3628 1053 3700; x_wconf 82' lang='grc' dir='ltr'>ἐφιέμενον</span> <span class='ocrx_word' id='word_1_521' title='bbox 1089 3629 1397 3700; x_wconf 62' lang='grc' dir='ltr'>,σώζεσθαμ</span> <span class='ocrx_word' id='word_1_522' title='bbox 1431 3632 1615 3686; x_wconf 89' lang='grc' dir='ltr'>Ταῦτα</span> <span class='ocrx_word' id='word_1_523' title='bbox 1661 3634 1761 3706; x_wconf 88' lang='grc' dir='ltr'>μὲν</span> <span class='ocrx_word' id='word_1_524' title='bbox 1786 3633 1882 3696; x_wconf 68' lang='grc' dir='ltr'><strong>οὔ-</strong></span> 
     </span>
    </p>
   </div>
   <div class='ocr_carea' id='block_1_73' title="bbox 302 3720 1878 3801">
    <p class='ocr_par' dir='ltr' id='par_1_73' title="bbox 302 3720 1878 3801">
     <span class='ocr_line' id='line_1_73' title="bbox 302 3720 1878 3801; baseline 0.002 -24"><span class='ocrx_word' id='word_1_525' title='bbox 302 3739 432 3787; x_wconf 84' lang='grc' dir='ltr'>τως.</span> <span class='ocrx_word' id='word_1_526' title='bbox 477 3721 695 3792; x_wconf 78' lang='grc' dir='ltr'>Ἐπειδὴ</span> <span class='ocrx_word' id='word_1_527' title='bbox 723 3721 778 3775; x_wconf 85' lang='grc' dir='ltr'>δὲ</span> <span class='ocrx_word' id='word_1_528' title='bbox 827 3720 1068 3790; x_wconf 81' lang='grc' dir='ltr'>ἀπεδόθη</span> <span class='ocrx_word' id='word_1_529' title='bbox 1113 3721 1243 3792; x_wconf 82' lang='grc' dir='ltr'>ὑμῖν</span> <span class='ocrx_word' id='word_1_530' title='bbox 1289 3723 1441 3800; x_wconf 83' lang='grc' dir='ltr'>παρὰ</span> <span class='ocrx_word' id='word_1_531' title='bbox 1489 3723 1586 3778; x_wconf 88' lang='grc' dir='ltr'><strong>τοῦ</strong></span> <span class='ocrx_word' id='word_1_532' title='bbox 1639 3726 1878 3801; x_wconf 81' lang='grc' dir='ltr'>μεγάλου</span> 
     </span>
    </p>
   </div>
   <div class='ocr_carea' id='block_1_74' title="bbox 306 3813 1880 3890">
    <p class='ocr_par' dir='ltr' id='par_1_74' title="bbox 306 3813 1880 3890">
     <span class='ocr_line' id='line_1_74' title="bbox 306 3813 1880 3890; baseline 0.004 -24"><span class='ocrx_word' id='word_1_533' title='bbox 306 3813 570 3884; x_wconf 82' lang='grc' dir='ltr'>βασιλέως</span> <span class='ocrx_word' id='word_1_534' title='bbox 600 3815 633 3885; x_wconf 85' lang='grc' dir='ltr'><strong>ἡ</strong></span> <span class='ocrx_word' id='word_1_535' title='bbox 661 3815 820 3885; x_wconf 81' lang='grc' dir='ltr'>νῆσος</span> <span class='ocrx_word' id='word_1_536' title='bbox 850 3813 955 3883; x_wconf 82' lang='grc' dir='ltr'>τῆς</span> <span class='ocrx_word' id='word_1_537' title='bbox 1008 3813 1280 3872; x_wconf 87' lang='grc' dir='ltr'>Χαλκίτου</span> <span class='ocrx_word' id='word_1_538' title='bbox 1336 3817 1418 3880; x_wconf 86' lang='grc' dir='ltr'><strong>είς</strong></span> <span class='ocrx_word' id='word_1_539' title='bbox 1460 3822 1880 3890; x_wconf 80' lang='grc' dir='ltr'>κατοικητήριον</span> 
     </span>
    </p>
   </div>
   <div class='ocr_carea' id='block_1_75' title="bbox 308 3903 1880 3980">
    <p class='ocr_par' dir='ltr' id='par_1_75' title="bbox 308 3903 1880 3980">
     <span class='ocr_line' id='line_1_75' title="bbox 308 3903 1880 3980; baseline 0.004 -22"><span class='ocrx_word' id='word_1_540' title='bbox 308 3903 542 3974; x_wconf 86' lang='grc' dir='ltr'>διαίτης,</span> <span class='ocrx_word' id='word_1_541' title='bbox 570 3905 631 3958; x_wconf 79' lang='grc' dir='ltr'>οὐ</span> <span class='ocrx_word' id='word_1_542' title='bbox 667 3904 876 3978; x_wconf 83' lang='grc' dir='ltr'>μικρῶς</span> <span class='ocrx_word' id='word_1_543' title='bbox 905 3903 1196 3977; x_wconf 84' lang='grc' dir='ltr'>ἐλύπησεν,</span> <span class='ocrx_word' id='word_1_544' title='bbox 1225 3908 1325 3980; x_wconf 82' lang='grc' dir='ltr'>οὐχ</span> <span class='ocrx_word' id='word_1_545' title='bbox 1347 3909 1494 3980; x_wconf 78' lang='grc' dir='ltr'>ἡμᾶς</span> <span class='ocrx_word' id='word_1_546' title='bbox 1527 3909 1704 3979; x_wconf 86' lang='grc' dir='ltr'>μόνον,</span> <span class='ocrx_word' id='word_1_547' title='bbox 1742 3911 1880 3966; x_wconf 78' lang='grc' dir='ltr'>ἀλλὰ</span> 
     </span>
    </p>
   </div>
   <div class='ocr_carea' id='block_1_76' title="bbox 305 3995 1880 4075">
    <p class='ocr_par' dir='ltr' id='par_1_76' title="bbox 305 3995 1880 4075">
     <span class='ocr_line' id='line_1_76' title="bbox 305 3995 1880 4075; baseline 0.005 -25"><span class='ocrx_word' id='word_1_548' title='bbox 305 3995 403 4050; x_wconf 76' lang='grc' dir='ltr'>καὶ</span> <span class='ocrx_word' id='word_1_549' title='bbox 431 3996 657 4060; x_wconf 79' lang='grc' dir='ltr'>πολλοὺς</span> <span class='ocrx_word' id='word_1_550' title='bbox 701 3997 810 4050; x_wconf 83' lang='grc' dir='ltr'><strong>τῶν</strong></span> <span class='ocrx_word' id='word_1_551' title='bbox 849 3997 1132 4068; x_wconf 84' lang='grc' dir='ltr'>Πατέρων,</span> <span class='ocrx_word' id='word_1_552' title='bbox 1184 3997 1268 4054; x_wconf 84' lang='grc' dir='ltr'><strong>ὅτι</strong></span> <span class='ocrx_word' id='word_1_553' title='bbox 1303 3999 1606 4071; x_wconf 81' lang='grc' dir='ltr'>ἀδελφότης</span> <span class='ocrx_word' id='word_1_554' title='bbox 1641 4002 1738 4075; x_wconf 81' lang='grc' dir='ltr'>ὅλη</span> <span class='ocrx_word' id='word_1_555' title='bbox 1779 4004 1880 4059; x_wconf 81' lang='grc' dir='ltr'><strong>σῦν</strong></span> 
     </span>
    </p>
   </div>
   <div class='ocr_carea' id='block_1_77' title="bbox 304 4086 1880 4164">
    <p class='ocr_par' dir='ltr' id='par_1_77' title="bbox 304 4086 1880 4164">
     <span class='ocr_line' id='line_1_77' title="bbox 304 4086 1880 4164; baseline 0.006 -24"><span class='ocrx_word' id='word_1_556' title='bbox 304 4086 704 4160; x_wconf 84' lang='grc' dir='ltr'>καθηγουμένῳ</span> <span class='ocrx_word' id='word_1_557' title='bbox 731 4089 831 4160; x_wconf 66' lang='grc' dir='ltr'><strong>τῆς⁹</strong></span> <span class='ocrx_word' id='word_1_558' title='bbox 865 4087 1035 4144; x_wconf 82' lang='grc' dir='ltr'>πάλαι</span> <span class='ocrx_word' id='word_1_559' title='bbox 1067 4090 1278 4156; x_wconf 73' lang='grc' dir='ltr'>οἰκείας</span> <span class='ocrx_word' id='word_1_560' title='bbox 1314 4095 1483 4163; x_wconf 83' lang='grc' dir='ltr'>μονῆς</span> <span class='ocrx_word' id='word_1_561' title='bbox 1508 4091 1714 4164; x_wconf 82' lang='grc' dir='ltr'>ἐξεὼθη</span> <span class='ocrx_word' id='word_1_562' title='bbox 1733 4111 1748 4127; x_wconf 73' lang='grc' dir='ltr'><strong>ο</strong></span> <span class='ocrx_word' id='word_1_563' title='bbox 1783 4095 1880 4149; x_wconf 76' lang='grc' dir='ltr'>καὶ</span> 
     </span>
    </p>
   </div>
   <div class='ocr_carea' id='block_1_78' title="bbox 304 4171 1880 4254">
    <p class='ocr_par' dir='ltr' id='par_1_78' title="bbox 304 4171 1880 4254">
     <span class='ocr_line' id='line_1_78' title="bbox 304 4171 1880 4254; baseline 0.003 -24"><span class='ocrx_word' id='word_1_564' title='bbox 304 4175 400 4230; x_wconf 88' lang='grc' dir='ltr'><strong>νῦν</strong></span> <span class='ocrx_word' id='word_1_565' title='bbox 459 4171 562 4230; x_wconf 81' lang='grc' dir='ltr'>ὦδε</span> <span class='ocrx_word' id='word_1_566' title='bbox 613 4179 839 4232; x_wconf 85' lang='grc' dir='ltr'>κάκεῖσε</span> <span class='ocrx_word' id='word_1_567' title='bbox 886 4178 1291 4250; x_wconf 84' lang='grc' dir='ltr'>περιφέρεται·</span> <span class='ocrx_word' id='word_1_568' title='bbox 1325 4180 1421 4234; x_wconf 81' lang='grc' dir='ltr'><strong>καὶ</strong></span> <span class='ocrx_word' id='word_1_569' title='bbox 1477 4182 1559 4236; x_wconf 81' lang='grc' dir='ltr'>ὅτι</span> <span class='ocrx_word' id='word_1_570' title='bbox 1618 4180 1880 4254; x_wconf 75' lang='grc' dir='ltr'>ὤφθημεν</span> 
     </span>
    </p>
   </div>
   <div class='ocr_carea' id='block_1_79' title="bbox 302 4269 1876 4348">
    <p class='ocr_par' dir='ltr' id='par_1_79' title="bbox 302 4269 1876 4348">
     <span class='ocr_line' id='line_1_79' title="bbox 302 4269 1876 4348; baseline 0.006 -26"><span class='ocrx_word' id='word_1_571' title='bbox 302 4269 616 4337; x_wconf 82' lang='grc' dir='ltr'>ἀνοίγοντες</span> <span class='ocrx_word' id='word_1_572' title='bbox 695 4269 948 4340; x_wconf 83' lang='grc' dir='ltr'>γλώσσας</span> <span class='ocrx_word' id='word_1_573' title='bbox 997 4272 1093 4326; x_wconf 79' lang='grc' dir='ltr'>ἐπὶ</span> <span class='ocrx_word' id='word_1_574' title='bbox 1151 4273 1451 4345; x_wconf 83' lang='grc' dir='ltr'>προτέραις</span> <span class='ocrx_word' id='word_1_575' title='bbox 1517 4275 1876 4348; x_wconf 86' lang='grc' dir='ltr'>δυσφημίαις.</span> 
     </span>
    </p>
   </div>
   <div class='ocr_carea' id='block_1_80' title="bbox 304 4360 1878 4436">
    <p class='ocr_par' dir='ltr' id='par_1_80' title="bbox 304 4360 1878 4436">
     <span class='ocr_line' id='line_1_80' title="bbox 304 4360 1878 4436; baseline 0.004 -20"><span class='ocrx_word' id='word_1_576' title='bbox 304 4360 496 4434; x_wconf 85' lang='grc' dir='ltr'>Ὅμως</span> <span class='ocrx_word' id='word_1_577' title='bbox 557 4361 744 4434; x_wconf 82' lang='grc' dir='ltr'>ἐπειδὴ</span> <span class='ocrx_word' id='word_1_578' title='bbox 796 4362 1215 4434; x_wconf 80' lang='grc' dir='ltr'>ἀπελογήσασθε</span> <span class='ocrx_word' id='word_1_579' title='bbox 1256 4364 1344 4420; x_wconf 81' lang='grc' dir='ltr'>διὰ</span> <span class='ocrx_word' id='word_1_580' title='bbox 1369 4365 1465 4420; x_wconf 88' lang='grc' dir='ltr'><strong>τοῦ</strong></span> <span class='ocrx_word' id='word_1_581' title='bbox 1505 4367 1878 4436; x_wconf 86' lang='grc' dir='ltr'>πνευματικοῦ</span> 
     </span>
    </p>
   </div>
   <div class='ocr_carea' id='block_1_81' title="bbox 298 4452 1876 4531">
    <p class='ocr_par' dir='ltr' id='par_1_81' title="bbox 298 4452 1876 4531">
     <span class='ocr_line' id='line_1_81' title="bbox 298 4452 1876 4531; baseline 0.006 -27"><span class='ocrx_word' id='word_1_582' title='bbox 298 4452 463 4524; x_wconf 84' lang='grc' dir='ltr'>ήμῶν</span> <span class='ocrx_word' id='word_1_583' title='bbox 504 4453 621 4507; x_wconf 85' lang='grc' dir='ltr'>υίοῦ</span> <span class='ocrx_word' id='word_1_584' title='bbox 642 4454 979 4526; x_wconf 81' lang='grc' dir='ltr'>Κλήμεντος,</span> <span class='ocrx_word' id='word_1_585' title='bbox 1007 4457 1103 4510; x_wconf 91' lang='grc' dir='ltr'><strong>τοῦ</strong></span> <span class='ocrx_word' id='word_1_586' title='bbox 1125 4457 1524 4512; x_wconf 84' lang='grc' dir='ltr'>εὐλαϐεστάτου</span> <span class='ocrx_word' id='word_1_587' title='bbox 1547 4459 1876 4531; x_wconf 76' lang='grc' dir='ltr'>ἡγουμένου,</span> 
     </span>
    </p>
   </div>
   <div class='ocr_carea' id='block_1_82' title="bbox 302 4543 1881 4622">
    <p class='ocr_par' dir='ltr' id='par_1_82' title="bbox 302 4543 1881 4622">
     <span class='ocr_line' id='line_1_82' title="bbox 302 4543 1881 4622; baseline 0.006 -24"><span class='ocrx_word' id='word_1_588' title='bbox 302 4543 478 4609; x_wconf 75' lang='grc' dir='ltr'>οὕτως</span> <span class='ocrx_word' id='word_1_589' title='bbox 510 4546 606 4600; x_wconf 76' lang='grc' dir='ltr'><strong>καὶ</strong></span> <span class='ocrx_word' id='word_1_590' title='bbox 660 4545 830 4610; x_wconf 80' lang='grc' dir='ltr'>οὕτως</span> <span class='ocrx_word' id='word_1_591' title='bbox 863 4547 1104 4619; x_wconf 83' lang='grc' dir='ltr'>ὑπάρξαι</span> <span class='ocrx_word' id='word_1_592' title='bbox 1131 4547 1232 4620; x_wconf 82' lang='grc' dir='ltr'><strong>τήν</strong></span> <span class='ocrx_word' id='word_1_593' title='bbox 1277 4549 1535 4604; x_wconf 80' lang='grc' dir='ltr'>ὑπόθεσιν</span> <span class='ocrx_word' id='word_1_594' title='bbox 1569 4553 1636 4606; x_wconf 84' lang='grc' dir='ltr'><strong>ἐκ</strong></span> <span class='ocrx_word' id='word_1_595' title='bbox 1670 4551 1881 4622; x_wconf 84' lang='grc' dir='ltr'>βασιλι-</span> 
     </span>
    </p>
   </div>
   <div class='ocr_carea' id='block_1_83' title="bbox 299 4636 1881 4717">
    <p class='ocr_par' dir='ltr' id='par_1_83' title="bbox 299 4636 1881 4717">
     <span class='ocr_line' id='line_1_83' title="bbox 299 4636 1881 4717; baseline 0.006 -28"><span class='ocrx_word' id='word_1_596' title='bbox 299 4636 402 4706; x_wconf 84' lang='grc' dir='ltr'>κῆς</span> <span class='ocrx_word' id='word_1_597' title='bbox 433 4636 1058 4711; x_wconf 77' lang='grc' dir='ltr'>ἐξουσίας,ἁπελύθημεν</span> <span class='ocrx_word' id='word_1_598' title='bbox 1077 4641 1176 4712; x_wconf 83' lang='grc' dir='ltr'><strong>τῆς</strong></span> <span class='ocrx_word' id='word_1_599' title='bbox 1202 4641 1400 4712; x_wconf 83' lang='grc' dir='ltr'>λύπης.</span> <span class='ocrx_word' id='word_1_600' title='bbox 1439 4641 1680 4698; x_wconf 88' lang='grc' dir='ltr'>Τοῦτοδέ</span> <span class='ocrx_word' id='word_1_601' title='bbox 1697 4661 1881 4717; x_wconf 82' lang='grc' dir='ltr'>παρα-</span> 
     </span>
    </p>
   </div>
   <div class='ocr_carea' id='block_1_84' title="bbox 299 4726 1879 4810">
    <p class='ocr_par' dir='ltr' id='par_1_84' title="bbox 299 4726 1879 4810">
     <span class='ocr_line' id='line_1_84' title="bbox 299 4726 1879 4810; baseline 0.008 -31"><span class='ocrx_word' id='word_1_602' title='bbox 299 4726 596 4797; x_wconf 88' lang='grc' dir='ltr'>καλοῦμεν,</span> <span class='ocrx_word' id='word_1_603' title='bbox 655 4730 780 4784; x_wconf 84' lang='grc' dir='ltr'>ὅσον</span> <span class='ocrx_word' id='word_1_604' title='bbox 833 4731 1110 4804; x_wconf 84' lang='grc' dir='ltr'>ἐνδέχεται</span> <span class='ocrx_word' id='word_1_605' title='bbox 1149 4733 1511 4790; x_wconf 82' lang='grc' dir='ltr'>ἐκϐιάσασθαι</span> <span class='ocrx_word' id='word_1_606' title='bbox 1545 4736 1690 4806; x_wconf 75' lang='grc' dir='ltr'>ὑμᾶς</span> <span class='ocrx_word' id='word_1_607' title='bbox 1716 4736 1879 4810; x_wconf 79' lang='grc' dir='ltr'>θερα-</span> 
     </span>
    </p>
   </div>
   <div class='ocr_carea' id='block_1_85' title="bbox 1983 3547 3570 3622">
    <p class='ocr_par' dir='ltr' id='par_1_85' title="bbox 1983 3547 3570 3622">
     <span class='ocr_line' id='line_1_85' title="bbox 1983 3547 3570 3622; baseline -0.003 -16"><span class='ocrx_word' id='word_1_608' title='bbox 1983 3553 2162 3621; x_wconf 79' lang='lat' dir='ltr'><strong>Atque</strong></span> <span class='ocrx_word' id='word_1_609' title='bbox 2221 3552 2334 3606; x_wconf 68' lang='lat' dir='ltr'><strong>haec</strong></span> <span class='ocrx_word' id='word_1_610' title='bbox 2409 3551 2632 3622; x_wconf 85' lang='lat' dir='ltr'><strong>quidem</strong></span> <span class='ocrx_word' id='word_1_611' title='bbox 2687 3551 2744 3604; x_wconf 90' lang='lat' dir='ltr'><strong>in</strong></span> <span class='ocrx_word' id='word_1_612' title='bbox 2815 3548 2963 3604; x_wconf 91' lang='lat' dir='ltr'><strong>hunc</strong></span> <span class='ocrx_word' id='word_1_613' title='bbox 3001 3550 3249 3604; x_wconf 88' lang='lat' dir='ltr'><strong>modum.</strong></span> <span class='ocrx_word' id='word_1_614' title='bbox 3297 3547 3570 3604; x_wconf 68' lang='lat' dir='ltr'><strong>Caeterum</strong></span> 
     </span>
    </p>
   </div>
   <div class='ocr_carea' id='block_1_86' title="bbox 1985 3641 3570 3713">
    <p class='ocr_par' dir='ltr' id='par_1_86' title="bbox 1985 3641 3570 3713">
     <span class='ocr_line' id='line_1_86' title="bbox 1985 3641 3570 3713; baseline -0.001 -16"><span class='ocrx_word' id='word_1_615' title='bbox 1985 3653 2276 3713; x_wconf 89' lang='lat' dir='ltr'><strong>postquam</strong></span> <span class='ocrx_word' id='word_1_616' title='bbox 2303 3643 2551 3698; x_wconf 87' lang='lat' dir='ltr'><strong>Chalcita</strong></span> <span class='ocrx_word' id='word_1_617' title='bbox 2590 3642 2771 3698; x_wconf 87' lang='lat' dir='ltr'><strong>insula</strong></span> <span class='ocrx_word' id='word_1_618' title='bbox 2804 3641 2960 3697; x_wconf 88' lang='lat' dir='ltr'><strong>vobis</strong></span> <span class='ocrx_word' id='word_1_619' title='bbox 3032 3641 3314 3712; x_wconf 82' lang='lat' dir='ltr'><strong>designata</strong></span> <span class='ocrx_word' id='word_1_620' title='bbox 3383 3642 3486 3695; x_wconf 84' lang='lat' dir='ltr'><strong>fuit</strong></span> <span class='ocrx_word' id='word_1_621' title='bbox 3537 3655 3570 3696; x_wconf 69' lang='grc' dir='ltr'><strong><em>ι</em></strong></span> 
     </span>
    </p>
   </div>
   <div class='ocr_carea' id='block_1_87' title="bbox 1988 3731 3573 3804">
    <p class='ocr_par' dir='ltr' id='par_1_87' title="bbox 1988 3731 3573 3804">
     <span class='ocr_line' id='line_1_87' title="bbox 1988 3731 3573 3804; baseline -0.001 -17"><span class='ocrx_word' id='word_1_622' title='bbox 1988 3749 2189 3804; x_wconf 89' lang='lat' dir='ltr'><strong>magno</strong></span> <span class='ocrx_word' id='word_1_623' title='bbox 2219 3733 2553 3802; x_wconf 84' lang='lat' dir='ltr'><strong>imperatore</strong></span> <span class='ocrx_word' id='word_1_624' title='bbox 2608 3733 2676 3787; x_wconf 90' lang='lat' dir='ltr'><strong>ad</strong></span> <span class='ocrx_word' id='word_1_625' title='bbox 2707 3732 3045 3787; x_wconf 89' lang='lat' dir='ltr'><strong>domicilium</strong></span> <span class='ocrx_word' id='word_1_626' title='bbox 3073 3731 3443 3794; x_wconf 87' lang='lat' dir='ltr'><strong>habitationis,</strong></span> <span class='ocrx_word' id='word_1_627' title='bbox 3475 3747 3573 3801; x_wconf 88' lang='lat' dir='ltr'><strong>per</strong></span> 
     </span>
    </p>
   </div>
   <div class='ocr_carea' id='block_1_88' title="bbox 1984 3824 3571 3893">
    <p class='ocr_par' dir='ltr' id='par_1_88' title="bbox 1984 3824 3571 3893">
     <span class='ocr_line' id='line_1_88' title="bbox 1984 3824 3571 3893; baseline -0.003 -12"><span class='ocrx_word' id='word_1_628' title='bbox 1984 3825 2126 3882; x_wconf 89' lang='lat' dir='ltr'><strong>duos</strong></span> <span class='ocrx_word' id='word_1_629' title='bbox 2153 3839 2350 3891; x_wconf 82' lang='lat' dir='ltr'><strong>annos,</strong></span> <span class='ocrx_word' id='word_1_630' title='bbox 2392 3841 2500 3880; x_wconf 83' lang='lat' dir='ltr'><strong>non</strong></span> <span class='ocrx_word' id='word_1_631' title='bbox 2533 3824 2884 3879; x_wconf 87' lang='lat' dir='ltr'><strong>mediocriter</strong></span> <span class='ocrx_word' id='word_1_632' title='bbox 2933 3824 3234 3886; x_wconf 88' lang='lat' dir='ltr'><strong>doluimus,</strong></span> <span class='ocrx_word' id='word_1_633' title='bbox 3267 3835 3442 3893; x_wconf 88' lang='lat' dir='ltr'><strong>neque</strong></span> <span class='ocrx_word' id='word_1_634' title='bbox 3479 3838 3571 3877; x_wconf 91' lang='lat' dir='ltr'><strong>so-</strong></span> 
     </span>
    </p>
   </div>
   <div class='ocr_carea' id='block_1_89' title="bbox 1987 3914 3570 3984">
    <p class='ocr_par' dir='ltr' id='par_1_89' title="bbox 1987 3914 3570 3984">
     <span class='ocr_line' id='line_1_89' title="bbox 1987 3914 3570 3984; baseline -0.004 -10"><span class='ocrx_word' id='word_1_635' title='bbox 1987 3919 2098 3974; x_wconf 89' lang='lat' dir='ltr'><strong>lum</strong></span> <span class='ocrx_word' id='word_1_636' title='bbox 2130 3933 2254 3984; x_wconf 88' lang='lat' dir='ltr'><strong>nos,</strong></span> <span class='ocrx_word' id='word_1_637' title='bbox 2276 3918 2372 3972; x_wconf 90' lang='lat' dir='ltr'><strong>sed</strong></span> <span class='ocrx_word' id='word_1_638' title='bbox 2404 3917 2558 3972; x_wconf 89' lang='lat' dir='ltr'><strong>multi</strong></span> <span class='ocrx_word' id='word_1_639' title='bbox 2581 3917 2744 3973; x_wconf 87' lang='lat' dir='ltr'><strong>etiam</strong></span> <span class='ocrx_word' id='word_1_640' title='bbox 2776 3931 2843 3971; x_wconf 80' lang='lat' dir='ltr'><strong>ex</strong></span> <span class='ocrx_word' id='word_1_641' title='bbox 2858 3914 3138 3979; x_wconf 84' lang='lat' dir='ltr'><strong>Patribus,</strong></span> <span class='ocrx_word' id='word_1_642' title='bbox 3166 3915 3310 3983; x_wconf 91' lang='lat' dir='ltr'><strong>quod</strong></span> <span class='ocrx_word' id='word_1_643' title='bbox 3346 3915 3570 3968; x_wconf 81' lang='lat' dir='ltr'><strong>univcr-</strong></span> 
     </span>
    </p>
   </div>
   <div class='ocr_carea' id='block_1_90' title="bbox 1985 4006 3571 4072">
    <p class='ocr_par' dir='ltr' id='par_1_90' title="bbox 1985 4006 3571 4072">
     <span class='ocr_line' id='line_1_90' title="bbox 1985 4006 3571 4072; baseline -0.004 -5"><span class='ocrx_word' id='word_1_644' title='bbox 1985 4024 2082 4067; x_wconf 85' lang='lat' dir='ltr'><strong>sus</strong></span> <span class='ocrx_word' id='word_1_645' title='bbox 2149 4008 2382 4064; x_wconf 84' lang='lat' dir='ltr'><strong>fratrum</strong></span> <span class='ocrx_word' id='word_1_646' title='bbox 2421 4018 2598 4064; x_wconf 72' lang='lat' dir='ltr'><strong>ctetus</strong></span> <span class='ocrx_word' id='word_1_647' title='bbox 2630 4023 2757 4063; x_wconf 91' lang='lat' dir='ltr'><strong>cum</strong></span> <span class='ocrx_word' id='word_1_648' title='bbox 2792 4006 3060 4072; x_wconf 87' lang='lat' dir='ltr'><strong>antistite,</strong></span> <span class='ocrx_word' id='word_1_649' title='bbox 3085 4018 3268 4062; x_wconf 80' lang='lat' dir='ltr'><strong>vetere</strong></span> <span class='ocrx_word' id='word_1_650' title='bbox 3309 4022 3412 4060; x_wconf 90' lang='lat' dir='ltr'><strong>suo</strong></span> <span class='ocrx_word' id='word_1_651' title='bbox 3448 4022 3571 4061; x_wconf 86' lang='lat' dir='ltr'><strong>mo-</strong></span> 
     </span>
    </p>
   </div>
   <div class='ocr_carea' id='block_1_91' title="bbox 1985 4096 3572 4170">
    <p class='ocr_par' dir='ltr' id='par_1_91' title="bbox 1985 4096 3572 4170">
     <span class='ocr_line' id='line_1_91' title="bbox 1985 4096 3572 4170; baseline -0.004 -12"><span class='ocrx_word' id='word_1_652' title='bbox 1985 4101 2228 4158; x_wconf 77' lang='lat' dir='ltr'><strong>nasterio</strong></span> <span class='ocrx_word' id='word_1_653' title='bbox 2257 4101 2464 4170; x_wconf 85' lang='lat' dir='ltr'><strong>ejectus</strong></span> <span class='ocrx_word' id='word_1_654' title='bbox 2490 4099 2582 4164; x_wconf 87' lang='lat' dir='ltr'><strong>sit,</strong></span> <span class='ocrx_word' id='word_1_655' title='bbox 2611 4107 2667 4154; x_wconf 89' lang='lat' dir='ltr'><strong>et</strong></span> <span class='ocrx_word' id='word_1_656' title='bbox 2691 4113 2840 4154; x_wconf 89' lang='lat' dir='ltr'><strong>nunc</strong></span> <span class='ocrx_word' id='word_1_657' title='bbox 2889 4097 3000 4156; x_wconf 89' lang='lat' dir='ltr'><strong>huc</strong></span> <span class='ocrx_word' id='word_1_658' title='bbox 3058 4097 3301 4167; x_wconf 84' lang='lat' dir='ltr'><strong>illucque</strong></span> <span class='ocrx_word' id='word_1_659' title='bbox 3335 4096 3572 4152; x_wconf 87' lang='lat' dir='ltr'><strong>circum-</strong></span> 
     </span>
    </p>
   </div>
   <div class='ocr_carea' id='block_1_92' title="bbox 1985 4189 3572 4264">
    <p class='ocr_par' dir='ltr' id='par_1_92' title="bbox 1985 4189 3572 4264">
     <span class='ocr_line' id='line_1_92' title="bbox 1985 4189 3572 4264; baseline -0.004 -16"><span class='ocrx_word' id='word_1_660' title='bbox 1985 4203 2199 4264; x_wconf 84' lang='lat' dir='ltr'><strong>agatur,</strong></span> <span class='ocrx_word' id='word_1_661' title='bbox 2226 4193 2442 4263; x_wconf 89' lang='lat' dir='ltr'><strong>etquod</strong></span> <span class='ocrx_word' id='word_1_662' title='bbox 2468 4191 2572 4246; x_wconf 83' lang='lat' dir='ltr'><strong>visi</strong></span> <span class='ocrx_word' id='word_1_663' title='bbox 2601 4191 2779 4246; x_wconf 82' lang='lat' dir='ltr'><strong>simus</strong></span> <span class='ocrx_word' id='word_1_664' title='bbox 2796 4189 3010 4259; x_wconf 87' lang='lat' dir='ltr'><strong>linguas</strong></span> <span class='ocrx_word' id='word_1_665' title='bbox 3039 4189 3253 4260; x_wconf 87' lang='lat' dir='ltr'><strong>aperire</strong></span> <span class='ocrx_word' id='word_1_666' title='bbox 3283 4189 3350 4243; x_wconf 89' lang='lat' dir='ltr'><strong>ad</strong></span> <span class='ocrx_word' id='word_1_667' title='bbox 3383 4189 3572 4258; x_wconf 82' lang='lat' dir='ltr'><strong>pristi-</strong></span> 
     </span>
    </p>
   </div>
   <div class='ocr_carea' id='block_1_93' title="bbox 1987 4282 3569 4352">
    <p class='ocr_par' dir='ltr' id='par_1_93' title="bbox 1987 4282 3569 4352">
     <span class='ocr_line' id='line_1_93' title="bbox 1987 4282 3569 4352; baseline -0.004 -11"><span class='ocrx_word' id='word_1_668' title='bbox 1987 4301 2058 4341; x_wconf 87' lang='lat' dir='ltr'><strong>na</strong></span> <span class='ocrx_word' id='word_1_669' title='bbox 2093 4285 2358 4340; x_wconf 87' lang='lat' dir='ltr'><strong>convicia.</strong></span> <span class='ocrx_word' id='word_1_670' title='bbox 2381 4283 2798 4346; x_wconf 81' lang='lat' dir='ltr'><strong>Verumtamen,</strong></span> <span class='ocrx_word' id='word_1_671' title='bbox 2826 4282 3086 4352; x_wconf 85' lang='lat' dir='ltr'><strong>quoniam</strong></span> <span class='ocrx_word' id='word_1_672' title='bbox 3111 4295 3208 4351; x_wconf 87' lang='lat' dir='ltr'><strong>per</strong></span> <span class='ocrx_word' id='word_1_673' title='bbox 3230 4282 3569 4336; x_wconf 80' lang='lat' dir='ltr'><strong>Clementem</strong></span> 
     </span>
    </p>
   </div>
   <div class='ocr_carea' id='block_1_94' title="bbox 1986 4372 3572 4450">
    <p class='ocr_par' dir='ltr' id='par_1_94' title="bbox 1986 4372 3572 4450">
     <span class='ocr_line' id='line_1_94' title="bbox 1986 4372 3572 4450; baseline -0.004 -16"><span class='ocrx_word' id='word_1_674' title='bbox 1986 4376 2323 4450; x_wconf 87' lang='lat' dir='ltr'><strong>spiritualem</strong></span> <span class='ocrx_word' id='word_1_675' title='bbox 2359 4375 2529 4430; x_wconf 84' lang='lat' dir='ltr'><strong>lilium</strong></span> <span class='ocrx_word' id='word_1_676' title='bbox 2566 4383 2838 4439; x_wconf 89' lang='lat' dir='ltr'><strong>nostrum,</strong></span> <span class='ocrx_word' id='word_1_677' title='bbox 2871 4372 3393 4428; x_wconf 77' lang='lat' dir='ltr'><strong>reverendissimum</strong></span> <span class='ocrx_word' id='word_1_678' title='bbox 3431 4387 3572 4443; x_wconf 66' lang='lat' dir='ltr'><strong>prae-</strong></span> 
     </span>
    </p>
   </div>
   <div class='ocr_carea' id='block_1_95' title="bbox 1985 4464 3572 4541">
    <p class='ocr_par' dir='ltr' id='par_1_95' title="bbox 1985 4464 3572 4541">
     <span class='ocr_line' id='line_1_95' title="bbox 1985 4464 3572 4541; baseline -0.005 -15"><span class='ocrx_word' id='word_1_679' title='bbox 1985 4470 2249 4541; x_wconf 86' lang='lat' dir='ltr'><strong>positum,</strong></span> <span class='ocrx_word' id='word_1_680' title='bbox 2285 4467 2669 4540; x_wconf 84' lang='lat' dir='ltr'><strong>respondistis,</strong></span> <span class='ocrx_word' id='word_1_681' title='bbox 2695 4467 2767 4520; x_wconf 89' lang='lat' dir='ltr'><strong>ita</strong></span> <span class='ocrx_word' id='word_1_682' title='bbox 2792 4475 2955 4535; x_wconf 83' lang='lat' dir='ltr'><strong>atque</strong></span> <span class='ocrx_word' id='word_1_683' title='bbox 2986 4465 3060 4519; x_wconf 89' lang='lat' dir='ltr'><strong>ita</strong></span> <span class='ocrx_word' id='word_1_684' title='bbox 3095 4464 3450 4519; x_wconf 85' lang='lat' dir='ltr'><strong>constitutam</strong></span> <span class='ocrx_word' id='word_1_685' title='bbox 3503 4479 3572 4518; x_wconf 78' lang='lat' dir='ltr'><strong>ex</strong></span> 
     </span>
    </p>
   </div>
   <div class='ocr_carea' id='block_1_96' title="bbox 1987 4557 3568 4633">
    <p class='ocr_par' dir='ltr' id='par_1_96' title="bbox 1987 4557 3568 4633">
     <span class='ocr_line' id='line_1_96' title="bbox 1987 4557 3568 4633; baseline -0.004 -17"><span class='ocrx_word' id='word_1_686' title='bbox 1987 4565 2136 4633; x_wconf 87' lang='lat' dir='ltr'><strong>regia</strong></span> <span class='ocrx_word' id='word_1_687' title='bbox 2164 4561 2489 4620; x_wconf 83' lang='lat' dir='ltr'><strong>auctoritate</strong></span> <span class='ocrx_word' id='word_1_688' title='bbox 2526 4575 2643 4614; x_wconf 90' lang='lat' dir='ltr'><strong>rem</strong></span> <span class='ocrx_word' id='word_1_689' title='bbox 2675 4558 2870 4624; x_wconf 83' lang='lat' dir='ltr'><strong>fuisse,</strong></span> <span class='ocrx_word' id='word_1_690' title='bbox 2904 4558 3182 4613; x_wconf 85' lang='lat' dir='ltr'><strong>tristitiam</strong></span> <span class='ocrx_word' id='word_1_691' title='bbox 3237 4557 3568 4627; x_wconf 85' lang='lat' dir='ltr'><strong>depulimus.</strong></span> 
     </span>
    </p>
   </div>
   <div class='ocr_carea' id='block_1_97' title="bbox 1985 4648 3574 4720">
    <p class='ocr_par' dir='ltr' id='par_1_97' title="bbox 1985 4648 3574 4720">
     <span class='ocr_line' id='line_1_97' title="bbox 1985 4648 3574 4720; baseline -0.003 -12"><span class='ocrx_word' id='word_1_692' title='bbox 1985 4651 2104 4709; x_wconf 84' lang='lat' dir='ltr'><strong>Hoc</strong></span> <span class='ocrx_word' id='word_1_693' title='bbox 2144 4667 2276 4711; x_wconf 88' lang='lat' dir='ltr'><strong>vero</strong></span> <span class='ocrx_word' id='word_1_694' title='bbox 2321 4653 2680 4716; x_wconf 82' lang='lat' dir='ltr'><strong>obtestamur,</strong></span> <span class='ocrx_word' id='word_1_695' title='bbox 2744 4660 2826 4716; x_wconf 94' lang='lat' dir='ltr'><strong>ut,</strong></span> <span class='ocrx_word' id='word_1_696' title='bbox 2860 4659 3129 4720; x_wconf 82' lang='lat' dir='ltr'><strong>quantum</strong></span> <span class='ocrx_word' id='word_1_697' title='bbox 3176 4648 3384 4704; x_wconf 88' lang='lat' dir='ltr'><strong>conniti</strong></span> <span class='ocrx_word' id='word_1_698' title='bbox 3419 4649 3574 4703; x_wconf 80' lang='lat' dir='ltr'><strong>vobis</strong></span> 
     </span>
    </p>
   </div>
   <div class='ocr_carea' id='block_1_98' title="bbox 1988 4741 3573 4825">
    <p class='ocr_par' dir='ltr' id='par_1_98' title="bbox 1988 4741 3573 4825">
     <span class='ocr_line' id='line_1_98' title="bbox 1988 4741 3573 4825; baseline -0.006 -22"><span class='ocrx_word' id='word_1_699' title='bbox 1988 4749 2141 4811; x_wconf 74' lang='lat' dir='ltr'><strong>licet,</strong></span> <span class='ocrx_word' id='word_1_700' title='bbox 2167 4746 2564 4816; x_wconf 78' lang='lat' dir='ltr'><strong>egredientium</strong></span> <span class='ocrx_word' id='word_1_701' title='bbox 2619 4743 2865 4798; x_wconf 89' lang='lat' dir='ltr'><strong>dolorem</strong></span> <span class='ocrx_word' id='word_1_702' title='bbox 2914 4741 3205 4812; x_wconf 87' lang='lat' dir='ltr'><strong>mitigetis;</strong></span> <span class='ocrx_word' id='word_1_703' title='bbox 3239 4741 3368 4825; x_wconf 80' lang='lat' dir='ltr'><strong>quia</strong></span> <span class='ocrx_word' id='word_1_704' title='bbox 3434 4741 3573 4797; x_wconf 88' lang='lat' dir='ltr'><strong>scri-</strong></span> 
     </span>
    </p>
   </div>
   <div class='ocr_carea' id='block_1_99' title="bbox 301 4811 1878 4910">
    <p class='ocr_par' dir='ltr' id='par_1_99' title="bbox 301 4817 1878 4900">
     <span class='ocr_line' id='line_1_99' title="bbox 301 4817 1878 4900; baseline 0.009 -30"><span class='ocrx_word' id='word_1_705' title='bbox 301 4817 505 4873; x_wconf 89' lang='grc' dir='ltr'>πεῦσαι</span> <span class='ocrx_word' id='word_1_706' title='bbox 529 4820 590 4874; x_wconf 76' lang='grc' dir='ltr'>τὸ</span> <span class='ocrx_word' id='word_1_707' title='bbox 630 4821 796 4890; x_wconf 79' lang='grc' dir='ltr'>ἄλγος</span> <span class='ocrx_word' id='word_1_708' title='bbox 825 4822 936 4878; x_wconf 86' lang='grc' dir='ltr'>τῶν</span> <span class='ocrx_word' id='word_1_709' title='bbox 976 4824 1230 4890; x_wconf 80' lang='grc' dir='ltr'>ἐξιόντων</span> <span class='ocrx_word' id='word_1_710' title='bbox 1249 4840 1266 4858; x_wconf 79' lang='grc' dir='ltr'><strong>ο</strong></span> <span class='ocrx_word' id='word_1_711' title='bbox 1289 4823 1483 4900; x_wconf 79' lang='grc' dir='ltr'>ἐπειδὴ</span> <span class='ocrx_word' id='word_1_712' title='bbox 1527 4827 1844 4900; x_wconf 87' lang='grc' dir='ltr'>γέγραπται</span> <span class='ocrx_word' id='word_1_713' title='bbox 1864 4848 1878 4863; x_wconf 92' lang='grc'><strong>·</strong></span> 
     </span>
    </p>
   </div>
   <div class='ocr_carea' id='block_1_100' title="bbox 1982 4811 3578 4910">
    <p class='ocr_par' dir='ltr' id='par_1_100' title="bbox 1991 4811 3578 4910">
     <span class='ocr_line' id='line_1_100' title="bbox 1991 4811 3578 4910; baseline -0.006 -11"><span class='ocrx_word' id='word_1_714' title='bbox 1991 4849 2145 4910; x_wconf 75' lang='lat' dir='ltr'><strong>pium</strong></span> <span class='ocrx_word' id='word_1_715' title='bbox 2184 4811 2271 4894; x_wconf 44' lang='lat' dir='ltr'><strong>e&#39;st</strong></span> <span class='ocrx_word' id='word_1_716' title='bbox 2316 4858 2332 4894; x_wconf 90' lang='lat'><strong>:</strong></span> <span class='ocrx_word' id='word_1_717' title='bbox 2376 4837 2456 4893; x_wconf 90' lang='lat' dir='ltr'><strong>Ne</strong></span> <span class='ocrx_word' id='word_1_718' title='bbox 2502 4837 2621 4891; x_wconf 81' lang='lat' dir='ltr'><strong>des</strong></span> <span class='ocrx_word' id='word_1_719' title='bbox 2650 4835 2861 4890; x_wconf 85' lang='lat' dir='ltr'><strong>homini</strong></span> <span class='ocrx_word' id='word_1_720' title='bbox 2914 4811 3122 4897; x_wconf 82' lang='lat' dir='ltr'><strong>locum,</strong></span> <span class='ocrx_word' id='word_1_721' title='bbox 3178 4811 3578 4890; x_wconf 34' lang='lat' dir='ltr'><strong>ut~maledicat</strong></span> 
     </span>
    </p>
   </div>
   <div class='ocr_carea' id='block_1_101' title="bbox 299 4913 1886 4992">
    <p class='ocr_par' dir='ltr' id='par_1_101' title="bbox 299 4913 1886 4992">
     <span class='ocr_line' id='line_1_101' title="bbox 299 4913 1886 4992; baseline 0.006 -24"><span class='ocrx_word' id='word_1_722' title='bbox 299 4913 395 4985; x_wconf 81' lang='grc' dir='ltr'><strong>Μὴ</strong></span> <span class='ocrx_word' id='word_1_723' title='bbox 427 4914 534 4985; x_wconf 84' lang='grc' dir='ltr'>δῷς</span> <span class='ocrx_word' id='word_1_724' title='bbox 556 4915 832 4990; x_wconf 26' lang='grc' dir='ltr'><strong>ἀνθ-ρώπῳ</strong></span> <span class='ocrx_word' id='word_1_725' title='bbox 861 4917 1034 4974; x_wconf 86' lang='grc' dir='ltr'>τόπον</span> <span class='ocrx_word' id='word_1_726' title='bbox 1062 4919 1412 4992; x_wconf 79' lang='grc' dir='ltr'>καταρᾶσθαί</span> <span class='ocrx_word' id='word_1_727' title='bbox 1443 4937 1532 4976; x_wconf 88' lang='grc' dir='ltr'>σε.</span> <span class='ocrx_word' id='word_1_728' title='bbox 1556 4922 1666 4976; x_wconf 80' lang='grc' dir='ltr'>Καί</span> <span class='ocrx_word' id='word_1_729' title='bbox 1691 4939 1706 4952; x_wconf 76' lang='grc' dir='ltr'><strong>ο</strong></span> <span class='ocrx_word' id='word_1_730' title='bbox 1751 4924 1886 4978; x_wconf 83' lang='grc' dir='ltr'><strong>Ἵνα</strong></span> 
     </span>
    </p>
   </div>
   <div class='ocr_carea' id='block_1_102' title="bbox 299 5005 1888 5087">
    <p class='ocr_par' dir='ltr' id='par_1_102' title="bbox 299 5005 1888 5087">
     <span class='ocr_line' id='line_1_102' title="bbox 299 5005 1888 5087; baseline 0.009 -29"><span class='ocrx_word' id='word_1_731' title='bbox 299 5005 379 5068; x_wconf 80' lang='grc' dir='ltr'>τι,</span> <span class='ocrx_word' id='word_1_732' title='bbox 404 5007 592 5079; x_wconf 83' lang='grc' dir='ltr'>φησὶν,</span> <span class='ocrx_word' id='word_1_733' title='bbox 615 5010 654 5078; x_wconf 80' lang='grc' dir='ltr'><strong><em>ἠ</em></strong></span> <span class='ocrx_word' id='word_1_734' title='bbox 689 5009 1000 5080; x_wconf 73' lang='grc' dir='ltr'>ἐλευθερία</span> <span class='ocrx_word' id='word_1_735' title='bbox 1025 5030 1147 5084; x_wconf 82' lang='grc' dir='ltr'><strong>μου</strong></span> <span class='ocrx_word' id='word_1_736' title='bbox 1202 5015 1467 5083; x_wconf 79' lang='grc' dir='ltr'>κρίνεται</span> <span class='ocrx_word' id='word_1_737' title='bbox 1513 5016 1632 5071; x_wconf 79' lang='grc' dir='ltr'><strong>ὑπὸ</strong></span> <span class='ocrx_word' id='word_1_738' title='bbox 1689 5014 1888 5087; x_wconf 61' lang='grc' dir='ltr'><strong>ἄλλης</strong></span> 
     </span>
    </p>
   </div>
   <div class='ocr_carea' id='block_1_103' title="bbox 299 5098 753 5170">
    <p class='ocr_par' dir='ltr' id='par_1_103' title="bbox 299 5098 753 5170">
     <span class='ocr_line' id='line_1_103' title="bbox 299 5098 753 5170; baseline 0.015 -22"><span class='ocrx_word' id='word_1_739' title='bbox 299 5098 715 5170; x_wconf 81' lang='grc' dir='ltr'>συνειδήσεως</span> <span class='ocrx_word' id='word_1_740' title='bbox 733 5117 753 5165; x_wconf 87' lang='grc'><strong><em>;</em></strong></span> 
     </span>
    </p>
   </div>
   <div class='ocr_carea' id='block_1_104' title="bbox 365 5190 1795 5276">
    <p class='ocr_par' dir='ltr' id='par_1_104' title="bbox 365 5190 1795 5276">
     <span class='ocr_line' id='line_1_104' title="bbox 365 5190 1795 5276; baseline 0.012 -34"><span class='ocrx_word' id='word_1_741' title='bbox 365 5190 486 5244; x_wconf 71' lang='grc' dir='ltr'><strong>ΣΕν.</strong></span> <span class='ocrx_word' id='word_1_742' title='bbox 525 5223 597 5234; x_wconf 90' lang='lat'><strong>--</strong></span> <span class='ocrx_word' id='word_1_743' title='bbox 623 5195 863 5264; x_wconf 67' lang='grc' dir='ltr'>Κασσίῳ</span> <span class='ocrx_word' id='word_1_744' title='bbox 889 5195 1001 5270; x_wconf 84' lang='lat'><strong>(99)</strong></span> <span class='ocrx_word' id='word_1_745' title='bbox 1046 5197 1556 5270; x_wconf 78' lang='grc' dir='ltr'>κανδιδαστίσσῃ.</span> <span class='ocrx_word' id='word_1_746' title='bbox 1587 5197 1795 5276; x_wconf 54' lang='grc' dir='ltr'>[ωκαἎ]</span> 
     </span>
    </p>
   </div>
   <div class='ocr_carea' id='block_1_105' title="bbox 1985 4922 3572 4999">
    <p class='ocr_par' dir='ltr' id='par_1_105' title="bbox 1985 4922 3572 4999">
     <span class='ocr_line' id='line_1_105' title="bbox 1985 4922 3572 4999; baseline -0.006 -12"><span class='ocrx_word' id='word_1_747' title='bbox 1985 4932 2148 4987; x_wconf 84' lang='lat' dir='ltr'><strong>tibi&quot;</strong></span> <span class='ocrx_word' id='word_1_748' title='bbox 2179 4970 2196 4987; x_wconf 94' lang='lat'><strong>.</strong></span> <span class='ocrx_word' id='word_1_749' title='bbox 2231 4929 2340 4986; x_wconf 83' lang='lat' dir='ltr'><strong>Et:</strong></span> <span class='ocrx_word' id='word_1_750' title='bbox 2379 4927 2604 4999; x_wconf 82' lang='lat' dir='ltr'><strong>thuid,</strong></span> <span class='ocrx_word' id='word_1_751' title='bbox 2634 4927 2733 4995; x_wconf 86' lang='lat' dir='ltr'><strong>ait,</strong></span> <span class='ocrx_word' id='word_1_752' title='bbox 2786 4925 3005 4980; x_wconf 73' lang='lat' dir='ltr'><strong>libertas</strong></span> <span class='ocrx_word' id='word_1_753' title='bbox 3039 4939 3155 4978; x_wconf 77' lang='lat' dir='ltr'><strong>mea</strong></span> <span class='ocrx_word' id='word_1_754' title='bbox 3177 4922 3456 4994; x_wconf 78' lang='lat' dir='ltr'><strong>judicatur</strong></span> <span class='ocrx_word' id='word_1_755' title='bbox 3506 4923 3572 4980; x_wconf 83' lang='lat' dir='ltr'><strong>ab</strong></span> 
     </span>
    </p>
   </div>
   <div class='ocr_carea' id='block_1_106' title="bbox 1987 5021 2938 5080">
    <p class='ocr_par' dir='ltr' id='par_1_106' title="bbox 1987 5021 2938 5080">
     <span class='ocr_line' id='line_1_106' title="bbox 1987 5021 2938 5080; baseline -0.007 0"><span class='ocrx_word' id='word_1_756' title='bbox 1987 5024 2165 5080; x_wconf 77' lang='lat' dir='ltr'><strong>aliena</strong></span> <span class='ocrx_word' id='word_1_757' title='bbox 2196 5024 2519 5079; x_wconf 75' lang='lat' dir='ltr'><strong>conscientia</strong></span> <span class='ocrx_word' id='word_1_758' title='bbox 2537 5021 2584 5054; x_wconf 80' lang='lat'><strong>&#39;°</strong></span> <span class='ocrx_word' id='word_1_759' title='bbox 2603 5021 2628 5076; x_wconf 83' lang='lat'><strong>?</strong></span> <span class='ocrx_word' id='word_1_760' title='bbox 2931 5031 2938 5034; x_wconf 85' lang='lat'>&#39;</span> 
     </span>
    </p>
   </div>
   <div class='ocr_carea' id='block_1_107' title="bbox 2335 5201 3217 5261">
    <p class='ocr_par' dir='ltr' id='par_1_107' title="bbox 2335 5201 3217 5261">
     <span class='ocr_line' id='line_1_107' title="bbox 2335 5201 3217 5261; baseline -0.003 0"><span class='ocrx_word' id='word_1_761' title='bbox 2335 5204 2566 5261; x_wconf 84' lang='lat' dir='ltr'><strong>CCV.—</strong></span> <span class='ocrx_word' id='word_1_762' title='bbox 2590 5202 2794 5260; x_wconf 69' lang='lat' dir='ltr'><strong>Cassia</strong></span> <span class='ocrx_word' id='word_1_763' title='bbox 2816 5201 3217 5258; x_wconf 71' lang='lat' dir='ltr'><strong>candidatiuc.</strong></span> 
     </span>
    </p>
   </div>
   <div class='ocr_carea' id='block_1_108' title="bbox 301 5283 3579 5410">
    <p class='ocr_par' dir='ltr' id='par_1_108' title="bbox 301 5283 3579 5410">
     <span class='ocr_line' id='line_1_108' title="bbox 301 5283 3579 5410; baseline 0.002 -77"><span class='ocrx_word' id='word_1_764' title='bbox 301 5283 668 5350; x_wconf 84' lang='lat' dir='ltr'><strong>interrogatum</strong></span> <span class='ocrx_word' id='word_1_765' title='bbox 698 5301 755 5338; x_wconf 85' lang='lat' dir='ltr'><strong>se</strong></span> <span class='ocrx_word' id='word_1_766' title='bbox 789 5289 850 5338; x_wconf 79' lang='lat' dir='ltr'><strong>ab</strong></span> <span class='ocrx_word' id='word_1_767' title='bbox 881 5301 959 5350; x_wconf 81' lang='lat' dir='ltr'><strong>ea,</strong></span> <span class='ocrx_word' id='word_1_768' title='bbox 989 5291 1336 5355; x_wconf 81' lang='lat' dir='ltr'><strong>superioribus</strong></span> <span class='ocrx_word' id='word_1_769' title='bbox 1371 5291 1558 5345; x_wconf 80' lang='lat' dir='ltr'><strong>litteris</strong></span> <span class='ocrx_word' id='word_1_770' title='bbox 1577 5296 1987 5410; x_wconf 52' lang='lat' dir='ltr'><strong>respondiissedid</strong></span> <span class='ocrx_word' id='word_1_771' title='bbox 2020 5297 2155 5362; x_wconf 85' lang='lat' dir='ltr'><strong>quod</strong></span> <span class='ocrx_word' id='word_1_772' title='bbox 2175 5310 2350 5349; x_wconf 83' lang='lat' dir='ltr'><strong>verum</strong></span> <span class='ocrx_word' id='word_1_773' title='bbox 2381 5303 2437 5348; x_wconf 83' lang='lat' dir='ltr'><strong>et</strong></span> <span class='ocrx_word' id='word_1_774' title='bbox 2467 5309 2666 5361; x_wconf 65' lang='lat' dir='ltr'><strong>aquam</strong></span> <span class='ocrx_word' id='word_1_775' title='bbox 2705 5293 2918 5359; x_wconf 79' lang='lat' dir='ltr'><strong>putavit,</strong></span> <span class='ocrx_word' id='word_1_776' title='bbox 2959 5306 3057 5345; x_wconf 82' lang='lat' dir='ltr'><strong>nec</strong></span> <span class='ocrx_word' id='word_1_777' title='bbox 3091 5305 3239 5358; x_wconf 78' lang='lat' dir='ltr'><strong>posse</strong></span> <span class='ocrx_word' id='word_1_778' title='bbox 3265 5305 3294 5343; x_wconf 84' lang='lat' dir='ltr'><strong>a</strong></span> <span class='ocrx_word' id='word_1_779' title='bbox 3325 5287 3579 5340; x_wconf 81' lang='lat' dir='ltr'><strong>sententia</strong></span> 
     </span>
     <span class='ocr_line' id='line_1_109' title="bbox 1801 5373 2054 5410; baseline 0 0"><span class='ocrx_word' id='word_1_780' title='bbox 1801 5373 1905 5410; x_wconf 86' lang='lat' dir='ltr'><strong>tsce</strong></span> <span class='ocrx_word' id='word_1_781' title='bbox 1944 5373 2054 5410; x_wconf 86' lang='lat' dir='ltr'><strong>ere.</strong></span> 
     </span>
    </p>
   </div>
   <div class='ocr_carea' id='block_1_109' title="bbox 1801 5373 2054 5413">
    <p class='ocr_par' dir='ltr' id='par_1_109' title="bbox 1801 5373 2054 5413">
     <span class='ocr_line' id='line_1_110' title="bbox 1801 5373 2054 5413; baseline 0.016 -4"><span class='ocrx_word' id='word_1_782' title='bbox 1801 5373 2032 5412; x_wconf 85' lang='lat' dir='ltr'><strong>tsceaere</strong></span> <span class='ocrx_word' id='word_1_783' title='bbox 2040 5398 2054 5413; x_wconf 82' lang='lat'><strong>.</strong></span> 
     </span>
    </p>
   </div>
   <div class='ocr_carea' id='block_1_110' title="bbox 371 5427 1882 5515">
    <p class='ocr_par' dir='ltr' id='par_1_110' title="bbox 371 5427 1882 5515">
     <span class='ocr_line' id='line_1_111' title="bbox 371 5427 1882 5515; baseline 0.009 -33"><span class='ocrx_word' id='word_1_784' title='bbox 371 5427 580 5500; x_wconf 77' lang='grc' dir='ltr'>Χρονία</span> <span class='ocrx_word' id='word_1_785' title='bbox 611 5431 646 5503; x_wconf 74' lang='grc' dir='ltr'>ἡ</span> <span class='ocrx_word' id='word_1_786' title='bbox 670 5432 929 5506; x_wconf 72' lang='grc' dir='ltr'>ἐπιστολή</span> <span class='ocrx_word' id='word_1_787' title='bbox 965 5435 1069 5508; x_wconf 84' lang='grc' dir='ltr'>τῆς</span> <span class='ocrx_word' id='word_1_788' title='bbox 1110 5436 1425 5508; x_wconf 80' lang='grc' dir='ltr'>τιμιότητός</span> <span class='ocrx_word' id='word_1_789' title='bbox 1451 5454 1569 5505; x_wconf 87' lang='grc' dir='ltr'>σου,</span> <span class='ocrx_word' id='word_1_790' title='bbox 1615 5439 1714 5495; x_wconf 77' lang='grc' dir='ltr'>καὶ</span> <span class='ocrx_word' id='word_1_791' title='bbox 1737 5439 1882 5515; x_wconf 81' lang='grc' dir='ltr'>αῦτη</span> 
     </span>
    </p>
   </div>
   <div class='ocr_carea' id='block_1_111' title="bbox 366 5541 1900 5626">
    <p class='ocr_par' dir='ltr' id='par_1_111' title="bbox 366 5541 1900 5626">
     <span class='ocr_line' id='line_1_112' title="bbox 366 5541 1900 5626; baseline 0.01 -28"><span class='ocrx_word' id='word_1_792' title='bbox 366 5541 414 5576; x_wconf 80' lang='grc'><strong>’⁸</strong></span> <span class='ocrx_word' id='word_1_793' title='bbox 437 5541 542 5602; x_wconf 80' lang='lat' dir='ltr'><strong>Job</strong></span> <span class='ocrx_word' id='word_1_794' title='bbox 579 5559 632 5613; x_wconf 77' lang='grc' dir='ltr'><strong>ν,</strong></span> <span class='ocrx_word' id='word_1_795' title='bbox 678 5547 736 5604; x_wconf 83' lang='grc'><strong>9.</strong></span> <span class='ocrx_word' id='word_1_796' title='bbox 809 5550 856 5584; x_wconf 71' lang='grc' dir='ltr'><strong>τ’</strong></span> <span class='ocrx_word' id='word_1_797' title='bbox 884 5547 1046 5610; x_wconf 82' lang='lat' dir='ltr'><strong>Prov.</strong></span> <span class='ocrx_word' id='word_1_798' title='bbox 1086 5568 1218 5621; x_wconf 76' lang='lat' dir='ltr'><strong>xxx,</strong></span> <span class='ocrx_word' id='word_1_799' title='bbox 1267 5553 1354 5612; x_wconf 77' lang='grc'><strong>10.</strong></span> <span class='ocrx_word' id='word_1_800' title='bbox 1429 5554 1529 5612; x_wconf 81' lang='lat' dir='ltr'><strong>“l</strong></span> <span class='ocrx_word' id='word_1_801' title='bbox 1569 5553 1699 5614; x_wconf 88' lang='lat' dir='ltr'><strong>Cor.</strong></span> <span class='ocrx_word' id='word_1_802' title='bbox 1727 5557 1900 5626; x_wconf 69' lang='lat'><strong>2,29.</strong></span> 
     </span>
    </p>
   </div>
   <div class='ocr_carea' id='block_1_112' title="bbox 2061 5436 3580 5516">
    <p class='ocr_par' dir='ltr' id='par_1_112' title="bbox 2061 5436 3580 5516">
     <span class='ocr_line' id='line_1_113' title="bbox 2061 5436 3580 5516; baseline -0.007 -18"><span class='ocrx_word' id='word_1_803' title='bbox 2061 5442 2278 5501; x_wconf 82' lang='lat' dir='ltr'><strong>Prolixa</strong></span> <span class='ocrx_word' id='word_1_804' title='bbox 2313 5444 2548 5516; x_wconf 79' lang='lat' dir='ltr'><strong>epistola</strong></span> <span class='ocrx_word' id='word_1_805' title='bbox 2614 5441 3052 5498; x_wconf 65' lang='lat' dir='ltr'><strong>honoriﬁcentia</strong></span> <span class='ocrx_word' id='word_1_806' title='bbox 3084 5449 3213 5504; x_wconf 64' lang='lat' dir='ltr'><strong>tua,</strong></span> <span class='ocrx_word' id='word_1_807' title='bbox 3272 5436 3580 5506; x_wconf 80' lang='lat' dir='ltr'><strong>eademque</strong></span> 
     </span>
    </p>
   </div>
   <div class='ocr_carea' id='block_1_113' title="bbox 1823 5665 2048 5726">
    <p class='ocr_par' dir='ltr' id='par_1_113' title="bbox 1823 5665 2048 5726">
     <span class='ocr_line' id='line_1_114' title="bbox 1823 5665 2048 5726; baseline 0.004 -1"><span class='ocrx_word' id='word_1_808' title='bbox 1823 5665 2048 5726; x_wconf 60' lang='grc' dir='ltr'><strong>ΝΟΤΞ.</strong></span> 
     </span>
    </p>
   </div>
   <div class='ocr_carea' id='block_1_114' title="bbox 386 5727 1042 5809">
    <p class='ocr_par' dir='ltr' id='par_1_114' title="bbox 386 5727 1042 5809">
     <span class='ocr_line' id='line_1_115' title="bbox 386 5727 1042 5809; baseline 0.014 -25"><span class='ocrx_word' id='word_1_809' title='bbox 386 5727 500 5801; x_wconf 81' lang='lat'><strong>(99)</strong></span> <span class='ocrx_word' id='word_1_810' title='bbox 536 5728 594 5786; x_wconf 73' lang='lat' dir='ltr'><strong>in</strong></span> <span class='ocrx_word' id='word_1_811' title='bbox 627 5731 745 5790; x_wconf 81' lang='lat' dir='ltr'><strong>cod.</strong></span> <span class='ocrx_word' id='word_1_812' title='bbox 776 5730 908 5806; x_wconf 77' lang='lat' dir='ltr'><strong>Reg.</strong></span> <span class='ocrx_word' id='word_1_813' title='bbox 937 5741 1042 5809; x_wconf 68' lang='grc' dir='ltr'><strong>ιη’.</strong></span> 
     </span>
    </p>
   </div>
  </div>
