4102 6374
535 199 700 316 3623

1752 246 1814 306 S.
1836 240 2230 305 THEODOBI
2269 241 2413 304 8Τῦ
2419 242 2617 304 ΠΙΤΒ

3666 244 3807 310 1625

554 361 1008 432 expostulatorla;
1035 371 1091 419 et
1105 376 1254 421 nunc
1274 359 1534 418 humilius
1547 372 1606 416 se
1626 356 1963 430 deprimens,
1989 368 2120 409 nunt

2235 352 2535 424 ὲγκλητική
2563 370 2578 386 ο
2612 353 2708 408 καὶ
2766 353 2844 426 πῆ
2907 351 3009 424 μὲν
3048 351 3598 424 ὕποταπεινουμένηο
3631 354 3708 425 πῆ
3749 355 3810 409 δὲ

554 451 847 523 insurgens
873 453 1136 510 adversus
1191 457 1504 509 tenuitatem
1535 460 1780 506 nostram
1809 467 1824 514 ;
1873 458 2128 518 tanquam

555 555 758 599 temere
780 555 833 600 et
861 543 1270 602 inconsiderate
1301 555 1491 600 contra
1517 553 1569 600 te
1591 542 1894 598 calumnias
1933 541 2132 596 admit-

483 701 486 703 λ
553 648 768 704 tamus;
791 638 883 694 sed
901 645 957 694 et
994 653 1156 696 voces
1199 655 1322 709 qua:
1348 638 1470 694 sine
1495 635 1703 708 judicio
1724 634 2079 706 proferuntur
2112 651 2126 688 :

552 729 715 800 idque
768 731 822 786 iu
875 731 1040 788 rebus
1104 731 1327 786 maximi
1368 731 1649 786 momenti.
1678 727 1790 785 Nos
1812 744 1942 784 vero
2003 742 2126 782 cum

551 821 689 876 tales
715 823 1011 878 amandare
1046 821 1322 878 soleamus
1367 829 1483 876 tum
1516 820 1647 876 illud
1692 819 2083 876 denuntiamus
2111 857 2127 882 ,

549 927 671 983 quae
700 913 865 983 vulgo
905 913 1218 982 jactantur,
1271 913 1353 970 sic
1396 925 1498 968 nos
1552 911 1740 968 audire
1781 927 1880 967 ceu
1922 910 2129 966 ludicra

549 1003 832 1073 quaedam;
855 1003 936 1058 sic
967 1017 1068 1058 nos
1094 1001 1260 1072 loqui,
1291 1016 1399 1058 non
1427 1009 1487 1056 ut
1503 1001 1817 1057 hominibus
1830 1001 2125 1072 placentes,

549 1094 645 1150 sed
678 1093 788 1148 Deo
816 1095 908 1164 qui
949 1095 1142 1163 probat
1169 1094 1332 1148 corda
1370 1101 1598 1148 nostra:
1656 1093 1872 1148 tametsi
1921 1091 2127 1160 alioqui

548 1197 861 1258 peccatores
898 1202 1112 1251 sumus,
1155 1185 1291 1241 Nam
1345 1186 1394 1243 si
1443 1183 1665 1241 Balaam
1713 1201 1888 1254 augur
1931 1182 2126 1240 adduci

547 1295 656 1334 non
682 1279 879 1350 potuit,
910 1289 969 1333 ut
997 1288 1188 1350 praeter
1221 1278 1314 1334 Dei
1373 1280 1709 1334 voluntatem
1762 1277 1927 1332 Balac
1989 1276 2126 1330 allo-

551 1371 843 1443 pliylorum
868 1372 983 1443 regi
1011 1371 1367 1440 responderet
1403 1387 1419 1438 ;
1454 1371 1548 1442 qui
1573 1370 1688 1426 ﬁeri
1741 1378 1908 1440 queat
1934 1377 1993 1424 ut
2023 1381 2127 1423 nos

545 1481 600 1519 tn
625 1463 916 1520 sacerdotii
947 1463 1124 1533 gradu
1151 1463 1459 1530 constituti,
1521 1465 1899 1535 rationemque
1949 1464 2005 1518 in
2034 1463 2128 1521 die

538 1557 732 1628 judicii
757 1573 948 1612 eorum
974 1558 1292 1628 interrogati
1346 1558 1792 1628 responderimus
1817 1554 2077 1612 reddituri
2105 1595 2122 1622 ,

543 1650 750 1720 aliquid
796 1660 1154 1722 praeterquam
1175 1652 1330 1708 decet
1360 1650 1749 1723 proferamus?

617 1827 709 1886 Sic
738 1829 907 1901 igitur
932 1829 1000 1884 ad
1032 1829 1366 1900 interrogata
1397 1829 1800 1900 respondimus.
1861 1841 1968 1882 non
2017 1825 2120 1897 ipsi

543 1937 642 1994 per
678 1936 780 1979 nos
803 1931 865 1977 ut
893 1921 998 1977 hoc
1019 1922 1104 1977 vel
1127 1921 1258 1976 illud
1280 1923 1434 1977 fieret
1462 1922 1812 1991 imperantes,
1837 1919 1980 1975 sicut
2005 1919 2124 1988 ipsa

544 2017 728 2072 dicere
752 2030 861 2072 non
892 2015 1173 2071 dubitasti.
1201 2013 1344 2081 Quid
1385 2014 1533 2069 enim
1572 2011 1696 2068 vis?
1729 2027 1798 2066 an
1829 2019 1892 2064 ut
1921 2008 2123 2079 cuique

545 2107 762 2179 placet,
804 2117 1174 2163 mercatorum
1237 2119 1421 2172 more,
1471 2119 1575 2160 nos
1621 2103 1995 2174 respondere?
2034 2101 2118 2156 An

543 2199 727 2270 potius
751 2197 1040 2255 veritatem
1085 2206 1148 2252 ut
1189 2211 1249 2254 se
1287 2198 1447 2256 habet
1493 2194 1772 2266 proﬁteri?
1820 2194 1902 2251 Ne
1956 2193 2124 2264 igitur

543 2290 848 2358 plectamur
880 2304 983 2346 nos
1012 2288 1250 2344 humiles
1288 2287 1688 2358 intempestive,
1743 2295 1802 2342 nt
1847 2302 1878 2341 a
1925 2287 2118 2358 teipsa,

543 2390 642 2436 aut
672 2396 705 2437 a
730 2381 956 2436 domina
984 2395 1196 2446 sorore,
1241 2388 1337 2435 aut
1381 2380 1451 2434 ab
1479 2377 1610 2446 alio,
1651 2379 1741 2435 cui
1771 2379 2122 2448 proscindere

543 2487 608 2528 ac
642 2472 935 2528 traducere
961 2486 1061 2528 nos
1100 2471 1283 2527 liceat.
1315 2469 1468 2526 Scito
1492 2483 1676 2526 autem
1716 2485 1818 2527 nos
1851 2485 1982 2542 erga
2037 2471 2122 2527 di-

543 2581 711 2636 gnum
741 2575 943 2622 aeterna
973 2565 1236 2620 memoria
1263 2563 1576 2635 Stratcgum
1602 2563 1784 2618 alieno
1801 2563 1987 2619 animo
2011 2579 2120 2620 non

542 2672 692 2724 csse,
744 2658 876 2726 quin
917 2665 973 2713 et
1012 2657 1170 2712 valde
1210 2656 1514 2722 benevolo;
1572 2656 2030 2726 quemadmodum
2067 2665 2122 2712 et

540 2763 673 2820 erga
712 2747 885 2818 ipsius
911 2762 1132 2818 quoque
1158 2747 1468 2818 coniugem.
1492 2745 1748 2802 Doleruus
1786 2743 1919 2802 sane
1947 2761 2010 2802 ac
2039 2747 2123 2800 vi-

543 2838 730 2894 cissim
771 2838 898 2908 jure
941 2837 1376 2908 expostulamus,
1435 2835 1583 2906 quod
1630 2851 1730 2892 vos
1788 2846 1844 2892 et
1889 2837 2118 2892 scientia

543 2937 887 3000 praestantes,
918 2937 972 2984 et
1002 2929 1316 3000 religionem
1349 2927 1633 2996 amplexae,
1667 2943 1773 2982 non
1816 2934 1943 2982 vera
1982 2927 2116 2982 cha-

2239 446 2745 518 κατεξανισταμένη
2761 446 2863 518 τῆς
2906 447 3261 518 οὐθενότητος
3284 446 3444 518 ἡμῶν
3468 463 3483 478 ·
3505 446 3584 509 ὡς
3622 448 3811 510 ἁπλῶς

2235 537 2328 590 καὶ
2365 537 2740 604 ἀνεξετάστως
2772 538 3148 610 προσιεμένων
3177 541 3279 602 τὰς
3313 538 3454 594 κατά
3480 538 3576 592 σοῦ
3626 539 3812 594 διασο-

2232 625 2332 692 λάς
2352 645 2368 660 ο
2410 630 2471 684 ού
2505 629 2610 702 μὴν
2642 631 2778 686 ἀλλά
2803 632 2900 686 καὶ
2926 633 3169 704 ἀκρίτως
3205 632 3552 704 ἐκφερόντων
3599 635 3809 703 φωνὰς.

2233 720 2330 773 καὶ
2361 720 2565 787 ταύτας
2602 725 2660 778 ὲν
2698 727 2810 785 τοῖς
2856 725 3094 796 μάλιστα
3129 725 3472 794 ἀναγκαίοις.
3516 725 3709 797 Ἡμεῖς
3753 726 3812 779 δὲ

2230 813 2347 875 τοῖς
2373 813 2642 880 τοιούτοις
2689 815 3110 880 κατεθισθέντες
3150 817 3364 889 χαίρειν
3394 816 3598 884 λέγειν,
3635 821 3815 871 ἐκεῖνο

2230 903 2520 976 δηλοῦμεν,
2550 906 2633 959 ὅτι
2683 905 2858 972 οὕτως
2902 908 3175 980 ἀκούομεν
3219 907 3292 962 τά
3335 908 3814 980 θρυλλούμεναὼς

2231 997 2452 1061 παιδίας
2483 998 2672 1062 τινάς·
2699 1001 2794 1053 καὶ
2815 999 2990 1064 οὕτως
3025 999 3297 1072 λαλοῦμεν
3333 1001 3432 1072 οὐχ
3473 1001 3551 1066 ὡς
3595 1001 3816 1072 ἀνθρώ·-

2231 1105 2354 1152 ποις
2386 1089 2732 1160 ἀρέσκοντες,
2767 1091 2908 1146 ἀλλά
2933 1091 3012 1163 τῷ
3036 1089 3155 1164 Θεῷ
3183 1092 3262 1163 τῷ
3309 1092 3660 1162 δοκιμάζοντι
3709 1094 3814 1156 τὰς

2229 1181 2456 1250 καρδίας
2484 1181 2644 1253 ἡμῶν
2661 1199 2676 1214 °
2703 1186 2752 1238 εἰ
2779 1184 2875 1238 καὶ
2900 1184 3077 1248 άλλως
3099 1185 3416 1257 ἁμαρτωλοὶ
3436 1186 3808 1258 τυγχάνομεν.

2229 1275 2292 1326 Ei
2318 1275 2426 1346 γάρ
2457 1276 2690 1348 Βαλαὰμ
2718 1279 2748 1332 ὁ
2771 1279 3136 1344 οίωνοσκόπος
3156 1280 3216 1333 οὐ
3265 1279 3418 1352 παρά
3459 1280 3520 1334 τὺ
3555 1277 3812 1350 βούλημα

2229 1363 2324 1418 τοῦ
2358 1363 2493 1418 Θεοῦ
2518 1366 2781 1438 ἠνέσχετο
2835 1369 3200 1440 ἀποκριθῆναι
3245 1368 3324 1441 τῷ
3355 1369 3546 1424 Βαλάκ
3596 1359 3814 1440 poetici

2227 1454 2336 1509 τῶν
2359 1455 2678 1527 ἀλλοφύλων
2703 1474 2720 1490 ο
2751 1459 2872 1524 πῶς
2893 1460 3056 1531 ἡμεῖς
3081 1461 3132 1514 οἱ
3156 1462 3215 1515 ὲν
3256 1459 3450 1533 βαθμῷ
3502 1462 3810 1532 ἱερωσύνης

2227 1545 2496 1616 κείμενοι,
2547 1549 2643 1602 καὶ
2690 1547 2848 1619 λόγον
2912 1550 3206 1621 ὑφέξοντες
3251 1556 3309 1606 ἐν
3359 1552 3547 1624 ἡμέρᾳ
3568 1553 3810 1624 κρίσεως

2229 1637 2346 1692 ἀνθ’
2376 1631 2454 1692 ὧν
2487 1641 2838 1713 ἐρωτώμενοι
2882 1643 3332 1716 ἀποκρινούμεθα
3363 1645 3592 1702 δυνατὸν
3621 1665 3806 1718 παρα-

2155 1713 2195 1768 Β
2222 1733 2615 1802 τετραμμένως
2645 1734 2987 1804 φθέγγεσθαι
3011 1713 3108 1791 τοῦ
3133 1713 3380 1806 δέοντος;

2296 1821 2484 1886 Οὕτως
2507 1820 2603 1879 οὖν
2657 1826 3042 1900 ἀπεκρίθημεν
3098 1832 3214 1894 τοῖς
3255 1831 3633 1902 ὲρωτὴσασιν⁶
3705 1833 3806 1887 οὐκ

2224 1913 2380 1968 αὐτοὶ
2429 1915 2522 1984 ἀφ’
2558 1917 2772 1972 ἑαυτῶν
2804 1921 3223 1992 ἐπιτετροφότες
3256 1921 3414 1976 τοῦτο
3452 1925 3680 1977 κάκεῖνο
3708 1942 3803 1992 γε·

2222 2004 2432 2070 νέσθαι,
2461 2005 2539 2070 ώς
2587 2006 2728 2076 αὐτὴ
2778 2009 3065 2082 προήχθης
3093 2011 3288 2066 εἰπεῖν.
3313 2013 3448 2084 ιΚαῖ
3481 2014 3535 2066 τί
3581 2013 3800 2083 βούλει;

2223 2097 2362 2168 πρὸς
2389 2099 2451 2152 τὸ
2469 2099 2706 2169 ἀρέσκον
2728 2101 2948 2176 ἑκάστῳ
2983 2103 3302 2177 ὲμπορικῶς
3326 2106 3476 2178 ἡμᾶς
3503 2107 3804 2178 ἀποκρίνε-

2225 2188 2378 2258 σθαι;
2407 2191 2440 2263 ἡ
2469 2190 2904 2264 όρθοτομοῦντας
2946 2195 3040 2250 τδν
3067 2197 3224 2268 λόγον
3255 2199 3355 2270 τῆς
3380 2198 3676 2268 ἀληθείας;
3708 2201 3807 2276 Μὴ

2219 2281 2401 2336 τοίνυν
2427 2284 2566 2355 μήτε
2598 2285 2739 2358 αὐτη
2769 2287 3009 2357 πλήττου
3049 2289 3131 2354 είς
3155 2291 3304 2362 ἡμᾶς
3341 2291 3470 2354 τοὺς
3507 2281 3802 2358 ταπεινοὺς

2221 2374 2486 2446 ἀκαίρως,
2516 2377 2653 2447 μήτε
2684 2378 2718 2449 ἡ
2753 2379 2972 2452 κυρίαὴ
3001 2379 3227 2454 ἀδελφὴ,
3259 2381 3392 2453 μήτ’
3415 2381 3578 2446 ἄλλος
3608 2384 3637 2437 ό
3663 2401 3802 2454 προ-

2219 2465 2544 2537 αιρούμενος
2583 2467 2860 2525 σκώπτειν
2879 2457 2973 2528 καὶ
3001 2472 3281 2546 διασύρειν
3304 2475 3472 2545 ἡμᾶς.
3525 2475 3692 2528 Ἀλλά
3725 2477 3804 2544 γί-

2220 2575 2398 2614 νωσκε
2427 2560 2509 2614 ὅτι
2533 2560 2628 2614 καὶ
2661 2561 2752 2616 τὸν
2775 2562 3107 2636 ἀείμνηστον
3122 2565 3434 2638 Στρατηγδν
3462 2567 3566 2620 οὐκ
3593 2567 3802 2638 ἐχθρω-

2219 2651 2323 2715 δῶς
2359 2651 2578 2723 ἔχομεν,
2613 2653 2750 2710 ἀλλά
2784 2657 2879 2711 καὶ
2927 2658 3074 2728 μάλα
3129 2659 3447 2724 ἀσπασίωςο
3481 2659 3673 2732 ῶσπερ
3708 2661 3804 2714 καὶ

2219 2741 2318 2812 τὴν
2355 2743 2602 2815 ὁμόζυγα
2650 2746 2841 2804 αὑτοῦ.
2893 2748 3226 2822 Λυπούμεθα
3275 2751 3334 2805 δὲ
3361 2754 3456 2806 καὶ
3485 2755 3801 2822 ἀνατεγκα-

2217 2832 2417 2905 λοῦμεν
2433 2837 2660 2903 εἰκότως
2677 2853 2692 2869 °
2719 2839 2802 2893 ὅτι
2827 2839 2987 2912 ὑμεῖς
3007 2844 3064 2896 αῖ
3082 2843 3172 2897 καὶ
3193 2842 3392 2913 γνώσει
3416 2845 3798 2916 διαφέρουσαι,

2218 2927 2313 2981 καὶ
2350 2928 2632 2995 εὐλαϐείας
2683 2931 3128 3004 ἀντιποιούμεναι
3181 2935 3282 2989 οὐκ
3331 2935 3559 3008 ἀληθινῇ
3610 2939 3803 3009 ἀγάπῃ

546 3021 706 3076 ritate
736 3021 890 3076 illum
921 3020 972 3076 in
1001 3021 1109 3076 fine
1136 3028 1442 3090 prosecuta:
1465 3019 1608 3076 sitis.
1641 3017 1944 3090 Oportebat
1969 3020 2116 3076 enim

2222 3019 2423 3091 ἡχθητε
2457 3022 2516 3074 ὲν
2546 3021 2692 3075 τέλει
2717 3023 2858 3096 πρὸς
2883 3026 3068 3081 αὐτόν.
3133 3025 3287 3081 Ἐπεὶ
3310 3026 3418 3081 ἔδει
3444 3029 3550 3097 πρὸ
3583 3030 3804 3082 πάντων

543 3124 668 3171 ante
689 3115 874 3170 omnia
913 3114 962 3169 ei
997 3128 1161 3184 super
1181 3112 1398 3178 omnia,
1446 3111 1502 3167 id
1561 3112 1706 3182 quod
1753 3112 1874 3181 ejus
1921 3113 2118 3169 anima:

545 3209 743 3263 salutis
765 3217 906 3273 erat,
939 3216 998 3261 ut
1022 3215 1491 3261 sacramentorum
1515 3205 1790 3275 particeps
1814 3205 1968 3261 fieret
1985 3221 2117 3262 con-

545 3301 791 3367 tendere,
821 3307 1016 3356 caetera
1036 3298 1219 3354 omnia
1243 3307 1302 3352 ut
1323 3307 1566 3354 stercora
1593 3299 1933 3362 existimare,
1956 3301 2118 3354 modo

544 3391 600 3447 in
631 3391 939 3447 orthodoxa
973 3389 1364 3446 communione
1414 3388 1788 3457 inveniretur;
1818 3389 1947 3466 quia
1978 3389 2118 3444 scri-

543 3495 695 3558 ptum
729 3496 814 3540 est
841 3482 979 3538 :Ubi
1012 3493 1058 3537 te
1094 3485 1360 3549 invenero,
1395 3481 1469 3536 ibi
1523 3493 1572 3537 te
1608 3481 1864 3552 judicabo
1883 3481 1954 3536 ⁸⁸.
2003 3479 2117 3536 Nos

542 3577 762 3648 quidem
802 3576 892 3632 hic
917 3575 1185 3632 sentimus
1206 3583 1264 3630 et
1310 3572 1565 3630 dicimus.
1601 3573 1758 3640 Quod
1797 3572 1845 3629 si
1883 3573 1976 3628 alii
2017 3571 2120 3626 ali-

543 3681 646 3736 ter,
678 3667 910 3738 propriae
947 3667 1051 3737 ipsi
1073 3665 1225 3722 vocis
1252 3675 1381 3722 sunt
1413 3665 1622 3721 domini
1649 3681 1662 3717 :
1692 3674 1746 3720 et
1787 3681 1888 3720 nos
1928 3665 2117 3736 utique

546 3760 832 3816 sileamus.
868 3755 1413 3831 CognovitDominus
1449 3756 1539 3828 qui
1566 3765 1688 3810 sunt
1708 3754 1858 3826 ejus;
1881 3765 1930 3810 et
1945 3754 2124 3821 μίξεσι-

539 3854 634 3906 dat
685 3851 750 3906 ab
787 3852 1067 3922 iniquitate
1125 3849 1297 3904 omnis
1343 3850 1436 3919 qui
1491 3848 1734 3902 nominat
1785 3865 1975 3903 nomen
2009 3847 2122 3901 Do-

539 3941 674 3998 mini
703 3944 774 4010 ⁸³,
804 3942 949 3998 sicut
980 3939 1244 4012 scriptum
1268 3950 1373 3994 est.

909 4049 1090 4109 CCVI.
1121 4079 1193 4092 -—
1220 4050 1471 4122 Hypacoe
1498 4050 1741 4108 moniali.

2221 3113 2315 3164 καὶ
2339 3112 2480 3184 ὑπὲρ
2498 3113 2697 3180 πάντα,
2723 3116 2782 3169 τὸ
2813 3118 3155 3190 σωτηριῶδες
3188 3118 3286 3190 τῆς
3305 3119 3483 3191 ψυχῆς
3509 3121 3702 3185 αὐτοῦ,
3724 3123 3806 3184 είς

2219 3202 2283 3256 τὸ
2331 3207 2625 3283 μετασχεῖν
2678 3205 2789 3258 τῶν
2832 3208 3210 3280 ἀγιασμάτων,
3259 3210 3634 3278 ἀγωνίσασθαι
3662 3227 3679 3242 ο
3737 3212 3804 3264 τά

2221 3294 2357 3348 ἄλλα
2390 3296 2573 3351 πάντα
2606 3297 2852 3353 σκύόαλα
2885 3299 3222 3371 ἡγούμεναι·
3255 3300 3384 3355 ὥστ’
3409 3303 3476 3356 ἂν
3501 3304 3702 3376 εὗρεθῇ
3745 3307 3804 3358 ὲν

2221 3389 2290 3457 τῇ
2319 3385 2586 3458 όρθοδόξῳ
2608 3391 2866 3461 κοινωνίᾳ
2885 3406 2901 3421 ·
2923 3391 3112 3464 ἐπειδὴ
3143 3392 3474 3464 γέγραπταιο
3509 3396 3704 3450 Ὅπου
3725 3395 3806 3449 dr

2219 3479 2371 3548 εὕρω
2398 3494 2492 3547 σε,
2526 3481 2650 3535 ἐκεῖ
2671 3498 2745 3535 σε
2777 3483 2982 3551 κρινῶ.
3029 3484 3217 3556 Ἡμεῖς
3241 3487 3343 3555 μὲν
3369 3485 3545 3551 οὕτως
3570 3488 3805 3557 φρονοῦ-

2224 3590 2325 3644 μεν
2354 3574 2449 3627 καὶ
2476 3573 2729 3646 λέγομεν.
2758 3576 2818 3630 Et
2858 3577 2916 3631 δὲ
2963 3576 3161 3641 ἄλλως,
3193 3580 3350 3633 αὐτοὶ
3379 3580 3562 3650 κύριοι
3580 3582 3680 3649 τῆς
3721 3581 3802 3634 οξ-

2221 3664 2375 3727 κείας
2400 3666 2586 3736 φωνῆς
2607 3682 2619 3694 ·
2650 3667 2745 3720 καὶ
2765 3670 2932 3738 ἡμεῖς
2967 3686 3030 3737 γε
3055 3669 3371 3740 σιωπῶμεν.
3399 3667 3551 3724 -Οἵδε
3583 3673 3803 3738 Κύριος

2219 3756 2365 3824 τοὺς
2397 3757 2579 3823 ὄντας
2605 3758 2793 3813 αὑτοῦ
2817 3775 2832 3792 ο
2882 3759 2984 3814 καὶ
3037 3759 3358 3827 duom":in
3401 3761 3520 3815 ἀπὸ
3561 3760 3800 3827 ἀδικίας

2219 3848 2340 3916 πᾶς
2371 3853 2404 3906 ὀ
2429 3849 2728 3922 ὀνομάζων
2771 3851 2839 3906 τὸ
2881 3851 3071 3922 ὄνομα
3107 3853 3329 3921 Κυρίου
3354 3869 3369 3883 ·
3421 3852 3570 3906 καθά
3589 3855 3800 3924 γέγρα-

2219 3958 2372 3997 πται.

2384 4057 2498 4126 ΣΕΓ
2517 4057 2616 4128 (1),
2646 4084 2716 4095 -
2748 4055 3008 4128 Ὑπακοῇ
3038 4055 3401 4127 μοναζούσῃ.
3432 4054 3639 4130 [ωκγ’.]

1599 4164 1792 4218 [tamus
1821 4178 1933 4217 eam
1971 4166 2037 4218 de
2075 4167 2244 4220 fratris
2272 4168 2410 4219 obitu
2437 4173 2738 4222 consolatur.

607 4277 715 4346 Qui
755 4275 1119 4332 monasticam
1144 4274 1313 4330 vitam
1353 4265 1482 4330 sunt
1505 4274 1765 4346 amplexi,
1795 4291 1862 4332 ac
1909 4275 2116 4332 mundo

2288 4277 2352 4332 Οί
2381 4278 2473 4332 τὸν
2505 4281 2717 4352 μονήρη
2750 4279 2866 4352 βίον
2895 4281 3324 4352 ἐπανῃρημένοι,
3363 4283 3457 4336 καὶ
3491 4284 3572 4354 τῷ
3601 4285 3794 4356 κόσμῳ

539 4371 768 4442 proinde
804 4367 1028 4435 mortui,
1073 4368 1224 4422 velut
1268 4369 1582 4423 carnalibus
1630 4367 1913 4424 affectibus
1968 4369 2112 4425 casi-

539 4465 754 4533 busque
781 4461 1094 4532 superiores
1119 4461 1232 4532 jam
1267 4461 1414 4526 facti,
1456 4462 1512 4515 in
1553 4462 1984 4532 propinquorum
2019 4477 2114 4518 ca-

539 4554 878 4610 lamitatibus
897 4567 1020 4624 quae
1057 4552 1333 4618 accidunt,
1364 4550 1543 4623 frangi
1570 4553 1756 4608 animo
1785 4567 1894 4608 non
1915 4553 2112 4620 solent,

537 4665 640 4705 nec
673 4650 728 4704 in
765 4648 988 4704 illorum
1023 4646 1311 4702 funeribus
1357 4646 1564 4702 dolere.
1602 4645 1708 4703 Sed
1738 4648 2000 4718 quoniam
2030 4649 2116 4703 in-

535 4741 790 4796 venimus
824 4740 972 4811 ipsos
1005 4753 1225 4810 quoque
1253 4747 1474 4794 sanctos
1499 4739 1553 4792 in
1575 4738 2112 4809 consanguineorum

2218 4367 2466 4423 ἐντεῦθεν
2497 4371 2928 4442 ὲσταυρωμένοι,
2957 4372 3032 4437 ὡς
3062 4373 3162 4444 ἡδη
3222 4373 3484 4445 ἀνώτεροι
3508 4378 3793 4447 γενόμενοι

2215 4459 2327 4514 τῶν
2350 4462 2626 4532 σαρκικῶν
2651 4464 2892 4533 σχέσεων
2933 4465 3029 4518 καὶ
3056 4464 3400 4536 συμϐάσεων,
3425 4466 3488 4519 οὑ
3511 4468 3790 4538 πεφύκασι

2219 4552 2681 4622 κατακάμπεσθαι
2716 4557 2775 4608 ὲν
2815 4558 2939 4620 ταῖς
2968 4557 3333 4627 συμϐατικαῖς
3372 4559 3484 4612 τῶν
3512 4561 3789 4629 συγγενῶν

2219 4646 2630 4717 περιστάσεσιν,
2671 4649 2794 4702 οὐδὲ
2819 4649 3110 4704 λυπεῖσθαι
3167 4651 3226 4705 ὲν
3257 4654 3378 4716 ταῖς
3411 4655 3620 4708 τούτων
3656 4656 3791 4708 ἀπο-

2215 4737 2502 4794 ϐιώσεσιν.
2545 4739 2686 4793 Ἀλλ’
2719 4741 2905 4814 ἐπειδὴ
2935 4742 3268 4813 εὑρίσκομεν
3289 4786 3304 4808 ,
3335 4749 3430 4798 καὶ
3484 4747 3576 4800 ἐπ’
3608 4748 3790 4802 αὐτῶν

537 4833 726 4888 dolore
778 4839 1087 4887 commotos
1137 4830 1330 4898 fuisse,
1367 4831 1719 4900 calentesque
1756 4829 2025 4901 lacrymas
2055 4830 2110 4884 in

2222 4830 2322 4882 τῶν
2343 4829 2517 4899 ἁγίων
2536 4830 2853 4902 κεκάμφθαι
2877 4833 2936 4887 ἐν
2961 4833 3036 4903 τῷ
3053 4832 3163 4886 τῶν
3186 4836 3466 4904 συναίμων
3492 4837 3681 4898 πάθει,
3699 4839 3792 4892 καὶ

538 4941 730 4979 eorum
791 4939 1018 4979 excessu
1081 4922 1322 4990 fudisse;
1373 4938 1482 4977 non
1535 4921 1779 4977 alienum
1835 4922 2110 4986 ducimus,

539 5018 682 5074 idem
719 5017 896 5089 ipsum
948 5015 1107 5071 nobis
1140 5015 1458 5086 contigisse,
1487 5030 1552 5070 ac
1596 5015 1894 5085 praesertim
1925 5013 2113 5068 fratris

539 5125 742 5174 causa,
805 5107 1102 5178 fratrisque
1161 5109 1451 5178 prudentia
1509 5117 1564 5162 et
1627 5107 2116 5177 circumspectione

538 5201 997 5276 praestantissimi,
1053 5212 1108 5256 et
1161 5201 1253 5271 qui
1320 5201 1469 5256 velut
1534 5201 1706 5272 patris
1747 5201 1870 5256 loco
1914 5209 2116 5256 nostrae

539 5315 668 5370 erga
724 5313 822 5354 vos
850 5279 1248 5353 sollicitudinis
1292 5297 1442 5353 vices
1517 5295 1844 5352 sustinebat.
1919 5294 2114 5350 Gravis

540 5406 768 5466 prorsus
801 5391 993 5456 dolor,
1032 5402 1187 5443 soror
1226 5388 1281 5442 in
1319 5386 1551 5442 Domino
1575 5427 1591 5453 ,
1640 5387 1798 5457 cujus
1829 5387 1983 5459 plaga
2019 5400 2115 5440 cor

612 5506 658 5538 ⁸⁸
692 5505 825 5561 Vide
855 5519 1018 5575 supra
1045 5504 1154 5560 col.
1199 5500 1356 5559 1598.
1383 5503 1428 5536 θ’
1461 5501 1501 5557 ll
1529 5501 1672 5558 Tim.
1700 5517 1760 5570 ιι,
1801 5501 1886 5557 l9.

2213 4922 2449 4992 δάκρυον
2478 4922 2808 4989 ἀποστάζειν
2833 4924 3036 4996 θερμὸν
3061 4928 3120 4980 ὲν
3145 4929 3268 4992 ταῖς
3297 4927 3504 4982 τούτων
3535 4928 3792 4983 ἀποϐιώ-

2218 5031 2370 5070 σεσιν
2388 5030 2404 5047 ο
2430 5014 2492 5068 οὐ
2532 5015 2686 5081 ξένον
2728 5033 2783 5069 τι
2823 5017 3079 5090 κρίνομεν
3105 5020 3203 5074 καίΙ
3240 5021 3398 5091 ἡμεῖς
3427 5021 3498 5074 τά
3524 5021 3669 5075 αὐτὰ
3695 5039 3790 5074 πει

2216 5105 2494 5172 πονθέναι,
2519 5109 2613 5162 καὶ
2643 5107 2883 5179 μάλιστα
2906 5111 3000 5164 ἐπὶ
3032 5110 3265 5186 ἀδελφῷ,
3291 5113 3386 5166 καὶ
3417 5112 3630 5182 ἀδελφῷ
3651 5113 3792 5166 κατά

2216 5216 2276 5252 τε
2309 5200 2570 5272 φρόνησιν
2601 5201 2698 5256 καὶ
2718 5203 3078 5276 περιφάνειαν
3109 5204 3415 5277 καλλίστῳ,
3455 5205 3552 5259 καὶ
3583 5199 3698 5258 οἷον
3732 5209 3789 5259 ὲν
3845 5242 3848 5244 η

2217 5287 2370 5354 τάξει
2403 5291 2612 5363 πατρὸς
2645 5293 2896 5365 ἐπέχοντι
2943 5295 3044 5366 τῆς
3079 5295 3204 5349 καθ’
3227 5296 3368 5366 ὑμᾶς
3393 5295 3672 5368 φροντίδος
3698 5295 3787 5348 τὸν

2217 5380 2392 5451 λόγον.
2426 5384 2610 5439 Δεινὸν
2638 5384 2808 5452 ὅντως
2866 5387 2928 5442 τὸ
2961 5387 3154 5458 πάθος,
3189 5387 3390 5462 ἀδελφὴ
3444 5389 3505 5442 ἐν
3563 5386 3784 5459 Κυρίῳ,

2058 5591 2288 5649 NCT/Ii.

609 5690 688 5762 (i)
725 5690 782 5744 In
807 5690 931 5745 cod.
957 5689 1092 5760 Reg.
1119 5685 1216 5744 σθ’.
