4102 6374
286 293 426 360 1625

1470 281 2013 345 EPISTOLARUM
2067 279 2213 343 LIB.
2266 282 2349 343 ll.

3398 280 3537 345 1626
3623 246 3627 249 ’

281 402 379 457 καὶ
407 399 601 473 ἥψατο¹
638 395 794 470 ὐμῶν
829 394 926 467 τῆς
988 392 1218 463 καρδίας
1268 394 1303 463 ἠ
1364 392 1553 464 πληγὴ
1599 390 1858 461 καθάπερ

1974 401 2223 456 vestrum,
2263 387 2422 461 quasi
2463 387 2645 458 gladio
2685 386 2934 456 feriente,
2962 389 3217 461 perculit.
3256 389 3400 458 Quid
3433 394 3540 449 huc

282 493 387 547 ὑπὸ
434 487 713 565 μαχαίρας
762 484 1092 558 τεμνούσης.
1132 484 1197 536 Τί
1226 481 1420 547 τοῦτος
1485 480 1858 535 ἐκκαλυπτέον

281 587 391 654 γὰρ
436 582 499 634 τὸ
542 579 854 652 πρόσωπον.
900 576 959 628 '0
1006 572 1195 644 κύριος
1223 574 1251 626 ὁ
1284 571 1533 640 ἀδελφὸς,
1567 572 1642 635 ὡς
1702 570 1857 639 φασὶ,

281 673 631 744 κεκοίμηται.
666 672 860 741 ᾬχετο
889 666 1027 737 ἀνὴρ
1067 665 1287 734 ἀγαθὸς,
1333 663 1567 735 ἐσϐέσθη
1596 665 1626 717 ό
1668 662 1861 731 ὀφθαλ-

283 766 381 837 μὸς
412 764 505 818 τοῦ
546 762 760 831 γένους,
788 758 1006 829 ἀπέπτη
1044 756 1106 812 τὸ
1137 755 1484 828 παραμύθιον
1536 754 1692 826 ὑμῶν
1714 770 1728 783 °
1763 754 1861 826 ὀρ-

281 858 438 930 φανοὶ
474 857 573 928 μὲν
596 856 646 909 οί
675 853 864 916 παῖδες
901 850 996 915 οὓς
1028 851 1259 923 ἤνεγκεν
1290 862 1306 877 ⁸
1373 849 1584 922 ὀρφανὴ
1634 848 1695 902 δὲ
1763 848 1861 901 καὶ

281 951 417 1022 αὐτὴ
442 951 537 1003 σὺν
568 950 687 1011 ταῖς
704 946 982 1017 ἀδελφαῖς,
1011 943 1113 998 οὐκ
1146 945 1346 1016 ἔχουσα
1375 942 1480 997 ποῦ
1503 943 1725 1016 ἐρείσῃς
1760 941 1861 1012 τὴν

284 1046 439 1116 χεῖρα
468 1041 824 1105 ὀκλάζουσαν,
855 1038 888 1111 ἢ
922 1036 1026 1091 ποῦ
1067 1034 1393 1107 ἀποϐλέψοις
1425 1033 1864 1107 περιστατουμέ-

286 1152 375 1204 νη.
424 1132 563 1186 Ἀλλ’
601 1132 688 1184 ἵνα
711 1131 764 1183 τί
793 1130 885 1182 ἐπὶ
911 1129 1098 1182 πλεῖον
1148 1126 1616 1197 ἐλεεινολογοῦμεν
1644 1124 1707 1179 τὸ
1750 1124 1861 1177 πά-

286 1225 412 1291 θος;
438 1223 574 1293 πρὸς
598 1220 819 1291 θεοφιλῆ
851 1220 983 1289 ἡμῖν
1008 1220 1035 1273 ὁ
1053 1218 1230 1286 λόγος,
1271 1216 1406 1289 πρὸς
1438 1216 1685 1288 συνετὴν,
1727 1215 1865 1283 πρὸς

284 1314 574 1386 ἐχέφρονα,
604 1311 743 1383 πρὸς
770 1308 1121 1378 πολύπειρον,
1156 1307 1292 1379 πρὸς
1332 1306 1584 1377 ἔμπλεων
1640 1305 1707 1375 τῇ
1743 1302 1865 1373 θείᾳ.

282 1408 502 1476 γνώσει,
534 1403 841 1474 δυναμένην
870 1402 965 1456 καὶ
1007 1400 1203 1464 ἄλλους
1232 1399 1593 1470 σωφρονίζειν
1631 1397 1708 1466 τῷ
1739 1395 1863 1450 καθ’

284 1497 482 1567 ἐαυτῆς
507 1494 885 1564 ὑποδείγματι.
926 1491 1162 1547 Ἔκϐαλε
1188 1493 1251 1546 ἐκ
1282 1493 1377 1545 τοῦ
1410 1490 1618 1561 ἀγαθοῦ
1655 1489 1863 1562 θησαυ-

286 1589 380 1664 ροῦ
419 1590 517 1660 τῆς
563 1586 794 1658 καρδίας
851 1603 946 1639 σου
978 1585 1071 1639 τὸν
1101 1584 1476 1656 πνευματικὸν
1504 1583 1754 1649 πλοῦτον,
1796 1583 1865 1637 τὰ

286 1684 552 1755 φάρμακα
580 1680 679 1750 τῆς
732 1678 1104 1748 παραμυθίας,
1133 1677 1449 1749 ἐπαρκοῦσα
1483 1678 1655 1746 σαυτῇ
1679 1691 1738 1729 τε
1771 1674 1866 1729 καὶ

284 1744 707 1845 ταῖς-ἀδελφαῖς.
745 1744 934 1842 Ἰσμεν
964 1771 1073 1843 γὰρ
1119 1772 1202 1825 ὅτι
1246 1744 1520 1825 κάκείνων
1574 1744 1755 1841 ἥψατο
1802 1768 1861 1834 ἐξ
1896 1744 1941 1802 Β

287 1869 402 1923 ῐσου
435 1869 468 1937 ὴ
500 1866 642 1937 λύπη
666 1884 678 1895 ·
706 1865 829 1917 ἐπεὶ
859 1866 955 1917 καὶ
983 1866 1081 1934 τῆς
1112 1862 1309 1934 κυρίας
1346 1860 1659 1935 ἡγουμένης
1681 1877 1697 1893 ο
1728 1859 1866 1916 ἀλλὰ

286 1958 396 2029 γὰρ
428 1956 522 2010 καὶ
546 1957 668 2009 ὅλου
696 1955 788 2009 τοῦ
812 1953 1026 2022 γένους,
1058 1954 1357 2025 προσθείην
1386 1955 1432 2007 δ’
1471 1953 1537 2007 ἂν
1572 1952 1670 2006 καὶ
1696 1953 1866 2023 αὐτῆς

287 2050 388 2119 τῆς
434 2047 762 2117 συγκλήτου.
810 2047 905 2109 Τίς
929 2046 1017 2099 ἐπ’
1060 2044 1210 2116 αὐτῷ
1240 2044 1317 2116 μὴ
1343 2044 1713 2109 ἐπιστενάξειε
1739 2061 1755 2113 ;
1781 2061 1867 2108 τις

288 2143 347 2198 δὲ
377 2140 452 2211 μὴ
479 2139 785 2209 καταγάγοι
832 2138 1075 2211 δάκρυα;
1101 2130 1274 2209 οῦπερ
1299 2139 1395 2192 καὶ
1428 2137 1586 2209 ἡμῶν
1630 2137 1739 2191 τῶν
1768 2154 1864 2194 τα-

291 2233 492 2288 πεινῶν
518 2230 720 2303 καίπερ
744 2227 887 2283 οὕτω
910 2226 1374 2298 φιλοσοφούντων,
1397 2227 1577 2299 ἥψατο
1628 2229 1663 2300 ἡ
1696 2227 1864 2301 λύπη.

302 2325 441 2380 Ἀλλ’
488 2323 677 2394 ἐπειδὴ
705 2321 1092 2392 ἀπεϐλέψαμεν
1141 2322 1225 2374 ὅτι
1254 2321 1428 2385 οὐδεὶς
1477 2321 1558 2387 είς
1602 2320 1866 2392 γέννησιν

293 2420 462 2475 ἐλθὼν
488 2419 562 2490 μὴ
583 2417 700 2488 οὐχὶ
725 2419 821 2471 καὶ
844 2417 971 2487 ἐκδη
981 2417 1053 2488 μή
1062 2432 1175 2469 σειε
1191 2417 1300 2470 τῶν
1318 2416 1530 2472 ἐνθένδε
1550 2434 1565 2449 ·
1596 2418 1692 2473 καὶ
1707 2418 1866 2472 τοῦτο

296 2512 404 2567 ἀπὸ
436 2511 528 2566 τοῦ
563 2510 907 2581 προπάτορος
945 2508 1102 2580 ἡμῶν
1147 2508 1315 2580 Ἀδὰμ
1350 2510 1513 2583 μέχρι
1544 2510 1637 2565 τοῦ
1667 2510 1829 2583 δεῦρο
1851 2527 1866 2543 ο

297 2594 447 2655 οὐδὲν
471 2600 617 2667 ξένον
642 2599 969 2671 ἡγησάμεθα
996 2599 1089 2653 ἐπὶ
1139 2598 1217 2670 τῷ
1272 2600 1644 2673 συμϐεϐηκότι
1665 2619 1680 2635 ο
1722 2601 1872 2667 ξένον

296 2694 342 2749 δ’
366 2693 431 2749 ἂν
464 2689 596 2760 εἷεν,
626 2692 781 2763 είπερ
806 2694 839 2762 ἡ
887 2690 1231 2755 θεοσύνθετός
1281 2709 1373 2746 σου
1412 2692 1609 2764 καρδία
1658 2695 1874 2764 ἐνέγκοι

298 2787 655 2858 εὐχαρίστως,
685 2783 1034 2848 ὑποτύπωσις
1066 2785 1337 2856 γενομένη
1358 2787 1454 2839 σὺν
1469 2789 1534 2858 τῇ
1559 2787 1725 2859 κυρία
1740 2786 1873 2840 καθ-

300 2878 603 2952 ηγουμένῃ,
639 2879 758 2941 ταῖς
818 2892 881 2929 τε
924 2876 1202 2946 ἀδελφαῖς,
1254 2878 1350 2931 καὶ
1375 2878 1526 2952 πάσῃ
1574 2881 1641 2951 τῇ
1674 2894 1875 2947 συγγε-

301 2970 440 3024 νεία.

370 3060 567 3115 Διάθου
604 3056 746 3113 κατὰ
774 3057 834 3111 τδ
857 3057 1046 3121 εἰωθός
1077 3074 1161 3111 σοι
1228 3058 1480 3130 εὐψυχῶς
1516 3059 1717 3122 πάντα,
1767 3075 1871 3131 με·
1903 3100 1946 3159 C

302 3151 642 3224 γαλοϐούλως
672 3149 793 3204 καθ’
845 3151 969 3203 ὅσον
1042 3150 1315 3220 ἐνδέχεται
1372 3152 1738 3224 ἐπικουροῦσα
1782 3153 1877 3206 καλ⁸

304 3243 401 3311 τὴν
430 3242 607 3293 οἰκίαν
643 3239 738 3292 τοῦ
766 3237 1018 3308 ἀδελφοῦ,
1050 3241 1129 3303 εἰς
1157 3240 1219 3293 τὸ
1241 3241 1317 3311 μὴ
1352 3242 1565 3313 ἐρήμην
1598 3242 1877 3313 καταδρα-

308 3336 430 3407 μεῖν
488 3333 613 3396 τοὺς
652 3331 1065 3401 ἐφεδρεύοντας,
1123 3332 1181 3385 ἐν
1212 3336 1331 3396 ταῖς
1383 3333 1739 3405 περιστάσεσι
1770 3332 1880 3387 τῶν

306 3424 644 3497 ἀνθρώπων.
665 3426 958 3495 Φρόντισον
978 3420 1071 3477 οὖν
1105 3424 1229 3476 ὅσον
1248 3424 1493 3492 δυνατὸν,
1523 3427 1615 3479 καὶ
1645 3428 1746 3497 τῆς
1800 3442 1882 3479 τι-

309 3518 438 3589 μίας
470 3516 647 3587 ψυχῆς
671 3516 766 3569 τοῦ
793 3514 998 3582 ἀγαθοῦ
1026 3514 1213 3586 ἀνδρὸς
1230 3517 1438 3571 ἐκείνου
1459 3532 1473 3547 ⁸
1505 3518 1586 3571 ὅτι
1620 3519 1715 3571 καὶ
1743 3518 1881 3588 μετὰ

309 3609 539 3665 θάνατον
569 3606 889 3678 βοηθοῦνται
916 3607 1067 3678 παρὰ
1095 3607 1204 3660 τῶν
1257 3608 1475 3672 ζώντων
1509 3610 1559 3662 οἱ
1580 3609 1881 3682 ἐκδεδημη-

310 3704 485 3765 κότες.
514 3702 624 3753 Καὶ
654 3699 840 3762 ἁπλῶς
873 3700 941 3753 τὰ
973 3700 1149 3753 πάντα
1172 3701 1232 3754 ἐν
1287 3701 1455 3753 πᾶσιν
1485 3700 1707 3773 σίδαμέν
1734 3718 1793 3755 σε
1821 3697 1880 3756 εὖ

307 3794 663 3860 διατίθεσθαι,
705 3792 800 3847 καὶ
854 3795 1181 3864 στρατηγεῖν
1244 3792 1335 3846 τὸν
1368 3792 1626 3863 λογισμὸν
1658 3793 1880 3864 μᾶλλον,

310 3888 345 3959 ἢ
377 3883 928 3959 στρατηγεῖσθαιύπὸ
965 3884 1063 3954 τῆς
1092 3883 1331 3955 ἀθυμίας
1353 3882 1883 3955 καὶμοχθηρίας.Είς

307 3979 441 4032 αὐτὸ
468 3979 576 4048 γὰρ
608 3974 766 4029 τοῦτο
782 3974 984 4027 καὶτὸν
1008 3970 1570 4043 άδελφὸνἈθανάσιον
1602 3971 1880 4025 ἀπεστάλ-

310 4086 486 4140 καμεν
515 4108 532 4134 ,
562 4067 969 4128 ἐπιδεικνύντες
992 4064 1053 4119 τὸ
1093 4061 1397 4135 περιπαθὲς
1424 4060 1582 4133 ἡμῶν
1626 4060 1764 4133 πρὸς
1792 4059 1884 4114 τὸν

308 4156 499 4226 ἄνδρα,
557 4158 651 4210 κα)⁹
690 4156 823 4227 πρὸς
855 4156 955 4226 τὴν
986 4154 1260 4225 ὑμετέραν
1305 4152 1595 4221 τιμιότητα
1637 4153 1884 4220 ἐπικαμ-

308 4247 530 4301 πτικόνο
583 4247 643 4300 ὃν
701 4246 973 4318 εὐχόμεθα
1026 4246 1211 4316 τάχιον
1268 4242 1636 4310 ἀποδέξασθαι
1678 4242 1885 4312 ἀγαθὸν

308 4337 537 4408 ἄγγελον
554 4339 652 4410 τῆς
679 4338 1002 4410 εὐχαρίστου
1052 4335 1206 4407 ὑμῶν
1229 4334 1511 4405 ὑπομονῆς
1538 4333 1882 4404 γιγνόμενον.

485 4502 578 4555 ΣΖ¹
604 4499 705 4577 (2).
732 4530 804 4545 --
841 4497 1130 4565 Ὀλϐιανῷ
1151 4497 1458 4566 πατρικίῳ.
1496 4493 1644 4552 Ῐωκδ⁹
1651 4494 1691 4569 .1

1909 4443 1963 4505 D

1963 485 2086 541 est?
2143 483 2435 554 retegenda
2457 482 2604 537 enim
2645 491 2731 537 est
2766 497 3023 552 persona.
3053 481 3319 539 Dominus
3348 482 3537 549 frater,

1962 586 2023 633 ut
2047 578 2219 641 aiunt,
2252 576 2607 631 obdormivit.
2634 575 2783 629 Abiit
2807 576 2891 628 vir
2912 574 3429 637 bonus,exstinetus
3456 584 3543 631 est.

1961 672 2155 727 oculus
2191 670 2432 736 familiae,
2496 669 2733 724 avolavit
2784 668 3087 723 consolatio
3116 678 3300 723 vestra
3335 686 3349 723 :
3386 678 3540 739 patre

1964 764 2137 819 orbati
2181 771 2309 818 sunt
2369 761 2463 816 lilii
2507 776 2646 832 quos
2686 759 2916 832 genuit:
2949 761 3140 815 orbata
3196 770 3252 815 et
3315 770 3371 815 tu
3423 761 3541 828 ipsa

1963 875 2088 914 cum
2114 857 2422 921 sororibus,
2462 870 2572 910 non
2612 855 2822 911 habens
2856 853 2951 909 ubi
2997 868 3220 908 manum
3252 852 3384 931 ﬁgas
3412 853 3545 907 titu-

1966 952 2209 1015 bantem,
2257 965 2358 1004 nec
2413 963 2525 1019 quo
2561 948 2816 1019 periculis
2860 946 3105 1012 obsessa,
3156 944 3439 1015 respicias.
3473 946 3543 998 At

1964 1055 2229 1111 quorsum
2286 1054 2582 1094 arrutnnam
2638 1038 2886 1109 pluribus
2914 1036 3307 1107 deploramus?
3337 1035 3417 1091 Ad
3451 1036 3541 1091 Dei

1965 1143 2238 1189 amantem
2275 1132 2629 1188 nobissermo
2654 1140 2758 1195 est,
2791 1131 2854 1186 ad
2888 1129 3386 1200 intelligentem,ad
3413 1144 3543 1199 pru-

1965 1229 2201 1293 dentem,
2236 1226 2302 1280 ad
2326 1224 2496 1280 multa
2515 1232 2818 1295 expertam,
2849 1222 2915 1278 ad
2940 1223 3120 1278 divina
3161 1221 3387 1277 scientia
3429 1222 3544 1290 ple-

1963 1336 2114 1387 nam,
2155 1334 2277 1389 quae
2304 1326 2359 1373 et
2392 1317 2529 1373 alios
2560 1317 2733 1387 possit
2768 1331 2870 1371 suo
2894 1317 3064 1386 ipsius
3084 1316 3334 1385 exemplo
3361 1329 3546 1369 emen-

1966 1413 2120 1468 dare.
2150 1411 2422 1482 Exprome
2447 1411 2516 1466 de
2539 1411 2684 1464 bono
2719 1410 2974 1465 thesauro
3030 1410 3213 1466 cordis
3254 1409 3328 1463 tui
3380 1407 3545 1478 spiri-

1967 1507 2139 1563 tuales
2169 1505 2428 1562 divitias:
2458 1502 2850 1560 consolationis
2888 1502 3150 1566 remedia,
3202 1510 3257 1555 et
3290 1500 3383 1554 tibi
3417 1500 3543 1569 ipsi,

1965 1604 2021 1652 et
2072 1597 2355 1651 sororibus
2406 1594 2715 1664 suppedita.
2763 1592 2981 1647 Scimus
3015 1591 3159 1646 enim
3197 1590 3294 1645 has
3330 1603 3548 1659 quoque

1968 1691 2087 1762 pari
2119 1690 2350 1745 affectas
2374 1704 2496 1744 esse
2533 1687 2755 1741 tristitia
2809 1702 2825 1741 :
2858 1683 3317 1755 quemadmodum
3363 1694 3415 1734 et
3446 1683 3547 1735 do-

1969 1784 2114 1839 mina
2137 1782 2447 1854 praeposita,
2483 1781 2614 1851 quin
2640 1788 2693 1835 et
2721 1787 2831 1834 tota
2861 1777 3086 1843 familia,
3113 1776 3413 1832 addiderim
3448 1780 3548 1828 aii-

1968 1887 2098 1939 tem,
2154 1885 2208 1930 et
2244 1883 2471 1929 senatus
2518 1873 2651 1942 ipse.
2684 1870 2820 1938 Quis
2860 1870 3006 1925 illius
3058 1884 3222 1924 causa
3256 1883 3366 1923 non
3398 1869 3551 1936 inge-

1968 1968 2208 2025 miscat?
2233 1968 2358 2039 quis
2386 1968 2661 2040 lacrymas
2696 1980 2805 2019 non
2836 1961 3051 2019 fundat?
3081 1962 3304 2032 quando
3344 1969 3400 2016 et
3452 1976 3552 2015 nos

1968 2059 2225 2124 humiles,
2253 2058 2346 2129 qui
2389 2059 2469 2113 sic
2519 2054 2992 2128 phiIOSOphamur,
3041 2052 3215 2124 tetigit
3247 2061 3428 2107 tamen
3457 2052 3554 2105 do-

1967 2148 2074 2206 lor.
2097 2146 2302 2204 Verum
2339 2156 2630 2218 postquam
2674 2143 3056 2217 perspeximus
3085 2142 3361 2197 neminem
3397 2139 3553 2218 nasci

1968 2240 2065 2312 qui
2123 2239 2252 2296 hinc
2297 2239 2480 2296 itidem
2544 2253 2655 2294 non
2702 2244 2880 2302 exeat,
2914 2234 3077 2305 idque
3110 2250 3138 2289 a
3172 2236 3349 2305 primo
3378 2246 3555 2301 usque.

1967 2342 2194 2404 parente
2217 2330 2390 2385 Adam
2424 2329 2493 2385 ad
2524 2339 2771 2386 nostram
2806 2328 2948 2383 hanc
2976 2333 3189 2382 aetatem
3223 2343 3237 2394 ;
3272 2325 3406 2379 nihil
3432 2325 3552 2378 sin-

1970 2424 2160 2496 gulare
2194 2422 2441 2478 arbitrati
2483 2437 2675 2478 sumus
2719 2420 2774 2474 in
2809 2434 2876 2475 eo
2894 2419 3053 2490 quod
3110 2417 3331 2483 accidit,
3365 2416 3553 2487 singu-~
3640 2446 3643 2447 ν

1970 2516 2085 2570 lare
2105 2514 2286 2585 potius
2310 2512 2493 2580 fuerit,
2512 2513 2557 2568 si
2575 2510 2793 2583 sapiens
2815 2526 2909 2566 cor
2937 2521 3086 2565 tuum
3109 2526 3233 2564 cum
3253 2510 3550 2581 gratiarum

1972 2607 2186 2663 actione
2214 2607 2322 2661 hoc
2349 2604 2522 2671 ferat;
2558 2605 2635 2659 ita
2688 2612 2749 2659 ut
2799 2602 3050 2672 exemplo
3096 2602 3194 2663 sis.
3232 2598 3457 2670 perinde
3487 2614 3555 2655 ac

1973 2698 2195 2754 domina
2256 2696 2545 2767 praeposita
2582 2703 2696 2749 tum
2748 2692 3063 2755 sororibus,
3125 2701 3239 2744 tum
3296 2704 3550 2744 sororum

1974 2791 2188 2857 liberis,
2212 2798 2682 2861 cognatorumque
2716 2787 2989 2842 universae
3019 2783 3262 2838 familiae.

2052 3056 2316 3127 Dispone,
2373 3064 2434 3110 ut
2480 3054 2731 3121 solebas,
2778 3054 3077 3124 tranquillo
3127 3052 3313 3107 animo
3346 3051 3554 3113 omnia,

1980 3167 2179 3223 magno
2239 3150 2418 3221 quoad
2465 3148 2582 3204 fieri
2653 3157 2831 3220 potest
2881 3148 3137 3214 consilio,
3199 3146 3383 3203 fratris
3417 3162 3555 3216 quo-

1982 3256 2086 3312 que
2142 3240 2365 3295 domum
2427 3238 2717 3309 adjuvans,
2770 3254 2839 3293 ne
2890 3255 2993 3309 ope
3044 3239 3302 3295 destituta
3356 3239 3409 3292 in
3459 3253 3557 3293 eos

1981 3336 2245 3397 incurrat,
2271 3334 2364 3404 qui
2405 3333 2632 3388 insidias
2665 3341 2883 3388 struunt
2911 3333 2964 3387 in
2998 3333 3243 3389 adversis
3271 3333 3554 3387 hominum

1982 3429 2167 3483 rebus.
2228 3425 2430 3480 Curam
2481 3425 2689 3497 igitur,
2730 3426 2907 3495 quoad
2948 3435 3122 3495 potes,
3176 3425 3312 3480 habe
3361 3424 3559 3479 animae

1982 3521 2109 3577 boni
2174 3521 2319 3576 illius
2352 3520 2451 3575 viri
2507 3537 2521 3574 :
2566 3520 2825 3588 quoniam
2867 3520 3028 3573 etiam
3086 3528 3208 3589 post
3246 3529 3477 3572 mortem
3526 3533 3558 3572 a

1982 3614 2295 3669 viventibus
2335 3612 2663 3681 adjuvantur
2686 3612 2777 3682 qui
2800 3611 2908 3665 vita
2934 3610 3102 3666 functi
3133 3621 3281 3666 sunt.
3314 3610 3560 3681 Denique

1982 3706 2168 3762 omnia
2204 3706 2257 3759 in
2291 3707 2546 3759 omnibus
2586 3706 2838 3760 novimus
2871 3714 2922 3759 te
2961 3713 3108 3760 recte
3150 3703 3465 3773 disponere,
3495 3717 3559 3757 ac

1982 3799 2165 3869 potius
2187 3798 2454 3851 rationem
2504 3796 2658 3866 sequi
2706 3798 2921 3858 ducem,
2953 3810 3175 3866 quama
3220 3811 3455 3850 mmrore
3502 3803 3557 3849 et

1984 3888 2237 3945 molestia
2266 3888 2401 3958 regi.
2433 3885 2545 3942 Hac
2601 3887 2745 3941 enim
2798 3887 2864 3941 de
2900 3902 3064 3941 causa
3122 3887 3343 3941 fratrem
3392 3886 3558 3941 etiam

1982 3981 2348 4035 Athanasium
2387 3980 2661 4044 misimus,
2693 3978 2941 4034 dolorem
2990 3989 3237 4034 nostrum
3295 3988 3557 4034 testantes

1983 4084 2110 4140 erga
2141 4065 2479 4132 defunctum,
2509 4075 2564 4121 et
2605 4064 2855 4121 affectum
2890 4080 3019 4138 erga
3057 4068 3416 4122 reverentiam
3469 4082 3562 4121 ve-

1985 4173 2154 4220 stram
2195 4176 2403 4232 :quem
2470 4170 2725 4231 optamus
2779 4158 2931 4215 brevi
2994 4160 3276 4226 reducem,
3328 4160 3562 4215 bonum-

1983 4270 2089 4328 que
2113 4263 2279 4327 gratae
2300 4253 2579 4325 patientiae
2607 4262 2804 4309 vestrae
2827 4252 3081 4309 nuntium
3114 4254 3383 4324 recipere.

2368 4489 2573 4548 CCVII.
2596 4520 2665 4532 —
2701 4489 2929 4545 Olbiano
2958 4492 3208 4562 patricio.

978 4656 1045 4708 Ut
1068 4656 1121 4705 in
1152 4655 1441 4718 magistratu
1464 4648 1547 4713 pie
1580 4662 1637 4699 ac
1662 4655 1852 4708 sancte,
1876 4652 1932 4699 et
1953 4646 2028 4697 uti
2061 4645 2391 4700 Christianum
2421 4644 2588 4705 decet,
2631 4657 2690 4695 se
2720 4646 2865 4708 gerat

383 4802 657 4875 Γεώργιος
685 4802 713 4854 ὁ
741 4800 993 4873 θεοφιλὴς
1021 4800 1162 4872 ἀνὴρ
1185 4799 1282 4854 καὶ
1332 4796 1612 4870 περίὼξος
1632 4796 1881 4868 νοτάριος

316 4896 687 4972 προσηγορίαν
717 4896 849 4967 ἡμῖν
878 4891 1185 4965 κεκομικὼς
1214 4892 1365 4963 παρὰ
1394 4891 1491 4961 τῆς
1519 4892 1881 4960 πανευφήμου

316 4993 413 5048 καὶ
435 4989 720 5060 διαϐοήτου
754 4986 908 5059 ὑμῶν
937 4986 1242 5058 ὑπεροχῆς,
1287 4983 1535 5055 άπῄτησε
1590 4982 1682 5036 τὸν
1716 4983 1885 5035 ἀντα-

318 5084 573 5155 σπασμδν
630 5082 1020 5153 ἐγγράμματον
1050 5080 1197 5149 ἡμᾶς
1236 5075 1587 5147 ποιήσασθαι,
1619 5074 1695 5139 ὡς
1730 5072 1888 5128 τοῦτο

318 5175 649 5246 κελευούσης
712 5176 812 5246 τῆς
874 5170 1270 5244 μακαριότητος
1332 5168 1507 5235 ὑμῶν.
1575 5166 1765 5236 Ἢμεῖς
1827 5163 1886 5218 δὲ

320 5269 549 5330 ἑαυτοὺς
571 5264 892 5326 πεπεικότες
922 5260 1166 5315 ὑπείκειν
1213 5262 1275 5315 ἐν
1302 5262 1416 5322 τοῖς
1444 5257 1677 5328 φιλικοῖς
1710 5254 1886 5324 καθή-

322 5376 501 5428 κουσι,
566 5359 910 5429 χαράττομεν
951 5352 1114 5424 τήνδε
1159 5351 1258 5423 τὴν
1296 5349 1620 5421 ἐπιστολήν·
1669 5345 1885 5419 πρῶτον

325 5454 428 5527 μὲν
462 5449 960 5523 προσαγορεύοντες
1010 5447 1077 5502 τὰ
1128 5445 1316 5501 εἰκότα
1363 5446 1412 5500 οί
1453 5442 1711 5511 εὐτελεῖς,
1751 5439 1885 5497 αὐτὸ

2058 4791 2325 4866 Georgius
2359 4793 2445 4848 vir
2472 4791 2762 4864 religiosus
2792 4789 3139 4863 insignisque
3163 4792 3413 4849 notarius
3435 4810 3559 4850 cun.

1991 4887 2376 4943 salutationem
2425 4884 2584 4939 nobis
2642 4885 2917 4940 attulisset
2946 4885 3016 4940 ab
3045 4886 3194 4939 omni
3237 4887 3397 4941 laude
3423 4904 3555 4956 pne-

1993 4979 2227 5035 dicanda
2256 4989 2310 5032 et
2361 4975 2716 5031 celeberrima
2775 4977 3095 5032 celsitudine
3126 4988 3337 5045 vestra,
3377 4991 3564 5047 postu-

1993 5070 2127 5125 lavit
2158 5077 2218 5124 ut
2244 5077 2487 5122 mutuam
2508 5065 2894 5122 salutationem
2911 5067 3131 5137 scriptis
3162 5067 3353 5123 litteris
3376 5068 3539 5122 redde

1992 5178 2200 5226 remus,
2253 5172 2510 5231 tanquam
2564 5158 2618 5214 id
2662 5158 2945 5238 beatitudo
3000 5169 3179 5214 vestra
3222 5160 3560 5229 praeciperet.

1992 5250 2104 5307 Nos
2128 5266 2257 5306 vero
2294 5265 2416 5305 cum
2466 5249 2708 5304 animum
2759 5244 3135 5305 ittduxerimus
3200 5251 3256 5304 in
3308 5250 3564 5305 amicitiae

1960 5334 2185 5400 'oliieiis
2224 5342 2638 5413 obtemperare,
2679 5341 2820 5397 hanc
2875 5344 3161 5413 epistolam
3220 5357 3559 5397 exaramus:

1991 5437 2229 5509 primum
2288 5436 2505 5508 quidem
2566 5435 2887 5502 salutantes,
2938 5444 2999 5490 ut
3040 5450 3070 5489 a
3118 5433 3276 5490 nobis
3309 5434 3567 5490 tenuibus

1829 5593 2057 5655 NOTZE.

389 5723 470 5797 (2)
510 5725 562 5781 ln
590 5725 711 5781 eod.
744 5722 875 5795 Reg.
914 5728 996 5777 σι’.
