4102 6374
583 326 721 390 1627

1769 317 1834 380 8-
1863 310 2260 379 THEODORI
2294 309 2646 374 STUDITB

3692 295 3834 360 1628

579 443 697 496 Ilerl
732 451 831 510 par
857 446 964 502 est,
997 444 1165 506 atque
1195 435 1302 491 hoc
1328 433 1508 505 ipsum
1547 433 1914 504 approbantes
1953 444 2020 484 ac
2049 442 2147 484 su-

2256 424 2407 480 τοῦτο
2427 420 2822 494 ἀποδεχόμενοι
2850 418 2947 474 καὶ
2977 415 3552 510 ὑπεραιιιισδεχόμιινοιἱ
3569 413 3654 467 δτι
3703 413 3828 482 γλί-

579 530 1042 603 perapprobantes
1065 569 1081 594 ,
1111 527 1256 599 quod
1283 541 1468 582 vocem
1498 535 1738 582 nostram
1760 523 1950 579 audire
1975 520 2146 592 cupit,

577 625 674 696 qui
701 623 898 680 miselli
925 637 1118 679 sumus
1145 629 1201 677 et
1230 628 1565 691 peccatores.
1611 615 1824 672 Etenim
1857 615 1960 670 hoc
1985 629 2150 685 argu-

582 727 824 774 mentum
855 727 940 773 est
961 716 1182 788 pietatis
1220 730 1326 770 non
1356 711 1602 783 vulgare,
1655 709 1800 782 quod
1829 709 2150 765 celsitudine

579 809 833 866 sublimis
879 811 945 864 ad
995 806 1284 863 humilium
1327 819 1511 860 vocem
1547 802 1864 865 inﬂectitur,
1909 816 1974 856 ac
2014 814 2150 870 prae-

579 902 768 957 ser-tim
811 902 1202 970 boctempore,
1231 897 1450 970 quando
1489 896 1736 967 plerique
1794 893 1959 950 etiam
1992 891 2150 948 valde

579 994 786 1049 amicos
830 992 1078 1047 homines
1149 999 1492 1053 aversantur,
1540 1004 1608 1044 ne
1654 987 1832 1042 dicam
1869 984 2152 1042 obscurio-

581 1103 668 1145 res
713 1103 726 1140 :
779 1087 974 1142 deinde
1039 1083 1615 1147 commonefacientes,
1661 1089 1724 1136 ut
1750 1096 1876 1136 cum
1903 1079 2151 1135 modera-

581 1181 728 1237 tione
761 1179 992 1251 praesitis
1016 1187 1071 1234 et
1104 1177 1352 1235 subditos
1391 1177 1574 1232 divine
1595 1176 1819 1246 rogatis.

647 1271 784 1326 Nam
821 1271 865 1326 si
906 1270 1086 1326 omnis
1135 1268 1476 1340 principatus
1509 1277 1563 1323 et
1591 1278 1831 1338 potestas
1864 1281 1895 1322 a
1921 1265 2034 1322 Deo
2066 1271 2153 1322 est

578 1364 851 1430 ordinata,
887 1363 1029 1419 sicut
1073 1362 1318 1432 loquitur
1380 1360 1672 1432 Apostolus
1693 1359 1764 1424 ⁸⁸,
1801 1358 2151 1429 perspicuum

576 1467 662 1513 est
704 1473 854 1522 eum,
900 1457 992 1526 qui
1035 1455 1401 1527 principatum
1447 1463 1503 1510 et
1548 1462 1870 1524 potestatem
1902 1453 2150 1519 obtinet,

579 1549 672 1605 Dei
713 1563 863 1603 more
921 1548 1180 1620 populum
1251 1548 1354 1602 sibi
1402 1546 1758 1602 commisSnm
1819 1559 2009 1614 regere
2057 1545 2153 1600 de-

577 1642 708 1698 bere
737 1659 756 1698 :
786 1652 900 1697 tum
943 1653 1004 1696 ut
1045 1641 1360 1711 incorrupta
1393 1641 1508 1695 sint
1556 1640 1726 1709 ipsius
1754 1639 1966 1710 judicia
1996 1639 2051 1694 in
2085 1639 2153 1695 iis

578 1754 701 1808 qua:
747 1739 802 1793 in
845 1737 1293 1808 disceptationem
1325 1745 1380 1792 et
1422 1737 1850 1792 controversiam
1883 1735 2150 1790 veniunt:
2182 1777 2226 1834 Β

579 1841 692 1888 tum
750 1843 814 1887 ut
865 1831 1100 1902 benigno
1148 1841 1451 1901 paeatoque
1501 1830 1653 1884 vultu
1719 1841 1910 1886 cernat
1946 1831 2154 1886 adeun-

579 1933 685 1988 tes,
727 1922 1018 1992 facilisque
1046 1923 1228 1979 aditus
1257 1923 1512 1978 ﬁduciam
1539 1922 1632 1978 det
1661 1923 1954 1994 eloquendi
2007 1922 2151 1993 quod

579 2030 720 2085 Opus
775 2024 876 2072 est.
918 2015 1204 2071 Mendicus
1249 2017 1431 2078 enim,
1491 2023 1552 2068 ut
1601 2017 1790 2080 aiunt,
1838 2030 1948 2069 non
1984 2016 2154 2071 susti-

579 2115 672 2160 net
706 2105 904 2162 minas.
941 2107 1148 2162 Dehinc
1205 2105 1274 2160 ad
1321 2105 1554 2160 mendici
1609 2113 1663 2160 et
1706 2105 1905 2175 abjecti
1939 2120 2028 2161 res
2055 2105 2154 2161 de-

579 2197 863 2261 scendere,
889 2207 942 2252 et
965 2197 1234 2267 castigare
1268 2196 1487 2268 quidem
1520 2196 1613 2252 ubi
1655 2211 1880 2253 necesse
1917 2206 2023 2264 est,
2057 2213 2154 2253 ca-

582 2287 784 2359 stigare
823 2297 1004 2343 autem
1038 2304 1146 2342 non
1177 2304 1270 2359 per
1295 2288 1454 2353 iram,
1487 2289 1581 2344 sed
1604 2289 1788 2345 studio
1817 2291 2156 2345 emendatio-

580 2380 688 2441 nis,
719 2383 924 2450 absque
958 2381 1369 2452 perturbatione
1386 2383 1587 2450 animi;
1623 2398 1802 2454 neque
1835 2399 1930 2453 per
1958 2383 2154 2439 verbe-

581 2487 700 2525 rum
733 2471 1095 2542 frequentiam
1122 2474 1303 2544 :quod
1349 2475 1495 2530 enim
1529 2475 1737 2531 immite
1765 2485 1869 2542 cst,
1908 2475 2018 2532 Deo
2042 2491 2154 2532 non

580 2563 757 2634 placet
787 2583 802 2620 :
833 2565 925 2620 sed
953 2565 1221 2634 judicium
1257 2567 1535 2634 adhibeat,
1566 2579 1831 2638 quantum
1881 2572 2017 2627 satis
2048 2579 2153 2638 est,

583 2665 641 2710 ut
669 2656 813 2726 quod
844 2670 997 2714 cura
1027 2658 1376 2728 disciplinain
1435 2671 1521 2716 est
1570 2672 1810 2728 revocet,
1854 2664 2156 2718 correctio-

581 2765 818 2819 nemque
841 2750 1056 2816 elIicIat,
1085 2753 1229 2806 sicut
1268 2753 1380 2808 lilio
1406 2763 1580 2824 pater,
1620 2763 1678 2810 et
1727 2755 1871 2812 sicut
1909 2757 2156 2814 medicus
2203 2812 2219 2835 ,

579 2852 804 2909 aegroto.
838 2840 917 2895 Ac
949 2843 1141 2898 beatus
1180 2842 1270 2898 ille
1307 2845 1399 2915 qui
1431 2844 1500 2900 ad
1529 2846 1678 2902 hunc
1712 2848 1934 2903 modum
1965 2849 2045 2904 vel
2080 2849 2161 2904 ci-

583 2935 674 2988 vili
709 2946 903 3001 praeest
929 2936 1164 3008 imperio
1195 2938 1276 2992 vel
1311 2937 1560 2994 militari.
1585 2939 1724 2993 Nam
1747 2949 1802 2994 et
1823 2940 2035 3012 Moyses
2065 2939 2160 2996 Dei

583 3025 823 3082 famulus
867 3029 1127 3098 populum
1169 3045 1384 3101 regens,
1418 3027 1652 3086 etJesus
1701 3029 1844 3086 filius
1872 3028 2022 3086 Nave
2063 3045 2161 3086 co-

582 3119 704 3189 pias
725 3119 951 3186 ducens,
989 3120 1257 3192 multique
1286 3136 1394 3178 non
1429 3124 1606 3178 solum
1664 3138 1878 3191 regum,
1933 3123 2028 3178 sed
2070 3123 2161 3194 ju-

2247 531 2402 589 χεται
2431 515 2533 587 τῆς
2573 513 2757 584 φωνῆς
2780 511 2938 584 ἡμῶν
2979 508 3212 564 ἀκοῦσαι
3263 505 3498 578 οίκτρῶν
3526 504 3696 559 ὄντων
3733 505 3831 557 καὶ

2247 607 2607 683 ἁμαρτωλῶν.
2636 609 2744 662 Καὶ
2767 605 2874 679 γὰρ
2915 603 3200 668 εὐσεϐείας
3225 602 3427 673 δεῖγμα
3475 599 3634 654 τοῦτο
3675 599 3736 652 οὐ
3765 597 3833 650 τὸ

2247 699 2426 771 τυχὸν,
2449 700 2533 754 ὅτι
2577 698 2607 752 6
2635 695 2838 767 ὑψηλὸς
2868 697 2936 766 τῇ
2983 694 3230 765 ὑπεροχῇ
3279 692 3421 763 πρὸς
3451 691 3553 762 τὴν
3585 689 3696 742 τῶν
3721 705 3830 741 τα-

2249 790 2450 846 πεινῶν
2471 789 2654 862 φωνὴν
2677 786 3109 858 ἐπικάμπτεται,
3128 785 3222 839 καὶ
3252 783 3490 856 μάλιστα
3507 785 3566 835 ἐν
3584 779 3664 852 τῷ
3684 798 3831 852 παρ-

2247 884 2360 938 όντι
2388 883 2588 955 καιρῷ,
2620 881 2785 936 ὁπότε
2811 878 3196 949 άποτροπάδην
3263 877 3313 930 oi
3336 873 3546 937 πολλοὶ,
3575 873 3671 926 καὶ
3699 876 3830 935 τοὺς

2247 975 2389 1045 άγαν
2421 974 2608 1046 φίλους
2663 973 2872 1044 ἔχουσι,
2921 969 2998 1042 μὴ
3048 970 3198 1039 ὅτιγε
3241 966 3341 1021 καὶ
3373 967 3500 1030 τοὺς
3529 965 3834 1034 ἀφανεστέο

2250 1085 2414 1142 ρους·
2446 1065 2643 1121 ἔπειτα
2667 1063 3184 1135 ὑπομιμνήσκοντες
3214 1059 3334 1131 μεθ’
3379 1057 3684 1128 ὑποστολῆς
3729 1056 3832 1128 ἆρο

2248 1175 2386 1230 χειν,
2421 1157 2518 1210 καὶ
2549 1155 2757 1210 διέπειν
2775 1153 2838 1207 τὸ
2852 1153 3089 1222 ὑπήκοον
3107 1146 3449 1219 θεοπρεπῶς.

2320 1249 2383 1302 Εί
2407 1248 2516 1320 γὰρ
2543 1248 2695 1302 πᾶσα
2725 1243 2872 1316 ἀρχὴ
2903 1242 3001 1298 καὶ
3026 1240 3249 1308 ἐξουσία
3273 1239 3382 1294 άπὸ
3406 1238 3544 1292 Θεοῦ
3586 1239 3705 1291 ἐστι
3737 1253 3833 1290 τε-

2249 1340 2522 1412 ταγμένη,
2551 1336 2926 1400 ἀποστολικῶς
2958 1337 3154 1396 εἰπεῖν,
3189 1331 3432 1404 δηλονότι
3458 1332 3489 1385 6
3519 1331 3708 1403 ἄρχων
3735 1329 3832 1382 καὶ

2247 1432 2280 1487 6
2323 1432 2653 1500 ἐξουσιάζων
2697 1427 2958 1494 θεοτελῶς
2993 1425 3202 1499 ὀφείλει
3256 1425 3527 1496 διεξάγειν
3577 1425 3671 1479 τὸν
3723 1424 3833 1476 ὑπὸ

2250 1526 2409 1597 χεῖρα
2433 1523 2590 1578 λαόν·
2611 1521 2770 1578 τοῦτο
2797 1523 2897 1593 μὲν
2928 1522 2988 1576 ἐν
3019 1520 3340 1584 ἀδεκάστοις
3371 1517 3602 1589 κρίμασι
3632 1516 3745 1570 τῶν
3767 1519 3828 1568 ἐν

2250 1623 2372 1683 ταῖς
2399 1616 2758 1681 διαδικασίαις
2811 1613 3344 1686 ἀμφισϐητουμένων
3367 1629 3382 1643 ο
3415 1609 3576 1665 τοῦτο
3619 1611 3682 1664 δέ
3733 1611 3830 1664 καὶ

2252 1711 2534 1782 ἐνευμενεϊ
2565 1709 2662 1764 καὶ
2690 1707 2952 1780 είρηνικῷ
2981 1705 3260 1779 προσώπῳ
3315 1703 3649 1758 όπτάνεσθαι
3702 1704 3830 1766 τοὺς

2254 1801 2599 1872 προσιόντας,
2632 1799 2730 1854 καὶ
2757 1799 2956 1854 διδόναι
2983 1801 3048 1871 τῇ
3073 1795 3380 1869 εὐπροσίτῳ
3397 1795 3674 1868 παραδοχῇ
3697 1794 3832 1864 θάρο

2257 1910 2348 1958 σος
2368 1891 2702 1964 φθέγγεσθαι
2721 1891 2781 1947 τὸ
2805 1891 3232 1964 παριστάμενον.
3251 1887 3470 1959 Ιιτωχδς
3485 1887 3616 1958 γὰρ,
3640 1888 3830 1956 φησὶν,

2253 1986 2352 2057 οὐχ
2397 1985 2688 2054 ὑφίσταται
2740 1985 2993 2055 ἀπειλήν.
3027 1976 3163 2036 Εἶτα
3208 1981 3302 2036 καὶ
3363 1982 3492 2052 περὶ
3525 1979 3588 2034 τδ
3613 1980 3834 2048 πτωχὸν

2259 2075 2424 2150 μέρος
2449 2075 2546 2130 καί⁹
2572 2073 3041 2145 τεταπεινωμένον
3084 2072 3551 2142 ἐπικάμπτεσθαι,
3583 2071 3680 2124 καὶ
3705 2087 3834 2123 παι.

2254 2170 2436 2226 δεύειν
2470 2169 2573 2242 μὲν
2617 2171 2854 2241 ὁπηνίκα
2904 2170 2938 2239 ἡ
2968 2167 3128 2239 χρεία
3181 2165 3515 2234 ἀναγκάζει·
3554 2162 3834 2218 παιδεύειν

2254 2260 2313 2317 δὲ
2343 2263 2419 2335 μὴ
2441 2263 2500 2317 ἐν
2523 2261 2702 2333 θυμῷ,
2735 2259 2870 2314 ἀλλὰ
2901 2259 3096 2329 σκοπῷ
3137 2255 3478 2328 διορθώσεως
3507 2256 3835 2325 ἀταράχως·

2260 2353 2398 2426 μηδὲ
2447 2355 2506 2407 ἐν
2557 2351 2778 2416 πολλαῖς
2838 2350 3090 2423 μάστιξι·
3146 2349 3207 2403 τὸ
3236 2350 3346 2419 γὰρ
3391 2347 3600 2420 ἀπηνὲς
3641 2346 3838 2415 ἄφιλον

2257 2446 2377 2518 Θεῷ
2397 2462 2413 2478 ο
2452 2445 2570 2499 ἀλλ’
2624 2443 3061 2516 ἐγκεκριμένως,
3096 2443 3192 2496 καὶ
3234 2443 3359 2497 ὅσον
3398 2441 3463 2496 τὸ
3509 2441 3840 2496 ἀπαίδευτον

2257 2537 2590 2600 ἀναστεῖλαι,
2615 2538 2707 2592 καὶ
2727 2535 2788 2590 τὸ
2805 2534 3153 2608 διορθωτικδν
3211 2535 3686 2606 περιποιήσασθαι
3711 2550 3726 2566 ·
3752 2527 3840 2586 οἶα

2259 2629 2441 2703 πατὴρ
2468 2629 2653 2692 παιδὶ,
2691 2628 2788 2683 καὶ
2825 2627 2901 2691 ὡς
2933 2626 3116 2698 ίατρδς
3161 2624 3241 2697 τῷ
3273 2626 3558 2694 κάμνοντι.
3595 2626 3710 2679 Καὶ
3740 2642 3841 2694 μα-

2260 2722 2453 2792 κάριος
2476 2724 2504 2776 6
2533 2720 2709 2784 οὕτως
2736 2719 3082 2791 δημαγωγῶν
3109 2719 3203 2772 καὶ
3235 2717 3580 2789 στρατηγῶν.
3616 2715 3840 2786 Ἐπειδή

2261 2815 2357 2870 καὶ
2380 2815 2588 2886 Μωσῆς
2613 2815 2643 2867 6
2665 2811 2923 2883 θεράπων
2943 2810 3038 2864 τοῦ
3061 2809 3198 2864 Θεοῦ
3221 2808 3468 2880 ἀρχικὸς,
3498 2807 3594 2861 ml.
3629 2807 3842 2878 Ἰησοῦς

2259 2907 2290 2960 6
2317 2905 2411 2960 τοῦ
2438 2904 2597 2975 Ναυῆ
2631 2901 2955 2976 στρατηγὸς,
2989 2901 3084 2955 καὶ
3107 2899 3338 2962 πολλοὺς
3364 2898 3482 2952 ἔστι
3505 2898 3702 2965 φάναι,
3728 2898 3844 2951 ὅσοι

2259 2998 2322 3053 οὒ
2356 2997 2516 3068 μόνον
2545 2997 2603 3050 ὲν
2671 2993 3004 3066 βασιλεῦσιν,
3044 2991 3184 3047 ἀλλὰ.
3235 2992 3330 3046 καὶ
3368 2992 3588 3062 κριταῖς
3616 2990 3719 3044 καὶ
3742 2989 3842 3061 άρ-

2185 3125 2234 3189 c
2261 3106 2435 3161 χουσι,
2475 3089 2571 3142 καὶ
2614 3088 2723 3161 πρὸ
2781 3085 2972 3156 νόμου,
2999 3083 3098 3138 καὶ
3136 3083 3196 3137 ἐν
3230 3081 3402 3183 νόμῳ,
3441 3080 3534 3187 καὶ
3571 3081 3714 3186 μετὰ
3745 3080 3843 3152 τὴν

581 3171 763 3270 dicum
811 3220 866 3269 et
913 3171 1243 3285 principum,
1287 3215 1380 3284 qui
1425 3215 1508 3270 vel
1538 3225 1663 3271 ante
1705 3171 1897 3286 ldem,
1928 3216 2015 3272 vel
2055 3171 2160 3273 sub

2267 3181 2428 3253 χάριν
2459 3178 2817 3251 ἁρχαῒζοντες
2843 3177 2938 3230 καὶ
2960 3171 3434 3246 πρωταρχοῦντες,
3465 3172 3843 3242 εὐηρέστησαν

584 3306 724 3376 lege,
759 3307 842 3360 vel
865 3315 987 3375 post
1030 3307 1261 3376 gratiam
1297 3306 1666 3378 imperarunt,
1708 3309 2029 3379 primasque
2072 3320 2159 3366 te-

583 3406 842 3457 nuerunt.
897 3398 1125 3454 Domino
1170 3400 1448 3470 placuere,
1495 3402 1640 3472 quod
1669 3417 1792 3458 cum
1829 3403 2026 3473 pietate
2054 3404 2156 3460 ad-

585 3491 984 3547 ministrarent.
1013 3490 1128 3546 Hoc
1161 3493 1328 3564 igitur
1347 3495 1600 3566 exemplo
1629 3501 1701 3557 te,
1721 3496 2157 3555 laudatissimum

584 3593 642 3640 et
679 3585 1208 3642 desideratissimum
1258 3587 1541 3643 dominum
1588 3598 1862 3658 nostrum,
1928 3607 2162 3663 praeesse

586 3678 880 3749 cupimus,
945 3687 999 3734 et
1049 3693 1308 3746 oramus,
1363 3691 1530 3752 atque
1569 3681 1714 3739 inter
1778 3683 1881 3741 hos
1937 3696 2160 3743 sanctos

586 3781 642 3828 et
694 3772 1059 3829 admiratione
1103 3773 1297 3844 dignos
1334 3775 1482 3832 viros
1536 3778 1833 3836 reeenseri.
1873 3777 1984 3835 Nec
2031 3794 2161 3836 vero

589 3864 1022 3922 admonitionem
1053 3877 1298 3923 nostram
1326 3867 1407 3924 sic
1443 3870 1683 3940 accipias
1717 3872 1874 3942 quasi
1911 3873 1981 3929 ab
2009 3889 2164 3930 arro-

588 3958 776 4028 gantia
809 3957 1132 4028 profectam,
1169 3960 1264 4015 sed
1285 3961 1470 4030 potius
1493 3969 1753 4034 tanquam
1792 3980 1824 4020 a
1850 3966 2160 4039 charitate;

589 4053 846 4124 quoniam
866 4069 1116 4110 amamus
1135 4061 1206 4119 te,
1229 4055 1323 4125 qui
1343 4055 1514 4111 Deum
1527 4072 1704 4122 amas,
1725 4068 1781 4114 et
1797 4058 2051 4118 amicitia:
2074 4076 2163 4116 ar-

591 4153 910 4216 gumentum
953 4156 1062 4214 est,
1099 4145 1250 4202 utilia
1277 4147 1327 4204 ei
1369 4149 1464 4220 qui
1510 4159 1749 4216 amatur,
1783 4151 1931 4222 loqui
1964 4167 1978 4205 :
2013 4153 2163 4222 quod

589 4239 953 4295 ostenderunt
974 4240 1211 4297 humiles
1243 4241 1436 4298 litterae
1473 4251 1696 4300 nostrae.
1726 4242 1954 4300 Tribuat
1983 4255 2162 4302 autem

592 4329 752 4386 nobis
773 4331 952 4386 bonus
983 4332 1127 4388 Deus
1165 4341 1376 4398 noster,
1406 4343 1466 4390 ut
1493 4351 1680 4392 coram
1714 4336 1768 4391 in
1824 4337 2163 4408 colloquium

593 4423 812 4477 tandem
875 4423 1170 4494 aliquando
1218 4427 1524 4493 veniamus,
1559 4435 1615 4482 et
1671 4427 1830 4484 bonis
1865 4444 1988 4500 quae
2017 4430 2074 4486 in
2113 4441 2166 4486 te

593 4525 722 4572 sunt
755 4514 1102 4587 perfruamur
1135 4535 1150 4572 :
1187 4527 1246 4572 ut
1288 4533 1410 4586 quae
1459 4519 1602 4576 fama
1634 4531 1687 4577 et
1715 4521 1904 4577 audito
1935 4539 2042 4579 non
2073 4540 2170 4580 ex-

597 4610 747 4665 hibet
785 4626 972 4667 coram
1027 4612 1140 4667 haec
1195 4613 1412 4668 oculata
1459 4614 1701 4686 cognitio
1755 4615 2169 4685 demonstrans,

595 4704 902 4774 paratiores
965 4719 1067 4762 nos
1106 4706 1297 4762 reddat
1342 4709 1768 4779 capacioresque
1806 4709 1875 4764 ad
1933 4711 2170 4766 amicam

595 4793 1043 4864 coniunctionem
1073 4814 1088 4852 :
1119 4796 1341 4867 quando
1380 4798 1602 4868 quidem
1640 4815 1670 4854 a
1693 4799 1840 4855 bono
1878 4801 2170 4858 tabellario

595 4885 910 4954 didicimus,
937 4891 1192 4960 pietatem
1214 4901 1361 4947 tuam
1397 4907 1507 4947 non
1541 4894 1730 4964 paucis
1774 4897 2007 4967 egregiis
2039 4895 2176 4953 laci-

598 4981 828 5038 noribus
857 4983 1196 5055 insignitum,
1226 5001 1392 5058 quam
1428 4988 1636 5043 utinam
1668 4987 1933 5045 Dominus
1963 5000 2022 5045 ut
2072 5006 2173 5062 pu-

598 5073 786 5144 pillam
816 5077 982 5142 oculi,
1016 5078 1211 5134 noxias
1236 5094 1427 5137 omnes
1449 5080 1681 5152 injurias
1705 5090 2056 5152 superantem
2081 5098 2174 5138 cu-

599 5168 820 5238 stodiat,
837 5179 1129 5242 servetque
1145 5173 1212 5228 ad
1228 5173 1402 5245 ipsius
1424 5191 1653 5247 regnum
1674 5178 1818 5246 quod
1834 5175 1889 5232 in
1902 5178 2056 5234 ctelis
2067 5187 2175 5239 est.

969 5267 1192 5325 CCVIII.
1209 5301 1282 5314 --
1311 5271 1541 5326 Antonio
1563 5271 1824 5342 episcopo.

2264 3273 2344 3345 τῷ
2370 3271 2559 3344 Κυρίῳ
2583 3273 2681 3326 σὺν
2736 3267 2992 3340 εὐσεϐείᾳ
3043 3267 3527 3338 ἀναστρεφόμενοι.
3559 3265 3754 3339 Ταύτῃ
3779 3265 3841 3336 δὴ

2266 3359 2360 3416 οὖν
2402 3359 2496 3414 καὶ
2532 3358 2592 3412 σὲ
2627 3358 2720 3412 τὸν
2761 3356 3122 3429 πανεύφημον
3172 3357 3266 3410 καὶ
3316 3354 3651 3425 ἐπιπόθητον
3685 3354 3844 3424 ἡμῶν

2266 3451 2547 3523 Δεσπότην
2577 3450 2841 3522 φιλοῦμεν
2864 3451 2959 3505 καὶ
3003 3447 3264 3520 αἰτοῦμεν
3295 3447 3534 3501 διέπειν*
3574 3449 3670 3500 καὶ
3717 3445 3842 3499 τού-

2265 3559 2378 3606 τοις
2404 3541 2468 3612 δὴ
2496 3543 2608 3604 τοῖς
2635 3539 3000 3610 σεσωσμένοις
3021 3539 3116 3592 καὶ
3142 3535 3498 3606 ἁξιαγάστοις
3526 3532 3844 3604 ἐναρίθμιον

2264 3634 2538 3704 γενέσθαι.
2570 3633 2680 3688 Καὶ
2711 3633 2787 3704 μή
2839 3649 2922 3685 τοι
2947 3630 3074 3702 δέξῃ
3101 3630 3202 3702 τὴν
3241 3628 3550 3699 ὑπόμνησιν
3566 3624 3730 3697 ἡμῶν
3768 3625 3844 3687 ὡς

2264 3724 2654 3796 αὐθαδιασμδν,
2701 3723 2820 3779 ἀλλ’
2864 3721 2940 3787 ὡς
2970 3719 3317 3792 ἀγαπητικὸν
3349 3720 3582 3791 τρόπον·
3655 3716 3843 3786 ἐπειδή

2267 3818 2530 3892 φιλοῦμέν
2555 3835 2615 3872 σε
2655 3814 2910 3887 φιλοῦντα
2941 3813 3036 3868 τὸν
3085 3812 3241 3879 Θεὸν,
3273 3811 3366 3866 καὶ
3409 3809 3566 3881 φίλου
3615 3809 3842 3877 δεῖγμα,

2265 3913 2336 3967 τά
2365 3909 2624 3981 ἐπωφελῆ
2647 3906 2981 3980 φθέγγεσθαι
2998 3904 3077 3977 τῷ
3097 3903 3406 3975 φιλουμένῳ
3421 3918 3434 3933 ο
3475 3901 3617 3970 ὅπερ
3641 3901 3842 3969 δεδειχε

2265 4005 2327 4060 τὸ
2349 4003 2564 4067 εὐτελὲς
2588 4000 2745 4075 ἡμῶν
2773 4002 3030 4073 γράμμα.
3087 3996 3362 4063 ’Δξιώσειε
3391 3995 3450 4050 δὲ
3479 3996 3632 4065 ἡμᾶς
3652 3994 3682 4046 6
3711 3995 3848 4061 άγα-

2271 4098 2364 4163 θδς
2397 4097 2530 4162 Θεδς
2549 4095 2712 4168 ἡμῶν
2746 4095 2842 4148 καὶ
2870 4095 2952 4157 είς
2987 4093 3088 4164 τὴν
3129 4091 3251 4146 κατ’
3280 4087 3598 4159 ὀφθαλμοὺς
3621 4085 3844 4157 ὁμιλίαν

2267 4191 2368 4262 ὀψέ
2400 4207 2532 4244 ποτε
2556 4187 2753 4255 ἐλθεῖν,
2785 4187 2878 4240 καὶ
2907 4182 3213 4240 ἀπολαῦσαι
3257 4181 3366 4235 τῶν
3401 4183 3457 4234 ἐν
3507 4179 3596 4232 σοὶ
3624 4177 3806 4231 καλῶν
3829 4191 3846 4208 ·

2271 4281 2360 4336 ἵνα
2409 4281 2512 4336 ὅσα
2545 4281 2573 4335 ό
2603 4279 2760 4349 λόγος
2807 4276 2909 4348 τῆς
2951 4274 3124 4346 ἀκοῆς
3159 4274 3221 4326 οὐ
3257 4271 3582 4341 παρίστησι,
3612 4266 3789 4320 ταῦτα
3812 4267 3845 4335 ἠ

2271 4375 2570 4445 αὐτοπτικὴ
2626 4373 2839 4445 ἱστορία
2887 4369 3216 4436 ὁποδείξασα
3249 4365 3676 4437 ἐνεργεστέρους
3705 4362 3852 4433 ἡμᾶς

2199 4476 2248 4538 υ
2271 4466 2634 4537 καταστήσειε
2677 4463 2779 4535 τῆς
2809 4460 3032 4534 φιλικῆς
3091 4456 3446 4528 ἀνακράσεως
3470 4470 3486 4486 ο
3545 4452 3848 4522 ἐπειδήπερ

2275 4555 2695 4626 ἐξεδιδάχθημεν
2744 4555 2896 4626 παρὰ
2933 4549 3026 4606 τοῦ
3053 4547 3293 4621 χρηστοῦ
3345 4543 3850 4628 γραμματηφόρου,

2275 4650 2378 4704 οὐκ
2434 4649 2636 4718 ὀλίγων
2683 4644 3131 4720 κατορθωμάτων
3182 4635 3696 4711 κεχαρακτηρίσθαι
3756 4634 3854 4702 τὴν

2278 4741 2564 4797 εὐσέϐειαν
2595 4741 2782 4812 ὑμῶν’
2833 4739 2902 4810 ἢν
2957 4738 3052 4792 καὶ
3087 4732 3405 4802 διασώσειεν
3440 4731 3469 4784 6
3511 4727 3723 4799 Κύριος
3783 4727 3857 4789 ὡς

2278 4833 2447 4905 κόρην
2497 4829 2800 4902 ὀφθαλμοῦ,
2854 4827 3232 4902 ὑπερθέουσαν
3300 4827 3484 4897 πάσης
3549 4822 3858 4895 βλαπτικῆς

2278 4923 2568 4995 ἐπηρείας,
2601 4921 2699 4977 καὶ
2735 4919 2961 4976 σώσειεν
3007 4921 3090 4985 είς
3111 4917 3213 4992 τὴν
3245 4915 3529 4990 βασιλείαν
3564 4912 3737 4969 αὐτοῦ
3761 4911 3858 4982 τὴν

2276 5017 2616 5090 ἐπουράνιον.

2471 5266 2576 5326 ΣΗ¹
2600 5267 2701 5340 (3).
2721 5261 3100 5326 -Ἇντωνίφ
3120 5257 3454 5323 ἄπισκόπφ.
3477 5251 3656 5328 [ωκέ

600 5384 834 5450 Studium
873 5385 988 5450 ejus
1025 5397 1144 5450 erga
1171 5381 1358 5438 Christi
1389 5385 1702 5436 confessor-es
1736 5385 2006 5450 pradicet:
2031 5392 2138 5439 tum
2176 5383 2510 5448 metrOpolitae
2553 5377 2882 5443 Synadorum,
2913 5379 2970 5426 et
3002 5371 3329 5439 quorumdam
3378 5367 3592 5420 aliorum
3645 5369 3852 5415 mortem

2103 5450 2320 5500 nuntiat.

671 5532 894 5590 Decenti
939 5533 1360 5604 compellatione
1385 5547 1534 5591 nunc
1559 5548 1659 5592 usa
1690 5543 1775 5594 est
1793 5543 2017 5608 paterna
2048 5549 2178 5593 san-

674 5647 722 5682 ⁸²
752 5647 967 5704 Coloss.
1000 5661 1044 5715 ι,
1073 5645 1162 5702 ιδ.

2358 5529 2678 5602 Πρέπουσαν
2693 5521 3084 5601 προσφώνησιν
3111 5522 3147 5594 ὴ
3169 5477 3412 5593 πατρική
3449 5531 3545 5571 σου
3575 5510 3845 5584 bris-inim

2119 5715 2349 5776 ΝΟΤΔΕ.

621 5787 626 5790 Ι
674 5817 753 5888 (3)
782 5816 840 5875 In
869 5815 995 5876 cod,
1035 5813 1170 5890 Reg.
1201 5821 1327 5874 σιω.
