4102 6374
312 339 450 411 1629

1491 350 2025 412 EPISTOLARUM
2065 349 2212 412 LIB.
2276 351 2360 418 ΙΙ.

3406 297 3646 418 1630.

304 453 602 525 πεποίηται
630 455 700 513 τά
728 455 843 525 νῦν,
873 459 975 514 οὐκ
1002 459 1089 530 ἐφ’
1117 460 1249 533 ημῖν
1272 463 1387 527 τοῖς
1412 466 1709 529 ταπεινοῖς,
1734 466 1868 521 άπα-

1974 464 2134 521 etitas
2163 477 2253 522 tua
2309 480 2421 522 non
2476 472 2699 535 propter
2736 476 2838 519 nos
2868 459 3127 530 humiles,
3167 460 3341 529 absit;
3382 466 3543 520 novi-

299 563 363 615 γε
382 563 397 579 ⁸
439 547 699 621 σύνισμεν
720 551 829 623 γὰρ
858 552 1085 617 ἑαυτοὺς
1111 550 1214 607 οἷοί
1237 556 1404 624 ἐσμεν
1440 556 1516 620 ὡς
1549 557 1874 621 ἀποδέοντες

298 634 394 687 καὶ
418 633 529 688 τῶν
558 637 618 690 ἐν
650 638 726 708 τῷ
755 640 968 711 ἐσχάτῳ
996 640 1186 713 βαθμῷ
1223 644 1530 717 ἀπονενεμη
1540 648 1715 717 μένων
1731 648 1874 702 κατὰ

296 729 391 784 τὸν
418 729 519 800 τῆς
551 732 755 803 ἀρετῆς
780 733 967 805 λόγον·
1000 737 1136 792 ἀλλὰ
1161 742 1273 803 τοῖς
1304 742 1439 795 πᾶσι
1469 740 1635 807 θείοις
1659 760 1716 797 τε
1756 745 1873 796 Πα-

297 820 458 891 τράσι
490 823 581 876 καὶ
635 823 993 897 ὁμολογηταῖς
1024 827 1215 903 ὥσπερ
1271 848 1355 897 τις
1383 834 1614 904 ἄγγελος
1667 836 1871 905 ἀγαθὸς

297 913 650 983 ἀναγγέλλων
681 917 749 971 τά
783 924 1286 990 προσαγορευτικὰ,
1341 926 1438 980 καὶ
1476 926 1710 982 συνδέων
1742 928 1870 992 τοὺς

297 1005 543 1069 άπαντας
590 1008 739 1079 ἡμᾶς
768 1008 846 1082 τῷ
875 1012 1205 1087 ἀγαπητικῷ
1257 1016 1446 1090 τρόπῳ
1473 1036 1538 1089 γε
1594 1017 1657 1091 [ll
1693 1020 1869 1091 Καίγε

294 1099 496 1175 τοῦτα]
521 1100 691 1155 Τοῦτο
748 1102 956 1159 δίκαιον
1000 1109 1095 1161 καὶ
1139 1110 1437 1179 προσῆκον,
1495 1112 1621 1176 τοὺς
1675 1111 1871 1178 ἄλλους

294 1192 504 1264 ἀλλαχῆ
559 1193 990 1267 διεσπαρμένους
1022 1200 1110 1254 διὰ
1153 1202 1246 1256 τὸν
1294 1202 1451 1273 λόγον
1480 1203 1576 1257 τοῦ
1610 1188 1869 1260 Θεοῦκαὶ

293 1283 391 1355 τὴν
408 1287 715 1356 μαρτυρίαν
771 1290 864 1344 τοῦ
922 1295 1247 1363 μονογενοῦς
1287 1297 1451 1352 αὑτοῦ
1494 1298 1624 1354 Υἱοῦ
1656 1284 1867 1373 Κυρίου

293 1373 452 1446 ἡμῶν
496 1375 668 1448 Ἰησοῦ
738 1380 999 1465 Χριστοῦ,
1062 1386 1401 1456 φθέγγεσθαι
1456 1390 1707 1463 ἀλλήλοις
1756 1396 1869 1459 τοῖς

294 1466 584 1538 γράμμασι
609 1471 702 1523 καὶ
738 1472 1105 1530 συνάπτεσθαι
1153 1481 1536 1549 πνευματικῶς
1571 1486 1684 1545 τοῖς
1736 1484 1869 1538 ὑπο-

297 1558 574 1627 μνήμασι·
607 1561 702 1620 καὶ
770 1563 1035 1635 μηδαμῶς
1085 1570 1150 1640 τῇ
1186 1570 1402 1642 ἀφωνία
1437 1572 1514 1636 ὡς
1562 1573 1868 1642 τεθνεῶτας

190 1678 245 1720 ί
292 1648 623 1719 λελογίσθαι.
650 1653 820 1708 Τοῦτο
857 1657 964 1729 γὰρ
993 1656 1149 1731 ῐσμεν
1174 1664 1284 1738 καὶ.Δ
1317 1665 1409 1719 τὸν
1434 1668 1706 1738 μακάριον
1732 1671 1867 1725 ἀπό-

190 1770 231 1815 εν
291 1743 478 1837 στολον
508 1744 719 1799 Παῦλον
751 1748 848 1803 σὺν
876 1752 987 1813 τοῖς
1020 1736 1317 1837 δμοταγῄἇι
1376 1736 1680 1825 θεοστόλοις
1702 1760 1863 1835 ἀλλή-

291 1832 417 1898 λους
448 1838 723 1925 μακρόθεν
756 1841 1100 1910 φωνοῦντας,
1140 1826 1237 1900 καί
1293 1848 1373 1912 είς
1406 1849 1598 1905 ταυτὸν
1632 1826 1862 1925 ὲρχομέ-
1893 1826 1938 1885 Β

290 1921 866 2015 νουςιτῷᾹσυναπτικῷ
892 1928 1052 2000 λόγῳ,
1085 1933 1179 1987 καὶ
1207 1934 1267 1988 τὸ
1300 1937 1621 2008 εὐαγγέλιον
1767 1921 1866 2015 τβαο

293 2008 404 2105 σιλε
415 2007 499 2105 ίας
516 2010 656 2105 ,Θεοῦ
687 2017 1156 2084 καταγγέλλοντας
1183 2026 1346 2078 παντὶ
1374 2007 1665 2102 τῷκὸσμῳ
1688 2007 1713 2063 ’-
1742 2007 1800 2087 ἐν
1823 2028 1867 2105 ᾧ

291 2100 387 2194 καὶ
412 2101 557 2170 ἡμᾶς
572 2104 631 2157 τὺ
658 2106 880 2178 Πνεῦμα
896 2110 957 2164 τὸ
982 2111 1156 2180 ἅγιον,
1183 2117 1232 2169 εί
1255 2119 1350 2171 καὶ
1372 2100 1647 2191 τολμηρὸν
1668 2100 1864 2194 εἰπεῖν,

293 2187 517 2283 θέμενον
548 2199 867 2269 παρεγγυᾷ·
906 2199 1090 2255 Λάλει
1125 2204 1255 2274 γὰρ,
1282 2208 1440 2278 φησὶ,
1606 2213 1693 2283 μὴ
1730 2187 1868 2270 σιωζ

290 2280 523 2349 στήσῃς,
555 2284 644 2337 ὅτι
667 2289 817 2355 λαός
842 2307 946 2358 μοι
991 2296 1186 2362 πολύς
1210 2299 1385 2354 ἐστιν
1410 2280 1690 2360 ἐνταῦθα,
1756 2309 1868 2362 Καὶ

292 2371 528 2467 ἀλλαχοῦ
552 2391 567 2405 ο
586 2374 729 2467 ,Ἐάν
754 2381 1211 2453 ὑποστείληται,
1240 2390 1351 2443 οὐκ
1372 2392 1611 2448 εὐδοκεῖ
1628 2397 1668 2465 ἡ
1694 2398 1864 2467 ψυχή

286 2479 406 2557 μοι)
428 2464 498 2517 ἐν
525 2465 707 2532 αὐτῷ.
738 2468 902 2523 Ὥστε
920 2472 1166 2557 *φοϐερὸν
1194 2480 1369 2557 κρῖμα
1391 2484 1490 2554 τῆς
1519 2464 1749 2557 σιωπῆς,

290 2554 465 2609 ταῦτα
485 2558 542 2611 ἐν
574 2560 701 2630 τῇδε
734 2564 800 2632 τῇ
838 2554 1163 2637 ἐθελοκάκῴ
1192 2554 1868 2653 κωφεύσειῇνήῖίρετι-

291 2643 513 2744 ιῖόντωνζ
561 2650 740 2744 Ὅπερ
800 2654 831 2723 ἡ
889 2655 1167 2731 ἀγιωσύνη
1226 2679 1320 2717 σου
1383 2667 1529 2722 καθά
1583 2643 1865 2744 γέγραφεν

291 2740 587 2833 ἐνεργοῦσα
637 2742 956 2820 θεοπρεπῶς
1005 2750 1607 2829 πολλοὺςτπειρασμοὺς
1635 2740 1867 2833 ὑφίστα-

292 2830 417 2884 σθαι
442 2833 575 2903 φαίη
610 2836 760 2907 παρὰ
784 2838 893 2891 τῶν
917 2841 1019 2894 οὐκ
1060 2843 1352 2901 ἐθελόντων
1390 2849 1548 2920 λόγον
1581 2830 1728 2910 ὅσιον
1782 2859 1868 2911 ἐν·

290 2923 558 3017 ηχείσθαι·
599 2925 718 2980 ἀλλ’
765 2931 1093 3001 ἠρνημένων
1129 2936 1227 3009 τὴν
1254 2940 1588 3013 θεόγραπτον
1628 2947 1866 3017 Χριστοῦ

290 3016 491 3080 εἰκόνα,
529 3019 628 3089 τῆς
654 3020 941 3093 Θεοτόκου,
968 3028 1060 3082 καὶ
1101 3030 1407 3087 οὑτινοσοῦν
1454 3035 1561 3090 τῶν
1599 3016 1867 3109 θεραπόν-

1974 573 2096 613 mus
2124 558 2269 613 enim
2307 559 2408 630 ipsi
2436 558 2638 628 quales-
2664 556 2858 619 simus,
2878 565 3079 626 utpote
3134 557 3447 615 miseriores
3472 559 3542 614 iis

1972 652 2064 721 qui
2100 659 2436 722 postremum
2473 650 2691 705 virtutis
2742 648 2971 721 gradum
3009 650 3191 706 sortiti
3244 662 3413 719 sunt;
3446 653 3540 706 sed

1971 752 2196 812 propter
2224 756 2414 796 omnes
2440 740 2659 797 divinos
2691 751 2872 811 patres
2912 750 2966 796 et
3002 742 3367 807 confessores,
3398 743 3545 797 velut

1971 832 2149 889 bonus
2187 832 2406 904 quidam
2458 834 2687 889 nuntius
2740 834 2980 904 alloquia
3034 834 3285 893 deferens
3338 852 3544 905 nosque

1972 939 2162 983 omnes
2197 924 2480 981 charitatis
2521 925 2717 981 aﬂ‘ectu
2762 925 3096 982 devinciens.
3135 928 3245 982 Hoc
3280 940 3426 983 certe
3453 928 3546 998 ju-

1970 1029 2114 1076 stum
2144 1029 2199 1075 et
2224 1019 2579 1083 conveniens,
2610 1033 2706 1074 eos
2737 1019 2828 1088 qui
2858 1018 2965 1072 alio
2988 1020 3218 1089 dispersi
3243 1029 3371 1075 sunt
3414 1036 3542 1086 pro-

1968 1124 2091 1187 pter
2135 1115 2361 1171 verbum
2390 1112 2507 1178 Dei,
2540 1121 2596 1170 et
2650 1115 3089 1169 testiﬁcationem
3124 1117 3386 1184 nnigeniti
3423 1117 3544 1187 ejus

1969 1207 2095 1264 Filii
2134 1206 2351 1262 Domini
2397 1207 2572 1260 nostri
2616 1203 2746 1261 Jesu
2797 1205 3036 1273 Christi,
3073 1208 3310 1277 colloqui
3353 1221 3544 1263 mutuo

1969 1316 2065 1372 per
2098 1300 2328 1366 litteras,
2358 1309 2411 1355 et
2430 1298 2780 1368 spiritualiter
2810 1315 2904 1369 per
2951 1300 3406 1355 commonitioues
3428 1300 3541 1355 col-

1970 1389 2162 1460 ligari;
2189 1404 2288 1446 nec
2318 1389 2590 1444 ullatenus
2641 1403 2739 1458 per
2773 1388 3050 1443 silentium
3089 1399 3346 1459 tanquam
3393 1406 3543 1443 mor-

1969 1492 2096 1539 tuos
2122 1482 2382 1553 reputari.
2400 1482 2493 1537 Sic
2519 1481 2665 1537 enim
2685 1482 2890 1537 scimus
2923 1483 3140 1536 beatum
3164 1479 3390 1536 Paulum
3412 1498 3543 1550 apo-

1969 1576 2171 1631 stolum
2203 1588 2330 1629 cum
2360 1572 2526 1629 sociis
2569 1572 2785 1627 eminus
2836 1571 2974 1625 inter
3016 1588 3074 1627 se
3117 1572 3327 1626 locutos
3360 1581 3411 1627 et
3446 1589 3542 1642 per

1968 1668 2361 1723 commercium
2396 1667 2671 1721 sermonis
2702 1681 2807 1720 una
2855 1665 3253 1735 conspirantes,
3298 1664 3545 1738 Evange-

1968 1759 2099 1815 lium
2121 1760 2274 1831 regni
2303 1759 2393 1814 Dei
2414 1757 2773 1813 annttntiasse
2795 1758 3047 1812 universo
3080 1760 3281 1813 mundo
3309 1778 3321 1812 :
3357 1761 3409 1813 in
3434 1774 3545 1829 quo

1966 1868 2064 1908 nos
2094 1852 2257 1907 etiam
2284 1849 2523 1919 Spiritus
2544 1856 2789 1912 sanctus,
2811 1847 2912 1901 etsi
2934 1846 3199 1903 audacius
3222 1858 3307 1902 est
3327 1832 3539 1915 dicere,

1964 1947 2327 2009 constituens,
2367 1944 2587 1998 mandat
2620 1958 2637 1997 :
2677 1939 2932 2011 Loquere,
2956 1942 3217 2010 iuquit,et
3256 1957 3319 1995 ue
3357 1941 3539 2005 sileas,

1964 2039 2087 2110 quia
2105 2038 2326 2108 populus
2344 2053 2483 2091 meus
2499 2034 2697 2090 multus
2712 2045 2787 2089 est
2810 2034 2893 2087 hic
2911 2033 2980 2089 “.
2998 2033 3062 2086 Et
3074 2032 3203 2086 alibi
3222 2050 3233 2083 :
3253 2030 3310 2086 Si
3331 2032 3541 2087 subtra-

1964 2133 2100 2187 terit
2114 2147 2185 2194 se,
2207 2146 2310 2183 non
2331 2128 2556 2198 placebit
2573 2128 2676 2182 sibi
2695 2129 2877 2182 anima
2898 2142 3012 2180 mea
3032 2126 3086 2178 in
3101 2125 3193 2179 illo
3210 2126 3271 2172 ⁸⁵.
3305 2127 3541 2191 Quocir-

1964 2242 2029 2282 ca
2051 2224 2399 2283 formidabile
2414 2223 2775 2293 estjudicium
2795 2221 3018 2284 silentii,
3050 2220 3103 2274 in
3127 2220 3227 2273 hac
3244 2220 3541 2289 praesertim

1964 2320 2196 2389 maligna
2222 2316 2498 2372 surdidate
2526 2311 3138 2378 hmretizantiuuuQuod
3171 2314 3389 2382 quidem
3411 2329 3539 2367 san-

1963 2414 2123 2470 ctitas
2154 2419 2267 2474 tua,
2299 2407 2761 2480 quemadmodum
2799 2405 3039 2474 scripsit,
3105 2404 3293 2459 sedulo
3321 2402 3363 2456 ri
3378 2411 3541 2473 teque

1965 2507 2097 2562 dum
2121 2502 2461 2571 exsequitur,
2502 2497 2783 2553 molestias
2807 2497 3068 2567 plurimas
3098 2496 3250 2551 abiis
3279 2495 3538 2558 sustinet,

1965 2599 2056 2669 qui
2073 2610 2296 2652 sacrum
2325 2593 2550 2648 verbum
2586 2591 2777 2646 audire
2813 2590 3039 2654 nolunt;
3070 2588 3165 2645 sed
3215 2602 3243 2643 a
3294 2587 3403 2643 Deo
3460 2588 3541 2657 pi-

1966 2700 2109 2748 ctam
2134 2687 2362 2750 Christi,
2408 2686 2675 2755 Deiparte,
2708 2682 2790 2737 vel
2814 2681 3064 2751 cujusvis
3086 2695 3369 2737 servorum
3419 2679 3544 2750 ejus

1968 2783 2265 2854 imaginem
2312 2778 2585 2848 rejiciunt.
2616 2774 2787 2842 Perge
2818 2783 3022 2838 autem,
3047 2772 3540 2834 desideratissitne.

1965 2876 2059 2945 qui
2092 2886 2249 2942 super
2301 2867 2681 2924 candelabrum
2725 2863 2911 2928 Verbi,
2953 2862 3277 2931 Evangelica
3309 2878 3442 2918 voce
3480 2878 3541 2917 es

1965 2964 2199 3037 positus,
2255 2962 2434 3016 lucens
2482 2961 2539 3015 in
2585 2957 2827 3013 omnibus
2861 2956 2952 3026 qui
2987 2957 3039 3010 in
3063 2955 3216 3009 doma
3245 2954 3440 3019 sunt,"
3481 2963 3540 3010 ut

1966 3059 2061 3129 qui
2090 3055 2281 3112 oculos
2332 3052 2579 3123 aperiunt
2630 3052 2814 3105 lumen
2869 3047 3147 3117 excipiant
3203 3064 3220 3114 ;
3272 3049 3365 3117 qui
3408 3060 3539 3099 vero

290 3123 398 3162 των
418 3112 603 3168 αὑτοῦ.
632 3115 832 3182 Μένοις
856 3114 969 3184 οὗν,
1000 3123 1319 3196 τριπόθητε,
1349 3126 1446 3181 ἐπὶ
1466 3127 1578 3199 τῆς
1600 3134 1866 3202 λυχνίας

290 3198 382 3232 .._.-.
408 3201 566 3232 ην-..
1224 3216 1249 3228 -
1497 3222 1509 3232 .
1847 3225 1858 3232 .

1966 3112 2162 3207 sensus
2216 3146 2531 3209 occludunt,
2577 3141 2834 3198 caecitatis
2855 3156 2966 3196 sua:
3017 3138 3540 3207 fructuscolligant;

289 3198 383 3293 τοῦ
408 3201 567 3272 λόγου
609 3207 864 3278 κείμενος
915 3213 1258 3287 εὐαγγελικῷ
1305 3198 1722 3293 προστάγματι-,ν
1764 3198 1863 3280 καί

289 3290 543 3361 λάμπων
573 3296 724 3351 πᾶσι
750 3300 875 3367 τοῖς
907 3302 978 3356 ἐν
1009 3301 1083 3373 τῇ
1110 3308 1302 3376 οἰκίᾳ·
1356 3308 1431 3373 ὡς
1460 3290 1539 3364 ἂν
1561 3290 1861 3381 άπλοῦντες

289 3384 390 3447 τὰς
419 3385 592 3453 ὄψεις,
619 3389 680 3442 τδ
710 3391 826 3460 φῶς
869 3394 1225 3466 εἰσδέχοιντοο
1275 3401 1327 3453 oi
1386 3401 1448 3456 δὲ
1485 3404 1714 3475 μύοντες
1759 3409 1861 3474 τὰς

291 3476 593 3573 αἰσθήσεις,
638 3483 737 3552 τῆς
769 3485 976 3551 οἰκείας
1028 3488 1293 3561 άὸλεψίας
1340 3492 1433 3548 τὸν
1489 3499 1702 3568 καρπὸν
1744 3500 1862 3573 δρέ-

291 3566 519 3637 ψωνται.
547 3573 720 3644 Καίγε
750 3576 938 3642 εὔξαιο
967 3581 1125 3636 τοῦτο
1152 3585 1248 3637 καὶ
1270 3586 1415 3657 ἡμᾶς
1450 3592 1746 3659 ποιεῖσθαι,
1765 3596 1860 3649 καὶ

293 3660 547 3731 άνένοχον
594 3666 654 3718 τὸ
693 3668 793 3737 τῆς
846 3674 1181 3740 προστασίας
1222 3668 1395 3746 δῶρον
1424 3680 1855 3753 ἀπενέγκασθαι.

293 3753 592 3847 Γινῶσκειν
628 3757 685 3811 δέ
728 3777 788 3813 σε
820 3760 1141 3835 βουλόμεθα,
1169 3767 1249 3820 ὅτι
1281 3763 1363 3832 εἷς
1383 3769 1491 3824 τῶν
1519 3772 1860 3847 λαμπτήρων

292 3845 509 3945 άπέπτη
542 3850 679 3945 πρὸς
698 3851 929 3945 Κύριον·
969 3849 1124 3922 οὗτος
1147 3860 1212 3931 δὴ
1233 3862 1262 3914 ὁ
1293 3862 1595 3932 ἀγιώτατος
1640 3845 1860 3945 Μητρο-

292 3938 518 4011 πολίτης
577 3942 860 4000 Συνάδων·
922 3950 1045 4003 ἐπεὶ
1098 3953 1191 4007 καὶ
1219 3955 1486 4029 πρότερον
1543 3962 1594 4014 oi
1656 3938 1860 4019 κλεινοὶ

291 4029 513 4100 ἀδελφοὶ
565 4035 660 4089 καὶ
696 4038 957 4110 Πατέρες,
998 4042 1314 4111 Ἀθανάσιος
1352 4049 1381 4102 ὁ
1435 4048 1531 4103 τοῦ
1578 4054 1860 4110 Παυλοπεο

290 4120 443 4190 τρίου
472 4123 823 4196 καθηγεμὼν,
844 4131 938 4185 καὶ
962 4132 1211 4208 Ἰωάννης
1241 4139 1270 4192 ὁ
1296 4137 1397 4210 τῆς
1425 4141 1697 4199 Χαλκίτου
1725 4147 1859 4202 καθ-

292 4213 523 4308 ηγητὴς.
544 4217 652 4271 Καὶ
674 4220 725 4272 oi
747 4222 1013 4292 αἱρετικώ⁸
1035 4226 1135 4296 μὲν
1180 4228 1433 4285 δοκοῦσιν
1459 4233 1857 4308 ὑποτέμνεσθαι

288 4302 350 4400 τὸ
369 4304 758 4400 ὀμολογητικὸν
780 4314 1053 4386 πλήρωμα
1068 4318 1157 4371 τοῦ
1174 4320 1435 4390 Χριστοῦ.
1483 4302 1760 4395 Ἀγνοοῦσι
1775 4330 1854 4400 δὲ,

290 4392 371 4448 ὅτι
399 4398 492 4449 καὶ
521 4401 720 4492 μάλλον
745 4405 1080 4475 πληθύνεται
1109 4410 1257 4482 ζήλῳ
1280 4415 1390 4467 τῶν
1426 4392 1857 4492 προηθληκὸτων

1963 3252 2017 3301 et
2054 3257 2151 3298 ora
2181 3241 2390 3310 utique,
2422 3244 2480 3293 ut‘
2512 3237 2614 3291 hoc
2635 3244 2689 3293 et
2728 3250 2830 3290 nos
2859 3242 3203 3304 praestemus,
3270 3233 3543 3301 culpaque

1966 3348 2197 3389 vacuum
2259 3328 2597 3401 praefectura:
2681 3328 2886 3381 donum
2958 3333 3323 3393 reportemus.
3383 3320 3537 3375 Scire

1962 3439 2125 3497 porro
2164 3432 2215 3478 te
2236 3402 2511 3486 volumus,
2551 3433 2722 3473 unum
2748 3417 2815 3471 de
2855 3415 3217 3471 luminaribus
3249 3414 3314 3468 ad
3349 3412 3536 3467 Durni-

1961 3534 2091 3574 num
2121 3516 2413 3581 arctasse;
2445 3512 2491 3568 is
2521 3520 2605 3566 est
2634 3508 3015 3566 sanctissimus
3045 3506 3390 3575 metropolita
3433 3507 3538 3575 Sy-

1960 3612 2264 3675 nadorum;
2296 3622 2361 3663 ac
2391 3606 2544 3677 prius
2571 3604 2735 3660 etiam
2786 3602 3077 3674 przeclaros
3112 3599 3307 3655 fratres
3357 3606 3412 3653 et
3440 3614 3542 3668 pa-

1960 3712 2072 3759 tres
2102 3742 2118 3768 ,
2173 3699 2537 3757 Athanasium
2602 3694 2937 3766 Paulopetrii
2988 3693 3414 3759 moderatorem,
3483 3699 3540 3746 et

1957 3790 2224 3847 Joannem
2256 3798 2522 3843 rectorem
2548 3785 2824 3841 Chalcitae.
2859 3785 2925 3839 Et
2947 3792 3140 3854 putant
3167 3781 3387 3854 quidem
3424 3783 3538 3837 lite-

1959 3880 2156 3945 retici,
2221 3890 2512 3933 numerum
2571 3873 2779 3931 succidi
2855 3873 3234 3929 confessorum
3289 3872 3535 3930 Christi:

1959 3971 2213 4041 ignorant
2247 3979 2431 4026 autem
2452 4009 2468 4034 ,
2502 3967 2851 4024 aemulatione
2904 3964 3264 4035 praeeuntium
3301 3964 3537 4023 athleta-

1959 4077 2104 4126 rum,
2139 4060 2325 4130 augeri
2356 4059 2538 4131 potius
2567 4072 2762 4129 agmen
2810 4055 3223 4111 convolantium
3245 4095 3261 4120 ,
3298 4065 3537 4109 emtum-

1957 4169 2063 4226 que
2096 4153 2211 4208 alas
2240 4150 2625 4222 explicantium
2664 4166 2679 4203 :
2709 4146 2993 4203 Christum
3045 4161 3173 4201 vero
3206 4146 3386 4200 adhuc
3410 4144 3538 4200 dor-

1957 4246 2117 4309 mire,
2153 4252 2314 4313 atque
2360 4242 2482 4297 aliis
2507 4240 2728 4311 quidem
2780 4238 3006 4308 jauuam
3038 4237 3253 4308 aperire
3288 4236 3531 4291 bonitate

1958 4317 2256 4402 ineﬂabili;
2315 4333 2549 4389 aliorum
2614 4331 2901 4401 erplorare
2950 4329 3193 4385 studium
3246 4327 3532 4400 proposita

1957 4423 2233 4495 patientiae
2250 4436 2487 4488 corona;
2522 4420 2661 4475 alios
2680 4428 2969 4489 ,tanquam
2995 4417 3282 4487 probatum
3310 4431 3532 4479 aurum,

292 4489 784 4585 συνανιπτάμενον,
812 4496 906 4547 καὶ
931 4496 992 4548 τὸ
1008 4502 1425 4573 πτερορῤυῆσαν
1449 4489 1611 4576 τυχὸν
1643 4489 1851 4582 στίφος.

1964 4489 2161 4585 ubique
2192 4528 2406 4585 semper
2433 4526 2713 4568 assumere
2771 4511 2838 4565 ad
2890 4510 3139 4565 diadema
3163 4509 3378 4565 decoris
3412 4511 3533 4579 glo-

289 4573 523 4677 Χριστδς
557 4581 614 4634 δέ
654 4583 734 4677 ἐτι
774 4586 1041 4677 καθεύδει,
1076 4594 1189 4655 τοῖς
1226 4595 1323 4664 μὲν
1350 4573 1662 4669 ὑπανοίγων
1685 4573 1858 4677 θύραν

290 4670 621 4759 χρηστότητι
647 4672 1042 4751 ἀνεκδιηγήτῳ,
1085 4682 1192 4736 τῶν
1221 4684 1277 4738 δὲ
1305 4686 1615 4759 δοκιμάζων
1649 4693 1739 4748 τὸν
1756 4670 1857 4751 πό·-

291 4758 383 4813 θον
433 4763 492 4816 ἐν
551 4765 829 4840 ὑπομονῆς
887 4775 1311 4847 στεφανώματι,
1366 4758 1493 4847 τοὺς
1544 4784 1602 4837 δὲ
1652 4788 1745 4841 καὶ
1778 4788 1856 4854 ὡς

290 4854 954 4946 γρῦ-σὸνδεδοκιμασμένον
1000 4867 1434 4939 προσλαμϐάνων
1485 4875 1742 4933 ἑκάστοτε
1772 4884 1850 4946 εἰς

292 4943 444 5041 διάδη
453 4964 529 5016 μα
560 4948 788 5014 κάλλους
809 4954 967 5023 δόξῃς
992 4958 1179 5015 αὐτοῦ.
1199 4960 1380 5017 Ταῦτά
1403 4981 1485 5019 σοι
1513 4969 1641 5037 παρ’
1670 4943 1849 5041 ἡμῶν,

1964 4609 2059 4665 ria:
2086 4624 2219 4664 suae.
2250 4604 2375 4662 Hau:
2403 4605 2498 4661 tibi
2524 4621 2556 4661 a
2591 4606 2769 4669 nobis,
2823 4619 2856 4658 ο
2901 4604 3079 4657 beate.
3108 4603 3189 4656 Tu
3217 4616 3346 4657 vero
3375 4616 3536 4672 perge

1962 4695 2132 4751 Deum
2173 4710 2422 4759 exorare,
2463 4701 2520 4747 ut
2554 4709 2741 4764 pacem
2770 4690 3028 4747 Ecclesiae
3067 4706 3181 4746 suae
3228 4691 3530 4761 largiatur;

1960 4790 2103 4844 mala
2129 4789 2311 4844 omnia
2346 4787 2580 4843 evellens
2613 4786 2680 4841 de
2705 4783 2904 4851 medio,
2953 4793 3007 4839 et
3032 4798 3155 4845 nos,
3190 4783 3281 4854 qui
3326 4783 3531 4837 residui

1959 4893 2173 4943 sumus,
2223 4878 2416 4949 dignos
2464 4883 2707 4942 censeat,
2741 4874 2836 4945 qui
2874 4873 2943 4928 ad
2990 4873 3218 4929 intuitus
3271 4888 3533 4944 congres-

1958 4987 2079 5028 sum
2108 4970 2404 5037 veniamus,
2443 4969 2584 5025 sicut
2618 4980 2806 5039 optare
2831 4975 2885 5023 te
2907 4967 3251 5037 signiﬁcasti.

295 5036 340 5094 "it
371 5043 626 5138 μακάριε.
664 5048 833 5113 Αὐτὸς
858 5052 915 5106 δὲ
938 5053 1017 5108 ἔτι
1039 5056 1416 5131 δυσωπήσειας
1451 5061 1543 5116 τὸν
1815 5036 2041 5135 είρήνην
2101 5066 2396 5138 ἐμποιῆσαι
2444 5067 2511 5137 τῇ
2552 5036 2716 5119 αὐτοῦ
2758 5064 3060 5136 Ἐκκλησία
3084 5081 3098 5095 ο
3130 5064 3423 5138 malum
3421 5070 3530 5123 πᾶν

294 5133 462 5262 ξίκδν
499 5138 809 5262 eti-“‘39,,
846 5144 939 5197 Ml-
958 5148 1113 5261 ,τοξδς
1165 5124 1665 5262 ιύςιτολελειριμένους
1718 5124 2069 5229 ημᾶς-άξιῶν
2096 5124 2178 5223 είς
2243 5124 2343 5232 την
2376 5124 2511 5213 uati.
2563 5156 2876 5230 ὀφθαλμοὺς
2922 5124 3142 5230 ὁμιλίαν
3175 5124 3529 5262 Eaﬂsiajél-

295 5230 428 5298 θεῖν,
461 5232 603 5286 καθὰ
641 5236 733 5287 καί
759 5236 1024 5304 εύκτικῶς
1052 5244 1427 5315 ὑπεδήλωσας.

519 5325 636 5381 ΣΘ’.
657 5327 734 5398 (4)
771 5330 1061 5400 Διονυσίῳ
1086 5336 1416 5405 μονάζοντι.
1445 5338 1630 5418 [ωκςΊ

2301 5345 2481 5403 CCIX.
2508 5377 2581 5389 —
2612 5347 2863 5419 Dionysio
2892 5348 3167 5405 monacho.

832 5490 839 5499 ,
933 5442 1289 5509 Ptenitentem,
1327 5456 1380 5500 et
1403 5451 1464 5501 ad
1496 5462 1647 5504 recte
1696 5453 1811 5506 ﬁdei
1866 5478 1868 5498 ι

1964 5457 2230 5510 fessionem
2276 5472 2556 5522 reversum,
2602 5462 2875 5513 conﬁrmat.

363 5529 428 5616 9i
474 5529 624 5597 παρὰ
666 5530 775 5584 τῶν
820 5532 1200 5605 ἐπιστημόνων
1241 5539 1438 5611 ἰατρῶν
1478 5542 1869 5616 θεραπευόμεσ

2024 5547 2127 5615 Qui
2165 5564 2196 5605 a
2244 5550 2436 5621 peritis
2487 5550 2715 5607 medicis
2743 5556 3010 5607 curantur
3052 5546 3385 5604 deteriorum
3436 5544 3527 5602 in-

358 5608 407 5647 “
436 5616 581 5673 Psal.
608 5633 813 5676 xxxvnt
835 5660 850 5688 ,
878 5623 968 5682 l3.
1039 5623 1085 5657 "
1106 5622 1272 5682 Hebr.
1308 5608 1365 5697 τ,
1403 5630 1494 5687 58.
1541 5608 1605 5668 ’⁸⁸
1634 5608 1822 5692 Matii).
1849 5654 1904 5704 ν,
1940 5637 2025 5694 15.

1798 5720 2028 5786 NOTAE.

358 5800 435 5872 (4)
465 5798 523 5858 in
549 5805 671 5862 eod.
696 5806 828 5879 Reg.
