4102 6374
605 281 743 350 1631
890 336 892 338 τ
989 267 998 278 ’
1800 299 1863 361 s.
1900 273 2299 362 THEODORI
2329 264 2682 378 srumm
3137 347 3140 350 .
3275 359 3278 363 .
3744 307 3876 375 εσσε

600 398 889 468 spectione
913 414 1058 472 opus
1090 419 1200 461 non
1253 403 1491 480 habent;
1525 410 1631 468 etsi
1663 400 1742 468 ἐι
1776 413 2044 468 charitate
2075 412 2148 468 ali

2278 427 2382 480 νοι,
2412 412 2474 467 οὐ
2497 412 2686 484 χρείαν
2710 411 2896 485 ἔχουσι
2913 415 3013 486 τῆς
3035 415 3147 474 τῶν
3166 415 3478 490 ὕφειμένων
3495 420 3869 494 ἐπισκέψεως-ο

599 504 749 559 quos
784 493 1054 548 interdum
1104 495 1514 572 benevolentes,
1539 518 1648 559 non
1681 517 1969 576 respuunt.
2001 507 2162 574 Quart

2285 504 2335 557 εί
2363 504 2440 574 μή
2470 520 2522 558 τι
2553 504 2662 576 ἄρα
2693 504 2916 577 ἀγάπης
2943 509 3133 579 τρόπῳ
3163 509 3561 581 ἀφωιοὺμενοι
3587 493 3720 576 τοὺς
3743 531 3876 584 γνη-

606 596 1067 650 supervacaneam
1103 603 1216 643 rem
1257 591 1368 662 egit
1425 591 1668 651 fraterna
1718 600 2018 654 reverentia
2069 609 2157 655 tua

2287 593 2590 660 σιεύοντας.
2622 595 2787 650 Ὥστε
2813 597 2908 652 καὶ
2938 597 2972 669 ἡ
2996 597 3262 670 ἀδελφικὴ
3293 599 3452 671 ὑμῶν
3476 603 3736 673 τιμιότης
3773 619 3873 660 πε-

603 687 734 727 cum
773 689 803 728 a
827 675 990 731 Patre
1020 687 1210 734 nostro
1230 678 1322 736 Dei
1356 686 1741 742 amantissimo
1767 689 2162 764 archiepiscopi

2285 689 2470 760 ριττόν
2521 706 2575 743 τι
2627 687 2696 744 ἂν
2747 689 3061 761 είργάζετο,
3109 692 3261 764 παρὰ
3304 692 3400 747 τοῦ
3448 693 3875 765 θεοφιλεστάτου

608 764 896 835 Dyrrachii
946 779 1164 832 sanata,
1225 787 1336 828 non
1369 777 1737 846 conquievit:
1787 783 1882 838 sed
1930 799 1962 838 a
2021 785 2162 840 nobi:

2281 778 2444 850 ἡμῶν
2504 781 2714 852 πατρὸς
2763 780 2860 836 καὶ
2911 782 3353 853 ἀρχιεπισκόπου
3414 784 3510 839 τοῦ
3563 787 3875 860 Δυρραχίου

604 857 772 910 etiam
803 858 1008 915 infimis
1033 873 1088 916 et
1137 862 1366 932 ahjectis
1400 870 1747 928 curationem
1795 877 2043 945 expetiit.
2075 879 2162 936 Set

2287 872 2498 926 ίαθεῖσα
2525 875 2620 928 καὶ
2660 873 2738 944 μὴ
2768 874 3098 945 ἐμμείνασα,
3139 874 3258 929 ἀλλ’
3293 875 3376 929 ἔτι
3413 878 3510 932 καὶ
3553 857 3876 952 παρ’νὴμιῐιν

598 951 1048 1021 quandoquidem
1080 959 1351 1026 permovit
1385 975 1532 1016 nunc
1575 979 1676 1018 vos
1709 965 1994 1025 charitatis
2041 971 2162 1027 ratit.

2278 963 2392 1018 τῶν
2420 965 2732 1036 ὕφειμένων
2778 966 3076 1038 θεραπείαν
3109 968 3470 1041 ἐπιζητοῦσα.
3511 972 3657 1026 Ἀλλ’
3695 975 3874 1031 ἐπεὶὸ

567 1019 667 1096 ἰιι
723 1019 1073 1114 scriberetis;
1129 1051 1402 1118 persuasit
1439 1062 1493 1108 et
1537 1057 1716 1124 nobis,
1759 1059 1854 1129 qui
1894 1062 2054 1116 nihili
2084 1079 2162 1118 su-

2279 1057 2440 1128 λόγος
2469 1019 2583 1130 ,τῆς
2629 1019 3177 1131 ἀγάπηςτνκεκίνηκε-
3204 1019 3302 1116 νῦν
3336 1063 3482 1134 ὑμᾶς
3535 1064 3872 1130 ἐπιστεῖλαι,

606 1151 750 1196 mus.
785 1146 844 1192 ut
904 1139 1058 1196 vobis
1120 1145 1566 1215 rescriberemus,
1611 1151 1878 1221 nobisque
1918 1169 2014 1209 vos
2043 1157 2162 1212 cha-

2281 1153 2518 1207 πέπεικε
2561 1153 2657 1207 καὶ
2713 1155 2863 1224 ἡμᾶς
2913 1156 3040 1220 τοὺς
3087 1155 3413 1226 οὐδαμινοὺς
3457 1158 3872 1212 ἀντεπιστεῖλαι

599 1227 781 1284 ritatis
825 1227 1025 1286 aﬂ'ectu
1075 1234 1555 1306 conjungeremus.
1592 1239 1800 1300 Debent
1857 1245 2025 1315 enim,
2073 1252 2162 1304 etsi

2280 1245 2434 1317 ὑμῖν,
2458 1246 2553 1300 καὶ
2583 1247 2821 1318 συνάψαι
2862 1248 3001 1320 πρὸς
3033 1249 3261 1315 ἑαυτοὺς
3299 1253 3366 1323 τῇ
3395 1251 3730 1321 ἀγαπητικῇ
3756 1251 3874 1305 δια-

603 1320 752 1375 nulla
786 1337 873 1377 res
900 1334 1079 1392 cogat,
1111 1327 1206 1396 qui
1238 1327 1551 1386 institutum
1585 1333 1724 1389 idem
1758 1339 1993 1407 amplexi
2023 1348 2162 1396 sunt.

2277 1335 2448 1393 θέσει.
2476 1336 2597 1407 Χρὴ
2638 1336 2771 1408 γὰρ,
2805 1337 2901 1390 καὶ
2929 1337 3054 1414 δίχα
3097 1339 3244 1404 τινὸς
3273 1320 3605 1409 ἀναγκαίου,
3632 1341 3771 1401 τοὺς
3809 1343 3871 1394 τὸ

601 1414 852 1470 eumdem
882 1417 1044 1472 etiam
1075 1435 1298 1476 sensum
1349 1425 1758 1496 amplectentes,
1800 1441 2050 1488 amanter
2088 1434 2162 1490 in-

2276 1429 2412 1502 αὑτὸ
2461 1430 2787 1501 ἐπάγγελμα
2827 1432 3312 1505 ἐπανῃρημένους,
3355 1433 3452 1488 καὶ
3490 1433 3554 1488 τὸ
3597 1434 3737 1488 αὐτὸ
3777 1428 3869 1490 οὖν

600 1511 684 1556 ter
713 1519 772 1559 se
808 1511 1237 1577 contemperari.
1265 1509 1402 1567 Nam
1437 1530 1504 1570 eo
1537 1519 1681 1588 quod
1707 1522 2066 1592 multiplicata
2095 1534 2162 1581 esl

2277 1523 2535 1594 φρόνημα
2556 1522 2977 1594 ἀσπαζομένους
3000 1527 3365 1598 ἀγαπητικῶς
3389 1528 3864 1600 συνανακρᾶσθαι.

598 1593 887 1664 iniquitas,
947 1600 1232 1658 refrixisse
1277 1606 1600 1664 charitatem
1661 1616 1984 1680 multorum,
2038 1616 2162 1673 dixil

2275 1615 2388 1668 Καὶ
2415 1593 2524 1687 γὰρ
2553 1615 2644 1670 διὰ
2678 1615 2740 1668 τὸ
2782 1593 3158 1687 πληθυνθῆναι
3178 1593 3296 1690 ⁷τὴν
3325 1619 3582 1689 ἀνομίαν,
3619 1593 3865 1691 ᾦυγῆναι

598 1685 862 1745 Dominus
883 1689 950 1746 ".
983 1692 1139 1758 Quod
1171 1695 1338 1767 igitur
1374 1699 1521 1756 circa
1543 1704 1881 1761 curationem
1931 1717 2162 1765 vestram

2277 1705 2376 1777 τὴν
2419 1685 2529 1761 τῶν
2574 1705 2786 1761 πολλῶν
2819 1685 3066 1781 ἀγάπην,
3095 1711 3125 1764 ὸ
3157 1685 3362 1780 Κύριος
3401 1685 3615 1782 είρηκε.
3762 1685 3862 1782 μὲν

595 1797 627 1837 a
667 1785 1024 1842 sanctissimo
1085 1789 1500 1864 archiepiscopo
1533 1805 1798 1854 Statutum
1823 1809 1926 1868 est,
1963 1802 2162 1874 integre

2273 1798 2370 1854 οῦν
2395 1799 2494 1870 τῆς
2526 1799 2768 1872 ἰατρείας
2792 1799 2948 1871 ὑμῶν
2989 1802 3134 1857 κατὰ
3163 1801 3226 1856 τὸ
3252 1805 3715 1876 κεκανονισμὲνον
3761 1808 3862 1862 ι’)πῦ

591 1875 944 1936 observetur.
985 1879 1101 1938 Hoc
1129 1899 1260 1940 vero
1291 1886 1675 1958 adhortamur,
1710 1903 1766 1948 et
1792 1895 2162 1964 admonemus1

2272 1890 2368 1946 τοῦ
2394 1891 2700 1960 ἀγιωτάτου
2731 1893 3186 1965 ἀρχιεπισκόπου,
3231 1875 3611 1967 συντηρείσθω
3639 1898 3856 1955 ἄνοσον.

598 1983 707 2024 non
747 1969 1027 2039 faliscere,
1055 1976 1123 2030 ad
1166 1992 1228 2032 ea
1274 1992 1643 2050 respectantes
1677 2001 1799 2057 qua:
1847 1998 1994 2045 retro
2021 2000 2162 2058 sunt,

2272 1983 2444 2039 Τοῦτο
2469 1985 2525 2039 δὲ
2541 1987 2932 2058 παραινοῦμεν
2965 1986 3061 2040 καὶ
3088 1987 3608 2060 ὑπομιμνήσκομεν,
3636 1990 3718 2061 μὴ
3740 1992 3860 2060 ὑφι-

597 2077 778 2132 neque
825 2064 894 2120 ad
948 2065 1239 2124 exitiosam
1297 2072 1723 2130 submissioncm
1781 2078 1865 2134 his
1921 2090 2015 2136 aut
2062 2082 2162 2139 illis

2271 2076 2454 2144 ζάνειν
2481 2079 2645 2132 πάλιν
2676 2082 2756 2144 εἰς
2787 2080 2859 2134 τὰ
2887 2079 3068 2133 ὀπίσω
3091 2095 3106 2110 ·
3140 2079 3278 2149 μηδὲ
3312 2081 3449 2154 πρὸς
3477 2082 3584 2153 τὴν
3604 2083 3861 2156 ὀλεθρίαν

597 2154 939 2222 quibuslibet
989 2158 1212 2216 indiciis
1237 2161 1456 2220 abduci.
1513 2166 1799 2225 Sulliciunt
1844 2173 1991 2227 enim
2031 2189 2172 2244 pra:-

591 2245 794 2302 terita:
830 2248 899 2304 de
929 2250 1132 2320 quibus
1163 2269 1400 2324 gemere,
1431 2265 1633 2313 etcum
1675 2260 1934 2334 lacrymis
1975 2265 2170 2337 depre-

591 2338 707 2393 cari
745 2350 1004 2411 perpetuo
1031 2343 1311 2413 debemus,
1355 2350 1568 2418 plorare
1593 2367 1655 2407 ac
1691 2352 1998 2424 lamentari,
2020 2360 2168 2428 quod

590 2444 720 2485 cum
759 2431 1000 2502 ejusdem
1037 2435 1256 2495 habitus
1277 2438 1496 2509 fratres,
1522 2444 1671 2501 velut
1691 2448 1909 2518 aquilae,
1944 2464 2165 2508 sursum

595 2536 692 2590 per
713 2523 1116 2584 confessionem
1163 2531 1472 2602 evolarint,
1528 2551 1631 2593 nos
1663 2539 1767 2596 sub
1812 2539 2040 2600 haeresis
2084 2543 2168 2598 la-

591 2625 733 2679 queo
769 2612 1120 2687 detinemur;
1157 2621 1400 2694 dumque
1454 2625 1533 2682 illi
1584 2631 2026 2697 persecutionem
2071 2649 2166 2702 pa-

595 2702 826 2773 tiuntur,
857 2723 956 2762 nos
987 2709 1134 2765 domi
1163 2729 1488 2774 manemus:
1524 2728 1580 2776 et
1609 2737 1737 2778 cum
1769 2724 1848 2780 illi
1880 2741 2056 2798 usque
2095 2729 2164 2785 ad

595 2799 913 2870 martyrium
963 2801 1382 2876 decertaverint,
1427 2825 1527 2867 nos
1584 2824 1898 2885 negatores,
1952 2819 1998 2875 si
2050 2835 2161 2877 nou

591 2889 774 2955 corde,
803 2905 898 2945 ore
933 2899 1113 2949 tamen
1140 2911 1434 2969 manuque,
1468 2900 1597 2958 facti
1647 2920 1841 2964 sumus
1872 2926 1887 2964 :
1924 2919 2000 2977 et,
2035 2913 2169 2974 aliis,

593 2979 648 3032 in
681 2995 902 3037 carcere
941 2983 1176 3042 detentis
1221 2988 1474 3062 fameque
1509 2997 1738 3064 enectis,
1769 3015 1872 3056 nos
1901 3001 2059 3060 liberi
2105 3015 2162 3062 et

2269 2172 2586 2227 ὕπόπτωσιν
2613 2171 2925 2242 ἀπάγεσθαι
2949 2171 3038 2226 διὰ
3064 2173 3234 2227 τῶνδε
3261 2175 3356 2227 καὶ
3386 2174 3556 2229 τῶνδε
3579 2176 3693 2229 τῶν
3717 2193 3859 2246 γνω-

2270 2263 2576 2338 ρισμάτων.
2628 2265 2815 2336 ’Δρκεῖ
2853 2264 2962 2336 γὰρ
3015 2263 3111 2318 καὶ
3154 2264 3225 2318 τὰ
3257 2266 3422 2320 πάλαι
3445 2282 3460 2298 ’
3499 2268 3591 2337 ἐφ’
3638 2264 3730 2333 οἷς
3765 2269 3860 2323 καὶ

2268 2355 2559 2427 ὀφείλομεν
2591 2353 2798 2409 στένειν
2819 2353 2914 2409 καὶ
2938 2356 3164 2427 ποτνιᾷν
3194 2357 3276 2420 είς
3310 2357 3372 2410 τὸ
3407 2356 3519 2424 ἀεὶ,
3549 2357 3772 2414 κλαίειν
3800 2377 3856 2413 τι

2265 2448 2361 2500 καὶ
2409 2443 2692 2518 οἰμώζειν,
2720 2446 2804 2500 ὅτι
2849 2443 2962 2499 τῶν
3009 2445 3264 2516 ἀδελφῶν
3294 2449 3654 2520 ὀμοσχήμων,
3689 2468 3856 2523 psu-

2266 2539 2504 2595 σθέντων
2527 2539 2604 2604 ὡς
2631 2537 2810 2594 ἀετῶν
2843 2537 2980 2608 ὑψοῦ
3009 2539 3080 2610 τῇ
3105 2539 3367 2613 ὁμολογίᾳ
3389 2556 3405 2572 ο
3429 2542 3599 2612 ἡμεῖς
3623 2542 3737 2596 ὑπὸ
3759 2561 3855 2597 πα-

2263 2629 2393 2701 γίδα
2424 2629 2816 2703 κεκρατήμεθα
2845 2629 2949 2702 τῆς
2994 2629 3296 2701 αἱρέσεως·
3332 2631 3610 2687 κάκείνων
3663 2633 3857 2689 διωκο-

2266 2720 2467 2794 μένων,
2501 2721 2664 2792 ἡμεῖς
2707 2719 2848 2776 οἴκοι
2880 2719 3118 2792 μένομεν
3136 2738 3152 2754 ο
3173 2721 3270 2776 καὶ
3311 2722 3481 2778 τῶνδε
3527 2725 3852 2798 ἡθληκότων

2265 2812 2636 2887 μαρτυρικῶς,
2663 2813 2824 2886 ἡμεῖς
2850 2812 3068 2886 ἔξαρνοι
3098 2815 3407 2886 γεγόναμεν
3439 2819 3589 2888 χειρὶ
3609 2819 3710 2873 καὶ
3729 2819 3849 2872 στό-

2263 2923 2418 2979 ματι,
2447 2905 2552 2961 κᾶν
2588 2905 2650 2960 οὐ
2677 2903 2878 2977 καρδίᾳ
2895 2922 2911 2939 ο
2943 2906 3040 2961 καὶ
3056 2906 3230 2962 ἀλλων
3259 2907 3719 2980 φυλακιζομένων
3756 2912 3852 2965 καὶ

2261 2997 2789 3072 λιμοκτονουμένων,
2829 2999 2994 3071 ἡμεῖς
3015 2999 3076 3054 ὲν
3103 2999 3258 3072 ἀδείᾳ
3289 3001 3572 3072 διήγομεν.
3603 3002 3734 3067 Πῶς
3757 3001 3850 3057 οὖν

591 3071 769 3126 securi
827 3071 1082 3132 vivimus.
1139 3076 1260 3146 Quo
1311 3081 1479 3152 igitur
1509 3088 1674 3144 modo
1707 3089 1824 3146 haec
1850 3093 2032 3150 animo
2057 3111 2162 3154 vcr-

2281 3093 2382 3148 οὐκ
2401 3091 2732 3164 ἐνθυμητέον
2756 3092 2951 3158 ταῦτα,
2975 3091 3072 3148 καὶ
3093 3091 3183 3148 διὰ
3204 3071 3330 3148 τάδε
3355 3093 3610 3167 ὀδυρτέον
3635 3113 3654 3164 ;
3676 3115 3698 3148 ι
3727 3097 3849 3160 Πῶς

589 3162 759 3218 sanda
829 3179 940 3220 non
995 3179 1144 3236 sunt,
1204 3172 1289 3227 Vel
1343 3175 1539 3231 horum
1583 3193 1752 3237 causa
1806 3199 1917 3240 non
1962 3185 2165 3258 1ugen-

591 3253 769 3310 dum?
802 3275 821 3308 ι
858 3257 978 3326 Quo
1010 3272 1170 3331 pacto
1190 3305 1206 3328 ,
1235 3265 1312 3320 ait
1338 3282 1565 3339 magnus
1596 3269 1851 3343 Basilius,
1901 3253 2165 3336 cum'Job

589 3363 724 3417 cro,
775 3351 869 3421 qui
911 3367 1010 3408 nec
1067 3355 1351 3412 minimam
1399 3360 1748 3420 alllictiouem
1803 3383 1928 3424 cum
1958 3373 2164 3441 gratia-

589 3456 712 3497 rum
765 3445 981 3502 actione
1030 3450 1298 3520 suscepi?
1347 3455 1623 3522 quomodo
1667 3471 1792 3514 cum
1831 3476 2166 3536 unoquoque

499 3591 508 3600 η
590 3545 950 3606 sanctorum,
1014 3542 1108 3611 qui
1149 3559 1246 3614 per
1298 3560 1490 3602 eorum
1547 3550 1775 3622 vestigia
1833 3553 1999 3610 vitam
2053 3573 2164 3614 non

587 3627 766 3682 duxi?
799 3647 820 3680 ι
869 3629 1074 3700 Videte,
1107 3633 1328 3701 fratres,
1367 3637 1676 3710 cujusmodi
1707 3643 1819 3699 sint
1871 3656 2111 3704 terrores
2142 3668 2158 3708 :

587 3727 854 3786 quantum
914 3719 1218 3778 intercedat
1272 3724 1644 3798 discriminis;
1685 3729 1830 3798 Quid
1875 3735 2160 3804 proderit,

588 3808 801 3879 inquit,
841 3811 1080 3879 homini,
1129 3813 1178 3870 si
1239 3817 1541 3873 universum
1597 3823 1854 3877 mundum
1900 3825 2167 3895 lucretur,

584 3903 781 3958 animw
825 3921 945 3960 vero
988 3923 1099 3962 sua:
1142 3907 1512 3966 detrimentum
1553 3915 1794 3984 patiatur
1814 3916 1912 3972 ⁸⁸ΐ
1971 3916 2162 3977 Nonne

585 3992 702 4048 haec
749 3994 966 4053 Domini
1017 4012 1119 4054 vox
1171 4000 1302 4056 est?
1348 3999 1666 4061 Timeamus
1723 4021 1854 4078 ergo
1902 4017 1958 4064 et
2023 4026 2158 4068 cou-

583 4083 967 4142 tremiscamus
1012 4105 1028 4144 :
1081 4102 1147 4144 ac
1199 4087 1268 4146 de
1336 4089 1618 4160 prioribus
1672 4093 1892 4164 quidem
1938 4097 2154 4154 veniam

583 4190 750 4246 porro
779 4176 1172 4248 imploremus;
1201 4179 1257 4235 in
1285 4190 1564 4251 posterum
1595 4193 1775 4239 autem
1799 4195 1948 4242 recto
1969 4201 2158 4258 gressu

583 4271 952 4338 ambulemus,
1016 4288 1128 4330 non
1181 4275 1501 4334 vacillantes
1537 4279 1648 4335 ullo
1679 4281 1864 4348 modo,
1900 4299 2077 4356 neque
2100 4284 2157 4340 in

581 4364 722 4417 duas
752 4374 952 4434 partes,
985 4365 1132 4436 quod
1189 4369 1452 4438 scriptum
1509 4381 1594 4428 est
1614 4411 1630 4437 ,
1663 4373 2032 4433 claudicantes
2061 4376 2108 4410 ⁸⁸
2136 4393 2153 4446 ;

2267 3183 2486 3257 ἔσομαι,
2513 3185 2680 3257 φησὶν
2699 3186 2730 3238 ὁ
2756 3185 2931 3256 μέγας
2963 3184 3262 3252 Βασίλειος,
3319 3185 3456 3256 μετά
3503 3185 3628 3241 Ἰὼϐ
3650 3187 3681 3240 ὁ
3713 3187 3846 3259 μηδι

2264 3276 2362 3350 τὴν
2392 3277 2660 3349 τυχοῦσαν
2709 3276 2892 3347 θλίψιν
2957 3279 3076 3348 μετ’
3119 3278 3466 3350 εὐχαριστίας
3507 3278 3842 3350 δεξάμενοςς

2263 3368 2384 3433 πῶς
2403 3369 2462 3424 δὲ
2486 3368 2606 3440 μεθ’
2638 3369 2871 3424 ἑκάστου
2911 3368 3022 3424 τῶν
3069 3369 3265 3439 ἀγίων,
3306 3373 3335 3424 ὁ
3363 3371 3443 3442 μὴ
3492 3372 3610 3434 τοῖς
3639 3371 3844 3442 ἴχνεσιν

2264 3462 2444 3518 αὐτῶν
2482 3462 3056 3535 ὲμπολιτευσάμενος;
3112 3479 3132 3516 ι
3181 3462 3401 3535 Ὁρᾶτε,
3439 3462 3688 3531 ἀδελφοὶ,
3739 3458 3842 3516 οἷοι

2263 3558 2317 3612 oi
2340 3556 2680 3631 φοϐερισμοὶ,
2711 3551 2801 3612 οἷα
2826 3557 2897 3614 τά
2935 3556 3302 3630 διαστήματα.
3350 3557 3433 3620 Τί,
3462 3558 3663 3629 φησὶν,
3693 3556 3841 3628 ὠφε-

2261 3643 2444 3713 λήσει
2477 3642 2810 3715 ἄνθρωπον,
2843 3644 2956 3700 ἐὰν
2976 3645 3126 3700 ὅλον
3143 3645 3250 3701 τὸν
3281 3647 3522 3717 κόσμον
3543 3645 3837 3715 κερδήσῃ.

2261 3733 2378 3803 τὴν
2412 3733 2483 3789 δὲ
2524 3733 2740 3804 ψυχὴν
2775 3735 2964 3793 αὑτοῦ
3005 3733 3266 3806 ζημιωθῇ
3281 3750 3305 3800 ;
3331 3735 3464 3806 Οὐχὶ
3506 3735 3602 3790 τοῦ
3631 3737 3838 3806 Κυρίου

2262 3829 2414 3901 φωνὴ
2458 3827 2596 3900 αῦτη
2618 3846 2635 3897 ;
2659 3828 2871 3883 Οὐκοῦν
2919 3827 3251 3900 φοσηθῶμεν
3291 3828 3386 3884 καὶ
3431 3829 3836 3918 τρομάξωμεγ

2261 3922 2499 3995 καὶπερὶ
2526 3922 2628 3994 μέν
2647 3939 2699 3978 τι
2726 3921 2834 3976 τῶν
2852 3921 3136 3993 προτέρων
3156 3921 3440 3994 δεηθιῖψεν
3460 3923 3544 3978 ἔτι
3563 3923 3668 3995 τὴν
3695 3941 3838 3994 συγο

2260 4013 2411 4087 χώρη
2419 4031 2502 4069 σιν
2518 4031 2534 4046 ο
2563 4015 2702 4086 πρός
2721 4031 2784 4069 τε
2798 4014 2869 4070 τὰ
2887 4013 3016 4086 ἑξῆς
3039 4015 3374 4088 βαδωύμεθα
3387 4016 3836 4089 ὀρθοποδοῦντες,

2264 4105 2385 4179 μηδ’
2411 4106 2548 4172 ὅλως
2589 4105 2958 4178 σκιλιζόμενοι
2980 4121 2997 4138 '
3029 4107 3154 4180 μηδ’
3183 4107 3272 4164 ἐπ’
3315 4109 3662 4190 ἀμφοτέραις
3717 4114 3840 4175 ταῖς

2262 4197 2472 4274 ίγνύαις
2501 4198 2894 4272 χωλανοῦντες,
2951 4200 3093 4256 κατὰ
3147 4201 3210 4256 τὸ
3256 4203 3686 4275 γεγραμμένον
3719 4203 3836 4260 ἀλλ’

2259 4289 2692 4363 εὐθυποροῦντες
2717 4293 2776 4346 ὲν
2794 4293 2920 4356 ταῖς
2951 4291 3190 4357 ἐντολαῖς
3210 4294 3307 4348 τοῦ
3334 4295 3472 4350 Θεοῦ
3491 4311 3509 4327 ⁸
3535 4297 3638 4368 τὴν
3653 4298 3836 4351 πίστιν

2259 4383 2558 4456 ἀκραιφνῆ,
2587 4384 2687 4455 τὴν
2727 4383 3007 4439 πολιτείαν
3049 4385 3345 4459 ἀκίϐδηλον
3382 4389 3784 4460 συντηροῦντες
3811 4405 3829 4421 ·

579 4455 679 4510 sed
718 4458 770 4510 in
805 4455 900 4513 Dei
955 4459 1228 4516 mandatis
1281 4470 1427 4518 recta
1451 4462 1783 4532 incedentes,
1832 4467 1994 4524 (idem
2031 4469 2150 4525 sin-

2263 4475 2350 4528 ῐνα
2379 4455 2896 4546 κληρονομήσωμεν,
2931 4476 3036 4532 οὐκ
3076 4455 3304 4550 ἀγροῦς,
3337 4479 3434 4536 καὶ
3469 4455 3830 4551 ἀμπελῶνας,

581 4565 785 4614 ceram,
831 4551 1108 4623 vitamque
1142 4553 1254 4608 doli
1301 4562 1576 4626 expertem
1626 4568 2053 4628 conservantes;
2093 4570 2156 4619 ut

2263 4565 2356 4620 κα)⁸
2383 4567 2576 4632 συκᾶς,
2611 4566 2708 4619 καὶ
2732 4565 2834 4620 ὅσα
2862 4566 2964 4639 τῆς
3002 4567 3274 4638 ἐπικήρου
3323 4570 3416 4622 καὶ
3459 4569 3832 4641 φθειρομένης

585 4643 954 4700 hereditatem
1006 4645 1395 4714 adipiscamur,
1443 4663 1551 4703 non
1583 4663 1840 4720 agrorum
1887 4661 1942 4707 et
1966 4653 2152 4710 vinea-

2263 4656 2405 4728 ζωῆς
2422 4673 2438 4689 ·
2468 4656 2607 4712 ἀλλὰ
2635 4657 2706 4712 τὰ
2736 4659 2798 4712 ὲν
2827 4659 3186 4729 ἐπαγγελίαις
3211 4660 3413 4730 ἀγαθὰ,
3431 4661 3534 4733 τὴν
3555 4663 3704 4734 ζωὴν
3733 4663 3832 4734 τὴν

585 4748 799 4803 rum,et
819 4739 1069 4805 ﬁcorum,
1095 4748 1152 4794 et
1196 4755 1531 4826 quascunque
1569 4751 1699 4798 sunt
1767 4745 1930 4798 morti
1971 4744 2149 4800 obno-

2263 4751 2494 4817 αἰώνιον,
2523 4753 2624 4824 τὴν
2665 4749 2944 4822 βασιλείαν
2977 4752 3087 4806 τῶν
3123 4753 3394 4824 οὐρανῶν.
3429 4754 3503 4808 Τὸ
3533 4755 3648 4826 γὰρ
3676 4757 3832 4810 ἐναν-

585 4830 687 4888 xiaz
713 4841 768 4888 et
793 4833 1164 4904 corruptibilis
1197 4835 1324 4890 vitae
1353 4851 1370 4902 ;
1403 4814 1498 4890 sed
1549 4834 1818 4890 honorum
1851 4851 1974 4908 qua:
2009 4853 2141 4907 pro-

2263 4848 2363 4901 τίον
2386 4845 2453 4900 ὲκ
2474 4814 2591 4900 τῶν.
2612 4814 2872 4900 ἐναντίων
2903 4845 3157 4918 πράξεων
3187 4814 3403 4918 ἀπάντη
3411 4863 3511 4916 μα,
3536 4814 3706 4918 ἀπείη
3729 4847 3827 4900 καὶ

583 4923 751 4980 missa
781 4934 932 4993 sunt,
962 4927 1088 4983 vitae
1107 4936 1343 4993 aeternae,
1374 4927 1636 4999 regnique
1659 4928 1952 4985 caelorum.
1985 4929 2146 4998 Quod

2263 4939 2448 4992 ἐννοεῖν
2482 4939 2577 4992 καὶ
2612 4937 2811 5008 λέγειν.
2844 4938 3046 5012 Εἰρήνη
3073 4940 3228 5011 ὑμῖν,
3255 4939 3480 5010 ἀδελφοὶ
3506 4941 3568 4994 ἐν
3601 4939 3817 5012 Κυρίῳ.

579 5014 726 5070 enim
762 5017 1058 5075 contrariis
1081 5019 1394 5076 actionibus
1423 5018 1750 5090 rependatur
1775 5033 1989 5078 merces
2018 5021 2155 5093 ipsis

2263 5029 2572 5102 Είρηνεύετε
2615 5032 2675 5084 ὲν
2721 5028 3261 5105 ἀλλήλοιςοεῠχεσθε
3306 5031 3450 5107 ὑπὲρ
3498 5031 3665 5104 ήμῶν
3711 5031 3830 5086 τῶν

579 5109 879 5176 contraria,
903 5109 1047 5168 absit
1076 5120 1137 5166 ut
1165 5112 1468 5182 cogitemus
1487 5122 1580 5167 aut
1602 5112 1870 5171 dicamus.
1903 5114 2016 5170 Pax
2048 5130 2149 5170 vo-

2263 5121 2492 5193 ὶδελφῶν
2509 5136 2525 5154 ·
2550 5121 2964 5196 παρακλήθητε.

581 5203 685 5267 bis,
722 5201 920 5260 fratres
950 5202 1005 5259 in
1056 5203 1310 5260 Domino.
1367 5203 1586 5261 Pacifici
1637 5214 1814 5264 estote
1871 5209 2146 5284 invicem;

577 5305 732 5353 orate
761 5312 863 5369 pro
898 5297 1057 5356 nobis
1079 5297 1347 5356 fratribus
1373 5315 1390 5368 ;
1421 5301 1814 5360 consolamini.

651 5456 696 5512 ετ
717 5477 908 5538 Matth.
942 5499 1090 5550 XXIV,
1117 5482 1202 5539 is.
1278 5485 1324 5519 ιο
1352 5484 1543 5544 Matth.
1575 5504 1688 5554 ινι.
1709 5491 1801 5549 26.
1875 5493 1921 5527 υ
1948 5491 2115 5552 Hebr.
2140 5509 2242 5562 xu,
2276 5493 2364 5550 is.

2160 5695 2232 5715 ρ
