4102 6374
281 365 414 435 16π3

343 485 419 543 ΣΡ
453 484 539 558 (5)
572 511 644 528 --
683 483 922 563 Ἰωσὴφ,
957 488 1387 563 uno];wa
1429 490 1548 546 τῶν
1595 496 1776 563 Κερα-

846 556 1027 627 μέωνο
1066 558 1248 634 [ωκηἺ

1462 374 2000 439 EPISTOLARUM
2054 379 2201 441 LIB.
2251 379 2336 443 Π.

1875 502 1922 557 Α

3390 384 3534 454 1034

2086 496 2253 554 CCX.
2277 527 2349 540 -
2381 494 2612 569 Ιοεεριιο
2640 497 2939 569 'prtzpmito
2960 494 3350 555 Cet-amcorum.

761 670 923 724 Deﬂe'
945 669 1137 722 obitum
1159 673 1510 739 metmpolitaa.
1527 675 1721 725 Deinde
1739 674 1872 726 hunc
1895 675 2168 739 Josephum
2191 675 2251 726 ad
2271 679 2699 739 perseverantiam
2718 677 3010 730 cohortatur

338 758 449 813 Kal.
479 758 586 831 πρὸ
612 758 711 832 τῆς
749 759 1018 824 ἐλεύσεως
1058 759 1153 815 τοῦ
1188 760 1357 816 καλοῦ
1400 763 1631 834 Σεργίου
1676 765 1847 835 ¹ἢκου-

262 850 427 920 τίσθη
482 852 616 922 ἡμῖν
674 849 735 904 τὸ
785 850 916 923 περὶ
972 851 1067 908 τόν
1111 853 1385 925 μακάριον
1421 856 1855 928 Μητροπολίτηνν

263 942 465 1006 πένθος
496 940 673 1014 ὑμῶν.
706 936 752 996 ὧ
783 942 1004 1013 ἀδελφοὶ
1042 944 1404 1015 τιμιώτατοι·
1426 948 1521 1001 καὶ
1541 948 1667 1003 ὅσον
1690 948 1846 1001 ἐστε-

263 1035 531 1106 νάξαμεν,
566 1034 865 1106 προσθείην
914 1035 961 1090 δ’
986 1034 1078 1102 ἂν,
1122 1037 1220 1091 καὶ
1260 1037 1664 1111 ὲδακρύσαμεν.
1706 1034 1847 1094 οἶδεν

261 1132 291 1184 6
322 1129 430 1184 τῶν
466 1129 726 1200 κρυπτῶν
775 1128 935 1201 lCod.
968 1134 1103 1202 Reg.
1125 1131 1424 1207 γνὼστης.]
1472 1133 1693 1206 Ἐπειδὴ
1727 1152 1843 1189 κοι-

262 1225 355 1290 νὸς
382 1227 411 1279 6
442 1225 629 1296 Πατὴρ
659 1224 754 1280 καὶ
790 1224 946 1295 ὑμῶν
972 1226 1068 1280 καὶ
1106 1225 1284 1297 ἡμῶν,
1318 1227 1471 1297 φίλος
1516 1244 1577 1281 τε
1608 1228 1799 1294 πιστός
1825 1243 1839 1260 ο

263 1317 330 1371 τὸ
363 1316 514 1386 παρὰ
544 1317 683 1371 πᾶσι
710 1315 1043 1388 ζητούμενον
1069 1319 1165 1373 καὶ
1190 1319 1415 1373 σπάνιον
1432 1319 1840 1391 εὑρισκόμενον.

264 1402 339 1463 '0
359 1407 477 1470 πῶς
494 1407 769 1461 κατέπεσε
802 1406 993 1472 στύλος
1008 1408 1108 1478 τῆς
1124 1407 1454 1477 Ἐκκλησίας
1468 1411 1804 1482 ἁκράδαντος
1826 1430 1843 1480 ;

266 1498 382 1562 πῶς
408 1497 466 1552 δὲ
505 1496 819 1570 ἀπεσϐέσθη
863 1499 981 1567 φῶς
1019 1498 1130 1553 τῶν
1167 1501 1228 1555 ὲν
1261 1500 1468 1569 σκότει,
1499 1502 1682 1556 καὶτὸ
1710 1504 1846 1575 ὑμέ-

263 1609 424 1662 τερον
460 1592 754 1647 ίδιαίτατον
802 1591 1107 1664 abrupta;
1140 1593 1399 1665 σεσίγηκε
1428 1595 1652 1664 γλῶσσα
1692 1596 1846 1667 ἡδυε-

264 1686 396 1757 πὴς,
425 1684 599 1757 ᾤχετο
646 1685 775 1750 νοῦς
811 1686 1280 1757 ἐμφρονέστατοςο
1330 1687 1658 1759 ὑπεσπάσθη
1701 1689 1844 1761 ἐρει-

265 1792 383 1847 σμα
410 1775 667 1842 πίστεως,
720 1778 1007 1850 πρόμαχος
1050 1778 1421 1850 Ἐκκλησιῶν,
1450 1781 1719 1855 μειλίχιος
1750 1783 1839 1838 λό-

262 1884 385 1937 γος.
442 1869 724 1940 πειθήνιος
770 1872 963 1943 φωνή·
1004 1874 1111 1927 πᾶν
1155 1873 1280 1929 ὅσον
1326 1875 1491 1929 καλὸν
1535 1878 1630 1932 καὶ
1654 1877 1842 1950 ᾄδεται

263 1956 510 2028 περὶτοῦ
544 1958 738 2028 ἀνδρὸς
767 1960 864 2015 καὶ
895 1961 1246 2033 γνωρίζεται.
1266 1964 1380 2018 Καὶ
1411 1965 1741 2038 γεγόναμεν,
1778 1968 1839 2022 οὐ

262 2047 408 2118 λέγω
433 2048 495 2102 τὸ
524 2048 678 2120 ὑμῶν
703 2050 887 2122 μόνον,
912 2051 1049 2107 ἀλλὰ
1074 2053 1171 2108 καὶ
1200 2055 1341 2110 κατὰ
1378 2056 1439 2111 τὸ
1484 2058 1593 2112 τῶν
1627 2058 1840 2132 όρθοδό-

264 2114 370 2205 ξων
395 2114 951 2214 πλήρωμα.’όρφανοὶ
977 2145 1069 2199 ἐπὶ
1099 2147 1502 2218 προλαϐοῦσαις
1528 2114 1837 2222 ὀρφανίαις.
1871 2114 1916 2170 Β

266 2232 581 2305 Προῦλασεν
612 2235 701 2290 ὅδε
741 2237 770 2291 6
836 2238 1111 2309 μακάριος
1166 2241 1397 2314 Πατήρ’
1466 2244 1842 2319 ἐπηκολούθη-

266 2343 358 2380 σεν
382 2327 568 2399 ἔτερος
592 2344 607 2360 ο
642 2329 966 2401 συναπέπτη
991 2330 1178 2397 ἄλλος’
1208 2334 1396 2405 σχεδὸν
1417 2337 1619 2404 πάντες
1647 2340 1698 2393 οι
1729 2357 1843 2410 φω-

265 2423 461 2493 στῆρες
491 2421 603 2475 τῶν
639 2422 851 2487 πιστῶν
905 2424 1122 2492 ἔδυσαν,
1174 2429 1372 2502 κομιδῇ
1420 2431 1617 2501 ὀλίγων
1641 2434 1842 2488 ἐναπο-

263 2512 611 2582 λειφθέντων.
646 2514 761 2570 Καὶ
795 2516 1087 2585 στυγνάζει
1140 2519 1243 2590 μὲν
1296 2523 1326 2576 6
1384 2524 1634 2596 οὐρανὸς,
1689 2526 1842 2599 νέφει

263 2604 686 2677 περιεχόμενος*
714 2606 1009 2676 στυγνάζει
1041 2607 1099 2662 δὲ
1140 2610 1225 2665 ὅτι
1255 2612 1493 2679 μάλιστα
1538 2617 1574 2687 ἡ
1608 2616 1843 2690 Ἐκκλη-

264 2698 355 2752 σία
383 2698 501 2765 νῦν,
525 2700 653 2763 τοὺς
689 2699 929 2773 ἀστέρας
982 2701 1158 2774 αὐτῆς
1209 2702 1646 2778 ἀποϐεϐληκυῖα.
1691 2710 1842 2783 Πλὴν

262 2793 414 2863 ὅμως
443 2793 473 2846 6
502 2792 603 2863 τῆς
626 2791 975 2866 δικαιοσύνης
1005 2794 1160 2866 ⁴ίίιλιος
1184 2796 1377 2869 εἴληφε
1420 2801 1548 2866 τοὺς
1591 2804 1841 2874 Πατέρας

262 2882 425 2957 Iliad.
458 2884 592 2954 Reg.
619 2885 906 2959 ἀστέρας.]
937 2888 1196 2961 μακαρίῳ
1220 2890 1366 2946 τέλει
1381 2893 1800 2960 ἀποὸιώσαντας
1820 2913 1837 2931 ο

263 2978 359 3032 καὶ
395 2979 558 3041 αὐτὸς
595 2979 865 3051 ὑπέσχετο
892 2981 1007 3049 ἕως
1049 2983 1164 3051 τῆς
1187 2987 1551 3054 συντελείας
1595 2988 1705 3043 τοῦ
1752 2989 1843 3044 al-

262 3068 417 3137 ῶνος
462 3070 683 3125 ἔσεσθαι
731 3072 850 3142 μεθ’
884 3073 1066 3144 ἡμῶν.
1098 3076 1263 3131 Ὥστε
1309 3079 1359 3133 εί
1400 3078 1746 3151 καὶλυπηρὰ
1771 3083 1842 3138 τὰ

240 3168 508 3239 ’παρόντα
529 3185 545 3199 ο
565 3167 701 3223 ἀλλὰ
722 3168 886 3225 πάλιν
907 3172 1186 3245 περιχαρῆ
1206 3173 1297 3228 διὰ
1334 3173 1436 3248 τὴν
1491 3174 1708 3244 ἐλπίδα,
1756 3178 1841 3233 δτι

262 3258 458 3331 ἔχομεν
504 3261 584 3324 είς
632 3260 770 3316 Θεὸν
790 3263 921 3327 τοὺς
947 3263 1201 3338 Πατέρας
1219 3266 1377 3338 ἡμῶν
1398 3267 1837 3341 ὕπερασπιστάς.

262 3352 468 3407 ἄνωθεν
500 3353 903 3419 ὲποπτεύοντας
926 3356 1075 3428 ἡμᾶς
1115 3357 1292 3427 ἵλεως,
1341 3360 1439 3415 καὶ
1487 3362 1842 3435 κάμπτοντας

2028 762 2094 817 Et
2124 773 2251 819 ante
2297 764 2590 821 adventum
2646 766 2773 822 boni
2818 765 3014 837 Sergii,
3045 765 3113 822 de
3166 766 3316 823 luctu
3345 780 3537 827 vestro

1950 858 2094 914 circa
2130 859 2351 914 beatum
2401 858 2806 928 metropolitam
2857 859 3271 927 audiveramus,
3332 862 3538 921 fratres

1950 947 2400 1004 honoratissimi:
2458 956 2724 1018 quantum
2797 948 3249 1020 ingemuerimus,
3330 953 3528 1008 addam

1948 1049 2152 1104 autem,
2198 1039 2482 1110 lacrymati
2518 1039 2713 1105 simus,
2776 1040 2927 1096 novit
2952 1041 3297 1097 occultorum
3327 1042 3529 1114 Cogni-

1950 1138 2055 1185 tor.
2089 1129 2412 1185 Communis
2440 1129 2638 1200 quippe
2686 1139 2838 1199 pater
2870 1140 2991 1186 erat
3046 1140 3101 1188 et
3125 1142 3308 1188 vester
3338 1143 3395 1189 et
3425 1151 3527 1188 no-

1948 1229 2082 1289 ster,
2143 1222 2391 1293 ﬁdusque
2440 1223 2671 1288 amicus,
2740 1222 2922 1291 qualis
2979 1222 3047 1278 ab
3098 1226 3356 1280 omnibus
3383 1240 3534 1295 qna:-

1947 1314 2104 1378 ritnr,
2139 1323 2194 1368 et
2214 1329 2340 1370 raro
2369 1314 2666 1369 invenitur.
2700 1312 2744 1369 Ο
2774 1316 3050 1385 quomodo
3095 1318 3288 1372 cecidit
3313 1318 3529 1373 colum-

1946 1422 2018 1462 ua
2045 1406 2303 1462 Ecclesiae
2351 1407 2680 1463 inconcussa
2706 1407 2729 1460 ?
2763 1408 3037 1479 quomodo
3062 1389 3393 1466 exstinctum
3445 1422 3533 1467 est

1945 1500 2131 1556 lumen
2195 1501 2251 1556 in
2306 1502 2551 1559 tenebris
2614 1505 3101 1571 comtnorantium,
3153 1513 3209 1560 et
3263 1506 3526 1575 splendor

1946 1600 2126 1648 vester
2172 1594 2519 1663 peculiaris?
2579 1594 2867 1651 obmutuit
2923 1595 3107 1667 lingua
3173 1598 3528 1667 suaviloqua,

1947 1685 2081 1741 abiit
2116 1702 2273 1742 mens
2299 1687 2749 1757 prudentissima,
2783 1689 3108 1745 convulsum
3148 1698 3232 1744 est
3274 1691 3526 1745 columen

1951 1778 2095 1845 fidei,
2136 1792 2509 1850 propugnator
2546 1779 2825 1846 Ecclesia,
2862 1781 3155 1836 melliﬂuus
3195 1797 3396 1844 sermo,
3422 1798 3527 1837 vox

1946 1874 2282 1943 persuadens
2311 1891 2325 1929 :
2363 1873 2627 1944 quidquid
2659 1874 2898 1945 denique
2926 1874 3054 1928 boni
3093 1875 3159 1930 de
3185 1875 3303 1929 viro
3335 1874 3529 1944 praedi-

1947 1974 2103 2020 catur
2124 1974 2179 2021 et
2209 1966 2546 2036 agnoscitur.
2580 1964 2646 2021 Et
2683 1965 2810 2022 facti
2860 1982 3078 2032 sumus,
3124 1982 3233 2022 non
3258 1968 3380 2022 dico
3430 1983 3531 2024 vos

1947 2069 2180 2123 tantum,
2224 2060 2320 2115 sed
2348 2075 2540 2116 omnes
2570 2060 2775 2131 ubique
2807 2060 3121 2126 orthodoxi,
3170 2062 3399 2131 orpliani
3432 2077 3528 2116 su-

1948 2166 2045 2222 pra
2068 2151 2435 2220 prazcedentes
2458 2150 2741 2207 orbitates.
2765 2150 3074 2207 Antecessit
3092 2151 3283 2207 beatus
3300 2152 3388 2208 hic
3421 2152 3526 2207 Pa-

1944 2253 2045 2309 ter,
2074 2243 2403 2299 subsecutus
2434 2253 2519 2300 est
2546 2243 2703 2308 alter,
2739 2243 2906 2299 simul
2932 2243 3170 2299 avolavit
3211 2244 3373 2309 alius,
3401 2259 3525 2299 om-

1941 2335 2034 2391 nia
2063 2348 2229 2404 pr0pe
2267 2333 2506 2388 fidelium
2547 2334 2756 2390 lumina
2807 2335 3154 2396 occiderunt,
3205 2336 3396 2405 paucis
3427 2334 3527 2388 ad-

1942 2424 2166 2479 modum
2195 2423 2421 2480 relictis.
2447 2422 2512 2478 iit
2536 2425 2787 2480 tristatur
2813 2425 3036 2495 quidem
3059 2426 3258 2481 cmlum
3289 2427 3526 2482 nubibus

1942 2518 2376 2585 circumfusum;
2418 2519 2666 2573 tristatur
2690 2530 2872 2576 autem
2920 2520 2973 2574 in
3031 2518 3223 2589 primis
3255 2534 3401 2575 nunc
3424 2519 3526 2573 Ec-

1941 2608 2127 2674 clesia,
2160 2608 2331 2664 stellis
2360 2608 2476 2666 suis
2519 2608 2623 2664 sibi
2673 2608 2954 2665 detractis.
2992 2607 3388 2666 Verumtamen
3425 2610 3521 2664 Sol

1936 2700 2165 2772 iustitiae
2198 2699 2500 2770 assumpsit
2529 2700 2721 2755 Patres
2756 2700 2917 2756 beato
2941 2701 3093 2756 exitu
3125 2702 3233 2756 vita
3264 2700 3521 2756 functos:

1941 2800 1996 2847 et
2023 2792 2139 2860 ipse
2188 2789 2476 2845 nobiscum
2516 2804 2681 2860 usque
2730 2789 2800 2842 ad
2853 2789 3356 2843 consummationem
3417 2803 3523 2842 sa:-

1941 2884 2047 2939 culi
2072 2883 2118 2917 '°
2152 2881 2402 2940 futurum
2429 2896 2488 2938 se
2512 2881 2783 2953 promisit.
2808 2880 2991 2948 Quare
3020 2881 3148 2938 licet
3190 2880 3369 2936 tristia
3412 2880 3525 2935 sint

1941 2978 2250 3049 praesentia,
2301 2977 2424 3033 laeta
2467 2985 2597 3031 sunt
2634 2990 2830 3031 rursus
2883 2981 3105 3046 propter
3143 2990 3319 3045 spem,
3372 2973 3519 3044 quod

1940 3069 2131 3127 Patres
2157 3078 2377 3126 nostros
2405 3069 2548 3140 apud
2589 3066 2761 3123 Deum
2807 3076 3147 3138 protectores
3198 3068 3519 3129 habeamus,

1940 3163 2009 3219 ab
2032 3166 2142 3218 alto
2164 3178 2266 3218 nos
2288 3162 2520 3233 benigne
2545 3159 2924 3233 respicientes,
2957 3160 3188 3232 ejusque
3215 3160 3516 3215 bonitatem

1941 3255 2009 3311 ad
2047 3254 2223 3311 nostri
2252 3254 2788 3311 commiserationem
2822 3251 3185 3308 inflectentes.
3220 3249 3299 3306 De
3317 3261 3517 3307 caetero

1940 3349 2007 3406 ad
2047 3364 2146 3404 vos
2166 3347 2531 3405 convertenda
2582 3356 2667 3402 est
2704 3347 2903 3403 oratio.
2961 3343 3396 3416 Haudquaquam
3426 3343 3494 3398 de

263 3445 344 3508 είς
366 3444 457 3497 τὸν
486 3444 618 3516 περὶ
668 3446 817 3516 ἡμᾶς
874 3442 1077 3514 οἶκτον,
1128 3450 1228 3521 τὴν
1282 3451 1449 3508 αὑτοῦ
1500 3432 1836 3529 ἀγαθότητα.

1943 3441 2171 3497 stitutus
2196 3454 2326 3510 grex
2354 3438 2516 3506 estis,
2558 3437 2779 3495 fratres.
2810 3436 3074 3509 Egregius
3090 3436 3235 3492 enim
3268 3434 3374 3501 vir,
3404 3432 3521 3505 pri—

260 3537 463 3591 Λοιπδν
500 3538 584 3608 ἐφ’
615 3538 745 3609 ὑμῖν
780 3540 1176 3613 ἑπιστρεπτέος
1210 3545 1238 3597 6
1266 3542 1443 3613 λόγος.
1467 3545 1543 3600 Οὐ
1582 3546 1839 3619 ποίμνιόν

262 3628 387 3681 ἔστε
417 3630 787 3701 ἠπορημένον,
810 3626 856 3684 ὦ
885 3632 1126 3701 ἀδελφοί.
1176 3633 1236 3688 '0
1263 3635 1373 3707 γὰρ
1395 3635 1559 3702 καλδς
1580 3640 1839 3711 ἀρχιποί-

266 3738 375 3790 μην
404 3720 579 3791 ὑμῶν,
615 3723 644 3776 6
686 3722 781 3776 τοῦ
818 3724 1092 3795 μακαρίου
1142 3727 1355 3799 Πέτρου
1411 3729 1507 3784 τοῦ
1535 3731 1836 3786 ἀποστόλου

262 3813 578 3886 ὁμώνυμος,
610 3813 711 3886 ήδη
762 3814 859 3869 καὶ
891 3816 1139 3871 ὲτύπωσε
1171 3818 1273 3883 καὶι
1315 3821 1712 3892 ὲστοιχείωσεν,
1754 3823 1837 3880 ἔτι

260 3921 320 3958 τε
347 3903 456 3970 ζῶν
483 3904 787 3975 ἡγούμενον
830 3906 958 3977 ὑμῖν
1006 3911 1416 3981 προεστήσατο·
1473 3912 1567 3965 καὶ
1606 3915 1715 3967 πᾶν
1752 3914 1836 3968 δτι

263 3992 356 4051 οὖν
385 3996 736 4067 ὀφειλόμενον
780 3997 1066 4064 διετάξατο
1091 4017 1105 4032 ο
1139 4003 1234 4057 καὶ
1275 4002 1396 4059 ὅλον
1442 4003 1711 4071 ἐνιαυτὸν,
1758 4005 1837 4073 ὡς

261 4088 362 4161 ἤδη
422 4089 674 4161 ἀπαίρων
724 4090 848 4146 καθ’
877 4093 1114 4165 ἑκάστην
1166 4095 1402 4169 ἡμέραν,
1443 4098 1571 4162 τοὺς
1601 4116 1834 4155 συντακ-

260 4181 482 4252 τηρίους
503 4182 697 4252 λόγους
724 4185 1037 4255 ὲπιφωνῶν,
1061 4190 1391 4259 κατήρτισεν
1420 4190 1516 4245 ἕνα
1566 4189 1797 4247 ἕκαστον
1816 4209 1833 4227 ο

263 4274 357 4326 καὶ
385 4274 550 4345 εὐχῆς
596 4274 697 4345 μὲν
729 4274 914 4347 ἔργον,
952 4277 1028 4350 μὴ
1083 4280 1227 4333 κατὰ
1271 4281 1372 4351 τὴν
1403 4280 1690 4345 δυσκολίαν
1737 4283 1835 4339 τοῦ

263 4365 476 4435 χρόνου,
508 4366 683 4432 ἄλλως
702 4370 1008 4440 ἀπαντήσει
1034 4370 1103 4425 τὰ
1131 4365 1452 4444 πράγματα,
1475 4374 1590 4429 ἀλλ’
1619 4374 1696 4440 ὠς
1726 4376 1838 4431 διε-

260 4457 478 4523 τάξατο,
516 4458 791 4530 διαμεῖναι
821 4465 917 4517 καὶ
943 4464 1087 4535 ὑμᾶς
1120 4466 1217 4520 καὶ
1252 4467 1414 4521 αὐτὰ.
1447 4467 1522 4522 Οὐ
1559 4469 1666 4541 μὴν
1695 4471 1744 4524 εί
1765 4470 1836 4525 δι’

262 4551 509 4617 ἐναντίας
555 4554 722 4619 ἑλθοι,
778 4555 971 4610 τούτου
1021 4558 1181 4630 χάριν
1231 4558 1495 4631 προέσθαι
1541 4561 1687 4635 ὑμᾶς
1734 4563 1835 4636 τὴν

262 4641 518 4715 ἀλήθειαν
541 4662 557 4679 ο
588 4646 727 4701 ἀλλὰ
764 4646 950 4713 καθὼς
1000 4651 1251 4715 κάκεῖνος
1300 4651 1581 4720 διετάξατο
1630 4656 1837 4727 ἐγγρά-

263 4752 399 4805 φως,
422 4736 600 4793 πάντα
631 4738 877 4795 σκύϐαλα
910 4742 1218 4813 ἡγήσασθαι
1241 4742 1329 4798 διὰ
1353 4745 1608 4816 Χριστὸν,
1631 4748 1727 4802 καὶ
1756 4749 1832 4821 μὴ

262 4827 551 4899 προδοῦναι
608 4832 738 4896 τοὺς
788 4832 922 4906 περὶ¹
985 4834 1223 4901 πίστεως
1286 4838 1381 4892 καὶ
1439 4838 1699 4911 ἀληθείας
1745 4842 1835 4898 λό-
1867 4834 1913 4892 Ῑ)

262 4936 413 4987 γους.

332 5009 519 5065 Ταῦτα
558 5011 659 5083 μὲν
688 5016 855 5069 πᾶσιν
881 5016 1013 5088 ὑμῖν
1039 5018 1279 5089 λεκτέον,
1311 5025 1740 5098 προηγουμένως
1771 5027 1830 5083 δὲ

263 5101 348 5155 σοὶ
382 5101 462 5174 τῷ
502 5105 680 5177 κυρίῳ
724 5106 1097 5180 καθηγεμόνιο
1157 5114 1349 5187 ἐπειδὴ
1396 5113 1507 5171 οἷον
1552 5118 1613 5172 τὸ
1642 5120 1831 5191 ἄρχον,

260 5193 357 5248 καὶ
398 5195 462 5249 τὸ
505 5197 809 5268 ἀρχόμενον
851 5200 1062 5269 πέφυκε
1097 5204 1364 5273 γίνεσθαι.
1419 5209 1531 5263 Καί
1565 5227 1629 5279 γε
1682 5213 1830 5281 ἅπαξ

262 5283 587 5357 ἑαλώκαμεν
629 5288 722 5341 ὲπὶ
760 5290 827 5360 τῇ
866 5291 1115 5364 αίρετικῇ
1168 5297 1449 5370 κοινωνίᾳ.
1499 5300 1672 5370 φειδοῖ
1722 5302 1832 5356 τῶν

261 5375 589 5450 δρωμένων·
629 5380 704 5454 μὴ
761 5382 943 5450 πάλιν,
993 5383 1227 5456 δεόμεθα
1272 5391 1366 5445 καὶ
1411 5391 1829 5467 ὑπομιμνήσκο-

328 5490 375 5524 ’θ
401 5491 589 5549 Matth.
615 5511 808 5563 uvul,
835 5498 923 5555 20.

1944 3550 2067 3591 mus
2107 3543 2294 3603 pastor
2320 3541 2522 3595 vester,
2578 3531 2721 3586 beati
2760 3530 2907 3587 Petri
2955 3528 3189 3599 apostoli
3236 3525 3522 3598 cognomi-

1943 3628 2052 3694 nis,
2079 3627 2190 3697 jatn
2223 3641 2320 3681 vos
2352 3626 2589 3682 erudivit
2621 3636 2677 3681 et
2721 3624 3058 3688 informavit,
3106 3632 3160 3680 et
3191 3638 3314 3679 cum
3341 3621 3523 3677 adhuc

1942 3720 2166 3782 viveret,
2199 3720 2551 3789 prtepositum
2582 3719 2736 3774 vobis
2772 3717 3055 3787 praefecit;
3099 3726 3155 3773 et
3198 3731 3322 3787 qua:
3358 3714 3524 3770 debe-

1942 3812 2058 3875 bat,
2081 3813 2263 3865 omnia
2294 3811 2622 3875 constituit;
2657 3818 2881 3878 totoque
2911 3824 3083 3872 anno,
3142 3808 3290 3862 velut
3321 3805 3522 3859 diebus

1942 3902 2174 3975 singulis
2241 3906 2506 3972 migrans,
2561 3903 2912 3969 comparatis
2938 3900 3004 3953 ad
3045 3900 3350 3954 discessum
3401 3910 3519 3949 ver-

1942 3996 2028 4052 bis
2048 4009 2147 4050 vos
2168 3994 2470 4065 alloquens,
2499 3990 2734 4063 perfecte
2762 3991 3020 4047 instruxit
3036 4002 3480 4059 unumquemque
3499 4004 3519 4048 :

1943 4089 2188 4158 adeoque
2216 4086 2514 4157 optandum
2549 4094 2652 4150 est,
2680 4092 2741 4140 ut
2769 4099 2877 4139 non
2915 4084 3093 4148 aliter,
3144 4083 3215 4136 ob
3254 4079 3525 4149 temporis

1942 4181 2303 4247 difﬁcultates,
2341 4195 2426 4235 res
2455 4180 2794 4246 succedant;
2824 4177 2916 4234 sed
2962 4176 3105 4232 sicut
3146 4174 3265 4244 ipse
3313 4173 3523 4228 consti-

1941 4275 2067 4341 tuit,
2101 4273 2173 4328 ita
2195 4272 2557 4343 permaneatis
2582 4279 2637 4326 et
2667 4286 2788 4338 vos,
2816 4279 2869 4326 et
2900 4283 2989 4324 res
3019 4268 3171 4339 ipsae.
3214 4264 3400 4335 Neque
3432 4272 3517 4319 ta-

1942 4381 2092 4428 men,
2128 4365 2176 4421 si
2210 4364 2338 4434 quid
2369 4372 2560 4419 contra
2590 4362 2854 4426 evenerit,
2883 4359 3087 4417 idcirco
3129 4358 3400 4430 abjiciatis
3420 4370 3517 4410 vos

1941 4459 2262 4524 veritatem;
2319 4456 2436 4522 sed,
2490 4454 3082 4529 quemadmadmodum
3148 4454 3353 4523 scripto
3427 4450 3517 4504 ille

1941 4552 2217 4625 praeepit,
2249 4551 2430 4605 omnia
2464 4557 2685 4620 propter
2732 4547 3017 4604 Christum
3079 4544 3416 4603 arbitremini
3458 4552 3518 4598 ut

1940 4654 2207 4713 stercora,
2230 4652 2283 4698 et
2307 4643 2360 4699 iu
2383 4643 2508 4699 fidei
2532 4642 2886 4714 veritatisque
2914 4641 3228 4699 defensione
3250 4653 3358 4693 non
3377 4652 3518 4709 prte-

1940 4751 2286 4792 varicemlm.

2006 5022 2133 5079 Hzec
2166 5020 2421 5078 omnibus
2469 5020 2690 5093 quidem
2750 5018 2906 5074 vobis
2954 5017 3233 5085 dicenda;
3277 5017 3371 5073 sed
3410 5016 3512 5073 tibi

1934 5119 2281 5192 potissimum
2326 5115 2552 5171 domino
2598 5113 2933 5186 przeposito;
2982 5112 3112 5183 quia
3159 5112 3353 5184 quales
3382 5119 3514 5166 sunt

1935 5211 2028 5282 qui
2062 5218 2325 5281 praesunt,
2358 5209 2492 5263 tales
2513 5221 2632 5263 esse
2659 5207 2837 5261 solent
2856 5213 2911 5260 et
2930 5204 3154 5261 subditi.
3191 5205 3257 5259 Et
3288 5204 3511 5275 quidem

1935 5303 2097 5358 semel
2126 5298 2446 5373 deprehensi
2476 5314 2668 5354 sumus
2723 5298 2778 5353 in
2803 5299 3055 5354 haeretica
3097 5298 3507 5361 communione,

1938 5407 2160 5467 propter
2200 5390 2440 5451 studium
2505 5408 2688 5449 rerum
2758 5391 3101 5450 visibilium:
3164 5406 3232 5448 ne
3286 5392 3509 5457 iterum,

1771 5680 2004 5740 NOTAE.

341 5830 418 5901 (5)
443 5830 501 5888 in
530 5834 657 5890 eod.
681 5831 816 5907 Reg.
839 5834 964 5906 σιγ⁹.
