4102 6374
579 374 719 440 1635

1768 390 1827 454 S.
1853 388 2251 453 THEODORI
2291 390 2639 453 STUDITB

3695 379 3833 447 1638

574 508 796 550 oramus
822 503 876 550 et
896 494 1277 565 admonemus,
1307 509 1532 571 propter
1559 505 1915 568 monasteria,
1934 505 2153 561 vineas-

2268 522 2376 574 μιν,
2407 505 2495 561 διὰ
2533 505 2888 577 μοναστήρια,
2931 502 3264 576 ἀμπελῶνας
3309 520 3372 558 τι
3422 503 3524 557 καὶ
3574 498 3841 567 ἑλαιῶνας

575 602 683 657 que
714 597 764 642 et
796 589 992 645 oliveta
1022 600 1075 645 et
1113 592 1288 660 iiceta,
1330 610 1454 665 quae
1484 610 1585 651 nos
1614 599 1959 668 postmodum
2008 598 2153 654 sicut

578 691 757 748 patres
797 683 967 738 nostri
1006 684 1242 739 relicturi
1285 703 1496 752 sumus,
1551 697 1605 743 et
1650 690 1889 746 relicturi
1947 692 2001 745 in
2047 706 2153 746 sae-

578 773 721 832 cula,
758 783 1028 826 attentum
1056 776 1283 829 instituti
1316 778 1489 831 nostri
1519 780 1760 834 studium
1790 781 2152 851 negligamus,

581 864 995 934 pulluamurque
1014 866 1340 920 heterodoxa
1369 870 1770 935 cmnmuninne,
1792 886 1954 940 prava
1972 885 2157 925 exem-

582 956 665 1023 pla
704 957 828 1010 hinc
875 957 997 1010 inde
1062 958 1591 1027 circumspicientes.
1652 958 1770 1015 Non
1837 962 1936 1016 ista
1996 962 2157 1018 nobis

582 1050 787 1103 auxilio
808 1059 970 1104 erunt
993 1060 1235 1118 tempore
1268 1052 1486 1116 mortis,
1516 1053 1570 1106 in
1632 1054 1762 1107 hora
1788 1053 1978 1123 judicii
2006 1072 2022 1121 ;
2060 1054 2156 1110 sed

584 1142 723 1195 bona
753 1144 1109 1209 conscientia,
1157 1154 1210 1198 et
1242 1146 1605 1215 inculpabilis
1656 1147 2027 1203 conversatio.
2062 1149 2159 1201 At-

583 1248 690 1300 que
743 1238 853 1288 tunc
881 1250 978 1290 nos
1008 1236 1088 1289 sic
1121 1236 1429 1301 hortamur,
1463 1252 1569 1292 non
1624 1246 1883 1307 tanquam
1928 1238 2159 1293 velimus

584 1341 747 1396 grave
774 1326 977 1395 aliquid
1007 1343 1102 1383 vos
1154 1328 1285 1398 pati,
1318 1328 1413 1383 sed
1457 1329 1602 1399 quod
1661 1339 1918 1399 tanquam
1958 1327 2159 1384 fratres

585 1417 844 1473 fratribus
864 1434 1025 1489 opem
1060 1420 1200 1474 ferre
1220 1421 1531 1490 cupiamus,
1566 1432 1726 1491 prout
1744 1423 2001 1476 mandato
2018 1436 2159 1492 pra:-

584 1520 801 1580 ceptum
830 1521 933 1566 est.
971 1510 1181 1566 Etenim
1231 1514 1457 1567 miseret
1511 1529 1636 1579 nos,
1683 1516 2161 1584 compatimurque

586 1602 813 1658 domino
869 1603 1150 1675 Gregorio,
1185 1605 1456 1675 spirituali
1516 1606 1676 1661 fratri
1715 1617 1928 1672 nostro,
1974 1605 2159 1676 utqui

586 1709 847 1765 prospere
873 1694 985 1764 jam
1021 1698 1393 1764 consenuerit,
1444 1699 1676 1765 talisque
1706 1699 1777 1755 sit
1803 1700 2019 1769 qualem
2060 1712 2161 1753 no-

587 1787 708 1852 stis,
738 1795 857 1841 tum
903 1803 970 1842 ex
1001 1789 1185 1844 carnis
1231 1789 1443 1853 ciliciis,
1508 1798 1622 1845 tum
1660 1806 1727 1846 ex
1778 1792 2159 1861 spiritualibus

586 1881 952 1938 rectefactis:
987 1884 1189 1953 quique
1218 1884 1497 1940 Christum
1548 1854 2156 1948 imitatus-humilitate,
2186 1854 2234 1913 Β

588 1973 776 2028 subire
827 1974 1012 2030 omnia
1050 1976 1323 2041 maluerit,
1360 1991 1525 2047 quam
1578 1977 1846 2032 adversus
1902 1986 2159 2046 paternas

587 2064 931 2121 deﬁnitiones
989 2066 1286 2136 quidquam
1345 2076 1683 2139 perpetrare.
1721 2067 1964 2123 Douetur
2004 2069 2161 2124 vobis

587 2170 684 2225 per
711 2157 940 2227 gratiam
974 2173 1077 2227 pax
1126 2158 1237 2224 Dei,
1281 2175 1446 2230 quam
1499 2161 1705 2216 sanctis
1743 2162 2006 2230 apostolis
2044 2161 2161 2217 suis

586 2251 655 2305 ad
702 2252 873 2305 rmlos
924 2251 1113 2305 abiens
1160 2251 1468 2321 impertiit;
1517 2254 1817 2323 quinetiam
1867 2263 1920 2308 et
1973 2264 2160 2310 mutua

587 2342 729 2396 inter
760 2356 855 2396 vos
876 2341 1113 2397 dilectio.
1144 2340 1209 2396 In
1236 2349 1332 2398 hoc
1354 2345 1516 2407 enim,
1547 2346 1645 2406 ait,
1692 2354 2021 2415 cognoscent
2047 2361 2164 2399 om-

587 2449 677 2487 nes
704 2435 832 2501 quia
869 2426 1117 2504 discipuli
1146 2437 1248 2490 mei
1303 2438 1452 2502 estis,
1486 2438 1532 2493 si
1568 2437 1904 2492 dilectionem
1958 2438 2162 2492 habue-

585 2527 706 2580 ritis
756 2528 824 2579 ad
853 2528 1161 2583 invicem".
1197 2527 1352 2583 Bono
1391 2530 1468 2585 sis
1498 2530 1705 2597 animo,
1752 2531 1975 2585 domine
2020 2545 2164 2601 prte-

585 2617 806 2684 posite;
839 2629 892 2671 et
919 2617 1035 2686 ipse
1064 2618 1323 2674 dominus
1358 2618 1657 2692 Gregorius
1688 2638 1703 2688 ;
1736 2631 1851 2675 tum
1898 2629 1954 2675 et
1981 2620 2163 2677 caeteri

585 2723 780 2763 omnes
802 2724 869 2764 ex
902 2709 1127 2775 ordine;
1163 2710 1404 2767 universi
1470 2713 1751 2769 tristitiam
1803 2712 2161 2784 refugientes,

585 2808 643 2855 et
672 2811 927 2871 tanquam
960 2817 1158 2859 novum
1205 2804 1466 2874 quiddam
1492 2804 1614 2873 iter,
1651 2806 1940 2877 spirituale
1984 2815 2166 2862 certa-

588 2905 713 2945 men
738 2901 976 2945 vestrum
1020 2891 1330 2948 obeuntes:
1370 2908 1472 2964 pro
1510 2894 1672 2950 nobis
1737 2896 1903 2950 etiam
1939 2894 2166 2951 humili-

588 2981 690 3039 bus
709 2993 929 3041 orantes
961 2984 1179 3040 meliora
1199 2994 1249 3040 et
1271 2986 1526 3041 viciniora
1551 2987 1716 3042 saluti
1741 2988 1810 3043 υ.

912 3187 1093 3247 CCXI.
1128 3221 1199 3231 —
1232 3190 1523 3263 Euphemio
1555 3191 1834 3251 Sardensi.

2257 597 2352 649 καὶ
2382 596 2652 662 συκῶνας,
2674 596 2710 652 ἀ
2738 596 2932 667 μικρὸν
2985 596 3213 668 ὕστερον
3243 595 3341 649 καὶ
3372 596 3535 666 ήμετς
3558 592 3637 657 ὡς
3662 593 3715 646 οἱ
3740 611 3845 646 πα-

2255 687 2415 757 τέρες
2477 687 2636 756 ήμῶν
2688 687 3093 756 καταλείψομεν
3142 689 3226 749 είς
3280 685 3506 748 αίῶνας,
3550 684 3846 754 προδῶμεν

2254 778 2355 848 τὴν
2383 778 2670 848 ἀκρίϐειαν
2697 778 2793 831 τοῦ
2819 779 3260 849 ἐπαγγέλματος,
3296 778 3392 831 καὶ
3425 777 3758 848 χρανθῶμεν
3778 780 3844 848 τῇ

2258 870 2549 941 ἐτεροδόξῳ
2576 869 2851 941 κοινωνίᾳ,
2873 871 2943 922 τὰ
2973 867 3197 938 σκαμόἀ
3235 867 3620 936 ὑποδείγματα
3642 865 3847 919 κύκλος

2257 959 2348 1013 θεν
2392 959 2845 1031 περιϐλέποντες.
2876 960 2953 1012 Οὐ
2999 960 3373 1029 προστήσεται
3411 957 3546 1026 ἡμῖν
3579 955 3640 1006 ὲν
3667 953 3847 1024 καιρῷ

2258 1052 2514 1114 θανάτου,
2550 1053 2608 1105 ὲν
2647 1050 2767 1123 ὥρᾳ
2789 1050 3027 1121 κρίσεως
3070 1052 3151 1113 εἰς
3184 1049 3437 1120 βοήθειαν
3464 1047 3677 1101 ταῦτα’
3710 1047 3849 1099 ἀλλά

2256 1145 2318 1199 τὸ
2353 1143 2591 1215 χρηστὸν
2632 1142 2897 1206 συνειδὸς.
2930 1141 3026 1195 καὶ
3056 1142 3091 1211 ἡ
3120 1142 3547 1207 ἀκατάγνωστος
3570 1138 3842 1191 πολιτεία.

2258 1240 2370 1294 Καὶ
2407 1235 2581 1292 ταῦτα
2619 1235 2718 1305 ούχ
2750 1234 2826 1299 ὡς
2858 1233 3176 1304 βουλόμενοι
3216 1232 3361 1301 ὑμᾶς
3392 1232 3631 1300 πάσχειν
3657 1247 3713 1282 τι
3740 1230 3846 1283 δει-

2260 1329 2369 1393 νὸν,
2398 1326 2822 1399 πφτρεπόμεθα
2847 1341 2863 1357 ·
2899 1326 3016 1379 ἀλλ’
3044 1325 3121 1389 ῶς
3153 1323 3375 1393 ἀδελφοὶ
3419 1323 3676 1392 ἀδελφοῖς
3722 1322 3849 1393 βοη⁴

2260 1419 2374 1474 θεῖν
2407 1418 2833 1492 προαιρούμενοι
2884 1417 3032 1472 κατά
3070 1416 3171 1488 τὴν
3221 1414 3554 1470 κελεύουσαν
3599 1416 3841 1485 ἐντολήν.

2272 1512 2427 1567 Ἐπεὶ
2464 1512 2560 1566 καὶ⁸
2599 1509 2997 1580 κατελεοῦμεν,
3024 1510 3119 1563 καὶ
3149 1509 3496 1579 οἱκτείρομεν
3529 1509 3625 1562 τδν
3655 1507 3845 1579 κύριον

2260 1604 2564 1677 Γρηγόριον
2603 1603 2699 1657 τὸν
2735 1600 3111 1673 πνευματικὸν
3146 1600 3304 1671 ήμῶν
3344 1600 3593 1670 ἀδελφὺν,
3627 1597 3705 1662 ὡς
3744 1599 3842 1670 ήδη

2259 1700 2510 1772 λιπαρῶς
2544 1697 2918 1771 γεγηρακότα,
2970 1697 3066 1752 καὶ
3111 1694 3354 1749 τοιοῦτον
3386 1694 3516 1749 ὄντα
3561 1690 3679 1747 οἷον
3707 1694 3841 1758 ἴστε,

2261 1793 2370 1849 ἀπό
2402 1809 2462 1846 τε
2502 1791 2611 1845 τῶν
2658 1788 2939 1861 σαρκικῶν
2993 1787 3375 1859 καθηκόντων,
3430 1787 3527 1841 καὶ
3575 1786 3689 1841 ἀπὸ
3741 1803 3847 1841 των

2262 1883 2652 1957 πνευματικῶν
2687 1882 3134 1953 κατορθωμάτων
3155 1897 3170 1911 ο
3201 1881 3251 1935 εί
3295 1881 3392 1934 καὶ
3440 1880 3525 1933 ὅτι
3557 1896 3844 1951 χριστομι-

2264 1981 2422 2051 μήτῳ
2464 1976 2789 2033 ταπεινώσει
2841 1978 3014 2030 οἴσειν
3058 1977 3239 2030 πάντα
3298 1972 3653 2045 προέκρινεν,
3706 1974 3742 2044 ﬂ
3788 1989 3841 2027 τι

2261 2070 2504 2126 ἐναντίον
2536 2070 2645 2124 τῶν
2674 2068 2960 2140 πατρικῶν
2988 2066 3237 2139 ὁρισμῶν
3267 2064 3697 2137 διαπράξασθαι.
3733 2064 3845 2119 Xa-

2265 2166 2471 2238 ρισθείη
2499 2165 2630 2235 ὑμῖν
2659 2164 2693 2234 ή
2728 2163 2922 2234 εἰρήνη
2949 2160 3046 2214 τοῦ
3069 2159 3227 2224 Θεοῦ,
3253 2160 3433 2230 ἤνπερ
3467 2155 3845 2227 ἐπεφθέγξατο

2260 2260 2374 2321 τοῖς
2402 2256 2582 2325 ἁγίοις
2605 2254 2772 2309 αὐτοῦ
2803 2252 3127 2315 ἀποστόλοις
3154 2250 3415 2319 ἀπαίρων
3456 2249 3516 2300 ἑν
3547 2248 3804 2317 οὐρανοῖς
3822 2261 3841 2279 ο

2261 2350 2397 2405 ἀλλά
2429 2348 2657 2422 μήνκαὶ
2682 2349 2717 2418 ἡ
2750 2348 2829 2413 εις
2852 2345 3115 2417 ἀλλήλους
3134 2343 3345 2413 ἀγάπη.
3382 2341 3480 2394 Ἐν
3501 2341 3694 2403 τούτῳ
3714 2340 3842 2408 γὰρ,

2263 2458 2339 2512 φη
2352 2441 2429 2505 ot,
2458 2438 2795 2510 γνώσονται
2825 2435 3051 2500 πάντες
3084 2432 3174 2487 ὅτι
3217 2430 3349 2501 ἐμοὶ
3381 2430 3645 2500 μαθηταὶ
3683 2428 3845 2490 ἐστὶ,

2261 2535 2373 2589 ἐὰν
2404 2532 2651 2603 ἀγάπην
2681 2530 2861 2599 ἔχητε
2900 2528 2974 2581 ἐν
3015 2524 3339 2593 ἀλλήλοις.
3372 2521 3639 2593 Εὑθύμει,
3670 2522 3702 2575 ὁ
3750 2520 3847 2574 κύ-

2265 2642 2382 2695 ριος
2430 2625 2460 2678 ὁ
2502 2623 2828 2694 ἡγούμενος,
2861 2618 3026 2683 αὐτὸς
3058 2619 3088 2670 ὁ
3116 2617 3304 2688 κύριος
3347 2616 3659 2687 Γρηγόριος
3681 2628 3699 2642 ο
3733 2606 3849 2665 εἶτα

2264 2712 2346 2781 εἷς
2368 2716 2597 2779 ἕκαστος
2618 2714 2729 2768 τῶν
2748 2712 2877 2782 ἑξῆς
2896 2727 2914 2741 °
2944 2711 3298 2773 ἀνανεύοντες
3327 2707 3570 2769 ἅπαντες
3601 2704 3715 2758 ἀπὺ
3754 2705 3850 2772 τῆς

2264 2810 2465 2879 λύπης,
2514 2808 2611 2861 καὶ
2642 2802 3022 2867 ὁδοποιοῦντες
3051 2801 3243 2871 ὥσπερ
3270 2800 3401 2854 νέαν
3427 2797 3556 2852 τινά
3601 2796 3729 2850 ὁδὸν
3763 2796 3851 2849 τὸν

2266 2899 2634 2969 πνευματικὸν
2674 2897 2831 2969 ὑμῶν
2857 2894 3048 2965 ἀγῶνα
3068 2909 3081 2926 ’
3115 2891 3552 2963 προσευχόμενοι
3601 2889 3698 2942 καὶ
3728 2889 3851 2958 περὶ

2265 2990 2426 3065 ήμῶν
2461 2990 2573 3044 τῶν
2608 2986 2884 3043 ταπεινῶν
2949 2984 3026 3040 τὰ
3082 2982 3394 3052 κρείττονα
3448 2981 3550 3036 καὶ
3596 2981 3858 3051 ἐχόμενα

2266 3084 2592 3153 σωτηρίας.

2480 3197 2606 3251 ΣῙΑ⁹
2644 3194 2744 3269 (6).
2767 3225 2842 3237 --
2860 3192 3149 3263 Εὐφημιῳ
3169 3189 3423 3261 Σάρδης.
3458 3186 3657 3263 [mla]

1076 3306 1343 3357 Abstinere
1367 3320 1395 3357 a
1419 3310 1571 3358 sacris
1589 3307 1926 3361 functionibus
1948 3311 2139 3365 debere
2160 3326 2268 3376 eos,
2302 3313 2388 3377 qui
2417 3324 2530 3362 cum
2559 3305 2813 3360 haereticis
2836 3302 3339 3357 communicaverant.

662 3415 745 3471 Tu
768 3416 1012 3487 quidem,
1043 3432 1075 3470 ο
1105 3417 1281 3484 beate,
1317 3428 1581 3474 consueta
1620 3428 1784 3476 utens
1830 3422 2165 3490 humilitate,

592 3526 698 3567 nos
743 3510 1104 3565 inhonoratos
1152 3510 1336 3566 verbis
1382 3510 1575 3567 efferre
1622 3528 1733 3568 non
1784 3514 2013 3573 desinis.
2058 3517 2170 3573 Nos

594 3617 727 3659 vero
756 3602 915 3672 plane
945 3610 997 3656 te
1051 3601 1306 3656 novimus
1350 3611 1405 3656 et
1429 3602 1602 3657 basim
1634 3604 1786 3660 verbi
1821 3621 1964 3671 esse,
1989 3616 2044 3661 et
2074 3605 2170 3660 lir-

594 3704 933 3749 tuamentum
995 3691 1290 3748 Ecclesiae:
1342 3695 1687 3766 maximeque
1748 3696 1857 3751 hoc
1901 3705 2167 3767 tempore,

594 3785 817 3856 quando
868 3785 1231 3841 deseruerunt
1295 3801 1398 3842 nos
1451 3787 1707 3858 hiatque
1751 3788 1828 3843 illi
1882 3790 2169 3858 conspicui

595 3875 811 3942 Patres,
878 3876 1053 3949 gloria
1113 3877 1593 3947 orthodoxorum;
1662 3889 1830 3950 tuque
1883 3882 2030 3936 velut
2082 3881 2171 3936 fait

596 3983 770 4039 prope
807 3971 967 4024 unica
1015 3968 1305 4033 discurris,
1347 3971 1650 4040 praelucens
1705 3972 1773 4027 iis
1798 3972 1891 4043 qui
1945 3973 2001 4027 in
2038 3975 2174 4029 urbe

599 4061 940 4118 remissiores
986 4070 1155 4117 sunt:
1189 4062 1390 4117 multos
1444 4064 1784 4129 illuminans,
1823 4065 1960 4121 lucis
1991 4064 2169 4135 inopia

599 4154 966 4214 mentientes.
998 4155 1180 4224 plures
1210 4155 1277 4209 ad
1309 4155 1475 4210 Deum
1515 4156 1815 4224 adducens,
1846 4173 1940 4227 per
1968 4160 2174 4215 exube-

602 4258 834 4312 rantem,
866 4245 1108 4301 fluminis
1158 4247 1446 4316 cujusdam
1502 4248 1699 4314 instar,
1729 4249 2043 4305 mellilluam
2069 4251 2173 4306 do-

599 4342 836 4395 ctrinam
881 4348 1052 4393 luant.
1083 4337 1285 4393 Verum
1322 4350 1377 4394 tu
1408 4339 1570 4395 nobis
1598 4355 1767 4411 porro
1802 4344 2171 4409 conserveris,

602 4434 687 4486 vir
750 4430 1237 4495 desideratissime,
1296 4430 1408 4485 imo
1459 4431 1718 4487 Ecclesiae
1760 4434 2053 4499 universae,
2103 4434 2173 4491 ad

601 4525 1062 4586 stabilimentum,
1097 4523 1451 4593 divinumque
1474 4524 1914 4581 exsultationem.
1944 4525 2020 4581 De
2045 4542 2173 4598 pre-

601 4620 825 4690 shytero
844 4627 1050 4684 autem,
1075 4616 1143 4672 de
1173 4632 1283 4688 quo
1311 4617 1610 4688 signiﬁcari
1632 4618 1869 4689 iussisti,
1899 4621 2175 4691 quomodo

2344 3424 2415 3477 Σὺ
2444 3422 2563 3493 μὲν,
2597 3414 2642 3475 ὧ
2697 3415 2963 3489 μακάριε,
3004 3416 3075 3486 τῇ
3122 3411 3344 3483 συνήθει
3389 3405 3854 3479 ταπεινοφροσύνῃ

2274 3512 2555 3587 χρώμενος
2598 3509 2661 3564 ού
2702 3505 3090 3577 διαλιμπάνεις
3129 3498 3528 3569 ἀποσεμνύνειν
3553 3496 3705 3567 ἡμᾶς
3731 3496 3855 3557 τοὺς

2275 3605 2633 3676 ἀγεράστους.
2671 3600 2862 3671 Ἡμεῖς
2909 3597 2968 3652 δέ
3022 3612 3082 3649 σε
3140 3594 3317 3664 ῐσμεν,
3367 3590 3443 3654 ὼς
3491 3587 3733 3658 ἀληθῶς,
3764 3587 3857 3644 καὶ

2275 3695 2515 3767 κρηπῖδα
2559 3693 2654 3747 τοῦ
2715 3691 2899 3760 λόγου,
2947 3688 3045 3743 καὶ
3090 3686 3322 3758 ἔρεισμα
3363 3682 3465 3753 τῆς
3503 3679 3853 3750 ’[Ξκκλησίιις⁹

2276 3788 2373 3842 καὶ
2412 3786 2650 3859 μάλιστά
2693 3802 2758 3856 γε
2815 3785 2963 3856 ἄρτι,
2992 3780 3230 3852 ὁπηνίκα
3263 3776 3684 3832 ἀπολελοίπασιν
3712 3773 3857 3844 ἡμᾶς

2276 3883 2305 3935 ὁ
2329 3880 2477 3935 δεῖνα
2511 3878 2605 3933 καὶ
2646 3880 2675 3933 ὁ
2716 3878 2883 3939 δεῖνα,
2912 3875 2959 3929 οἱ
2989 3872 3274 3943 διαφανεῖς
3303 3867 3572 3939 Πατέρες,
3609 3866 3672 3919 τὸ
3699 3865 3854 3928 κλέος

2277 3974 2387 4028 τῶν
2410 3970 2729 4043 ὁρθοδόξων,
2768 3969 2865 4023 καὶ
2891 3968 2967 4033 ὠς
2998 3960 3078 4029 εἷς
3113 3964 3301 4036 σχεδὸν
3329 3961 3539 4033 πυρσὸς
3574 3958 3858 4030 ὑπερλάμ-

2277 4086 2398 4122 πων
2420 4067 2530 4122 τῶν
2560 4064 2872 4137 ὑφειμένων
2918 4061 3154 4124 διαθέεις
3184 4058 3295 4113 τῶν
3320 4058 3377 4111 ιν
3401 4057 3552 4111 ἄστει
3576 4071 3592 4085 ⁸
3628 4052 3856 4115 πολλοὺς

2280 4161 2381 4234 μὲν
2411 4157 2662 4232 φωτίζων
2702 4155 3098 4228 μυωπάζοντας
3131 4154 3197 4207 ὲκ
3224 4148 3606 4221 φωτολειψίας,
3638 4146 3857 4211 πλείους

2276 4255 2336 4311 δὲ
2386 4254 2681 4325 προσάγων
2719 4249 2801 4321 τῷ
2834 4247 2953 4320 Θεῷ
3002 4246 3091 4301 διά
3137 4248 3235 4317 τῆς
3277 4241 3703 4311 ὲπικλυζούσης,
3747 4234 3857 4293 οἷον

2281 4345 2513 4419 ῥεύματι
2542 4362 2667 4408 τινι,
2693 4338 3054 4415 μελισταγοῦς
3077 4338 3301 4409 διδαχῆς
3322 4354 3436 4391 σου.
3466 4334 3632 4390 Ἀλλά
3649 4333 3856 4403 φυλαχ-

2280 4437 2432 4510 θείης
2458 4438 2590 4509 ἡμῖν
2617 4435 2718 4500 ἔτι,
2748 4426 2794 4488 ὦ
2822 4431 3118 4505 τριπόθητε
3136 4448 3151 4462 ’
3181 4430 3244 4484 οὐ
3279 4429 3386 4501 μὴν
3414 4427 3553 4483 ἀλλά
3589 4427 3686 4479 καὶ
3709 4425 3856 4493 πάσῃ

2276 4534 2346 4603 τῇ
2386 4529 2704 4602 Ἐκκλησία,
2744 4527 2825 4591 είς
2855 4526 3157 4598 στηριγμόν
3202 4540 3261 4578 τε
3294 4521 3388 4577 καὶ
3423 4522 3567 4576 θεῖον
3589 4518 3855 4586 ἀγαλλία-

2283 4642 2378 4697 μα.
2413 4623 2549 4695 Περὶ
2585 4621 2641 4676 δὲ
2670 4614 2730 4677 οὗ
2763 4616 3141 4691 πρεσϐυτέρου
3171 4616 3464 4678 ἐκέλευσας
3494 4613 3743 4683 σημᾶναι
3774 4609 3859 4662 οὔ·

603 4729 664 4769 so
691 4714 904 4779 haheat,
937 4720 991 4769 et
1014 4711 1159 4783 quod
1194 4712 1507 4783 redemptus
1538 4714 1661 4768 sita
1692 4713 2007 4781 captivitate
2042 4713 2167 4769 bar-

2273 4736 2381 4784 τως
2398 4716 2495 4771 καὶ
2515 4714 2709 4780 οὕτως,
2743 4711 2882 4767 εἷναί
2918 4728 2979 4765 τε
3012 4710 3111 4765 καὶ
3130 4706 3571 4780 ὲκλελυτρῶσθαι
3598 4706 3698 4776 τῆς
3724 4703 3859 4775 βαρ-

605 4807 814 4868 barica,
838 4806 1046 4860 scimus
1076 4813 1130 4860 et
1164 4819 1286 4870 nos,
1321 4804 1537 4875 singula
1572 4804 1643 4860 ab
1694 4804 1932 4875 ipsumet
1970 4805 2175 4861 edocti.

606 4897 713 4953 Sed
744 4898 825 4953 vir
859 4897 961 4953 iste
1006 4912 1105 4952 nec
1131 4896 1267 4962 vult,
1311 4911 1413 4952 nec
1440 4897 1666 4967 patitur,
1699 4912 1767 4952 ex
1807 4912 2003 4952 norma
2037 4897 2179 4954 inter

606 5009 709 5049 nos
751 5002 967 5064 recepta
1015 5008 1075 5048 se
1119 4992 1338 5065 corrigi.
1390 4991 1541 5048 Nosti
1590 4993 1760 5057 enim,
1807 4991 1919 5049 Deo
1951 4993 2174 5060 dilecte,

607 5088 885 5144 communi
913 5088 1132 5143 calculo
1160 5088 1566 5154 confessorum,
1596 5087 1690 5158 qui
1736 5095 1832 5142 aut
1863 5087 2046 5144 adhuc
2080 5103 2179 5143 su-

607 5181 862 5252 perstites
907 5189 1054 5240 sunt,
1086 5188 1179 5235 aut
1218 5180 1380 5251 paulo
1406 5190 1534 5235 ante
1580 5181 1646 5235 ad
1695 5178 1988 5235 Dominum
2025 5179 2182 5235 abie-

608 5280 761 5336 runt,
797 5281 1060 5327 statutum
1100 5287 1243 5336 esse,
1276 5282 1336 5327 ut
1392 5272 1569 5328 sacris
1603 5272 1826 5336 initiati,
1875 5274 1967 5342 qui
2012 5270 2181 5328 semel

607 5366 663 5421 in
694 5367 946 5423 haeretica
987 5365 1376 5422 communione
1418 5364 1743 5434 deprehensi
1786 5364 2011 5432 fuerint,
2037 5378 2067 5419 a
2097 5379 2186 5420 sa-

2276 4809 2511 4883 6αρικῆς
2541 4804 2946 4877 αἰχμαλωσίας,
2972 4802 3234 4874 σύνισμεν
3287 4800 3426 4874 πρὸς
3466 4797 3633 4854 αὐτοῦ
3667 4796 3857 4850 τούτου

2272 4897 2482 4952 ἕκαστα
2539 4894 3021 4968 ἐκμεμαθηκότες.
3056 4891 3198 4946 Ἀλλ’
3221 4893 3250 4945 ὁ
3277 4892 3421 4963 ἀνὴρ
3467 4889 3530 4944 οὐ
3580 4887 3855 4959 βούλεται,

2274 4990 2376 5046 εἰτ’
2405 4984 2500 5044 οὖν
2548 4987 2650 5043 οὐκ
2691 4986 2965 5057 ἀνέχεται,
2996 4982 3074 5054 τῷ
3103 4980 3224 5037 καθ’
3256 4981 3403 5052 ἡμᾶς
3430 4978 3588 5051 τύπῳ
3621 4993 3853 5031 κεκανο-

2275 5082 2477 5137 νίσθαι.
2516 5075 2688 5135 Οἶσθα
2728 5078 2861 5150 γάρ,
2893 5075 3205 5146 θεοτίμητε,
3235 5074 3319 5128 ὅτι
3365 5074 3518 5143 κοινῇ
3550 5070 3719 5141 ψήφῳ
3748 5068 3853 5122 τῶν

2279 5193 2340 5229 τε
2366 5173 2445 5228 ἐτι
2477 5173 2618 5244 ὑπὲρ
2655 5171 2762 5242 γῆν
2813 5170 3002 5233 ὅντων,
3041 5168 3136 5221 κει)⁸
3173 5165 3283 5220 τῶν
3332 5165 3562 5235 ἔναγχος
3610 5163 3853 5230 ἐκδημή-

2282 5266 2490 5320 σάντων
2523 5263 2657 5335 πρὸς
2685 5261 2890 5334 Κύριον
2915 5258 3283 5331 ὁμολογητῶν,
3318 5256 3444 5320 τοὺς
3488 5253 3639 5319 ἅπαξ
3684 5254 3853 5306 ἑαλω-

2280 5360 2441 5425 κότας
2471 5362 2536 5431 τῇ
2564 5358 2812 5430 αἱρετικῇ
2844 5354 3101 5425 κοινωνίᾳ
3130 5351 3462 5425 ίερωμὲνους
3497 5344 3713 5421 εἴρχθαι
3752 5347 3850 5417 τῆς

610 5459 706 5513 cra
751 5457 1035 5513 [unctione
1086 5458 1303 5527 penitus
1333 5466 1648 5520 arceantur,
1694 5456 1877 5527 quoad
1926 5456 2167 5512 videlicet

2282 5450 2615 5523 ἱερουργίας,
2649 5445 2955 5520 διώρισται,
2985 5444 3093 5509 ῐως
3119 5443 3363 5515 δηλονότι
3400 5440 3594 5512 καιροῦ
3625 5442 3847 5493 ἐπισκο-

611 5563 853 5620 snperna
874 5546 1229 5603 Providentia
1257 5562 1359 5602 nos
1383 5546 1661 5616 respiciat.
1681 5546 1749 5602 Et
1786 5547 2065 5620 quomodo
2088 5562 2183 5604 ca-

682 5667 729 5702 “
761 5665 921 5724 Joan.
947 5684 1067 5735 xm,
1096 5666 1188 5722 55.
1262 5666 1307 5698 "
1334 5664 1495 5723 Hebr.
1532 5680 1608 5735 vt,
1637 5665 1691 5723 9.

2281 5546 2394 5619 πῆς
2422 5546 2523 5619 τῆς
2547 5540 2759 5600 ἀνωθεν
2803 5537 3083 5610 προνοίας.
3119 5535 3231 5592 Καὶ
3255 5532 3373 5599 πῶς
3403 5532 3470 5589 ἂν
3491 5531 3848 5605 δυνηθείημεν

2120 5751 2356 5810 Νοτιε.

688 5851 769 5923 (ο)
809 5851 867 5907 tn
890 5851 1016 5908 eod.
1053 5850 1188 5923 Reg.
1222 5851 1343 5930 σιει.
