4102 6374
291 388 425 457 1637

1467 377 2006 442 IPIBTOLARUM
2064 378 2214 444 LIB.
2275 379 2358 441 ιι.

3413 378 3548 448 1638

284 503 441 558 λῦσαι
484 497 576 553 τὸν
607 497 827 562 κανόνα,
857 493 952 551 καὶ
979 491 1068 551 διὰ
1098 492 1199 564 τῆς
1246 490 1341 548 τοῦ
1391 492 1510 555 ἐνὸς
1542 490 1859 564 παραδοχῆς

1976 507 2162 549 nonem
2195 494 2401 549 violare
2422 492 2719 563 possimus,
2742 508 2809 552 ac
2828 509 2927 566 per
2944 494 3344 565 susceptionem
3360 502 3547 568 unius,

282 593 445 665 νόμον
484 590 580 644 ἐπὶ
620 588 869 651 ἅπαντας
914 588 1043 651 τοὺς
1097 583 1529 657 προειργμένους
1582 582 1811 637 ἁποῖσαι
1835 621 1854 648 ,

282 686 387 740 κάν
408 682 586 755 τούτῳ
616 680 913 736 ὑπεναντία
934 679 1033 751 μὲν
1062 677 1260 750 δρᾶσαι
1297 675 1374 746 τῷ
1414 674 1545 745 θείῳ
1581 672 1743 744 ἡμῶν
1772 673 1868 727 καὶ

284 777 597 849 πρωτάρχῳ
635 771 999 844 καθηγεμόνυ
1032 771 1117 825 ὅτι
1152 768 1288 838 μηδέ
1316 766 1505 830 ἁπλῶς
1543 765 1711 831 αὑτὸς
1740 765 1868 829 τοὺς

283 870 560 931 τοιούτους
602 867 847 935 εὐλογεῖν
886 862 1074 932 κοινὴν
1114 858 1317 931 βρῶσιν
1357 859 1615 928 ἀνέχεται
1643 876 1657 890 ·
1687 860 1763 931 μὴ
1783 860 1866 913 ὅτι

283 979 347 1032 γε
377 960 540 1014 πλέον
582 975 635 1012 τι
664 959 904 1029 ἐνεργεῖν
936 950 1228 1024 ίερατικῶς
1246 969 1260 983 ·
1285 950 1413 1015 τοὺς
1454 950 1646 1014 ἄλλους
1670 967 1729 1003 τε
1756 949 1867 1003 τῶν

284 1051 633 1125 όμολογητῶν
665 1046 1039 1113 σκανδαλίσαι,
1065 1046 1164 1099 καὶ
1192 1043 1416 1099 ὑποῖσαι
1443 1043 1713 1115 διχόνοιαν
1737 1042 1867 1107 τοὺς

284 1141 573 1216 ἀκριϐείας
604 1136 997 1209 ἀντεχομένους
1021 1151 1039 1203 ;

358 1342 476 1399 Κᾶν
499 1357 642 1405 τινες
673 1339 805 1402 ἴσως
833 1336 1079 1408 ἔφθασαν
1105 1337 1172 1409 τῇ
1199 1332 1321 1390 κατ’
1351 1333 1556 1399 αὐτοὺς
1587 1332 1866 1407 διακρίσει

286 1436 374 1491 διὰ
404 1435 464 1488 τὸ
498 1431 683 1487 στενὸν
712 1428 807 1484 τοῦ
844 1430 1061 1500 χρόνου.
1093 1428 1190 1482 καὶ
1216 1426 1280 1481 τὺ
1320 1427 1429 1481 τῶν
1459 1425 1865 1497 ἐπιζητούντων

288 1526 708 1598 ἀναγκαστικὸν,
754 1523 911 1586 τινὰς
960 1522 1070 1576 τῶν
1117 1520 1511 1592 πρεσϐυτέρων
1574 1519 1715 1590 μετὰ
1765 1518 1866 1589 τὴν

288 1618 573 1690 ἐπιτιμίαν
630 1613 1066 1670 ἀπολελυκέναι·
1117 1612 1249 1683 ἡμῖν
1306 1611 1365 1665 δέ
1421 1609 1674 1682 οὐδαμῶς
1702 1610 1865 1665 τοῦτο

278 1707 731 1782 ,κατεργάσασθαι
775 1705 908 1777 ἄτερ
955 1703 1050 1759 τοῦ
1090 1702 1389 1776 προέδρου’
1420 1703 1505 1757 δτι
1560 1703 1659 1756 καλ⁸
1709 1719 1869 1772 νομι-

289 1805 448 1860 στέον
477 1798 536 1858 εὖ
566 1801 711 1872 ἔχειν
733 1799 827 1854 τὸν
858 1799 1017 1869 λόγον
1045 1798 1145 1868 τῆς
1186 1794 1544 1867 καθείρξεως.
1596 1794 1709 1849 Ποῦ
1756 1793 1867 1867 γὰρ

1965 584 2139 657 legem
2173 586 2422 641 eamdem
2450 584 2518 641 ad
2540 600 2734 644 omnes
2755 587 2868 659 jam
2900 589 3184 645 abstentos
3215 590 3547 658 transferre;

1966 688 2131 749 atque
2156 678 2343 734 hacin
2374 694 2455 744 re,
2495 682 2778 736 contraria
2810 695 2973 753 agere
3012 681 3202 737 divino
3246 695 3301 738 et
3341 686 3549 752 prima-

1965 771 2052 827 rio
2074 772 2406 827 moderatori
2445 781 2635 827 nostro
2667 772 2893 843 (quippe
2923 773 3017 843 qui
3053 775 3190 829 tales
3212 791 3280 828 ne
3301 791 3553 832 commu-

1966 879 2092 920 nem
2127 863 2348 935 quidem
2386 865 2571 920 cibum
2598 865 2918 922 benedicere
2969 866 3176 935 patitur
3209 885 3225 934 ;
3261 869 3458 923 nedum
3494 880 3555 926 ut

1966 955 2202 1026 amplius
2241 954 2524 1027 quidpiam
2575 957 2935 1012 sacerdotalis
2961 960 3205 1012 muneris
3242 974 3552 1027 exsequan-

1968 1046 2102 1111 tur),
2140 1045 2370 1116 reliquis
2392 1030 2555 1100 etiam
2589 1044 3003 1101 contessoribus
3027 1045 3289 1101 seandalo
3328 1062 3470 1106 esse.
3499 1055 3554 1101 et

1966 1137 2331 1193 dissensionis
2351 1152 2573 1191 causam
2606 1138 2847 1206 praebere
2869 1139 2957 1201 iis,
2987 1137 3082 1208 qui
3112 1149 3434 1193 accuratam
3464 1156 3554 1194 re-

1966 1231 2146 1287 tinent
2178 1230 2568 1301 disciplinam?

2038 1321 2152 1377 Etsi
2183 1333 2367 1378 autem
2393 1321 2507 1393 jam
2542 1320 2714 1393 aliqui
2746 1321 2983 1377 fortasse
3012 1322 3120 1378 tale
3152 1322 3219 1377 de
3247 1322 3551 1379 illistulere

1961 1413 2255 1487 judicium.
2284 1424 2509 1485 pr0pter
2546 1414 2809 1484 temporis
2867 1415 3178 1485 angustias,
3211 1424 3265 1469 et
3305 1413 3554 1485 ﬂagitan-

1968 1508 2107 1562 tium
2140 1506 2485 1569 violentiam,
2524 1514 2585 1560 ut
2609 1507 2963 1577 presbyteros
3002 1504 3272 1574 quosdam
3302 1520 3396 1575 per
3438 1521 3554 1576 pin-

1968 1599 2256 1655 nitentiam
2305 1599 2692 1654 absolverent:
2734 1598 2897 1654 nobis
2958 1607 3142 1653 tamen
3190 1597 3341 1652 nullo
3391 1598 3552 1653 modo

1969 1690 2023 1748 id
2061 1691 2175 1746 ﬁeri
2204 1691 2380 1761 placet
2401 1690 2619 1760 iniussu
2673 1691 2938 1746 antistitis
2964 1710 2978 1746 :
3006 1691 3135 1761 quia
3167 1691 3553 1760 probibitionis

1968 1798 2191 1839 causam
2222 1781 2521 1852 legitimam
2539 1796 2681 1845 esse,
2703 1797 2930 1837 censere
2960 1782 3245 1836 debemus.
3279 1782 3380 1838 Ubi
3405 1782 3551 1836 enim

287 1894 486 1966 φανείη
522 1866 870 1963 τδδιάφορον
899 1866 1010 1944 τῶν
1040 1866 1435 1960 προδωσάντων
1457 1888 1557 1960 τὴν
1588 1866 1865 1960 ἀλήθειαν,

1976 1874 2214 1930 eluceret
2248 1872 2545 1928 discrimen
2580 1872 2799 1928 illorum
2845 1872 2939 1944 qui
2986 1874 3272 1929 veritatem
3300 1872 3553 1940 prodide-

289 1987 386 2042 καὶ
420 1986 533 2057 μή;
565 1983 673 2038 τῶν
718 1981 983 2052 γενναίως
1025 1980 1427 2052 ἐνηθληκότων,
1455 1981 1554 2034 καὶ
1604 1978 1869 2052 μηδαμῶς

288 2078 560 2150 ἑλομένων
609 2076 750 2147 ὑπὲρ
804 2074 899 2128 τοῦ
952 2071 1117 2128 καλοῦ
1172 2072 1509 2144 τληπαθεῖν;.
1548 2072 1659 2127 Καὶ
1703 2072 1808 2126 ποῦ
1840 2071 1872 2125 6

288 2168 529 2242 Χριστὸς
566 2168 662 2222 καὶ
686 2170 715 2221 6
747 2164 967 2229 Βελίαλ,
998 2164 1061 2219 τὸ
1097 2163 1213 2235 φῶς
1239 2163 1335 2219 καὶ
1365 2164 1428 2219 τὸ
1458 2164 1677 2227 σκότος’
1711 2161 1871 2235 εῐπερ

290 2259 497 2334 ἀναμὶξ
523 2261 592 2315 τὰ
627 2259 826 2326 πάντα,
861 2258 957 2311 καὶ⁹
988 2256 1095 2328 πρὸ
1119 2256 1355 2328 κρίσεως
1411 2255 1719 2327 συνοδικῆς,
1748 2252 1871 2326 κρί-

295 2372 380 2418 σις
402 2372 417 2387 ο
451 2353 547 2407 καὶ
584 2351 692 2423 πρὸ
722 2352 967 2424 εἰρήνης,
1014 2349 1244 2421 είρήνη;
1292 2348 1593 2419 Ἀπόμοτον
1620 2347 1802 2413 τοῦτο,
1825 2338 1872 2401 ὦ

294 2446 556 2517 Πατέρων
607 2444 889 2516 κράτιστε,
936 2442 1013 2506 ὡς
1066 2441 1199 2513 ἡμῖν
1233 2458 1297 2512 γε
1331 2440 1519 2496 δοκεῖ·
1551 2439 1805 2517 εἴποιμεν
1825 2440 1873 2497 δ’

294 2539 362 2593 ἂν
384 2513 476 2590 καὶ
514 2538 582 2607 τῇ
603 2513 848 2606 ἀληθείᾳ.
890 2534 1174 2602 Ἄρκεσον
1204 2549 1273 2602 τε
1308 2525 1389 2598 τῷ
1412 2533 1661 2600 τοιούτῳ
1682 2533 1721 2601 ἡ
1744 2513 1875 2589 ἐπι-

292 2627 456 2697 τιμία
477 2626 628 2693 αὕτη
663 2625 701 2693 ’ἠ
733 2626 849 2680 ὑπὸ
877 2622 997 2677 τῶν
1024 2624 1343 2689 πλειόνων,
1362 2622 1437 2688 ῶς
1460 2640 1628 2695 φησιν
1651 2626 1680 2678 6
1712 2623 1877 2678 Ἀπό-

296 2719 481 2783 στολος
500 2760 515 2783 ,
536 2719 617 2783 ὡς
650 2717 726 2771 ἂν
738 2715 823 2787 μὴ
843 2714 918 2786 τῇ
938 2714 1339 2785 περισσοτέρᾳ
1357 2716 1529 2783 λύπῃ
1563 2717 1877 2788 καταποθῇ

295 2813 330 2864 ό
350 2808 643 2873 τοιοῦτος.
672 2807 746 2861 Οὐ
789 2806 895 2876 μὴν
922 2806 1227 2877 προακτέον
1247 2806 1328 2869 είς
1351 2805 1442 2859 τὸν
1469 2806 1563 2877 ἀφ’
1589 2800 1652 2861 οὗ
1683 2808 1874 2880 εἵρχθη

294 2904 383 2957 διὰ
413 2901 511 2973 τὴν
556 2899 871 2972 παράϐασιν
903 2897 1133 2969 βαθμὸν,
1188 2896 1295 2961 ἓως
1348 2897 1445 2952 τοῦ
1492 2897 1708 2964 δέοντος
1752 2916 1877 2954 και-

297 2996 425 3069 ροῦο
465 2995 552 3049 ἵνα
586 2993 682 3048 καὶ
709 2992 771 3046 τὸ
790 2992 885 3046 τοῦ
918 2990 1407 3062 πλημμεληθέντος
1432 2987 1573 3056 εἶδος
1605 2992 1686 3046 ἐτι
1716 2992 1877 3048 κολὰ-

297 3089 444 3155 ζοιτο
465 3084 1088 3159 παραπληκτικώτερον,
1116 3083 1212 3137 καὶ
1240 3085 1269 3137 6
1296 3084 1396 3154 τῆς
1433 3083 1714 3153 ὑγιώσεως
1752 3086 1879 3158 τρό-

297 3197 399 3241 πος
426 3177 774 3248 ὑποφαίνοιτο
801 3177 889 3231 διὰ
928 3177 1026 3248 τῆς
1049 3175 1376 3246 προλήψεως
1411 3176 1473 3230 τὸ
1505 3177 1687 3233 ἰκανὸν
1714 3176 1873 3250 ἔχων.
1905 3212 1947 3269 c

299 3273 361 3325 Εί
397 3271 495 3326 καὶ
523 3271 606 3325 ὅτι
633 3268 889 3341 ἐξαίρετά
913 3286 1033 3324 τινα
1066 3274 1190 3324 κατ’
1219 3268 1576 3341 ἀπορίαν,μὴ
1608 3271 1877 3342 παρόντος

301 3362 666 3433 σεσωσμένον,
718 3358 1137 3432 συγκεχώρηται
1187 3359 1320 3432 δρᾷν
1371 3360 1687 3432 ίερατικῶς,
1718 3359 1754 3415 ἃ
1783 3361 1878 3416 καὶ

303 3455 695 3508 συνεπίσταται
726 3455 761 3525 ἡ
793 3452 1070 3523 τελειότης
1102 3469 1217 3518 σου,
1245 3455 1272 3506 6
1297 3452 1398 3524 ήδη
1433 3454 1724 3524 είργμένος
1744 3452 1878 3507 ταύ-

300 3560 388 3619 τῃ.
434 3545 573 3598 Ἀλλ’
601 3541 710 3598 οἷον
741 3544 827 3597 ὅδε
878 3547 907 3600 6
940 3543 1309 3617 πρεσϐύτερος
1332 3546 1425 3598 καὶ
1448 3545 1553 3616 πρὸ
1575 3545 1684 3598 τῶν
1718 3544 1878 3617 [C0d.

304 3639 441 3708 Reg.
468 3636 588 3710 τῆς]
639 3637 939 3708 Βαρϐάρων
994 3637 1361 3708 πεπραγμένα
1408 3637 1558 3708 αὑτῷ
1613 3640 1874 3706 συννοῶν,

307 3732 400 3785 καὶ
433 3731 507 3795 ὡς
547 3730 778 3794 πολλοὺς
817 3730 941 3803 τῇδε
1006 3730 1262 3801 ἐφώτισε,
1295 3731 1391 3784 καὶ
1423 3729 1555 3796 δεῖν,
1593 3730 1750 3798 φασὶ,
1789 3730 1880 3785 διὰ

306 3825 488 3877 πάντα
521 3823 695 3877 ταῦτα
728 3822 1020 3894 λελυμένον
1053 3820 1215 3890 εἶναι,
1270 3823 1369 3877 οὑκ
1420 3824 1680 3894 ἠνέσχετο
1712 3823 1879 3877 ὑπελ-

308 3915 421 3967 θεῖν
448 3914 798 3985 ὀμοιοπαθῶς
833 3916 944 3978 τοῖς
970 3915 1204 3968 ἐνταῦθα
1243 3915 1509 3987 είρχθεῖσι
1533 3930 1549 3947 ·
1590 3914 1675 3969 διὸ
1707 3931 1884 3987 παρα-

307 4011 709 4078 κεχωρήκαμεν
730 4006 879 4078 αὑτῷ
909 4007 977 4060 τὰ
1006 4008 1127 4062 κατ’
1148 4008 1333 4073 αὑτὸν,
1356 4007 1431 4072 ὼς
1455 4007 1522 4063 ἂν
1553 4008 1885 4079 διακρίνοιτο

311 4100 549 4170 πρᾶξαι·
579 4100 702 4153 οὔτε
734 4100 1016 4167 λύσαντες,
1046 4100 1170 4154 οὗτε
1200 4099 1500 4173 είρξαντες.
1540 4103 1791 4175 Ἐρῤωσο
1822 4102 1881 4156 ἐν

311 4192 520 4263 Κυρίῳ,
570 4191 948 4264 ὑπερεύφημε,
1004 4194 1162 4264 ἡμεῖς
1210 4210 1268 4247 τε
1329 4194 1425 4249 καὶ
1470 4195 1519 4247 oi
1573 4194 1695 4267 μεθ’
1726 4193 1884 4266 ἡμῶν

312 4283 529 4352 ἀδελφοὶ
565 4286 792 4338 πλεῖστα
822 4283 1327 4357 προσαγορεύομεν.

445 4396 585 4453 ΣΙΒ’.
620 4397 699 4469 (7)
737 4427 807 4439 -—
852 4396 1101 4467 Ἰωάννῃ
1154 4397 1569 4469 Γραμματικῷ.
1621 4399 1779 4466 ωλς’.

1969 1975 2121 2030 runt,
2154 1974 2207 2020 et
2237 1980 2427 2020 eorum
2460 1964 2555 2035 qui
2592 1980 2703 2019 non
2758 1965 3171 2036 prodiderunt?
3221 1980 3410 2020 eorum
3455 1965 3552 2036 qui

1970 2068 2246 2115 certamen
2280 2066 2503 2114 strenue
2555 2057 2953 2122 sustinuerunt,
3005 2067 3279 2112 eteorum
3330 2059 3421 2127 qui
3456 2074 3556 2115 nec

1971 2151 2100 2209 boni
2127 2151 2452 2218 honestique
2491 2151 2673 2206 studio
2701 2150 2836 2205 dura
2875 2152 3079 2222 perpeti
3115 2152 3452 2206 voluerunt?
3484 2150 3553 2207 Et

1973 2246 2196 2301 ubinam
2230 2245 2485 2301 Christus
2516 2254 2569 2300 et
2615 2243 2803 2309 Belial,
2846 2244 2940 2298 lux
2980 2253 3035 2299 et
3063 2245 3320 2307 tenebrae,
3352 2245 3395 2299 si
3419 2261 3555 2299 con-

1973 2336 2242 2393 fusasunt
2266 2335 2487 2393 omnia:
2515 2344 2570 2390 et
2595 2345 2721 2390 ante
2751 2336 3076 2406 synodicum
3125 2336 3425 2406 judicium,
3466 2336 3558 2406 ju-

1974 2432 2219 2497 dicium;
2271 2438 2325 2485 et
2351 2438 2479 2484 ante
2511 2444 2726 2501 pacem,
2765 2428 2913 2500 pax?
2952 2427 3251 2483 Vitandum
3302 2433 3426 2491 hoc.
3454 2431 3558 2485 Pa.
3654 2500 3655 2503 η

1974 2532 2120 2579 trum
2168 2523 2393 2592 Optime,
2438 2530 2500 2577 ut
2552 2522 2711 2575 nobis
2754 2521 2978 2591 quidem
3033 2521 3269 2587 videtur,
3321 2522 3556 2577 dixerint

1975 2630 2180 2682 autem,
2241 2618 2405 2673 etiam
2464 2615 2727 2671 veritati:
2790 2613 2992 2685 Suﬂicit
3031 2614 3115 2668 illi
3152 2616 3241 2685 qui
3288 2616 3558 2686 ejusmodi

1974 2720 2074 2775 est,
2105 2709 2407 2781 objurgatio
2432 2710 2542 2763 hara
2561 2725 2680 2778 qua:
2708 2709 2765 2778 ﬁt
2797 2725 2827 2762 a
2850 2707 3115 2777 pluribus,
3138 2719 3190 2761 ut
3221 2709 3298 2762 ait
3324 2710 3561 2775 Aposto-

1973 2804 2098 2872 lus,
2133 2820 2195 2859 ne
2232 2804 2368 2873 forte
2404 2801 2786 2856 abundantiori
2822 2802 3046 2856 tristitia
3087 2801 3435 2855 absorbeatur
3470 2802 3559 2873 qui

1974 2896 2239 2963 eiusmodi
2269 2904 2345 2950 est
2376 2894 2445 2948 ”.
2483 2891 2588 2949 Sed
2645 2892 2700 2946 in
2730 2908 2857 2947 eum
2910 2893 3168 2964 gradum,
3230 2910 3259 2947 a
3309 2910 3419 2964 quo
3467 2909 3562 2963 per

1977 2987 2484 3060 praevaricationem
2516 2984 2738 3048 decidit,
2779 2984 3150 3039 restituendus
3181 3000 3287 3038 non
3318 2996 3401 3040 est
3434 2994 3561 3039 ante

1977 3079 2237 3135 idoneum
2266 3087 2480 3147 tempus
2510 3093 2526 3142 ;
2550 3086 2609 3130 ut
2632 3085 2685 3131 et
2705 3075 2801 3145 qui
2830 3076 3077 3145 deliquit,
3110 3077 3355 3131 severius
3384 3077 3564 3130 adhuc

1980 3173 2279 3244 puniatur;
2320 3180 2375 3225 et
2402 3169 2708 3226 sanationis
2756 3170 2952 3224 modus
2985 3170 3036 3224 id
3097 3170 3240 3238 quod
3295 3171 3429 3225 satis
3467 3171 3558 3236 sit,

1976 3280 2074 3337 per
2117 3262 2564 3332 anticipationem
2605 3261 2866 3317 habuisse
2922 3262 3193 3316 videatur.
3236 3260 3559 3331 Quanquam

1979 3342 2278 3430 peculiaria
2299 3355 2545 3427 quaedam
2562 3355 2633 3409 ob
2656 3354 2919 3424 inopiam,
2947 3354 3074 3424 quia
3102 3354 3356 3410 innoxius
3377 3355 3565 3411 aderat

1979 3450 2165 3505 nullus
2191 3489 2208 3514 ,
2263 3446 2567 3503 sacerdotis
2599 3446 2709 3499 ritu
2758 3444 2912 3501 obire
2938 3446 3241 3515 permissus
3276 3457 3357 3501 est
3397 3448 3563 3517 (quod

1979 3551 2032 3597 et
2060 3539 2383 3612 perfectioni
2413 3548 2521 3595 tua:
2553 3548 2743 3593 notum
2771 3551 2899 3608 est),
2923 3539 2968 3595 is
2997 3540 3110 3609 ipse
3140 3538 3232 3609 qui
3264 3555 3409 3595 nunc
3437 3556 3564 3610 pro-

1980 3634 2221 3690 hibetur.
2242 3631 2482 3701 ‘Verum,
2512 3634 2641 3703 quia
2672 3632 2761 3687 hic
2790 3632 3091 3704 presbyter,
3117 3633 3425 3703 intelligens
3444 3650 3567 3703 qua:

1980 3727 2125 3798 apud
2164 3727 2436 3783 Barbaros
2478 3737 2687 3798 egerat,
2720 3739 2775 3784 et
2804 3729 2949 3798 quod
2996 3729 3199 3782 multos
3250 3727 3322 3781 ibi
3382 3729 3565 3798 bapti-

1981 3827 2184 3883 zasset,
2212 3820 2469 3889 quodque
2503 3828 2721 3889 propter
2749 3820 2864 3873 ha:c
2889 3819 3073 3873 omnia
3105 3818 3448 3872 absolutione
3480 3820 3565 3873 in-

1981 3910 2212 3981 digeret,
2265 3911 2539 3966 recusavit
2568 3913 2757 3966 eadem
2792 3912 2981 3966 subire
3030 3927 3151 3980 qua:
3197 3911 3290 3981 qui
3348 3910 3436 3965 hic
3467 3912 3566 3965 ab-

1984 4004 2149 4060 stenti
2172 4013 2301 4059 sunt
2328 4018 2343 4058 :
2369 4004 2578 4059 idcirco
2612 4004 2962 4073 permisimus
3006 4004 3081 4057 illi
3111 4012 3172 4058 ut
3196 4018 3285 4058 res
3316 4018 3446 4056 suas
3468 4019 3566 4073 pro
3620 4052 3623 4053 ν

1988 4096 2216 4151 arbitrio
2242 4111 2345 4151 suo
2406 4105 2620 4164 ageret,
2672 4111 2771 4149 nec
2801 4096 3073 4150 solventes
3106 4096 3282 4157 illum,
3317 4110 3415 4148 nec
3443 4111 3569 4164 pro-

1989 4189 2260 4245 hibentes.
2309 4186 2436 4242 Vale
2462 4188 2516 4243 in
2564 4187 2821 4254 Domino,
2865 4188 2947 4242 vir
3002 4188 3401 4242 laudatissime.
3436 4184 3567 4251 Nos,

1990 4292 2046 4341 et
2068 4282 2162 4355 qui
2192 4282 2477 4338 nobiscum
2505 4291 2634 4338 sunt
2662 4282 2882 4343 fratres,
2913 4280 3214 4352 plurimum
3241 4280 3565 4335 salutamus.

2269 4396 2453 4453 CCXI.
2482 4426 2553 4441 --
2574 4395 2775 4451 Joanni
2805 4394 3169 4451 Grammatice
3196 4396 3287 4468 (‘).

631 4513 769 4574 Quod
792 4513 981 4565 adorari
1021 4515 1203 4566 debeat
1235 4515 1397 4581 imago
1418 4515 1616 4577 Christi,
1651 4528 1752 4567 non
1774 4515 1918 4567 latria
1944 4516 2061 4577 coli,
2084 4515 2175 4566 sed
2201 4513 2446 4575 Christus,
2468 4512 2557 4577 qui
2587 4515 2640 4564 in
2674 4525 2734 4564 ea
2767 4513 2976 4564 relative
2999 4514 3246 4563 adoratur.

384 4614 562 4688 Χάριν
587 4615 837 4688 ὁμολογῶ
871 4620 949 4692 τῷ
980 4620 1121 4692 ἁγίῳ
1145 4620 1287 4693 Θεῷ,
1322 4622 1404 4675 ὅτι
1439 4638 1533 4675 σου
1550 4619 1877 4692 ηκουτίσθην

2062 4618 2302 4677 Gratiam
2348 4618 2521 4674 habeo
2556 4617 2665 4674 Deo
2723 4628 2937 4684 sancto,
2963 4619 3110 4688 quod
3142 4616 3225 4672 vel
3281 4630 3407 4672 sero
3446 4623 3567 4671 tan-

316 4712 367 4763 εί
394 4710 487 4764 καὶ
519 4710 613 4781 όψέ
646 4714 740 4766 τοῦ
779 4713 974 4785 καιροῦ
1008 4714 1107 4781 τὴν
1138 4714 1299 4786 φίλην
1326 4715 1542 4785 φωνήνο
1576 4715 1637 4769 οὐ
1677 4716 1788 4784 γὰρ
1820 4712 1887 4768 ἂν

316 4802 532 4871 είποιμι
560 4804 721 4873 χάριν
740 4804 921 4871 εὑρεῖν
942 4805 1018 4878 τῷ
1040 4805 1245 4876 ταύτην
1276 4806 1553 4875 ἁσυφίλως
1582 4804 1730 4878 [cod.
1751 4804 1884 4877 Reg.

319 4894 568 4965 ἁσυφίλῳ
613 4897 911 4970 προπετείᾳ
964 4896 1305 4971 διακόψαντι]
1364 4898 1629 4968 πρότερον
1694 4896 1883 4951 διακό-

317 4984 503 5054 ψαντι.
552 4985 692 5039 Ἀλλ’
722 4988 910 5059 ἐπειδὴ
934 4990 1069 5061 ὁμοῦ
1101 4993 1169 5062 τῇ
1196 4992 1480 5062 ἀποσκευῇ
1511 4992 1609 5061 τῆς
1637 4989 1819 5061 λύπης
1849 4989 1883 5061 ἡ

323 5077 458 5148 σοφή
492 5094 585 5131 σου
620 5079 894 5150 τιμιότης,
926 5083 1019 5135 καὶ
1047 5082 1141 5137 τὸν
1162 5084 1293 5153 περὶ
1319 5082 1421 5154 τῆς
1450 5084 1655 5154 σεπτῆς
1677 5082 1885 5146 είκόνος

322 5168 418 5222 τοῦ
450 5169 687 5239 Χριστοῦ
725 5171 883 5240 λόγον
906 5173 1298 5245 ἀντεξήγαγεν,
1335 5175 1511 5228 ἐκεῖνο
1546 5173 1655 5245 ἔχω
1691 5172 1893 5243 λέγειν,

322 5255 369 5317 ὧ
395 5264 712 5336 τριπόθητε,
745 5267 829 5320 ὅτι
884 5268 1310 5340 συνηγοροῦσαν.
1347 5268 1465 5323 ἀλλ’
1509 5270 1610 5322 οὐκ
1666 5268 1895 5336 ἁντηγο-

327 5356 531 5428 ροῦσαν
567 5362 680 5423 τοῖς
729 5360 866 5430 πρὸς
908 5360 1044 5431 ἐμοῦ
1108 5361 1546 5433 ἀπεσταλμένοις
1590 5360 1757 5416 πάλαι
1793 5359 1893 5432 τὴν

326 5445 555 5519 ιναγχός
583 5466 678 5503 σου
700 5451 992 5521 ἐπιστολὴν
1009 5451 1417 5524 συμϐαίνουσαν
1442 5445 1623 5524 εὗρον.
1665 5451 1892 5524 Ὁμολο-

399 5585 449 5621 ⁹³
480 5585 526 5642 ll
553 5586 685 5645 Cor.
719 5605 778 5656 tt,
799 5588 855 5655 6,
887 5589 941 5646 7.

1986 4711 2109 4768 dem
2146 4710 2373 4765 amicam
2432 4723 2620 4763 vocem
2674 4698 2826 4763 tuam
2886 4708 3202 4764 audierim:
3262 4721 3364 4761 nec
3421 4706 3604 4761 enim:

1986 4803 2217 4859 dixerim
2242 4802 2471 4873 gratiam
2501 4801 2699 4857 habere
2726 4816 2812 4855 me
2862 4800 2935 4865 ei,
2967 4801 3061 4870 qui
3093 4799 3232 4854 hanc
3269 4806 3429 4853 antea
3456 4809 3571 4853 tur-

1985 4899 2126 4970 piter
2173 4894 2416 4951 discidit.
2472 4894 2541 4949 At
2586 4892 2846 4969 quoniam
2906 4892 3091 4957 simul,
3144 4907 3265 4947 cum
3320 4890 3567 4945 dolorem

1986 4990 2280 5058 deponeret
2342 4985 2559 5056 sapiens
2615 4987 2921 5040 reverentia
2969 4994 3082 5049 tua,
3136 4984 3204 5040 de
3260 4986 3569 5038 veneranda

1985 5080 2149 5136 etiam
2204 5080 2439 5151 imagine
2484 5077 2687 5133 Christi
2747 5092 3058 5132 sermonem
3140 5075 3331 5146 injecit
3368 5115 3386 5141 ,
3466 5075 3571 5129 hoc

1991 5174 2163 5229 habeo
2185 5173 2385 5236 dicere,
2430 5172 2513 5227 vir
2541 5171 3026 5235 desideratissime,
3069 5169 3423 5241 patrocinari,
3460 5183 3569 5223 non

1990 5266 2382 5330 contradicere,
2429 5278 2484 5320 et
2521 5264 2590 5320 iis
2618 5280 2739 5335 quae
2772 5279 2804 5319 a
2843 5280 2930 5320 me
2983 5264 3188 5319 dudum
3242 5264 3406 5316 missa
3443 5268 3572 5314 sunt

1992 5359 2267 5414 cohaerere
2316 5356 2492 5413 visam
2551 5372 2677 5413 esse
2724 5358 3029 5428 proximam
3066 5354 3349 5424 epistolam
3396 5361 3569 5406 tuam.

1994 5446 2288 5506 Confiteris
2321 5447 2495 5518 enim,
2530 5447 2689 5520 juxta
2713 5448 3050 5521 prastitutas
3076 5446 3174 5503 tibi
3201 5439 3574 5515 prepositiun-

1862 5699 2096 5758 NOTE.

405 5861 483 5931 (7)
505 5861 564 5919 in
583 5860 707 5920 cod.
749 5862 882 5934 Reg.
906 5869 1029 5919 au'.

2029 5860 2104 5933 (θ)
2134 5836 2473 5932 Βοιωαιίσι.
