4102 6374
588 399 729 464 1639

1777 403 1840 464 S.
1869 400 2268 464 THEODORI
2299 402 2660 465 STUDITE

3711 400 3846 465 1640

584 515 758 580 culas,
792 527 1013 569 omnem
1053 513 1346 586 imaginem
1393 529 1516 572 esse
1559 514 2050 571 demonstrativam
2080 515 2157 569 al-

2263 515 2546 587 γουμένως
2579 517 2687 587 γὰρ
2709 513 2854 568 κατὰ
2881 513 2952 566 τὰ
2992 507 3482 584 προσκευασθέντα
3514 525 3598 564 σοι
3623 509 3846 581 λημμάο

588 607 780 672 terius,
823 606 1081 662 nimirum
1131 609 1403 680 prototypi
1450 626 1465 664 :
1516 624 1601 675 ac,
1637 609 1683 664 si
1709 625 1777 664 ex
1813 618 1932 663 arte
1973 624 2160 680 gram-

588 701 786 756 matica
831 699 1160 772 loquendum
1215 711 1319 766 est,
1354 701 1459 758 hoc
1507 701 1794 756 relativum
1827 702 1953 766 erit,
2012 699 2161 772 quod

584 796 962 852 similitudinis
994 794 1440 866 signiticativum,
1472 803 1527 849 et
1555 793 2071 861 demonstrativum,
2105 801 2160 850 et

582 887 1083 957 representativum
1108 887 1432 956 appellatur.
1459 885 1771 952 Quinetiam
1807 900 1914 940 non
1955 895 2015 940 ut
2045 901 2161 940 ma-

584 980 734 1034 teriae
760 977 1102 1033 tribuendam
1131 994 1251 1034 esse
1272 976 1648 1034 adorationem
1674 978 1899 1049 imagini
1927 977 2158 1040 Christi,

581 1072 676 1127 sed
729 1081 790 1126 ut
845 1068 1065 1126 Christo
1119 1069 1270 1141 ipsi:
1336 1068 1611 1138 siquidem
1677 1071 1852 1124 honor
1907 1069 2160 1140 imaginis

579 1161 825 1218 ascendit
851 1162 915 1216 ad
949 1170 1324 1232 prototypum,
1403 1161 1698 1224 subducta,
1751 1177 1848 1232 per
1885 1162 2158 1216 actionem

580 1254 798 1320 mentis,
834 1255 1062 1308 materia
1095 1269 1161 1307 ex
1190 1253 1507 1309 charactere
1537 1253 1627 1321 qui
1665 1253 1718 1307 in
1757 1269 1820 1308 ea
1867 1253 2156 1308 formatur.

578 1345 644 1401 Et
666 1347 834 1402 latria:
863 1347 1012 1401 cultu
1045 1346 1333 1402 deferenda
1381 1355 1486 1412 est,
1520 1357 1578 1402 ut
1611 1347 1714 1412 ais,
1747 1348 2001 1402 adoratio
2026 1345 2160 1403 Ser-

577 1441 748 1495 vatori
801 1442 1039 1506 Christo,
1093 1451 1149 1496 et
1191 1452 1316 1497 ante
1345 1458 1585 1507 carnem,
1627 1450 1681 1498 et
1730 1454 1852 1512 post
1903 1443 2160 1498 incarna-

577 1533 783 1588 tionem
813 1549 828 1599 ;
861 1543 915 1588 et
943 1543 1068 1588 ante
1100 1535 1417 1604 imaginem,
1454 1544 1508 1589 et
1543 1550 1638 1604 per
1662 1533 1808 1588 illam
1847 1551 1860 1588 :
1892 1550 1993 1589 nec
2024 1549 2157 1590 sana

577 1635 761 1682 mente
808 1628 1103 1698 quisquam
1145 1638 1249 1692 est,
1296 1627 1510 1698 opinor,
1547 1627 1637 1698 qui
1672 1627 1802 1683 huic
1835 1639 1983 1683 recte
2021 1645 2157 1684 con-

577 1723 782 1776 stitutae
831 1721 1094 1776 doctrina:
1130 1737 1188 1776 se
1223 1729 1482 1792 opponat.
1529 1719 1634 1776 Sed
1671 1729 1726 1776 et
1755 1723 2042 1792 exemplis,
2072 1721 2156 1778 vel

575 1815 707 1869 solis
746 1815 813 1870 ad
841 1831 1037 1884 aquam
1068 1815 1151 1870 vel
1187 1814 1440 1886 trianguli
1490 1815 1887 1882 immaterialis,
1921 1817 2023 1873 hoc
2049 1825 2152 1883 est,

575 1905 966 1969 mathematici.
999 1905 1065 1960 ad
1110 1905 1470 1970 materialem,
1501 1921 1607 1961 non
1635 1906 1850 1964 videtur
1893 1908 2154 1964 insisten-

574 2001 728 2054 dum.
765 1997 1038 2065 Quoniam
1077 2014 1170 2070 per
1211 1999 1555 2070 hypothesim
1590 2001 1638 2056 si
1675 2013 1946 2067 sumatur,
1999 2002 2160 2058 latria

573 2093 860 2147 colendum
917 2107 1040 2148 esse
1101 2091 1292 2158 solem,
1343 2103 1398 2148 et
1455 2094 1684 2164 ﬁguram
1743 2095 2156 2165 triangularem,

571 2187 896 2256 priusquam
932 2186 1014 2240 vel
1048 2185 1138 2240 ille
1181 2185 1233 2239 in
1268 2187 1426 2255 aquis
1464 2186 1648 2252 micet,
1683 2187 1766 2241 vel
1803 2189 1917 2242 hazc
1951 2187 2004 2241 in
2043 2203 2160 2242 ma-

573 2279 708 2334 teria
756 2291 1054 2334 cernatur:
1097 2279 1450 2334 manifestum
1503 2289 1608 2342 est,
1653 2280 1819 2336 etiam
1866 2293 2157 2352 postquam

572 2370 688 2423 hzec
733 2369 1056 2436 acciderint,
1088 2371 1172 2425 vel
1227 2371 1391 2426 simul
1427 2370 1570 2427 facta
1605 2370 1829 2438 fuerint,
1868 2373 2026 2428 latria
2061 2388 2160 2428 co-

570 2459 792 2516 lendum
826 2470 1121 2532 utrumque
1153 2477 1298 2518 esse.
1334 2463 1424 2518 Sic
1469 2463 1617 2518 enim
1653 2471 1709 2520 et
1737 2463 2028 2519 Dominum
2057 2481 2159 2521 no-

570 2563 746 2610 strum
782 2551 968 2612 Jesum
995 2555 1273 2612 Christum
1301 2558 1546 2628 apposite
1578 2559 1888 2624 ostendisti,
1917 2569 1978 2613 ut
2007 2569 2157 2627 ante,

572 2649 654 2703 sic
701 2657 755 2703 et
794 2657 916 2718 post
959 2649 1419 2716 incarnationem,
1466 2651 1626 2706 latria
1690 2652 1798 2707 coli
1854 2654 2054 2708 debere
2103 2661 2160 2709 et

571 2740 812 2796 adorari.
866 2741 1047 2797 Latria
1092 2759 1223 2815 ergo
1268 2743 1559 2798 colendum
1599 2760 1723 2801 esse
1767 2745 2072 2812 Christum,
2123 2763 2158 2803 ο

571 2835 767 2900 amice,
790 2834 846 2888 in
879 2834 1135 2891 confesso
1185 2846 1270 2890 est
1300 2853 1314 2890 :
1347 2844 1404 2891 at
1429 2851 1537 2891 non
1567 2835 1640 2892 ita
1694 2840 2006 2894 veneranda
2037 2839 2157 2906 ejus

572 2926 754 2997 imago
781 2925 940 2980 latria
980 2924 1360 2998 prosequenda
1391 2933 1494 2995 est,
1518 2926 1664 2984 sicut
1708 2927 1866 2998 juxta
1893 2929 2157 3001 hypothe-

573 3017 704 3083 sim,
750 3017 833 3073 sol
881 3033 1035 3088 aqua:
1069 3017 1376 3084 immixtus,
1406 3029 1464 3074 at
1501 3035 1612 3074 non
1648 3019 1831 3092 imago
1878 3023 2010 3078 solis
2047 3039 2061 3076 :
2101 3031 2158 3078 et

573 3110 884 3181 triangulus
912 3111 1157 3168 materia:
1197 3111 1411 3178 alllxus,
1452 3121 1508 3166 at
1537 3128 1643 3168 non
1666 3112 1848 3186 imago
1873 3114 2154 3187 trianguli.

572 3201 808 3257 Attende
854 3203 1022 3267 enim,
1073 3203 1214 3274 apud
1245 3219 1348 3259 nos
1387 3204 1732 3261 Christianos
1779 3205 1997 3262 unicam
2036 3223 2157 3263 esse
2182 3221 2226 3282 ο

571 3293 812 3359 latriam,
859 3309 1024 3363 quam
1061 3294 1161 3350 soli
1207 3305 1412 3352 sanctae
1438 3305 1494 3352 et
1539 3298 1988 3354 consubstantiali
2035 3297 2158 3354 Tri-

573 3387 733 3442 nitati
754 3387 973 3444 exhibet
999 3389 1256 3444 universa
1277 3400 1472 3446 natura
1490 3390 1726 3448 visibilis
1749 3401 1804 3447 et
1833 3393 2154 3450 invisibilis.

572 3478 687 3536 Nec
721 3479 806 3537 fas
847 3489 932 3537 est
979 3482 1344 3538 venerandam
1398 3483 1688 3554 imaginem
1729 3483 1956 3552 Christi,
1997 3487 2155 3544 latria

571 3573 858 3629 colendam
903 3573 1101 3629 dicere.
1157 3573 1402 3630 Duorum
1455 3575 1600 3630 enim
1652 3576 1931 3633 alterum:
1970 3587 2065 3634 aut
2101 3579 2154 3636 id

573 3664 724 3736 quod
781 3665 989 3732 Iatria,-
1021 3667 1166 3722 sicut
1217 3666 1329 3730 illa,
1384 3667 1668 3722 colendum
1720 3669 1809 3736 sit,
1868 3668 2153 3726 Trinitatis

578 3758 751 3814 latria:
773 3759 964 3822 inseri,
989 3761 1133 3828 quod
1166 3759 1505 3830 impossibile
1539 3778 1554 3828 ;
1582 3761 1712 3831 quia
1753 3762 2006 3818 Trinitati
2051 3761 2154 3818 ad-

571 3850 708 3906 ditio
740 3848 932 3905 inferri
963 3851 1108 3905 nulla
1148 3861 1348 3922 potest,
1380 3851 1492 3922 jam
1519 3853 1664 3906 enim
1705 3853 2042 3923 quaternitas
2067 3855 2153 3909 lo-

574 3929 656 3999 ret
683 3961 698 3999 :
739 3951 834 3998 aut
863 3943 909 3998 si
941 3958 1051 3998 non
1083 3943 1384 4010 inseratur,
1420 3944 1514 4000 sed
1555 3945 1732 4014 ipsum
1760 3960 1854 4016 per
1883 3962 1942 4002 se
1963 3947 2146 4002 colen-

571 4037 704 4091 dum
736 4034 826 4102 sit,
856 4036 994 4091 duas
1019 4037 1160 4106 apud
1188 4051 1289 4092 nos
1333 4035 1522 4092 latrias
1547 4038 1732 4093 doceri
1763 4055 1777 4091 :
1825 4053 1934 4109 quo
1965 4039 2094 4109 quid
2119 4053 2150 4094 a

574 4129 732 4185 nobis
751 4137 1067 4199 expeterent
1106 4129 1457 4200 graecizantes
1505 4127 1847 4186 Iconomachi
1868 4171 1884 4198 ,
1907 4146 2071 4201 quam
2091 4140 2153 4187 ut

574 4223 700 4278 inde
731 4222 1102 4289 ostenderent,
1141 4238 1263 4287 nos,
1292 4223 1532 4279 admissa
1563 4223 1766 4295 duplici
1793 4224 1972 4290 latria,
1993 4241 2150 4280 crea-

2261 621 2372 672 τια,
2408 605 2492 659 ὅτι
2525 607 2679 659 πᾶσα
2706 605 2874 659 εἰκὼν
2907 604 3070 660 άλλου
3111 604 3228 657 ἔστί
3267 602 3565 673 δηλωτικὴ,
3603 601 3848 674 δηλονότι

2260 695 2359 750 τοῦ
2395 696 2761 767 πρωτοτύπου
2780 711 2794 726 ·
2829 696 2926 748 καὶ
2959 697 3008 749 εἰ
3041 695 3146 766 χρὴ
3169 695 3340 765 φάναι
3368 693 3512 748 κατά
3539 693 3639 764 τὴν
3667 711 3850 765 γραμ-

2265 788 2504 859 ματικὴν
2563 782 2938 857 τεχνολογίαν,
3000 787 3146 841 τοῦτ’
3175 787 3242 841 ἂν
3295 786 3384 856 εἴη
3430 786 3787 856 άναφσρικὸν,
3819 786 3849 840 ὃ

2261 880 2356 933 καὶ
2378 878 2786 950 ὑμοιωματικὸν
2825 879 2921 932 καὶ
2954 877 3227 932 δεικτικὸν
3271 880 3368 933 καλ⁸
3421 879 3848 934 άνταποδοτικδν

2260 971 2530 1024 καλεῖται.
2560 971 2673 1024 Καὶ
2717 969 2824 1042 μὴν
2863 970 2977 1040 οὑχ,
3001 969 3078 1034 ὡς
3127 969 3230 1041 ῦλη
3277 971 3389 1024 δεῖν
3431 971 3736 1043 προσάγειν
3777 974 3845 1043 τῇ

2260 1060 2498 1132 Χριστοῦ
2529 1060 2698 1115 εἰκόνι
2725 1060 2825 1132 τὴν
2852 1059 3227 1131 προσκύνησιν
3244 1075 3259 1091 ο
3293 1061 3411 1114 ἀλλ’
3441 1063 3518 1126 ὡς
3541 1063 3691 1133 αὑτῷ
3713 1065 3846 1133 Χρι-

2261 1153 2373 1225 στῷ
2399 1170 2412 1184 ·
2448 1153 2610 1223 εἴπερ
2635 1154 2670 1224 ἡ
2697 1153 2799 1222 τῆς
2831 1152 3041 1216 εἰκόνος
3070 1152 3204 1224 τιμὴ
3245 1154 3342 1206 ἐπὶ
3376 1155 3439 1207 τὸ
3481 1158 3846 1226 πρωτότυπον

2257 1245 2566 1312 ἀναϐαίνει,
2619 1244 3096 1316 ὑπεξαιρουμένης
3131 1245 3231 1316 τῆς
3277 1244 3411 1316 ὕλης
3459 1246 3540 1317 τῷ
3583 1248 3686 1318 τῆς
3725 1250 3846 1302 ἐπι-

2257 1337 2409 1402 νοίας
2430 1337 2578 1408 λόγῳ
2604 1338 2670 1391 ἐκ
2693 1337 2789 1391 τοῦ
2815 1339 2876 1391 ὲν
2910 1337 3048 1407 αὐτῇ
3069 1336 3543 1407 σχηματιζομένου
3563 1342 3846 1410 χαρακτῆ-

2263 1447 2376 1500 ρος.
2416 1428 2530 1482 Καὶ
2557 1428 2895 1499 λατρευτῶς,
2924 1426 3002 1492 ὡς
3022 1429 3150 1497 φὴς,
3179 1429 3523 1497 προσακτέον
3549 1429 3647 1500 τὴν
3677 1447 3846 1502 προσ-

2258 1524 2490 1594 κύνησιν
2514 1522 2594 1593 τῷ
2629 1522 2849 1594 Σωτῆρι
2902 1521 3149 1592 Χριστῷ,
3182 1520 3279 1574 καὶ
3316 1521 3426 1592 πρὸ
3476 1523 3702 1592 σαρκὸς,
3749 1525 3845 1577 καὶ

2262 1616 2402 1690 μετὰ
2436 1617 2722 1688 σάρκωσιν
2742 1632 2755 1646 ο
2781 1616 2878 1670 καὶ
2909 1614 3015 1686 πρὸ
3042 1618 3143 1686 τῆς
3171 1613 3402 1681 εἰκόνος,
3429 1616 3527 1668 καὶ
3539 1615 3610 1668 δι’
3634 1618 3808 1686 αὐτῆς
3825 1634 3841 1648 ·

2257 1711 2352 1764 καὶ
2382 1709 2558 1774 οὐδεὶς
2586 1707 2695 1764 τῶν
2735 1706 2797 1762 εὖ
2830 1706 3193 1778 φρονούντων,
3234 1702 3413 1776 οῖμαι,
3455 1708 3846 1778 ἀντιφέρεσθαι

2259 1805 2372 1866 τοῖς
2429 1801 2607 1874 ὀρθῶς
2648 1800 3192 1872 δεδογματισμένοις.
3221 1799 3388 1854 Ἀλλὰ
3439 1801 3549 1872 γὰρ
3590 1802 3691 1854 καὶ
3725 1803 3838 1865 τοῖς

2260 1895 2627 1968 ὑποδείγμασι
2677 1894 2779 1951 τοῦ
2835 1911 2895 1948 τε
2955 1893 3110 1966 ἡλίου
3159 1894 3299 1966 πρὸς
3320 1893 3384 1949 τὺ
3421 1893 3594 1966 ὕδωρ,
3629 1895 3724 1948 καὶ
3748 1894 3840 1947 τοῦ

2261 1988 2428 2044 ἁθλου
2457 1985 2748 2059 τριγώνου,
2783 1987 2905 2056 ἤτοι
2939 1983 3355 2058 μαθηματικοῦ,
3387 1985 3528 2056 πρὸς
3541 1984 3605 2038 τὸ
3637 1985 3839 2050 ενυλον,

2260 2083 2360 2136 οὑκ
2415 2082 2762 2152 άπεμφαῖνον
2799 2077 3054 2132 ἔπεσθαι.
3115 2077 3272 2132 Ἐπεὶ
3320 2076 3442 2131 καθ’
3475 2076 3738 2130 ὑπόθεσιν
3793 2078 3842 2129 εἰ

2259 2174 2493 2247 ληφθείη
2519 2172 2818 2246 λατρευτὸς
2859 2173 2888 2225 ὁ
2927 2171 3101 2243 ἥλιος,
3133 2171 3167 2242 ἢ
3201 2170 3266 2225 τὸ
3310 2170 3580 2243 τρίγωνον
3631 2169 3838 2239 σχῆμα,

2261 2264 2370 2336 πρὸ
2404 2263 2499 2317 τοῦ
2527 2263 2620 2318 τὸν
2657 2261 2756 2332 μὲν
2784 2263 2844 2317 έν
2873 2260 3030 2316 ὕδασι
3062 2260 3311 2328 πάλλειν,
3342 2261 3405 2314 τὸ
3433 2260 3493 2314 δὲ
3526 2260 3636 2330 πρὸ
3665 2261 3764 2314 τοῦ
3781 2263 3839 2314 ἐν

2261 2357 2366 2432 ὕλῃ
2396 2349 2777 2428 ὑποφανθῆναι
2805 2371 2821 2388 °
2858 2354 3123 2428 δηλονότι,
3179 2355 3277 2409 καὶ
3331 2351 3472 2424 μετὰ
3509 2353 3611 2424 τὴν
3663 2354 3838 2406 ἐκεῖσε

2260 2450 2565 2521 ἔμπτωσιν,
2596 2447 2718 2521 ἦτοι
2750 2448 3052 2518 συμφυΐαν,
3094 2445 3392 2516 λατρευτδν
3417 2445 3707 2517 ἑκάτερον.
3733 2443 3836 2498 Οὑ-

2258 2557 2339 2595 τω
2375 2541 2488 2613 γάρ
2512 2541 2727 2595 καὶτὸν
2754 2542 2962 2612 Κύριον
2999 2540 3163 2612 ἡμῶν
3215 2533 3423 2610 Ἰησοῦν
3437 2538 3682 2609 Χριστὸν
3705 2538 3837 2608 ἀρα-

2261 2631 2433 2705 ρότως
2457 2632 2768 2698 ὑπέδειξας,
2791 2633 2889 2687 καὶ
2925 2635 3064 2704 μετὰ
3087 2633 3362 2704 σάρκωσιν
3390 2631 3468 2695 ὡς
3494 2629 3603 2700 πρὸ
3620 2628 3836 2701 σαρκῶ-

2258 2743 2399 2790 σεως
2418 2727 2713 2798 λατρευτδν
2747 2722 2888 2781 εἷναί
2913 2743 2975 2779 τε
2997 2726 3094 2779 καὶ
3114 2724 3564 2796 προσκυνεῖσθαι.
3591 2725 3836 2795 Δατρευ-

2255 2817 2350 2882 τὸς
2372 2811 2487 2882 οῦν,
2591 2795 2714 2883 τᾶν,
2745 2818 2774 2870 6
2803 2815 3038 2887 Χριστὸς
3070 2795 3522 2886 ὁμολογουμένως
3540 2830 3556 2848 ο
3577 2813 3698 2867 ἀλλ’
3721 2814 3836 2885 οὐχὶ

2257 2912 2292 2982 ἡ
2321 2909 2496 2982 σεπτὴ
2518 2909 2683 2964 αὑτοῦ
2710 2907 2876 2963 εἰκὼν
2919 2907 3212 2980 λατρευτή,
3246 2906 3438 2978 ὥσπερ
3475 2906 3574 2961 καί⁵
3616 2907 3648 2960 ὑ
3678 2907 3830 2978 ἥλιος

2257 3003 2385 3058 καθ’
2412 3001 2669 3057 ὑπόθεσιν
2701 2999 2987 3073 συμμιγὴς
3017 2999 3098 3073 τῷ
3119 2999 3297 3066 ὕδατι,
3331 2999 3451 3054 ἀλλ’
3473 2999 3652 3072 οὐχὶη
3677 2998 3836 3053 εἰκὼν

2257 3095 2352 3152 τοῦ
2379 3096 2532 3169 ἡλίου
2554 3112 2570 3129 ο
2601 3098 2696 3150 καὶ
2725 3095 2788 3150 τὸ
2821 3094 3091 3167 τρίγωνον
3123 3091 3333 3148 ὑλωθὲν
3357 3133 3372 3159 ,
3400 3091 3520 3148 ἀλλ’
3544 3093 3671 3164 οὒχί
3703 3095 3738 3164 ἡ
3757 3095 3832 3146 εἰ·

2258 3188 2371 3244 κὼν
2399 3188 2494 3244 τοῦ
2515 3187 2960 3261 τριγώνου.⁶’ορα
2989 3185 3098 3258 γάρ
3113 3186 3197 3240 ὅτι
3223 3185 3323 3258 μία
3353 3187 3386 3257 ἠ
3413 3186 3649 3258 λατρεία
3676 3185 3832 3258 ἡμῶν

2255 3281 2364 3338 τῶν
2385 3279 2728 3355 Χριστιανῶν
2752 3281 2891 3353 μόνῃ
2921 3280 2986 3354 τῇ
3021 3279 3156 3352 ἁγία
3186 3279 3284 3334 καὶ
3317 3279 3596 3350 ὀμοουσίῳ
3627 3279 3822 3351 Τριάδι

2259 3373 2740 3447 προσενηνεγμένη
2769 3371 2876 3428 ὑπό
2915 3389 2977 3427 τε
3019 3371 3200 3444 πάσης
3249 3372 3453 3445 ὁρατῆς
3494 3371 3717 3442 φύσεως
3741 3372 3834 3426 καὶ

2255 3467 2511 3540 ἀοράτου.
2539 3466 2653 3520 Καὶ
2677 3465 2778 3519 οὑκ
2814 3465 3054 3538 ὲγχωρεῖ
3082 3464 3183 3536 τὴν
3229 3463 3438 3537 σεπτὴν
3482 3464 3672 3519 εἰκόνα
3704 3465 3834 3537 Χρι-

2256 3559 2386 3615 στοῦ
2418 3557 2726 3630 λατρευτὴν
2754 3557 2942 3628 φάναι.
2973 3559 3136 3612 Δυοῖν
3147 3557 3259 3630 γὰρ
3283 3557 3513 3630 θάτερον
3536 3558 3607 3630 ’ἢ
3633 3559 3697 3612 τὸ
3715 3559 3838 3612 κατ’

2254 3654 2426 3724 αὐτὴν
2457 3651 2750 3724 λατρευτδν
2782 3654 2849 3723 τῇ
2881 3650 3133 3723 τριαδικῇ
3161 3651 3389 3724 λατρεία
3409 3654 3830 3722 συνεισκρίνειν.

2253 3747 2392 3818 ὅπερ
2416 3745 2718 3801 ἀδύνατον
2753 3744 2988 3814 ἐπείπερ
3037 3744 3140 3798 οὐκ
3188 3743 3466 3814 ἐνδέχεται
3509 3742 3833 3814 προσθήκην

2252 3840 2374 3893 τινὰ
2417 3837 2770 3892 συνεισοίσειν
2815 3839 2882 3909 τῇ
2916 3835 3148 3909 Τριάδι⁸
3177 3835 3536 3908 εὑρεθήσεται
3582 3835 3695 3907 γὰρ
3745 3851 3834 3888 τε-

2252 3932 2388 4002 τρὰς
2413 3931 2551 3988 οῦσα
2571 3948 2586 3962 ⁸
2621 3932 2656 4004 ἢ
2695 3931 2770 4002 μὴ
2793 3929 3303 4002 συνεισκρινομένου
3326 3930 3531 3993 ἐκεῖσε,
3553 3929 3680 3983 καθ’
3702 3930 3832 3983 ἑαυ-

2251 4025 2314 4080 τδ
2342 4025 2401 4080 δὲ
2432 4025 2602 4091 ὅντως
2639 4024 2956 4095 λατρευτοῦ,
2989 4025 3084 4079 δύο
3107 4024 3207 4088 τὰς
3226 4024 3483 4096 λατρείας
3513 4024 3676 4096 ἡμῶν
3707 4025 3832 4093 δοτ-

2255 4120 2505 4190 ματίξειν
2523 4134 2537 4149 ·
2569 4119 2664 4173 καὶ
2688 4116 2958 4172 τίᾶνάλλο
2979 4119 3193 4190 ζητοῖεν
3220 4117 3485 4188 Ἑλλήνιοι
3523 4119 3670 4189 (cod.
3697 4118 3828 4187 Reg.

2251 4210 2418 4285 ἑλεῖν]
2451 4211 2809 4282 Εἰκονομάχοι
2862 4210 2998 4282 πρὸς
3030 4208 3209 4282 ἡμῶν,
3244 4209 3279 4281 ἣ
3304 4210 3365 4264 τδ
3397 4211 3650 4264 ἐντεῦθεν
3691 4213 3829 4265 ἀπο-

573 4325 752 4369 turam
822 4325 1018 4385 praeter
1061 4313 1378 4371 Creatorem
1439 4317 1641 4384 colere,
1687 4317 2150 4389 iArianorumque

2257 4303 2419 4369 δεῖξαι
2448 4305 2598 4376 ἡμᾶς
2627 4306 2694 4375 τῇ
2721 4303 2880 4375 δυῖκῇ
2910 4301 3138 4375 λατρεία
3159 4301 3529 4374 λατρεύοντας
3559 4305 3629 4374 τῇ
3650 4305 3826 4356 κτίσει

573 4404 844 4476 impietati
889 4403 1030 4459 nihil
1073 4404 1377 4461 concedere
1417 4405 1442 4460 τ
1495 4406 1787 4462 Adoranda
1846 4408 2014 4478 igitur
2065 4417 2150 4464 est

2257 4395 2404 4466 παρά
2429 4395 2520 4449 τὸν
2552 4392 2850 4463 κτίσαντα,
2875 4395 2972 4448 καὶ
3020 4396 3178 4451 οὐδὲν
3197 4395 3307 4450 τῶν
3348 4393 3646 4468 ’Δρειανῶν
3673 4395 3826 4448 ἐλάτ-

565 4501 754 4572 imago
795 4498 1022 4564 Christi,
1073 4507 1130 4554 at
1171 4514 1280 4555 non
1320 4498 1614 4556 deferenda
1671 4500 1751 4556 illi
1807 4501 2000 4567 latria,
2051 4503 2142 4558 sed

2257 4504 2374 4552 τους
2403 4485 2546 4542 κατὰ
2579 4484 2871 4549 άσέδειανς
2902 4486 3316 4557 Προσκυνητέον
3385 4481 3482 4539 οὖν
3525 4486 3594 4555 τῇ
3656 4483 3824 4536 εἰκόνι

565 4567 812 4655 Christo,
865 4591 958 4663 qui
993 4593 1046 4646 in
1085 4606 1148 4647 ea
1202 4592 1481 4657 adorator,
1527 4592 1687 4664 juxta
1733 4594 2143 4664 consequentia:

2257 4577 2507 4651 Χριστοῦ,
2535 4578 2599 4631 οὑ
2633 4575 2989 4648 λατρευτέον’
3020 4577 3157 4632 ἀλλὰ
3197 4577 3281 4648 τῷ
3309 4577 3369 4630 ὲν
3411 4575 3550 4645 αὑτῇ
3594 4590 3825 4646 προσκυ-

569 4686 840 4741 rationem
870 4703 883 4740 :
920 4685 1184 4755 quoniam
1216 4685 1331 4741 haec
1373 4685 1484 4740 duo
1515 4694 1666 4751 sunt,
1700 4687 1881 4757 imago
1929 4698 1984 4743 et
2019 4703 2145 4758 pro-

2257 4671 2491 4743 θουμένῳ
2545 4668 2789 4740 Χριστῷ,
2816 4669 2960 4723 κατὰ
3007 4670 3100 4723 τὸν
3145 4669 3247 4740 τῆς
3309 4667 3640 4730 ἀκολουθίας
3680 4665 3820 4738 [cui].

574 4785 818 4846 IOIypttm
843 4790 860 4840 ς
886 4784 941 4830 et
962 4775 1260 4832 discrimen
1283 4784 1385 4842 est,
1413 4791 1520 4832 non
1545 4776 1600 4832 in
1623 4778 1924 4849 hypostasi,
1961 4779 2055 4836 sed
2087 4781 2144 4836 in

2257 4766 2378 4837 Reg.
2406 4762 2689 4837 ἀληθείας]
2722 4763 2882 4834 λόγον
2908 4780 2924 4795 ο
2959 4763 3150 4835 ἐπειδὴ
3179 4762 3355 4817 ταῦτα
3402 4761 3519 4827 δύο,
3571 4759 3739 4814 εἰκών
3760 4775 3816 4811 τε

565 4867 838 4922 essentia.
2245 4859 2343 4915 καὶ
2369 4857 2750 4932 πρωτότυπον,
2777 4855 2874 4910 καὶ
2899 4856 2933 4928 ἡ
2962 4855 3291 4927 διαφορότης
3314 4855 3417 4909 οὑκ
3450 4854 3544 4908 ἐπὶ
3572 4851 3677 4923 τῆς
3698 4853 3820 4905 ὑπο-

2248 4951 2513 5014 στάσεως,
2538 4947 2675 5003 άλλὰ
2701 4947 2842 5002 κατὰ
2877 4947 2968 5001 τὸν
2996 4947 3098 5017 τῆς
3123 4945 3316 5010 οὑσίας
3353 4945 3540 5014 λόγον.

675 5067 903 5128 CCXIII.
931 5100 1005 5111 —-—
1028 5068 1278 5124 melius“
1309 5067 1554 5140 Syncello
1598 5067 2037 5142 Hagiopolitano.

2323 5064 2467 5118 ΣΙΓ.
2511 5061 2588 5136 (8)
2619 5093 2688 5107 -
2713 5061 2956 5142 Mazaﬁ}
3372 5061 3749 5132 Ἀγιοπολίτῃ

567 5269 760 5320 Laudat
777 5267 922 5319 Illum
943 5267 1010 5318 ob
1038 5281 1098 5318 ea
1120 5281 1234 5332 qua
1252 5269 1615 5333 Hierosolymis
1642 5283 1732 5336 pro
1749 5275 1978 5324 veritatis
1996 5273 2310 5324 confessione
2339 5274 2638 5336 pertulerat,
2672 5275 2777 5323 tum
2811 5271 3006 5323 nuntiat
3039 5274 3443 5336 persecutionem
3474 5269 3813 5325 Constantino-

1580 5335 1684 5396 poli
1711 5348 1954 5386 cessasse.
1991 5338 2192 5397 (Baron.
2227 5350 2310 5386 an.
2341 5335 2454 5397 845,
2478 5349 2532 5384 n.
2555 5335 2662 5399 42.)

2323 5448 2484 5518 Ἀρτι
2513 5447 2816 5502 ἐπιστέλλω
2851 5449 2917 5520 τῇ
2932 5446 3209 5520 τιμιότητί
3239 5463 3356 5512 σου,
3386 5446 3626 5517 ὁπηνίκα
3673 5443 3805 5497 εὑω-

2245 5538 2392 5615 δὼθη
2430 5558 2521 5614 μοι
2549 5543 2610 5597 ὲν
2638 5540 2719 5614 τῷ
2743 5539 3012 5613 θελήματι
3039 5539 3134 5594 τοῦ
3178 5537 3313 5592 Θεοῦ
3358 5539 3541 5610 εὑρεῖν
3565 5536 3803 5593 διάκονον

639 5444 838 5501 Scribo
869 5461 1013 5502 nunc
1045 5445 1111 5501 ad
1143 5447 1501 5503 reverentiam
1538 5456 1711 5515 tuam,
1742 5449 1963 5518 quando
2003 5447 2138 5504 mihi

568 5535 664 5594 Dei
681 5547 815 5593 nutu
840 5537 1034 5610 obtigit
1054 5549 1117 5595 ut
1135 5539 1384 5612 epistola:
1405 5539 1721 5596 ministrum
1743 5541 2091 5598 nanciscerer
2116 5557 2131 5597 :

2098 5721 2329 5780 NOTAE.

634 5878 714 5952 (8)
746 5879 806 5935 In
835 5880 952 5938 cod.
991 5879 1121 5951 ﬂag.
1154 5898 1248 5947 sit;
1269 5921 1286 5940 .
