4102 6374
295 267 423 341 tati
1484 272 2018 342 EPISTOLARUM
2070 267 2218 340 LIB.
2277 274 2361 342 II.
3421 273 3556 349 1649
3639 270 3643 275 ’

290 391 382 444 τοῦ
412 390 741 462 γράμματος
760 409 774 427 ο
812 393 939 446 ἐπεὶ
977 389 1205 464 ἔμελλον
1229 391 1299 445 ἂν
1319 391 1380 456 ἐξ
1406 394 1578 464 αὐτῆς
1601 394 1704 460 τῆς
1733 393 1872 446 καθ-

1977 391 2220 463 alioquin
2260 407 2328 447 ex
2367 391 2486 462 ipsa
2516 387 2766 450 custodia
2797 402 2984 448 nostra
3019 392 3258 464 idipsum
3289 393 3558 451 facturus

291 484 516 558 είρξεως
545 485 706 557 ήμῶν
729 486 864 541 αὐτὸ
891 486 1052 539 τοῦτο
1073 486 1272 551 ποιεῖν,
1294 485 1388 538 καὶ
1409 485 1508 554 οὐχ
1533 483 1704 551 ἅπαξ.
1731 487 1870 542 ἀλλὰ

293 577 389 632 καὶ
421 577 504 643 δὶς
529 579 626 632 καὶ
647 578 909 638 πολλάκις
939 576 1070 640 ἴσως
1089 591 1104 606 ο
1139 568 1260 630 οὐδὲ
1311 575 1420 644 γὰρ
1457 577 1543 630 ὃτι
1581 576 1739 650 ὑμεῖς
1780 579 1874 634 ex.

289 668 566 740 λοδαπετς,
593 669 753 738 ἡμεῖς
782 665 938 738 ὑμῶν
965 664 1310 736 ἐτεροειδεῖς.
1354 666 1494 721 Ἀλλ’
1517 669 1600 722 ὃτι
1641 671 1707 724 ἐκ
1737 674 1869 740 μιᾶς

292 765 498 838 μητρὸς
524 760 626 832 τῆς
679 758 956 823 υἱοθεσίας
1009 759 1428 829 γεγεννημένοι,
1464 761 1560 814 καὶ
1603 760 1684 832 τῷ
1719 761 1870 833 αὐτῷ

286 852 601 928 χαρακτῆρι
635 849 738 923 τῆς
768 848 1098 919 εἰλικρινοῦς
1125 849 1364 914 πίστεως
1421 853 1867 924 μεμορφωμένοι,

287 950 380 1002 καὶ
405 944 643 1013 ἀδελφοὶ,
700 943 797 996 καὶ
831 940 1184 1012 συμπολῖται,
1231 942 1480 1014 κεφαλὴν
1520 943 1741 1014 ἔχοντες
1776 945 1871 999 τὸν

286 1038 522 1110 Χριστόν
545 1054 560 1069 ·
590 1029 763 1107 οὗπερ
812 1035 888 1100 ὡς
939 1034 1101 1106 σῶμα
1134 1035 1440 1102 τελοῦντες,
1485 1038 1586 1092 καί
1616 1039 1774 1108 μέλη
1799 1039 1869 1093 ὲκ

279 1129 503 1201 μέρους
533 1125 814 1197 ὀφειλέται
850 1125 1022 1196 ἐσμὲν
1054 1126 1149 1180 καὶ
1179 1127 1502 1199 συγχαίρειν
1529 1128 1781 1198 ἀλλήλοις
1809 1129 1869 1180 ὲν

282 1225 396 1287 τοῖς
415 1222 634 1290 δεξιοῖς,
652 1221 748 1276 καὶ
766 1218 1024 1274 ἀνιᾶσθαι
1045 1216 1116 1274 αὖ
1139 1221 1233 1275 ἐπὶ
1254 1224 1369 1286 τοῖς
1404 1221 1691 1296 λυπηροῖς.
1726 1220 1870 1278 Ἀλλ’

283 1313 330 1369 ῶ
357 1315 496 1380 πῶς,
534 1314 742 1385 ἀλλαχῇ
780 1310 1151 1382 ὡρμημένους
1197 1314 1343 1383 ὑμᾶς
1391 1315 1742 1387 πορεύεσθαι,
1767 1318 1870 1388 ὴν-

284 1407 528 1477 ἀγκασεν
544 1407 578 1477 ἡ
599 1401 739 1475 φορὰ
762 1401 858 1455 τοῦ
883 1403 1082 1472 καιροῦ
1107 1404 1166 1456 ἐν
1203 1404 1438 1474 ἄρκυσιν
1471 1407 1738 1475 ἐμπεσεῖν
1757 1405 1868 1458 τῶν

283 1501 411 1572 τῇδε
446 1494 827 1571 κρατοῦντωνς
859 1495 926 1547 Τί
951 1491 1047 1549 οὖν
1076 1494 1226 1550 ἐστιν
1259 1498 1441 1550 εἰπεῖν
1469 1498 1611 1570 πρὸς
1653 1497 1866 1563 ταῦτα,

285 1592 320 1662 ἢ
351 1593 484 1658 ὅπερ
513 1589 647 1658 φησί
676 1586 739 1640 τὸ
766 1587 912 1657 ἱερὸν
943 1588 1183 1660 γράμμα
1202 1605 1218 1622 ο
1255 1589 1424 1644 Καὶό
1451 1590 1614 1660 ἁγὼν
1636 1590 1745 1662 ἦγε
1759 1592 1869 1646 τὸν

1971 497 2146 550 eram,
2197 495 2301 537 nec
2345 480 2519 536 semel
2549 480 2734 552 modo,
2783 481 2877 537 sed
2926 482 3010 537 bis
3057 483 3222 538 etiam
3252 499 3318 541 ac
3357 485 3558 555 saepius

1972 573 2206 630 fortasse
2231 591 2246 629 :
2275 582 2454 643 neque
2475 573 2645 639 enim,
2674 573 2804 644 quia
2847 573 3023 629 exteri
3047 589 3144 630 vos
3165 573 3321 642 estis,
3350 575 3560 632 idcirco

1971 681 2002 722 a
2035 666 2193 722 vobis
2228 668 2413 737 specie
2448 666 2846 736 discrepamus.
2889 665 2997 722 Sed
3027 682 3154 722 cum
3185 683 3252 722 ex
3287 683 3399 723 una
3425 668 3560 724 ado«

1971 758 2177 830 ptionis
2216 768 2396 813 matre
2425 759 2594 828 geniti
2623 759 2822 824 simus,
2854 771 2909 814 et
2937 760 3129 816 eodem
3173 761 3405 816 sincerae
3431 758 3560 816 ﬁdei

1971 852 2286 906 charactere
2327 851 2600 921 insigniti,
2637 860 2693 907 et
2730 850 2948 917 fratres,
2982 861 3038 908 et
3077 853 3355 920 concives,
3394 861 3562 923 caput

1974 945 2240 1000 habentes
2281 941 2587 1010 Christum,
2639 951 2701 998 ut
2729 943 2825 1015 qui
2860 944 3038 1015 ipsius
3085 959 3289 1015 corpus
3342 960 3558 1007 sumus.

1973 1046 2022 1090 et
2076 1034 2313 1090 membra
2360 1035 2425 1090 de
2473 1035 2707 1090 membro
2728 1034 2822 1089 ’δε
2881 1035 3226 1105 congaudere
3260 1036 3402 1091 inter
3459 1050 3563 1092 nos

1972 1128 2236 1184 debemus
2264 1129 2320 1183 in
2344 1127 2648 1198 prosperis,
2685 1127 2924 1198 angique
2953 1128 3158 1197 pariter
3188 1128 3243 1183 in
3289 1128 3560 1184 adversis.

1975 1220 2175 1274 Verum
2223 1219 2502 1290 quomodo
2556 1234 2672 1284 vos,
2727 1234 2855 1274 cum
2905 1219 3014 1274 alio
3063 1219 3294 1295 profecti
3343 1220 3561 1281 essetis.

1973 1312 2192 1383 impulit
2213 1320 2526 1381 temporum
2555 1312 2842 1377 violentia,
2865 1321 2928 1367 ut
2952 1313 3009 1366 in
3033 1327 3227 1367 eorum
3251 1312 3346 1381 qui
3379 1327 3564 1367 rerum
3657 1355 3663 1360 .

1973 1407 2065 1462 hic
2089 1406 2394 1477 potiuntur,
2426 1407 2566 1462 retia
2599 1406 2955 1462 incideritis?
2999 1407 3142 1474 Quid
3181 1407 3250 1462 ad
3277 1407 3393 1463 hazc
3413 1408 3564 1462 dice-

1973 1495 2147 1550 mus?
2179 1495 2284 1550 nisi
2317 1496 2366 1550 id
2399 1495 2546 1566 quod
2581 1510 2740 1551 sacra
2781 1496 3066 1567 Scriptura
3096 1497 3175 1552 ait
3206 1515 3222 1552 :
3280 1496 3351 1551 Et
3383 1496 3569 1552 multi-

1975 1587 2104 1642 tudo
2159 1586 2314 1643 duxit
2355 1587 2496 1644 Jelzu
2523 1585 2594 1652 ⁸⁸,
2635 1589 2730 1645 sed
2776 1589 2890 1645 illic
2935 1588 3163 1658 quidem
3219 1587 3288 1644 ad
3337 1605 3568 1660 regnum

297 1661 450 1740 Ἡδὺ,
484 1678 599 1732 ἀλλ’
629 1679 748 1732 ἐκεῖ
780 1677 878 1754 μὲν
917 1679 999 1740 εἰς
1025 1680 1087 1732 τὸ
1113 1679 1436 1748 βασιλεῦσαι
1459 1680 1554 1734 τοῦ
1605 1681 1826 1754 Ἰσραήλ
1849 1699 1864 1713 ο

1975 1678 2146 1733 Israel
2177 1697 2192 1747 ;
2228 1680 2316 1734 hic
2341 1695 2472 1736 vero
2497 1681 2564 1736 ad
2595 1681 2977 1736 testimonium
3009 1681 3282 1748 veritatis,
3315 1688 3379 1736 ut
3409 1696 3570 1736 .nunc

283 1771 516 1829 ἐνταῦθα
548 1770 626 1836 δὲ,
657 1772 736 1832 εἰς
767 1752 826 1825 τὸ
877 1771 1228 1844 μαρτυρῆσαι
1262 1775 1348 1843 ατῇ
1383 1757 1618 1846 ἆληθείᾳ
1646 1791 1660 1803 ·
1685 1752 1870 1838 θὼςνᾶν

283 1864 546 1938 πληρωθῇ
575 1864 638 1918 τὸ
671 1863 964 1936 εἰρημένον
1015 1865 1114 1920 καὶ
1155 1865 1363 1919 τανῦν·
1412 1867 1515 1922 Ἐκ
1570 1869 1726 1922 Σιὼν
1765 1869 1866 1932 ἐξά

276 1957 596 2012 exsucata:
629 1955 834 2027 λόγος,
868 1956 967 2010 καὶ
983 1958 1171 2027 νόμος
1205 1958 1429 2028 Κυρίου
1465 1959 1534 2025 ἐξ
1574 1959 1870 2030 Ἰερουσα-

277 2053 427 2124 λήμ.
454 2048 627 2107 Ὧδεό
655 2051 801 2117 νοῦς,
823 2044 868 2104 ὦ
885 2052 1205 2124 πάμμακαρ
1262 2051 1400 2108 Cod.
1423 2051 1560 2125 Reg.
1596 2053 1830 2126 μάκαροῖ
1853 2071 1867 2086 .

281 2147 451 2218 Στῆθι
480 2144 770 2216 γενναίως,
800 2145 1300 2217 ὑπομιμνήσκομεν
1325 2161 1340 2176 ·
1375 2146 1653 2212 Δόεασον
1667 2147 1744 2214 δὴ
1763 2149 1872 2202 τὸν

281 2242 426 2296 Θεὸν
458 2239 530 2294 ἐν
557 2239 639 2305 τῷ
670 2239 903 2308 σώματί
929 2256 1048 2294 σου
1071 2241 1168 2293 καὶ
1201 2237 1368 2306 ἐντῷ
1393 2243 1712 2312 meum“.
1737 2242 1870 2296 Εἰπὲ

181 2397 184 2400 ,
281 2335 378 2389 καὶ
423 2331 589 2396 αὐτὸς
636 2331 776 2402 μετὰ
813 2331 910 2385 τοῦ
965 2332 1262 2387 Θεσπεσίου
1301 2333 1550 2387 Παύλου·
1592 2331 1737 2388 οἴδα
1779 2335 1870 2388 ὅτι

282 2425 462 2482 τοῦτό
487 2441 590 2494 μοι
608 2423 983 2493 ἀποϐήσεται
1009 2427 1099 2492 εἰς
1113 2427 1421 2493 σωτηρίαν
1445 2425 1544 2480 διὰ
1573 2424 1684 2494 τῆς
1703 2425 1871 2495 ὑμῶν

281 2516 549 2585 δεήσεως
572 2514 676 2569 καὶ
705 2516 1100 2586 ἐπιχορηγίας
1128 2517 1238 2572 τοῦ
1269 2519 1620 2587 Πνεύματος
1663 2518 1871 2586 Ἰησοῦ

281 2607 563 2678 Χριστοῦ,
610 2610 765 2664 κατὰ
817 2609 936 2676 τὴν
972 2609 1471 2680 ἀποκαραδοκίαν
1511 2611 1614 2665 καὶ
1650 2611 1873 2665 ἐλπίδα

275 2717 395 2772 μου
415 2715 431 2732 ο
462 2699 552 2754 ὅτι
578 2699 648 2754 ἐν
670 2697 876 2754 οὐδενί
897 2699 1392 2770 αἰσχυνθήσομαι
1413 2716 1428 2731 ο
1457 2700 1599 2755 ἀλλ’
1616 2700 1871 2769 ἐνπάσῃ

282 2794 591 2864 παρρησία
621 2793 702 2860 ὠς
732 2793 996 2849 πάντοτε
1037 2794 1140 2849 καί
1183 2795 1304 2848 νῦν
1345 2793 1871 2865 μεγαλυνθήσεται

280 2887 354 2942 ἐν
379 2886 461 2952 τῷ
491 2887 724 2958 σώματι
753 2905 898 2958 μου,
929 2889 1052 2942 εἴτε
1079 2887 1180 2943 διὰ
1202 2886 1372 2956 ζωῆς,
1397 2888 1520 2943 εἶτε
1559 2886 1660 2942 διὰ
1685 2885 1870 2942 θανά-

281 2993 411 3035 του.
448 2980 610 3051 Ἑμοί
639 2983 754 3053 γὰρ
780 2984 848 3036 τὸ
873 2981 982 3052 ζῇν
1009 2983 1290 3052 Χριστὸς,
1322 2983 1421 3038 καὶ
1448 2983 1516 3038 τὸ
1540 2982 1871 3039 ἀποθανεῖν
1898 3008 1942 3066 c

278 3069 513 3140 κέρδος.
553 3071 660 3126 Ἴδε
689 3075 719 3126 ό
746 3072 955 3141 γλυκὺς
1000 3071 1175 3142 ἀγὼν,
1211 3071 1287 3126 ῐδε
1333 3075 1362 3126 ό
1420 3073 1694 3143 μακάριος
1742 3087 1871 3124 συν-

279 3162 585 3235 αλλαγμὺς,
633 3164 918 3236 βραχείαις
945 3164 1162 3236 θλίψεσί
1210 3183 1272 3219 τε
1318 3164 1416 3221 καὶ
1457 3165 1874 3236 περιστάσεσιν,

278 3256 380 3312 εἰτ’
414 3253 509 3310 οὖν
545 3257 784 3326 πληγαῖς
809 3274 870 3312 τε
904 3259 998 3312 καὶ
1043 3257 1260 3329 ῥανίσιν
1291 3257 1528 3328 αἵματος
1554 3255 1689 3310 Θεὸν
1720 3255 1878 3323 γενέ-

282 3351 432 3414 σθαι,
463 3351 560 3404 καὶ
581 3349 718 3404 Θεοῦ
745 3351 842 3405 τοῦ
878 3349 1051 3416 ὅντως
1099 3350 1256 3416 ὄντος
1294 3351 1597 3421 ἐπιτυχεῖν.
1635 3347 1878 3419 Ἐμονώ-

282 3441 386 3514 θης
407 3441 727 3512 τοιγαροῦν,
768 3440 845 3506 ὡς
887 3441 1233 3514 ἀκηκόαμεν,
1272 3443 1507 3514 τμηθεὶς
1551 3441 1631 3512 τῷ
1673 3441 1876 3512 φρονή-

285 3548 422 3604 ματι
464 3532 576 3588 ἀπὸ
617 3531 730 3585 τῶν
768 3533 1178 3604 ἀγαπησάντων
1217 3533 1310 3587 τὸν
1349 3533 1450 3587 νῦν
1487 3533 1665 3586 αἰῶνα
1688 3549 1704 3564 ·
1737 3529 1878 3586 ἀλλὰ

285 3622 596 3693 συναιώθης
628 3622 764 3675 πᾶσι
795 3624 910 3684 τοῖς
939 3623 1325 3694 ἀντεχομένοις
1353 3622 1452 3677 τοῦ
1479 3623 1581 3693 τῆς
1613 3623 1876 3694 ἀληθείας

1971 1777 2134 1830 etiam
2193 1777 2486 1847 impleatur
2511 1775 2660 1847 quod
2706 1777 2916 1831 dictum
2941 1784 3068 1832 est:
3115 1776 3192 1830 De
3233 1774 3369 1830 Sion
3401 1775 3571 1830 exibit

1971 1884 2166 1934 sermo,
2189 1879 2240 1924 et
2266 1869 2354 1924 lea:
2375 1870 2592 1926 Domini
2621 1870 2688 1924 de
2721 1869 3024 1924 Jerusalem
3054 1867 3122 1923 ".
3161 1868 3280 1924 Huc
3324 1869 3569 1924 animum

1971 1960 2216 2025 adverte,
2276 1978 2311 2017 ο
2355 1962 2672 2018 beatissime
2720 1978 2734 2016 :
2787 1972 2872 2016 sta
2929 1959 3170 2028 fortiter,
3239 1974 3570 2016 monemus:

1971 2052 2218 2123 gloriﬁca
2247 2053 2422 2109 Deum
2449 2055 2506 2108 in
2549 2069 2769 2124 corpore
2811 2063 2922 2116 tuo,
2962 2063 3012 2106 et
3058 2053 3114 2106 in
3157 2052 3351 2122 spiritu
3373 2051 3442 2107 ".
3475 2049 3576 2106 Dic

1971 2153 2028 2200 et
2059 2145 2177 2216 ipse
2203 2160 2343 2202 'cum
2372 2145 2564 2201 divino
2596 2145 2764 2201 Paulo
2793 2164 2807 2198 :
2845 2143 2968 2200 Scio
2991 2145 3120 2215 quia
3148 2143 3244 2198 hoc
3283 2142 3414 2197 mihi
3443 2159 3572 2214 pro-

1973 2237 2141 2293 veniet
2194 2237 2264 2292 ad
2317 2237 2569 2303 salutem,
2616 2254 2709 2308 per
2753 2249 2981 2292 vestram
3033 2236 3329 2290 orationem
3359 2243 3410 2290 et
3451 2235 3574 2290 sub-

1973 2332 2421 2387 ministrationem
2447 2325 2684 2401 Spiritus
2706 2330 2836 2386 Jesu
2872 2331 3097 2394 Christi,
3144 2331 3432 2385 secundum
3477 2346 3574 2386 ea:-

1973 2425 2352 2495 spectatione»:
2403 2435 2454 2480 et
2484 2441 2630 2494 spem
2668 2441 2860 2492 meam,
2897 2426 3026 2495 quia
3067 2425 3125 2478 in
3155 2424 3306 2479 nullo
3354 2426 3577 2496 confun-
3646 2469 3650 2472 .

1973 2519 2117 2574 dar:
2168 2519 2260 2574 sed
2309 2519 2362 2573 in
2400 2520 2546 2574 omni
2602 2519 2804 2588 fiducia
2859 2520 2999 2573 sicut
3053 2533 3278 2588 semper,
3337 2527 3390 2572 et
3436 2533 3575 2571 nunc

1974 2612 2416 2684 magniﬁcabitur
2466 2610 2714 2666 Christus
2760 2611 2816 2665 in
2867 2627 3087 2680 corpore
3141 2627 3274 2676 meo,
3320 2612 3428 2664 sive
3482 2621 3577 2681 per

1973 2704 2300 2769 tvitam,.sive
2343 2718 2434 2771 per
2464 2712 2708 2756 mortem.
2745 2701 2880 2756 Mihi
2933 2702 3075 2757 enim
3119 2703 3284 2757 viuere
3329 2699 3574 2757 Christus

1973 2805 2074 2860 est,
2090 2805 2139 2850 et
2161 2796 2298 2850 mori
2320 2801 2526 2849 lucrum
2543 2795 2589 2826 ³⁷
2608 2800 2650 2850 '.
2671 2793 2752 2850 En
2770 2795 2931 2850 dulce
2952 2803 3252 2860 certamen,
3274 2809 3340 2850 en
3362 2793 3574 2850 felicem

1973 2889 2487 2955 commutationem,
2517 2903 2614 2959 per
2643 2887 2839 2944 breves
2879 2887 3267 2944 tribulationes
3299 2895 3357 2942 et
3403 2902 3578 2958 angu-

1974 2981 2135 3046 stias,
2179 2996 2278 3037 seu
2325 2981 2520 3052 plagas
2552 2989 2608 3036 et
2649 2979 2940 3052 sanguinis
2983 2989 3188 3052 guttas,
3223 2978 3397 3035 Deum
3433 2979 3573 3048 ﬁeri,

1973 3081 2030 3128 et
2057 3071 2193 3138 Deo,
2225 3073 2322 3144 qui
2354 3089 2480 3129 vere
2528 3081 2634 3140 est,
2667 3073 2859 3145 potiri.
2909 3071 3075 3128 Solus
3117 3088 3249 3143 ergo
3283 3071 3462 3130 factus
3491 3087 3573 3141 es,

1975 3173 2038 3220 ut
2077 3167 2414 3237 accepimus,
2452 3167 2521 3220 ab
2552 3166 2620 3222 iis
2651 3181 2820 3223 sensu
2870 3166 3108 3231 divisus,
3167 3167 3260 3238 qui
3305 3165 3576 3224 saeculum

1975 3257 2082 3314 hoc
2110 3269 2368 3316 amarunt
2419 3278 2435 3316 :
2473 3260 2570 3315 sed
2621 3275 2748 3316 cum
2801 3259 2872 3317 iis
2915 3259 3177 3315 omnibus
3219 3259 3572 3328 coniunctus,

1975 3351 2073 3422 qui
2107 3351 2356 3407 veritatis
2389 3352 2672 3409 sustinent
2701 3351 3104 3409 defensionem.
3151 3351 3290 3408 Hinc
3339 3361 3390 3407 te
3421 3368 3576 3407 maro

1980 3449 2163 3513 tyrum
2195 3443 2404 3499 chorus
2436 3442 2714 3515 integrum
2763 3443 3046 3513 suscipere
3080 3443 3362 3500 desiderat
3396 3462 3412 3498 :
3447 3443 3577 3499 hinc

1984 3531 2367 3590 confessorum
2416 3551 2628 3592 cuneus
2662 3551 2890 3592 manum
2927 3537 3184 3607 porrigit,
3221 3545 3280 3592 ut
3309 3536 3362 3592 in
3393 3535 3576 3594 locum

1980 3640 2144 3680 suum
2184 3627 2433 3696 recipiat.

282 3715 469 3785 λόγου.
506 3712 790 3771 Ἐντεῦθέν
833 3732 894 3768 σε
929 3717 959 3769 ό
985 3717 1146 3788 χορὸς
1187 3716 1298 3769 τῶν
1369 3717 1668 3787 μαρτύρων
1727 3716 2022 3770 ὑπολαϐεῖν
2053 3718 2306 3787 βούλεται
2352 3719 2690 3792 ὁλόκληρονο
2772 3721 2986 3775 ἐκεῖθεν
3029 3722 3142 3775 τῶν
3223 3723 3579 3795 ὀμολογητῶν

281 3811 348 3868 τὸ
375 3811 568 3882 στίφος
597 3815 757 3886 χεῖρα
789 3809 1066 3883 προτείνει
1093 3810 1238 3863 ἑλεῖν
1267 3811 1528 3881 ὁμόχρον.

355 3905 448 3978 Μὴ
476 3906 542 3979 δὴ
573 3905 1002 3976 ἀπολειφθῶμεν
1025 3907 1126 3975 τῆς
1153 3903 1326 3976 καλῆς
1347 3903 1596 3975 χορείας,
1631 3897 1677 3956 ὦ
1705 3903 1873 3957 σεσά-

283 4008 413 4070 σμιε
440 4015 455 4028 ⁸
495 3999 621 4072 μηδ’
657 3994 725 4053 αὖ
751 3995 1216 4070 καταισχύνωμεν
1253 3999 1354 4062 τὰς
1382 3999 1604 4051 πάντων
1627 3996 1875 4060 ἐλπίδας,

2046 3901 2488 3974 Haudquaquam
2521 3904 2593 3958 ab
2621 3904 2724 3958 hac
2758 3904 3020 3972 praeclara
3059 3903 3267 3958 chorea
3297 3903 3571 3958 descisca-

1974 4012 2122 4063 mus,
2157 3998 2245 4051 vir
2271 3999 2607 4066 venerande,
2633 4013 2812 4068 neque
2833 4013 2960 4068 spes
2986 3997 3234 4052 omnium
3265 3995 3572 4054 confunda-

281 4085 672 4164 ὦτριπόθητε.
702 4091 853 4146 Πόσα
897 4090 966 4144 ἂν
1006 4089 1236 4174 ἔκαμες.
1285 4087 1430 4144 ὥστε
1469 4107 1563 4144 σου
1607 4091 1669 4144 τὸ
1705 4089 1874 4160 ὄνομα

1975 4105 2120 4159 mus,
2153 4093 2237 4146 vir
2262 4090 2746 4147 desideratissime.
2777 4088 2994 4157 Quanta
3026 4089 3332 4160 pertulisti?
3354 4091 3490 4144 adeo
3517 4097 3574 4145 ut

224 4191 230 4196 '
283 4183 552 4238 ἀκουστὸν
576 4185 636 4238 ὲν
663 4183 834 4256 ἀρετῇ
870 4183 1125 4252 γενέσθαι
1165 4184 1282 4246 τοῖς
1332 4177 1436 4236 ὧδε
1470 4183 1731 4248 κάκεῖσε;
1759 4180 1874 4235 Νῦν

1975 4201 2174 4241 nomen
2202 4196 2355 4241 tuum
2380 4185 2588 4256 passim
2607 4184 2675 4238 ab
2703 4185 2789 4239 his
2815 4193 2869 4239 et
2886 4183 2994 4238 illis
3021 4183 3270 4238 auditum
3289 4183 3380 4238 sit.
3417 4180 3574 4239 Nunc

281 4275 343 4330 δὲ
366 4276 443 4341 ὡς
473 4276 560 4332 ἐπ’
589 4276 754 4348 ὅρους
782 4275 996 4349 ἀρετῶν
1022 4275 1113 4330 διὰ
1144 4276 1244 4344 τῆς
1277 4273 1570 4346 ὁμολογίας
1600 4273 1873 4346 ἀναϐεϐη-

1981 4286 2190 4343 autem,
2213 4285 2474 4348 tanquam
2501 4276 2555 4330 in
2575 4275 2837 4330 virtutum
2872 4283 3115 4329 montem
3160 4288 3258 4345 per
3280 4271 3578 4328 confessio-

283 4367 420 4433 κὼς,
453 4368 705 4440 ἐμφανὴς
741 4369 933 4438 ὲγὲνου
980 4367 1062 4440 τῷ
1107 4367 1322 4438 κόσμῳ,
1362 4367 1456 4421 καὶ
1496 4365 1874 4438 λαμποφορεῖς

1980 4385 2106 4426 nem
2125 4371 2446 4437 subvectus,
2466 4370 2802 4439 conspicuus
2817 4367 3024 4423 mundo
3041 4364 3219 4422 factus
3235 4381 3316 4430 es,
3334 4375 3386 4420 et
3399 4363 3576 4420 facem

283 4459 439 4530 ἡλίου
469 4459 864 4532 φωτεινότερον
914 4460 1012 4514 σὺν
1050 4456 1130 4529 τῷ
1180 4459 1324 4530 λόγῳ
1352 4459 1447 4512 καὶ
1493 4457 1587 4512 τὸν
1627 4458 1762 4529 βίον,
1794 4459 1876 4522 εἰς

283 4545 446 4611 δόξαν
484 4545 596 4602 Τοῦ
629 4547 862 4616 Πατρός
889 4546 1061 4618 ἡμῶν
1080 4548 1188 4603 τοῦ
1207 4549 1278 4602 ἐν
1302 4547 1428 4614 τοῖς
1449 4548 1733 4616 οὐρανοῖς
1755 4564 1768 4578 ·
1795 4547 1877 4612 εἰς

281 4638 454 4694 τόπον
483 4639 696 4712 ῆρχθης
744 4639 1226 4713 ὑπεραίνοντα,εἰς
1267 4641 1524 4710 γλῶσσαν
1566 4641 1877 4714 παρεδόθης

288 4731 610 4804 βλάσφημον
635 4748 650 4762 ’
692 4733 833 4787 πόσα
858 4734 958 4804 μὲν
991 4730 1084 4788 οὗν
1117 4734 1179 4792 οὑ
1212 4735 1548 4802 σαίνουσαν;
1580 4737 1723 4790 πόσα
1743 4736 1877 4789 δὲού

284 4821 724 4892 ψευδολογοῦσαν
768 4825 864 4880 καὶ
891 4827 1251 4899 πειρωμένην
1287 4828 1604 4883 ὑποκλίνειν
1634 4829 1745 4884 ἀπὸ
1779 4830 1877 4884 τοῦ

289 4913 500 4985 ὑψηλοῦ
535 4918 631 4970 καὶ
662 4915 814 4972 θείου
844 4919 1196 4990 φρονήματος
1217 4938 1232 4987 ;
1257 4920 1372 4976 ἀλλ’
1401 4922 1561 4993 ῖσμεν
1584 4923 1646 4988 ἐξ
1681 4924 1876 4994 ἀκοῆς,

287 5009 416 5072 ὅσος
434 5009 528 5062 καὶ
549 5009 712 5074 αὐτὸς
735 5005 787 5064 εἷ
805 5011 990 5082 χάριτι
1011 5013 1275 5084 Χριστοῦ,
1298 5015 1456 5084 λόγον
1474 5015 1690 5088 ἐπέχων
1709 5018 1876 5088 ζωῆς,

293 5100 486 5165 σοφίας
503 5101 717 5174 ῥεῖθρον
739 5101 848 5157 ἀπὸ
871 5105 1141 5180 στόματος
1168 5107 1636 5180 προϐαλλόμενος,
1672 5113 1878 5166 ἀντεπ-

296 5195 517 5263 εξάγειν
573 5197 644 5247 τὰ
674 5177 990 5262 εἰκόταταῖς
1010 5177 1272 5268 ματαία-ις
1291 5177 1645 5272 προτόσεσιν.
1682 5203 1879 5275 Ἡμεῖς

292 5286 356 5340 es
388 5287 439 5340 oi
461 5288 710 5341 ταπεινοὶ
742 5289 918 5342 ἐκεῖνο
949 5288 1182 5360 λέγομεν
1231 5295 1326 5346 καὶ
1366 5293 1764 5366 διασαφοῦμεν,
1797 5299 1882 5353 ὅτι

293 5379 520 5448 λογάδες
545 5379 719 5434 πάλαι
739 5397 804 5434 τε
839 5385 934 5435 καὶ
961 5382 1059 5435 νῦν
1088 5384 1437 5456 προέστησαν
1477 5389 1639 5443 τοῦδε
1671 5391 1766 5444 τοῦ
1803 5391 1882 5444 ἰε-

298 5472 567 5545 ραρχικοῦ
611 5473 825 5546 θρόνου,
867 5474 1120 5546 εὐτεχνίᾳ
1161 5476 1452 5547 δογμάτων
1485 5482 1546 5535 τὸ
1589 5483 1719 5554 περὶ
1769 5483 1881 5538 τῶν

297 5564 463 5640 ἱερῶν
483 5567 708 5623 εἰκόνων
735 5567 998 5640 θεώρημά
1041 5585 1102 5622 τε
1146 5571 1242 5624 καὶ
1295 5570 1552 5645 σύνθημα
1597 5575 1878 5633 διατυπὼ-

1977 4463 2126 4534 gcris
2159 4461 2276 4518 sole
2325 4461 2674 4528 lucidiorem,
2715 4461 2884 4516 vitam
2931 4458 3094 4516 simul
3125 4473 3248 4514 cum
3295 4471 3573 4523 sermone,

1977 4557 2044 4612 ad
2085 4555 2315 4626 gloriam
2345 4553 2532 4610 Patris
2560 4557 2756 4621 nostri,
2791 4554 2883 4622 qui
2912 4554 2967 4607 in
2993 4551 3137 4608 caelis
3179 4559 3257 4606 est
3275 4549 3341 4604 ⁸⁸.
3380 4549 3571 4604 Excel-

1979 4665 2104 4705 sum
2141 4650 2194 4705 in
2223 4650 2406 4704 locum
2431 4658 2653 4705 evectus
2689 4661 2771 4713 es,
2809 4647 3010 4717 linguas
3039 4644 3291 4716 obiectus
3315 4657 3375 4698 es
3404 4641 3576 4697 male‘

1979 4744 2134 4808 dicae,
2170 4743 2302 4813 quid
2343 4757 2452 4797 non
2487 4741 2764 4798 vcllicanti
2797 4741 2820 4794 ?
2853 4738 2987 4811 quid
3039 4753 3148 4793 non
3200 4736 3493 4791 mentienti
3546 4732 3575 4790 ἳ

1980 4839 2108 4890 dum
2143 4847 2194 4891 te
2223 4836 2292 4890 ab
2321 4835 2542 4892 excelso
2572 4843 2628 4890 et
2654 4831 2844 4890 divino
2888 4846 3054 4889 sensu
3087 4829 3373 4887 deﬂectere
3400 4843 3574 4885 conan

1982 4941 2088 4984 tur.
2125 4927 2232 4984 Sed
2269 4928 2554 4984 auditione
2597 4927 2916 4998 accepimus
2958 4933 3202 4996 quantus
3245 4933 3300 4980 et
3347 4924 3464 4994 ipse
3492 4921 3573 4979 sis

1981 5022 2156 5092 gratia
2195 5021 2424 5085 Christi,
2457 5023 2583 5075 vitae
2617 5035 2927 5076 sermonem
2960 5018 3250 5080 adhibens,
3290 5013 3572 5087 sapientiae

1981 5117 2184 5170 tlumen
2241 5129 2309 5170 ex
2349 5129 2447 5170 ore
2491 5112 2852 5183 profundens,
2880 5110 3040 5167 vanis
3096 5107 3569 5181 propositionibus

1983 5205 2342 5277 congruentia
2374 5220 2680 5278 opponens.
2705 5202 2816 5261 Nos
2850 5219 2983 5260 vero
3017 5202 3252 5259 humiles
3268 5200 3400 5256 illud
3431 5199 3570 5255 dici-

1985 5314 2110 5354 mus
2136 5305 2192 5353 et
2237 5305 2526 5362 testamur,
2585 5297 2734 5354 viros
2791 5297 3028 5352 eximios
3059 5305 3113 5351 et
3141 5293 3270 5348 olim
3323 5300 3379 5346 ct
3421 5305 3570 5345 nunc

1985 5391 2342 5450 hierarclticae
2393 5392 2522 5446 huic
2573 5391 2690 5447 sedi
2729 5389 3042 5460 praefuisse,
3091 5386 3211 5458 qui,
3251 5385 3567 5456 dogmatum

1983 5485 2199 5556 peritia,
2233 5493 2400 5540 totam
2432 5484 2500 5540 de
2556 5483 2732 5541 sacris
2769 5482 3105 5554 imaginibus
3138 5477 3567 5548 speculationem

1982 5589 2039 5636 et
2074 5577 2379 5634 doctrinam
2427 5577 2840 5648 descripserunt
2877 5572 3355 5638 tradideruntque.
3399 5565 3488 5633 Et,
3519 5569 3568 5623 sl

394 5683 487 5764 ξξι
515 5684 644 5764 Qor.
697 5703 795 5764 ιιι,
830 5687 920 5743 ‘27.
1035 5689 1080 5724 "
1112 5689 1182 5746 iV
1217 5690 1352 5763 Reg.
1405 5701 1480 5760 lx,
1519 5694 1608 5750 l3.
1714 5696 1760 5729 9‘
1799 5697 1903 5755 lsa.
1932 5713 1970 5754 ιι
1999 5735 2014 5764 ,
2052 5697 2106 5752 5.
2209 5697 2254 5732 ’⁷
2285 5695 2452 5751 lCor.
2507 5707 2595 5762 vr,
2635 5693 2727 5749 20.
2833 5689 3171 5759 "'Philipp.
3216 5703 3256 5753 ι,
3297 5684 3364 5740 t9
3412 5697 3568 5754 seqq.

295 5757 345 5791 "
404 5756 594 5812 Matth.
627 5774 702 5824 vr,
721 5759 776 5816 9.

593 5852 862 5915 Parnm"
895 5853 1007 5918 Gn.
1062 5849 1276 5918 XCiX.

3094 5839 3171 5904 69

4079 0 4093 64 (η

4081 113 4093 190 i

4081 199 4093 256 ii

4089 557 4093 674 ξ

4089 733 4093 877 4
