4102 6374
540 297 671 361 1643
1741 295 1803 353 S.
1836 290 2153 352 TIIEODO'

2273 291 2623 352 STUDITIE
2681 257 2684 262 ’
3697 292 3832 360 ista

530 413 850 486 apostolicis
893 412 1078 471 verbis
1131 410 1426 469 dicendum
1489 419 1596 480 est,
1675 408 1776 464 Ubi
1847 407 2139 463 abundavit

2255 403 2444 470 σαντές
2471 423 2532 460 τε
2561 409 2658 462 καὶ
2682 406 3040 472 ὲκδὼσαντες.
3083 409 3215 476 Καὶ,
3240 411 3288 464 εί
3323 410 3408 464 δεῖ
3455 410 3835 473 ἀποστολικῶς

531 519 833 583 peccatum,
884 504 1338 574 superabundavit
1378 515 1430 561 et
1467 506 1647 575 gratia
1675 504 1744 560 ”.
1793 501 1934 558 Hinc
1980 504 2127 558 enim

534 616 847 674 progressa,
903 609 1165 671 tanquam
1219 615 1289 655 ex
1327 599 1502 670 portis
1537 596 1720 662 inferi,
1755 595 1982 652 haeresis
2014 596 2133 651 lco-

464 721 474 750 ιι
537 695 886 761 nomachica,
940 695 1032 748 hic
1065 708 1288 764 quoque
1320 707 1574 762 repressa
1621 698 1708 747 est
1745 709 1759 744 :
1801 690 1931 761 quin
1964 698 2019 744 et
2045 705 2135 745 re-

539 788 810 857 primetur
857 785 1118 854 deinceps
1163 783 1340 853 magis
1402 780 1642 850 Spiritus
1704 779 1880 835 sancti
1925 777 2135 843 afﬂatu,

537 880 760 952 quando
790 879 1098 949 increpabit
1135 876 1396 931 Christus
1453 887 1780 946 perversum
1814 873 1918 928 hoc
1945 887 2138 928 revera

536 989 712 1040 mare,
761 973 818 1028 in
849 987 960 1042 quo
1010 969 1185 1026 multa
1236 968 1388 1023 circa
1428 968 1590 1022 fidem
1645 965 1935 1039 naufragia
1979 966 2138 1032 fiunt,

539 1083 650 1122 non
703 1075 816 1121 tam
859 1064 1058 1118 mentis
1113 1061 1493 1132 perversitate,
1545 1075 1710 1129 quam
1753 1059 2138 1129 imperantium

541 1168 711 1214 metu.
737 1159 991 1213 Attamen
1033 1155 1190 1209 multi
1231 1169 1262 1209 e
1293 1153 1537 1223 procella
1564 1160 1931 1218 emerserunt,
1967 1150 2143 1222 Spiri-

544 1263 634 1308 tus
661 1250 837 1306 sancti
877 1249 1033 1302 clavo
1073 1245 1188 1300 nixi
1231 1265 1244 1300 :
1273 1256 1326 1300 et
1356 1246 1529 1300 multa
1559 1245 1820 1300 exstitere
1856 1243 2143 1315 martyria,

543 1356 597 1400 et
626 1343 851 1414 pietatis
882 1342 1086 1412 scripta
1122 1349 1503 1404 monumenta,
1548 1340 1865 1395 universum
1894 1351 2142 1392 errorem

545 1435 875 1500 rcfellentia,
895 1441 950 1488 et
968 1433 1217 1487 veritatis
1237 1432 1703 1502 pulchritudinem
1737 1431 1952 1485 cunctis
1975 1428 2150 1484 fideli-

544 1529 650 1584 hus
697 1526 976 1582 mentibus
1004 1523 1442 1580 demonstrantia
1470 1543 1486 1578 :
1517 1523 1850 1594 quibuscum
1895 1532 2148 1578 servetur

2231 499 2430 564 εἰπεῖν,
2463 498 2660 552 Ὅπου
2717 498 3097 553 ἐπλεόνασεν
3145 504 3185 567 ἡ
3235 503 3512 572 ἁμαρτία,
3542 507 3834 572 ὑπερεπε-

2228 591 2574 660 ρίσσευσεν
2607 591 2646 658 ὴ
2693 588 2893 674 χάρις.
2927 585 3060 646 Ὧδε
3120 593 3230 663 γὰρ
3277 598 3619 663 προελθοῦσα
3665 599 3744 659 ὡς
3779 598 3838 664 ἐξ

2238 682 2368 754 ᾅδου
2404 681 2590 735 πυλῶν
2623 683 2657 753 ἡ
2691 682 3110 753 Εἰκονομαχικὴ
3144 685 3378 756 αἵρεσις,
3427 679 3530 742 ὧδε
3576 693 3670 744 καὶ
3699 708 3836 744 κατ-

2238 775 2498 844 ήργηται,
2527 770 2669 826 ἀλλά
2704 772 2801 825 καὶ
2830 771 2913 826 ἔτι
2955 776 3442 846 καταργηθήσεται
3479 783 3598 843 ταῖς,
3641 782 3836 854 abeat;

2238 866 2334 919 τοῦ
2367 867 2525 934 ἁγίου
2559 863 2883 936 Πνεύματος
2903 882 2918 896 ·
2951 866 3191 938 ὁπηνίκα
3234 870 3554 943 ἐπιτιμήσει
3604 875 3838 943 Χριστὸς

2240 963 2307 1031 τῇ
2331 960 2551 1030 πονηρᾷ
2578 958 2754 1030 ταύτῃ
2788 959 2865 1022 ὡς
2889 957 3109 1030 άληθῶς
3143 960 3417 1038 θαλάσσῃ,
3454 984 3519 1018 πε
3532 967 3586 1036 ρί
3618 969 3683 1038 ἦν
3723 969 3840 1021 πολε

2243 1053 2314 1106 λὰ
2342 1053 2411 1106 τὰ
2447 1055 2574 1124 περὶ
2601 1052 2703 1124 τὴν
2761 1053 2948 1105 πίστιν
3005 1053 3268 1122 ναυάγια,
3317 1057 3380 1110 οὐ
3429 1059 3687 1112 τοσοῦτον
3726 1061 3840 1115 δια·

2247 1147 2454 1216 στροφῇ
2489 1144 2630 1211 νοὸς,
2668 1148 2793 1199 ὅσον
2841 1145 2954 1198 δέει
3001 1144 3110 1198 τῶν
3158 1147 3524 1216 κρατούντων.
3579 1152 3729 1223 Πλὴν
3761 1155 3840 1208 ὅτι

2247 1237 2591 1308 περιείλοντο
2624 1237 2820 1291 πολλοὶ
2847 1235 2945 1290 τοῦ
2999 1237 3273 1301 κλύδωνος
3315 1241 3842 1313 πηδαλιουχούμενοι

2249 1330 2537 1400 Πνεύματι
2569 1331 2712 1402 ἁγίῳ
2734 1347 2749 1362 ο
2781 1331 2876 1384 καὶ
2902 1330 3080 1384 πολλὰ
3103 1331 3173 1384 τὰ
3204 1334 3504 1402 μαρτύρια,
3537 1339 3632 1388 καὶ
3659 1339 3726 1390 τά
3750 1340 3843 1408 τῆς

2250 1421 2538 1487 εὐσεῦείας
2571 1423 2990 1495 συγγράμματα
3021 1424 3202 1477 πᾶσαν
3234 1423 3507 1492 πλάνησιν
3530 1428 3840 1500 διελέγχον-

2251 1532 2346 1581 τα,
2377 1516 2474 1569 καὶ
2499 1516 2598 1586 τὴν
2624 1516 2725 1585 τῆς
2762 1515 3024 1586 ἀληθείας
3053 1515 3368 1587 ὡραιότητα
3394 1517 3598 1580 πάσαις
3622 1525 3841 1589 πισταῖς

544 1630 600 1677 et
655 1618 939 1676 beatitudo
989 1628 1103 1682 tua,
1151 1616 1345 1671 bonum
1372 1626 1635 1671 certamen
1669 1626 1897 1682 certans,
1937 1631 2153 1670 cursum

2255 1608 2520 1675 διανοίαις
2554 1611 2948 1680 ὑποφαίνοντα.
2979 1609 3116 1665 Μεθ’
3151 1603 3225 1666 ὧν
3248 1612 3555 1683 φυλαχθείη
3590 1615 3689 1666 καὶ
3708 1621 3745 1683 ἡ
3775 1619 3843 1691 σὴ

545 1729 944 1776 consummatis,
997 1711 1158 1780 ﬁdem
1213 1725 1479 1773 servans;
1522 1718 1583 1764 ut
1624 1709 1858 1779 justitiw
1895 1725 2149 1765 coronam

547 1807 782 1877 accipiat
813 1807 853 1857 ι.
897 1805 976 1859 lta
1010 1805 1113 1860 'sit.

902 2003 1132 2061 CCXIV.
1160 2035 1230 2046 —
1255 2003 1508 2076 Hypacoe
1535 2005 1782 2060 moniali.

2261 1703 2624 1775 μακαριότης,
2658 1705 2754 1759 τὸν
2803 1704 2992 1774 ἀγῶνα
3044 1704 3154 1759 τὸν
3191 1704 3386 1760 καλὸν
3422 1706 3840 1778 ἀγωνιζομένη,

2177 1783 2221 1838 Β
2251 1797 2357 1850 τὸν
2377 1795 2604 1867 δρόμον
2624 1797 2913 1862 τελοῦσα,
2940 1799 3054 1866 τὴν
3078 1798 3292 1853 πίστιν
3318 1801 3611 1867 τηροῦσα,
3631 1803 3684 1854 ει
3703 1801 3845 1858 ἀπό-

2254 1892 2450 1958 ληψιν
2480 1891 2587 1943 τοῦ
2614 1890 2727 1959 τῆς
2750 1891 3148 1960 δικαιοσύνης
3177 1893 3509 1961 στεφάνου.
3545 1889 3708 1947 Εἶεν.

2422 2007 2565 2064 ΣΙΔ’,
2597 2008 2672 2080 (9)
2707 2040 2772 2051 —
2809 2007 3069 2078 Ὑπακοῇ
3093 2006 3462 2078 μοναζούσῃ.
3505 2008 3687 2083 [min]

1858 2123 2154 2174 Consolatur
2173 2125 2236 2174 de
2249 2135 2411 2176 morte
2430 2125 2614 2176 fratris.

621 2207 736 2262 Etsi
788 2207 977 2263 timide
1021 2209 1228 2274 scribo,
1279 2207 1462 2265 facere
1505 2221 1688 2265 tamen
1738 2225 1846 2265 non
1897 2203 2150 2282 possum,

551 2301 685 2372 quin
709 2300 776 2355 ad
798 2303 1004 2372 gratias
1033 2311 1086 2357 et
1116 2301 1332 2358 laudem
1367 2319 1430 2359 os
1457 2319 1637 2359 meum
1661 2304 1900 2373 aperiam
1936 2305 2156 2360 honori-

553 2392 783 2448 ficentia:
809 2392 1253 2465 tum.Quousque
1279 2395 1443 2467 igitur
1471 2411 1578 2450 non
1611 2397 1854 2462 desines,
1886 2397 2154 2466 praeclara

553 2495 751 2554 mater,
793 2487 1022 2559 teipsam
1076 2489 1236 2544 nobis
1269 2489 1640 2560 impendere?
1687 2489 1989 2561 Quousque
2029 2507 2153 2545 muo

554 2597 688 2636 nera
741 2579 872 2634 hinc
922 2589 977 2635 et
1018 2579 1142 2635 inde
1193 2581 1516 2636 transmissa
1569 2596 1679 2635 non
1708 2581 2004 2636 cessabunt
2036 2581 2060 2635 ‘i
2091 2595 2156 2636 ac

554 2690 703 2730 nunc
735 2673 994 2738 maxime,
1027 2673 1250 2738 quando
1278 2673 1450 2728 multa
1485 2683 1537 2728 te
1568 2673 1744 2729 tristia
1775 2673 2109 2729 obsederunt
2139 2692 2153 2729 :

555 2777 777 2840 propter
813 2783 936 2839 quae
976 2766 1200 2836 impulsi
1246 2766 1313 2821 ad
1357 2767 1705 2822 scribendum
1749 2768 2022 2838 praecipue
2062 2784 2151 2823 su-

555 2879 704 2930 mus,
753 2878 878 2917 cum
934 2860 1323 2915 didicissemus
1373 2872 1446 2924 te,
1482 2861 1626 2916 circa
1672 2862 1816 2915 beati
1855 2861 2044 2917 fratris
2074 2863 2155 2916 tui

555 2955 845 3027 reliquias,
883 2956 995 3009 haec
1017 2962 1070 3009 et
1094 2953 1184 3008 illa
1221 2955 1420 3024 egisse.
1454 2955 1622 3009 Aiunt
1650 2957 1796 3008 enim
1827 2963 1876 3009 te
1903 2971 2151 3024 capsam.

559 3065 688 3104 cum
720 3049 826 3104 alia
859 3065 924 3104 ex
955 3049 1179 3119 regione
1220 3047 1416 3102 fuisset
1450 3046 1638 3108 allata,
1670 3062 1952 3102 reserasse
1979 3063 1995 3113 ;
2039 3055 2154 3102 tum

558 3143 810 3215 reliquiis
860 3141 1114 3210 aﬂusam,
1176 3142 1230 3197 in
1284 3141 1446 3196 ulnas
1501 3140 1832 3209 sumpsisse,
1886 3141 2158 3209 novisque

559 3235 706 3297 illas,
737 3233 885 3289 velut
921 3235 1097 3302 ipsum
1148 3225 1451 3295 mortuum,
1497 3231 1676 3286 linteis
1715 3231 1840 3287 aliis
1889 3232 2156 3288 induisse.

560 3325 696 3394 Quis
729 3325 816 3380 hic
843 3325 1146 3378 fraternum
1179 3338 1426 3377 amorem
1466 3332 1622 3377 tuum
1661 3339 1773 3378 non
1799 3320 2106 3379 admiretur
2135 3323 2160 3376 ?

561 3426 658 3473 aut
690 3417 815 3487 quis
851 3425 964 3470 tum
991 3431 1251 3485 'prmsens
1299 3415 1567 3486 lacrymas
1615 3431 1724 3470 non
1771 3414 2006 3470 effudit?
2049 3430 2157 3470 non

2327 2214 2438 2266 Kal.
2466 2214 2860 2283 εὐλαϐούμενοι
2924 2213 3182 2285 γράφειν,
3221 2213 3370 2284 ὅμως
3420 2213 3846 2287 ἀναγκαζόμεθα

2255 2305 2434 2374 στόμα
2465 2305 2795 2376 εὐχάριστον
2842 2303 2940 2358 καὶ
2981 2305 3265 2374 αἰνέσιμον
3309 2303 3553 2372 ἀνοίγειν
3571 2308 3638 2374 τῇ
3675 2308 3846 2376 τιμιό-

2253 2397 2378 2467 τητί
2411 2414 2530 2451 σου.
2564 2398 2713 2461 Ἕως
2738 2397 2872 2451 πότε
2926 2391 3020 2450 οὖν
3066 2397 3170 2450 οὐκ
3232 2395 3429 2466 ἀνήση,
3478 2395 3841 2467 καλλιμῆτορ,

2254 2494 2455 2564 κιχρᾷν
2486 2493 2620 2564 ήμῖν
2651 2495 2892 2564 σεαυτήν
2917 2509 2933 2558 ;
2967 2492 3110 2555 Ἕως
3135 2492 3282 2552 τίνος
3310 2490 3379 2543 τὰ
3421 2489 3728 2561 δωρήματά
3753 2507 3828 2542 σοι

2253 2585 2356 2640 οὐκ
2386 2585 2751 2657 ἀπολήξουσιν
2780 2585 3034 2640 ἐντεῦθεν
3065 2586 3160 2638 καὶ
3190 2583 3441 2638 ἐντεῦθεν
3473 2586 3844 2652 παραπεμπό-

2258 2693 2396 2748 μενα
2421 2693 2437 2743 ;
2464 2676 2562 2731 καὶ
2602 2677 2846 2748 μάλιστά
2879 2694 2945 2746 γε
2973 2677 3069 2731 νῦν
3091 2693 3108 2708 ο
3134 2678 3225 2731 ὅτε
3249 2676 3419 2730 πολλά
3447 2692 3507 2728 σε
3533 2673 3607 2727 τά
3630 2675 3844 2741 λυπηρα

2255 2769 2702 2841 περιεστοίχισαν
2727 2787 2742 2802 ο
2775 2771 2861 2842 ἐφ’
2893 2766 2976 2834 οἷς
3020 2770 3117 2825 καὶ
3147 2769 3484 2840 ὲκινήθημεν
3503 2768 3715 2838 μᾶλλον
3732 2767 3844 2818 επι-

2257 2869 2499 2920 στεῖλαι·
2535 2867 2804 2936 μαθόντες
2833 2864 3008 2928 οὕτως
3039 2864 3131 2918 καὶ
3159 2863 3356 2928 οὕτως,
3380 2863 3474 2915 ἐπὶ
3506 2861 3586 2930 τῷ
3607 2860 3843 2929 λειψάνῳ

2254 2960 2351 3014 τοῦ
2389 2959 2665 3031 μακαρίου
2700 2957 2937 3028 ἀδελφοῦ
2970 2974 3068 3012 σου
3103 2954 3570 3028 καταπράξασθαῖ
3607 2971 3692 3006 σε.
3716 2954 3846 3006 Φασὶ

2256 3054 2366 3126 γὰρ
2397 3055 2700 3126 ἀνεῳγέναι
2734 3071 2794 3108 σε
2819 3053 2922 3122 τὴν
2955 3051 3132 3123 θήκην
3155 3050 3617 3123 παραγενομένην
3659 3051 3727 3101 ὲκ
3753 3046 3845 3115 τῆς

2256 3146 2588 3220 ἀλλοδαπῆς,
2617 3144 2738 3202 εῐτα
2780 3145 3193 3217 περιπλακῆναι
3227 3142 3307 3215 τῷ
3351 3141 3613 3212 λειψάνῳ,
3643 3139 3744 3194 καὶ
3773 3140 3846 3201 εἱς

2256 3241 2510 3312 ἀγκάλας
2543 3241 2690 3296 ἑλεῖν
2742 3239 3286 3312 μετενταφιάζουσαν
3333 3234 3399 3308 μ’.
3443 3232 3850 3305 μεταμφιάξουο

2260 3332 2386 3404 σαν]
2443 3332 2608 3385 οἱονεὶ
2641 3331 2734 3385 τὸν
2767 3330 2963 3401 νεκρὸν
3015 3328 3200 3391 ἀλλοις
3241 3327 3449 3388 καινοῖς
3469 3324 3724 3386 ὀθονίοις.
3759 3321 3850 3383 Τίς

2259 3419 2355 3478 οὖν
2385 3423 2486 3476 οὐκ
2542 3422 2771 3477 αίάσατο
2820 3419 2980 3494 [ϐοὰ.
3014 3419 3150 3488 Reg.
3181 3413 3470 3486 ἀγάσαιτο]
3502 3415 3565 3468 τὸ
3601 3411 3850 3483 φιλάδελ-

562 3510 738 3565 doluit
762 3508 1164 3564 vehementer?
1193 3507 1414 3577 quando
1451 3524 1551 3563 nos
1583 3507 1751 3562 etiam
1780 3508 1941 3578 longe
1974 3523 2153 3562 remo-

2263 3517 2363 3585 φόν
2392 3533 2488 3569 σου
2515 3533 2530 3582 ;
2565 3515 2649 3578 τίς
2671 3515 2729 3569 δὲ
2754 3512 3066 3586 τηνικαῦτα
3089 3511 3282 3583 παρὼν
3310 3511 3410 3564 οὐκ
3453 3509 3520 3563 ἂν
3553 3508 3738 3578 ἐξέχεε
3759 3507 3852 3560 δάο

565 3613 672 3669 tos,
703 3618 769 3658 ex
820 3602 1004 3656 auditu
1059 3601 1178 3656 solo
1209 3601 1384 3670 tetigit
1429 3601 1607 3665 dolor,
1641 3602 1905 3673 gravique
1937 3601 2159 3657 tristitia

563 3709 661 3749 cor
705 3692 905 3748 affecit.
958 3691 1003 3745 0
1051 3691 1314 3746 acerbum
1357 3692 1615 3745 nuntium
1653 3693 1666 3744 !
1701 3707 1735 3747 o
1779 3692 2094 3748 luctuosum
2142 3693 2156 3745 l

563 3787 697 3858 quid
736 3786 942 3840 fuimus
968 3785 992 3837 ἲ
1023 3794 1077 3838 et
1109 3784 1241 3854 quid
1267 3783 1395 3837 facti
1433 3799 1630 3840 sumus
1661 3785 1929 3854 ?repente
1953 3785 2160 3855 orpha-

562 3882 642 3947 ni,
673 3890 727 3935 et
762 3878 934 3932 fratre
959 3877 1229 3932 destituti.
1261 3874 1533 3947 Ingemuit
1563 3879 1794 3932 fortasse
1827 3877 1909 3932 sol
1937 3887 1990 3932 et
2022 3878 2158 3948 ipse,

564 3972 669 4026 hoc
715 3984 948 4026 cernens
985 3987 999 4022 :
1048 3967 1196 4022 flevit
1221 3966 1352 4020 luna
1375 3977 1634 4022 eventum
1671 3989 1682 4022 :
1739 3968 2014 4023 tristiores
2041 3969 2162 4023 fue-

563 4075 694 4122 runt
745 4065 946 4128 stellze,
996 4062 1144 4116 velut
1193 4071 1538 4118 maerentes:
1593 4062 1871 4133 similique
1910 4066 1966 4117 in
2009 4063 2159 4119 luctu

565 4156 740 4212 fuisse
789 4156 1024 4210 dixerim
1058 4155 1273 4224 singula
1323 4154 1616 4209 elementa.
1649 4153 1796 4221 Quid
1833 4157 1993 4226 ergo?
2029 4172 2158 4210 num

463 4263 480 4268 ·
565 4253 622 4305 in
659 4249 885 4304 tristitia
928 4250 1306 4318 persistemus,
1342 4247 1661 4316 dolorisqu
1707 4246 1853 4303 nube
1899 4258 2160 4305 contene-

565 4342 911 4407 brescemus,
958 4342 1100 4397 sicut
1143 4342 1178 4396 ii
1223 4343 1317 4412 qui
1360 4341 1690 4412 perierunt?
1733 4337 1959 4398 Minime
2007 4358 2159 4409 vero,

567 4453 725 4492 soror
760 4439 814 4491 in
849 4438 1104 4492 Domino.
1135 4437 1245 4492 Nec
1290 4437 1436 4492 enim
1488 4437 1610 4492 sine
1651 4436 2000 4514 providentia
2032 4449 2162 4494 sunt

567 4547 657 4588 res
707 4543 930 4592 nostrae,
1001 4547 1104 4585 nec
1151 4531 1270 4585 sine
1332 4545 1449 4600 spe,
1505 4530 1972 4600 quemadmodum
2015 4533 2159 4602 apud

569 4634 757 4700 gentes
807 4623 1081 4696 mysteriis
1122 4639 1232 4678 non
1288 4623 1531 4678 initiatas
1562 4642 1576 4678 :
1613 4623 1707 4678 sed
1745 4632 1877 4679 sunt
1903 4623 1958 4678 in
1991 4640 2157 4680 manu

571 4717 688 4782 Dei,
732 4717 826 4787 qui
877 4719 1061 4771 omnia
1088 4716 1387 4786 continet;
1424 4731 1454 4769 a
1507 4731 1618 4785 quo
1665 4716 1792 4770 facti
1847 4733 2064 4783 sumus,
2108 4730 2162 4774 et

2265 3623 2410 3678 κρυα
2433 3621 2449 3672 ;
2477 3607 2580 3659 οὐκ
2610 3606 2675 3660 ἂν
2691 3605 3012 3676 ὠλοφύρατο
3033 3602 3253 3674 θερμῶς
3275 3618 3290 3666 ;
3309 3602 3446 3654 ὅπου
3474 3615 3538 3667 γε
3578 3598 3674 3652 καὶ
3697 3597 3853 3668 ἡμῶν

2263 3699 2601 3770 πηῤῥωτέρω
2642 3697 3009 3768 διακειμένων
3055 3695 3116 3762 ἐξ
3168 3695 3340 3766 ἀκοῆς
3390 3692 3552 3764 μόνον
3585 3692 3766 3762 ἥψατο
3794 3691 3853 3742 τὸ

2264 3792 2459 3858 πάθος,
2511 3793 2605 3846 καὶ
2657 3792 3036 3863 περιωδύνησε
3098 3789 3198 3862 τὴν
3247 3787 3476 3860 καρδίαν
3520 3784 3757 3856 σφόδρα.
3789 3783 3854 3836 Ὢ

2264 3885 2528 3955 ἀγγελίας
2581 3886 2790 3956 πικρᾶς
2817 3886 2828 3937 l
2860 3883 2906 3937 ὢ
2960 3882 3378 3953 συναντήματος
3415 3879 3708 3952 ὀδυρτικοῦ
3740 3879 3754 3932 i
3803 3877 3855 3930 τί

2264 3976 2430 4052 ἦμεν,
2460 3979 2555 4032 καὶ
2579 3979 2633 4032 τί
2678 3976 3026 4048 ὲγενόμεθας
3059 3975 3324 4046 ἐξαπίνης
3372 3973 3625 4045 ὀρφανοὶ,
3682 3973 3858 4044 emt.

2265 4074 2510 4144 άδελφοι.
2548 4072 2703 4144 Τάχα
2744 4069 3032 4136 ἐστέναξεν
3056 4070 3198 4141 ὁρῶν
3227 4069 3322 4123 καὶ
3345 4069 3374 4121 ὁ
3401 4067 3554 4138 ἥλιος
3607 4066 3667 4118 τὸ
3701 4067 3856 4134 γενό-

2268 4186 2429 4241 μενον
2455 4185 2469 4200 ’
2503 4167 2775 4239 ἐδάκρυσε
2799 4166 2857 4220 δὲ
2901 4166 3102 4235 σελήνη
3130 4162 3202 4216 τά
3240 4160 3530 4231 φθάσαντα
3548 4175 3563 4189 ·
3589 4158 3857 4227 ὲστύγνα-

2266 4279 2366 4316 σαν
2398 4261 2456 4315 δὲ
2488 4261 2740 4332 ἀστέρες,
2771 4260 2847 4323 ὡς
2881 4255 3238 4332 λυπούμενοι,
3271 4254 3353 4307 ὅτι
3385 4248 3479 4307 οὖν
3516 4253 3696 4306 εἰπεῖν
3732 4251 3858 4306 ἀλλο

2262 4355 2370 4409 τῶν
2402 4329 2682 4426 στοιχείων
2718 4329 2990 4414 πεπονθὸς
3017 4349 3087 4403 τά
3115 4349 3301 4419 ὅμοια.
3337 4347 3403 4398 Τί
3435 4341 3530 4400 οὖν
3561 4346 3860 4416 ἐπιμείνω-

2267 4465 2366 4518 μεν
2400 4450 2511 4510 τοῖς
2543 4447 2812 4517 λυπηροῖς
2838 4461 2852 4508 ;
2888 4441 3321 4511 συσκοτάσωμεν
3350 4438 3432 4510 τῷ
3448 4439 3602 4507 νέφει
3643 4439 3745 4507 τῆς
3769 4437 3858 4488 λύ-

2263 4558 2394 4611 πης,
2423 4540 2516 4593 καὶ
2538 4537 2828 4608 γενώμεθα
2861 4538 2938 4600 ὠς
2970 4537 3019 4590 οἱ
3059 4533 3470 4595 ἀπολωλεκότες
3506 4550 3521 4598 ;
3555 4531 3856 4601 Οὓμενουν,

2263 4633 2470 4705 ἀδελφὴ
2502 4635 2557 4684 ἐν
2583 4632 2793 4702 Κυρίῳ.
2831 4631 2906 4684 Οὐ
2960 4629 3070 4700 γὰρ
3100 4627 3416 4699 ἀπρονόητα
3447 4625 3514 4677 τὰ
3559 4623 3812 4693 ἡμέτερα
3837 4636 3854 4651 ⁹
3907 4693 3912 4696 _

2263 4727 2386 4782 οὐδὲ
2417 4726 2738 4787 ἀνέλπιστα,
2770 4723 2913 4778 κατὰ
2946 4723 3014 4776 τά
3060 4721 3189 4791 ἔθνη
3235 4719 3306 4773 τά
3350 4716 3577 4787 ἀμύητα
3605 4732 3620 4745 ’
3653 4715 3773 4768 ἀλλ’
3803 4715 3860 4767 ἐν

571 4823 696 4873 nos,
731 4820 784 4862 et
814 4810 905 4878 qui
937 4824 1038 4863 nos
1061 4818 1368 4879 genuerunt
1399 4824 1415 4872 ;
1444 4808 1606 4878 cujus
1638 4822 1866 4863 munere
1887 4819 1943 4864 et
1973 4811 2153 4880 spira-

2267 4820 2428 4891 χερσὶ
2457 4816 2596 4870 Θεοῦ
2638 4814 2732 4870 τοῦ
2773 4815 2845 4868 τά
2891 4813 3072 4867 πάντα
3125 4809 3472 4881 συνέχοντος·
3503 4807 3637 4876 παρ’
3677 4798 3742 4859 οὗ
3771 4805 3864 4858 καὶ

572 4918 697 4958 mus
725 4913 780 4956 et
815 4902 1051 4956 vivimus
1078 4919 1092 4969 ;
1119 4918 1147 4955 a
1167 4918 1276 4972 quo
1301 4901 1426 4956 item
1461 4903 1526 4955 ad
1561 4901 1726 4966 hanc.
1754 4917 1878 4972 qua:
1909 4905 2160 4961 omnium

574 4995 813 5051 maxima
864 5005 950 5048 est
997 4994 1258 5064 dignitas,
1347 4994 1681 5065 virginitatis
1757 4995 2160 5065 professionem

573 5098 758 5145 evecta
795 5104 876 5148 es.
907 5087 1252 5156 .Planximus
1294 5099 1563 5157 quantum
1613 5089 1749 5144 satis
1800 5099 1921 5145 erat
1973 5090 2160 5150 fratris

574 5199 788 5252 necem.
827 5180 985 5236 Nunc
1018 5191 1232 5252 tempus
1261 5191 1345 5235 est
1383 5181 1806 5249 consolationis,
1845 5199 1995 5240 nunc
2044 5184 2163 5242 dies

574 5279 873 5350 gratiarum
931 5276 1190 5331 actionis.
1259 5273 1604 5345 Deponamus
1675 5290 1808 5347 ergo
1871 5276 2159 5348 lugubrem

576 5374 846 5435 habitum,
875 5383 929 5425 et
947 5369 1127 5440 magni
1159 5369 1331 5423 animi
1357 5383 1507 5422 arma
1540 5368 1856 5425 induamus.
1891 5365 2168 5427 Prmmisi-

573 5470 698 5525 mus
729 5467 978 5530 fratrem,
1014 5474 1069 5519 et
1112 5461 1308 5529 forma,
1339 5472 1393 5517 et
1425 5472 1624 5531 mente,
1661 5473 1716 5518 et
1758 5465 1866 5522 fide
1902 5476 2166 5537 praestan-

641 5583 688 5617 ⁹⁹
719 5581 879 5638 Rom.
926 5596 980 5645 ν,
1011 5578 1104 5633 20.
1184 5579 1198 5608 ⁸
1233 5575 1276 5638 ll
1329 5576 1471 5631 Tim.
1517 5592 1592 5643 tv,
1633 5576 1686 5631 7.

2271 4911 2578 4982 γεγόναμεν
2607 4908 2704 4963 καὶ
2727 4909 2917 4980 ήμεῖς,
2954 4907 3050 4960 καὶ
3079 4906 3129 4957 οἱ
3177 4899 3542 4972 γεγενηκότες
3574 4901 3728 4971 ήμάς
3751 4914 3768 4928 ·
3801 4898 3861 4963 ἐξ

2270 5000 2333 5060 οὗ
2371 5004 2464 5058 καὶ
2493 5003 2555 5057 τδ
2580 5003 2843 5056 ἀναπνεῖν
2868 4999 2963 5054 καὶ
3006 4999 3104 5070 ζῇν
3139 4994 3462 5067 κεκτήμεθα
3487 5011 3502 5023 ·
3531 4994 3632 5047 καὶ
3671 4992 3736 5046 τὸ
3781 4994 3860 5056 εἰς

2270 5099 2391 5154 τόδε
2420 5095 2764 5168 προαχθῆναι
2788 5093 2882 5148 τοῦ
2913 5093 3170 5161 μεγίστου
3207 5090 3318 5144 τῶν
3349 5087 3682 5159 ἀξιωμάτων
3711 5103 3858 5157 παρ-

2273 5190 2485 5244 θενικὸν
2507 5187 2857 5258 ἐπάγγελμα.
2899 5179 3282 5253 Ἐκλαύσαμῖεν
3306 5180 3401 5235 οὖν
3451 5180 3523 5234 τά
3552 5179 3746 5232 εἰκότα
3769 5179 3858 5230 ἐπὶ

2271 5282 2349 5352 τῷ
2379 5279 2613 5353 ἀδελφῷ.
2660 5278 2777 5333 Νῦν
2821 5277 3011 5350 καιρὸς
3061 5275 3484 5349 παρακλήσεως,
3537 5272 3639 5328 νῦν
3677 5271 3856 5343 ἡμέρα

2277 5372 2659 5448 εὐχαριστίας.
2709 5368 3072 5441 Ἀποθώμευα
3123 5363 3218 5422 οὖν
3262 5368 3326 5421 τὸ
3375 5365 3640 5421 πενθικδν
3721 5362 3854 5432 σχῆ-

2275 5485 2376 5540 μα,
2429 5467 2521 5522 καὶ
2580 5462 2930 5536 ἐνδυσώμεθα
2980 5464 3047 5518 τὰ
3093 5463 3236 5517 ὅπλα
3279 5461 3378 5533 τῆς
3430 5456 3854 5530 μεγαλοψυχίας.

2113 5684 2340 5745 NOTAE.

645 5797 721 5867 (9)
762 5795 814 5849 1:;
851 5793 974 5849 cod.
1018 5792 1150 5863 Reg.
1186 5792 1305 5856 σις’.
