4102 6374
355 313 493 379 1645

1541 318 2087 381 E-PISTOLARUM
2128 319 2274 379 LIB.
2337 317 2418 383 II.

3479 319 3622 386 16ίὸ
3678 312 3682 317 ’

349 429 809 502 Προύπέμψαμεν
833 430 1064 502 ἀδελφὸν
1084 429 1291 499 ἀγαθον
1330 430 1408 502 τῷ
1435 447 1496 484 τε
1536 432 1690 496 εἴδει,
1719 434 1814 485 καὶ
1862 434 1913 503 τῇ

2033 442 2163 498 tem,
2207 433 2354 487 sicut
2399 441 2456 489 et
2489 439 2670 486 antea
2709 429 3165 501 ,consanguineos
3209 439 3280 496 et,
3309 441 3616 502 parentes:

346 523 563 597 γνώμῃ,
593 524 688 578 καὶ
727 525 794 596 τῇ
842 524 1041 580 πίστει.
1093 520 1284 591 ὥσπερ
1331 523 1426 576 καὶ
1471 525 1739 594 πρότερον
1793 523 1924 586 τοὺς

343 620 672 689 ὁμαίμονας,
705 621 798 671 καὶ
847 618 976 680 τούς
1034 618 1406 688 γεννήτορας·
1454 617 1652 691 μικρὸν
1693 618 1922 689 ὕστερον

345 711 687 781 συνεψόμεθα
715 707 812 762 καὶ
834 710 1017 779 ἡμεῖς.
1052 707 1242 770 οὐδεὶς
1264 708 1292 760 ὁ
1331 709 1533 778 ζήσων,
1557 710 1654 763 καὶ
1687 710 1762 781 μὴ
1790 711 1922 780 θνη-

343 802 570 874 ξόμενος
587 817 602 834 ο
628 799 812 863 οὐδεὶς
835 801 864 852 6
885 799 1188 869 γεννηθεὶς,
1216 799 1311 852 καὶ
1348 800 1422 871 μὴ
1459 801 1674 871 ταφείς.
1737 801 1924 871 Παρα-

345 891 744 964 σκευασώμεθα
768 891 888 946 λίαν
904 890 1062 965 [Cod.
1089 893 1220 961 lieg.
1241 891 1452 965 λοιπόν]
1490 895 1584 948 καὶ
1600 896 1763 966 ἡμεῖς
1783 895 1924 965 πρὸς

341 988 440 1055 τὴν
471 983 675 1052 ἔξοδον·
725 984 1108 1055 ἑτοιμάσωμεν
1151 987 1222 1040 τὰ
1267 986 1459 1054 ἐφόδια
1499 987 1600 1056 τῆς
1655 987 1923 1057 μεταστά-

342 1095 482 1142 σεως
505 1093 520 1108 ο
552 1076 897 1146 τυπώσωμεν
923 1075 1024 1139 τὰς
1053 1076 1288 1146 ἀδελφὰς
1318 1077 1396 1149 τῷ
1429 1079 1618 1148 οἰκείῳ
1648 1079 1924 1150 καταστή-

343 1188 497 1242 ματι,
534 1170 628 1223 καὶ
658 1167 876 1222 πενθεῖν
915 1169 1214 1242 εὐκαίρως,
1251 1172 1345 1224 καὶ
1378 1171 1727 1244 εὐχαριστεῖν
1757 1174 1922 1243 ἁρμο-

338 1261 484 1325 δίως.
519 1259 795 1330 Δείξωμεν
822 1261 933 1324 τοῖς
961 1260 1190 1330 ὁρῶσιν,
1221 1262 1303 1316 ὅτι
1336 1261 1366 1314 ὁ
1396 1262 1529 1327 Θεὸς
1555 1264 1616 1316 ὲν
1641 1265 1776 1334 ἡμῖν
1805 1265 1922 1318 ἐστι

336 1353 719 1422 δοξαζόμενος,
762 1351 1263 1422 εὐχαριστούμενος
1305 1353 1392 1423 ἐφ’
1417 1348 1501 1418 οἷς
1531 1355 1768 1412 κελεύει,
1801 1357 1921 1411 Αὺ-

339 1444 438 1511 τὸς
489 1443 734 1509 ἔδωκεν,
773 1442 957 1509 αὐτὸς
1008 1445 1107 1497 καὶ
1161 1443 1445 1513 ἀφείλετο
1467 1459 1481 1474 °
1511 1447 1593 1513 ὠς
1619 1445 1701 1512 τῷ
1727 1447 1923 1516 Κυρίῳ

337 1536 572 1601 ἔδοξεν,
603 1533 791 1600 οὕτως
815 1535 915 1588 καί
958 1535 1180 1592 satiato.
1216 1537 1325 1590 Ναὶ
1370 1538 1676 1609 παρακαλῶ
1707 1540 1809 1609 τὴν
1837 1557 1920 1593 τι·

249 1637 260 1644 ‘
341 1623 570 1698 μιότητά
605 1639 698 1676 σου
726 1622 816 1677 ῐσα
841 1625 937 1678 καὶ
961 1627 1129 1696 μητρὶ
1157 1628 1250 1679 καὶ
1272 1629 1584 1700 γεννησάσῃ
1619 1631 1738 1700 ἦτοι
1763 1630 1922 1684 ἁδελ-

339 1718 413 1786 φῇ
451 1717 517 1785 τῇ
568 1714 802 1787 φιλτάτῃ
861 1733 990 1786 μοι’
1030 1717 1338 1787 ἀφήσωμεν
1389 1719 1572 1790 φωνὴν
1611 1721 1917 1784 αἰνέσεως·

2024 526 2188 595 paulo
2217 533 2339 594 post
2356 533 2407 579 et
2421 537 2521 579 nos
2542 523 2962 594 subsequemur.
2995 522 3186 579 Nullus
3210 524 3373 588 vivet,
3394 528 3486 596 qui
3508 543 3618 581 non

2026 615 2097 670 sit
2123 616 2425 672 moriturus
2449 632 2466 670 :
2487 629 2654 670 nemo
2676 622 2838 669 natus
2857 622 2912 670 et
2927 627 3037 668 non
3058 613 3327 684 sepultus.
3349 614 3616 684 Accinga-

2023 722 2149 761 mur
2176 716 2229 760 et
2251 722 2352 762 nos
2379 707 2636 777 deinceps
2667 706 2734 761 ad
2763 706 2968 761 exitum
3003 723 3020 760 :
3047 707 3389 777 migrationis
3414 707 3617 762 viatica

2023 813 2406 868 comparemus
2436 818 2452 855 :
2489 814 2708 854 sorores
2748 800 2998 869 exemplo
3017 809 3206 854 nostro
3234 798 3614 863 informemus.

2024 902 2083 946 ut
2114 901 2168 948 et
2193 891 2516 962 tempestive
2545 891 2791 962 lugeant,
2815 899 2870 946 et
2900 901 2960 947 ut
2995 892 3172 956 decet,
3198 893 3402 963 gratias
3432 904 3616 964 agant.

2024 983 2400 1040 Ostendamus
2432 985 2500 1048 iis
2527 985 2621 1053 qui
2655 997 2760 1039 nos
2785 984 2994 1050 vident,
3029 981 3200 1039 Deum
3235 999 3267 1038 a
3297 984 3459 1040 nobis
3501 986 3620 1055 glo-

2025 1075 2249 1141 riticari,
2301 1076 2463 1147 eique
2494 1076 2700 1146 gratias
2743 1076 2829 1146 agi
2865 1075 2938 1131 ob
2973 1089 3038 1131 ea
3065 1090 3190 1146 qua
3241 1075 3442 1146 jubet:
3494 1075 3618 1147 Ipse

2025 1168 2196 1236 dedit,
2228 1169 2339 1238 ipse
2357 1168 2615 1224 abstulit:
2636 1171 2773 1224 sicut
2796 1169 3022 1223 Domino
3045 1168 3272 1238 placuit,
3307 1170 3384 1224 ita
3413 1170 3618 1239 factum

2022 1269 2101 1314 est
2126 1260 2166 1314 '.
2189 1257 2387 1329 Utique
2414 1259 2656 1314 obtestor
2683 1259 3160 1314 honoriﬁcentiam
3188 1269 3358 1324 tuam,
3391 1263 3619 1330 perinde

2023 1366 2091 1407 ac
2138 1361 2372 1406 matrem
2404 1367 2528 1422 quae
2576 1366 2664 1407 me
2711 1352 2986 1424 genuerit,
3040 1363 3134 1405 ant
3182 1367 3429 1408 sororem
3479 1355 3616 1409 mihi

2025 1445 2407 1499 charissimam
2434 1463 2447 1498 :
2476 1460 2797 1514 premamus
2827 1457 3018 1500 vocem
3051 1443 3388 1502 laudationis
3421 1465 3433 1501 :
3465 1447 3616 1502 exhi-

2023 1537 2251 1592 beamus
2301 1538 2514 1591 vultum
2565 1537 2865 1592 hilaritatis
2923 1555 2936 1591 :
2986 1539 3285 1594 doceamus
3333 1541 3614 1610 operibus,

2023 1645 2127 1686 nos
2182 1645 2402 1686 crucem
2453 1631 2702 1686 humeris
2745 1640 2982 1700 gestare,
3015 1640 3069 1685 et
3103 1632 3385 1687 voluntate
3425 1642 3614 1689 nostra

2023 1733 2274 1780 mortuos
2301 1739 2446 1791 esse,
2479 1732 2535 1779 et
2565 1725 2770 1779 divinis
2807 1723 3084 1778 mandatis
3125 1723 3179 1777 in
3227 1725 3486 1778 omnibus
3515 1725 3615 1778 ob-

336 1805 706 1877 ὑποδείξωμεν
743 1806 1037 1878 πρόσωπον
1080 1809 1438 1880 φαιδρότητος
1457 1828 1472 1842 ·
1498 1811 1798 1884 διδάξωμεν
1827 1813 1913 1884 ἔρ-

2025 1828 2350 1886 temperare.
2385 1814 2502 1871 Hoc
2539 1816 2704 1872 modo
2739 1815 2785 1870 si
2818 1825 2868 1870 te
2901 1816 3162 1886 gesseris,
3195 1827 3360 1884 prout
3397 1827 3612 1872 rectum

334 1913 474 1966 γοις,
525 1898 607 1950 ὁτι
661 1896 754 1952 τὸν
813 1898 1047 1970 σταυρὸν
1091 1901 1180 1953 ἐπ’
1205 1899 1372 1972 ὤμων
1423 1903 1698 1976 φέρομεν·
1732 1905 1915 1978 καὶτῇ

333 1989 653 2062 προαιρέσει
681 1988 1052 2060 ἀπεθάνομεν,
1102 1993 1198 2045 καὶ
1253 1995 1476 2064 είκομεν
1532 1997 1674 2051 κατὰ
1733 1999 1915 2053 πάντα

329 2083 446 2143 τοῖς
487 2079 654 2144 θείοις
686 2081 1135 2153 προστάγμασιν.
1181 2085 1306 2138 Ἐὰν
1345 2087 1488 2141 οὓτω
1514 2090 1762 2160 πράξοις,
1793 2094 1915 2146 ὅσον

332 2172 394 2226 τὸ
419 2171 604 2237 καλὸν,
635 2175 928 2245 εὐφρανεῖς
952 2177 1208 2246 Χριστὸν,
1235 2178 1328 2234 τὸν
1357 2180 1626 2236 ἀθάνατόν
1661 2201 1754 2238 σου
1779 2203 1914 2256 νυμο

336 2265 478 2335 φίον.
524 2265 679 2318 Ἐπεὶ
737 2267 833 2320 ἐὰν
875 2267 1042 2339 λυπῇ,
1093 2268 1288 2335 λυπεῖς
1331 2273 1493 2326 αὐτὸν
1530 2275 1606 2338 ὡς
1631 2277 1693 2330 τὺ
1742 2277 1912 2342 είκὸς,

331 2357 408 2421 ὡς
429 2356 587 2412 ἄλλον
635 2358 1024 2430 περισσότερον
1066 2361 1279 2416 ἐκείνου
1322 2364 1572 2434 φιλοῦσα.
1614 2367 1776 2442 Ὁρᾷς
1806 2371 1913 2425 ποῦ

331 2467 394 2503 σε
425 2452 454 2504 ὁ
483 2448 640 2518 λόγος
688 2450 934 2520 ἧγαγεν;
973 2451 1050 2516 ὡς
1096 2453 1220 2507 οὐδὲ
1273 2457 1516 2529 ὀρφανὴν
1561 2459 1763 2527 οὖσαν,
1791 2463 1914 2518 οὐδὲ

330 2542 720 2610 ἀνεπίσκοπον,
751 2543 872 2596 οὐδὲ
923 2545 1392 2614 ιῙιπροστόιτευτον⁹
1423 2552 1495 2604 Ei
1542 2553 1652 2622 γὰρ
1692 2557 1727 2608 ό
1769 2556 1915 2624 Θεὸς

322 2635 454 2704 μεθ’
475 2635 666 2704 ἡμῶν,
695 2635 788 2702 τίς
807 2637 937 2690 καθ’
957 2636 1128 2706 ἡμῶν
1149 2654 1172 2704 ;
1190 2641 1238 2692 εἰ
1269 2643 1432 2707 αὐτὸς
1450 2643 1478 2695 ὁ
1510 2648 1812 2717 περιέπων,
1833 2652 1918 2715 τίς

323 2729 355 2781 ὁ
381 2726 722 2782 ἀντιπίπτων
747 2744 762 2794 ;
791 2726 978 2792 Οὕτως
1009 2731 1106 2784 καὶ
1131 2732 1297 2787 τανῦν
1343 2737 1651 2810 προήχθην,
1682 2742 1914 2816 ἀδελφὴ,

2021 1916 2107 1962 est
2130 1923 2196 1961 ac
2235 1907 2580 1976 praeclarum,
2625 1906 2908 1962 Christum
2940 1907 3278 1962 exhilarabis
3315 1907 3608 1963 immorta-

2021 2001 2128 2057 lem
2171 2000 2450 2073 Sponsum
2502 2011 2709 2070 tuum;
2757 2002 3042 2072 quoniam,
3077 2001 3120 2056 si
3175 2001 3430 2068 tristaris,
3479 2016 3612 2056 con-

2023 2094 2210 2149 tristas
2257 2093 2435 2160 illum,
2481 2102 2536 2146 ut
2576 2109 2676 2163 par
2703 2101 2792 2147 est
2842 2093 3089 2158 credere,
3127 2102 3388 2162 tanquam
3441 2093 3610 2148 alium

2021 2201 2133 2257 pra:
2157 2187 2253 2242 illo
2286 2201 2480 2242 amans
2518 2185 2846 2256 impensius.
2885 2185 3044 2242 Vides
3074 2201 3186 2256 quo
3229 2195 3280 2242 te
3313 2186 3404 2240 hic
3430 2199 3611 2241 sermo

2022 2279 2276 2350 perduxit
2321 2278 2520 2350 :quod
2562 2293 2742 2349 neque
2790 2279 2925 2334 orba
2977 2280 3074 2345 sis,
3145 2294 3248 2334 nec
3302 2279 3614 2350 inspectore

2022 2386 2237 2439 careas,
2287 2387 2390 2428 nec
2446 2381 2648 2428 tutore.
2683 2370 2745 2427 Si
2795 2374 2936 2426 enim
2969 2371 3108 2426 Deus
3151 2389 3249 2442 pro
3282 2376 3459 2438 nobis,
3491 2377 3610 2446 quis

2021 2475 2210 2520 contra
2242 2481 2336 2521 nos
2371 2466 2392 2498 ³
2421 2466 2445 2520 ?
2471 2466 2518 2522 si
2549 2465 2665 2536 ipse
2689 2481 2879 2522 curam
2920 2467 3079 2537 gerit,
3127 2469 3252 2538 quis
3290 2467 3613 2524 adversahi-
3660 2512 3662 2514 τ

2021 2569 2114 2615 tur
2145 2562 2170 2614 ‘i
2204 2559 2295 2614 Sic
2330 2569 2384 2615 et
2415 2573 2582 2624 nunc,
2614 2574 2794 2624 soror,
2832 2560 3105 2617 adductus
3137 2575 3260 2616 sum
3307 2571 3367 2616 ut
3391 2571 3444 2617 te
3475 2563 3610 2618 hor.

2021 2663 2186 2708 tarer.
2215 2652 2296 2706 'l‘u
2343 2667 2474 2707 vero
2501 2660 2649 2707 recte
2693 2650 2891 2707 feceris
2920 2652 2966 2707 si
3009 2652 3205 2709 credas
3252 2653 3472 2710 indocto
3492 2657 3608 2710 seni

2018 2745 2350 2809 consulenti,
2381 2754 2438 2800 et
2462 2743 2556 2815 qui
2582 2744 2751 2800 rebus
2791 2744 2922 2812 tuis,
2958 2755 3123 2816 prout
3157 2747 3338 2813 debet,
3373 2750 3454 2806 sic
3496 2748 3609 2804 alli-

327 2820 705 2890 παρακαλέσαι
757 2836 838 2873 σε.
893 2821 1044 2892 Αὐτὴ
1097 2823 1155 2876 δὲ
1207 2821 1268 2878 εὖ
1340 2829 1656 2899 πράττουσα
1708 2835 1913 2892 πείθοιο

2022 2839 2164 2894 citur
2194 2846 2454 2906 tanquam
2475 2835 2736 2907 propriis.

327 2910 514 2982 ἀσόφῳ
545 2911 781 2982 γέροντι,
813 2907 874 2967 εὖ
923 2914 1412 2986 συμϐουλεύσαντι,
1455 2923 1550 2976 καὶ
1583 2924 1663 2994 τῷ
1686 2925 1800 2983 ὁντι
1854 2929 2286 2988 οίκειοπαθοῦντι
2333 2929 2724 3000 ὀφειλομένους,
2755 2931 2832 2994 ὼς
2879 2933 3075 2995 οἰκεῖα,
3103 2932 3174 2986 τὰ
3208 2937 3297 2990 σά.

431 3049 552 3102 ΣΙΕν
583 3049 707 3122 (9').
726 3081 798 3092 -
820 3051 1090 3120 Μεθοδίῳ
1117 3052 1229 3124 (i0)
1247 3054 1590 3124 μονάζοντι.
1633 3060 1806 3138 [ωμ¹.]

2180 3117 2191 3134 ,
2296 3069 2502 3128 CCXV.
2542 3099 2611 3112 -—
2643 3069 2917 3125 Met/mdia
2945 3073 3200 3126 monacho
3235 3071 3320 3144 (').

1612 3181 1688 3232 De
1722 3183 1941 3238 diversis
1973 3189 2301 3253 argumentis.

425 3282 573 3351 Οσην
601 3279 714 3351 ἔχει
742 3280 1036 3335 ἐπιποθίαν
1067 3284 1102 3352 ἡ
1130 3284 1385 3355 τιμιότης
1407 3301 1502 3338 σου
1533 3285 1662 3339 ίδείν
1693 3287 1794 3360 τὴν
1817 3307 1915 3344 τα·
1941 3277 1946 3280 ’

325 3375 587 3429 πείνωσιν
615 3373 798 3445 ἡμῶν,
823 3373 1095 3444 τοσαύτην
1137 3377 1335 3430 οἰέσθω
1371 3378 1470 3432 καὶ
1501 3379 1600 3450 τὴν
1634 3381 1914 3455 ἡμετέραν

326 3463 465 3520 εἶναι
493 3466 629 3536 πρὸς
656 3463 754 3535 τὴν
778 3465 898 3518 κατ’
925 3465 1238 3536 ὀφθαλμοὺς
1271 3468 1508 3538 ὁμιλίαν.
1548 3469 1690 3523 Ἀλλ’
1723 3473 1912 3545 ἐπειδὴ

327 3559 638 3630 γέγραπται
664 3571 676 3584 ·
709 3558 791 3610 οὑ
820 3556 927 3610 τοῦ
955 3557 1239 3624 θέλοντος
1264 3559 1407 3612 οὐδὲ
1433 3560 1541 3615 τοῦ
1568 3561 1909 3634 τρέχοντος,

328 3649 491 3706 ἀλλὰ
514 3649 620 3702 τοῦ
642 3647 962 3714 ἐλεοῦντος
977 3649 1132 3703 Θεοῦ
1149 3666 1165 3682 ο
1196 3650 1345 3721 αὐτῷ
1371 3652 1663 3708 ἀναθετέον
1691 3657 1782 3709 τὸν
1818 3658 1914 3711 πό-

329 3743 440 3808 θον,
454 3742 547 3795 καὶ
569 3740 924 3812 ὲπιῤῥιπτέον
943 3740 1043 3812 τὴν
1066 3739 1359 3812 μέριμναν,
1383 3743 1478 3796 καὶ
1493 3745 1654 3808 αὐτὸς
1671 3747 1908 3818 ποιήσει,

326 3836 565 3907 ὁπηνίκα
595 3835 660 3889 ἂν
689 3836 785 3888 καὶ
815 3833 1094 3906 βούληται,
1125 3834 1356 3904 θέλημα
1384 3836 1505 3892 τῶν
1523 3839 1911 3910 φοϐουμένων

327 3930 533 3984 αὐτόν.
557 3927 631 3980 T6
649 3926 708 3980 δὲ
730 3927 824 3981 νῦν
850 3925 995 3998 ἔχον,
1018 3929 1314 3996 ἀναγκαῖον
1339 3930 1598 4000 περὶτῶν
1617 3933 1912 4002 προταθὲν-

322 4039 430 4074 των
454 4019 772 4090 κεφαλαίων
794 4019 899 4072 ὐπὸ
929 4019 1038 4074 τῶν
1060 4019 1455 4090 πνευματικῶν
1483 4021 1640 4092 ἡμῶν
1665 4023 1911 4094 ἀδελφῶν

333 4114 643 4186 ’ίλαρίωνὸς
667 4130 726 4166 τε
756 4113 850 4166 καὶ
868 4111 1227 4181 Εὐστρατίου,
1251 4111 1660 4184 μεσολαὸούσης
1682 4115 1783 4185 τῆς
1807 4115 1910 4187 σῆς

323 4206 630 4272 εὐλαϐείας,
645 4205 1010 4276 ἀποκριθῆναι
1026 4203 1094 4257 τὰ
1111 4205 1314 4259 εἰκότα.
1342 4203 1431 4268 Ὠς
1449 4206 1515 4259 ἂν
1528 4206 1586 4259 δὲ
1601 4206 1909 4264 εὐσύνοπτα

321 4299 547 4370 γένηται
571 4298 639 4351 τὰ
675 4297 970 4368 λεγόμενα,
1003 4297 1122 4361 ἑνὸς
1151 4296 1386 4350 ἑκάστου
1422 4297 1788 4368 προταθέντος
1816 4317 1908 4354 κει

322 4391 552 4460 φαλαίου
588 4390 730 4443 κατὰ
761 4389 1068 4460 συνέχειαν,
1095 4388 1193 4442 καὶ
1218 4390 1256 4460 ’ὴ
1279 4389 1572 4461 ἀπόκρισις
1595 4388 1727 4447 εἷεν.

403 4479 716 4551 Ἐρώτησις
748 4479 828 4534 Α’.
857 4511 929 4521 --
956 4481 1096 4550 Περὶ
1123 4479 1233 4533 τῶν
1261 4482 1751 4552 χειροτονηθέντων
1774 4503 1907 4557 πρε-

2087 3293 2308 3360 Quanto
2334 3291 2528 3363 ﬂagrat
2556 3292 2880 3348 excellentia
2938 3301 3029 3348 tua
3062 3293 3337 3350 desiderio
3385 3295 3602 3354 videndi

2015 3386 2342 3442 tenuitatem
2367 3396 2610 3442 nostram
2641 3403 2656 3441 :
2688 3395 2902 3439 tantum
2930 3398 2982 3440 et
3013 3396 3164 3457 putet
3189 3403 3310 3443 esse
3328 3398 3600 3458 nostrum,

2014 3489 2075 3534 ut
2105 3490 2287 3535 tecum
2322 3494 2509 3535 coram
2544 3478 2991 3550 congrediamur.
3026 3467 3291 3550 Sed'quia
3332 3482 3600 3552 scriptum

2014 3581 2138 3628 est:
2171 3571 2294 3627 Non
2318 3573 2536 3627 volentis
2569 3589 2732 3643 neque
2765 3573 3048 3640 currentis,
3091 3574 3181 3628 sed
3209 3575 3503 3631 miserentis
3523 3588 3600 3632 est

2012 3664 2184 3733 Dei‘;
2222 3665 2289 3721 ad
2332 3667 2512 3736 ipsum
2547 3665 2868 3720 referendus
2900 3676 2984 3720 est
3015 3667 3243 3722 allectus
3271 3708 3287 3734 ,
3327 3684 3391 3724 ac
3429 3670 3604 3740 proji-

2012 3757 2206 3812 cienda
2260 3757 2314 3811 in
2355 3773 2480 3812 eum
2543 3773 2677 3811 cura
2714 3774 2728 3812 :
2762 3766 2926 3826 atque
2963 3759 3098 3827 ipse,
3135 3774 3262 3813 cum
3314 3762 3548 3816 voluerit
3581 3803 3598 3831 ,

2025 3848 2364 3906 Volnmatem
2387 3854 2683 3906 timentium
2710 3869 2765 3906 se
2788 3853 2952 3920 faciet
2975 3853 3016 3905 ⁸.
3055 3852 3209 3920 Quod
3235 3869 3364 3910 vero
3396 3857 3460 3910 ad
3495 3857 3600 3912 hor.

2015 3954 2231 4014 tempus
2257 3945 2475 4012 attinet,
2507 3947 2575 4000 de
2606 3946 2880 4015 capitibus
2911 3945 3206 4016 propositis
3234 3963 3264 4001 a
3293 3949 3599 4017 spirituali-

2010 4037 2116 4091 hus
2143 4035 2413 4092 fratribus
2442 4037 2651 4093 nostris
2687 4035 2970 4092 Hilarione
3009 4047 3064 4092 et
3088 4037 3392 4106 Eustratio,
3426 4041 3598 4096 inter-

2009 4131 2270 4184 veniente
2298 4132 2607 4185 reverentia
2643 4141 2759 4198 tua,
2807 4132 3178 4186 necessarium
3207 4141 3291 4188 est
3321 4149 3443 4204 quae
3471 4149 3599 4190 con-

2007 4223 2282 4278 venientia
2309 4223 2642 4278 videbuntur
2671 4225 3024 4294 respondere.
3055 4223 3260 4280 Verum
3293 4238 3355 4283 ut
3380 4228 3597 4286 facilius

2008 4316 2214 4386 percipi
2251 4317 2466 4386 possint
2496 4333 2618 4386 quae
2648 4317 2925 4385 dicentur,
2976 4319 3276 4389 unicuique
3304 4322 3595 4391 propositae

2006 4410 2299 4480 quastipni
2319 4411 2652 4477 conjunctim
2678 4413 3043 4483 subjungetur
3065 4415 3258 4469 ordine
3283 4417 3590 4484 responsio.

2078 4501 2442 4574 Interrogatio
2472 4503 2514 4559 l.
2539 4533 2613 4544 —
2638 4504 2716 4560 De
2750 4505 3122 4577 presbyteris,
3152 4507 3248 4578 qui
3272 4506 3462 4564 Roma:
3497 4518 3594 4564 aut

324 4573 598 4643 σσυτέρων
626 4574 684 4625 ὲν
713 4569 920 4643 Ῥώμῃ,
948 4572 1006 4625 ὲν
1032 4572 1326 4636 Νεαπόλει,
1360 4572 1453 4626 καὶ
1491 4575 1550 4627 ὲν
1587 4575 1901 4648 Λογγιϐαρ-

2017 4594 2254 4666 Neapoli,
2290 4569 2345 4652 et
2387 4596 2444 4652 in
2474 4569 2857 4669 Longobardia
2894 4569 3132 4654 ordinati
3160 4569 3372 4670 absque
3411 4600 3590 4657 accla-

319 4666 430 4736 δίᾳ,
479 4663 831 4737 ἀκηρύκτων,
865 4665 962 4719 καὶ
1004 4664 1465 4736 ἀπολελυμένων·
1515 4668 1565 4720 εί
1621 4668 1728 4741 χρὴ
1779 4671 1906 4735 τούς

2017 4689 2248 4742 natione
2277 4697 2428 4754 sunt,
2452 4690 2737 4748 etdimissi
2767 4709 2782 4746 :
2812 4701 2996 4746 utrum
3023 4706 3118 4749 eos
3147 4693 3392 4763 recipere
3426 4681 3594 4764 oporJ

319 4757 594 4820 τοιούτους
635 4757 907 4827 δέχεσθαι,
938 4759 1034 4811 καὶ
1075 4760 1354 4812 κοινωνεῖν
1398 4757 1603 4828 αὐτοῖς,
1640 4761 1736 4814 καὶ
1776 4779 1904 4816 συν-

319 4852 544 4916 εσθίειν,
571 4850 670 4902 καὶ
691 4850 1070 4921 συνεύχεσθαι.

391 4963 761 5034 Ἀπόκρισις.
784 4990 856 5003 -—
896 4961 987 5016 ‘Ev
1033 4962 1214 5034 καιρῷ
1263 4963 1528 5034 αἰρέσνεως
1565 4965 1627 5018 οὐ
1659 4964 1801 5019 κατὰ
1831 4965 1901 5019 τὰ

321 5057 380 5108 ἐν
407 5055 599 5126 είρήνῃ
625 5053 947 5106 τυπωθέντα
977 5054 1195 5118 πάντως
1221 5055 1650 5127 ἀπαραλείπτως
1670 5057 1902 5126 γίνεται,

321 5146 410 5200 διὰ
457 5147 554 5216 τὴν
586 5145 1003 5214 ἀναγκάζουσαν
1046 5146 1255 5218 χρείαν.
1289 5151 1464 5220 Ὅπερ
1499 5151 1750 5218 φαίνεται
1796 5168 1898 5204 πε-

322 5237 566 5310 ποιηκὼς
594 5238 623 5290 ὃ
642 5254 700 5291 τε
725 5236 1142 5309 μακαριώτατος
1179 5237 1516 5304 Ἀθανάσιος,
1543 5241 1638 5294 καὶ
1665 5243 1693 5294 ὁ
1724 5240 1897 5310 ἁγιώ-

2003 4792 2134 4847 teat,
2170 4797 2296 4837 cum
2331 4783 2524 4853 eisque
2557 4781 3012 4856 communicare,
3043 4793 3099 4842 et
3129 4786 3314 4842 cibum
3345 4803 3586 4855 sumere,

2000 4884 2056 4930 οι
2098 4890 2276 4931 orare.

2071 4967 2356 5037 Responso.
2392 4997 2464 5008 —
2491 4967 2775 5025 Haereseos
2828 4979 3090 5040 tempore,
3139 4982 3358 5044 propter
3386 4989 3589 5045 cogen-

2002 5068 2112 5114 tem
2147 5061 2556 5127 necessitatem,
2595 5077 2704 5116 non
2744 5061 2907 5132 plane
2945 5064 3096 5118 omni
3132 5079 3199 5121 ex
3245 5073 3398 5135 parte
3449 5067 3589 5122 fiunt

2007 5170 2130 5224 quo:
2152 5154 2204 5207 in
2229 5170 2360 5223 pace
2386 5155 2599 5210 sancita
2630 5167 2780 5211 sunt.
2809 5153 2866 5210 Id
2895 5157 3041 5227 quod
3076 5155 3276 5214 fecisse
3305 5161 3587 5213 cernimus

2008 5255 2121 5299 tum
2163 5246 2548 5301 beatissimum
2579 5245 2942 5303 Athanasium
2971 5290 2988 5318 ,
3023 5258 3137 5306 tum
3174 5249 3584 5306 sanctissimum

388 5349 536 5406 ’.ἰοὺ
561 5368 601 5416 ι,
631 5349 720 5406 21.
795 5350 816 5382 ³
838 5350 996 5405 Rom.
1019 5366 1132 5418 νιιι,
1167 5351 1257 5406 51.
1336 5351 1359 5384 ⁸
1387 5351 1549 5406 Rom.
1578 5369 1654 5418 lx,
1697 5353 1784 5408 16.
1862 5357 1884 5388 ⁸

2022 5361 2056 5413 l.
2093 5376 2271 5422 cxuv,
2305 5360 2390 5415 i9.

1801 5475 2050 5545 ,NOTIE.

393 5589 488 5660 (9‘)
516 5587 574 5660 In
608 5587 730 5643 cod.
763 5585 914 5660 Reg._
936 5583 1062 5655 σιη’.

394 5654 505 5730 (10)
516 5659 686 5730 iisne
721 5654 1024 5730 epistolam
1042 5654 1214 5712 edidit
1246 5655 1736 5730 Cote‘lerins,it.7|ll
1768 5659 1888 5713 Μο-

321 5727 710 5787 ηιιοι.”Εεείεε.
754 5728 972 5794 ϐνωεω,
1009 5742 1077 5782 ex
1110 5730 1231 5782 cod.
1259 5727 1451 5796 Regio,
1488 5729 1731 5793 n.1770,
1787 5731 1890 5784 sub

325 5801 542 5856 nomine
568 5799 857 5870 Nicephori
875 5798 1006 5866 CP.;
1035 5796 1392 5854 at'l‘heodoro
1411 5808 1599 5853 nostro
1615 5800 1893 5856 vindicant

1995 5597 2116 5651 cod.
2138 5597 2285 5672 Reg.
2310 5615 2376 5672 ιι.
2411 5598 2582 5672 1987,
2616 5615 2728 5672 quo
2757 5602 2842 5658 usi
2879 5612 3094 5658 sumus.
3118 5607 3172 5654 et
3199 5595 3400 5669 duplex
3431 5613 3583 5670 apo-

1998 5670 2263 5735 graphum
2305 5669 2610 5725 Sirmondi.

2071 5738 2146 5809 (")
2179 5739 2513 5812 Dogmatica.
