4102 6374
595 280 732 348 16ιῖ
1789 283 1851 344 s.
1887 277 2284 342 THEODORI
2321 278 2671 342 STUDITA:
3709 289 3824 356 1643

594 399 898 462 Eusebium
939 417 954 456 :
996 399 1096 472 qui
1131 398 1297 457 ambo
1343 408 1658 458 exterorum
1695 399 2074 457 ordinationes
2113 397 2188 453 te-

2287 413 2450 463 τατος
2491 385 2777 460 Εὐσέϐιος,
2823 395 3150 470 ὑπερορίους
3190 397 3522 471 χειροτονίας
3558 403 3827 478 ἀμφότεροι

589 511 740 553 cere.
774 495 1031 565 Idemque
1076 509 1228 550 nunc
1274 494 1331 550 in
1374 495 1632 565 praesenti
1663 492 1863 549 haeresi
1893 493 2012 548 ﬁeri
2050 507 2186 550 con-

589 589 847 660 spicitur.
910 585 1104 658 Itaque
1168 587 1478 659 presbyteri
1535 584 1850 652 memorati,
1898 585 1946 640 si
2001 585 2183 656 palam

588 678 836 738 damnati
871 693 979 735 non
1003 678 1142 744 sint,
1169 693 1522 750 nequaquam
1551 677 1624 734 ob
1653 675 1928 748 ejusmodi
1959 677 2187 732 ordina-

601 773 812 828 tionem
841 772 1131 828 aversandi
1163 781 1313 836 sunt,
1365 771 1461 827 sed
1507 770 1835 826 admittendi
1879 770 2183 827 secundum

590 877 834 938 quatuor
869 865 1302 938 propositiones.

665 959 1030 1032 Interrogatio
1064 956 1133 1014 ll.
1163 987 1236 1000 ——
1275 957 1351 1012 De
1379 957 1720 1029 presbyteris
1743 965 1902 1015 extra
1959 959 2188 1029 provin-

592 1053 732 1109 ciam
769 1056 821 1108 in
870 1051 1062 1109 Sicilia
1116 1051 1392 1107 ordinatis
1420 1070 1435 1109 :
1466 1060 1654 1107 utrum
1679 1051 1899 1108 adniitti
1929 1052 2183 1107 debeant.

661 1231 976 1302 Responsio.
1001 1263 1072 1274 —
1107 1230 1235 1288 Haec
1258 1233 1622 1303 interrogatio
1651 1233 1851 1289 similis
1885 1243 1970 1289 est
2018 1249 2187 1305 supe-

594 1325 750 1392 riori,
791 1327 920 1381 licet
958 1326 1173 1381 ratione
1219 1326 1330 1381 loci
1360 1325 1638 1397 discrepet
1669 1343 1684 1380 :
1731 1327 1969 1383 similem
1999 1329 2188 1399 itaque

595 1417 1017 1487 responsionem
1048 1418 1305 1488 accipiet.

667 1508 1032 1582 Interrogatio
1069 1509 1158 1565 ΙΙΙ.
1209 1540 1282 1550 -
1337 1510 1416 1566 De
1448 1509 1712 1568 Ecclesiis
1742 1511 2048 1583 inquinatis
2089 1527 2216 1582 per-

595 1603 912 1661 sacerdotes
941 1605 1037 1674 qui
1091 1603 1290 1659 haeresi
1329 1605 1814 1660 communicaruut
1839 1645 1856 1671 ,
1897 1621 1929 1660 a
1984 1606 2186 1675 quibus

593 1696 916 1752 detinentur
948 1713 964 1752 :
997 1703 1181 1752 utrum
1235 1697 1412 1752 ineas
1446 1696 1715 1754 orationis
1744 1696 1833 1754 vel
1857 1697 2181 1768 psalmodize

592 1805 760 1863 causa
783 1789 994 1860 ingredi
1020 1798 1290 1858 oporteat.

663 1877 976 1949 Responsio.
1005 1909 1078 1922 —
1101 1877 1430 1934 Nullatenus
1475 1879 1529 1934 in
1561 1878 1882 1950 hujusmodi
1916 1880 2182 1937 ecclesias

592 1969 1016 2040 ingrediendum
1055 1976 1161 2034 est,
1189 1969 1351 2040 juxta
1380 1969 1576 2025 modos
1604 1980 1936 2026 memoratos
1962 1987 1977 2026 :
2008 1986 2185 2041 quan-

592 2060 888 2129 doquidem
950 2059 1218 2130 scriptum
1247 2067 1334 2115 est
1376 2077 1392 2116 :
1434 2058 1572 2114 Ecce
1621 2060 1948 2132 relinquetur
1994 2061 2183 2116 domus

589 2161 768 2204 vestra
799 2152 1010 2205 deserta
1033 2153 1075 2206 ⁸.
1107 2149 1283 2206 Simul
1333 2149 1482 2206 enim
1535 2159 1700 2223 atque
1735 2151 2053 2210 introducta
2100 2159 2187 2208 est

593 2241 842 2306 haeresis,
872 2243 1144 2298 abscessit
1168 2243 1398 2315 angelus
1418 2244 1526 2300 loci
1561 2259 1786 2316 praeses,
1815 2245 1972 2316 juxta
1999 2249 2184 2317 magni

589 2331 785 2390 Basilii
818 2349 1008 2389 vocem
1035 2335 1054 2366 τ
1087 2351 1102 2388 :
1135 2349 1200 2390 ac
1235 2335 1496 2406 templum
1528 2335 1840 2407 ejusmodi,
1871 2339 2186 2396 communis

591 2434 650 2482 et
687 2425 916 2497 profana
963 2428 1164 2484 domus
1220 2427 1426 2484 factum
1488 2438 1622 2486 est:
1659 2429 1730 2485 Et
1779 2447 1883 2485 non
1928 2433 2183 2498 introibo,

593 2519 813 2590 inquit,
844 2521 901 2574 in
931 2519 1213 2575 ecclesiam
1243 2520 1659 2593 malignantium
1676 2521 1720 2578 ⁸.
1752 2521 1816 2578 Ει
1845 2523 2183 2595 Apostolus:

592 2611 703 2678 Qui
735 2627 1026 2668 consensus
1061 2612 1256 2684 templo
1288 2611 1386 2669 Dei
1416 2631 1537 2670 cum
1565 2615 1726 2670 idolis
1748 2615 1816 2672 ’τ

2210 1757 2253 1813 Β

667 2794 1025 2866 Interrogatio
1051 2791 1143 2850 ιν.
1175 2824 1233 2836 -
1282 2795 1360 2850 De
1411 2795 1660 2852 ecclesiis
1708 2810 1806 2867 per
1841 2797 2064 2852 eosdem
2093 2812 2185 2852 sa-

595 2888 851 2943 cerdotes
885 2887 1130 2956 pollutis,
1165 2886 1261 2944 sed
1283 2903 1406 2958 quae
1425 2887 1504 2942 ab
1527 2887 1662 2958 ipsis
1693 2903 1800 2944 non
1833 2887 2184 2944 detinentur:

598 2996 730 3037 num
767 2981 822 3036 in
855 2979 965 3036 illis
993 2981 1234 3052 psallere
1268 2989 1322 3038 et
1362 2994 1526 3036 orare
1553 2987 1827 3050 oporteat.

669 3157 981 3230 Responsio.
997 3157 1314 3228 -—0portet
1343 3171 1476 3212 sane
1503 3156 1558 3211 in
1581 3170 1676 3212 eas
1695 3154 1955 3212 ecclesias
1981 3154 2185 3208 intrare

594 3254 664 3310 ad
693 3253 1036 3324 psallendum
1063 3260 1120 3306 et
1164 3250 1457 3315 orandum,
1495 3249 1544 3306 si
1582 3248 1747 3304 modo
1778 3248 1884 3304 illa:
1925 3263 2036 3302 non
2067 3262 2185 3302 arii-

596 3349 744 3420 plius
777 3346 1102 3417 polluuntur
1131 3344 1202 3399 ab
1239 3344 1531 3409 haereticis,
1555 3343 1652 3398 sed
1682 3343 1752 3398 ab
1781 3341 2105 3398 orthodoxis
2128 3342 2182 3396 in

597 3448 920 3512 perpetuum
984 3438 1324 3492 detinentur.
1404 3435 1782 3492 Constitutum
1844 3444 2029 3490 autem
2091 3434 2184 3490 hic

597 3540 706 3598 est,
735 3540 798 3587 ut
827 3531 896 3585 ab
923 3529 1187 3600 episcopo
1218 3527 1303 3584 vel
1321 3527 1606 3584 sacerdote
1618 3541 1770 3583 sanae
1791 3525 1941 3592 ﬁdei,
1974 3527 2181 3583 solem-

597 3625 686 3682 nis
716 3623 928 3692 apertio
957 3621 1242 3686 ecclesiae,
1282 3619 1526 3676 exhibita
1575 3634 1772 3691 prece,
1829 3619 1947 3675 ﬁat.
1994 3617 2185 3690 Itaque

597 3717 648 3774 si
688 3717 794 3772 hoc
821 3715 935 3782 ﬁat,
966 3723 1022 3770 et
1044 3728 1267 3769 sacrum
1307 3712 1386 3768 ibi
1434 3711 1702 3769 celebrari
1750 3727 1860 3769 non
1883 3711 1990 3768 erit
2016 3712 2181 3768 abso-

597 3824 752 3867 num.
789 3806 1052 3877 Exemplo
1084 3805 1158 3862 sit
1197 3813 1421 3862 sanctus
1447 3804 1786 3861 Athanasius
1810 3846 1827 3872 ,
1863 3804 1994 3876 qui,
2053 3820 2180 3861 cum

597 3903 898 3974 imperator
950 3898 1304 3955 Constantius
1350 3898 1529 3968 ipsum
1575 3897 1889 3954 hortaretur
1946 3904 2008 3954 ut
2039 3897 2184 3954 hanc

596 4009 763 4050 unam
797 3991 1030 4064 gratiam
1059 3989 1408 4055 concederet,
1447 3989 1694 4045 tradendi
1731 3991 1942 4046 scilicet
1961 3990 2182 4045 Arianis

595 4084 740 4156 apud
759 4081 1146 4138 Alexandriam
1177 4080 1444 4151 templum
1465 4095 1634 4136 unum
1665 4081 1760 4137 ubi
1787 4080 2176 4148 convenirent;

596 4177 816 4238 annuit,
861 4174 1027 4230 modo
1061 4173 1178 4244 ipse
1225 4187 1447 4244 quoque
1481 4172 1715 4243 gratiam
1747 4171 1997 4228 eamdem
2033 4171 2182 4226 Con-

597 4268 955 4338 stantinopoli
989 4276 1462 4338 consequeretur,
1525 4275 1588 4320 ut
1640 4280 1838 4336 nempe
1888 4263 2178 4320 orthodoxi

595 4361 958 4418 convenirent
983 4361 1040 4414 in
1077 4361 1344 4430 templum
1387 4373 1582 4421 unum,
1614 4357 1684 4414 ab
1729 4356 1949 4414 Arianis
1985 4357 2175 4412 deten-
2207 4377 2212 4380 ν

595 4465 734 4510 tum.
2213 4453 2258 4509 ι)

669 4544 1041 4617 Interrogatio‘
1059 4545 1126 4601 V.
1178 4575 1249 4587 -—
1284 4545 1360 4600 De
1397 4543 1602 4599 sanctis
1648 4541 1743 4613 qui
1796 4542 1850 4598 in
1899 4556 2128 4612 corpore
2165 4556 2180 4593 :

597 4647 784 4696 utrum
838 4638 1049 4710 ingredi
1080 4645 1329 4708 oporteat
1353 4636 1410 4690 in
1438 4650 1631 4690 eorum
1663 4634 1979 4690 emmeteria
2006 4675 2022 4702 ,
2079 4633 2195 4688 ibi-e

597 4740 707 4796 que
735 4739 897 4780 orare
934 4735 992 4782 et
1028 4724 1286 4793 adorare,
1311 4725 1444 4780 dum
1473 4739 1538 4780 ea
1568 4740 1600 4780 a
1636 4723 1863 4796 pollutis
1883 4725 2184 4781 sacerdoti-

597 4815 704 4873 bus
737 4823 1015 4872 tenentur.

670 4991 980 5062 Responsio.
1009 5022 1081 5033 —
1103 4991 1224 5048 Non
1251 4992 1521 5064 permittit
1544 5007 1747 5060 canon,
1778 4991 2083 5050 secundum
2113 5010 2178 5050 ea

596 5100 721 5158 quae
748 5085 903 5156 prius
931 5083 1207 5140 declarata
1231 5093 1386 5150 sunt,
1422 5085 1478 5140 in
1507 5101 1704 5141 eorum
1735 5087 2051 5142 coemeteria
2091 5087 2178 5142 in-

598 5177 789 5234 troire.
837 5175 1114 5248 Scriptum
1146 5186 1230 5232 est
1259 5178 1408 5233 enim
1443 5196 1457 5232 :
1501 5176 1571 5232 Ut
1615 5177 1743 5249 quid
1797 5179 2016 5233 libertas
2059 5196 2176 5234 mea

590 5267 870 5338 judicatur
902 5266 967 5320 ab
994 5267 1170 5322 aliena
1194 5268 1521 5322 conscientia
1549 5267 1636 5322 "?
1666 5268 1772 5324 nisi
1811 5268 1951 5324 forte
1977 5285 2041 5325 ex
2079 5285 2177 5327 ne-

598 5359 857 5416 cessitate
880 5398 897 5425 ,
949 5342 1328 5415 tantummodo
1359 5357 1427 5416 ad
1475 5361 1814 5416 venerandus
1848 5362 2024 5418 sancti
2052 5363 2180 5418 reli-

598 5452 776 5522 quias,
815 5450 907 5504 ﬁat
933 5449 1235 5521 ingressus.

670 5543 1030 5615 Interrogatio
1070 5541 1156 5598 Vl.
1193 5576 1259 5588 -
1294 5545 1371 5601 De
1422 5545 1492 5602 iis
1537 5545 1635 5618 qui
1681 5545 1931 5604 habitum
1973 5562 2179 5605 mona-

671 5742 696 5776 ⁸
723 5741 915 5798 Matth.
944 5757 1106 5810 xxm,
1143 5744 1233 5799 '58.
1309 5745 1330 5779 "
1368 5744 1545 5816 Epist.
1580 5744 1705 5804 l9].
1773 5737 1804 5780 ⁸
1843 5739 1990 5803 Psal.
2026 5761 2154 5814 xxv,
2191 5745 2245 5803 5.

2287 491 2676 562 ποιησάμενοι.
2705 488 2815 544 Kal.
2836 486 2933 544 νῦν
2953 488 3013 542 δὲ
3035 487 3100 568 τδ
3129 491 3261 545 αὐτὸ
3280 493 3470 562 ὁρᾶται
3490 498 3828 568 πραττόμενον

2283 585 2344 637 έν
2385 584 2451 654 τῇ
2491 579 2745 653 παρούσῃ
2774 578 3010 651 αἱρέσει.
3035 565 3206 632 ’Ὥστε
3233 578 3285 632 οἰ
3325 565 3756 652 summatq-ig,
3787 593 3829 644 ει

2283 671 2346 727 ού
2381 671 2666 744 προδήλως
2708 669 2816 724 εἰσὶ
2853 670 3318 741 κατεγνωσμένοι,
3359 670 3605 742 οὐδαμῶς
3651 679 3711 732 ὲκ
3749 679 3829 734 τοῦ

2285 765 2460 832 οὕτως
2485 762 2935 838 χειροτονηθῆναι
2956 761 3343 834 ἁποτρόπαιοι,
3362 761 3501 816 ἀλλὰ
3518 768 3832 835 προσδικτέοι

2284 857 2431 914 κατά
2459 857 2736 926 τέσσαρας
2763 855 3084 928 προτάσεις.

2367 949 2690 1020 Ἐρώτησις
2713 948 2792 1003 B'.
2814 977 2886 988 ——
2913 947 3054 1018 Περὶ
3085 946 3194 1001 τῶν
3221 946 3698 1018 χειροτονηθέντων
3722 967 3834 1022 πρε.

2287 1041 2566 1114 σϐυτέρων
2599 1040 2869 1113 ὑπερόρια
2904 1041 2964 1095 ὲν
2992 1038 3244 1112 Σικελίᾳ’
3294 1040 3344 1092 εἰ
3375 1039 3485 1110 χρὴ
3517 1040 3728 1106 τούτους
3764 1042 3837 1096 6t-

2285 1133 2498 1205 χεσθαι.

2367 1225 2724 1294 Ἀπόκρισις.
2739 1222 3000 1276 -Τοῦτο
3025 1221 3088 1276 τδ
3114 1219 3376 1293 ἐρώτημα
3402 1221 3589 1291 ὅμοιον
3609 1223 3699 1277 τοῦ
3721 1241 3835 1297 προ.

2283 1316 2556 1380 τεθέντος,
2608 1318 2659 1371 εἰ
2720 1317 2818 1370 καὶ
2885 1315 3008 1370 καθ’
3097 1314 3290 1386 ὕφεσιν
3358 1314 3530 1368 τόπου
3591 1315 3834 1390 ἀνόμοιον.

2297 1407 2524 1478 ὀμοίαν
2548 1406 2793 1478 δηλονότι
2813 1405 2925 1472 έξει
2954 1407 3052 1460 καὶ
3072 1405 3172 1478 τὴν
3197 1406 3517 1477 ἀπόκρισιν.

2367 1496 2687 1567 Ἐρώτησις
2716 1495 2793 1553 Γ.
2827 1527 2894 1538 -
2925 1497 3063 1568 Περὶ
3104 1496 3215 1551 τῶν
3254 1498 3627 1556 κοινωθέντων
3662 1502 3836 1575 ἔκκλη.

2285 1589 2418 1644 σιῶν
2451 1591 2518 1644 ὲκ
2543 1590 2654 1643 τῶν
2687 1589 2885 1660 ἱερέων
2908 1590 3020 1642 τῶν
3049 1591 3503 1661 κοινωνησάντων
3535 1595 3600 1661 τῇ
3629 1593 3833 1668 αἱρέσει,

2283 1680 2380 1736 καὶ
2405 1681 2788 1752 κατεχομένων
2809 1682 2899 1734 ὑπ’
2917 1681 3097 1735 αὐτῶν
3118 1698 3133 1714 ο
3161 1682 3212 1736 εἰ
3233 1683 3338 1755 χρὴ
3359 1684 3419 1738 ὲν
3439 1683 3630 1748 αὐταῖς
3644 1685 3834 1742 εἰσιέναι

2282 1773 2446 1846 χάριν
2469 1774 2638 1845 εὐχῆς
2662 1772 2760 1828 καὶ
2783 1771 3126 1844 ψαλμῳδίας.

2365 1868 2728 1936 Ἀπόκρισις.
2757 1898 2825 1909 -
2849 1867 2926 1921 Ού
2957 1867 3066 1940 χρὴ
3097 1865 3160 1922 τὸ
3189 1866 3424 1923 καθόλου
3452 1869 3536 1934 εἰς
3557 1869 3654 1932 τὰς
3678 1871 3838 1926 τοιαύ-

2281 1977 2384 2024 τας
2411 1959 2712 2032 ἐκκλησίας
2744 1959 2995 2024 εἰσιέναι,
3036 1959 3182 2014 κατὰ
3219 1960 3349 2025 τοὺς
3387 1963 3708 2033 εἰρημένους
3734 1965 3835 2036 τρό-

2285 2068 2455 2116 πους·
2514 2051 2704 2122 ἐπειδὴ
2741 2053 3076 2123 γέγραπται⁶
3143 2050 3290 2108 Ἰδοὺ
3347 2053 3588 2123 ἀφίεται
3634 2057 3667 2109 ὁ
3703 2051 3837 2126 οἶκος

2284 2145 2454 2217 ὑμῶν
2477 2145 2720 2216 ἕρημος.
2743 2144 2902 2217 ’Δμα
2924 2146 3034 2218 γὰρ
3063 2145 3142 2217 τῷ
3167 2145 3496 2217 εἰσαχθῆναι
3516 2146 3615 2218 τὴν
3637 2148 3834 2218 αἰρεσιν,

2284 2235 2507 2306 ἁπέπτη
2532 2237 2561 2288 ὁ
2591 2234 2786 2308 ἔφορος
2818 2234 2928 2288 τῶν
2954 2236 3136 2290 ἐκεῖσε
3169 2235 3424 2305 ἄγγελος,
3464 2237 3608 2292 κατὰ
3636 2239 3725 2308 τὴν
3747 2257 3837 2310 φω-

2285 2327 2384 2400 νὴν
2438 2326 2538 2382 τοῦ
2591 2327 2832 2399 μεγάλου
2882 2327 3165 2382 Βασιλείου
3186 2343 3202 2360 ·
3255 2328 3351 2383 καὶ
3397 2331 3579 2394 κοινὸς
3639 2327 3767 2396 οἰκος
3811 2334 3836 2386 ό

2284 2418 2492 2474 τοιόσδε
2526 2417 2859 2490 χρηματίζει
2891 2421 3041 2484 ναός.
3086 2420 3196 2476 Καί
3234 2422 3308 2475 οὐ
3345 2421 3436 2490 μὴ
3473 2421 3838 2495 εἰσέλθωμρη-

2286 2509 2394 2573 civ,
2422 2511 2510 2576 εἰς
2545 2509 2919 2578 Ἐκκλησίαν
2951 2511 3476 2582 πονηρευομένων.
3508 2515 3619 2568 Καὶ
3643 2515 3671 2566 ὸ
3705 2514 3836 2568 Ἀπό-

2287 2601 2474 2665 στολος
2493 2617 2508 2632 ⁸
2544 2603 2638 2670 Τις
2681 2603 3130 2674 συγκατάθεσις
3163 2605 3290 2672 ναῷ
3329 2604 3485 2660 Θεοῦ
3530 2606 3674 2677 μετὰ
3705 2607 3835 2661 εἰδώς

2291 2695 2465 2759 Juv;

2369 2786 2697 2855 Ἐρώτησις
2724 2789 2802 2843 Δ’.
2827 2818 2896 2831 --
2919 2788 3056 2860 Περί
3083 2788 3192 2842 τῶν
3219 2789 3330 2843 τῶν
3351 2789 3716 2846 κοινωθένιων
3761 2790 3834 2844 ἐκ·

2285 2879 2529 2951 κλησιῶν
2552 2881 2658 2935 ύπὸ
2683 2881 2795 2936 τῶν
2823 2879 3005 2936 αὐτῶν
3026 2882 3238 2952 ἱερέων.
3263 2883 3358 2937 καὶ
3387 2883 3466 2954 μὴ
3494 2883 3834 2954 κατεχομένων

2287 2970 2381 3024 ὑπ’
2417 2971 2598 3026 αὐτῶν
2614 2989 2629 3004 ·
2653 2974 2703 3026 εἰ
2733 2971 2840 3045 χρὴ
2868 2974 2928 3028 ὲν
2955 2973 3074 3038 ταῖς
3096 2973 3374 3040 τοιαύταις
3405 2974 3630 3045 ψάλλειν
3657 2976 3740 3030 καί
3762 2972 3834 3028 εὖ·

2289 3063 2502 3136 χεσθαι.

2372 3154 2731 3224 Ἀπόκρισις.
2765 3187 2838 3200 -
2876 3156 3000 3230 Χρὴ
3062 3158 3162 3229 μὲν
3209 3158 3304 3213 οὖν
3357 3159 3591 3213 εἰσιέναι
3645 3157 3698 3212 ἐν
3739 3158 3833 3220 ταῖς

2283 3247 2564 3312 τοιαύταις
2597 3249 2922 3321 ἐκκλησίαις
2967 3253 3048 3315 εἰς
3079 3251 3141 3306 τὸ
3169 3251 3392 3322 ψάλλειν
3446 3253 3540 3307 καὶ
3583 3251 3829 3321 εὔχεσθαι·

2285 3339 2402 3394 ἀλλ’
2447 3340 2609 3412 εἰπερ
2666 3341 2927 3410 ἀσφαλῶς
2974 3343 3177 3414 μηκέτι
3232 3343 3558 3415 χραίνονται
3612 3343 3708 3397 ὑπὸ
3745 3341 3832 3395 τῶν

2282 3435 2587 3508 ὀρθοδόξων
2635 3436 2718 3500 εἰς
2763 3435 2826 3490 τὸ
2855 3436 2964 3490 άεί.
2996 3436 3318 3492 Τετύπωται
3363 3437 3424 3491 δὲ
3477 3438 3720 3500 ἐνταῦθα,
3748 3437 3832 3490 ὑπὸ

2285 3527 2634 3598 σεσωσμένον
2664 3527 2992 3596 ἐπισκόπου,
3021 3529 3054 3601 ἢ
3085 3530 3274 3600 ἱερέως
3301 3530 3372 3584 τά
3394 3529 3607 3597 ἀνοίξια
3646 3529 3734 3599 τῆς
3753 3529 3828 3580 ὲκ-

2284 3619 2518 3690 κλησίας
2548 3621 2824 3691 γίνεσθαι,
2867 3622 3334 3694 ὑποφωνουμένης
3379 3623 3572 3695 εὐχῆς.
3608 3623 3752 3675 Ὥστε
3790 3621 3829 3673 εἰ

2280 3711 2440 3768 τοῦτο
2469 3713 2702 3782 γένοιτο,
2727 3714 2825 3769 καὶ
2851 3714 2915 3769 τὸ
2941 3714 3279 3784 λειτουργεῖν
3307 3717 3493 3770 ἐκεῖσε
3520 3716 3616 3768 οὐκ
3637 3713 3826 3784 ἀπᾷδον.

2281 3805 2664 3876 Παράδειγμα,
2690 3807 2753 3860 τὺ
2779 3807 2872 3861 τὸν
2902 3806 3058 3876 άγιον
3094 3806 3413 3862 Ἀθανάσιον
3441 3808 3550 3862 ὑπὸ
3574 3809 3828 3860 Κωνσταν-

2279 3898 2397 3953 τίου
2428 3898 2522 3953 τοῦ
2559 3900 2825 3970 βασιλέως
2844 3898 3336 3971 παρακαλούμενον
3368 3899 3505 3968 μίαν
3535 3896 3724 3968 ταύτην
3747 3895 3828 3966 χά-

2285 4007 2370 4062 ριν
2427 3991 2830 4062 παρασχέσθαι,
2883 3991 2980 4045 τοῦ
3029 3991 3087 4044 ὲν
3147 3990 3534 4062 ’Δλεξανδρεὶα
3582 3991 3672 4044 ενα
3723 3988 3827 4042 ναδν

2279 4082 2620 4155 παραδοῦναι
2639 4085 2752 4147 τοῖς
2783 4083 3080 4154 Ἀρειανοῖς
3105 4084 3188 4146 εἰς
3215 4083 3278 4136 τὺ
3312 4082 3658 4151 συνάγεσθαι,
3683 4095 3824 4133 κατα⁸

2279 4172 2492 4238 νεῦσαι,
2515 4173 2692 4244 ἄνπερ
2722 4173 2782 4226 έν
2810 4172 3382 4227 Κωνσταντινουπόλει
3412 4171 3636 4242 λήψοιτο
3661 4168 3824 4230 adeo;

2279 4265 2379 4336 τὴν
2407 4263 2581 4334 αὐτὴν
2609 4263 2789 4336 χάριν,
2823 4263 2918 4318 τοῦ
2949 4263 3281 4332 συνάγεσθαι
3315 4263 3443 4328 τοὺς
3464 4262 3754 4336 όρθοδὸξους
3775 4260 3823 4310 ὲν

2280 4355 2364 4410 ένὶ
2382 4354 2498 4427 ναῷ
2530 4354 2882 4428 κατεχομένῳ
2907 4354 3014 4408 ὑπὸ
3050 4354 3368 4428 ’Δρειανῶν.

2367 4535 2684 4605 Ἐρώτησις
2725 4533 2804 4589 E’.
2833 4563 2906 4575 —-
2941 4535 3077 4607 Περὶ
3105 4535 3216 4589 τῶν
3241 4537 3302 4588 ὲν
3339 4533 3554 4605 σώματι
3579 4533 3756 4603 ἁγίων·
3780 4531 3820 4583 εἰ

2282 4621 2390 4693 χρὴ
2415 4621 2642 4677 εἰσιέναι
2671 4623 2752 4687 εἰς
2773 4621 2843 4676 τὰ
2867 4624 3205 4696 κοιμητήρια
3238 4622 3442 4684 αὐτῶν.
3465 4623 3559 4678 καὶ
3579 4621 3817 4692 εὔχεσθαι,

2282 4717 2380 4772 καὶ
2409 4718 2738 4788 προσκυνεῖν
2767 4716 2954 4781 αὐτοῖς
2984 4718 3366 4788 κατεχομένων
3409 4716 3509 4789 [αι.
3558 4711 3820 4785 κατεχομέ-

2283 4827 2433 4878 νοις,
2474 4809 2550 4866 al.
2607 4807 3067 4882 καταδεχόμενον]
3103 4810 3208 4863 ύπὸ
3246 4809 3355 4863 τῶν
3401 4809 3718 4880 μιανθέντων
3759 4807 3820 4858 ἰε-

2322 4903 2446 4958 έων.

2322 4920 2446 4958 εων.
2769 4945 2784 4964 .

2285 4920 2319 4976 ρ
2367 4993 2725 5063 Ἀπόκρισις.
2755 5021 2827 5033 -
2859 4992 2937 5046 Ού
2983 4993 3309 5064 παραχωρεῖ
3355 4992 3556 5061 κανὼν,
3601 4989 3728 5046 κατὰ
3761 4988 3818 5041 τὰ

2283 5083 2719 5156 προδηλωθέντα,
2762 5085 2990 5139 εἰσιέναι
3036 5085 3118 5148 εἰς
3156 5084 3226 5138 τά
3250 5085 3476 5142 τοιαῦτα
3503 5085 3816 5158 κοιμητήριε.

2282 5179 2600 5249 Γέγραπται
2621 5177 2732 5251 γάρ
2755 5193 2770 5208 ·
2808 5177 2934 5232 Ἵνα
2961 5175 3020 5230 τι
3043 5174 3083 5243 ἦ
3112 5175 3426 5246 ἐλευθερία
3446 5194 3566 5248 μου
3593 5177 3816 5246 κρίνεται

2283 5268 2406 5326 ὑπὸ
2435 5269 2632 5338 ἄλλης
2655 5268 3110 5336 συνειδήσεως;
3142 5268 3192 5320 εἰ
3217 5268 3292 5339 μή
3332 5287 3384 5323 τι
3413 5270 3479 5324 ἂν
3507 5269 3566 5336 ἐξ
3588 5269 3814 5337 ἀνάγκης.

2285 5361 2430 5415 κατὰ
2459 5361 2617 5432 μόνον
2647 5361 2710 5415 τὸ
2746 5360 3099 5416 ἀσπάσασθαι
3133 5358 3194 5413 τὸ
3221 5360 3319 5414 τοῦ
3340 5362 3496 5431 άγίου
3518 5361 3763 5432 λείψανον.
3787 5359 3814 5426 ἡ

2284 5454 2490 5517 εἴσοδος
2515 5455 2744 5523 γένοιτο.

2370 5547 2692 5616 Ἐρώτησις
2727 5549 2817 5616 (τ’.
2847 5577 2916 5588 --
2939 5549 3074 5621 Περί
3103 5549 3213 5604 τῶν
3235 5547 3507 5604 λαϐόντων
3532 5546 3592 5601 τὸ
3623 5559 3814 5617 μοναχι-

2323 5746 2344 5781 ’
2391 5746 2434 5801 ll
2464 5747 2590 5803 Cor.
2629 5763 2703 5814 vr,
2737 5746 2820 5802 l6.
2899 5747 2942 5780 ¹⁰
2977 5745 2997 5801 l
3027 5748 3152 5806 Cor.
3187 5765 3243 5816 x,
3275 5747 3366 5808 29.
