4102 6374
316 351 454 418 1649

1508 340 2052 403 EPISTOLARUM
2111 340 2261 400 LIB.
2328 339 2413 401 II.

3447 346 3586 412 1650

314 467 411 522 κδν
465 464 650 537 σχῆμα
700 463 767 516 ἐκ
806 460 918 517 τῶν
958 458 1325 515 κοινωθέντων
1361 456 1552 529 ἱερέων
1576 472 1592 487 ·
1624 452 1743 519 πῶς
1783 450 1890 525 χρὴ

1997 452 2194 508 sticum
2244 468 2274 508 a
2331 453 2733 512 contaminatis
2771 455 3153 514 sacerdotibus
3206 470 3583 531 acceperunt:

312 557 537 621 τούτους
562 554 834 628 δέχεσθαι.

396 648 757 717 Ἀπόκρισις.
785 677 856 688 --
891 643 1327 717 Ὀμολογοῠντας
1363 639 1764 712 ἡμαρτηκέναι,
1794 639 1891 694 καὶ¹

312 740 745 812 ἐπιτιμηθέντας
796 739 975 811 χρόνῳ
1027 739 1158 804 τινὶ,
1218 731 1322 790 εἷθ’
1378 733 1553 799 οὓτως
1615 732 1892 805 σφραγῖδα

310 834 633 907 δεχομένους
674 830 1181 905 παρασεσωσμένου
1218 827 1617 902 πρεσϐυτέρου,
1656 825 1890 898 προσδε-

310 926 491 981 κτέον.

393 1014 716 1084 Ἐρώτησις
746 1014 823 1071 Z'.
849 1042 923 1056 --
967 1014 1108 1088 Περὶ
1146 1014 1257 1070 τῶν
1312 1012 1750 1087 ύπογραψάντων
1796 1010 1892 1064 καὶ

309 1108 755 1178 κοινωνησάντων
809 1106 1061 1178 μοναχῶν
1114 1108 1209 1161 καὶ⁹
1255 1106 1534 1179 κληρικῶν
1573 1107 1632 1159 ὲν
1672 1107 1739 1177 τῇ
1796 1104 1894 1157 αύ-

308 1203 376 1272 τῇ
410 1200 622 1271 αἱρέσει
645 1216 662 1231 ⁶
714 1199 833 1265 πῶς
865 1200 972 1272 χρὴ
998 1196 1221 1265 τούτους
1249 1200 1498 1272 δέχεσθαι
1519 1215 1534 1231 ο
1576 1198 1747 1271 χωρὶς
1773 1198 1893 1250 ἐπι-

310 1294 518 1365 τιμίου,
580 1292 614 1363 ﬁ
653 1291 793 1364 μετὰ
828 1291 1149 1364 ἐπιτιμίου·
1193 1292 1289 1348 ἐὰν
1336 1291 1643 1364 ὁμολογῶσι
1694 1288 1893 1360 μηκέτι

310 1387 557 1458 ὶνεργεῖν
590 1384 650 1439 ἐν
676 1387 744 1457 τῇ
768 1385 1015 1458 ῖερατείᾳ
1033 1400 1049 1416 ·
1082 1386 1178 1441 καὶ
1201 1388 1250 1441 εί
1275 1385 1489 1454 ἔξεστιν
1513 1386 1668 1456 ἡμῖν,
1693 1383 1894 1437 διδόναι

311 1476 568 1548 ἐπιτίμια
592 1477 706 1540 τοῖς
730 1477 1018 1540 τοιούτοις.

396 1568 755 1637 Ἀπόκρισις.
788 1598 859 1610 -
892 1568 1064 1639 Δῆλον
1088 1567 1172 1622 ὅτι
1208 1566 1348 1639 μετὰ
1367 1568 1479 1621 τῶν
1505 1565 1894 1639 προσηκόντων

309 1662 622 1733 ἐπιτιμίων.
655 1661 781 1726 Πῶς
815 1661 927 1733 γὰρ
954 1661 1020 1715 ἂν
1049 1662 1125 1733 μὴ
1151 1660 1280 1725 τοὺς
1311 1661 1558 1733 καρποὺς
1588 1659 1692 1731 τῆς
1725 1676 1893 1730 μετα-

309 1756 455 1819 νοίας
481 1753 944 1826 ἐπιδεικνύμενοι,
970 1749 1080 1807 εἷεν
1104 1752 1245 1819 ἄξιοι
1272 1751 1614 1824 ωναφθῆναι
1638 1750 1717 1823 τῷ
1737 1752 1897 1824 ὀρθο-

1995 544 2277 615 quomodo
2310 544 2480 615 recipi
2507 543 2763 601 debeant.

2068 636 2384 707 Responsio.
2426 667 2495 679 —
2533 637 2592 695 Si
2627 639 2997 695 conﬁteantur
3026 655 3086 695 se
3121 657 3403 711 peccasse,
3439 655 3495 699 ct
3520 647 3589 700 ad

1995 729 2222 800 aliquod
2256 738 2470 800 tempus
2490 730 2881 802 paenitentiam
2901 732 3133 804 egerint,
3162 742 3330 804 atque
3350 736 3425 792 ita
3453 751 3588 792 con-

1997 821 2368 893 signationem
2397 821 2597 879 deinde
2623 823 2692 878 ab
2723 831 2889 880 rectae
2917 824 3041 879 lidei
3073 825 3395 897 presbytero
3432 841 3592 884 acce-

1995 913 2198 984 perint,
2235 913 2559 968 admittendi
2585 924 2735 971 sunt.

2065 1003 2428 1075 Interrogatio
2456 1004 2569 1061 VII.
2599 1034 2671 1045 —
2712 1002 2790 1059 De
2830 1003 3120 1061 monachis
3157 1013 3212 1060 et
3241 1005 3460 1062 clericis
3492 1009 3592 1079 qui

1994 1097 2177 1154 eidem
2218 1097 2418 1153 haeresi
2455 1098 2909 1168 subscripserunt
2958 1098 3587 1171 communicaruntque:

1996 1188 2279 1259 quomodo
2315 1188 2617 1259 recipiendi
2648 1188 2760 1243 sint
2791 1205 2806 1242 :
2840 1190 2959 1244 sine
2988 1190 3333 1259 poenitentia,
3363 1205 3433 1245 an
3463 1205 3591 1247 cum

1993 1281 2323 1353 paenitentia
2361 1299 2376 1337 :
2420 1281 2467 1338 si
2525 1279 2763 1352 professi
2816 1279 3025 1335 fuerint
3078 1296 3138 1336 se
3186 1297 3296 1336 non
3350 1283 3590 1354 amplius

1995 1390 2153 1430 sacra
2184 1376 2375 1431 munia
2420 1375 2676 1431 obituros
2705 1392 2719 1431 :
2750 1380 2805 1430 et
2839 1389 2972 1429 num
3016 1373 3179 1431 liceat
3213 1376 3377 1431 nobis
3410 1378 3588 1447 poeni-

1997 1471 2201 1525 tentias
2232 1470 2438 1525 talibus
2471 1469 2775 1541 imponere.

2069 1558 2387 1632 Responsio.
2420 1592 2489 1603 —
2516 1563 2719 1636 Utique
2739 1582 2867 1623 cum
2891 1566 3230 1639 ptenitentiis
3256 1564 3590 1623 convenien-

1997 1654 2181 1722 tibus;
2215 1668 2327 1726 quo
2369 1655 2516 1710 enim
2553 1657 2758 1727 modo,
2802 1661 2909 1716 nisi
2941 1660 3205 1715 exhibitis
3250 1657 3591 1730 poenitentiae

1997 1746 2291 1813 fructibus,
2307 1746 2457 1819 digni
2480 1749 2589 1804 sint
2607 1751 2701 1821 qui
2725 1752 3035 1809 orthodoxo
3056 1752 3274 1824 corpori
3290 1749 3592 1807 uniantur?

307 1813 452 1917 δόξω.
497 1813 998 1919 σώματα-διδόναι
1043 1844 1102 1898 δὲ
1150 1813 1246 1898 καὶ
1288 1813 1437 1915 ἡμᾶς
1482 1813 1740 1913 ἐπιτίμια
1771 1813 1895 1907 ’τοῖς

1999 1837 2100 1895 His
2134 1852 2319 1896 autem
2360 1813 2416 1896 et
2444 1857 2473 1896 a
2506 1813 2669 1897 nobis
2704 1845 3059 1914 poenitentias
3090 1813 3326 1917 iniungi,
3357 1860 3469 1900 non
3506 1852 3592 1900 est

307 1939 596 2004 τοιούτοις,
634 1938 737 1992 οὐκ
769 1937 1124 2008 ἀποκριτέον.
1152 1935 1470 2007 Γέγραπται
1500 1935 1631 2008 γάρ,
1671 1934 1893 2004 Ἄλλη-ι

307 2036 437 2087 λων
455 2031 526 2086 τὰ
539 2029 705 2099 ,βάρη
720 2028 1070 2094 βαστάζετε,
1086 2029 1186 2083 καὶ
1208 2028 1398 2094 οὕτως
1417 2025 1896 2096 ἀναπληρώσατε

304 2126 419 2189 ,τὸν
447 2126 638 2195 νόμον
662 2125 772 2179 τοῦ
806 2124 1089 2194 Χριστοῦ.

395 2216 714 2285 Ἐρώτησις
742 2220 825 2273 H'.
857 2247 926 2259 --
950 2217 1087 2287 Περὶ
1114 2214 1223 2270 τῶν
1251 2212 1503 2285 μοναχῶν
1529 2212 1641 2268 τῶν
1670 2211 1896 2282 ἀδιαφό-

315 2320 424 2377 ρως
454 2303 914 2375 παραϐαλλόντων
942 2306 1057 2367 τοῖς
1079 2302 1326 2374 τυχοῦσι,
1351 2304 1445 2358 καὶ
1476 2303 1894 2374 συνευχομένοις

313 2398 409 2451 καὶ
438 2397 812 2452 συνεσθίουσιν
837 2398 1024 2461 αὐτοῖς
1041 2410 1058 2428 ’
1086 2398 1136 2451 ει
1167 2396 1272 2469 χρὴ
1301 2396 1551 2468 δέχεσθαι
1570 2396 1699 2459 τοὺς
1717 2392 1896 2449 τοιού-

312 2504 441 2550 τους
462 2488 545 2550 εἰς
576 2488 929 2542 συνεστίασιν
966 2488 1061 2541 καὶ
1088 2486 1430 2558 ψαλμῳδὶαν.

396 2577 765 2649 Ἀπόκρισις.
792 2608 861 2619 --
890 2578 998 2634 Τοῦ
1034 2580 1357 2635 Ἀποστόλου
1392 2578 1641 2648 λέγοντος
1663 2596 1679 2611 ο
1710 2578 1894 2634 Στέλ-

310 2673 526 2727 λεσθαι
549 2669 710 2741 iuuit;
735 2671 859 2727 ἀπὸ
883 2670 1114 2739 παντὸς
1136 2671 1407 2742 ἀδελφοῦ
1439 2670 1709 2738 ἀτάκτως
1733 2687 1895 2739 περι-

311 2765 673 2832 πατοῦντος,
700 2766 800 2819 καὶ
821 2764 910 2836 μὴ
948 2765 1103 2821 κατὰ
1128 2765 1247 2834 τὴν
1271 2764 1613 2834 παράδοσιν
1637 2763 1719 2833 ῆν
1744 2778 1895 2833 παρ-

308 2858 532 2916 ἐλαϐον
562 2860 700 2927 παρ’
728 2860 929 2930 ἡμῶν·
960 2860 1079 2925 πῶς
1137 2861 1261 2932 οὐχὶ
1302 2860 1402 2915 καὶ
1447 2860 1541 2930 ἀφ’
1576 2860 1787 2915 ἑαυτῶν
1818 2860 1894 2913 ’τὸ

309 2953 478 3009 καλὸν
513 2953 767 3026 κρίνετε;
797 2955 847 3008 εί
880 2953 981 3026 μὲν
1018 2950 1113 3010 οὖν
1140 2955 1468 3026 ἀπόσχοιντο
1498 2955 1596 3026 τῆς
1635 2954 1892 3027 ὲφαμάρ-

309 3065 406 3102 του
440 3047 754 3119 συνηθείας,
786 3048 1212 3119 καταδεχόμενοι
1239 3066 1300 3102 τε
1330 3049 1428 3103 καὶ
1467 3050 1751 3118 ἐπιτιμίαν
1791 3049 1892 3119 τὴν

311 3140 719 3212 προσήκουσαν,
748 3140 978 3196 δεκτέοι.
1017 3139 1408 3213 Ἐπιτηρητέον
1455 3141 1511 3196 δὲ
1559 3141 1703 3205 τίνες
1749 3140 1890 3196 εἰσὶν
1918 3181 1967 3245 c

309 3232 403 3297 οὓς
454 3233 594 3303 φῆτε
653 3232 985 3301 τυχόντας·
1040 3230 1151 3305 ἆρα
1199 3234 1489 3305 αἱρετικοὶ,
1529 3231 1565 3304 ἢ
1605 3233 1892 3306 προδήλως

311 3326 757 3395 κατεγνωσμένοι
782 3327 875 3379 ἐπὶ
902 3326 981 3397 τῷ
1009 3326 1109 3396 βίῳ
1134 3344 1149 3392 ;
1186 3330 1313 3397 περὶ
1341 3327 1451 3380 τῶν
1474 3326 1733 3381 τοιούτων
1758 3327 1892 3399 γὰρ,

310 3419 478 3489 φησὶν
510 3420 540 3472 ό
578 3418 922 3482 ’Δπόστολος
964 3420 1107 3474 Ἐάν
1127 3437 1217 3485 τις
1246 3420 1510 3491 ἀδελφὸς
1536 3420 1892 3492 ὀνομαζόμε-

309 3529 420 3576 νος
456 3511 701 3580 πόρνος,
728 3510 766 3580 ﬁ
802 3512 1198 3581 πλεονέκτης,
1227 3512 1263 3581 ἢ
1299 3513 1763 3583 εἰδωλολάτρης,
1799 3516 1894 3570 καὶ

308 3600 379 3656 τὰ
404 3601 532 3672 ἑξῆς
553 3615 570 3631 ’
606 3600 688 3667 τῷ
710 3602 961 3666 τοιούτῳ
977 3600 1135 3671 μηδὲ
1153 3605 1525 3658 συνεσθίειν.

396 3693 714 3764 Ἐρώτησις
759 3692 837 3748 Θ’.
873 3723 942 3734 -—-
985 3695 1121 3765 Περὶ
1169 3695 1278 3747 τῶν
1327 3696 1735 3768 πρεσϐυτέρων,
1785 3697 1895 3752 τῶν

313 3786 673 3861 βεϐρωκότων
720 3786 861 3858 μετὰ
898 3786 1010 3841 τῶν
1042 3786 1332 3859 αἱρετικῶν
1361 3788 1508 3853 ἅπαξ
1536 3789 1631 3843 καὶ
1662 3789 1764 3854 δὶς,
1800 3789 1894 3843 καὶ

315 3880 393 3952 μὴ
418 3878 891 3950 κοινωνησάντων,
925 3879 959 3950 ἢ
994 3878 1454 3951 ὑπογραψάντων,
1480 3880 1514 3950 ἢ
1551 3880 1895 3952 συλλειτουρ-

310 3971 600 4043 γησάντων
620 3986 636 4001 ⁸
668 3972 718 4025 εί
754 3970 863 4045 χρὴ
901 3972 1028 4035 τοὺς
1059 3970 1338 4035 τοιούτους
1362 3972 1614 4042 δέχεσθαι
1653 3975 1733 4035 εἰς
1764 3990 1892 4024 συν-

310 4062 577 4131 ιστίασιν,
619 4063 715 4118 καὶ
740 4062 1085 4135 ψαλμῳδίαν,
1127 4064 1294 4134 χωρὶς
1336 4063 1629 4133 σφραγῖδος
1673 4063 1707 4134 ἢ
1753 4062 1895 4133 μετά

286 4204 289 4205 ν
312 4156 632 4226 σφραγῖδος.

393 4248 749 4316 Ἀπόκρισις.
771 4277 845 4290 --
877 4247 1004 4304 Ἐπὶ
1026 4247 1137 4302 τῶν
1160 4245 1418 4301 τοιούτων
1448 4245 1734 4319 τηρητέον,
1767 4247 1815 4300 εἰ
1840 4247 1892 4301 οί

312 4339 657 4417 βεϐρωκότες
692 4342 860 4412 ἱερεῖς
902 4339 1044 4412 μετά
1073 4341 1266 4410 ἱερέων
1306 4340 1600 4411 αἱρετικῶν
1628 4341 1662 4412 ἢ
1690 4341 1893 4395 λαῖκῶν

310 4432 537 4502 ἔφαγον,
574 4443 672 4487 καί⁵
695 4433 1145 4505 ὁμολογουμένων
1184 4433 1218 4503 ἢ
1252 4431 1725 4504 ὀρθοφρονούντων
1769 4434 1890 4503 μὲν,

2002 1932 2452 2002 ituprobandum.
2497 1932 2775 2005 Scriptum
2822 1936 2968 1991 enim
3018 1946 3104 1991 est
3136 1955 3149 1991 :
3180 1935 3329 1991 Alter
3366 1936 3590 1992 alterius

2002 2041 2165 2080 onera
2202 2034 2433 2094 portate,
2474 2035 2525 2080 et
2554 2027 2635 2080 sic
2664 2026 2952 2096 adimplete
2995 2026 3165 2097 legem
3196 2025 3395 2082 Christi
3422 2028 3489 2080 “.

2073 2210 2434 2283 Interrogatio
2464 2212 2601 2269 Vill.
2638 2240 2710 2254 -
2742 2212 2819 2270 De
2841 2213 3129 2270 monachis
3160 2213 3255 2285 qui
3280 2213 3592 2285 promiscue

2002 2317 2128 2359 cum
2167 2304 2345 2360 obviis
2380 2303 2720 2374 quibuslibet
2762 2305 3136 2369 conveniunt,
3174 2319 3395 2375 unaque
3431 2314 3593 2361 orant

2001 2409 2068 2451 ac
2091 2395 2275 2452 cibum
2309 2403 2538 2452 sumunt
2567 2411 2581 2449 :
2609 2404 2799 2450 utrum
2830 2394 2899 2450 ad
2932 2408 3281 2450 communem
3316 2395 3497 2452 cibum
3534 2404 3593 2452 et
3648 2471 3650 2473 γ

2001 2487 2364 2559 psalmodiam
2403 2486 2616 2542 admitti
2646 2486 2904 2543 debeant.

2075 2577 2391 2648 Responsio.
2416 2606 2489 2618 —-
2517 2577 2655 2631 Cum
2699 2576 2999 2648 Apostolus
3041 2575 3189 2633 dicat
3221 2595 3242 2633 ι
3273 2575 3342 2631 Ut
3370 2577 3590 2634 subtra-

2000 2671 2140 2725 hatis
2173 2687 2258 2726 vos
2289 2670 2355 2726 ab
2385 2671 2530 2725 omni
2558 2670 2730 2741 fratre
2754 2670 3064 2726 ambulante
3092 2671 3395 2726 inordinate
3414 2680 3465 2725 et
3484 2687 3591 2725 non

1999 2765 2287 2819 secundum
2316 2763 2659 2819 traditionem
2692 2780 2853 2834 quam
2899 2774 3215 2834 acceperunt
3254 2783 3286 2819 a
3322 2763 3474 2819 nobis
3499 2764 3587 2830 ";

1999 2858 2277 2927 quomodo
2321 2872 2431 2912 non
2460 2873 2529 2912 ex
2556 2857 2714 2913 vobis
2744 2857 2882 2927 ipsis
2910 2858 3057 2928 quod
3091 2857 3299 2913 bonum
3325 2866 3412 2913 est
3441 2856 3591 2927 judi-

1999 2950 2175 3004 catis?
2210 2948 2420 3020 Itaque,
2449 2950 2493 3004 si
2522 2964 2554 3004 a
2594 2964 2765 3020 prava
2813 2949 3218 3005 consuetudine
3250 2948 3587 3014 destiterint,

1998 3045 2425 3114 acceperintque
2452 3044 2868 3098 convenientem
2923 3044 3305 3113 pmnitentiam
3331 3081 3347 3109 ,
3384 3042 3588 3099 admit-

2000 3137 2148 3191 tendi
2178 3145 2330 3191 sunt.
2358 3136 2773 3192 Observandum
2802 3146 2988 3193 autem
3020 3145 3107 3193 est
3139 3137 3366 3207 quinam
3407 3136 3517 3193 sint
3550 3137 3589 3194 ii

1996 3246 2137 3302 quos
2167 3231 2375 3286 vocatis
2415 3231 2591 3284 obvios
2635 3231 2897 3302 quoslibet
2926 3246 2946 3285 :
2973 3246 3106 3285 num
3156 3231 3439 3298 haeretici,
3491 3240 3591 3287 aut

1996 3324 2176 3394 palam
2220 3322 2454 3392 culpatae
2495 3321 2661 3378 vitae?
2708 3322 2785 3377 De
2815 3323 3019 3379 talibus
3047 3324 3251 3395 quippe
3289 3322 3587 3395 Apostolus

1994 3417 2074 3471 ait
2101 3435 2115 3469 :
2148 3414 2208 3471 Si
2238 3416 2283 3468 is
2308 3416 2400 3485 qui
2428 3415 2597 3484 frater
2626 3416 2957 3479 nominatur,
3010 3424 3087 3470 est
3119 3416 3435 3486 fornicator,
3488 3425 3586 3472 aut

1995 3523 2211 3569 avarus,
2249 3514 2344 3561 aut
2377 3506 2545 3561 idolis
2574 3507 2828 3574 serviens,
2861 3517 2919 3562 et
2954 3522 3078 3577 quae
3098 3517 3440 3578 sequuntur;
3464 3525 3587 3564 eum

1995 3601 2261 3671 ejusmodi
2283 3617 2377 3656 nec
2405 3602 2580 3655 cibum
2608 3616 2815 3655 sumere
2837 3600 2904 3656 ".

2067 3692 2432 3765 Interrogatio
2460 3693 2554 3748 1x.
2589 3723 2661 3734 —
2691 3692 2770 3748 De
2791 3693 3131 3765 presbyteris
3163 3695 3259 3765 qui
3294 3696 3463 3751 semel
3490 3705 3588 3752 aut

1995 3784 2196 3841 iterum
2222 3801 2349 3841 cum
2381 3786 2657 3842 haereticis
2688 3786 2880 3841 cibum
2907 3797 3287 3856 sumpserunt,
3337 3803 3448 3843 non
3498 3798 3584 3845 ta-

1996 3891 2123 3932 men
2151 3877 2704 3933 communicaverunt
2729 3877 2819 3933 vel
2849 3879 3321 3949 subscripserunt,
3353 3891 3449 3935 aut
3475 3897 3583 3937 una

1997 3970 2170 4025 sacris
2201 3971 2414 4040 operati
2444 3982 2616 4026 sunt:
2646 3970 2830 4026 sintne
2891 3972 2957 4026 ad
3006 3986 3354 4028 communem
3399 3975 3583 4031 cibum

1995 4075 2051 4122 et
2090 4066 2459 4136 psalmodiam
2497 4066 2858 4134 admittendi,
2903 4067 3113 4138 absque
3147 4070 3585 4141 consignatione,

1994 4160 2082 4216 vel
2104 4175 2231 4216 cum
2261 4159 2707 4232 consignatione.

2068 4254 2384 4323 Responsio.
2410 4283 2480 4295 —
2518 4255 2579 4309 ln
2615 4256 2739 4311 istis
2769 4256 3174 4312 observandum
3204 4268 3290 4314 est
3312 4298 3328 4323 ,
3380 4275 3450 4314 an
3491 4275 3587 4315 sa-

1994 4347 2247 4403 cerdotes
2310 4347 2405 4417 qui
2469 4347 2661 4403 cibum'
2699 4358 3086 4418 sumpserunt,
3137 4364 3260 4404 cum
3318 4350 3587 4407 haereticis

1997 4439 2409 4513 sacerdotibus,
2471 4454 2541 4494 an
2588 4456 2713 4497 cum
2767 4440 2923 4497 laicis
2973 4443 3326 4513 sumpserint,
3361 4454 3415 4500 et
3451 4460 3585 4500 num

310 4524 715 4579 κοινωνούντων
734 4525 792 4580 δὲ
810 4527 925 4589 τοῖς
945 4527 1261 4597 αἱρετικοῖς.
1286 4526 1486 4591 Μεῖζον
1503 4525 1611 4596 γὰρ
1634 4525 1696 4579 τὸ
1718 4529 1895 4597 κρῖμα

1999 4547 2125 4589 cum
2163 4532 2234 4588 iis
2264 4532 2360 4604 qui
2415 4542 2562 4589 recte
2612 4533 2834 4605 quidem
2896 4535 3202 4602 sentirent,
3271 4538 3367 4591 sed
3431 4550 3587 4592 com-

310 4617 406 4671 ἐπὶ
449 4615 559 4669 τῶν
603 4616 941 4687 ἱερωμένων.
981 4615 1260 4687 Μετανοίᾳ
1298 4614 1355 4668 δὲ
1384 4614 1651 4686 ἀξιολόγῳ
1697 4615 1894 4669 ἐκατέ-

312 4726 443 4781 ρους
478 4709 840 4780 προσδεκτέον
890 4710 1221 4780 κοινωνῆσαι
1267 4708 1451 4772 αὐτοῖς
1492 4708 1640 4763 ἁλῶν
1676 4726 1766 4773 τε,
1799 4707 1895 4763 καὶ

310 4801 631 4873 προσευχῶν
678 4801 775 4875 [αι.
819 4802 996 4858 ἀλλων
1050 4819 1109 4855 τε
1156 4801 1499 4875 προσευχῶν]
1576 4802 1673 4856 καὶ
1720 4818 1893 4872 σφρα-

308 4893 479 4963 γῖδος.

397 4988 718 5055 Ἐρώτησις
766 4987 823 5043 ι’.
856 5018 927 5029 --
968 4989 1105 5059 Περὶ
1142 4986 1255 5042 τῶν
1303 4983 1741 5056 ύπογραψάντων
1795 5002 1891 5038 κο-

314 5080 529 5151 σμικῶν
582 5082 643 5134 έν
685 5084 751 5152 τῇ
792 5081 1005 5152 αἱρέσει
1056 5080 1152 5135 καὶ
1200 5081 1639 5133 κοινωνούντων
1692 5079 1741 5131 εί
1789 5077 1896 5150 χρὴ

310 5174 426 5236 τοῖς
452 5172 721 5235 τοιούτοις
747 5174 1035 5241 κοσμικοῖς
1075 5170 1395 5243 ὀρθοδόξους
1428 5170 1729 5242 κοσμικοὺς
1765 5186 1893 5224 συν-

310 5264 538 5321 εσθίειν.

396 5358 761 5428 Ἀπόκρισις.
785 5388 854 5399 -
896 5356 964 5412 Ἦ
989 5356 1305 5429 ἀδιαφορία,
1329 5356 1440 5412 τῶν
1482 5356 1672 5410 κακῶν
1710 5357 1772 5410 τὸ
1804 5358 1891 5411 αῖ-

309 5466 447 5504 τιον.
489 5449 815 5520 Ἀναμέσον
843 5447 974 5519 γὰρ,
1008 5449 1163 5521 φησὶ,
1184 5449 1447 5518 καθαροῦ
1484 5447 1584 5502 καὶ
1616 5448 1890 5515 βεϐήλου

310 5544 383 5597 οὐ
404 5541 781 5597 διέστελλον.
815 5541 935 5612 Χρὴ
965 5536 1080 5604 οὖν,
1114 5542 1273 5611 εἰπερ
1297 5539 1536 5611 ζηλωταί
1560 5540 1701 5594 εἰσιν
1729 5540 1778 5593 οἱ
1800 5539 1894 5610 ὀρ-

311 5634 673 5703 θοδοξοῦντες,
711 5634 787 5708 μὴ
818 5633 1139 5707 προσίεσθαι
1182 5634 1313 5699 τοὺς
1344 5633 1621 5698 τοιούτους
1651 5634 1734 5695 είς
1760 5648 1891 5687 συν-

2000 4625 2345 4680 municarent
2400 4639 2529 4681 cum
2592 4624 2890 4681 haereticis.
2942 4625 3118 4696 Majus
3169 4626 3318 4683 enim
3373 4629 3585 4686 crimen

1997 4726 2083 4772 est
2114 4716 2172 4771 in
2215 4718 2449 4773 sacratis
2494 4716 2835 4774 hominibus.
2874 4716 3107 4788 Utrique
3133 4733 3297 4789 porro
3319 4734 3443 4775 cum
3469 4736 3586 4793 pa:-

1997 4807 2233 4863 nitentia
2285 4807 2555 4878 condigna
2614 4809 2823 4878 suscipi
2868 4807 3101 4875 debent,
3146 4819 3201 4864 ct
3257 4810 3469 4866 admitti
3516 4814 3585 4869 ad

1997 4900 2450 4956 communionem
2482 4900 2637 4969 salis,
2675 4910 2730 4956 et
2761 4916 3013 4971 precum,
3044 4911 3098 4957 et
3129 4904 3582 4974 consignationis.

2075 4989 2435 5062 interrogatio
2469 4989 2540 5047 Χ.
2570 5021 2642 5031 --
2683 4993 2759 5047 De
2789 4993 3147 5048 saecularibus
3173 4996 3264 5062 qui
3304 4996 3360 5050 in
3391 4998 3587 5053 haeresi

1995 5079 2446 5150 subscripserunt
2469 5082 3059 5153 contmunicaruntque
3080 5103 3091 5135 :
3112 5096 3297 5139 utrum
3324 5102 3450 5142 cum
3478 5088 3589 5145 illis

1996 5172 2355 5230 szecularibus
2393 5174 2690 5231 saeculares
2742 5176 3083 5233 orthodoxos
3136 5178 3318 5233 cibum
3368 5196 3587 5238 sumere

1995 5266 2310 5319 conveniat.

2074 5355 2387 5428 Responsio.
2418 5390 2489 5400 —
2528 5358 2672 5415 Usus
2696 5361 3048 5430 promiscuus
3085 5377 3251 5417 causa
3299 5372 3383 5418 est
3409 5363 3585 5419 malo-

2000 5467 2146 5506 rum.
2182 5452 2275 5506 Ait
2306 5453 2455 5507 enim
2493 5470 2508 5507 :
2543 5451 2694 5509 Inter
2742 5456 2998 5511 mundum
3039 5465 3090 5510 et
3133 5456 3424 5525 profanum
3480 5475 3585 5513 non

2000 5542 2300 5599 habuerunt
2340 5545 2653 5600 distantiam
2684 5547 2751 5613 ιδ,
2794 5548 2985 5620 Itaque
3017 5549 3310 5604 orthodoxi
3361 5550 3584 5619 debent,

2001 5635 2047 5690 si
2076 5635 2194 5690 zelo
2215 5632 2470 5707 ﬂagrant,
2497 5637 2635 5694 tales
2670 5639 2738 5695 ad
2766 5654 3111 5697 communem
3144 5640 3327 5697 cibum
3356 5658 3463 5699 non
3483 5644 3583 5700 ad-

386 5817 425 5846 “
462 5815 641 5872 Galat.
680 5830 755 5885 tv,
792 5816 849 5872 2.
928 5818 968 5851 "
998 5816 1038 5874 ll
1066 5816 1260 5875 Thess.
1300 5834 1380 5887 tu,
1415 5818 1503 5890 6.”
1548 5819 1591 5896 l'
1615 5816 1639 5897 ~l
1667 5818 1805 5899 Cor.
1827 5834 1877 5885 ν,

1997 5856 2011 5899 ,η
2081 5819 2125 5899 [³
2154 5818 2352 5874 Elcch.
2390 5837 2524 5885 mi,
2560 5820 2651 5874 26.
