4102 6374
623 379 757 446 1651

1833 362 1894 424 S.
1925 355 2330 420 THEODORI
2378 350 2723 417 STUDIT/E

3712 345 3821 412 1652

620 503 858 564 mittere,
882 495 989 553 nisi
1011 493 1160 566 prius
1183 501 1376 562 poenas
1394 495 1493 555 pro
1519 479 1768 553 improba
1800 475 2206 546 subscriptione
2233 528 2234 533 η

2199 480 2281 535 ιΑ
2311 471 2574 535 εστίασιν,
2613 471 2661 523 εί
2719 466 2794 539 μὴ
2837 465 3106 536 πρότερον
3149 461 3293 534 ὑπὲρ
3339 459 3439 530 τῆς
3467 460 3685 532 πονηρᾶς
3718 463 3826 518 ὐπο-

617 592 873 651 detlerint
894 630 909 650 .
941 600 1110 657 seque
1163 584 1232 638 ab
1271 577 1529 635 haeretica
1562 569 1954 629 communione
1987 568 2206 622 abstra-

621 684 823 741 xerint.
858 680 963 737 Sed
999 675 1260 748 quoniam
1295 669 1464 740 aliqui
1500 665 1571 720 ob
1600 663 1910 733 angustias,
1945 659 2076 714 dum
2106 672 2204 728 pe-

621 776 800 833 ricula
845 773 1088 844 fugiunt,
1121 764 1378 822 heretica
1410 754 1798 814 communione
1837 751 2204 822 polluuntur:

625 870 749 933 bos,
786 840 933 922 casui
970 861 1175 917 factum
1234 856 1290 910 id
1337 866 1457 907 esse
1499 846 1828 905 conﬁtentes
1853 884 1868 908 ,
1899 851 2111 911 oportet
2140 840 2209 895 ad

626 959 940 1016 convictum
963 953 1254 1009 admittere
1288 965 1304 1002 :
1337 959 1449 1000 non
1483 950 1662 996 tamen
1705 935 2209 997 indiscriminatim,

628 1053 722 1108 sed
754 1046 1092 1121 indulgentia
1125 1041 1362 1112 quadam
1401 1033 1632 1104 tempori
1679 1029 2114 1092 acCommodata,
2157 1033 2214 1081 et

627 1161 750 1216 qua:
775 1119 1058 1210 utriusque
1074 1136 1262 1190 atierat
1279 1129 1737 1187 emolumentum,
1758 1139 1867 1178 non
1889 1129 2071 1176 autem
2096 1119 2218 1174 ani-

629 1249 732 1290 mae
761 1233 1170 1287 detrimentum.

711 1323 1063 1394 Interrogatio
1087 1319 1184 1374 XI.
1237 1348 1310 1358 —
1353 1315 1428 1371 De
1464 1313 1532 1370 iis
1559 1308 1656 1380 qui
1689 1306 1957 1378 baptizari
2003 1304 2216 1368 volunt,

631 1417 678 1470 si
713 1429 822 1469 non
859 1413 1168 1483 reperiatur
1223 1407 1483 1464 sacerdos
1525 1401 1870 1458 ortbodoxus
1918 1406 2014 1452 aut
2045 1395 2220 1451 incul—

633 1698 864 1742 tumeat.

706 1779 1022 1848 Responsio.
1061 1807 1133 1817 -—
1168 1771 1497 1843 llujusmodi
1526 1769 1764 1825 formula
1795 1766 1918 1822 istic
1948 1780 1977 1818 a
2009 1760 2228 1819 confes-

2304 565 2524 636 γραφῆς
2563 560 2942 632 ὲπιτιμηθεῖεν
2963 575 2976 588 ·
3013 554 3134 610 εἶτα
3161 556 3255 609 καὶ
3281 553 3594 623 ἀπόσχοιντο
3607 556 3693 625 τῆς
3705 557 3827 627 αἱρε-

2305 659 2466 726 τῑκῆς
2485 653 2792 716 κοινωνίας.
2819 650 3040 719 Ἐπειδὴ
3061 649 3116 701 δὲ
3146 645 3289 700 κατά
3314 645 3619 716 περίστασιν
3637 647 3830 717 φεύγον-

2307 767 2400 814 τες
2431 749 2556 810 τοὺς
2589 743 2890 809 κινδύνους,
2918 743 3230 814 χραίνονται
3264 741 3330 810 τῇ
3360 740 3598 810 αἱρετικῇ
3619 743 3834 814 κοινωνίᾳ

2308 841 2458 903 τινές
2479 857 2494 872 ο
2547 835 2948 910 ὁμολογοῦντας
3006 833 3105 905 τὴν
3167 831 3516 903 περιπέτειαν
3562 833 3648 883 καὶ
3699 851 3836 902 μετα.

2312 933 2568 994 νοοῦντας
2589 927 2952 1001 προσδεκτέον
2978 928 3058 987 είς
3079 923 3422 978 συνεστίασιν
3441 939 3456 954 ·
3482 922 3570 975 καὶ
3598 922 3734 976 τοῦτο
3757 926 3838 978 sint

2315 1025 2644 1094 ἀδιαφόρως,
2668 1021 2806 1078 ἀλλὰ
2827 1020 2971 1075 κατὰ
2989 1036 3112 1072 τινα
3163 1017 3227 1071 σύ
3237 1017 3435 1088 μὸασιν
3476 1019 3837 1089 περιστατικὴν,

2315 1119 2410 1171 καὶ
2456 1117 2729 1187 φέρουσαν
2773 1111 3030 1167 ἐντεῦθεν
3069 1110 3260 1181 κέρδος
3292 1108 3646 1180 ἀμφοτέροις,
3669 1110 3767 1162 ἀλλ’
3791 1113 3838 1164 (.6

2319 1207 2524 1280 ζημίαν
2555 1207 2819 1278 ψυχικήν.

2407 1298 2732 1367 Ἐρώτησις
2761 1297 2864 1350 lA'.
2893 1324 2964 1340 σ-
2985 1295 3123 1366 Περὶ
3153 1294 3260 1347 τῶν
3291 1291 3551 1346 θελόντων
3584 1291 3842 1365 βαπτισθῆ-

2321 1409 2432 1459 ναι,
2465 1392 2560 1446 ἐὰν
2594 1392 2668 1462 μὴ
2698 1390 2897 1462 εὑρεθῇ
2933 1385 3212 1458 όρθόδοξος
3255 1385 3458 1454 ἱερεὺς,
3502 1386 3533 1456 ἢ
3571 1385 3841 1455 ᾶμεμπτοςο

2199 1514 2224 1526 -
2324 1484 2374 1536 εί
2403 1481 2509 1552 χρὴ
2545 1479 2910 1551 βαπτισθῆναι
2943 1477 3052 1532 ὑπὸ
3079 1476 3188 1530 τῶν
3226 1474 3587 1528 κοινωθέντων
3613 1475 3791 1544 ἱερέων,
3817 1476 3842 1547 ἢ

2323 1573 2683 1646 ἀκηρύκτων·
2715 1570 2950 1642 μάλιστα
2971 1568 3068 1622 ἐὰν
3100 1567 3330 1629 θάνατος
3355 1564 3670 1636 κατεπείγῃ.

2411 1754 2768 1819 Ἀπόκρισις.
2789 1778 2860 1792 --
2875 1747 3060 1811 Τύπος
3077 1745 3316 1810 τοιοῦτος
3335 1744 3641 1816 ὲξεφωνήθη
3659 1746 3848 1802 ἐνταῦθα

639 1829 884 1931 scribtis,
920 1866 1216 1936 episcopis,
1252 1829 1312 1918 et
1359 1861 1668 1932 praepositis
1699 1855 2038 1929 promulgata
2087 1858 2172 1906 est
2203 1869 2218 1904 :

2203 1869 2218 1904 ;
2257 1829 2299 1882 Β
2327 1843 2482 1915 παρά
2513 1859 2571 1896 τε
2599 1839 2972 1912 ὁμολογητῶν,
3011 1837 3284 1910 ίεραρχῶν
3318 1855 3377 1892 τε
3420 1839 3514 1892 καὶ
3551 1839 3844 1912 καθηγουμέ-

637 1961 710 2016 iis
761 1958 1096 2031 presbyteris
1127 1994 1143 2019 ,
1201 1954 1298 2024 qui
1349 1962 1573 2024 prepter
1620 1948 2063 2006 communionem
2093 1956 2220 1999 cum

640 2051 938 2118 limi-elicis,
976 2064 1008 2103 a
1047 2048 1221 2103 sacris
1255 2046 1448 2101 oﬂiciis
1491 2042 1701 2099 exclusi
1755 2050 1923 2106 sunt,
1977 2034 2218 2107 permitti

642 2152 724 2206 nt,
771 2142 816 2197 si
847 2155 954 2195 non
990 2140 1304 2193 inveniatur
1343 2135 1602 2191 sacerdos
1651 2132 1943 2200 inculpatae
1977 2127 2122 2192 ﬁdei,
2169 2134 2225 2180 et

643 2234 946 2304 baptizent,
977 2239 1033 2284 et
1059 2237 1404 2283 sacramenta
1431 2225 1653 2279 tradant
1682 2240 1696 2276 :
1731 2235 1854 2292 quae
1896 2233 1993 2288 per
2039 2231 2226 2270 sacer-

645 2328 826 2381 dotem
879 2323 1108 2378 minime
1154 2321 1327 2390 culpze
1385 2319 1600 2372 attinent
1637 2321 1954 2368 consecrata
1999 2309 2222 2365 fuerint.

649 2419 906 2472 Habitum
938 2428 1164 2486 quoque
1199 2410 1571 2466 monasticum
1607 2408 1758 2471 dent,
1806 2421 1872 2460 ac
1913 2417 2104 2474 preces
2147 2401 2229 2454 fa-

646 2509 796 2564 ciant
835 2507 889 2560 in
919 2504 1217 2573 exsequiis,
1242 2511 1295 2556 et
1320 2499 1676 2568 Evangelinm
1713 2499 1766 2551 in
1792 2493 2072 2550 matutinis
2097 2504 2228 2561 pro-

651 2598 924 2662 nuntient,
952 2603 1008 2650 et
1042 2609 1240 2662 aquam
1269 2589 1754 2658 Theophaniorum
1789 2582 2134 2646 benedicant,
2168 2587 2230 2634 ut

649 2687 858 2742 dictum
887 2693 992 2750 est,
1021 2697 1153 2737 cum
1177 2695 1362 2736 rerum
1393 2677 1659 2748 angustiae
1699 2683 1896 2744 urgent
1930 2689 1944 2726 :
1980 2685 2094 2740 quo
2131 2683 2229 2738 p0—

652 2781 766 2852 puli
793 2795 900 2834 non
940 2783 1298 2849 permaneant
1330 2784 1560 2842 prorsus
1585 2769 1794 2836 absque
1823 2762 2101 2833 Evangelii
2133 2776 2232 2816 au-

651 2851 882 2928 ditione,
923 2863 1261 2929 minimeque
1295 2859 1578 2928 baptizati.
1621 2855 1680 2910 Si
1723 2869 1855 2924 ergo
1887 2853 2040 2908 vobis
2063 2851 2230 2906 etiam

650 2961 825 3030 placet
857 2958 976 3012 haec
1025 2953 1288 3016 formula,
1348 2951 1461 3007 illis
1486 2963 1708 3020 quoque
1767 2947 1822 3001 in
1861 2945 1999 3000 locis
2045 2943 2206 2998 obser

652 3061 778 3107 Vt‘lll
789 3067 832 3106 Γ.

730 3137 1085 3209 Interrogatio
1132 3135 1250 3190 XII.
1277 3165 1348 3176 -—
1383 3133 1457 3188 De
1497 3133 1571 3186 iis
1609 3130 1704 3200 qui
1743 3144 1840 3200 per
1867 3126 2113 3182 schisma
2143 3139 2235 3180 se-

621 3243 966 3298 cesserunt,
994 3240 1050 3286 et
1078 3227 1408 3302 panitentia
1458 3225 1605 3281 ducti
1661 3229 1966 3280 accurrunt
2003 3237 2019 3274 :
2055 3227 2241 3274 utrum

653 3326 820 3389 nobis
847 3326 1011 3380 liceat
1036 3322 1392 3393 paenitentiae
1425 3317 1626 3374 talibus
1649 3314 1956 3386 injungere,
1979 3321 2076 3366 aut
2094 3312 2244 3382 ipsos

655 3419 958 3488 suscipere.

728 3510 1041 3580 Responsio.
1073 3535 1148 3548 ——
1184 3504 1307 3560 Jam
1365 3503 1418 3556 in
1481 3498 1861 3570 superioribus
1905 3496 2243 3552 declaratum

655 3611 764 3667 est,
827 3599 1038 3672 iniungi
1095 3599 1342 3654 debere:
1393 3611 1458 3650 ac
1501 3590 1841 3664 superﬂuum
1874 3599 1976 3654 est,
2011 3591 2245 3659 itilpsutﬂ

659 3697 746 3752 bis
771 3703 1036 3748 retexere.

731 3784 1093 3856 Interrogatio
1148 3781 1294 3837 Xill.
1340 3808 1414 3820 —
1459 3777 1517 3833 Si
1579 3775 1873 3847 episcopus
1935 3775 1992 3829 in
2039 3772 2246 3828 crimen

661 3878 880 3948 iapsusl,
928 3891 956 3930 a
1017 3874 1229 3946 synodo
1275 3870 1562 3942 depositus
1609 3869 1796 3930 fuerit,
1845 3876 2035 3937 postea
2065 3872 2249 3919 tamen

662 3971 1041 4042 presbyterum
1101 3963 1484 4028 ordinaverit;
1541 3961 1645 4017 iste
1705 3969 1887 4014 autem
1943 3956 2248 4026 presbyter,

662 4071 956 4135 postquam
989 4060 1047 4114 in
1077 4056 1473 4114 monasterium
1521 4053 1752 4118 venerit,
1801 4047 2178 4120 paenitentiam
2217 4060 2250 4100 a

663 4170 768 4212 suo
798 4153 1094 4225 praeposito
1134 4148 1412 4220 acceperit
1443 4146 1511 4201 ad
1552 4155 1789 4215 tempus,
1835 4151 1888 4197 et
1935 4152 2122 4210 postea
2160 4153 2252 4194 sa—

663 4246 910 4302 certlotio
964 4244 1188 4298 functus
1250 4241 1370 4295 sit:
1419 4237 1604 4293 doceri
1654 4233 1960 4304 expetimus
1996 4247 2065 4286 an
2098 4230 2250 4301 ejus-

664 4337 814 4392 modi
842 4334 1209 4397 sacerdotem,
1237 4333 1286 4388 si
1320 4330 1631 4401 inculpatus
1658 4336 1764 4391 est,
1792 4321 2253 4395 suscipereOpor-

666 4435 806 4487 teat.

737 4606 1049 4676 Responsio.
1079 4631 1150 4646 -—
1178 4603 1316 4660 Cum
1370 4599 1663 4655 manifesta
1699 4595 1774 4651 sit
1803 4592 2116 4650 absurditas
2135 4633 2150 4657 ,
2181 4605 2251 4645 ne

669 4699 1156 4771 interrogationem
1215 4696 1438 4768 quidem
1490 4709 1521 4748 a
1567 4691 1723 4746 vobis
1781 4691 1848 4744 de
1880 4689 1986 4743 hoc
2030 4686 2258 4743 crimine

669 4792 790 4848 tieri
847 4791 1110 4863 oportuit.
1170 4787 1317 4842 Dixit
1347 4787 1551 4858 quippe
1595 4783 1851 4839 Christus
1887 4799 1901 4835 :
1934 4778 2060 4833 Non
2087 4785 2258 4848 potest

671 4883 834 4936 arbor
897 4880 1047 4934 mala
1101 4877 1308 4947 fructus
1354 4877 1516 4931 bonos
1576 4871 1836 4945 facere”.
1909 4866 2118 4938 Itaque,
2149 4881 2260 4921 non

670 4970 802 5042 quia
835 4985 866 5024 a
897 4968 1124 5039 proprio
1171 4967 1491 5038 praeposito,
1523 4965 1617 5020 sed
1651 4976 1830 5032 neque
1866 4959 1914 5016 si
1948 4975 1980 5014 a
2005 4957 2262 5030 quopiam

673 5072 888 5127 sancto,
917 5061 1300 5131 paenitentiam
1341 5059 1636 5129 acceperit,
1682 5059 1807 5112 ideo
1837 5061 2050 5111 sonitus
2081 5059 2167 5108 est
2205 5058 2267 5106 ut

674 5169 894 5211 sacrum
948 5151 1130 5208 facere
1172 5152 1364 5223 possit.
1417 5149 1606 5222 Neque
1634 5150 1780 5206 enim
1826 5148 1946 5219 ipse
1972 5145 2254 5211 sacerdos,

675 5263 854 5318 neque
885 5246 978 5317 qui
1001 5245 1187 5310 solvit,
1226 5254 1454 5300 sanctus
1491 5263 1505 5298 :
1551 5243 1810 5314 quoniam
1841 5242 1924 5298 sic
1943 5255 2136 5296 omnes
2165 5255 2257 5294 ca-

676 5338 894 5424 nonicae
962 5338 1388 5394 constitutiones
1453 5335 1837 5392 subvertentur
1908 5348 1974 5389 ac
2023 5331 2259 5404 disperi-

677 5437 834 5490 bunt.

757 5555 801 5588 "
825 5554 1017 5610 Matth.
1042 5569 1145 5618 vn,
1184 5551 1274 5606 17.

2325 1953 2433 1988 νων
2460 1950 2475 1965 ο
2500 1934 2626 1996 τοὺς
2651 1935 2770 2004 είρη
2781 1932 2973 1998 μένους
3000 1929 3421 2002 ’πρεσϐυτέρους
3443 1930 3543 2000 τῆς
3563 1931 3847 2004 λειτουργίας

2329 2025 2418 2078 διὰ
2459 2026 2560 2094 τὴν
2594 2021 3219 2094 αἱρετικὴν-κοινωνίαν,
3251 2023 3666 2094 συγχωρεῖσθαι,
3697 2025 3758 2094 μὴ
3780 2025 3848 2078 εὑ-

2333 2117 2661 2190 ρισκομένου
2706 2115 3056 2186 σεσωσμένον
3093 2115 3304 2187 ἱερέως,
3331 2117 3428 2169 καὶ
3468 2115 3749 2185 βαπτίζειν,
3777 2119 3849 2170 καὶ

2334 2210 2676 2281 μεταδιδόναι
2718 2207 2826 2261 τῶν
2859 2208 3217 2278 ἀγιασμάτων
3255 2207 3743 2278 προτετελεσμένων
3778 2211 3850 2263 καὶ

2332 2300 2393 2366 ἐξ
2415 2301 2725 2373 ἁκρατήτου
2765 2298 2828 2372 [ί.
2865 2298 3165 2372 ἀχράντου]
3205 2300 3418 2370 ἱερέως.
3457 2299 3644 2372 Σχῆμά
3664 2317 3715 2352 τε
3741 2301 3850 2353 διδό-

2333 2411 2422 2448 ναι
2468 2392 2726 2465 μοναχοῦ,
2773 2393 2944 2463 εὐχήν
2984 2409 3044 2445 τε
3100 2392 3379 2446 ποιεῖσθαι
3437 2391 3531 2446 ἐπὶ
3589 2391 3849 2462 ἐκκομιδῆς,

2335 2485 2669 2555 Εὐαγγέλιόν
2694 2501 2757 2538 τε
2786 2486 3051 2554 ὲκφωνεῖν
3082 2486 3177 2539 ἐπὶ
3200 2484 3422 2554 δρθρου,
3450 2484 3546 2538 καὶ
3572 2484 3628 2536 τὸ
3651 2485 3744 2536 τῶν
3756 2485 3853 2537 Θεο-

2335 2581 2542 2650 φανίων
2575 2579 2714 2651 ὕδωρ
2741 2579 3005 2648 εὐλογεῖν,
3030 2579 3106 2643 ὡς
3129 2580 3364 2650 εἴρηται,
3393 2576 3538 2631 κατά
3560 2577 3849 2648 περίστασιν·

2335 2673 2424 2728 διὰ
2482 2673 2544 2726 τὸ
2595 2672 2670 2744 μὴ
2729 2670 3087 2741 ὲναπομένειν
3148 2672 3274 2733 τοὺς
3340 2669 3507 2732 λαοὺς
3565 2669 3852 2722 παντάπασιν

2337 2764 2605 2836 ἀνηκόους
2635 2762 2729 2816 τοῦ
2771 2763 3130 2832 Εὐαγγελίου,
3159 2763 3259 2816 καὶ
3299 2763 3656 2830 ἀφωτίστους.
3697 2760 3749 2814 Et
3785 2755 3852 2814 οἷον

2339 2855 2665 2926 συναρέσκει
2704 2855 2856 2924 ὑμῖν,
2889 2855 3164 2926 κρατείτω
3195 2856 3224 2908 ό
3251 2853 3496 2918 τοιοῦτος
3519 2854 3676 2918 τύπος
3715 2854 3791 2906 καὶ
3809 2853 3853 2905 ὲν

2337 2952 2452 3012 τοῖς
2488 2949 2652 3002 αύτόθ
2662 2967 2698 3002 ι.

2426 3141 2748 3212 Ἐρώτησις
2773 3138 2874 3195 lB'.
2905 3140 3134 3210 -Περὶ
3181 3139 3292 3193 τῶν
3343 3138 3741 3211 ἀποσχισὼτων
3788 3137 3857 3191 καὶ

2343 3235 2410 3305 τῇ
2454 3233 2716 3303 μετανοίᾳ
2771 3231 3218 3304 προστρεχόντων
3243 3247 3258 3262 ο
3291 3233 3341 3284 ei
3386 3231 3596 3296 ἔξεστιν
3635 3233 3749 3302 ἡμῖν
3777 3231 3858 3291 τοῖς

2343 3321 2608 3386 τοιούτοις
2639 3321 2892 3392 ἐπιτίμια
2921 3321 3144 3388 διδόναι,
3171 3321 3206 3393 ἦ
3247 3322 3507 3393 δέχεσθαι
3530 3323 3729 3386 αὐτούς.

2429 3499 2795 3567 Ἀπόκρισις.
2821 3527 2892 3539 -
2919 3499 3056 3570 Ἤδη
3112 3500 3171 3554 ὲν
3221 3502 3335 3564 τοῖς
3402 3501 3652 3570 ἀνωτέρω
3679 3499 3860 3570 δεδήλωο

2347 3611 2459 3660 ται,
2489 3594 2573 3648 ὅτι
2596 3593 2702 3666 χρὴ
2729 3591 2930 3646 διδόναι
2955 3608 2970 3624 ο
2995 3593 3090 3646 καὶ
3109 3593 3408 3664 παρέλκον,
3441 3595 3523 3658 δὶς
3549 3593 3608 3648 τὸ
3639 3594 3751 3648 αὐτὸ
3772 3593 3863 3645 ἐπι-

2348 3686 2606 3740 κυκλοῦν.

2433 3779 2757 3846 Ἐρώτησις
2790 3779 2885 3843 ΠΥ.
2921 3806 2994 3817 -
3028 3776 3146 3831 Κᾶν
3183 3776 3491 3841 ἐπίσκοπος
3548 3777 3625 3840 είς
3666 3775 3865 3844 ἔγκλημα

2351 3868 2688 3940 περιπεσὼν,
2721 3869 2827 3922 ὑπὸ
2852 3869 3072 3924 συνόδου
3103 3869 3434 3941 καθαιρεθῇ,
3457 3864 3575 3922 εἶτα
3599 3869 3743 3922 πάλιν
3762 3867 3866 3937 μετὰ

2351 3961 2676 4028 καθαίρεσιν
2741 3963 3093 4034 χειροτονήσῃ
3156 3961 3532 4033 πρεσϐύτερον
3553 3977 3566 3992 ’
3601 3964 3629 4016 ό
3659 3961 3709 4014 δὲ
3747 3959 3867 4020 αὐτὸς

2353 4053 2626 4125 πρεσϐύτε
2639 4071 2726 4125 ρος
2757 4055 2816 4105 ὲν
2849 4052 3200 4123 μοναστηρίῳ
3229 4054 3688 4124 παραγενόμενος,
3703 4048 3865 4104 tittme

2357 4145 2488 4199 ίδίου
2517 4145 2827 4216 ἡγουμένου
2867 4144 3089 4216 δέξηται
3131 4145 3408 4215 ἐπιτίμιον
3443 4145 3579 4218 πρὸς
3604 4145 3769 4216 χρόνον
3794 4140 3865 4213 [aL

2355 4237 2461 4307 πρὸ
2489 4237 2722 4307 χρόνων,
2757 4235 2878 4304 jam
2909 4234 3170 4306 pridem},
3210 4237 3308 4288 καὶ
3365 4238 3509 4304 μετά
3546 4235 3705 4288 ταῦτα
3758 4235 3868 4300 ἐνερ-

2353 4332 2425 4400 γῇ
2483 4331 2540 4382 ἐν
2589 4331 2654 4399 τῇ
2700 4327 3007 4400 ἱερωσύνῃο
3065 4330 3116 4380 εἰ
3161 4329 3267 4399 χρὴ
3306 4328 3558 4399 δέχεσθαι
3617 4329 3698 4381 τὸν
3732 4322 3867 4378 τοιοῦ-

2355 4438 2449 4475 τον
2515 4423 2684 4492 ἱερέα,
2745 4423 2795 4474 εἰ
2853 4420 3191 4492 ἀνέγκλητός
3239 4422 3396 4485 ἔστι,
3448 4420 3744 4492 διδαχθῆναι
3787 4415 3870 4468 δεό-

2275 4528 2324 4588 ι)
2354 4514 2513 4587 μεθα.

2439 4603 2802 4672 Ἀπόκρισις.
2822 4632 2894 4643 -
2923 4603 3240 4674 Προφανοῦς
3288 4601 3461 4675 οὔσης
3528 4603 3624 4672 τῆς
3655 4599 3870 4661 ἀτοπίας,

2357 4695 2478 4748 οὐδὲ
2507 4695 2856 4767 ἐπερωτῆσαι
2884 4695 3030 4766 ὑμᾶς
3065 4695 3233 4766 ἐχρῆν
3278 4697 3410 4767 περὶ
3447 4695 3543 4749 τοῦ
3570 4691 3783 4748 τοιούτου
3806 4691 3871 4758 ὲγ·

2360 4786 2661 4857 κλήματος.
2695 4787 2900 4859 Εἵρηκε
2933 4788 3046 4858 γὰρ
3071 4790 3099 4842 ὁ
3133 4788 3388 4859 Χριστός
3427 4791 3511 4843 Οὐ
3541 4788 3765 4842 δύναται
3792 4799 3874 4837 σα-

2361 4880 2516 4947 πρὸν
2551 4877 2806 4945 δένδρον
2851 4877 3120 4946 καρποὺς
3155 4877 3384 4944 καλοὺς
3413 4877 3625 4931 ποιεῖν.
3655 4876 3790 4927 Ὥστε
3803 4871 3875 4939 οὐχ

2361 4971 2443 5023 ὅτι
2474 4969 2580 5020 ὑπὸ
2604 4968 2698 5021 τοῦ
2734 4967 2865 5021 ἰδίου
2932 4967 3262 5038 ἡγουμένου,
3291 4967 3431 5021 ἀλλά
3476 4968 3578 5020 κᾶν
3625 4965 3720 5019 ὑπὸ
3758 4960 3874 5028 ἁγίω

2363 5055 2529 5122 τινὸς,
2572 5055 2920 5127 ἐπιτιμηθεὶς
2960 5058 2989 5108 ό
3041 5055 3283 5120 τοιοῦτος
3316 5057 3642 5109 ἀπολέλυται
3676 5053 3754 5106 τοῦ
3795 5051 3872 5101 λει-

2366 5151 2638 5218 τουργεῖν.
2684 5149 2798 5217 Οὐχ
2843 5147 3056 5218 ἱερεύς,
3096 5148 3217 5202 οὐδὲ
3263 5149 3290 5202 ό
3327 5149 3527 5212 λύσας,
3571 5149 3743 5216 ᾶγιο;’
3786 5139 3875 5196 ἐπεὶ

2364 5241 2507 5295 οὔτω
2523 5241 2997 5312 περιτραπήσεται
3011 5241 3194 5296 πάντα
3209 5241 3464 5295 κανονικὰ
3480 5238 3872 5313 παραγγέλματα,

2367 5339 2464 5392 καὶ
2489 5338 2774 5406 οἰχήσεται
2805 5335 2938 5405 (ii).

2231 5631 2461 5689 NOTAE.

756 5737 1042 5817 (1|).ng
1073 5733 1586 5817 sequunturﬁltujus
1615 5729 1884 5817 epistolae,
1918 5745 2026 5784 non
2061 5739 2278 5817 exstant
2383 5726 2666 5817 §irrnondi
2709 5736 2763 5782 et
2791 5725 3086 5783 Frontonis
3127 5725 3330 5794 Ducaai,
3369 5736 3478 5784 tum
3516 5734 3572 5783 et
3609 5727 3660 5780 in
3691 5718 3877 5778 editione

687 5799 973 5866 iu'cod‘tcc
1005 5799 1177 5878 Regio
1215 5824 1271 5862 n.
1305 5805 1462 5871 1987,
1488 5799 1584 5862 sed
1602 5799 1821 5858 esstant
1851 5805 1908 5873 in
1941 5801 2285 5871 apographis.
2382 5799 2664 5856 Cotelerii.
3201 5819 3208 5830 ε
