4102 6374
309 295 449 364 1653

1502 285 2035 351 EPISTOLARUM
2080 285 2231 347 LIB.
2271 287 2352 346 II.

3417 279 3551 346 1655
3638 287 3642 292 ’

387 405 704 476 Ἐρώτησις
734 401 831 460 1Δ’.
868 434 936 447 --
971 403 1109 476 Περὶ
1159 401 1270 456 τῶν
1326 399 1718 474 πρεσϐυτέρων
1763 398 1875 452 τῶν

2049 394 2404 466 Interrogatio
2435 391 2756 450 XlV.—-De
2784 393 3114 465 presbyteris
3169 392 3264 464 qui
3299 394 3552 452 similiter

307 499 415 553 ὑπὸ
448 496 745 570 δρθοδόξων
783 495 1289 568 χειροτονηθέντων,
1337 492 1410 564 μὴ
1437 491 1872 563 ὑπογραψάντων

307 591 387 651 δὲ.
442 588 577 661 μηδὲ
632 587 1096 659 κοινωνησάντων,
1150 585 1545 654 ωμφαγὸντων
1602 581 1660 635 δὲ
1713 582 1874 653 μόνον

311 682 449 754 μετὰ
481 679 784 751 Γρηγορίου
814 678 908 733 τοῦ
942 676 1364 749 μητροπολίτου.

393 771 760 839 Ἀπόκρισις.
792 799 863 810 ——-
904 769 992 822 ’Ev
1011 770 1126 830 τοῖς
1149 765 1408 838 ἀνωτέρω
1420 765 1822 838 πρ[ο]απεδόθη
1847 766 1876 818 ὁ

310 864 439 934 περὶ
466 860 660 915 τούτου
696 861 874 928 λόγος.
927 860 1054 913 Εἴτε
1102 858 1196 912 οὖν
1223 859 1359 928 μετά
1401 858 1734 929 Γρηγορίου,
1764 856 1876 910 εἴτε

313 949 430 1021 μεθ’
457 949 571 1002 οἴου
592 951 792 1022 δήποτε
821 947 932 1000 τῶν
955 947 1302 1018 ἑτεροδόξων,
1329 949 1362 1017 ἡ
1407 947 1750 1010 συνεστίασις
1779 945 1876 1014 γέ-

308 1057 471 1110 γονε·
506 1039 764 1109 μετανοίᾳ
821 1036 1085 1108 ἀξιολόγῳ
1139 1039 1167 1090 ό
1207 1035 1580 1099 συνεστιαθεὶς
1633 1035 1730 1088 τοῦ
1781 1025 1878 1104 έγ-

309 1131 586 1201 κλήματος
629 1126 980 1192 ἀπολέλυται,
1024 1127 1084 1180 ού
1139 1127 1299 1197 μόνον
1349 1127 1485 1198 πρὸς
1535 1125 1878 1180 συνεστίασιν

308 1221 418 1273 τῶν
467 1217 924 1288 πεφυλαγμένων,
967 1216 1101 1271 ἀλλά
1145 1219 1242 1271 καὶ
1288 1217 1424 1290 πρὸς
1466 1218 1533 1288 ἢν
1569 1217 1880 1289 ἠξιώθησαν

313 1310 631 1383 ἱερωσύνην.
665 1309 740 1362 Τὸ
761 1309 818 1362 δὲ
847 1307 1044 1379 μέτρον
1065 1307 1161 1362 τοῦ
1204 1309 1484 1378 ὲπιτιμίου
1544 1311 1605 1362 οὐ
1657 1309 1881 1362 δυνατὸν

311 1403 637 1474 ὡρισμένως
669 1399 1014 1464 ὑποϐάλλειν,
1043 1399 1132 1453 διὰ
1181 1400 1442 1470 ποιότητα
1468 1401 1562 1454 καὶ
1586 1400 1880 1472 προσώπου

311 1497 407 1551 καὶ
431 1495 634 1564 τρόπου
660 1507 675 1523 ⁸
707 1492 849 1546 ῶστε
879 1493 936 1547 ὲν
979 1491 1130 1544 δυσὶν
1160 1491 1194 1561 ἢ
1231 1491 1382 1563 τρισὶ
1417 1491 1882 1560 τεσσαρακοσταῖς

310 1586 600 1660 ἀρκεῖσθαι
626 1585 718 1638 τὸν
743 1583 1158 1655 ἐπιτιμηθέντα.

1975 486 2046 542 ab
2065 485 2386 542 orthodoxis
2407 484 2642 540 ordinati
2660 492 2808 547 sunt,
2827 491 2881 537 et
2896 497 3074 552 neque
3086 481 3552 552 subscripserunt,

1976 594 2154 648 neque
2171 578 2670 640 communicarunt,
2697 575 2791 631 sed
2812 576 3079 630 duntaxat
3102 575 3284 631 cibum
3309 591 3557 646 sumpse-

1978 680 2108 725 runt
2135 686 2258 725 cum
2297 669 2559 740 Gregorio
2584 667 2950 737 metropolita.

2045 756 2350 827 Responsio.
2376 787 2448 798 -—
2487 755 2608 810 Jam
2644 755 2698 810 'm
2730 754 3110 823 superioribus
3151 753 3223 809 de
3252 754 3354 809 ista
3383 769 3442 811 re
3475 755 3555 810 lex

1975 858 2062 904 est
2112 849 2334 904 tradita.
2395 849 2526 904 Sive
2579 847 2744 918 igitur
2785 861 2910 901 cum
2969 844 3259 917 Gregorio,
3295 849 3410 903 sive
3435 863 3558 902 cum

1977 941 2224 1013 quolibet
2267 955 2338 996 ex
2388 939 2737 996 heterodoxis
2780 940 2937 996 cibus
2989 949 3240 1007 sumptus
3292 938 3404 1003 sit;
3465 939 3560 1010 qui

1979 1034 2298 1106 sumpserit,
2327 1049 2357 1089 a
2385 1033 2618 1089 crimine
2681 1049 2774 1102 per
2821 1031 3201 1102 pwnitentiam
3260 1045 3561 1101 congruam

1980 1129 2230 1193 solvitur,
2282 1140 2392 1182 non
2448 1127 2612 1180 modo
2667 1135 2727 1179 ut
2784 1141 2910 1180 cum
2959 1125 3025 1178 iis
3063 1123 3156 1193 qui
3187 1137 3244 1179 se
3275 1123 3554 1180 immunes

1981 1191 2154 1292 culpae
2188 1227 2499 1284 servarunt,
2527 1218 2708 1273 cibum
2751 1227 2950 1280 sumat,
2979 1218 3072 1272 sed
3096 1216 3261 1270 etiam
3292 1225 3353 1269 ut
3380 1230 3564 1271 sacer-

1983 1313 2135 1369 dotio
2161 1327 2272 1382 quo
2298 1311 2592 1379 insignitus
2614 1319 2696 1366 est
2719 1308 2995 1376 fungatur.
3019 1307 3360 1364 Pwnitentiae
3383 1315 3564 1361 autem

1983 1404 2208 1458 modum
2269 1403 2488 1458 delinite
2547 1403 2840 1472 subjicere,
2897 1416 3008 1456 non
3067 1410 3152 1455 est
3201 1400 3462 1470 possibile
3497 1399 3568 1454 ob

1983 1495 2305 1563 qualitatem
2343 1508 2594 1563 personae
2633 1501 2688 1550 et
2713 1508 2928 1548 morum
2960 1511 2973 1548 :
3018 1492 3092 1547 ita
3127 1500 3186 1546 ut
3214 1491 3429 1546 duabus
3465 1492 3568 1544 tri-

1986 1587 2158 1643 busve
2254 1586 2687 1658 quadragesimis
2775 1587 3061 1642 multatum
3156 1584 3331 1642 fuisse
3417 1585 3568 1640 sulli-

1985 1679 2128 1734 ciat.’

399 1763 722 1835 Ἐρώτησις
751 1761 851 1818 lE'.
885 1791 938 1802 —
959 1762 1095 1833 Περὶ
1120 1761 1510 1833 πρεσϐυτέρων
1557 1761 1755 1832 ὁμοίως
1779 1761 1884 1816 ὑπὸ

2056 1768 2416 1840 Interrogatio
2447 1768 2564 1824 XV.
2595 1800 2667 1810 ——
2697 1767 2771 1824 De
2799 1767 3134 1842 presbyteris
3175 1769 3264 1838 qui
3321 1769 3574 1825 similiter

312 1858 612 1932 δρθοδόξων
649 1855 1156 1928 χειροτονηθέντων,
1181 1855 1276 1910 καὶ
1313 1855 1456 1909 κατά
1486 1855 1712 1924 ἄγνοιαν
1747 1871 1884 1924 συμ-

315 1951 597 2022 φαγὸντων
655 1948 794 2020 μετά
822 1947 1213 2021 πρεσϐυτέρων
1246 1947 1603 2020 βεϐρωκύτων
1625 1947 1764 2018 μετά
1788 1945 1883 2000 τοῦ

313 2041 480 2099 αὐτοῦ
509 2038 942 2112 ,μητροπολίτοω
1035 2040 1041 2048 ’

401 2133 768 2201 Ἀπόκρισις.
797 2159 870 2174 -
898 2130 1214 2203 Γέγραπται
1240 2149 1255 2162 ο
1281 2129 1414 2188 Πᾶν
1448 2131 1518 2186 τὸ
1557 2131 1629 2186 ἐν
1655 2131 1885 2202 ἀγνοίᾳ,

316 2223 848 2295 καθαρισθήσεται.
876 2225 1040 2278 Ὥστε
1063 2225 1309 2298 ἀνένοχοί
1339 2227 1446 2280 εισι
1471 2225 1675 2290 παντὸς
1707 2226 1888 2278 ἐπιτι-

319 2317 468 2389 μίου.
1855 2359 1858 2362 .

401 2410 730 2480 Ἐρώτησις
758 2410 880 2476 lq'.
911 2437 982 2450 -——
1002 2407 1139 2480 Περὶ
1155 2405 1550 2478 πρεσϐυτέρων
1570 2405 1889 2477 όρθοδόξων,

317 2501 488 2574 ἠγουν
521 2500 845 2570 Ἱλαρίωνος,
873 2499 966 2552 καὶ
995 2497 1332 2570 Εὐστρατίου
1371 2497 1607 2570 μοναχοῠ
1626 2514 1641 2530 ο
1659 2496 1728 2553 ἂν
1759 2497 1896 2570 έχω-

321 2610 408 2648 σιν
441 2591 691 2658 ἐξουσίαν
715 2589 811 2644 τοῦ
835 2591 1037 2646 διδόναι
1061 2589 1329 2660 ἐπιτίμια.

404 2686 771 2755 Ἀπόκρισις.
805 2714 876 2728 ——
903 2685 1240 2756 Προείρηται
1292 2685 1396 2740 κάν
1451 2687 1564 2750 τοῖς
1614 2682 1891 2756 ἀνωτέρω,

321 2780 405 2835 δτι
433 2776 548 2853 χρὴ⁴
568 2775 794 2831 διδόναι.
827 2774 1052 2847 Ἐπειδὴ
1083 2775 1142 2829 δὲ
1163 2777 1422 2848 ἐμφαίνει
1455 2777 1490 2848 ἡ
1521 2775 1809 2848 ἐρώτησις,
1846 2773 1896 2827 εί

321 2871 403 2926 δεῖ
431 2871 523 2924 καὶ
549 2870 641 2923 τὸν
666 2867 742 2940 μὴ
766 2867 963 2939 ἔχοντα
991 2867 1316 2939 ἱερωσύνην,
1349 2867 1550 2922 διδόναι
1590 2866 1734 2921 κατὰ
1758 2865 1898 2920 ἀπο-⁸

327 2962 450 3035 ρίαν
472 2959 880 3032 πρεσϐυτέρων,
919 2959 1018 3014 καὶ
1055 2959 1240 3014 πίστιν
1284 2958 1382 3013 τοῦ
1411 2958 1727 3030 προσιόντος
1747 2972 1766 2991 ο
1798 2957 1900 3010 οὐκ

1987 1861 2057 1916 ab
2115 1859 2442 1916 orthodoxis
2487 1860 2727 1915 ordinati
2777 1868 2926 1925 sunt,
2973 1874 3039 1914 ac
3066 1875 3163 1929 per
3198 1859 3566 1928 ignorantiam

1986 1955 2169 2010 cibum
2195 1937 2554 2022 sumpserunt
2572 1965 2698 2006 cum
2725 1950 3059 2023 presbyteris
3099 1951 3191 2020 qui
3232 1965 3357 2004 cum
3378 1951 3571 2005 eodem

1988 2043 2332 2112 metropolita
2356 2042 2540 2098 cibum
2577 2051 2948 2112 sumpserant.

2058 2135 2369 2206 Responsio.
2399 2165 2471 2176 —
2496 2134 2772 2206 Scriptum
2814 2144 2935 2191 est:
2975 2133 3140 2190 Omne
3181 2133 3319 2205 quod
3343 2135 3404 2188 in
3429 2135 3578 2205 igno-

1991 2227 2189 2292 rantia,
2244 2225 2670 2282 mandabitur".
2734 2225 3006 2294 Quocirca
3064 2225 3199 2280 nulli
3235 2241 3407 2295 poenae
3450 2235 3576 2282 sunt

1991 2317 2238 2372 obnosﬁ.

2044 2406 2421 2478 Interrogatio
2459 2407 2596 2462 XVI.
2629 2439 2702 2448 —-
2732 2408 2804 2464 De
2860 2409 3194 2482 presbyteris
3223 2409 3576 2475 orthodoxis,

1991 2508 2124 2569 puta
2158 2497 2457 2565 Hilarione,
2491 2509 2546 2554 et
2595 2498 2873 2555 Eustratio
2907 2503 3181 2556 monacho
3214 2519 3228 2558 :
3263 2501 3573 2556 babeantne
3635 2485 3638 2488 ’

1993 2595 2317 2657 potestatem
2347 2587 2668 2660 injungendi
2705 2590 3076 2659 pmnitentias.

2065 2677 2371 2748 Responsio.
2401 2711 2474 2724 —
2493 2679 2612 2735 Jam
2652 2682 2856 2736 dictum
2885 2690 2972 2737 est
3001 2691 3055 2737 et
3090 2682 3146 2737 in
3172 2683 3577 2753 superioribus.

1995 2769 2208 2840 iniungi
2241 2777 2516 2840 oportere.
2550 2769 2691 2837 Quia
2723 2787 2856 2828 vero
2887 2773 3066 2828 innuit
3093 2773 3472 2844 interrogatio,
3501 2789 3570 2828 an

1997 2864 2092 2933 qui
2145 2863 2401 2920 sacerdos
2447 2879 2555 2919 non
2601 2874 2706 2929 est,
2746 2867 2959 2932 debeat,
2993 2864 3086 2922 ubi
3133 2867 3432 2938 presbyteri
3464 2881 3573 2921 non

1999 2961 2148 3016 sunt,
2197 2953 2484 3026 iniungere
2524 2963 2747 3026 propter
2785 2955 2946 3011 ﬁdem
2989 2958 3344 3012 accedentis:
3377 2965 3576 3028 ιιι-αξιοι·

324 3053 430 3118 ἔξω
459 3051 552 3105 τοῦ
581 3049 815 3118 εἰκότος,
850 3053 946 3104 καὶ
993 3049 1089 3103 τὸν
1122 3048 1312 3113 ἁπλῶς
1364 3047 1600 3120 μοναχὸν
1643 3045 1896 3116 ἐπιτίμια

1999 3043 2084 3101 fas
2116 3060 2228 3100 non
2269 3055 2356 3103 est
2388 3055 2449 3103 ut
2473 3049 2557 3103 vel
2603 3049 2840 3120 simplex
2874 3051 3180 3106 monachus
3230 3050 3581 3121 pmnitentias

323 3140 543 3196 διδόναι.

409 3234 724 3304 Ἐρώτησις
760 3229 861 3287 IZ'.
887 3263 958 3276 —-
986 3231 1126 3304 Περὶ
1155 3230 1480 3304 μονάζοντος
1514 3228 1607 3284 τοῦ
1639 3227 1897 3290 λαϐόντος

327 3327 388 3382 sb
415 3326 560 3398 ἱερὸν
593 3324 780 3395 σχῆμα
811 3324 953 3378 κατά
996 3324 1218 3394 ἄγνοιαν
1243 3323 1352 3378 ἀπὸ
1375 3321 1749 3395 πρεσϐυτέρου
1783 3337 1899 3391 χει-

332 3415 712 3488 ροτονηθέντος
737 3413 843 3466 ὑπὸ
873 3415 1286 3486 καθῃρημένου.

413 3505 780 3572 Ἀπόκρισις.
817 3533 890 3544 —
916 3503 1146 3574 Εἴρηται
1177 3504 1236 3556 ὲν
1265 3503 1438 3574 ἑτέρῳ
1474 3501 1780 3572 κεφαλαίῳ,
1815 3501 1899 3555 ὅτι

332 3596 464 3656 Πᾶν
490 3596 557 3651 τὸ
595 3595 744 3650 κατὰ
783 3593 1054 3664 ἄγνοιαν,
1097 3592 1620 3662 καθαρισθήσεται.
1669 3593 1780 3645 Καὶ
1801 3591 1902 3644 οὑκ

333 3691 454 3759 ἐξὸν
476 3685 924 3764 ἀποστρέφεσθαι
949 3684 1048 3756 τὴν
1069 3686 1210 3756 μετά
1231 3683 1328 3738 τοῦ
1344 3683 1589 3738 τοιούτου
1620 3681 1904 3736 συνεστια-

335 3802 442 3850 σιν,
472 3781 569 3837 καὶ
595 3780 689 3835 ἐπὶ
720 3778 895 3834 ἀλλων
923 3778 1022 3851 τὴν
1063 3775 1338 3849 σύμϐασιν
1367 3775 1668 3830 ποιούντων
1699 3773 1904 3845 ὁμοίως

335 3878 432 3932 καὶ
459 3873 664 3944 φιλίαν.

405 3966 596 4022 Ταῦτά
628 3982 710 4026 σοι
741 3963 842 4035 μὲν
886 3961 962 4023 ῶς
994 3959 1265 4032 συμψύχῳ
1310 3959 1406 4015 καὶ
1444 3959 1707 4030 συμπόνῳ
1742 3958 1906 4028 ἡμεῖς

336 4061 479 4116 κατὰ
514 4059 578 4113 τὸ
610 4057 834 4128 ἐφικτὸν
883 4053 1286 4124 ἀνεπτύξαμεν.
1317 4053 1490 4116 Αύτδς
1523 4052 1582 4108 δὲ
1618 4049 1906 4124 μεταδοίης

336 4149 596 4222 ἀσφαλῶς
623 4151 735 4213 τοῖς
765 4150 864 4202 ἐπε
874 4148 1182 4218 ρωτήσασιν
1219 4145 1486 4216 ἀδελφοῖς.
1522 4144 1605 4199 Οὐ
1628 4144 1738 4214 γὰρ
1758 4141 1910 4197 πάν-

337 4259 456 4298 των
479 4243 518 4312 τι
549 4241 753 4308 πίστις
777 4256 793 4272 ⁸
811 4240 931 4294 οὐδὲ
953 4239 1167 4302 πολλοῖς
1200 4236 1578 4308 ὲκπέφρασται
1599 4235 1669 4290 τὰ
1689 4233 1865 4290 τοιάδε
1887 4248 1906 4267 ⁸

339 4335 402 4390 οὐ
441 4335 600 4405 μόνον
615 4331 706 4386 διὰ
733 4332 834 4405 τὴν
857 4331 1042 4386 ἄνοιαν
1063 4329 1171 4386 τῶν
1187 4329 1582 4402 ἀνομησάντων
1603 4369 1619 4395 ,
1647 4327 1784 4381 ἀλλὰ
1813 4326 1908 4380 καὶ

1998 3137 2265 3208 imponat.

2067 3228 2427 3300 Interrogatio
2471 3229 2632 3285 XVII.
2661 3264 2722 3273 —
2751 3233 2824 3287 De
2851 3236 3118 3289 monacho
3150 3236 3241 3306 qui
3297 3251 3394 3305 per
3429 3235 3582 3308 igno~

1997 3323 2230 3378 rantiam
2251 3337 2466 3377 sacrum
2503 3324 2746 3378 habitum
2776 3327 2986 3396 accepit
3017 3342 3049 3381 a
3106 3328 3426 3400 presbytero
3489 3343 3583 3398 per

1998 3412 2308 3481 depositum
2350 3413 2626 3467 ordinato.

2065 3503 2370 3572 Responsio.
2411 3505 2560 3559 -ιη
2611 3505 2719 3561 alio
2769 3509 2947 3578 capite
2995 3509 3200 3564 dictum
3229 3523 3360 3564 est:
3419 3510 3584 3566 Omne

1997 3599 2135 3667 quod
2166 3612 2257 3664 per
2294 3599 2686 3667 ignorantiam,
2727 3601 3088 3656 mandabitur.
3116 3599 3226 3658 Nec
3266 3602 3390 3657 licet
3426 3619 3584 3658 aver-

2000 3690 2108 3744 sari
2163 3702 2512 3745 communem
2595 3707 2720 3746 cum
2791 3693 2896 3748 isto
2966 3694 3176 3761 cibum,
3245 3712 3422 3765 neque
3481 3699 3586 3753 alia

2001 3780 2254 3837 similiter
2353 3795 2476 3850 quae
2560 3782 2912 3837 concordiam
2985 3793 3040 3839 et
3110 3787 3414 3842 amicitiam
3503 3787 3589 3843 fo-

2003 3885 2148 3929 vent.

2073 3959 2251 4037 Atque
2293 3967 2410 4022 haec
2457 3965 2680 4036 quidem
2713 3966 2810 4021 tibi
2850 3976 3112 4038 tanquam
3138 3969 3386 4023 unanimi
3420 3979 3478 4025 et
3505 3971 3588 4025 la-

2004 4057 2202 4112 borum
2235 4057 2388 4114 socio
2424 4073 2529 4112 nos
2567 4073 2668 4128 pro
2691 4059 2900 4115 viribus
2938 4060 3320 4130 explicuimus.
3352 4060 3431 4117 Tu
3463 4077 3591 4117 vero

2007 4166 2070 4205 ea
2125 4160 2286 4206 caute
2341 4147 2542 4206 tradito
2601 4150 2868 4206 fratribus
2929 4152 3021 4222 qui
3093 4152 3589 4223 interrogaverunt.

2007 4243 2132 4299 Non
2176 4244 2316 4298 enim
2345 4245 2581 4298 omnium
2606 4254 2682 4298 est
2717 4243 2847 4314 ﬁdes
2868 4245 2911 4278 ’⁷
2933 4261 2952 4299 :
3002 4261 3176 4316 neque
3203 4247 3318 4301 haec
3349 4246 3592 4316 exposita

2010 4346 2144 4391 sunt
2169 4335 2357 4392 multis
2389 4353 2404 4390 :
2433 4349 2543 4390 non
2579 4336 2745 4391 modo
2779 4347 2999 4407 propter
3042 4327 3369 4394 dementiam
3399 4353 3593 4393 eorum

339 4423 429 4479 διὰ
461 4428 588 4489 τοὺς
615 4423 960 4495 πειρασμοίις
984 4423 1094 4476 τῶν
1134 4421 1502 4493 κρατούντων.
1541 4421 1682 4476 Ἀνθ’
1715 4415 1790 4475 ῶν
1850 4417 1896 4474 δέ

2011 4428 2106 4498 qui
2157 4426 2542 4497 deliquerunt;
2603 4428 2698 4483 sed
2754 4428 2920 4482 etiam
2981 4439 3206 4499 propter
3259 4432 3593 4487 tentationcs

339 4516 390 4570 oi
413 4515 798 4570 εὐλαϐέστατοι
830 4513 1241 4570 ἀπεστάλκασιν
1267 4513 1580 4568 ἀποστόλων
1612 4511 1822 4566 πολλῶν
1849 4528 1912 4565 τε

341 4607 438 4660 καὶ
467 4605 674 4672 καλῶν,
711 4603 1030 4676 ἀμείψοιντο
1063 4602 1216 4673 παρά
1244 4602 1379 4656 Θεοῦ
1405 4601 1505 4674 τὴν
1547 4601 1705 4666 ἀξίαν
1755 4599 1914 4672 μισθ-

343 4697 658 4762 αποδοσίαν,
682 4697 780 4750 καὶ
806 4697 931 4751 τάδε
953 4694 1046 4748 δύο
1064 4694 1400 4765 μαλακίσκια
1419 4695 1498 4756 είς
1518 4694 1916 4764 ὑπόμνημαφι-

342 4786 483 4850 λίας.
521 4786 809 4859 Ἔρρωσθε
843 4787 902 4839 ὲν
954 4785 1170 4856 Κυρίῳ,
1223 4783 1564 4853 τιμιώτατοι,
1613 4782 1913 4853 προσευχό-

347 4892 501 4946 μενοι
533 4876 676 4948 ὗπὲρ
723 4878 880 4948 ἡμῶν
924 4875 1035 4930 τῶν
1091 4873 1425 4948 ἁμαρτωλῶν
1469 4873 1542 4928 τὰ
1583 4875 1914 4942 κρείττονα,

346 4965 447 5021 καὶ
467 4967 725 5037 ἐχόμενα
753 4969 1072 5038 σωτηρίας.

526 5166 662 5237 21C."
689 5170 824 5241 (12).
846 5199 916 5210 -
960 5168 1207 5239 Ἰωάννῃ
1239 5169 1526 5239 κληρικῷ,
1562 5169 1776 5242 [ωμγ’.]

2016 4533 2208 4572 eorum
2239 4518 2333 4587 qui
2374 4518 2752 4573 dominantur.
2790 4517 2997 4578 Proiis
3024 4528 3206 4573 autem
3240 4520 3428 4575 multis
3459 4535 3598 4591 prse-

2015 4607 2290 4677 clarisque
2343 4607 2670 4663 muneribus
2728 4623 2851 4677 qua:
2899 4608 3299 4678 religiosissimi
3346 4609 3598 4667 homines

2017 4699 2315 4767 miserunt,
2379 4699 2596 4770 dignam
2649 4714 2680 4754 a
2732 4700 2844 4756 Deo
2900 4704 3396 4758 remunerationem
3453 4705 3599 4760 acci-

2017 4794 2192 4862 piant,
2251 4801 2306 4846 et
2354 4791 2454 4847 has
2502 4793 2642 4847 duas
2683 4794 2970 4863 sportellas
3015 4794 3069 4848 in
3109 4794 3364 4850 amicitiae
3401 4811 3599 4850 monu-

2021 4894 2287 4938 mentum.
2351 4883 2532 4938 Valete
2586 4886 2640 4940 in
2697 4885 2948 4952 Domino,
2987 4887 3454 4956 reverendissimi,
3501 4887 3601 4959 pro

2020 4975 2182 5030 nobis
2233 4979 2618 5045 peccatoribus
2661 4990 2947 5048 precantes
2989 4979 3208 5036 meliora
3259 4991 3308 5036 et
3346 4981 3600 5036 viciniora

2016 5066 2180 5121 saluti
2201 5065 2262 5117 ¹⁸.

2419 5179 2644 5235 CCXVI.
2681 5213 2748 5223 -—
2783 5183 2980 5236 Joanni
3012 5183 3213 5240 clerico.

997 5279 1170 5331 Potius
1187 5294 1286 5330 non
1305 5293 1516 5342 peccare
1537 5285 1698 5342 curet,
1730 5295 1877 5344 quam
1913 5285 2075 5346 qualis
2102 5300 2247 5349 poma
2289 5296 2496 5350 peccato
2531 5292 2792 5341 statuenda
2815 5295 2894 5342 sit.

419 5391 496 5447 Τδ
527 5391 631 5462 μὲν
649 5392 750 5464 τῆς
777 5394 1002 5463 ἀγάπης
1033 5409 1129 5447 σου
1159 5391 1332 5464 δῶρον
1361 5393 1772 5466 ἀπεδεξάμεθα,
1806 5396 1928 5465 φίλε

2111 5399 2430 5460 Dilectionis
2473 5411 2577 5461 tua:
2611 5419 2811 5462 munus
2846 5405 3180 5478 accepimus,
3219 5404 3392 5461 amice
3424 5406 3606 5462 since-

421 5527 467 5561 “
494 5524 672 5584 Levit.
705 5540 782 5592 tv,
817 5525 873 5581 2.
952 5525 995 5556 "’
1023 5522 1063 5579 Il
1094 5523 1288 5584 Thess.
1331 5540 1416 5593 ιιι,
1451 5523 1506 5579 2.
1587 5525 1628 5558 ¹⁸
1656 5523 1823 5584 Hebr.
1860 5543 1932 5594 vt,
1957 5528 2011 5584 9.

1871 5622 2099 5680 ΝυΤιΕ.

425 5713 537 5784 (19.)
571 5711 625 5768 In
658 5712 778 5770 cod.
814 5711 944 5782 Reg.
980 5711 1096 5767 :LO'.
