4102 6374
564 275 698 346 1655

1749 271 1811 332 S.
1831 267 2224 332 THEODORI
2257 269 2604 331 STUDIT/E

3687 273 3802 341 1656

561 388 805 446 tissime.
835 386 918 442 Ad
953 382 1448 454 interrogationem
1497 395 1631 438 vero
1659 389 1831 449 tuam,
1865 397 1976 453 qua
2003 380 2146 438 scire

2257 383 2602 455 γνησιώτατε.
2649 380 2725 434 T6
2767 379 2827 434 δὲ
2865 377 3078 450 αἴτημα
3129 379 3269 452 ὅπερ
3315 379 3433 452 (12)
3471 357 3655 453 ᾐτήσω
3685 388 3802 459 πρὸς

563 498 712 552 aves,
746 497 870 553 quae
922 494 1084 552 poena
1129 479 1205 537 sit
1248 479 1471 544 luenda,
1521 477 1569 533 si
1602 477 1898 548 contigerit
1931 487 1986 532 te
2017 491 2146 534 cum

563 578 836 634 haereticis
891 574 1204 640 convivari;
1250 575 1364 630 hoc
1408 573 1802 644 respondemus
1837 573 1946 628 :in
1997 572 2148 627 omni

562 666 785 738 quidem
816 675 1040 738 peccato
1069 672 1318 735 paratam
1339 677 1464 719 esse
1495 663 1714 718 veniam
1741 663 1950 718 idonea:
1970 661 2151 733 poeni-

565 758 802 815 tentiae:
841 767 1098 816 caeterum
1145 765 1274 812 ante
1328 767 1614 827 peccatum
1648 770 1868 824 poenam
1901 763 2152 810 statuere

565 864 676 907 non
709 849 895 914 licere,
942 847 1264 919 peccatique
1301 845 1528 916 januam
1574 844 1682 900 hoc
1715 844 1879 899 modo
1911 844 2148 914 aperire.

564 941 752 1012 Neque
800 941 947 995 enim
983 939 1032 994 si
1080 937 1462 1008 perconteris:
1511 933 1567 989 Si
1602 933 1916 989 moechatus
1968 931 2151 997 fuero,

564 1032 710 1104 quod
739 1031 931 1094 nolim,
963 1044 1217 1100 quaenam
1247 1028 1352 1084 erit
1377 1028 1574 1097 poena?
1595 1027 1663 1082 de
1688 1028 1792 1082 hac
1824 1027 2156 1098 respondere

564 1125 740 1180 debeo
777 1142 790 1180 :
837 1122 1086 1180 incitatio
1115 1121 1262 1176 enim
1296 1129 1382 1176 est
1414 1119 1481 1175 ad
1529 1120 1887 1189 peccandum.
1929 1118 2036 1174 Sed
2077 1119 2154 1174 ita

565 1216 1004 1286 respondendum
1051 1223 1178 1270 est:
1241 1214 1386 1268 Cave
1415 1227 1484 1267 ne
1536 1222 1821 1282 peccatum
1870 1212 2152 1275 admittas.

565 1309 824 1379 pedemve
859 1309 925 1363 ad
973 1307 1209 1378 lapidem
1239 1305 1510 1372 oﬂendas,
1541 1305 1656 1360 sive
1690 1304 1994 1371 intellectu,
2039 1304 2157 1361 sive

564 1415 754 1457 sensu.
811 1398 909 1456 Ubi
940 1408 1120 1454 autem
1165 1396 1488 1462 oﬂ’enderis,
1537 1405 1668 1451 tunc
1709 1397 1956 1453 medicus
1990 1396 2155 1454 obse-

564 1491 740 1559 cranti
779 1499 834 1546 et
866 1489 1153 1560 pcenitenti
1192 1489 1452 1545 idoneum
1499 1489 1565 1542 ad
1605 1489 1946 1542 sanationem
1977 1503 2157 1543 reme-

565 1583 717 1638 dium
767 1582 1073 1638 adhibebit.
1139 1580 1268 1639 Haec
1311 1567 1412 1636 tibi
1468 1595 1666 1651 magna
1694 1594 1820 1635 cum
1851 1581 2157 1634 attentione

567 1675 789 1747 scripsi,
837 1690 1026 1742 orans,
1079 1674 1298 1740 dilecte,
1347 1682 1406 1728 ut
1449 1673 1518 1728 ab
1552 1670 1701 1726 omni
1753 1671 1898 1727 malo
1955 1671 2153 1727 libere-

887 1875 1145 1939 CCXVII,
1174 1907 1245 1929 -—
1277 1875 1556 1932 Thomaidi
1590 1878 1782 1948 virgini
1801 1877 1890 1948 (‘).

2248 476 2332 540 τὸ,
2365 475 2461 528 ἐὰν
2485 473 2668 544 φθάσῃ
2695 471 3117 542 συνεστιαθῆναι
3165 473 3490 544 αἱρετικοῖς,
3526 474 3712 532 ειδέναι
3750 481 3804 536 τὸ

2250 565 2523 636 ἐπιτίμιον
2539 606 2554 631 ,
2595 566 2776 618 ἐκεῖνο
2803 564 3041 634 λέγομεν
3066 604 3083 629 ,
3107 565 3192 618 ὅτι
3225 564 3320 618 ἐπὶ
3342 565 3548 629 παντὸς
3580 567 3803 643 ἁμαρτῆ-

2255 671 2425 726 ματος
2451 655 2485 725 ἡ
2514 654 2796 723 ἀξιόλογος
2829 654 3092 724 μετάνοια
3131 654 3230 726 τὴν
3288 654 3635 728 συγχώρησιν
3674 660 3799 734 ἔχει’

2250 747 2312 799 οὐ
2348 747 2456 818 μὴν
2485 747 2592 818 πρὸ
2633 747 2730 800 τοῦ
2776 747 3179 818 ἁμαρτήματος
3217 747 3429 814 ἔξεστιν
3465 750 3706 822 ἐπιτίμια
3737 773 3809 808 τι-

2253 838 2424 900 θέναι,
2460 837 2558 892 καὶ
2579 838 2818 906 ἀνοίγειν
2852 837 3106 896 ἐντεῦθεν
3151 838 3250 909 τὴν
3300 838 3475 910 θύραν
3527 842 3625 908 τῆς
3651 845 3810 916 ἁμαρ.

2251 927 2392 991 τίας.
2423 927 2559 982 Οὐδὲ
2589 928 2699 999 γὰρ
2731 929 2828 982 ἐὰν
2850 930 3151 1002 ἐρωτήσῃς
3178 931 3242 986 Et
3269 931 3469 1002 φθάσω
3501 936 3807 1004 πορνεῦσαι,

2251 1020 2330 1084 ὡς
2357 1020 2420 1074 οὗ
2456 1018 2744 1091 βούλομαι,
2773 1020 2829 1074 τί
2850 1023 2912 1076 τὸ
2932 1022 3245 1094 ὲπιτίμιον;
3276 1025 3384 1096 χρή
3431 1042 3501 1094 με
3533 1029 3807 1102 ἁποκριθῆς

2252 1113 2340 1166 ναί
2365 1112 2624 1168 σοιτόδε·
2659 1115 2946 1186 προτροπὴ
2993 1114 3105 1186 γὰρ
3150 1117 3359 1185 γίνεται
3405 1117 3504 1171 τοῦ
3549 1122 3808 1191 ἁμαρτεῖν.

2265 1205 2427 1260 Ἀλλά
2451 1203 2610 1259 τοῦτο
2633 1205 2961 1277 ἀποκριτέον
2979 1223 2996 1240 ο
3026 1207 3117 1278 Μὴ
3142 1209 3367 1280 ποιῆσαι
3402 1210 3504 1282 τὴν
3540 1212 3807 1283 ἁμαρτίαν,

2258 1297 2394 1369 μηδὲ
2427 1297 2736 1368 προσκόψαι
2770 1297 2909 1368 πρὸς
2955 1298 3106 1353 λίθον
3146 1299 3238 1355 τὸν
3282 1301 3444 1368 πόδα,
3472 1303 3568 1357 καὶ
3606 1305 3808 1376 νοητῶς,

2255 1390 2352 1442 καὶ
2387 1389 2682 1456 αίσθητῶς.
2699 1389 2869 1445 Ὅταν
2884 1389 2940 1444 δὲ
2960 1391 3303 1465 προσκόψῃς,
3326 1394 3452 1448 τότε
3469 1397 3498 1448 6
3530 1396 3702 1468 ἰατρὸς
3720 1414 3810 1452 πα-

2256 1479 2585 1551 ρακαλοῦντι
2639 1479 2736 1534 καὶ
2792 1482 3150 1550 μετανοοῦντι
3181 1483 3463 1538 ἐπιδίδωσι
3491 1485 3553 1538 τδ
3574 1486 3809 1557 θεραπευ-

2253 1571 2415 1624 τικὸν
2441 1570 2598 1644 ἴαμα.
2629 1571 2816 1626 Ταῦτά
2833 1588 2917 1626 σοι
2948 1574 3210 1646 γέγραφα
3241 1577 3340 1632 σὺν
3370 1575 3543 1648 πολλῇ
3576 1581 3808 1653 προσοχῇ.

2258 1663 2554 1735 εὐχόμενος
2614 1662 2883 1734 ρυσθῆναί
2935 1682 3018 1729 σε,
3073 1668 3428 1739 ἡγαπημένε,
3479 1669 3588 1723 ἀπὸ
3636 1673 3808 1736 παντὸς

2190 1775 2234 1828 Β
2259 1757 2454 1811 κακοῦ.

2335 1871 2456 1925 ΣΙΖ⁰
2481 1871 2620 1941 (l5).
2655 1903 2724 1914 -—
2757 1871 3011 1941 Θωμαῖδι
3049 1876 3532 1948 παρθενευούσῃ.
3565 1875 3750 1953 [mittit]

1410 1990 1488 2041 De
1522 2002 1585 2040 eo
1610 1990 1744 2053 quod
1769 2001 2082 2053 nequaquam
2121 1987 2266 2038 latria
2283 1984 2468 2036 colitur
2487 1984 2653 2050 imago
2683 1986 2899 2037 Domini.

642 2099 1080 2172 Propositionem
1153 2101 1476 2157 reverentia:
1537 2112 1684 2164 tum,
1735 2116 1804 2156 ex
1858 2099 1980 2153 viva
2027 2113 2162 2153 voce

573 2194 868 2256 admodum
909 2193 1219 2248 honorandi
1249 2193 1460 2248 domini
1499 2192 1762 2248 arcbiatri
1802 2190 1960 2246 laetus
2010 2204 2162 2245 acce-

570 2283 652 2356 pi,
703 2293 892 2354 utpote
938 2299 969 2340 a
1004 2285 1311 2356 propinquo
1344 2285 1546 2355 Deique
1577 2292 1796 2340 amante
1825 2283 2159 2353 expositam.

572 2376 684 2432 Nec
707 2390 904 2431 recuso
928 2375 1014 2430 vel
1049 2390 1080 2432 a
1111 2374 1316 2430 femina
1345 2375 1559 2430 discere
1587 2375 1864 2432 interdum
1893 2373 2039 2444 quod
2073 2387 2162 2428 me

573 2470 725 2525 latet.
759 2470 1014 2525 Attamen
1035 2469 1104 2524 de
1133 2468 1572 2524 venerandarum
1623 2467 1926 2537 imaginum
1961 2466 2163 2522 adora-

573 2565 746 2630 tione,
801 2562 982 2632 qualis
1026 2576 1151 2616 esse
1207 2560 1425 2626 debeat,
1473 2563 1766 2631 ignorasse
1797 2574 1906 2614 non
1949 2559 2159 2614 videor.

575 2652 688 2713 Nos
719 2655 927 2724 itaque,
957 2652 1452 2712 reverendissima.
1487 2663 1546 2706 ut
1578 2652 1646 2707 de
1682 2651 1806 2708 aliis
1834 2651 1890 2705 in
1922 2665 2162 2720 praesens

574 2747 760 2803 dicere
805 2749 1094 2811 omittam,
1153 2745 1446 2816 imaginem
1509 2745 1727 2799 Domini
1802 2743 1978 2799 nostri
2032 2741 2162 2798 Jesu

577 2841 780 2898 Christi
807 2841 888 2895 sic
921 2840 1241 2903 adoramus,
1273 2849 1334 2894 ut
1368 2839 1548 2909 ipsum
1584 2837 1879 2893 Dominum
1915 2846 2163 2893 nostrum

576 2933 763 2992 Jesum
800 2933 1108 2995 Chrismm.
1175 2931 1294 2988 Hoc
1325 2942 1531 2996 autem,
1559 2929 1732 2995 Sicut,
1785 2928 2165 2987 similitudinis

575 3033 680 3091 est,
709 3039 818 3080 non
847 3023 1278 3081 conﬁrmationis
1305 3039 1319 3076 :
1352 3021 1619 3090 alioquin,
1650 3036 1760 3075 non
1795 3020 1979 3089 imago
2006 3017 2168 3072 Chri-

577 3117 670 3184 sti,
696 3117 790 3172 sed
815 3115 1069 3170 Christus
1116 3117 1234 3184 ipse
1256 3122 1426 3169 esset.
1471 3113 1541 3172 At
1579 3127 1707 3172 vero
1747 3111 1929 3183 imago
1955 3109 2164 3166 Christi

577 3219 661 3264 est
688 3227 703 3263 :
732 3219 786 3264 et
816 3208 907 3262 ille
931 3208 982 3260 in
1011 3222 1112 3262 sua
1131 3208 1368 3278 imagine
1395 3206 1656 3270 adoratus
1683 3215 1790 3267 est,
1821 3216 1877 3260 et
1905 3214 2165 3273 tanquam

577 3301 808 3361 alterum
845 3300 898 3353 in
941 3299 1114 3354 altero
1166 3308 1250 3354 est
1288 3307 1566 3353 ostensus.
1599 3297 1690 3352 Ait
1730 3297 1878 3352 enim
1921 3297 2166 3368 Chryso-

2333 2094 2656 2166 Περιχαρῶς
2680 2094 2952 2168 ἐδεξάμην
2974 2097 3076 2168 τὴν
3105 2097 3372 2168 πρότασιν
3410 2099 3514 2170 τῆς
3533 2101 3806 2174 τιμιότητός

2263 2202 2380 2253 σου,
2416 2185 2506 2238 διὰ
2541 2187 2724 2256 φωνῆς
2756 2187 2940 2257 ζώσης
2967 2187 3064 2240 τοῦ
3098 2188 3406 2261 ύπερτίμου
3437 2190 3628 2261 κυρίου
3644 2192 3805 2265 άρχιή·

2260 2293 2414 2348 τρου,
2455 2276 2554 2330 ἅτε
2578 2275 2733 2348 παρὰ
2762 2277 3064 2346 συγγενοῦς
3111 2279 3202 2332 καὶ
3249 2279 3538 2348 θεοφιλοῦς
3583 2299 3804 2352 προσφωε

2261 2365 2541 2438 νηθείσης.
2569 2367 2682 2419 Καὶ
2713 2366 2814 2421 οὐκ
2840 2367 3215 2439 άπαναίνομαι
3258 2371 3356 2424 καὶ
3399 2370 3554 2444 παρὰ
3585 2374 3805 2441 γυναικὸς

2266 2462 2558 2535 μανθάνειν
2587 2460 2700 2516 ἔσθ’
2737 2464 2828 2517 ὅτε
2851 2463 2914 2517 τὸ
2933 2462 3218 2518 λανθάνον.
3248 2465 3323 2518 υύ
3356 2464 3467 2536 μὴν
3491 2465 3628 2520 δοκῶ
3641 2468 3806 2538 ἠγνοη-

2261 2553 2420 2608 κέναι
2445 2553 2546 2625 τὴν
2588 2553 2721 2625 περὶ
2769 2553 2880 2609 τῶν
2924 2554 3139 2608 σεπτῶν
3182 2555 3411 2610 εἰκόνων
3455 2557 3804 2629 προσκύνησιν,

2262 2648 2411 2710 ὅπως
2438 2647 2643 2717 ὀφείλει
2661 2645 2836 2701 εἶναι.
2882 2647 3077 2717 Ἡμεῖς
3108 2647 3426 2720 τοιγαροῦν,
3448 2643 3494 2704 ὦ
3521 2651 3802 2721 τιμιωτάτη,

2265 2740 2351 2792 ἵνα
2378 2739 2510 2811 περὶ
2539 2739 2650 2792 τῶν
2681 2737 2860 2794 ἄλλων
2890 2739 3039 2792 ἐάσω
3073 2739 3135 2792 τὸ
3177 2741 3354 2812 παρὸν
3395 2741 3606 2810 λέγειν,
3635 2743 3720 2813 τὴν
3741 2746 3806 2798 el-

2265 2833 2398 2887 κόνο.
2431 2833 2524 2887 τοῦ
2551 2834 2759 2906 Κυρίου
2789 2834 2952 2904 ἡμῶν
2993 2833 3169 2906 Ἰησοῦ
3204 2836 3450 2907 Χριστοῦ
3481 2838 3645 2903 οὕτως
3669 2857 3804 2911 προσ-

2268 2924 2561 2995 κυνοῦμεν,
2600 2924 2678 2988 ὡς
2708 2925 2874 2980 αὐτὸν
2905 2925 3115 2996 Κύριον
3146 2926 3310 2999 ἡμῶν
3353 2928 3568 2997 Ἰησοῦν
3587 2930 3801 3000 Χριστόν.

2268 3015 2341 3067 Τὸ
2367 3014 2448 3078 δὲ,
2489 3016 2606 3083 Ὡς,
2635 3015 2796 3070 τοῦτο
2825 3017 3140 3087 ὁμοιώσεώς
3177 3020 3345 3083 ἐστιν,
3371 3021 3492 3074 ἀλλ’
3517 3021 3576 3075 ού
3614 3021 3804 3093 βεϐαώ-

2271 3123 2443 3170 σεωςο
2480 3107 2514 3180 ἢ
2571 3107 2681 3180 γὰρ
2728 3109 2820 3174 ἂν,
2860 3110 2963 3164 ούκ
3023 3109 3192 3166 εἰκὼν
3227 3112 3496 3183 Χριστοῦ,
3531 3113 3638 3168 ἀλλ’
3676 3114 3804 3178 αὐτὸς

2269 3199 2506 3270 Χριστός
2536 3201 2704 3259 ἐστιν.
2749 3202 2910 3258 Ἀλλὰ
2940 3203 3048 3274 μὴν
3078 3204 3244 3258 είκὼν
3277 3204 3522 3274 Χριστοῦ
3561 3206 3804 3267 ὲστιν,καὶ

2271 3295 2330 3348 ὲν
2362 3296 2430 3366 τῇ
2455 3293 2622 3350 αὑτοῦ
2643 3295 2815 3350 εἰκόνι
2837 3296 3303 3367 προσκεκύνηται,
3332 3297 3432 3350 καὶ
3460 3297 3536 3362 ὡς
3572 3297 3734 3367 ἕτερον
3759 3298 3804 3350 ὲν

579 3398 792 3444 atomus
817 3387 902 3442 ‘9:
942 3405 962 3436 ‹
997 3383 1120 3441 Vidi
1151 3386 1408 3456 angelum
1444 3386 1499 3441 in
1537 3385 1823 3457 imagine:
1867 3404 1886 3438 ι
1938 3399 1994 3442 et
2031 3388 2164 3442 Gre-

2271 3389 2444 3459 ἑτέρῳ
2465 3387 2755 3442 δέδεικται.
2779 3389 2920 3460 Φησὶ
2959 3389 3068 3458 γὰρ
3104 3391 3134 3444 6
3186 3389 3606 3460 Χρυσόστομοςο
3633 3409 3650 3442 ι
3683 3384 3804 3443 Εἶδον

577 3479 768 3553 gorius
805 3477 1118 3549 Theologus
1144 3493 1364 3534 rursum
1385 3479 1431 3512 '°
1465 3498 1478 3534 :
1525 3497 1544 3531 ι
1573 3477 1726 3535 lianc
1749 3486 1935 3535 autem
1961 3481 2168 3541 intente

578 3573 949 3646 prospiciebat
972 3571 1233 3630 Polemon
1262 3573 1318 3627 in
1352 3573 1612 3644 imagine.
1661 3593 1680 3626 ι
1721 3574 1892 3645 Igitur
1920 3581 1976 3631 et
2001 3573 2166 3630 Cbr’i-

579 3674 700 3724 stus
732 3665 787 3719 in
821 3678 883 3720 ea
933 3664 1174 3734 imagine
1226 3663 1474 3720 cernitur
1514 3673 1570 3719 et
1603 3665 1864 3720 adorator
1899 3681 1915 3722 :
1970 3680 2164 3721 verum

578 3753 684 3808 etsi
719 3768 816 3824 per
868 3752 1334 3822 similitudinem;
1376 3768 1486 3808 non
1513 3763 1693 3814 tamen
1731 3754 1872 3820 ideo,
1895 3753 2025 3824 quia
2049 3753 2166 3825 ipse

581 3847 845 3908 aduratur
882 3854 938 3902 et
963 3847 1079 3916 ipse
1101 3846 1262 3902 latria
1287 3847 1507 3912 colitur,
1544 3848 1727 3918 imago
1751 3850 1909 3904 latria
1937 3849 2164 3907 colenda

579 3947 665 3994 est
695 3955 709 3994 :
747 3936 1024 4009 siquidem
1057 3937 1268 3992 nullum
1306 3937 1450 4002 foret
1476 3937 1775 3994 discrimen
1821 3939 2081 4010 imaginis
2111 3950 2167 4000 et

581 4031 876 4104 prototypi.
915 4030 1106 4102 Itaque
1155 4032 1269 4087 haec
1311 4043 1439 4087 sunt
1468 4032 1599 4097 duo,
1631 4033 1884 4091 essentia:
1906 4032 2166 4090 dill‘eren-

581 4123 679 4190 tia,
723 4124 818 4178 sed
873 4138 984 4178 non
1030 4123 1346 4195 hypostasis
1403 4125 1780 4190 similitudine.
1831 4124 1913 4180 Ad
1948 4127 2083 4189 haec,
2116 4127 2164 4182 si

581 4217 698 4278 sola
739 4217 982 4274 Trinitas
1009 4219 1168 4273 latria
1195 4206 1418 4285 Colitur,
1457 4234 1569 4289 quo
1606 4228 1769 4290 pacto
1794 4226 1963 4290 queat
1997 4219 2164 4276 etiam

580 4311 763 4380 imago
811 4309 969 4365 latria
1012 4310 1155 4369 coli?
1184 4312 1526 4381 quaternitas
1572 4312 1718 4370 enim
1751 4310 1896 4368 facta
1921 4311 2166 4368 Trinitas

580 4402 908 4469 invenietur,
955 4403 1238 4459 additione
1279 4412 1558 4471 suscepta,
1589 4405 1734 4474 quod
1779 4404 2008 4475 impium
2055 4416 2162 4462 est.

585 4496 741 4564 Quod
768 4498 814 4554 si
837 4498 1054 4569 proprie
1080 4514 1145 4554 ac
1175 4499 1528 4568 peculiariter
1557 4499 1720 4556 habet
1745 4499 1929 4572 imago
1956 4501 2162 4558 Christi

581 4601 646 4646 ut
696 4590 857 4646 latria
884 4590 1109 4646 colenda
1143 4591 1248 4656 sit;
1289 4590 1397 4646 hoc
1440 4591 1608 4645 etiam
1638 4591 1802 4645 modo
1841 4592 2014 4647 latriae
2044 4595 2165 4652 duae

581 4682 958 4752 deprehensae,
991 4683 1059 4738 ad
1093 4691 1360 4739 creaturae
1387 4683 1595 4739 cultum
1617 4699 1717 4739 nos
1749 4685 2040 4751 adducent,
2063 4701 2163 4756 pe,

582 4744 738 4828 rinde
783 4789 848 4829 ac
895 4744 1122 4829 haeresis
1173 4774 1527 4831 Arianorum.
1580 4774 1686 4829 Sed
1721 4789 1892 4845 apage
1934 4744 2166 4844 impium
2197 4744 2242 4801 Β

582 4879 828 4920 sensum.
859 4865 935 4920 'l‘e
955 4880 1086 4920 vero
1108 4865 1287 4921 bonus
1317 4863 1461 4921 Deus
1487 4875 1674 4921 noster
1701 4874 1884 4922 servet
1913 4865 2162 4935 illaesum,

584 4966 637 5010 et
669 4957 792 5012 sine
831 4956 1154 5022 offensione,
1203 4968 1319 5013 tum
1354 4958 1412 5014 in
1458 4959 1762 5014 orthodoxa
1793 4959 1921 5024 lide,
1958 4968 2074 5014 tum
2108 4960 2164 5014 in

583 5051 818 5111 honesta
875 5053 999 5108 vitae
1053 5053 1390 5122 conditione,
1445 5069 1611 5126 quam
1657 5070 1755 5128 per
1793 5055 2164 5127 virginitatem

584 5143 820 5217 elegisti,
849 5155 909 5200 ut
937 5145 1151 5216 placeas
1183 5147 1433 5204 Domino.

675 5402 719 5436 ¹⁹
743 5400 946 5478 Sermo
970 5405 994 5458 l
1033 5402 1101 5459 de
1122 5402 1357 5462 diversis
1383 5404 1677 5478 utriusque
1732 5405 2073 5464 ‘l'estamenti
2104 5404 2263 5463 locis.

2273 3480 2506 3550 ἄγγελον
2531 3482 2591 3534 ὲν
2620 3480 2790 3537 εικόνι
2813 3497 2827 3512 υ
2870 3499 2890 3532 ι
2920 3480 3017 3534 κού⁸
3045 3483 3074 3534 6
3101 3480 3367 3549 Θεολόγος
3405 3481 3691 3553 Γρηγόριος
3717 3481 3801 3533 πά-

2271 3571 2356 3626 λιν
2387 3587 2401 3601 °
2438 3588 2460 3622 ι
2494 3570 2574 3642 Τῇ
2601 3569 2646 3624 δ’
2669 3566 2739 3642 ἦν
2769 3571 3140 3642 ύπερκύπτων
3195 3570 3465 3642 Πολέμων
3513 3572 3570 3626 ὲν
3594 3572 3751 3626 εἰκόνι.
3781 3589 3798 3620 ι

2273 3665 2485 3718 Οὐκοῦν
2514 3665 2610 3719 καὶ
2648 3666 2678 3718 6
2717 3665 2956 3736 Χριστὸς
3004 3667 3062 3720 ὲν
3085 3667 3150 3737 τῇ
3175 3666 3358 3738 ἐκείνῃ
3391 3665 3498 3739 [αι.
3531 3665 3710 3738 οἰκείᾳ]
3739 3665 3801 3718 ει-

2273 3755 2392 3810 κόνι
2421 3756 2516 3809 καὶ
2539 3754 2824 3828 όρώμενός
2853 3758 2972 3810 ἐστι
3023 3758 3120 3816 καὶ
3171 3759 3657 3830 προσκυνούμενος.
3691 3757 3803 3810 Ἀλλ’

2271 3849 2321 3906 εἰ
2344 3847 2440 3902 καὶ
2467 3849 2892 3918 όμοιωματικως
2914 3889 2930 3914 ,
2963 3850 3134 3921 ὅμως,
3156 3851 3240 3904 ὃτι
3260 3851 3428 3916 αὐτὸς
3467 3852 3802 3922 προσκυνεῖται

2273 3941 2370 3995 καὶ
2420 3940 2585 4004 αὐτὸς
2634 3941 2981 4012 λατρεύεται,
3024 3942 3084 3996 ού
3139 3942 3248 4016 μὴν
3279 3943 3313 4015 ἠ
3344 3941 3514 3998 εἰκὼν
3543 3941 3691 3998 αὐτοῦ
3727 3941 3800 3994 λα·

2272 4033 2470 4105 τρευτή
2523 4048 2539 4064 ο
2561 4033 2686 4090 ἐπεὶ
2711 4033 2866 4087 οὐδὲν
2894 4034 3155 4105 διάφορον
3198 4035 3406 4100 εἰκόνος
3445 4037 3542 4090 καὶ
3570 4033 3800 4106 πρωτοτύ-

2273 4140 2399 4177 που.
2429 4123 2689 4192 Καίτοιγε
2715 4124 2890 4183 ταῦτα
2917 4125 3032 4190 δύο,
3057 4129 3122 4197 τῇ
3143 4126 3497 4199 διαφορότητι
3519 4127 3614 4200 τῆς
3631 4126 3796 4188 οὐσίας.

2271 4217 2332 4273 ού
2360 4219 2426 4290 τῇ
2453 4217 2734 4288 ὁμοιότητι
2779 4221 2878 4288 τῆς
2933 4219 3307 4285 ὑποστάσεως.
3345 4221 3593 4281 Ἔπειτα,
3637 4220 3717 4272 καὶ
3760 4219 3798 4270 ει

2273 4309 2317 4360 Τ
2324 4311 2444 4379 ριὰς
2485 4309 2621 4380 μόνη
2655 4309 2773 4363 ἐστὶ
2818 4310 3213 4382 λατρευομένη,
3251 4312 3368 4376 πῶς
3409 4312 3604 4367 δύναιτ’
3629 4312 3688 4366 ἂν
3725 4309 3797 4364 καὶ

2273 4403 2306 4469 ἡ
2337 4399 2501 4454 εἰκὼν
2556 4401 2954 4473 λατρεύεσθαι;
3007 4402 3368 4474 εὑρεθήσεται
3419 4405 3528 4476 γὰρ
3562 4402 3732 4475 τετρὰς
3767 4403 3792 4472 tl

2271 4494 2464 4563 Τριὰς,
2497 4492 2819 4564 προσθήκην
2877 4495 3148 4566 δεξαμένη
3175 4511 3190 4526 ·
3229 4495 3368 4568 ὅπερ
3420 4496 3569 4551 ἐστὶν
3616 4493 3792 4556 άσεόές.

2272 4586 2336 4641 Ei
2359 4587 2416 4642 δὲ
2446 4587 2541 4642 καὶ
2573 4586 2880 4650 ἰδιαζόντως
2909 4587 3024 4658 ἔχει
3047 4586 3108 4641 τὸ
3131 4588 3430 4660 λατρευτὸν
3455 4593 3488 4660 ή
3521 4588 3668 4643 εἰκὼν
3688 4587 3794 4656 Χρι-

2273 4677 2400 4732 στοῦ
2423 4694 2438 4708 ·
2467 4679 2563 4732 καὶ
2608 4675 2752 4732 οὕτω
2779 4677 2875 4732 δύο
2900 4679 3147 4750 λατρείαι
3189 4681 3572 4754 εύρισκόμεναι
3615 4681 3686 4742 εἰς
3709 4693 3794 4731 κτι·

2273 4768 2680 4840 σματολατρίαν
2706 4769 2852 4839 ἡμᾶς
2871 4770 3153 4838 ἀγάγοιεν,
3174 4771 3368 4842 ἐπίσης
3392 4773 3490 4842 τῆς
3507 4771 3607 4824 τῶν
3620 4771 3791 4840 Ἀρειαο

2266 4859 2374 4913 -νῶν
2406 4859 2692 4932 αἱρέσεως.
2738 4861 2879 4916 Ἀλλ’
2897 4861 3080 4931 ἄπαγε
3099 4862 3196 4918 τοῦ
3221 4863 3454 4928 ἀσεϐοῦς
3473 4863 3787 4936 φρονήματος.

2269 4952 2338 5005 Σὲ
2368 4953 2425 5006 δὲ
2460 4953 2490 5005 6
2519 4952 2726 5022 ἀγαθὸς
2757 4953 2890 5019 Θεὸς
2930 4955 3091 5025 ἡμῶν
3112 4956 3530 5026 περιφυλάξειεν
3555 4953 3694 5022 ἀσινῆ
3715 4949 3790 5004 καὶ

2267 5046 2620 5116 ἀπρόσκοπον
2645 5049 2712 5117 τῇ
2740 5064 2801 5100 τε
2849 5047 3118 5119 όρθοδόξῳ
3164 5049 3370 5114 πίστει,
3405 5049 3497 5104 καὶ⁷
3544 5049 3603 5118 τῇ
3632 5058 3787 5114 σεμνο·

2270 5140 2474 5209 πρεπεῖ
2502 5138 2771 5210 πολιτείᾳ,
2799 5139 2866 5210 ἢν
2916 5139 3007 5193 διὰ
3052 5140 3354 5211 παρθενίας
3395 5139 3650 5214 προείλου,
3679 5132 3785 5206 πρὸς

2272 5231 2634 5304 εὐαρέστησιν
2663 5231 2894 5302 Κυρίου.

2366 5405 2410 5442 ὀ
2446 5405 2620 5460 lamb.
2657 5406 2741 5466 18.

2098 5581 2303 5642 NOTAE
2315 5623 2328 5639 .

643 5736 710 5815 (‘)
743 5734 1081 5808 Dogtualica.

2359 5738 2469 5811 (13)
2511 5737 2570 5796 in
2615 5741 2738 5800 cod.
2770 5743 2901 5814 lieg.
2937 5745 3040 5801 σκ⁸.
