4102 6374
300 364 437 435 1657
1450 364 1687 417 EPISTI

464 476 613 533 ΣΙΗ¹.
646 475 757 549 (Il)
778 507 848 520 —
877 474 1180 546 Δημητρίῳ
1231 469 1464 538 ὑπάτῳ.
1487 464 1687 542 [χμβ’.]

1450 354 1983 417 EPISTOLARUM
2026 353 2174 415 LIB.
2202 353 2286 415 II.

1894 477 1944 532 Δ.

2249 360 2286 415 [.

2249 463 2524 523 CCXVIII.
2552 495 2624 507 —
2654 465 2925 524 Demetrio
2953 468 3156 524 consuli
3180 471 3269 541 (’).
3414 360 3553 426 1658

297 613 672 671 Constantinum
697 617 832 668 Iren.
858 616 928 667 nl.
953 614 1018 668 ob
1036 618 1237 678 nuptias
1262 613 1569 667 adulterinas
1596 609 2061 735 meritoﬂllrtiargggg
2080 609 2294 661 alterum
2326 610 2441 672 dici,
2465 615 2683 662 attamen
2706 610 2865 675 ipsius
2884 614 3197 664 mentionem
3222 614 3273 663 in
3304 625 3361 664 re
3382 613 3548 665 divina

1806 687 1833 722 e
2060 708 2072 719 .

1806 687 1881 722 ert
1903 687 2072 722 υοεεθ.

369 784 586 858 Μικροῦ
612 786 706 842 uel.
730 801 994 859 προτερον
1020 788 1108 842 διὰ
1137 786 1230 841 τοῦ
1280 786 1610 859 γράμματος
1662 783 1862 840 ἀπελο-

296 882 608 953 γησάμεθα,
636 883 711 945 ὡς
742 882 909 953 πολλὴ
963 882 1057 935 καὶ
1104 882 1243 954 ὑπὲρ
1286 883 1385 953 τὴν
1437 881 1597 947 ἀξίαν
1644 881 1801 952 ἡμῶν
1832 882 1867 952 ἠ

295 974 480 1035 πίστις
516 988 630 1035 σου,
687 971 955 1036 Δέσποτα,
984 971 1020 1041 ἦ
1065 988 1122 1024 τε
1164 971 1298 1042 τιμὴ
1353 972 1445 1025 καὶ
1486 973 1519 1042 ἡ
1566 972 1865 1041 ἀγάπησις.

308 1065 501 1135 Ἡμεῖς
529 1063 587 1117 δὲ
615 1062 713 1132 οὐχ
761 1061 932 1127 οὕτως
990 1063 1157 1133 ὲσμὲν
1210 1062 1357 1117 καθὰ
1414 1063 1864 1133 ὑπολαμϐάνετεο

296 1155 410 1211 ἀλλ’
442 1153 761 1226 ἁμαρτωλοὶ
793 1154 873 1218 είς
899 1153 1055 1207 οὐδὲν
1092 1154 1304 1223 ἔφελος,
1342 1153 1471 1209 οὔτε
1531 1155 1683 1224 ὑμῖν,
1742 1154 1870 1209 οὔτε

298 1246 405 1315 μὴν
443 1243 624 1307 ἄλλοις
659 1243 1017 1315 ὑπάρχοντες.
1050 1244 1148 1315 Εῐη
1178 1244 1236 1299 δὲ
1287 1246 1415 1315 ὑμῖν
1462 1245 1603 1298 κατὰ
1639 1245 1740 1316 τὴν
1771 1261 1869 1298 πε·-

297 1336 550 1406 ποίθησιν
572 1338 600 1391 6
634 1337 827 1406 μισθὸς
857 1337 949 1392 καὶ
977 1339 1005 1392 ὁ
1036 1338 1183 1403 ἔλεος
1210 1337 1364 1411 παρὰ
1398 1340 1632 1410 Κυρίου,
1681 1340 1778 1393 σὺν
1799 1341 1868 1412 τῇ

297 1429 463 1501 κυρίᾳ
490 1428 786 1501 ὐπατίσσῃ,
810 1429 906 1483 καὶ
940 1431 1053 1493 τοῖς
1101 1431 1379 1501 εὐγενέσιν
1419 1432 1575 1503 ὑμῶν
1614 1431 1867 1496 κλάδοιςο

296 1517 371 1576 ὧν
400 1522 607 1585 καὶτὰς
632 1521 947 1594 προσφορὰς
967 1522 1251 1592 δεξάμενοι
1271 1525 1731 1596 προσηνέγκαμεν
1756 1525 1871 1577 Κυ-

300 1613 399 1685 ρίῳ
418 1614 487 1666 τὰ
517 1614 870 1685 χαριστήρια.
911 1613 1051 1667 Ἀλλ’
1076 1615 1169 1667 ἐπὶ
1188 1614 1252 1669 τὸ
1283 1617 1609 1685 κατεπεῖγον
1634 1618 1662 1669 ὁ
1688 1615 1866 1685 λόγος.

308 1705 709 1777 Ἐλυπήθησαν,
733 1707 886 1778 φησὶ,
913 1707 1055 1771 τινὲς
1078 1708 1164 1762 διὰ
1185 1708 1277 1762 τὸν
1308 1708 1563 1780 δεύτερον
1592 1708 1868 1782 Ἡρώδην,

295 1801 376 1854 δτι
400 1798 674 1873 ὁρθόδοξος
707 1795 775 1872 ἦν
802 1801 897 1853 καὶ
928 1802 963 1871 ἡ
1006 1801 1300 1872 Ἐκκλησία
1324 1801 1654 1874 μνημονεύει
1678 1801 1870 1857 αὑτοῦ.

296 1890 521 1964 Πρῶτον
554 1891 653 1963 μὲν
691 1891 935 1964 Ἡρώδην
964 1891 1195 1965 σύνηθες
1224 1894 1405 1962 λέγειν
1433 1895 1563 1958 τοὺς
1599 1893 1871 1966 κρατοῦν-

295 2000 393 2046 τας
414 1999 429 2013 θ
466 1982 612 2036 καθά
638 2000 801 2054 φησιν
820 1985 848 2035 ὁ
881 1983 1142 2053 Θεολόγος
1164 1999 1178 2014 °
1217 2002 1236 2037 ι
1283 1984 1411 2039 Ἐὰν
1448 1986 1663 2059 Ἡρώδῃ
1690 2003 1872 2057 παρα-

2037 782 2105 836 Ει
2145 783 2306 855 paulo
2357 793 2515 840 antea
2562 801 2659 857 per
2698 786 2908 843 litteras
2953 790 3548 856 commemoravimus,

1967 886 2172 947 quanta
2210 886 2358 932 esset
2404 888 2457 933 et
2494 895 2658 949 quam
2697 896 2863 951 supra
2894 882 3150 936 meritum
3200 894 3448 938 nostrum
3484 884 3552 941 lio

1968 968 2128 1023 ducia
2179 979 2293 1035 tua,
2346 968 2596 1037 Domine,
2648 971 2997 1028 observantia
3020 974 3171 1034 item.
3209 990 3272 1029 ac
3299 976 3547 1037 dilectio.

1967 1058 2078 1116 Nos
2108 1076 2242 1116 vero
2276 1077 2383 1117 non
2417 1062 2453 1116 ii
2482 1078 2677 1119 sumus
2710 1080 2851 1134 quos
2879 1079 3003 1120 esse
3036 1067 3410 1132 arbitramini,
3453 1069 3549 1124 sed

1968 1161 2308 1221 peccatores,
2367 1158 2603 1223 quorum
2660 1152 2840 1209 inanis
2910 1164 3030 1208 tum
3081 1155 3241 1210 vobis
3279 1164 3393 1210 tum
3426 1156 3550 1213 aliis

1969 1258 2134 1314 opera
2159 1252 2263 1299 est.
2287 1243 2372 1299 Sit
2402 1253 2581 1300 autem
2603 1244 2758 1301 vobis
2781 1244 3083 1300 secundum
3118 1246 3278 1302 ﬁdem
3309 1256 3549 1303 vestram

1969 1352 2180 1393 merces
2235 1345 2291 1392 et
2339 1336 2718 1392 misericordia
2775 1353 2807 1394 a
2853 1338 3110 1404 Domino,
3163 1355 3289 1395 cum
3326 1340 3548 1396 domina

1970 1428 2300 1495 eonsulissa,
2329 1429 2610 1501 nobilique
2648 1432 2835 1487 sobole
2874 1443 3054 1488 vestra
3083 1452 3097 1489 :
3127 1450 3363 1504 quorum
3396 1436 3549 1491 obla-

1970 1523 2214 1577 tionibus
2248 1523 2486 1594 acceptis
2526 1523 2828 1581 obtulimus
2869 1524 3103 1582 Domino
3146 1544 3395 1584 munera.
3435 1528 3543 1584 Sed

1970 1613 2039 1669 ad
2075 1615 2347 1685 negotium
2390 1630 2590 1686 urgens
2616 1631 2680 1670 ac
2708 1619 3078 1674 necessarium
3110 1621 3288 1675 oratio
3316 1637 3551 1676 conver-

1974 1714 2139 1761 tatur.
2171 1706 2335 1778 IEgre
2362 1705 2465 1762 fuit
2502 1709 2798 1777 nonnullis,
2833 1710 3028 1780 inquit,
3075 1711 3146 1765 ob
3174 1710 3553 1777 Herodemval-

1972 1808 2176 1865 terum,
2221 1800 2367 1871 quod
2396 1800 2735 1857 orthodoxus
2771 1802 2954 1871 fuerit,
2994 1813 3047 1859 et
3074 1803 3319 1862 Ecclesia
3369 1806 3552 1876 ipsum

1972 1899 2383 1946 commemoret.
2411 1890 2657 1947 Primum
2688 1892 2930 1962 quidem,
2960 1894 3185 1951 solenne
3207 1905 3295 1951 est
3318 1895 3552 1953 Herodis

1974 1982 2333 2051 appellatione
2377 1983 2653 2054 principes
2701 1984 2964 2041 indicare.
3006 1985 3089 2041 Ad
3130 2002 3294 2057 quem
3330 1987 3552 2043 modum

298 2078 450 2147 στῇς,
476 2076 773 2147 σιώπησον.
804 2097 824 2131 ι
854 2078 1085 2132 Ἔπειτα
1129 2078 1505 2135 σκοπείτωσαν
1553 2080 1603 2133 οἱ
1634 2079 1870 2151 ἐπισκή-

1974 2073 2284 2146 Theologus
2312 2074 2430 2131 ait:
2468 2095 2486 2128 ι
2525 2076 2582 2130 Si
2631 2091 2817 2132 coram
2849 2078 3060 2133 Herode
3095 2056 3336 2145 steteris,
3369 2080 3491 2135 sile.
3525 2098 3546 2133 ι

296 2184 543 2231 πτοντες.
584 2169 634 2221 εί
695 2167 771 2240 μὴ
812 2168 1038 2233 εἰκότως
1083 2170 1118 2240 ἡ
1147 2169 1504 2242 ἀφομοίωσις.
1551 2169 1610 2225 ⁸0
1650 2170 1872 2241 πρῶτος

310 2257 557 2330 Ἡρώδης
584 2260 817 2326 γυναῖκα
840 2257 979 2329 ἔχων
1001 2258 1101 2331 τὴν
1120 2257 1402 2331 θυγατέρα
1434 2258 1630 2331 Ἀρέτα
1648 2258 1744 2314 τοῦ
1771 2258 1871 2330 βα-

300 2349 511 2415 σιλέως,
544 2350 639 2403 καὶ
691 2349 897 2421 ταύτην
948 2349 1217 2418 ἐκϐαλὼν,
1256 2351 1448 2423 εἴληφε
1496 2352 1596 2425 τὴν
1631 2354 1871 2422 γυναῖκα

296 2441 562 2496 ⁴ιιιλίππου
588 2439 685 2493 τοῦ
724 2438 957 2511 ἀδελφοῦ
986 2441 1152 2496 αὐτοῦ
1206 2444 1288 2508 είς
1325 2443 1581 2516 δεύτερον
1626 2445 1873 2500 συνοικέ-

300 2549 448 2586 σιονο
484 2533 580 2586 καὶ
610 2532 799 2603 ἐπειδὴ
837 2531 990 2604 παρὰ
1057 2534 1149 2587 τὸν
1188 2534 1351 2605 νόμον
1379 2536 1560 2600 τοῦτο,
1585 2536 1869 2608 ἐλέγχεται

301 2623 406 2676 ὑπὸ
434 2621 527 2676 τοῦ
555 2621 868 2694 Προδρόμου
890 2637 906 2654 °
935 2625 1029 2677 καὶ
1053 2624 1130 2694 μὴ
1156 2624 1336 2696 φέρων
1355 2626 1447 2680 τὸν
1464 2625 1707 2698 ἔλεγχον,
1730 2628 1873 2682 κτεί-

300 2732 379 2770 νει
406 2715 499 2769 τὸν
522 2716 827 2786 προφήτην.
861 2710 995 2770 Εἶτα
1040 2715 1177 2786 μετὰ
1226 2716 1424 2787 μικρὸν
1460 2718 1564 2771 ὑπὸ
1590 2717 1685 2773 τοῦ
1739 2718 1872 2773 ἰδίου

298 2806 426 2861 λαοῦ
454 2804 840 2870 ἀνασοόευθεὶς
868 2806 1153 2875 φονεύεται
1179 2825 1195 2837 ’
1227 2808 1321 2861 τοῦ
1345 2808 1712 2877 δικαιοκρίτου
1736 2809 1872 2864 Θεοῦ

299 2899 457 2965 ἀξίαν
489 2897 865 2969 ἐπαγαγόντος
896 2898 1055 2970 δίκην
1097 2898 1175 2969 τῷ
1209 2902 1464 2971 φονευτῇ,
1488 2901 1610 2955 ἀντὶ
1640 2901 1872 2956 θανάτου

300 2990 447 3045 ὁσίου
481 2988 709 3044 θάνατον
739 2990 1032 3046 οἴκτιστον.
1067 2988 1353 3062 Ἐλϐωμεν
1389 2990 1485 3045 ἐπὶ
1514 2992 1607 3046 τὸν
1646 2992 1777 3066 περὶ
1810 2986 1873 3047 οῦ

298 3085 327 3138 6
349 3082 523 3151 λόγος.

369 3177 610 3230 Γυναῖκα
642 3173 843 3238 καύτὸς
872 3173 1012 3246 ἔχων
1037 3174 1259 3245 Μαρίαν
1302 3174 1404 3246 τὴν
1449 3176 1699 3248 νομίμως
1742 3194 1874 3231 συν-

300 3268 565 3337 αφθείσαν
596 3266 746 3337 αὑτῷ
774 3267 839 3320 ὲκ
882 3266 1155 3338 νεότητος,
1195 3266 1444 3322 ὲκόαλῶν
1495 3268 1720 3341 ταύτην,
1755 3287 1876 3341 μοις

300 3359 491 3431 χικῶς,
531 3356 672 3411 κατά
699 3356 792 3410 τὸν
818 3356 973 3424 λόγον
1008 3356 1100 3410 τοῦ
1126 3358 1356 3428 Κυρίου,
1404 3359 1594 3430 εἴληφε
1640 3363 1875 3429 γυναῖκα

301 3447 563 3516 Θεοδότην
614 3446 1067 3519 διουϐικουλαρίαν
1096 3451 1175 3511 εἰς
1215 3448 1470 3521 δεύτερον
1500 3452 1836 3507 συνοικὲσιον
1856 3468 1870 3486 ο

303 3540 397 3594 καὶ
425 3536 612 3609 ἐπειδὴ
648 3537 798 3608 παρὰ
829 3537 898 3590 τὰ
918 3537 1223 3606 Εὑαγγέλια
1253 3540 1429 3606 τοῦτο,
1462 3541 1741 3613 ἐλέγχεται
1771 3543 1875 3598 ὑπὸ

305 3631 594 3693 Πλάτωνος
628 3629 771 3683 κατὰ
798 3630 1091 3699 πρόσωπον
1116 3642 1131 3657 ·
1171 3630 1266 3682 καὶ
1294 3631 1369 3705 μὴ
1398 3632 1579 3702 φέρων
1602 3635 1696 3687 τὸν
1718 3634 1876 3704 ελεγ-

303 3741 417 3795 χον,
449 3722 620 3776 κλείει
648 3720 741 3774 τὸν
768 3720 915 3774 ὅσιον
939 3720 1015 3783 ὼς
1045 3718 1389 3790 τεθαμμένον
1412 3738 1427 3752 ·
1459 3718 1581 3775 εἶτα
1612 3726 1750 3794 μετὰ
1786 3742 1877 3795 μι-

304 3816 436 3888 κρὸν
469 3814 576 3868 ὑπὸ
600 3812 698 3868 τοῦ
735 3813 977 3884 ὑπηκόου
1017 3813 1401 3877 ἀνασοὸευθεὶς
1438 3815 1753 3885 τυφλοῦται,
1778 3817 1876 3873 τοῦ

302 3906 632 3962 δικαιοδότω
690 3904 826 3960 Θεοῦ
885 3904 1265 3977 προσήκουσαν
1301 3907 1674 3976 ἐπαγαγόντος
1722 3909 1877 3984 δίκην

304 3998 383 4071 τῷ
412 4000 738 4072 φρουριστῇ,
770 3999 890 4051 ἀντὶ
925 3996 1175 4065 φυλακῆς
1202 3996 1356 4060 ὁσίας
1383 3999 1635 4070 πήρωσιν
1675 3999 1879 4071 ὀφθαλ-

307 4091 445 4162 μῶν.
487 4087 869 4144 Ἑνωτισάσθω
898 4082 993 4142 οὖν
1031 4088 1140 4150 πᾶς
1170 4085 1310 4158 ἔχων
1331 4086 1479 4157 νοῦν,
1524 4088 1601 4152 ὡς
1652 4089 1759 4163 ἄρα
1802 4090 1879 4145 δι..

305 4167 478 4247 καίως
506 4180 759 4252 δεύτερος
791 4178 1038 4250 Ἡρώδης
1084 4180 1513 4247 Κωνσταντῖνος,
1546 4182 1635 4235 ἐπ’
1666 4182 1733 4237 ἂν
1776 4185 1877 4240 οὐκ

304 4273 433 4335 ἀλλο
458 4274 645 4327 ἔκτοτε
679 4272 840 4344 μέχρι
866 4270 962 4325 τοῦ
990 4271 1148 4343 δεῦρο
1177 4272 1430 4345 πέπραχε
1458 4274 1722 4343 τοιοῦτον,
1759 4277 1879 4331 ὄνος.

308 4366 574 4441 μάζοιτοο
618 4366 782 4430 αὐτὸς
832 4364 1011 4441 ἑαυτῷ
1071 4366 1414 4438 προξενήσας
1459 4370 1780 4439 πρακτικῶς
1817 4370 1879 4425 τὸ

304 4460 498 4530 ὄνομα.
533 4459 643 4514 Καὶ
670 4475 737 4511 πε
748 4460 801 4531 pl.
827 4457 1021 4512 τούτου
1055 4458 1359 4529 πράγματα
1390 4459 1465 4531 μὴ
1486 4463 1878 4533 παρεχέτωσαν

305 4554 459 4623 ἡμῖν.
487 4552 562 4605 Οὐ
592 4550 815 4607 δύναται
845 4549 1081 4620 Χριστὸς
1103 4552 1137 4621 ἡ
1173 4550 1402 4623 ἀλήθεια
1417 4552 1723 4623 ψεύσασθαι
1750 4572 1764 4587 ’
1795 4555 1878 4609 ὅτι

310 4644 498 4715 μοιχός
523 4647 694 4708 ἐστιν,
726 4642 847 4697 οὐδὲ
870 4643 899 4695 ὁ
930 4641 1296 4708 ἁντιπίπτων,
1330 4643 1412 4698 ὅτι
1441 4646 1516 4716 μὴ
1538 4645 1658 4719 οὐχὶ
1682 4645 1879 4718 θεομα-

308 4738 415 4807 χεῖ.
438 4737 547 4790 Καὶ
567 4736 629 4790 οὐ
650 4735 802 4806 λήξοι
835 4733 1165 4805 λαλούμενον
1179 4735 1207 4789 ὃ
1227 4736 1481 4807 ἐποίησεν
1506 4740 1534 4790 6
1558 4738 1875 4810 μοιχεύσας,

308 4810 415 4893 ἕως
451 4827 764 4892 συντελείας
812 4828 907 4883 τοῦ
956 4828 1173 4893 αἰῶνος.
1217 4829 1357 4883 Ἀλλ’
1382 4830 1571 4902 ἐπειδὴ
1596 4832 1645 4884 ot
1676 4831 1877 4887 Xenod-

312 4935 465 4988 μενοι
517 4920 944 4991 συναπήχθησαν
984 4922 1054 4993 τῇ
1111 4922 1357 4995 μοιχείᾳ,
1388 4922 1646 4979 ἀνιῶνται
1693 4926 1881 4989 κακῶς

306 5010 374 5080 τῇ
414 5009 718 5080 ὑπομνήσει
745 5028 760 5043 ·
789 5011 905 5066 δέον
926 5013 1128 5077 αὐτοὺς
1153 5014 1435 5083 ὁμολογεῖν
1460 5016 1521 5069 τὸ
1536 5016 1756 5088 ἀληθὲς,
1786 5019 1881 5074 καὶ

307 5100 673 5169 προσπίπτειν
705 5102 799 5158 καὶ
825 5104 1177 5175 προσκλαίειν
1207 5105 1285 5176 τῷ
1321 5105 1441 5179 Θεῷ
1481 5107 1622 5181 ὑπὲρ
1650 5110 1748 5179 τῆς
1773 5111 1880 5164 ἀπ-

308 5191 534 5262 αγωγῆς
567 5193 652 5261 ἐφ’
745 5194 840 5249 καὶ
863 5192 1094 5251 δώσουσι
1143 5196 1298 5267 λόγον
1329 5198 1389 5252 ὲν
1432 5199 1614 5273 ἡμέρᾳ
1643 5202 1880 5274 κρίσεως¹

313 5285 391 5361 μὴ
417 5285 828 5361 μετανοοῦντες.
844 5289 907 5344 0t
936 5287 994 5342 δὲ
1023 5290 1159 5360 πρὸς
1183 5291 1243 5345 τὸ
1268 5290 1593 5363 παροξύνειν
1609 5293 1700 5348 τὸν
1716 5293 1873 5360 Θεὸν,

310 5375 391 5437 δτι
422 5376 696 5449 ἁμαρτίας
746 5380 832 5450 ἐφ’
863 5380 1109 5453 ἁμαρτίᾳ
1156 5382 1495 5439 ἐπισπῶνται
1522 5400 1536 5415 ο
1569 5384 1602 5455 ἢ
1649 5384 1872 5457 λέληθεν

1972 2164 2319 2235 Perpendant
2346 2162 2543 2220 deinde
2578 2166 2670 2237 qui
2700 2176 2983 2231 accusant,
3011 2184 3192 2223 annon
3220 2169 3554 2226 conveniens

1972 2258 2313 2328 comparatio
2365 2257 2455 2313 sit.
2498 2256 2716 2315 Primus
2762 2258 3003 2316 Herodes
3067 2278 3293 2316 uxorem
3344 2262 3553 2317 habens

1971 2351 2137 2406 tiliam
2168 2350 2347 2407 Aretre
2384 2350 2548 2420 regis,
2584 2366 2647 2406 ea
2682 2352 2931 2416 dimissa,
2972 2353 3260 2424 conjugem
3314 2354 3547 2425 Philippi

1971 2437 2159 2494 fratris
2184 2438 2266 2493 sui
2298 2442 2506 2509 accepit
2536 2439 2589 2493 in
2621 2441 2849 2496 alterum
2900 2444 3237 2498 connubium
3269 2462 3283 2498 :
3330 2454 3386 2500 et
3413 2460 3555 2515 quo-

1973 2531 2121 2586 niam
2157 2532 2209 2587 id
2242 2542 2436 2603 praeter
2483 2534 2678 2602 legem,
2720 2536 2966 2606 arguitur
2991 2552 3022 2591 a
3056 2535 3445 2605 Praecursore;
3489 2554 3555 2596 ac

1972 2624 2449 2693 reprehensionem
2506 2641 2615 2680 non
2658 2623 2863 2694 ferens,
2928 2630 3250 2699 praphetam
3300 2630 3552 2686 occidit:

1971 2715 2167 2772 deinde
2202 2716 2346 2772 haud
2390 2718 2565 2773 multo
2605 2728 2728 2789 post
2763 2735 2793 2774 a
2821 2722 3045 2791 proprio
3093 2722 3293 2791 populo
3342 2723 3554 2794 ejectus

1973 2808 2279 2865 occiditur:
2332 2809 2484 2881 justo
2527 2808 2639 2867 Deo
2684 2813 2902 2868 vindice
2945 2814 3185 2869 debitam
3222 2817 3556 2886 rependente

1974 2898 2259 2955 homicida:
2296 2902 2583 2969 ultionem,
2631 2919 2730 2973 pro
2774 2905 2877 2960 viri
2908 2906 3082 2961 sancti
3116 2922 3247 2962 nece
3271 2908 3556 2965 miserabi-

1973 2990 2079 3047 lem
2119 2994 2417 3050 interitum.
2456 2996 2536 3052 Ad
2568 3013 2693 3054 eum
2751 3017 2916 3073 porro
2962 3003 3268 3073 veniamus,
3327 3004 3394 3061 de
3443 3020 3557 3077 quo

1974 3099 2160 3140 sermo
2184 3094 2267 3141 est
2307 3087 2613 3146 institutus.

2048 3176 2285 3235 Uxorem
2341 3191 2394 3236 et
2439 3182 2526 3239 hic
2585 3199 2710 3240 cum
2769 3186 2993 3244 haberet
3050 3189 3277 3245 Mariam
3318 3191 3556 3262 legitime

1976 3267 2079 3325 sibi
2126 3269 2196 3325 ab
2246 3271 2612 3329 adolescentia
2662 3278 3022 3346 copulatam;
3070 3280 3172 3336 hac
3217 3283 3410 3351 ejecta,
3458 3300 3556 3353 per

1977 3361 2328 3427 adulterium,
2375 3364 2533 3435 juxta
2569 3367 2793 3421 verbum
2850 3370 3088 3437 Domini,
3128 3374 3336 3443 accepit
3363 3376 3556 3445 conju-

1980 3471 2101 3527 gem
2152 3454 2476 3512 Theodoten
2518 3459 2911 3516 cubiculariam
2964 3464 3204 3519 secundo
3234 3467 3552 3525 connubio:

1979 3551 2317 3620 etquoniam
2349 3552 2403 3606 id
2456 3562 2649 3608 contra
2696 3554 3051 3626 Evangelium
3098 3568 3203 3625 est,
3248 3576 3279 3615 a
3324 3559 3554 3619 Platone

1980 3657 2165 3700 coram
2192 3646 2638 3715 reprehenditur;
2671 3663 2905 3718 cumque
2935 3667 3041 3706 non
3069 3650 3233 3709 ferret
3262 3658 3555 3725 reprehen-
3620 3644 3623 3647 ’

1982 3735 2216 3800 sionem,
2248 3738 2427 3792 virum
2460 3750 2733 3806 sanctum,
2758 3750 3018 3812 tanquam
3051 3745 3342 3815 sepultum,
3370 3748 3551 3805 inclu-

1982 3825 2099 3879 dit:
2136 3827 2328 3882 deinde
2352 3831 2514 3899 paulo
2543 3840 2669 3901 post
2693 3847 2722 3885 a
2745 3822 2966 3889 subdito
2996 3837 3188 3905 pulsus
3214 3852 3549 3899 exerceatur:

1979 3918 2130 3987 justo
2148 3920 2333 3990 judice
2365 3923 2473 3979 Deo
2503 3939 2775 3995 congruas
2803 3938 3052 3983 sumente
3096 3944 3283 3999 pmnas
3306 3948 3335 3986 a
3367 3947 3554 3989 carce-

1983 4011 2153 4076 rario,
2180 4025 2281 4081 pro
2331 4013 2435 4068 viri
2471 4017 2648 4069 sancti
2700 4030 2920 4073 carcere
2964 4021 3255 4077 orbitatem
3306 4024 3552 4081 luminis.

1982 4101 2184 4157 Audiat
2209 4102 2394 4174 itaque
2419 4106 2669 4176 quisquis
2695 4118 2777 4163 est
2802 4111 3001 4167 mentis
3031 4127 3145 4168 suae
3172 4128 3418 4185 compos,
3450 4131 3553 4171 an-

1983 4209 2090 4249 non
2132 4205 2389 4266 tanquam
2444 4198 2581 4253 alter
2644 4198 2889 4257 Herodes
2950 4202 3368 4273 Constantinus,
3426 4223 3551 4265 cum
3642 4240 3647 4245 ο

1982 4287 2119 4343 nihil
2167 4289 2312 4344 aliud
2337 4305 2402 4346 er
2433 4306 2497 4346 eo
2527 4299 2767 4359 tempore
2800 4309 2980 4366 usque
3004 4297 3057 4351 in
3093 4299 3238 4354 hunc
3260 4300 3404 4355 diem
3425 4317 3553 4373 ege-

1982 4380 2073 4444 rit,
2118 4382 2313 4435 merito
2344 4383 2425 4437 sic
2470 4383 2802 4451 nominetur,
2852 4386 2994 4443 hanc
3046 4389 3160 4458 ipse
3201 4391 3303 4445 sibi
3360 4406 3585 4467 reapse.

1983 4472 2395 4542 appellationem
2427 4475 2715 4545 adoptans.
2754 4477 2833 4534 Ac
2856 4479 2923 4534 de
2956 4497 3017 4537 re
3046 4482 3150 4536 ista
3199 4498 3267 4537 ne
3293 4485 3450 4540 nobis
3477 4487 3556 4542 illi

1985 4565 2261 4621 lacessant
2310 4567 2609 4637 negotium.
2664 4570 2780 4624 Non
2814 4579 2992 4641 potest
3021 4572 3295 4641 Christus,
3332 4577 3426 4643 qui
3457 4593 3553 4631 ve-

1983 4659 2121 4713 ritas
2162 4668 2267 4724 est,
2300 4660 2519 4715 mentiri
2550 4679 2563 4716 :
2608 4661 2865 4730 quoniam
2908 4664 3155 4720 moechus
3185 4673 3269 4721 est
3306 4666 3398 4735 qui
3445 4682 3553 4721 non

1907 4772 1957 4831 υ
1984 4747 2200 4802 obsistit
2232 4766 2245 4803 :
2277 4750 2576 4819 quinetiam
2613 4749 2708 4805 Dei
2744 4750 2916 4807 hostis
2950 4762 3052 4808 est.
3094 4753 3203 4811 Nec
3234 4756 3340 4811 ulla
3374 4757 3556 4814 silebit

1981 4846 2113 4894 aetas
2142 4839 2195 4893 id
2224 4842 2368 4910 quod
2392 4843 2640 4899 moechus
2665 4844 2793 4914 egit,
2826 4860 3000 4915 usque
3024 4846 3090 4901 ad
3121 4849 3553 4905 consummatio-

1983 4946 2105 4984 nem
2173 4933 2379 4989 smculi.
2449 4934 2555 4990 Sed
2607 4938 2866 5004 quoniam
2908 4938 2945 4992 ii
2985 4940 3076 5009 qui
3121 4952 3552 5011 conqueruntur,

1982 5024 2233 5081 mcechise
2253 5026 2715 5095 obsecundarunt;
2734 5029 2898 5099 hujus
2909 5030 2988 5085 rei
3007 5032 3336 5087 mentionem
3359 5035 3554 5088 acerbe

1982 5114 2187 5173 ferunt.
2217 5116 2420 5174 Debent
2452 5120 2489 5174 ii
2515 5135 2703 5176 verum
2738 5121 3009 5187 conﬁteri,
3041 5132 3387 5194 prosternere
3409 5141 3467 5181 se
3499 5132 3553 5184 et

1984 5222 2170 5263 coram
2206 5208 2316 5263 Deo
2375 5208 2560 5279 lugere
2588 5211 2658 5266 ob
2696 5221 3017 5268 sanctorum
3065 5216 3455 5283 captivitatem,
3485 5214 3553 5272 de

1981 5310 2088 5366 qua
2118 5306 2172 5352 et
2196 5297 2457 5354 reddituri
2486 5312 2612 5357 sunt
2667 5304 2933 5359 rationem
2988 5306 3043 5359 in
3087 5306 3405 5375 diejudicii,
3433 5305 3541 5362 nisi

1980 5389 2130 5460 ipsos
2148 5390 2428 5460 poeniteat.
2460 5391 2518 5448 Si
2560 5409 2684 5451 vero
2707 5396 2774 5453 ad
2803 5397 3129 5453 irritandum
3158 5397 3329 5453 Deum
3356 5411 3547 5467 pecca-

1760 5625 1990 5687 ΝΟΤΕ.

375 5757 489 5827 (Η)
526 5758 582 5815 In
614 5756 737 5815 cod.
770 5754 902 5831 Reg.
948 5755 1047 5833 96'.

2052 5766 2115 5840 (‘)
2146 5767 2477 5841 Dogmatica.
