4102 6374
531 320 670 388 1659

1725 327 1788 394 S.
1823 321 2594 392 THEODORIfSTUDITIE

3657 307 3797 380 ιδδο

531 443 582 488 Ia
620 440 844 505 peccato
868 434 1128 506 adjiciant
1152 437 1262 508 ;ian
1300 436 1436 494 latet
1470 437 1641 510 ipsios
1680 449 1886 511 quanta
1922 457 2110 513 perse-

2227 440 2413 504 ιὺτοῦς
2430 431 2542 502 οἷος
2568 430 2811 505 διωγμὸς
2835 427 3091 486 ἐντεῦθεν
3113 424 3330 499 ἀνήφθη
3363 422 3671 496 πανταχοῦο
3695 425 3795 480 καὶ

528 527 675 581 cutio
725 526 853 582 hinc
905 527 1109 597 ubique
1165 528 1604 600 conﬂagraverit,
1654 540 1709 588 et
1757 549 1924 602 quam
1952 534 2110 588 multi

532 615 788 671 moechati
819 617 929 672 sint
961 627 1179 688 propter
1217 619 1434 690 insigne
1485 622 1587 678 hoc
1612 624 1968 694 exemplum?
2005 624 2112 680 Sed

532 708 637 763 alia
669 709 823 763 mitto
851 709 1051 774 dicere,
1085 713 1478 767 nonnullorum
1511 715 1796 770 hominum
1853 733 2110 772 reveren-

532 801 627 854 tia.
660 798 944 867 Desinant,
971 802 1289 873 quicunque
1322 803 1404 858 illi
1456 814 1604 870 sunt,
1637 807 1883 862 dolorem
1912 825 2024 878 prae
2054 825 2112 864 se

533 890 676 946 ferre
705 893 796 964 qui
827 891 938 947 Deo
977 909 1180 950 exosus
1233 903 1336 950 est.
1363 895 1502 950 Deus
1525 898 1665 951 enim
1704 913 1985 966 personam
2017 900 2114 956 ho-

534 983 691 1037 minis
719 1000 820 1037 non
853 985 1047 1054 accipit
1068 987 1142 1062 “.
1169 985 1266 1052 Ac,
1301 998 1498 1057 praeter
1524 989 1577 1043 id
1607 991 1754 1059 quod
1778 1006 1843 1046 ex
1871 989 2116 1064 Evange-

533 1073 608 1129 lio
651 1076 978 1144 accepimus,
1040 1077 1084 1132 si
1139 1078 1262 1148 quis
1313 1079 1858 1151 aliudtevangclizet,
1933 1085 2020 1139 vel
2068 1083 2115 1140 si

535 1168 760 1237 angelus
795 1167 883 1233 sit,
919 1169 1248 1224 anathemati
1293 1171 1582 1242 subjicitur
1604 1214 1618 1236 ,
1653 1177 2114 1245 quemadmodum

536 1259 727 1316 beatus
771 1261 1066 1331 Apostolus
1113 1263 1394 1318 clamat”.
1433 1263 1558 1321 Haec
1597 1282 1719 1321 cum
1767 1268 2116 1335 religiosissi-

538 1368 661 1408 mus
693 1354 1016 1424 praepositus
1044 1357 1217 1425 probe
1253 1357 1438 1426 norit;
1468 1375 1535 1414 ne
1557 1370 1944 1430 conqueratur,
1972 1360 2119 1431 quod

539 1457 764 1502 sanctus
808 1446 1168 1518 Theophanes
1213 1450 1268 1504 in
1315 1451 1419 1506 hoc
1449 1453 1669 1523 negotio
1703 1454 2117 1508 accusationem

537 1551 647 1592 non
678 1538 947 1611 eﬂ‘ngerit.
981 1540 1207 1596 Veritati
1265 1542 1412 1596 enim
1460 1544 1598 1598 nihil
1652 1545 2116 1614 anteponendum.

538 1627 650 1684 Nec
703 1630 819 1699 ipse
849 1641 1031 1702 negat,
1065 1648 1188 1688 cum
1225 1635 1378 1689 audit
1410 1653 1424 1689 :
1473 1636 1618 1691 sicut
1671 1652 1850 1708 neque
1890 1652 2122 1709 magnus

539 1721 818 1790 apostolus
876 1723 1066 1780 Petrus
1125 1727 1470 1795 negationem
1526 1743 1705 1793 suam,
1751 1743 1850 1784 nec
1895 1738 2121 1785 sanctus

541 1811 711 1866 David
756 1814 1071 1879 mmchiam,
1100 1833 1201 1873 nec
1251 1833 1406 1874 sacer
1431 1829 1637 1891 martyr
1664 1821 1969 1892 Cyprianus
2005 1838 2122 1878 ma-

414 1919 422 1928 '
540 1904 702 1974 giam.
739 1903 892 1970 Quod
914 1915 1094 1962 autem
1126 1916 1386 1979 tanquam
1423 1911 1761 1968 orthodoxus
1794 1913 1848 1968 in
1882 1915 2123 1970 Ecclesia

539 2005 1026 2065 commemoratur;
1061 2013 1408 2070 nequaquam
1434 2002 1488 2056 id
1521 2003 1816 2075 Evangelia
1861 2006 2121 2063 adversa-

541 2097 632 2142 tur
665 2110 678 2143 :
710 2090 1147 2161 quandoquidem
1191 2106 1654 2151 commemoratur
1692 2107 1746 2153 et
1778 2097 2122 2156 Valentinia-

541 2194 645 2234 nus
676 2196 689 2234 :
731 2187 788 2234 at
820 2197 928 2236 non
973 2198 1039 2238 eo
1074 2185 1221 2254 quod
1253 2185 1392 2241 duas
1434 2185 1601 2242 simul
1640 2205 1840 2246 uxores
1869 2191 2125 2247 habuerit

541 2278 737 2340 praeter
776 2271 971 2342 legem,
1007 2274 1101 2329 sed
1136 2284 1358 2346 propter
1383 2286 1585 2334 rectam
1614 2279 1772 2335 ﬁdem
1812 2300 1826 2335 :
1863 2290 1917 2336 et
1939 2279 2124 2339 Jovia-

543 2377 668 2425 nns,
733 2372 788 2416 at
818 2379 928 2419 non
975 2367 1119 2436 quod
1168 2369 1541 2424 masculorum
1600 2385 1892 2442 corruptor
1935 2372 2124 2439 fuerit,

544 2456 1002 2526 quemadmodum
1036 2470 1302 2515 narrant:
1337 2470 1392 2516 et
1423 2459 1790 2532 Nicephorus.
1825 2471 1881 2518 at
1925 2479 2032 2518 non
2063 2480 2129 2520 eo

545 2549 690 2618 quod
756 2565 955 2607 avarus
993 2551 1176 2607 fuerit.
1211 2553 1371 2609 Plura
1410 2554 1516 2609 dici
1543 2563 1597 2609 et
1620 2555 1688 2610 de
1734 2556 1856 2612 aliis
1880 2565 2131 2628 possunt,

546 2640 642 2710 qui
675 2656 988 2712 quanquam
1034 2645 1156 2700 aliis
1193 2645 1520 2701 criminibus
1554 2647 1818 2712 accusati,
1855 2655 2036 2702 tamen
2061 2648 2134 2704 0b

547 2743 750 2790 rectam
782 2735 940 2790 tidem
973 2735 1262 2801 duntaxat,
1301 2738 1568 2792 memoria
1599 2738 1979 2794 ecclesiastica
2012 2754 2128 2808 per-

549 2824 826 2881 fruuntur.
879 2827 985 2882 Sed
1018 2829 1086 2884 de
1118 2830 1204 2884 his
1235 2830 1520 2885 hactenus.
1558 2828 1638 2883 Tn
1674 2845 1822 2893 vero,
1859 2829 2128 2900 |Domine,

2210 535 2326 588 ὅσοι
2358 532 2692 603 ὲμοίχευσαν
2724 528 2789 580 ὲκ
2809 522 2906 579 τοῦ
2941 521 3280 594 προῦχοντος
3303 519 3746 591 παραδείγματος
3773 533 3794 584 ;

2213 626 2309 679 καὶ
2323 619 2491 678 τᾶλλα
2512 619 2704 676 σιωπῶ
2723 618 2926 688 λέγειν,
2947 616 3087 671 αἰδοῖ
3105 632 3266 669 τινων
3287 611 3613 686 προσώπων.
3645 612 3798 665 Παυ-

2215 717 2501 772 σάσθωσαν
2524 711 2814 768 λυπεῖσθαι
2831 710 3009 782 λύπην
3035 709 3322 777 θεοστυγῆ,
3340 707 3537 768 οἵτινες
3557 705 3624 759 ἂν
3659 702 3794 759 εἶεν.

2213 809 2548 878 Πρόσωπον
2575 805 2686 874 γὰρ
2714 804 2858 868 Θεὸς
2874 799 3191 872 ἀνθρώπου
3213 803 3286 854 οὐ
3307 797 3619 869 λαμϐάνει.
3657 797 3796 861 Καὶ,

2215 897 2346 969 παρ’
2375 895 2402 950 ὅ
2429 898 2494 949 ἐκ
2517 893 2614 948 τοῦ
2647 891 2986 962 Εὐαγγελίου
3025 889 3430 963 παρελάϐομεν,
3459 888 3558 942 ὲάν
3583 906 3669 952 τις
3700 889 3798 944 εὑ-

2215 988 2574 1060 αγγελίζηται
2599 987 2810 1059 ἕτερον,
2849 984 3010 1057 μέχρι
3063 982 3161 1038 καὶ
3196 982 3456 1051 ἀγγέλου,
3489 981 3799 1050 άναθέματι
3831 982 3848 1004 '

2217 1081 2602 1146 ὑποϐάλλεται,
2626 1077 2770 1133 καθά
2787 1077 2930 1149 βοᾷό
2950 1075 3218 1147 μακάριος
3247 1071 3587 1135 Ἀπόστολος.
3610 1070 3800 1126 Ταῦτα

2218 1175 2374 1240 εἰδὼς
2399 1175 2494 1229 καὶ
2521 1176 2550 1228 6
2579 1170 2979 1234 εὐλαϐέστατος
3031 1167 3356 1240 ἡγούμενος,
3390 1165 3467 1238 μὴ
3492 1163 3801 1235 ἔγκαλείτω

2219 1269 2349 1340 περὶ
2379 1266 2472 1321 τοῦ
2503 1265 2658 1335 ἀγίου
2701 1262 3026 1342 Θεοφάνους,
3067 1262 3151 1314 ὅτι
3182 1259 3380 1332 ᾐτιάθη
3422 1259 3481 1313 ὲν
3518 1257 3597 1329 τῷ
3619 1258 3801 1330 πράγ-

2223 1377 2373 1431 ματι.
2428 1357 2712 1428 Ἀληθείας
2742 1356 2849 1427 γὰρ
2901 1354 3057 1410 οὐδὲν
3089 1351 3643 1424 προτιμότερον.Καὶ
3699 1350 3802 1402 οὒκ

2220 1451 2576 1505 ἀπαναίνεται
2609 1445 2846 1511 ἀκούων,
2883 1447 2960 1508 ὡς
2985 1444 3109 1500 οὐδὲ
3156 1444 3361 1514 Πέτρος
3387 1443 3416 1494 6
3448 1442 3624 1511 μέγας
3661 1441 3805 1494 ἀπό-

2222 1543 2409 1607 στολος
2431 1542 2529 1614 τὴν
2555 1541 2803 1613 ἄρνησιν,
2823 1539 2946 1592 οὐδὲ
2981 1536 3144 1591 Δαϐὶδ
3166 1538 3195 1590 6
3223 1534 3376 1605 ἅγιος
3403 1534 3501 1605 τὴν
3531 1534 3802 1605 μοιχείαν,

2221 1633 2344 1687 οὐδὲ
2373 1631 2688 1702 Κυπριανὸς
2719 1630 2748 1682 6
2783 1629 3110 1699 ίερόμαρτυς
3133 1627 3235 1696 τὴν
3255 1623 3530 1694 γοητείαν.
3573 1624 3711 1694 Περὶ
3745 1622 3804 1675 δὲ

2223 1723 2318 1778 τοῦ
2355 1725 2434 1778 ὅτι
2465 1723 2540 1786 ὡς
2563 1719 2840 1794 όρθόδοξος
2877 1717 3277 1790 μνημονεύεται
3302 1720 3359 1770 ὲν
3377 1718 3444 1788 τῇ
3479 1714 3801 1786 Ἐκκλησία,

2227 1818 2379 1873 οὐδὲν
2411 1816 2738 1888 προΐσταται
2762 1813 2841 1885 τῷ
2865 1812 3185 1884 Εὐαγγελίῳ
3205 1828 3220 1842 ο
3250 1810 3376 1865 ἐπεὶ
3403 1809 3806 1882 μνημονεύεται

2228 1914 2324 1967 καὶ
2349 1907 2790 1970 Οὐαλεντινιανός
2809 1923 2826 1939 ο
2857 1905 2972 1960 ἀλλ’
3003 1907 3065 1960 οὐ
3113 1903 3257 1959 κατὰ
3308 1903 3372 1957 τὸ
3412 1903 3507 1957 δύο
3533 1903 3670 1973 ὁμοῦ
3705 1920 3807 1972 γυ-

2229 2004 2419 2065 ναῖκας
2451 2000 2596 2072 ἔχειν
2624 1999 2980 2072 παρανόμως,
3021 1995 3157 2050 ἀλλὰ
3201 1993 3344 2050 κατά
3391 1993 3494 2066 τὴν
3517 1994 3684 2066 ὀρθὴν
3713 1994 3807 2046 πί-

2231 2111 2348 2149 στιν
2373 2111 2388 2126 ·
2417 2095 2513 2148 καὶ
2554 2091 2828 2158 Ἰοϐιανὸς,
2886 2088 3002 2144 ἀλλ’
3035 2089 3096 2142 οὐ
3146 2085 3329 2151 καθὼς
3382 2087 3674 2158 ίστορεῖται
3724 2085 3810 2139 ὅτι

2229 2183 2629 2258 ἀρῤενοφθόρος
2647 2177 2715 2252 ἦν
2733 2198 2745 2210 ·
2773 2181 2867 2235 καὶ
2888 2179 3224 2249 Νικηφόρος,
3245 2176 3362 2231 ἀλλ’
3383 2175 3444 2229 οὐ
3459 2175 3594 2230 καθὸ
3617 2173 3812 2229 πλεον-

2227 2277 2412 2348 έκτης.
2451 2276 2560 2330 Καὶ
2591 2272 2783 2327 πολλοῦ
2818 2273 2934 2325 ἐστι
2960 2270 3141 2340 λέγειν
3191 2269 3320 2340 περὶ
3359 2269 3468 2323 τῶν
3498 2267 3696 2333 ἄλλων,
3720 2267 3811 2338 οἶ,

2229 2369 2332 2425 κᾶν
2362 2370 2431 2424 τὰ
2474 2368 2608 2423 ἄλλα
2661 2365 3100 2437 διαϐεϐλημένοι,
3139 2363 3228 2418 διὰ
3271 2362 3329 2416 δὲ
3370 2360 3470 2432 τὴν
3499 2361 3815 2432 ὀρθοδοξίαν

2235 2464 2406 2536 μόνον·
2425 2464 2646 2534 μνήμης
2667 2461 2858 2532 ἔτυχον
2894 2459 3378 2530 ἐκκλησιαστικῆς.
3411 2453 3602 2509 Ταῦτα
3634 2454 3816 2525 ἐχέτω

2177 2607 2182 2624 ,
2235 2550 2360 2612 ὧδε.
2401 2555 2570 2619 Αὐτὸς
2611 2554 2690 2619 δὲ,
2735 2554 3002 2614 Δέσποτα,
3052 2551 3254 2620 κάτεχε
3288 2546 3550 2616 ἀσφαλῶς
3587 2546 3650 2599 τὸ
3679 2545 3817 2615 σύγ-

2238 2663 2473 2718 γραμμα
2495 2659 2511 2674 '
2547 2644 2622 2717 μὴ
2647 2645 2878 2717 ἔκφορον
2909 2642 3040 2697 αὐτὸ
3078 2641 3286 2706 ποιῶν,
3321 2638 3510 2709 ἐπειδὴ
3545 2637 3812 2702 κίνδυνος,

2234 2739 2379 2794 καθά
2409 2739 2751 2809 ἀναγγελεῖό
2783 2735 3283 2809 γραμματηφόρος.
3328 2731 3388 2786 '0
3429 2730 3638 2804 Κύριος
3670 2730 3816 2799 μετά

2235 2831 2330 2884 τοῦ
2355 2829 2670 2902 πνεύματος
2699 2829 2873 2900 ὑμῶν.
2919 2828 3114 2900 Ἀμήν.

551 2918 696 2975 hanc
757 2919 1041 2988 epistolam
1110 2937 1268 2978 serva
1303 2923 1516 2988 sedulo,
1548 2937 1647 2978 nec
1682 2924 1990 2995 pervulgari
2016 2923 2203 2980 sinas:
2244 2939 2356 2980 non
2410 2925 2558 2981 enim
2609 2939 2699 2981 res
2751 2923 2995 2994 periculo
3054 2930 3234 2987 vacat,
3295 2920 3438 2976 sicut
3496 2916 3817 2972 tabellarius

547 3013 852 3068 renuntiat.
915 3012 1182 3071 Dominus
1243 3029 1367 3070 cum
1458 3015 1652 3086 spiritu
1712 3025 1913 3072 vestro.
1973 3015 2168 3072 Amen.

2154 3134 2200 3198 C
2232 3134 2354 3190 ΣΙΘ¹
2378 3133 2513 3206 (15).
2542 3161 2614 3177 --
2640 3131 2860 3199 Λύσεις
2888 3129 3186 3200 διαφόρων
3213 3129 3574 3198 κεφαλαίων.
3606 3126 3812 3202 [ωμθ’.]

692 3135 925 3193 CCXIX.
949 3168 1021 3178 —
1050 3134 1356 3192 Solutiones
1379 3136 1709 3192 diversorum
1734 3137 1989 3210 capitum.

626 3246 988 3320 Interrogatio
1017 3246 1065 3302 Ι.
1096 3278 1171 3288 -
1200 3248 1276 3304 De
1309 3248 1652 3320 presbytero,
1685 3258 1740 3304 et
1779 3249 2036 3316 diacono,
2077 3257 2134 3305 et

552 3343 781 3410 lectore,
815 3344 910 3414 qui
945 3359 1070 3398 cum
1095 3352 1246 3399 recta
1278 3343 1382 3398 ﬁde
1417 3351 1623 3410 essent,
1647 3343 1918 3400 haereticis
1949 3352 2132 3398 tamen

555 3435 1036 3490 communicarnnt
1085 3451 1149 3489 cx
1205 3435 1448 3490 humano
1502 3444 1654 3490 metu
1705 3450 1830 3490 :an
1885 3443 2134 3506 oporteat

555 3544 656 3599 pro
689 3529 826 3598 ipsis
873 3527 1208 3584 oblationem
1242 3529 1446 3596 facere,
1490 3535 1588 3584 aut
1619 3527 1990 3600 pervigilium,
2033 3538 2134 3585 aut

556 3621 952 3690 precationem.

629 3711 932 3782 Responsio.
961 3743 1035 3756 —-
1061 3714 1116 3770 Si
1140 3731 1318 3786 usque
1341 3716 1408 3771 ad
1442 3715 1652 3771 obitum
1682 3715 1955 3772 haereticis
1977 3731 2132 3772 com-

557 3805 905 3861 municantes
934 3809 1356 3878 perseverarint,
1392 3822 1762 3879 nequaquam.
1807 3806 1904 3863 Sin
1946 3816 2132 3863 autem

560 3895 615 3951 in
643 3897 814 3963 exitu,
845 3907 898 3952 et
931 3898 1298 3968 resipuerunt,
1331 3908 1388 3955 et
1415 3899 1654 3956 confessi
1681 3908 1814 3956 sunt
1845 3916 1906 3957 se
1935 3901 2134 3957 timore

558 3989 756 4054 victos,
797 4006 864 4046 ac
903 3991 1087 4054 tertio,
1129 3992 1175 4048 si
1209 4007 1368 4048 sacra
1407 3993 1670 4063 mysteria
1699 3993 1770 4048 ab
1807 3993 2133 4050 orthodoxis

557 4093 942 4154 perceperunt,
974 4084 1366 4157 indulgendum
1393 4094 1454 4141 ut
1483 4100 1584 4158 pro
1605 4084 1740 4156 ipsis
1765 4085 1898 4142 ﬁant
1922 4101 1986 4142 ea
2010 4102 2134 4158 quae

561 4179 714 4247 prius
744 4189 1180 4234 commemorata
1219 4187 1367 4235 sunt.

633 4265 993 4339 Interrogatio
1030 4269 1094 4326 ll.
1131 4299 1202 4312 —-
1239 4269 1316 4327 De
1357 4270 1645 4328 monachis
1674 4273 1756 4339 get
1803 4271 2133 4328 monialibus

563 4359 657 4429 qui
701 4359 954 4416 similiter
991 4362 1046 4418 in
1097 4363 1486 4422 communione
1525 4364 1911 4422 hereticorum
1958 4380 1991 4422 e
2021 4365 2131 4421 vita

563 4449 943 4506 decesserunt.

636 4539 943 4612 Responsio.
971 4573 1041 4585 -
1068 4542 1331 4614 Superior
1365 4545 1658 4616 responsio
1705 4555 1761 4601 et
1793 4545 1851 4600 in
1900 4545 1986 4600 his
2017 4559 2138 4601 ser-

565 4642 748 4687 vetur.
787 4632 1053 4690 Similiter
1077 4644 1131 4690 et
1165 4635 1220 4690 in
1247 4636 1426 4703 laicis,
1459 4635 1614 4704 viris,
1647 4635 1883 4701 feminis,
1926 4635 2134 4706 pueris.

569 4723 697 4780 Haec
745 4735 926 4782 autem
976 4726 1044 4783 de
1081 4729 1314 4785 mortuis
1347 4727 1496 4785 dicta
1536 4737 1686 4786 sunt.
1740 4726 1877 4782 Nam
1922 4728 1968 4784 si
2005 4727 2140 4782 vivit

566 4815 748 4872 adhuc
787 4818 968 4888 quivis
1001 4834 1067 4875 ex
1095 4821 1354 4876 omnibus
1387 4830 1516 4878 ante
1551 4819 1856 4892 appellatis,
1903 4835 1969 4876 ac
2001 4820 2142 4876 resi-

567 4909 749 4980 piscit,
777 4926 841 4966 ex
879 4927 945 4968 eo
972 4912 1064 4967 die
1103 4920 1310 4968 metum
1345 4914 1643 4984 deponens,
1691 4912 2013 4983 eligensque
2041 4929 2142 4984 pro

567 5011 718 5058 recto
760 5011 815 5058 et
860 5003 1086 5061 honesto
1119 5003 1257 5060 dura
1305 5006 1452 5074 pati;
1500 5005 1548 5060 si
1597 5003 1822 5076 quidem
1852 5003 2142 5078 presbyter

568 5093 643 5148 sit
680 5093 764 5148 vel
798 5094 1086 5162 diaconus,
1129 5111 1290 5151 sacro
1322 5095 1630 5152 ministerio
1656 5096 2012 5166 prohibeatur
2041 5113 2139 5155 us-

569 5199 681 5255 que
709 5185 777 5240 ad
806 5194 1022 5256 tempus
1052 5187 1247 5256 synodi
1274 5189 1595 5245 orthodoxa
1624 5197 1791 5260 :post
1810 5191 2139 5247 convenien-

573 5285 682 5331 tem
722 5293 853 5334 vero
904 5280 1307 5349 pcenitentiam,
1341 5283 1619 5356 particeps
1656 5291 1778 5339 esto
1818 5299 1989 5341 sacrae
2028 5284 2139 5339 En-

571 5368 849 5427 charistize
902 5372 970 5428 ab
1020 5372 1331 5431 orthodoxa
1387 5387 1743 5436 consecrata.
1799 5376 2139 5434 Ptenitentiae

643 5543 690 5579 ²¹
713 5545 894 5605 Galat.
931 5563 990 5617 ιι,
1020 5548 1074 5606 6.
1149 5551 1197 5584 ’³
1220 5550 1397 5611 Galat.
1430 5570 1468 5611 ι.
1515 5537 1552 5613 ί.

2320 3241 2644 3312 Ἐρώτησις
2681 3243 2761 3296 A'.
2795 3271 2866 3282 —-
2884 3240 3022 3311 Περὶ
3052 3239 3449 3311 πρεσϐυτέρου,
3478 3237 3727 3292 διακόνου
3755 3253 3814 3290 τε

2237 3336 2330 3390 καὶ
2349 3331 2695 3402 ἀναγνώστου
2719 3330 3032 3400 ἐσχηκότων
3059 3329 3314 3401 φρόνημα
3351 3326 3530 3398 ὀρθὸν,
3578 3327 3693 3383 τοῖς
3731 3324 3816 3378 al-

2241 3429 2471 3498 ρετικοῖς
2519 3424 2576 3478 δὲ
2633 3421 3076 3489 κοινωνησάντων
3127 3419 3186 3486 ἐξ
3248 3418 3591 3490 ἀνθρωπίνου
3626 3417 3812 3487 φόϐου’

2236 3522 2286 3574 εί
2327 3517 2434 3590 χρὴ
2463 3513 2784 3588 προσφορὰν
2810 3513 2948 3584 ὑπὲρ
2977 3511 3157 3567 αὐτῶν
3183 3513 3388 3579 ποιεῖν,
3421 3510 3456 3583 ἦ
3492 3510 3813 3582 παννυχίδα,

2302 3614 2487 3684 εὐχήν.

2333 3615 2360 3665 ὑ
2437 3629 2487 3667 ν.

2237 3613 2666 3772 ῆὶὶξεῗςκρισις.
2709 3727 2782 3742 —-
2826 3700 2890 3754 Ei
2948 3698 3141 3770 μέχρις
3198 3693 3556 3759 ἀποϐιώσεως
3617 3709 3814 3748 κοινω-

2236 3792 2454 3854 νοῦντες
2475 3795 2588 3856 τοῖς
2608 3793 2903 3862 αίρετικοῖς
2933 3789 3232 3861 διέμειναν,
3257 3785 3530 3858 οὐδαμῶς.
3561 3784 3629 3839 Et
3661 3784 3719 3837 δὲ
3754 3786 3813 3838 ὲν

2233 3888 2300 3958 τῇ
2337 3885 2500 3957 ἐξόδῳ
2537 3885 2632 3940 καὶ
2651 3881 3118 3954 μετεμελήθησαν,
3151 3879 3247 3934 καὶ
3271 3877 3632 3951 ὡμολόγησαν
3663 3874 3816 3946 ῳόϐῳ

2233 3976 2626 4050 κεκρατῆσθαι,
2666 3975 2762 4031 καὶ
2799 3973 2979 4046 τρίτον
3003 3975 3050 4027 εί
3071 3971 3432 4041 ἐκοινώνησαν
3459 3969 3570 4023 τῶν
3596 3967 3812 4040 ὀρθοδό-

2236 4071 2342 4137 ξων
2374 4069 2728 4141 ἀγιασμάτων
2745 4085 2762 4102 ο
2789 4066 3168 4139 συγχωρητέον
3195 4063 3437 4134 γίνεσθαι
3490 4061 3578 4116 ἐπ’
3632 4060 3811 4122 αὐτοῖς

2232 4161 2303 4218 τὰ
2347 4161 2739 4234 προειρημένα.
3093 4186 3096 4188 ~

2319 4252 2636 4324 Ἐρώτησις
2666 4251 2741 4308 Β’.
2778 4283 2851 4298 -
2879 4251 3016 4322 Περὶ
3041 4247 3288 4321 μοναχῶν
3318 4247 3416 4304 καὶ
3459 4239 3811 4317 μοναζουσῶν

2235 4347 2438 4419 ὁμοίως
2483 4347 2549 4418 τῇ
2575 4343 2832 4417 κοινωνίᾳ
2855 4342 2967 4398 τῶν
3006 4341 3299 4414 αἱρετικῶν
3353 4335 3804 4394 ἀποϐιωσάντων.

2323 4542 2687 4612 Ἀπόκρισις.
2717 4571 2790 4583 -
2826 4540 2894 4594 Ἦ
2937 4534 3312 4610 προειρημένη
3361 4531 3656 4602 ἀπόκρισις
3713 4547 3813 4599 φυ-

2235 4635 2515 4692 λαττέσθω
2552 4635 2650 4689 καὶ
2682 4633 2775 4687 ἐπὶ
2817 4631 3011 4687 τοῖσδε.
3053 4629 3284 4700 Ὁμοίως
3315 4624 3410 4679 καὶ
3447 4623 3543 4676 ἐπὶ
3587 4621 3809 4686 λαῖκῶν,

2237 4727 2448 4800 ἀνδρῶν
2503 4743 2608 4793 τεν
2645 4725 2741 4780 καὶ
2797 4721 3099 4794 γυναικῶν,
3150 4721 3244 4773 καὶ⁹
3311 4715 3542 4771 παίδων.
3584 4711 3811 4783 Ετρηται

2239 4822 2296 4876 δὲ
2345 4819 2515 4875 ταῦτα
2564 4819 2694 4891 περὶ
2748 4816 2857 4872 τῶν
2915 4813 3246 4870 τεθνεώτων.
3307 4810 3371 4864 Ei
3417 4806 3528 4878 γὰρ
3578 4804 3662 4858 ἔτι
3704 4801 3814 4868 ζῶν

2248 4917 2395 4969 ἐστιν
2419 4913 2484 4967 ὲκ
2509 4912 2726 4966 πάντων
2754 4908 2864 4966 τῶν
2893 4905 3331 4980 προειρημένων,
3356 4902 3451 4958 καὶ
3485 4898 3812 4972 μεταμέλοι-

2246 5026 2330 5072 το,
2358 5006 2462 5073 ἔξω
2495 5005 2703 5078 ῥίπτων
2734 5004 2824 5058 τὸν
2853 5001 3016 5071 φόϐον
3038 5001 3144 5054 ἀπὸ
3171 4997 3267 5052 τοῦ
3297 4996 3479 5068 δεῦρο,
3510 4995 3607 5048 καὶ
3628 4990 3817 5060 αἱρού-

2251 5117 2412 5174 μενος
2440 5099 2580 5172 ὑπὲρ
2605 5097 2698 5152 τοῦ
2723 5093 2930 5166 ἀγαθοῦ
2954 5089 3289 5148 κακοπαθεῖν
3315 5104 3331 5119 °
3362 5087 3413 5142 εί
3443 5087 3542 5185 μὲν
3571 5081 3817 5185 πρεσϐὗῖ

2243 5211 2402 5266 τερος
2429 5193 2464 5266 ἢ
2482 5192 2746 5255 διάκονος,
2773 5186 3041 5260 εἰργέσθω
3061 5186 3160 5256 τῆς
3177 5180 3485 5256 ἱερουργίας
3501 5178 3608 5242 ἓως
3622 5178 3813 5246 καιροῦ

2247 5287 2467 5343 συνόδου
2490 5282 2800 5358 ὀρθοδοξίας
2830 5298 2846 5314 ο
2872 5279 3010 5351 μετά
3054 5278 3110 5332 δὲ
3164 5273 3446 5346 ἐπιτιμίαν
3495 5268 3594 5342 τὴν
3645 5282 3815 5358 προς

2251 5355 2535 5449 ἥκουσαν,
2552 5373 2826 5448 μετεχέτω
2853 5370 2963 5427 τῶν
3003 5365 3301 5442 ὀρθοδόξων
3331 5359 3713 5434 ἀγιασμάτων.
3751 5355 3813 5408 Ἦ

2075 5662 2307 5722 ΝΟΤΑΕ.

641 5753 758 5830 (13)
790 5756 841 5813 In
875 5759 993 5816 cod.
1040 5759 1168 5838 Reg.
1199 5763 1332 5818 320'.
