4102 6374
308 349 444 422 1661

1525 366 2065 429 EPISTULARUM
2112 365 2261 428 LIB.
2291 365 2373 427 I-I.

3437 363 3574 430 1662
3673 315 3677 320 ’

307 471 362 525 δὲ
392 469 620 543 δύναμις
643 471 742 544 τῆς
778 474 1084 547 ἐπιτιμίας,
1121 474 1385 548 ἁμεθεξία
1433 477 1549 532 ἐστὶ
1581 476 1690 530 τῶν
1724 477 1885 547 ἁγια-

2003 486 2173 529 autem
2234 489 2362 545 pars
2415 483 2541 536 est,
2599 473 2959 531 Eucharistia:
3023 473 3190 530 dilata
3249 477 3565 546 perceptio,

310 563 556 634 σμὰτων,
580 565 706 620 καθ’
740 565 800 620 ὃν
829 567 1072 640 καιρὸνῆ
1113 569 1338 639 καιροὺς
1358 570 1387 622 ό
1420 568 1690 639 ἐπιτιμῶν
1736 569 1884 622 οἰκο-

307 657 522 727 νομοίη.
556 657 630 710 Oti
661 657 768 730 γὰρ
801 659 1092 730 όριστικῶς
1119 659 1266 712 ἔστιν
1313 659 1748 734 ἀποφήνασθαι-θ
1799 661 1888 713 διὰ

306 748 370 800 τὸ
398 748 557 802 ἄλλον
590 749 750 804 ἄλλου
779 750 1058 824 διαφέρειν
1084 753 1180 814 καὶ
1207 751 1508 823 προσώπιι),
1539 756 1634 808 καὶ
1661 746 1884 822 γνώσει,

308 840 404 894 καὶ
433 840 660 912 σπουδῇ,
690 841 785 896 καὶ
816 843 1020 914 ἡλικίᾳ.
1057 845 1118 897 Et
1152 843 1210 898 δὲ
1257 844 1502 915 μονάζων
1552 845 1662 916 εἴη,
1700 846 1888 916 ἢὰνα-

306 929 576 1002 γνώστης,
606 933 639 1004 ἢ
672 933 976 1004 μονάζουσα
1009 951 1025 966 ·
1058 934 1154 988 τοῦ
1186 936 1462 1006 ἐπιτιμίου
1506 937 1885 1007 πληρουμένου

307 1020 469 1085 εὐθὺς
507 1021 732 1076 διδόσθω
766 1024 800 1094 ή
841 1023 960 1078 θεία
1010 1023 1227 1095 μέθεξις
1251 1042 1267 1059 ο
1339 1027 1603 1090 ὡσαύτως
1643 1027 1738 1080 καὶ
1782 1026 1882 1079 ἐπὶ

309 1113 537 1179 λα’ίκῶν,
573 1114 783 1186 ἀνδρῶν
812 1131 872 1168 τε
921 1117 1014 1168 καὶ
1057 1117 1330 1184 γυναικῶν
1386 1121 1482 1172 καὶ
1521 1118 1746 1173 παίδων.
1786 1120 1890 1190 Δῆῑ-

307 1206 399 1260 λον
429 1204 485 1260 δὲ
518 1207 622 1261 κάν
647 1206 860 1273 τούτοις
887 1208 1232 1281 διαφορότης,
1279 1211 1425 1265 κατά
1479 1228 1538 1264 τε
1597 1210 1889 1282 πρόσωπον

310 1299 407 1353 καὶ
437 1300 498 1353 τὸ
517 1299 736 1372 ἀξίωμα
778 1302 873 1356 καὶ
917 1303 1132 1374 ἡλικίαν
1161 1319 1176 1337 ο
1221 1303 1299 1367 ὡς
1337 1303 1433 1359 καὶ
1483 1304 1582 1376 μιᾷ
1620 1320 1890 1376 τεσσαρα-

310 1393 476 1464 κοστῇ
529 1392 842 1448 ἱκανοῢσθαι
895 1395 996 1464 τὴν
1063 1395 1346 1466 ἐπιτιμίαν
1407 1394 1484 1466 τῷ
1533 1394 1886 1467 λαμϐάνοντι.

308 1484 546 1556 Φανερδν
571 1485 630 1539 δὲ
660 1485 743 1540 ὅτι
769 1485 830 1540 τὸ
846 1486 1122 1558 ἐπιτίμιον
1154 1491 1254 1560 τῆς
1281 1486 1574 1558 ἀμεθεξίας
1599 1487 1708 1541 τῶν
1733 1483 1892 1556 ἀγιαέ

312 1574 534 1646 σμάτων
565 1575 1093 1647 συνεπιλαμϐάνεται
1127 1579 1222 1632 καὶ
1257 1576 1601 1648 προσευχῶν,
1645 1576 1742 1630 καὶ
1792 1593 1888 1646 γο-

309 1665 620 1733 νυκλισιῶν,
676 1669 772 1722 καὶ
831 1670 1163 1741 ὲκγρατείας
1231 1669 1556 1740 βρωμάτων,
1603 1669 1748 1723 κατὰ
1789 1668 1892 1740 τὴν

311 1759 677 1831 ὑποκειμένην
699 1761 862 1831 φύσιν
886 1763 980 1816 τοῦ
1004 1763 1430 1832 ὲπιτιμωμένου.

1989 575 2196 637 quanto
2244 567 2508 636 temporis
2563 568 2740 637 spatio
2788 566 3066 622 censuerit
3111 565 3158 621 is
3208 567 3303 636 qui
3349 581 3568 637 pmnam

1991 661 2207 716 statuit.
2249 659 2436 731 Neque
2473 659 2616 715 enim
2657 661 2889 730 praecise
2925 659 3156 715 deﬁnire
3187 670 3282 714 aut
3327 670 3571 714 statuere

1991 753 2123 808 licet
2153 769 2170 813 :
2203 753 2352 824 quod
2401 752 2544 807 alius
2590 751 2659 805 ab
2713 751 2820 806 alio
2871 749 3088 805 diﬂ‘erat
3130 751 3417 822 dignitate,
3466 751 3570 804 do-

1993 845 2196 910 ctrina,
2247 845 2503 914 negotiis,
2549 851 2604 896 et
2641 850 2822 896 aetate.
2857 841 2913 894 Si
2945 856 3076 895 vero
3114 843 3420 896 monachus
3475 840 3567 906 sit,

1991 945 2087 992 aut
2126 935 2317 1003 lector,
2351 943 2448 990 aut
2492 933 2748 988 monialis
2779 951 2792 988 :
2830 931 3153 1003 poenitentia
3179 940 3421 1002 peracta,
3457 939 3572 987 sta-

1993 1027 2088 1081 tim
2117 1026 2300 1080 divina
2333 1023 2680 1079 Eucharistia
2713 1025 2986 1079 donetur:
3015 1020 3476 1092 quemadmodum
3517 1029 3573 1076 et

1992 1121 2060 1175 de
2113 1118 2272 1173 laicis
2321 1117 2682 1180 censendum,
2735 1116 2894 1178 viris,
2945 1117 3193 1178 feminis,
3249 1114 3568 1185 puerisque.

1991 1211 2342 1266 Manifestum
2375 1217 2458 1264 est
2486 1220 2666 1264 autem
2693 1217 2748 1263 et
2774 1209 2828 1262 in
2864 1208 2947 1263 his
2975 1208 3271 1263 discrimen
3298 1221 3418 1263 esse
3443 1222 3570 1278 per-

1991 1318 2276 1366 sonarum,
2310 1301 2613 1371 dignitatis,
2646 1311 2698 1355 et
2728 1301 2903 1355 astatis
2937 1318 2951 1356 :
2987 1310 3047 1355 ut
3077 1301 3164 1354 vel
3194 1315 3306 1355 una
3333 1299 3572 1371 quadra-

1991 1396 2199 1466 gesima
2249 1396 2382 1450 satis
2421 1395 2469 1448 ei
2525 1394 2598 1449 sit
2646 1394 2740 1465 qui
2787 1393 3168 1464 paenitentiam
3221 1394 3441 1462 accipit.
3477 1391 3569 1444 Li-

1991 1485 2156 1556 quido
2187 1493 2406 1541 constat
2435 1494 2616 1538 autem
2656 1484 3062 1554 paenitentiam.
3097 1498 3208 1538 una
3234 1497 3360 1537 cum
3400 1482 3570 1535 dilata

1992 1577 2345 1648 perceptione
2375 1575 2756 1642 Eucharistim,
2789 1574 3076 1646 complecti
3099 1582 3154 1629 et
3187 1573 3488 1637 orationes,
3515 1579 3574 1626 ct

1993 1684 2233 1740 genuum
2261 1669 2546 1730 ﬂexiones,
2593 1678 2649 1723 et
2693 1665 3088 1722 abstinentiam
3140 1680 3170 1718 a
3215 1663 3377 1728 cibis,
3410 1663 3570 1733 juxta

1993 1744 2140 1813 illius
2163 1760 2257 1828 qui
2299 1773 2518 1828 poenam
2552 1757 2721 1824 subit,
2754 1757 3072 1813 facultatem
3113 1771 3176 1812 ac
3208 1755 3374 1811 vires.

393 1825 812 1921 ἘρώτησιςΤἎ
841 1885 911 1895 -
935 1857 1069 1926 Περὶ
1099 1825 1192 1910 τοῦ
1225 1825 1427 1910 διδόναι
1450 1853 1604 1927 δῶρα
1629 1856 1688 1909 ὲν
1720 1872 1886 1926 μονα-

2060 1825 2420 1923 Interrogatio
2453 1850 2542 1906 lll.
2584 1881 2655 1891 —
2710 1849 2787 1905 De
2837 1849 3037 1915 donis,
3089 1864 3158 1904 an
3215 1847 3570 1904 monasteriis

313 1945 559 2018 στηρίοις
579 1946 845 2018 ἀνδρείοις
869 1965 929 2002 τε
954 1949 1051 2002 καὶ
1071 1947 1428 2018 γυναικείοις.

382 2034 748 2105 Ἀπόκρισις.
779 2067 849 2078 -—
879 2039 1087 2106 Δοτέον,
1109 2041 1158 2094 εἰ
1179 2039 1288 2094 είσὶ
1327 2038 1737 2110 πεφυλαγμένοι
1787 2040 1888 2111 τῆς

311 2124 596 2198 αἱρετικῆς
623 2129 928 2193 κοινωνίας.

383 2217 707 2287 Ἐρώτησις
735 2220 809 2275 Δν.
831 2251 903 2261 -
928 2221 1065 2292 Περὶ
1082 2223 1176 2277 τοῦ
1227 2225 1320 2294 ἀφ’
1356 2225 1565 2280 ἑαυτῶν
1613 2227 1892 2280 κοινωνεῖν

313 2309 348 2380 ἢ
373 2306 703 2380 μονάζοντας
729 2310 763 2382 ἢ
799 2311 1135 2382 μοναζούσας
1159 2314 1268 2368 τῶν
1303 2316 1684 2388 ἁγιασμάτων.

400 2483 762 2554 Ἀπόκρισις.
779 2487 980 2555 -ρύκ
1008 2489 1128 2555 ἐξὸν
1158 2491 1426 2546 ἅπτεσθαι
1450 2493 1572 2546 οὐδὲ
1591 2492 1702 2548 τῶν
1732 2494 1894 2548 θείων

316 2576 680 2648 ἀναθημάτων
719 2581 846 2644 τοὺς
896 2581 1001 2647 ἔξω
1033 2584 1332 2656 ἱερωσύνης
1367 2602 1382 2619 ο
1443 2585 1584 2656 πλὴν
1639 2588 1686 2638 εί
1731 2587 1804 2657 μή
1839 2604 1892 2641 τι

318 2667 456 2720 κατᾶ
489 2669 669 2723 πᾶσαν
693 2664 960 2743 ἀνάγκην,
1013 2674 1088 2745 μὴ
1135 2675 1525 2748 εὑρισκομένου
1589 2675 1891 2747 πρεσϐυτέ⁴

319 2775 414 2828 ρου
468 2758 501 2830 ἢ
543 2758 812 2827 διακόνου,
861 2762 952 2832 ἀφ’
1005 2764 1212 2818 ἑαυτῶν
1262 2767 1509 2838 μετέχειν
1544 2767 1640 2820 τοῦ
1691 2767 1884 2838 δώρου.

317 2847 488 2902 Τοῦτο
509 2848 565 2936 δε
593 2849 745 2916 πῶς;
771 2851 1058 2924 τιθεμένης
1080 2854 1263 2925 βίϐλου
1300 2855 1471 2926 ἱερᾶς,
1498 2855 1594 2909 καὶ⁹
1617 2856 1890 2925 ὲφαπλουο

323 2941 491 3010 μένης
545 2941 737 3012 ὀθόνης
779 2941 1047 3016 καθαρᾶς,
1087 2945 1120 3017 ἢ
1175 2947 1328 3016 ίερᾶς
1365 2946 1888 3018 ἐπικαλυμματίδος,

320 3031 496 3084 ἐκεῖσε
524 3032 616 3085 τοῦ
639 3031 814 3102 δώρου
845 3034 954 3088 ἀπὸ
976 3035 1158 3106 χειρὸς
1193 3037 1290 3089 σὺν
1335 3035 1488 3106 φόϐῳ
1535 3037 1895 3108 προτεθέντος

324 3123 464 3194 μετὰ
496 3124 593 3196 τὴν
643 3125 941 3197 ὑμνῳδίαν,
987 3127 1096 3180 ἀπὸ
1159 3128 1428 3198 στόματος
1477 3129 1751 3200 ληπτέονο
1797 3127 1897 3184 εἷθ’

319 3213 843 3281 οὖτωςδιακλύσεως
871 3217 1019 3270 οἴνου
1065 3218 1357 3290 γινομένης
1409 3220 1488 3292 τῷ
1541 3220 1897 3292 λαμϐάνοντι.

403 3309 726 3379 Ἐρώτησις
773 3311 849 3367 E'.
876 3341 947 3351 ——
997 3313 1136 3384 Περὶ
1164 3311 1389 3380 λαῖκῶν,
1440 3313 1649 3385 ἀνδρῶν
1702 3331 1763 3369 τε
1803 3315 1900 3370 καὶ

322 3402 598 3469 γυναικῶν
618 3403 912 3472 ὀρθοδόξων
935 3404 994 3470 ἐξ
1024 3405 1304 3474 όρθοδόξου
1334 3405 1756 3473 κοινωνούντων,
1807 3407 1901 3476 φόο

325 3493 406 3566 ϐῳ
428 3494 831 3568 δὲςὰνθρωπίνῳ
850 3498 1018 3551 τᾶλλα
1041 3498 1220 3551 πάντα
1269 3501 1384 3561 τοῖς
1425 3498 1722 3568 αἱρετικοίς
1776 3516 1900 3552 συνεί

325 3589 783 3658 αναμιγνυμένων
805 3605 820 3623 ·
853 3589 966 3654 πῶς
996 3592 1100 3663 χρὴ
1128 3591 1254 3654 τοὺς
1279 3589 1743 3661 ἁκριϐευομένους
1771 3592 1901 3664 περὶ

325 3679 507 3735 αὐτῶν
540 3679 705 3750 ἔχειν.

409 3772 762 3842 Ἀπόκρισις.
799 3806 866 3822 -—-
908 3775 1042 3830 Ἀπὸ
1095 3776 1194 3846 μὲν
1237 3777 1514 3848 ἱερατικοῦ
1573 3779 1742 3850 ῆγουν
1769 3795 1901 3850 πρε-

337 3861 602 3936 σϐυτέρου
638 3865 732 3919 καὶ
759 3867 1031 3933 διακόνου,
1059 3868 1383 3940 μονάζοντός
1407 3889 1467 3924 τε
1510 3870 1605 3926 καὶ
1642 3869 1903 3942 μοναζού-

331 3974 450 4030 σης,
478 3959 742 4028 ἀφεκτέον
770 3960 1070 4015 συνεσθίειν
1102 3962 1193 4017 τὸν
1219 3963 1600 4036 ἠκριϐωμένον
1630 3980 1646 3997 ο
1677 3963 1778 4017 οὐκ
1823 3955 1903 4015 οῖ-

327 4052 394 4105 δα
417 4052 466 4105 εί
502 4053 576 4124 μή
607 4069 660 4106 τι
689 4053 998 4124 οἰκονομίας
1029 4054 1237 4125 τρόπῳ,
1273 4055 1550 4110 καὶτοῦτο
1599 4051 1904 4108 σπανιώτε-

332 4161 446 4216 ρον.
485 4146 618 4200 Ἀπδ
637 4146 692 4200 δὲ
708 4147 817 4200 τῶν
847 4147 1071 4214 λαῖκῶν,
1096 4149 1388 4220 ἀδιάφορον
1430 4149 1494 4203 τδ
1549 4145 1847 4202 συνεσθίειν
1885 4161 1900 4177 °

329 4235 434 4290 κᾶν
461 4235 601 4309 τύχῃ
630 4236 889 4302 πολλάκις
914 4239 1010 4293 καὶ
1025 4243 1303 4294 κοινωνεῖν
1336 4240 1500 4294 αὑτὸν
1523 4239 1674 4312 φόϐῳ
1711 4241 1778 4310 τῇ
1813 4237 1902 4291 ai—

333 4329 504 4398 ρέσει,
539 4328 731 4398 ἔχοντα
756 4329 813 4382 δὲ
833 4331 984 4402 ὅμως
1011 4329 1291 4403 ὀρθόδοξον
1321 4331 1381 4385 τὸ
1428 4332 1704 4402 φρόνημα.
1750 4329 1902 4401 Πλὴν

331 4418 419 4471 ἴνα
438 4418 511 4490 μὴ
545 4417 842 4472 ἀκόλαστον
867 4419 952 4490 εἴη
971 4419 1035 4475 τὸ
1071 4421 1377 4492 ἁμάρτημα
1401 4461 1418 4487 ,
1469 4420 1664 4493 μικρὸν
1722 4420 1900 4474 ὲπιτί-

1997 1950 2108 1997 ιυιη
2132 1944 2373 1998 virorum
2403 1951 2520 1998 tum
2557 1940 2885 1996 feminarum
2921 1940 3041 1995 dari
3063 1939 3320 1994 debeant.

2069 2033 2376 2104 Responsio.
2407 2064 2480 2076 —
2507 2032 2692 2088 Danda
2727 2042 2872 2098 sunt,
2911 2031 2959 2088 si
2990 2030 3213 2102 quidem
3245 2031 3282 2084 ii
3323 2029 3435 2085 sint
3460 2028 3574 2084 hae—

1993 2126 2178 2182 retica
2211 2125 2620 2182 communionis
2652 2134 2929 2194 expertes.

2067 2215 2426 2287 Interrogatio
2457 2214 2548 2270 IV.
2580 2245 2652 2256 -—
2692 2215 2765 2270 De
2811 2213 3203 2271 communione
3253 2229 3423 2270 sacra:
3463 2213 3575 2267 Eu-

1995 2309 2291 2375 charistiaa,
2331 2323 2498 2380 quam
2531 2325 2628 2380 per
2661 2324 2722 2366 se
2751 2309 2855 2380 ipsi
2894 2307 3150 2363 monachi
3187 2307 3269 2362 vel
3302 2305 3573 2361 moniales

1996 2401 2294 2471 accipiant.

2067 2491 2378 2563 Responsio.
2407 2523 2480 2534 —
2501 2492 2585 2549 Ne
2615 2508 2775 2549 sacra
2806 2491 3026 2563 quidem
3068 2489 3299 2547 donaria
3348 2497 3572 2558 tangere
3649 2513 3652 2516 ~

1996 2583 2206 2639 licitum
2239 2593 2324 2640 est
2349 2584 2418 2640 iis
2453 2585 2546 2656 qui
2595 2583 2910 2640 sacerdotes
2941 2597 3050 2639 non
3091 2592 3219 2638 sunt
3251 2598 3264 2635 :
3296 2595 3418 2642 nec,
3462 2579 3572 2634 nisi

2001 2676 2140 2732 forte
2169 2677 2496 2733 necessitate
2521 2687 2768 2748 urgente,
2803 2677 2849 2732 si
2877 2676 3019 2730 desit
3048 2675 3330 2745 presbyter
3349 2673 3431 2727 vel
3455 2671 3575 2726 dia—

2003 2785 2212 2837 conus;
2246 2784 2342 2840 per
2394 2770 2633 2841 seipsum
2691 2785 2909 2826 sumere
2949 2767 3373 2823 Eucharistiam.
3422 2764 3573 2822 Istud

2002 2871 2185 2916 autem
2219 2877 2330 2932 quo
2367 2861 2570 2932 pacto?
2602 2859 2790 2916 Posito
2837 2875 2993 2916 sacro
3024 2860 3186 2925 libro,
3237 2867 3575 2928 extensoque

2003 2968 2138 3024 puro
2183 2953 2371 3018 linteo,
2427 2961 2523 3007 aut
2568 2967 2728 3008 sacro
2774 2953 3065 3016 velamine,
3120 2949 3368 3020 deposita
3420 2949 3574 3019 prius
3656 2929 3676 2946 ’

2001 3045 2115 3102 illic
2167 3062 2200 3102 e
2250 3063 2416 3102 manu
2450 3061 2572 3102 cum
2626 3053 2774 3110 metu
2825 3061 2982 3101 sacra
3037 3043 3409 3108 Eucharistia,
3450 3050 3577 3112 post

2005 3136 2334 3207 hymnorum
2383 3137 2789 3202 recitationem,
2823 3151 2920 3191 ore
2971 3135 3116 3190 sumi
3149 3134 3327 3190 debet.
3356 3133 3574 3198 Postea,

2001 3228 2096 3300 qui
2129 3229 2364 3298 accepit,
2405 3228 2630 3282 abluere
2667 3243 2730 3283 os
2763 3228 2894 3282 vino
2926 3227 3104 3281 debet.

2071 3316 2431 3390 Interrogatio
2466 3317 2528 3372 V.
2549 3347 2614 3358 ——
2633 3317 2710 3372 De
2739 3318 2918 3381 laicis,
2941 3317 3076 3372 viris
3105 3331 3170 3371 ac
3227 3313 3448 3370 feminis
3478 3329 3573 3369 or-

2002 3411 2284 3477 thodoxis,
2317 3411 2410 3480 qui
2436 3411 2504 3464 ab
2530 3410 2843 3464 orthodoxo
2869 3411 3304 3474 communicant,
3336 3409 3578 3462 humano

2001 3513 2182 3559 autem
2227 3503 2423 3558 timore
2475 3503 2530 3557 in
2575 3502 2787 3558 czcteris
2822 3499 3083 3555 omnibus
3128 3515 3252 3555 cum
3305 3498 3578 3553 liazreticis

2000 3595 2343 3650 miscentur:
2376 3594 2652 3664 quomodo
2687 3593 2811 3648 illos
2839 3599 3112 3662 oporteat,
3141 3591 3234 3661 qui
3275 3591 3578 3646 exactioris

2002 3689 2304 3758 disciplina:
2333 3687 2565 3743 studiosi
2598 3697 2744 3752 sunt,
2770 3702 2895 3741 cum
2926 3685 3012 3740 his
3042 3701 3102 3741 se
3131 3701 3342 3757 gerere.

2076 3778 2392 3848 Responsio.
2433 3808 2504 3818 —
2534 3776 2706 3832 Sacro
2759 3775 2980 3848 quidem
3034 3776 3266 3840 homini,
3314 3775 3418 3830 hoc
3470 3783 3578 3839 est,

2003 3870 2319 3940 presbytero
2351 3877 2405 3923 et
2429 3868 2682 3931 diacono,
2715 3867 2914 3922 deinde
2946 3867 3220 3921 monacho
3249 3875 3303 3922 et
3329 3867 3579 3930 moniali,

2003 3961 2305 4017 cavendum
2349 3975 2415 4015 ex
2455 3959 2745 4029 disciplina
2778 3959 3054 4012 exactiore
3101 3973 3170 4012 ne
3210 3972 3332 4012 cum
3366 3958 3452 4012 his
3500 3958 3584 4012 ci-

2001 4052 2136 4109 bum
2161 4059 2381 4107 sumat:
2415 4050 2524 4104 nisi
2549 4042 2686 4104 forte
2715 4063 2811 4117 per
2839 4047 3264 4119 dispensationis
3286 4048 3578 4118 quemdam

2005 4145 2256 4208 modum,
2306 4150 2362 4197 et
2396 4142 2502 4197 hoc
2533 4142 2716 4212 ipsum
2751 4142 2951 4196 rarius.
2993 4140 3172 4196 Laicis
3208 4156 3340 4196 vero
3371 4141 3580 4196 licitum

2003 4246 2108 4304 est,
2149 4235 2336 4291 cibum
2365 4249 2492 4289 cum
2540 4233 2627 4289 his
2663 4249 2900 4304 capere:
2933 4233 3149 4290 etiamsi
3187 4248 3329 4303 saepe
3362 4235 3583 4288 contin-

2004 4338 2096 4400 gat
2118 4327 2219 4383 hos
2243 4341 2311 4382 ex
2335 4335 2482 4382 metu
2509 4326 2916 4381 communicare
2959 4325 3150 4381 haeresi
3180 4343 3194 4392 ;
3217 4327 3344 4379 dum
3378 4336 3583 4379 rectam

2005 4419 2224 4474 interim
2267 4418 2429 4473 ﬁdem
2471 4417 2658 4472 animo
2687 4425 2934 4473 teneant.
2965 4415 3196 4484 Tamen,
3228 4431 3299 4471 ne
3342 4416 3586 4486 impuni-

335 4527 454 4580 μιον
480 4510 796 4564 ὲπιδιδόσθω
827 4514 937 4575 τοῖς
965 4511 1349 4584 ἀδιαφοροῦσιν
1379 4513 1444 4566 ὲκ
1471 4511 1640 4583 φόϐου
1665 4515 1778 4576 τοῖς
1813 4511 1898 4565 αἱ·

2011 4521 2124 4568 tum
2166 4511 2238 4566 sit
2266 4509 2547 4579 dilectum,
2583 4511 2780 4581 exigua
2818 4509 3136 4579 imponatur
3176 4524 3336 4579 poena
3384 4509 3453 4563 iis
3489 4508 3585 4578 qui

332 4602 589 4671 ρετικοίς.
623 4601 696 4653 Τὸ
720 4600 777 4654 δὲ
805 4601 1099 4671 ἐπιτίμιον,
1118 4601 1454 4670 γονυκλισίαι
1491 4600 1906 4682 πεντεκαίδεκα,

331 4688 491 4758 εὐχαὶ
518 4687 798 4754 ὡσαύτως·
830 4691 1025 4758 Κύριε,
1045 4689 1449 4761 συγχώρησόν
1460 4707 1560 4761 μοι
1585 4689 1701 4760 τὴν
1722 4691 1908 4760 ἁμαρ·
1951 4739 1965 4774 θ

332 4782 469 4834 τίιιν
494 4797 508 4811 ο
551 4782 744 4850 Κύριε,
773 4779 1054 4848 ίλάσθητί
1074 4799 1178 4852 μοι
1206 4779 1285 4847 τῷ
1312 4781 1639 4852 ἁμαρτωλῷ
1667 4800 1682 4814 ο
1705 4783 1902 4854 Κύριε,

331 4868 594 4940 ἐλέησόν
610 4887 688 4941 με
724 4886 741 4903 ’
769 4871 878 4925 ἀπὸ
905 4871 1263 4943 πεντήκοντα,
1304 4872 1422 4943 ἦτοι
1447 4872 1662 4926 ἑκατόν.

417 5045 738 5114 Ἐρώτησις
765 5043 939 5114 Cf.—
960 5045 1023 5101 Εί
1060 5049 1168 5121 χρὴ
1225 5050 1338 5114 τοῖς
1373 5049 1744 5120 συμψάλλουσι
1795 5053 1910 5116 τοῖς

333 5139 650 5211 αἱρετικοῖς,
684 5133 1044 5210 ἁπεχομένοις
1065 5141 1122 5194 δὲ
1147 5141 1246 5211 τῆς
1276 5143 1561 5206 κοινωνίας
1591 5143 1790 5208 αὐτῶν,
1843 5144 1909 5197 ἄν

333 5249 392 5285 τε
425 5231 802 5303 πρεσϐυτέρῳ,
831 5232 897 5286 ἄν
935 5249 994 5286 τε
1034 5232 1286 5303 διακόνῳ,
1318 5235 1382 5289 ἄν
1431 5251 1489 5288 τε
1520 5234 1714 5306 λαῖκῷ,
1754 5236 1819 5290 ἄν
1850 5253 1910 5290 τε

331 5318 574 5386 γυναικὶ,
605 5319 941 5390 μεταδιδόναι
971 5319 1078 5375 τῶν
1106 5322 1463 5394 ἁγιασμόιτων
1494 5323 1586 5378 τὸν
1634 5324 1912 5397 όρθόδοξον

336 5411 508 5480 ἱερέα.

423 5507 772 5578 Ἀπόκρισις.
808 5539 880 5551 -
933 5509 1008 5565 Τὸ
1039 5510 1138 5583 μὲν
1173 5506 1267 5565 οὖν
1303 5513 1660 5582 μεταδιδόναι,
1691 5515 1914 5584 μεταδι-

334 5599 470 5654 δότω
500 5603 646 5664 ’τοῖς
681 5602 781 5672 μὲν
815 5603 1156 5674 ίερωμένοις,
1178 5606 1536 5676 οἰκονομικῶς
1572 5605 1710 5676 μετὰ
1740 5607 1915 5660 ὲπιτι-

339 5693 486 5763 μίου,
527 5693 614 5747 διὰ
651 5694 750 5766 τὴν
799 5695 936 5765 πρὸς
985 5697 1113 5761 τοὺς
1161 5698 1475 5769 αἱρετικοὺς
1516 5698 1822 5770 ἀπαγωγὴν
1855 5702 1916 5752 ἐν

335 5787 447 5848 τοῖς
473 5770 694 5850 ἄλλοιςζ
727 5789 838 5853 τοῖς
860 5788 916 5842 δὲ
949 5788 1160 5854 λαῖκοῖς
1194 5789 1324 5844 ἄνευ
1358 5791 1661 5863 ἐπιτιμίου.
1698 5793 1835 5864 Περὶ
1859 5793 1915 5849 δὲ

341 5878 435 5934 τοῦ
463 5880 666 5937 διετίαν
693 5880 908 5953 ἔχοντος
950 5883 1299 5956 ἀναγνώστου
1348 5888 1407 5942 ἐν
1453 5889 1520 5960 τῇ
1580 5888 1756 5961 ἀποχῇ
1819 5889 1916 5962 τῆς

2002 4618 2130 4661 cum
2188 4604 2460 4660 haereticis
2509 4619 2577 4660 ex
2619 4613 2766 4659 metu
2804 4603 3123 4675 promiscue
3177 4612 3366 4673 agunt.
3416 4599 3585 4658 Poena

2007 4711 2174 4762 vero,
2231 4697 2547 4769 quindecim
2605 4697 2868 4752 ﬂexiones
2919 4711 3184 4765 genuum,
3241 4695 3584 4764 precationes

2009 4790 2230 4845 totidem
2261 4808 2275 4845 :
2307 4789 2550 4856 Domine,
2579 4790 2786 4860 ignosce
2827 4789 2958 4842 mihi
2988 4787 3086 4841 hoc
3122 4798 3434 4857 peccatum;
3475 4786 3586 4840 Do-

2009 4881 2170 4947 mine,
2199 4881 2460 4950 propitius
2493 4891 2604 4934 esto
2633 4880 2763 4933 mihi
2797 4881 3100 4949 peccatori;
3133 4878 3380 4945 Domine,
3430 4879 3587 4932 mise-

2010 4987 2124 5026 rere
2152 4975 2294 5036 mei;
2323 4973 2685 5044 quinquagies
2715 4974 2799 5028 vel
2825 4972 3058 5029 centies.
3570 4969 3603 5004 ‘

2085 5061 2445 5136 Interrogatio
2481 5065 2566 5119 Vl.
2611 5095 2681 5106 —
2701 5066 2782 5118 An
2815 5073 3068 5134 oporteat
3098 5064 3165 5118 iis
3199 5063 3294 5136 qui
3323 5079 3449 5120 cum
3475 5063 3582 5121 bte-

2011 5155 2202 5210 reticis
2230 5156 2392 5211 simul
2425 5157 2682 5228 psallunt,
2725 5159 2793 5212 ab
2827 5159 3072 5228 ipsorum
3106 5167 3287 5212 autem
3332 5172 3583 5212 commu-

2013 5247 2180 5304 nione
2235 5249 2538 5316 abstinent,
2584 5250 2700 5305 sive
2746 5249 3086 5321 presbytero,
3152 5250 3271 5304 sive
3322 5249 3585 5312 diacono,

2014 5340 2131 5396 sive
2167 5342 2480 5408 laico,.sive
2514 5343 2754 5411 mulieri,
2790 5341 3193 5400 Eucharistiam
3223 5341 3492 5414 impertiri
3519 5343 3589 5398 ab

2014 5431 2322 5489 orthodoxa
2351 5434 2659 5491 sacerdote.
3356 5491 3362 5496 .

2085 5523 2392 5596 Responsio.
2434 5557 2506 5570 -——
2547 5527 2704 5596 Quod
2759 5531 2827 5585 ad
2870 5527 3300 5599 impertiendum
3353 5527 3589 5596 attinet,

2016 5619 2361 5691 impertiatur
2405 5621 2595 5692 utique
2627 5637 2641 5674 :
2672 5620 3056 5676 sacerdotibus
3103 5621 3324 5690 quidem
3384 5636 3453 5676 ex
3505 5622 3592 5678 di-

2017 5710 2366 5781 spensatione
2402 5727 2528 5766 cum
2560 5710 2900 5781 poenitentia,
2939 5709 3087 5782 quod
3118 5711 3187 5790 ah
3216 5710 3493 5767 haereticis
3533 5711 3588 5770 in

2019 5802 2141 5858 aliis
2179 5803 2344 5858 rebus
2369 5818 2428 5858 se
2465 5802 2789 5858 abstrahant
2817 5819 2832 5856 :
2863 5801 3022 5858 laicis
3052 5808 3234 5856 autem
3266 5802 3386 5857 sine
3412 5803 3587 5872 paeni-

2019 5894 2206 5952 tentia.
2240 5891 2437 5951 Lector
2480 5909 2610 5952 vero
2644 5893 2688 5951 si
2720 5893 2832 5967 jam
2869 5910 2964 5966 ρετ
2997 5895 3280 5952 biennium
3331 5895 3583 5953 haeretica
