4102 6374
565 331 701 398 1663

1744 343 1805 405 S.
1836 341 2231 407 THEODORI
2280 345 2628 413 STUDITE

3680 341 3818 418 1664

565 447 952 506 communione
976 449 1263 515 abstinuit,
1294 464 1512 523 aequum
1541 448 1630 508 est
1655 466 1781 506 cum
1811 452 2130 524 participem

2238 459 2526 532 αἱρετικῆς
2571 457 2880 524 κοινωνίας,
2945 455 3154 512 δίκαιον
3195 454 3447 528 μετέχειν
3488 452 3652 512 αὐτὸν
3703 455 3816 509 τῶν

565 541 682 596 fieri
716 556 884 596 sacrae
913 539 1295 608 Eueharistiae,
1343 543 1446 599 etsi
1475 542 1530 598 in
1563 542 1687 598 aliis
1731 543 1991 614 abreptus
2021 545 2135 601 fue-

565 629 657 684 rit.
691 627 772 686 Ex
803 631 1210 701 dispensatione
1235 640 1416 688 autem
1445 631 1560 688 haec
1581 632 1724 688 dicta
1755 643 1884 689 sunt
1911 645 2137 705 propter

565 719 847 776 hominum
901 723 1361 790 imbecillitatem;
1427 739 1496 778 ne
1550 724 1679 778 dum
1729 739 1825 781 eos
1879 735 2134 796 optamus

564 811 772 873 edicere
807 813 957 869 omni
985 814 1238 869 haeretica
1265 816 1662 885 conspersione
1687 831 1883 886 puros,
1913 817 2134 874 incaute

563 903 713 974 ipsos
742 905 795 958 in
826 905 1014 960 eadem
1050 905 1295 975 pericula
1327 907 1705 977 conjiciamus.

635 994 992 1066 Interrogatio
1039 995 1152 1052 VII.
1183 1025 1253 1039 ——
1301 997 1388 1052 An
1436 1009 1686 1069 oporteat
1740 1015 1850 1056 uua
1905 1000 2134 1072 psallere

565 1105 688 1144 cum
729 1091 799 1146 iis
829 1091 924 1160 qni
980 1090 1250 1147 haereticis
1307 1107 1412 1148 non
1451 1095 1862 1150 communicant
1886 1096 2130 1165 quidem,

561 1179 658 1234 sed
687 1194 812 1233 cum
849 1179 917 1234 iis
950 1179 1122 1236 libere
1154 1191 1324 1251 agunt
1355 1183 1408 1238 in
1443 1183 1565 1238 aliis
1604 1185 1769 1240 rebus
1799 1204 1815 1241 :
1849 1194 1945 1240 aut
1980 1187 2130 1243 acci-

560 1285 692 1342 pere
723 1271 1033 1327 oblationes
1063 1272 1133 1328 ab
1163 1273 1320 1344 ipsis,
1355 1290 1452 1332 seu
1481 1290 1688 1342 ceram,
1721 1293 1817 1333 seu
1857 1278 2058 1335 oleum.

627 1360 937 1431 Responsio.
970 1391 1034 1400 τ-
1066 1363 1122 1419 Si
1154 1367 1376 1436 quidem
1417 1369 1730 1426 sacerdotes
1758 1369 1984 1439 fuerint,
2027 1387 2130 1429 nec

558 1452 906 1512 heterodoxis
931 1456 1182 1523 offerant,
1213 1460 1532 1530 accipienda
1562 1463 1631 1518 ab
1658 1463 1726 1519 iis
1768 1463 1972 1528 oblata,
2003 1481 2130 1523 cum

557 1541 876 1610 paenitentia
923 1545 1132 1614 aliqua.
1179 1545 1237 1600 Si
1271 1562 1401 1603 vero
1445 1549 1591 1615 laici,
1641 1550 1761 1607 sine
1809 1554 2129 1622 paenitentia

556 1647 722 1702 porro
765 1636 1124 1705 pergendum.
1173 1639 1396 1708 Oportet
1442 1643 1588 1696 enim
1633 1642 1938 1700 discrimen
1983 1661 2126 1711 esse,

555 1733 782 1794 propter
813 1725 1117 1785 sacerdotis
1151 1728 1494 1800 dignitatem.

2234 547 2609 620 ἁγιασμάτων,
2636 549 2739 604 κᾶν
2771 550 2830 603 ὲν
2852 548 2969 612 τοῖς
2996 547 3178 610 ἄλλοις
3205 545 3617 618 συναπάγηται.
3649 546 3804 598 Obto-

2232 640 2473 710 νομικῶς
2497 641 2556 695 δὲ
2583 640 2759 695 ταῦτα
2783 639 3001 712 εἴρηται
3023 638 3115 693 διὰ
3138 639 3237 706 τὴν
3265 637 3552 692 ἀσθένειαν
3579 635 3691 689 τῶν
3719 635 3814 688 ἀν-

2233 725 2467 800 θρώπων
2495 745 2510 761 ·
2543 747 2618 793 ως
2646 729 2713 782 ἂν
2743 730 2818 800 μὴ
2844 730 3022 798 πάντη
3059 725 3348 798 ζητοῦντες
3404 725 3603 789 αὐτοὺς
3648 724 3797 778 καθα

2233 819 2363 890 ροὺς
2417 822 2592 874 ποιεῖν
2639 821 2738 891 τῆς
2773 820 3057 892 αἱρετικῆς
3107 817 3496 890 συμφύρσεως,
3553 815 3817 887 λάθωμεν

2231 911 2312 975 είς
2341 911 2480 967 αὐτὰ
2499 911 2570 966 τὰ
2589 913 2780 984 καίρια
2809 912 3179 984 παραλύοντες
3211 909 3431 974 αὐτούς.

2319 1003 2641 1073 Ἐρώτησις
2668 1006 2743 1059 Z'.
2769 1031 2840 1046 —-
2867 1005 2930 1058 El
2951 1004 3031 1058 δεῖ
3069 1001 3406 1074 ωμψάλλειν
3439 1001 3554 1064 τοῖς
3586 999 3663 1070 μὴ
3697 1015 3816 1052 κοι-

2231 1095 2462 1152 νωνοῦσι
2495 1099 2609 1162 τοῖς
2635 1096 2955 1168 αίρετικοῖς,
2990 1087 3344 1166 ωιαφοροῦσι
3377 1093 3436 1147 δὲ
3465 1094 3524 1146 έν
3555 1094 3674 1155 τοῖς
3715 1092 3813 1146 ἄλ-

2231 1189 2372 1253 λοις·
2403 1188 2438 1260 ἢ
2463 1187 2712 1260 δέχεσθαι
2740 1188 3056 1261 προσφορὰς
3084 1189 3217 1260 παρ’
3244 1187 3448 1255 αὐτῶν,
3497 1185 3533 1259 ἢ
3578 1187 3811 1256 κηροὺς.

2285 1280 2484 1335 ἔλαιον.

2232 1280 2675 1436 ἢέξεῗέθὶρισις,
2695 1359 2849 1416 -Εί
2873 1359 2975 1431 μὲν
3005 1358 3292 1429 ίερωμένοι
3321 1353 3453 1421 εἷεν,
3484 1359 3582 1409 καὶ
3603 1358 3663 1407 οὺ
3691 1359 3808 1420 τοῖς

2187 1480 2195 1490 ·
2225 1458 2551 1533 έτεροδόξοις
2600 1455 2992 1530 προσφέρουσι,
3020 1450 3384 1524 προσδεκτέον
3429 1447 3502 1501 τὰ
3545 1447 3680 1516 παρ’
3709 1447 3811 1498 αὐ-

2227 1556 2336 1611 τῶν
2363 1551 2840 1626 προσενηνεγμένα
2875 1549 2992 1622 μετ’
3015 1545 3290 1616 ἐπιτιμίου
3317 1541 3483 1606 τινός.
3509 1540 3572 1592 Εἰ
3595 1539 3651 1590 δὲ
3685 1541 3802 1592 λαῖ-

2227 1649 2336 1716 κοὶ,
2361 1649 2490 1703 ἄνευ
2519 1645 2794 1716 ἐπιτιμίου
2817 1642 3120 1713 προσιτέον.
3164 1638 3258 1693 Δεῖ
3290 1635 3402 1708 γὰρ
3432 1633 3802 1704 διαφορότητα

2227 1735 2366 1793 εἶναι
2395 1736 2484 1790 διὰ
2513 1735 2573 1789 τὸ
2602 1735 2699 1804 τῆς
2722 1731 3018 1805 ἱερωσύνης
3044 1729 3281 1799 ἀξίωμα.

629 1816 996 1889 Interrogatio
1042 1820 1182 1877 VIII.
1230 1852 1300 1862 —
1341 1823 1426 1877 An
1478 1823 1609 1880 licet
1657 1825 1816 1882 nobis
1857 1825 2124 1897 precatio-

2309 1828 2626 1899 Ἐρώτησις
2649 1827 2732 1883 Η’.
2759 1856 2829 1868 -
2859 1827 2922 1880 El
2949 1824 3128 1890 ἔξεστι
3171 1822 3347 1876 ποιεῖν
3389 1818 3504 1882 τοῖς
3550 1813 3799 1870 αἰτοῦσιν

559 1922 684 1965 nem
715 1907 975 1966 adhibere
1018 1911 1086 1966 iis
1119 1912 1215 1982 qui
1249 1921 1508 1982 poscunt,
1546 1923 1642 1970 aut
1678 1916 1859 1970 oleum
1900 1916 2124 1972 benedi-

557 2013 706 2064 cere.
761 2009 856 2064 aut
907 2016 1092 2060 ceram
1149 2006 1496 2074 accendere,
1559 2015 1689 2064 aute
1745 2023 1907 2065 sacro
1954 2009 2128 2066 calice

555 2087 743 2145 bibere
759 2091 789 2146 7‘

629 2181 938 2252 Responsio,
964 2218 1037 2241 -π
1067 2186 1125 2243 Si
1156 2189 1474 2246 heterodoxi
1508 2199 1679 2258 sunt,
1711 2192 1944 2250 minime
1981 2211 1997 2250 :
2022 2193 2126 2250 etsi

557 2290 683 2332 cum
728 2275 832 2333 fide
865 2278 1152 2338 accedant.
1188 2280 1358 2338 Nulla
1385 2283 1526 2339 enim
1562 2284 1788 2340 societas
1813 2283 1923 2341 luci
1954 2287 2025 2341 ad
2052 2295 2130 2341 te-

555 2367 745 2422 nebras
767 2368 835 2419 ³³.

630 2455 993 2531 Interrogatio
1031 2459 1126 2518 IX.
1172 2492 1244 2502 —
1279 2461 1339 2518 Si
1390 2465 1694 2522 monachus
1740 2477 1836 2522 aut
1873 2465 2130 2523 monialis

557 2551 626 2607 ad
659 2567 763 2608 nos
794 2554 1007 2609 venerit
1035 2553 1234 2611 divinae
1270 2553 1629 2613 Encharistite
1657 2572 1848 2624 causa,
1877 2573 2130 2628 quaenam

555 2641 826 2714 exigenda
873 2642 1152 2702 confessio
1190 2657 1297 2714 est,
1351 2647 1468 2714 ubi,
1511 2662 1623 2720 quo
1670 2651 1783 2706 sint
1830 2650 1908 2706 illi
1957 2659 2128 2720 statu,

555 2735 763 2791 lateat?

629 2826 1038 2897 Responsio.—
1061 2827 1222 2884 Omni
1272 2829 1516 2886 venienti
1555 2830 1920 2901 impertienda
1977 2847 2138 2887 com-

557 2921 768 2987 tnunio,
794 2919 842 2976 si
874 2936 985 2993 quo
1030 2920 1086 2976 in
1118 2930 1266 2996 statu
1299 2922 1373 2978 sit
1410 2923 1721 2995 ignoratur,
1750 2925 2027 2994 rogandus
2061 2939 2130 2980 an

555 3014 925 3070 venerandam
954 3013 1158 3070 Christi
1191 3015 1492 3087 imaginem
1514 3024 1568 3072 et
1592 3026 1910 3074 sanctorum
1944 3019 2129 3074 colat:

557 3118 629 3160 an
663 3101 840 3174 fugiat
871 3103 1254 3160 haereticorum
1304 3106 1770 3176 communionem,
1815 3123 1918 3165 nec
1963 3110 2129 3165 aliam

555 3195 726 3250 ullam
762 3196 1074 3252 haereticam
1123 3197 1313 3253 animo
1343 3199 1671 3255 sententiam
1703 3208 1903 3256 teneat.
1951 3201 2129 3270 Atque

557 3288 653 3343 ubi
690 3287 875 3344 omnia
904 3287 1192 3344 confessus
1228 3287 1418 3358 fuerit,
1447 3298 1506 3346 et
1539 3290 1817 3347 confessio
1856 3291 2131 3346 tenebitur

557 3394 779 3435 omnem
826 3379 1093 3434 detestata
1141 3378 1431 3446 haeresim;
1487 3388 1620 3436 tunc
1666 3379 2024 3452 impertienda
2079 3381 2130 3438 ei

556 3485 733 3528 sacrae
762 3470 1127 3526 Eucharistite
1149 3471 1468 3527 communio
1493 3479 1601 3528 est.

630 3562 989 3634 Interrogatio
1031 3561 1103 3617 Χ.
1129 3589 1201 3604 --
1226 3562 1312 3618 An
1363 3562 1526 3620 liceat
1579 3563 1807 3620 moniali
1849 3579 2049 3636 aquam
2099 3578 2131 3621 e

559 3669 722 3712 sacro
753 3654 926 3710 calice
955 3654 1166 3710 bibere.
1203 3651 1300 3728 [Ut
1326 3665 1457 3724 puta
1481 3655 1736 3712 sanitatis
1763 3653 1980 3729 causa.]

629 3746 940 3817 Responsio.
969 3776 1041 3788 -—
1068 3745 1129 3802 In
1163 3762 1376 3803 summa
1406 3747 1710 3804 sacerdotis
1743 3758 1839 3804 aut
1875 3747 2132 3804 monachi

556 3839 811 3911 penuria,
839 3837 912 3895 ob
950 3847 1234 3910 urgentem
1271 3839 1678 3907 necessitatem,
1705 3839 1875 3896 bibat.

633 4014 995 4088 Interrogatio
1039 4015 1128 4071 XI.
1159 4047 1221 4059 -—
1257 4017 1313 4073 lu
1341 4016 1578 4074 transitu
1626 4032 1759 4072 num
1809 4015 2020 4087 ingredi
2049 4014 2135 4073 fas

563 4110 621 4166 in
658 4109 966 4165 Ecclesiam
993 4125 1158 4179 quam
1200 4110 1492 4166 haereticus
1525 4107 1818 4164 obtineat?

630 4203 944 4273 Responsio.
975 4233 1044 4243 -
1068 4201 1130 4258 Si
1172 4218 1341 4273 penes
1387 4203 1700 4259 haereticum
1749 4201 1994 4258 Ecclesia
2024 4209 2132 4268 est,

2225 1923 2361 1994 ἡμῖν
2385 1921 2572 1992 εὐχὴν,
2599 1921 2633 1992 ἢ
2664 1919 2908 1987 εὐλογεῖν
2939 1917 3141 1981 ἔλαιον,
3183 1913 3219 1986 ἢ
3277 1909 3482 1985 κηροίις
3516 1907 3805 1970 ἀνάπτειν,

2225 2013 2261 2086 ἢ
2291 2013 2653 2085 ἁπομυρίζειν
2677 2010 2846 2081 am;

2310 2189 2674 2257 ’Δπόκρισις.
2701 2215 2774 2229 -
2818 2183 2947 2240 Ἐὰν
2970 2179 3265 2255 ἑτερόδοξοι
3295 2178 3457 2246 εἰσιν,
3508 2173 3804 2246 οὐδαμῶςο

2226 2281 2332 2336 κᾶν
2385 2280 2568 2334 πίστει
2599 2277 3031 2350 προσέρχωνται.
3099 2273 3356 2344 οὐθεμία
3381 2267 3494 2343 γὰρ
3525 2268 3810 2324 κοινωνία

2227 2372 2372 2445 φωτί
2397 2371 2547 2442 πρὸς
2573 2371 2818 2436 σκότος.
3000 2434 3001 2437 η

2311 2463 2632 2535 Ἐρώτησις
2668 2460 2746 2517 Θ’.
2765 2459 2978 2514 -Ἑὰν
3010 2458 3257 2531 μονάζων
3283 2457 3318 2530 ἢ
3354 2456 3666 2528 μονάζουσα
3682 2453 3812 2524 Ipsos

2228 2554 2367 2624 πρὸς
2397 2555 2546 2625 ἡμᾶς
2570 2553 2666 2607 ἐπὶ
2701 2554 2768 2624 τῇ
2802 2551 2923 2624 θείᾳ
2971 2548 3228 2621 κοινωνίᾳ
3257 2566 3273 2582 ·
3313 2546 3566 2617 ποταπὴν
3617 2543 3810 2614 ὁμολο-

2226 2647 2354 2718 γίαν
2403 2645 2732 2717 ἀπαιτητέον
2785 2643 2875 2698 διὰ
2917 2643 2980 2698 τὸ
3021 2642 3366 2711 ἀδιάγνωστα
3397 2634 3540 2694 εῖναι
3583 2637 3658 2691 τὰ
3683 2636 3812 2691 κατ’

2228 2739 2425 2802 αὐτούς
2443 2756 2460 2804 ;

2313 2831 2680 2898 Ἀπόκρισις.
2709 2858 2781 2872 -—
2836 2829 3023 2884 Πάντα
3059 2827 3154 2881 τὸν
3208 2824 3504 2897 ἐρχόμενον
3541 2823 3806 2895 κοινωνῆ-

2231 2937 2342 2976 σαι.
2375 2920 2439 2974 Εί
2472 2922 2748 2991 ἀγνοεῖται
2775 2919 2844 2974 τὰ
2868 2921 2986 2974 κατ’
3011 2918 3196 2985 αὑτὸν,
3220 2916 3523 2989 έρωτητέον
3561 2918 3612 2969 εί
3643 2931 3808 2985 προσ-

2232 3014 2386 3068 κυνεῖ
2412 3012 2512 3083 τὴν
2547 3012 2754 3084 σεπτὴν
2786 3011 2971 3066 εἰκόνα
2987 3008 3226 3081 Χριστοῦ
3264 3009 3360 3064 καὶ
3385 3008 3498 3063 τῶν
3523 3007 3722 3076 ἁγίων
3757 3007 3806 3061 εί

2236 3101 2311 3174 μὴ
2355 3102 2605 3155 κοινωνεῖ
2638 3103 2752 3164 τοῖς
2783 3102 3100 3172 αἱρετικοῖς,
3151 3099 3246 3153 καὶ
3297 3100 3378 3161 είς
3408 3099 3438 3152 ὃ
3465 3115 3518 3151 τι
3565 3096 3634 3151 ἂν
3679 3096 3806 3152 ἄλλο

2159 3179 2202 3240 ο
2233 3189 2604 3261 θποπτεὺηται
2654 3190 2910 3262 φρόνημα
2960 3187 3285 3258 έτερόδοξον.
3333 3187 3446 3241 Καὶ
3503 3185 3634 3239 ὅταν
3665 3184 3805 3239 κατὰ

2231 3283 2406 3337 πάντα
2432 3281 2764 3352 ὁμολογήσῃ,
2795 3281 2891 3334 καὶ
2917 3281 2950 3350 ἠ
2984 3277 3246 3349 ὁμολογία
3273 3276 3501 3342 σώζοιτο
3559 3276 3658 3328 ἐπὶ
3702 3275 3804 3328 πάι

2233 3389 2332 3443 σης
2372 3372 2636 3445 αἱρέσεως
2688 3369 3102 3454 ἀπαγορευτική
3145 3384 3160 3398 ·
3183 3369 3305 3422 τότε
3340 3365 3664 3438 μεταδοτέον
3712 3365 3811 3421 καὶ

2231 3463 2690 3534 συγκοινωνητέον
2729 3461 2878 3532 αὺτῷ
2922 3461 3032 3515 τῶν
3065 3460 3436 3530 ἁγιασμάτων.

2300 3557 2617 3626 Ἐρώτησις
2645 3555 2704 3612 I'.
2733 3586 2803 3600 --
2841 3556 2904 3610 El
2949 3555 3130 3623 ἔξεστι
3178 3551 3483 3630 μοναστρίᾳ
3535 3547 3812 3622 ἀπομυρί-

2115 3703 2120 3709 .
2230 3648 2365 3716 ζειν.

2313 3739 2674 3809 Ἀπόκρισις.
2703 3767 2774 3780 —
2813 3737 2904 3803 Ἐξ
2931 3738 3168 3809 ἀπορίας
3214 3736 3398 3808 πάσης
3447 3733 3749 3807 ίερωμένου
3773 3732 3811 3788 ἦ

2234 3831 2578 3901 μονάζοντος,
2619 3828 3027 3902 ἀπομυριζέτω,
3065 3827 3172 3892 ,διὰ
3228 3826 3328 3910 τῂν
3375 3825 3814 3894 κατεπείγουσαν

2231 3923 2497 3993 ἀνάγκην.

2315 4013 2632 4085 Ἐρώτησις
2667 4014 2773 4068 IA'.
2796 4042 2866 4054 —
2893 4011 2989 4073 Εἰς
3039 4009 3336 4080 ἐκκλησίαν
3372 4008 3516 4062 κατὰ
3576 4005 3814 4077 πάροδον

2235 4104 2340 4161 ὑπὸ
2365 4102 2642 4176 αίρετικοῢ
2669 4101 3051 4172 κρατουμένην
3087 4102 3136 4154 εί
3175 4100 3259 4161 δεῖ
3294 4098 3561 4163 είσιέναι;

2316 4199 2678 4269 Ἀπόκρισις.
2705 4225 2777 4237 -
2808 4194 3010 4260 ’Δπαξ,
3044 4194 3093 4247 εί
3121 4192 3226 4246 ὑπὸ
3264 4188 3548 4264 αἱρετικοῦ
3577 4203 3814 4262 κρατουο

559 4295 786 4352 omnino
812 4311 924 4352 non
967 4296 1096 4350 licet
1126 4295 1331 4366 ingredi
1379 4294 1644 4350 orationis
1685 4309 1894 4350 causa:
1928 4292 2033 4349 nisi
2063 4293 2130 4348 ob

2235 4292 2374 4364 μένη
2419 4288 2682 4362 ἐκκλησία
2735 4287 2882 4342 ἔστιν
2908 4327 2926 4354 ,
2987 4286 3049 4339 οὐ
3085 4285 3169 4340 δεῖ
3215 4283 3445 4338 εἰσιέναι
3499 4278 3815 4351 προσευχῆς

560 4386 725 4442 aliam
754 4383 1229 4442 circumstantiam
1259 4397 1380 4454 quae
1405 4391 1651 4438 excuset.

633 4585 995 4658 Interrogatio
1041 4585 1159 4642 XII.
1224 4615 1289 4628 —-
1323 4586 1570 4658 Ignotum
1615 4585 1866 4642 abbatem
1908 4584 1978 4640 ad
2027 4599 2132 4642 nos

561 4680 896 4745 venientem,
933 4695 1002 4734 an
1041 4678 1124 4734 fas
1153 4687 1280 4734 ante
1319 4693 1574 4742 examen,
1606 4687 1668 4734 ut
1694 4688 1949 4735 sanctum
1979 4693 2134 4734 com-

565 4769 790 4840 pellare,
827 4783 892 4824 ac
921 4769 1295 4838 precationem
1331 4768 1400 4824 ab
1429 4783 1496 4824 eo
1527 4784 1776 4840 poscere.

637 4860 952 4931 Responsio.
982 4891 1054 4902 —
1079 4860 1534 4932 Quandoquidem
1581 4869 1793 4932 tempus
1842 4869 1928 4917 est
1967 4861 2140 4916 haere-

565 4952 666 5016 sis,
709 4961 835 5006 ante
880 4966 1111 5007 examen
1155 4966 1265 5006 non
1318 4960 1534 5022 oportet
1561 4967 1776 5023 neque,
1807 4951 2130 5019 Benedicite,

453 5107 460 5118 γ
565 5044 762 5108 sancti,
817 5044 1024 5110 dicere,
1078 5059 1181 5100 nec
1235 5045 1607 5116 precationem
1661 5045 1730 5102 ab
1776 5059 1844 5100 eo
1885 5059 2134 5116 poscere.

2236 4386 2397 4460 χάριν
2419 4400 2437 4417 ’
2475 4383 2542 4446 ἵει
2588 4382 2682 4455 μή.
2717 4398 2772 4436 τι
2829 4378 2976 4437 κατὰ
3023 4377 3190 4450 ἄλλην
3234 4371 3630 4448 περιστατικὴν
3681 4370 3816 4440 πρό-

2165 4514 2212 4574 ι)
2238 4493 2423 4574 φαῖτὲθ·

2321 4569 2646 4639 Ἐρώτησις
2671 4564 2774 4621 IB'.
2803 4594 2877 4614 —-.
2908 4562 3109 4619 Ἀὁϐᾶν
3131 4561 3426 4632 ἐρχόμενον
3461 4555 3601 4629 πρὸς
3665 4553 3817 4624 ἡμᾶς

2235 4662 2597 4735 ἀγνώριστον,
2657 4661 2708 4713 εί
2753 4657 2861 4730 χρὴ
2913 4658 3018 4729 πρὸ
3080 4653 3423 4725 ἀνακρίσεως
3472 4647 3816 4719 ἀγιολεκτεῖν

2235 4755 2418 4822 αὐτὸν,
2442 4753 2539 4808 καὶ
2557 4751 2828 4806 αἰτεῖσθαι
2857 4747 2994 4820 πρὸς
3019 4744 3184 4802 αὑτοῦ
3207 4744 3392 4816 εὐχήν.

2319 4845 2682 4914 Ἀπόκρισις.
2701 4840 2952 4895 -Ἐπὰν
2970 4840 3001 4894 ό
3021 4837 3209 4908 καιρὸς
3233 4832 3500 4908 αἱρέσεώς
3529 4833 3674 4896 ἔστι,
3704 4828 3810 4901 πρὸ

2237 4937 2578 5009 ἀνακρίσεως
2613 4935 2685 4988 οὐ.⁴
2706 4933 2827 4987 δεῖ·-
2849 4930 2994 4997 οὔτε,
3025 4927 3365 4998 Εὐλοτεῖτε,
3395 4925 3572 4994 ἅγιοι,
3607 4923 3808 4990 λέγειν’

2237 5029 2364 5086 οὗτε
2396 5029 2564 5101 εὐχὴν
2583 5027 2763 5081 αίτείν-
2791 5024 2924 5096 παρ’
2949 5021 3136 5078 αὑτοῦ.
3171 5019 3276 5074 Τδν
3313 5019 3370 5074 δὲ
3395 5017 3574 5072 κοινὸν
3624 5016 3808 5071 ἀσπα-

567 5107 890 5192 Communis
927 5107 1059 5191 vero
1102 5107 1419 5207 deneganda
1450 5152 1558 5193 non
1611 5145 1697 5195 est
1728 5107 2008 5205 salutatio,
2050 5151 2130 5194 se-

2241 5124 2378 5197 σμὸν
2411 5123 2514 5177 οὑκ
2537 5120 2970 5192 ἀπαγορευτέον,
2991 5116 3134 5171 κατὰ
3184 5113 3286 5186 τὴν
3335 5109 3656 5184 νομοθεσίαν
3711 5107 3808 5162 τοῦ

569 5224 813 5284 cundum
849 5226 1024 5284 sancti
1054 5225 1243 5282 Basilii
1277 5227 1747 5283 constitutionem.

639 5320 1003 5392 Interrogatio
1065 5317 1202 5374 XIII.
1231 5348 1305 5360 -
1329 5318 1408 5376 De
1437 5331 1624 5390 puteo,
1670 5320 1719 5377 si
1754 5319 2000 5391 pollutus
2041 5320 2138 5387 sit,

572 5427 656 5473 an.
691 5425 908 5482 precem
953 5423 1212 5482 peragere
1251 5416 1498 5481 oporteat
1538 5409 1905 5468 orthodoxum
1953 5423 2140 5468 sacer-

570 5502 773 5560 dotem.

646 5789 692 5824 ”
738 5781 780 5843 lI
804 5787 932 5858 Cor.
959 5767 1034 5856 τι,
1069 5787 1157 5845 ιι.

2241 5216 2397 5286 ἁγίου
2425 5213 2730 5269 Βασιλείου.

2309 5306 2628 5378 Ἐρώτησις
2653 5304 2755 5360 ιΓν.
2773 5333 2840 5346 --
2859 5299 3000 5374 Περὶ
3031 5297 3293 5370 φρέατος,
3336 5293 3446 5351 ἐὰν.
3476 5291 3701 5366 μιανθῇ,
3756 5305 3804 5341 ει

2240 5400 2324 5456 δεῖ
2348 5399 2568 5472 ποιῆσαι
2591 5394 2756 5468 εὐχὴν
2780 5394 2871 5450 τὸν
2893 5389 3173 5466 όρθόδοξον
3194 5388 3366 5462 ίερέα.
