4102 6374
273 311 412 381 1665

1448 316 1982 381 EPISTOLARUM
2006 315 2153 376 LIB.
2194 313 2272 376 II.

354 428 711 499 Ἀπόκρισις.
745 457 815 470 --
860 426 1009 487 Ἐκεῖ
1057 429 1140 484 δεῖ
1181 432 1354 487 ποιεῖν
1398 437 1499 503 τὴν
1548 434 1738 506 εὐχὴν,
1791 426 1853 488 οὗ

2030 430 2337 501 Responsio.
2368 457 2440 474 --
2471 427 2550 485 lbi
2579 428 2818 501 precatio
2856 430 3188 502 peragenda,
3230 430 3323 489 ubi
3352 434 3543 487 ortho-

270 523 474 593 Ecmvi;
504 521 785 593 όρθόδοξος
818 522 1093 576 κοινωνία.
1120 522 1264 595 Πρὸς
1288 525 1345 578 δὲ
1371 526 1498 591 τοὺς
1528 526 1858 583 κοινωνοῦν-

270 632 372 680 τας
389 616 502 679 τοῖς
533 614 831 686 αἰρετικοῖς
864 615 964 668 οὐκ
997 614 1156 669 ἰτέον.
1201 616 1289 670 Ἐν
1326 613 1407 683 οἷς
1455 618 1567 689 γὰρ
1617 621 1861 690 μιαίνον-

269 724 363 762 ται
402 709 547 763 κατά
574 706 751 779 ψυχὴν
779 708 868 763 διὰ
890 708 987 762 τοῦ
1018 708 1191 779 ἄρτου
1228 707 1431 777 αὐτῶν,
1462 711 1858 783 μιανθήσονται

270 801 367 854 καὶ
395 800 538 854 κατὰ
564 800 743 871 σῶμα.

342 889 662 958 Ἐρώτησις
683 889 853 944 ΙΔ’.-
886 890 1022 963 Περὶ
1052 890 1451 962 βαπτίσματος,
1480 889 1556 955 ὡς
1587 892 1689 945 οὐκ
1711 892 1859 947 ἐστιν

269 982 539 1053 ἐκκλησία
591 982 937 1054 κρατουμένη
990 983 1095 1037 ὑπὸ
1124 982 1437 1054 ὀρθοδόξου,
1489 984 1585 1038 ἐὰν
1624 985 1859 1057 αἰτήση-

269 1089 361 1126 ται
397 1073 546 1141 ὴμᾶς
582 1089 667 1135 τις
692 1072 797 1125 ποῦ
820 1075 926 1143 χρὴ
947 1075 1289 1143 σφραγίζειν,
1328 1075 1607 1143 κατηχεῖν,
1639 1073 1735 1127 καὶ
1770 1074 1861 1144 βα.

270 1160 483 1226 πτίζειν
514 1178 529 1194 ο
571 1163 809 1216 ποταποὶ
838 1164 896 1217 δὲ,
928 1166 977 1217 οί
1006 1167 1186 1233 γονεῖς
1214 1165 1309 1219 καὶ
1358 1166 1406 1219 οἰ
1441 1166 1713 1238 ἀνάδοχοι.

355 1255 713 1324 Ἀπόκρισις.
740 1284 809 1295 -
830 1256 944 1310 Οὐκ
964 1257 1212 1323 εἰσιέναι,
1237 1255 1382 1313 καθὰ
1403 1257 1750 1329 προείρηται.
1775 1260 1859 1323 εἰς

270 1344 569 1416 ἐκκλησίαν
633 1347 1014 1417 κρατουμένην
1059 1346 1166 1400 ὑπὸ
1233 1347 1513 1419 αἰρετικοῦ
1538 1348 1664 1402 δεῖ·
1704 1350 1857 1421 πόσῳ

270 1453 334 1506 γε
363 1437 565 1507 μᾶλλον
588 1438 657 1493 τὰ
684 1437 985 1509 λελεγμένα
1007 1438 1243 1511 πρᾶξαις
1270 1440 1405 1495 ἀλλά
1445 1440 1535 1494 διὰ
1583 1443 1681 1513 τὴν
1722 1446 1858 1499 ἁπο-

271 1532 397 1604 ρίαν
424 1530 720 1599 ἀναγκαῖον
755 1532 836 1596 εἰς
874 1532 1039 1587 τόπον
1064 1532 1455 1605 καθαρώτατον
1487 1535 1667 1598 οἰκίας
1687 1548 1703 1565 ·
1769 1536 1857 1607 ἐφ’

270 1617 306 1696 ᾖ
342 1623 431 1679 διὰ
480 1622 870 1695 θυσιαστηρίου
917 1624 1386 1696 καθηγιασμένου,
1412 1627 1531 1698 ἦτοι
1552 1627 1855 1701 τραπέζης,

269 1717 370 1789 τὴν
407 1717 724 1789 ἱερουργίαν
754 1718 784 1772 ό
823 1717 1033 1789 μέλλων
1061 1717 1333 1772 ἐπιτελεῖν
1356 1718 1420 1772 τὸ
1460 1717 1717 1792 φώτισμα
1758 1720 1856 1791 βα-

1962 523 2103 577 doxa
2141 522 2454 578 communio
2475 532 2577 579 est.
2615 522 2697 577 Ad
2728 536 2824 577 eos
2860 532 3041 578 autem
3073 524 3167 595 qui
3193 539 3319 579 cum
3361 524 3536 579 haere-

1962 614 2085 670 ticis
2139 614 2565 680 communicant,
2606 626 2716 669 non
2746 615 3012 670 eundum.
3045 614 3105 669 In
3137 615 3337 686 quibus
3389 617 3538 673 enim

1959 707 2144 763 animo
2175 707 2364 777 polluti
2402 718 2530 764 sunt
2561 706 2631 761 ob
2675 720 2867 776 panem
2908 705 3174 776 ipsorum,
3208 715 3266 762 et
3308 722 3540 780 corpore

1960 798 2291 870 polluentur.

2031 888 2387 959 Interrogatio
2424 886 2565 941 XIV.
2619 915 2691 926 —
2729 886 2805 942 De
2866 886 3160 958 baptismo,
3195 887 3284 941 ubi
3317 903 3423 942 non
3455 896 3541 943 est

1962 981 2198 1037 Ecclesia
2222 995 2385 1051 quam
2414 979 2757 1034 orthodoxus
2779 979 3042 1045 obtineat,
3076 980 3123 1034 si
3154 980 3278 1049 quis
3317 994 3347 1032 a
3380 981 3540 1036 nobis

1958 1083 2170 1146 poscat,
2205 1073 2297 1128 ubi
2326 1073 2547 1144 signare
2586 1081 2859 1141 oporteat,
2888 1070 3109 1138 docere,
3142 1077 3197 1126 et
3222 1070 3536 1140 baptizare:

1959 1169 2148 1240 quales
2176 1176 2356 1223 autem
2380 1174 2634 1236 parentes
2663 1179 2729 1220 ac
2767 1164 2991 1234 patrini.

2030 1260 2430 1331 Responsio.——
2461 1257 2646 1321 Nefas,
2678 1265 2736 1311 ut
2759 1256 2967 1312 dictum
3002 1264 3120 1325 est,
3147 1256 3202 1311 in
3244 1256 3537 1312 ecclesiam

1959 1354 2189 1425 ingredi,
2217 1368 2340 1422 qua:
2367 1351 2436 1406 ab
2460 1350 2716 1405 hazretico
2736 1349 3053 1404 detineatur
3094 1365 3107 1402 :
3143 1357 3366 1419 quanto
3404 1363 3537 1403 vero

1958 1446 2134 1517 magis
2170 1460 2292 1515 quae
2341 1443 2504 1498 modo
2553 1450 2982 1498 commemorata
3015 1452 3148 1496 sunt
3201 1456 3365 1512 agere
3394 1440 3418 1495 ἲ
3443 1442 3537 1496 sed

1956 1547 2178 1611 propter
2201 1537 2306 1593 loci
2361 1537 2667 1607 penuriam,
2699 1536 2752 1590 in
2784 1536 2965 1590 locum
3006 1535 3203 1590 adium
3242 1534 3538 1590 mundissi«

1957 1644 2107 1683 mum
2131 1642 2358 1683 necesse
2381 1635 2465 1682 est
2483 1626 2636 1680 abire
2666 1643 2680 1677 :
2711 1624 2803 1679 ubi
2827 1639 2992 1694 super
3021 1624 3179 1679 altari
3215 1632 3537 1680 consecrato

1956 1721 2041 1776 vel
2076 1735 2287 1785 mensa,
2320 1718 2414 1789 qui
2448 1734 2607 1774 sacro
2639 1716 2795 1789 iungi
2831 1717 3145 1773 ministerio
3180 1717 3366 1780 debet,
3407 1717 3540 1785 bap-

270 1811 531 1876 πτιξέτω.
604 1811 927 1881 Ἀναδόχους
974 1810 1032 1865 δὲ
1086 1811 1332 1876 ἐκείνους
1368 1811 1677 1882 προσιτέον,
1728 1814 1855 1879 τοὺς

1962 1814 2180 1869 tismum
2208 1811 2628 1867 illuminationis
2668 1809 2967 1879 impertiat.
3004 1807 3212 1863 Patrini
3244 1818 3428 1863 autem
3460 1808 3537 1863 illi

269 1903 331 1955 οὐ
362 1905 473 1966 τοῖς
514 1904 815 1974 αἱρετικοῖς
867 1902 1287 1970 κοινωνοῦντας,
1332 1905 1428 1957 καὶ
1475 1904 1671 1974 γονέας
1728 1905 1856 1970 τοὺς

268 1992 532 2057 ὡσαύτως
569 1994 1037 2065 πεφυλαγμένους.

354 2084 678 2153 Ἐρώτησις
730 2087 830 2141 lE'.
864 2116 935 2128 -—
966 2087 1118 2141 Είσὶν
1157 2086 1448 2158 ἐκκλησίαι
1498 2086 1718 2159 ἔχουσαι
1760 2086 1858 2141 δύο

269 2176 523 2248 κόγχαςῆ
566 2177 661 2232 καὶ
691 2180 841 2249 τρεῖς
881 2195 896 2209 ·
929 2179 1047 2234 ἐστι
1078 2180 1136 2233 δὲ
1162 2178 1224 2245 ἒξ
1255 2180 1435 2234 αὐτῶν
1471 2182 1570 2251 μία
1604 2179 1859 2252 ἀνενθρο-

268 2264 488 2329 νίαστος
508 2280 525 2296 ·
557 2265 666 2339 χρὴ
688 2268 869 2323 ἐκεῖσε
899 2265 1303 2340 λειτουργῆσαι,
1335 2268 1369 2341 ἢ
1397 2268 1460 2322 οὔ
1485 2286 1501 2335 ;

352 2448 728 2517 Ἀπόκρισις.
756 2479 828 2489 -—
865 2449 990 2503 Ἐὰν
1024 2448 1130 2503 ὑπὸ
1175 2448 1271 2503 τὸν
1318 2449 1728 2523 ἀναφερόμενον
1770 2451 1857 2506 αί-

274 2541 486 2611 ρετικόν
525 2542 672 2595 ἐστιν
711 2542 744 2612 ἠ
778 2540 1004 2613 τοιαύτη
1073 2540 1362 2611 ἐκκλησία,
1401 2540 1506 2596 κᾶν
1554 2542 1653 2614 μία
1683 2544 1855 2615 κόγχη

270 2633 334 2686 οὐ
358 2631 718 2703 καθιέρωται,
751 2632 813 2686 οὐ
841 2632 947 2713 χρῂ
977 2632 1316 2703 λειτουργεῖν
1350 2634 1468 2686 ικεῖ
1496 2650 1511 2664 ·
1538 2634 1589 2688 εί
1627 2632 1684 2687 δὲ
1716 2650 1859 2706 κρα-

270 2726 445 2779 τεῖται
472 2724 577 2778 ὑπὸ
597 2723 906 2796 όρθοδόξου,
946 2724 1176 2780 ποιείτω
1215 2724 1562 2798 λειτουργίαν
1622 2727 1704 2793 εἰς
1758 2726 1859 2799 τὴν

271 2817 479 2888 κόγχην
498 2816 620 2887 ἥτις
643 2815 704 2869 οὐ
728 2814 1083 2887 καθιέρωται.

354 2907 675 2977 Ἐρώτησις
698 2907 901 2974 lC.".—
933 2908 995 2963 Εἰ
1025 2908 1251 2965 δύναταί
1307 2927 1394 2973 τις
1453 2910 1723 2982 κρατῆσαι
1761 2910 1861 2983 τὴν

272 3002 570 3071 ἐκκλησίαν
629 3001 818 3065 αὐτοῦ,
883 3001 971 3057 ῖνα
1020 3002 1097 3074 μὴ
1132 3002 1515 3076 λειτουργῆται
1560 3003 1664 3058 ὑπὸ
1708 3006 1861 3076 αἱρε-

272 3095 430 3151 τικοῦ
471 3113 486 3129 °
527 3096 694 3150 πόσον
723 3097 916 3168 χρόνον
968 3095 1147 3164 ἔξεστι
1207 3097 1566 3168 σφαλισθῆναι
1593 3114 1608 3127 ·
1671 3097 1763 3152 καὶ
1806 3097 1858 3151 τί

272 3189 480 3260 ὀφείλει
519 3206 588 3243 πε
596 3190 651 3259 pi.
687 3189 860 3259 αὐτῆς
881 3207 898 3255 ;

357 3280 721 3348 Ἀπόκρισις.
757 3312 828 3325 —
864 3279 1037 3334 Τοῦτο
1088 3281 1181 3351 ὑφ’
1220 3280 1377 3351 ἡμῶν
1433 3281 1494 3334 οὐ
1548 3280 1765 3346 λέλυται
1799 3280 1859 3334 τὸ

274 3370 571 3438 κεφάλαιον
597 3387 612 3403 ο
646 3370 950 3425 ἐπισκόπου
976 3372 1087 3443 γάρ
1133 3372 1251 3425 ἐστι
1274 3370 1368 3426 τοῦ
1393 3370 1613 3437 λύοντος
1628 3371 1727 3436 τὰς
1761 3374 1857 3425 ὲκο

275 3459 527 3531 κλησίας.

362 3552 682 3622 Ἐρώτησις
708 3551 808 3609 1Ζ’.
839 3582 914 3594 -—-
955 3552 1079 3607 Ἐὰν
1110 3554 1166 3608 δέ
1216 3556 1355 3609 εἰσιν
1420 3554 1612 3626 ἄνδρες
1641 3572 1703 3608 τε
1764 3554 1861 3610 καὶ

276 3648 559 3716 γυναῖκες,
577 3646 756 3700 λαῖκοὶ
799 3642 1066 3715 αἰρετικοὶ
1095 3646 1205 3698 είτε
1246 3643 1356 3699 ἀπὸ
1399 3646 1689 3715 χωρικίας,
1748 3647 1859 3699 εῖτε

283 3736 527 3808 ἔμφυτον
559 3736 775 3807 ἔχοντες
807 3733 906 3805 τὴν
925 3734 1136 3805 αἵρεσιν
1164 3749 1179 3765 ·
1200 3735 1249 3787 εἰ
1271 3733 1479 3799 ἔξεστιν
1508 3734 1711 3788 ἐσθίειν
1742 3734 1860 3805 μετ’

279 3828 484 3894 αὐτῶν,
506 3828 540 3900 ἢ
559 3826 860 3897 λαμϐάνειν
895 3825 955 3889 ἐξ
972 3824 1152 3879 αὐτῶν
1174 3825 1228 3878 τί
1255 3841 1401 3880 ποτε.

366 3920 727 3987 Ἀπόκρισις.
760 3947 831 3958 -
865 3914 1002 3969 Οὖτε
1043 3916 1093 3968 εἰ
1124 3918 1189 3969 ὲκ
1218 3913 1509 3979 κακονοίας
1547 3916 1684 3968 είσίν
1711 3915 1858 3985 αἱρε-

282 4014 448 4076 τικοὶ,
466 4010 661 4083 οὕτεξεί
682 4011 743 4076 ἐξ
772 4009 1031 4080 ἀμαθίας,
1067 4008 1277 4077 ἔξεστιν
1307 4009 1336 4080 ἢ
1362 4008 1617 4077 ἐσθίεινῆ
1651 4007 1866 4078 λαμϐά-

282 4120 397 4159 νειν
413 4104 482 4157 τὰ
508 4103 639 4174 παρ’
678 4101 858 4155 αὐτῶν
896 4100 1376 4172 προσενηνεγμένα
1400 4114 1415 4128 ·
1446 4100 1548 4153 οὐκ
1566 4097 1681 4154 οἶδα
1710 4101 1758 4153 εί
1789 4102 1862 4172 μή

279 4208 335 4249 τι
356 4196 405 4249 οἰ
438 4194 669 4265 ἀμαθεῖς
685 4191 1063 4262 βελτιωθέντες
1093 4191 1395 4264 ὀρθοδοξεῖν
1411 4191 1855 4261 ἐπαγγέλλονται.
1880 4262 1883 4263 ν

366 4284 690 4355 Ἐρώτησις
713 4282 820 4339 lH'.
846 4313 918 4325 -—
948 4283 1083 4354 Περὶ
1113 4282 1207 4336 τοῦ
1231 4282 1437 4354 πατρός
1470 4300 1593 4354 μου,
1632 4285 1683 4338 εἰ
1716 4282 1866 4338 ἐστιν

284 4378 435 4444 ἄξιος
459 4379 541 4441 εἰς
569 4375 914 4448 λειτουργίαν
943 4373 1378 4445 μνημονεύεσθαι
1402 4389 1419 4440 ;

1955 1904 2302 1969 admittendi,
2341 1903 2435 1973 qui
2457 1917 2583 1957 cum
2618 1900 2892 1956 haereticis
2918 1915 3028 1954 non
3060 1902 3475 1955 communicent
3511 1917 3527 1955 :

1953 2007 2213 2070 parentes
2241 1996 2494 2051 similiter
2524 1996 2748 2065 integra:
2771 1982 2918 2049 ﬁdei.

2028 2087 2385 2159 Interrogatio
2427 2083 2545 2139 XV.
2583 2114 2653 2128 -
2683 2082 2827 2137 Sunt
2889 2081 3163 2146 ecclesiae,
3222 2096 3347 2151 quae
3400 2081 3538 2136 duas

1956 2180 2162 2235 habent
2205 2189 2299 2233 aut
2347 2187 2460 2233 tres
2495 2174 2798 2239 aediculas:
2830 2188 2899 2229 ex
2941 2173 3029 2228 his
3070 2182 3255 2227 autem
3304 2188 3409 2226 una
3455 2183 3537 2227 est

1954 2286 2120 2341 quam
2143 2283 2301 2324 nemo
2316 2266 2598 2335 occuparit
2626 2281 2642 2320 :
2669 2273 2857 2319 utrum
2881 2262 2967 2319 fas
2986 2263 3059 2318 ibi
3091 2278 3311 2319 sacrum
3337 2262 3535 2330 facere,

1956 2377 2139 2417 annon
2174 2360 2197 2414 ?

2026 2447 2335 2518 Responsio.
2376 2476 2448 2488 —
2488 2444 2546 2500 Si
2605 2459 2775 2515 penes
2828 2443 3148 2500 haereticum
3200 2443 3536 2499 declaratum

1955 2539 2225 2608 ejusmodi
2272 2538 2503 2594 ecclesia
2544 2548 2651 2603 est,
2705 2538 2810 2593 etsi
2859 2554 2966 2593 una
3020 2538 3254 2593 aedicula
3312 2539 3385 2594 sit
3426 2554 3537 2593 non

1957 2630 2226 2695 dedicata,
2265 2627 2421 2683 nefas
2463 2628 2535 2682 ibi
2569 2643 2788 2683 sacrum
2840 2624 3023 2682 facere
3059 2646 3075 2680 :
3107 2628 3155 2683 si
3198 2642 3327 2682 vero
3371 2643 3540 2697 penes

1958 2721 2319 2777 orthodoxum
2376 2719 2562 2782 fuerit,
2592 2733 2812 2775 sacrum
2870 2729 3165 2790 peragatur
3207 2719 3265 2775 in
3307 2718 3537 2776 aedicula

1958 2830 2080 2885 quae
2103 2830 2211 2868 non
2239 2822 2322 2866 est
2354 2813 2623 2868 dedicata.

2022 2903 2386 2974 Interrogatio
2412 2901 2551 2961 XVI.
2582 2933 2647 2947 -ο
2690 2902 2750 2960 Si
2773 2910 2956 2975 potest
3009 2904 3134 2975 quis
3179 2903 3413 2960 ecclesia
3436 2919 3537 2959 sua

1959 2998 2142 3070 potiri,
2177 3007 2235 3051 ut
2255 3014 2321 3050 ne
2337 3012 2558 3053 sacrum
2586 2997 2641 3052 in
2662 3012 2725 3053 ea
2750 2997 3038 3054 haereticus
3078 2997 3245 3053 faciat
3276 3015 3291 3063 ;
3324 3008 3534 3068 quanto

1963 3101 2207 3161 tempore
2225 3089 2382 3144 debet
2402 3098 2717 3159 exspectare
2738 3106 2751 3142 :
2768 3097 2819 3143 et
2833 3088 2962 3159 quid
2981 3089 3047 3144 de
3061 3103 3124 3143 ea
3142 3085 3496 3145 statuendum
3512 3083 3538 3140 ῖ

2033 3265 2346 3338 Responsio.
2386 3294 2457 3307 -—
2493 3262 2611 3319 Non
2648 3275 2897 3318 nostrum
2947 3271 3031 3317 est
3079 3262 3208 3316 huic
3240 3261 3407 3332 capiti
3448 3275 3541 3315 sa-

1959 3354 2357 3410 tisfaceremst
2393 3351 2541 3408 enim
2586 3352 2853 3423 episcopi,
2884 3367 2912 3405 a
2944 3366 3054 3422 quo
3106 3351 3396 3406 solvuntur
3448 3365 3541 3405 ec-

1959 3444 2161 3501 clesiae.

2031 3533 2386 3605 Interrogatio
2419 3531 2584 3589 XVII.
2623 3565 2693 3575 --
2732 3532 2789 3587 Si
2820 3533 2913 3604 qui
2951 3543 3133 3588 autem
3168 3540 3297 3586 sunt
3342 3531 3445 3585 viri
3476 3546 3542 3586 ac

1961 3624 2436 3681 muliereselaicis
2461 3624 2555 3695 qui
2574 3623 2655 3679 vel
2673 3624 2743 3678 ob
2774 3624 3156 3685 rusticitatem,
3178 3621 3260 3675 vel
3278 3620 3349 3675 ob
3379 3621 3539 3675 inna-

1962 3729 2071 3773 tam
2115 3715 2367 3772 haeresim
2413 3715 2525 3770 sint
2568 3716 2807 3770 haeretici
2846 3733 2862 3771 :
2897 3730 2964 3768 an
3017 3713 3176 3767 liceat
3221 3727 3349 3767 cum
3401 3711 3541 3783 ipsis

1963 3810 2145 3874 edere,
2188 3817 2285 3863 aut
2316 3807 2566 3878 accipere
2602 3808 2899 3878 quidquam
2931 3805 2999 3859 ab
3039 3805 3196 3875 ipsis.

2034 3901 2345 3971 Responsio.
2370 3928 2439 3940 -
2468 3898 2656 3968 Neque
2690 3899 2736 3952 si
2770 3912 2837 3953 ex
2879 3896 3047 3951 animi
3076 3895 3339 3966 pravitate
3365 3893 3541 3971 haere-

1963 3993 2060 4048 tici
2083 4000 2232 4057 sunt,
2270 4006 2448 4061 neque
2476 3990 2523 4046 si
2566 4004 2635 4045 ex
2686 3989 3015 4059 ignorantia,
3048 3995 3141 4041 aut
3160 3986 3323 4041 edere
3382 3986 3536 4049 licet,

1966 4094 2062 4141 aut
2084 4083 2333 4153 accipere
2361 4096 2484 4152 quas
2513 4089 2641 4137 sunt
2667 4081 2735 4135 ab
2769 4080 2837 4134 iis
2864 4077 3050 4133 oblata
3088 4096 3101 4131 :
3139 4076 3243 4131 nisi
3271 4075 3413 4131 forte
3445 4093 3539 4130 ru-

1968 4178 2152 4233 diores
2189 4174 2485 4238 emendati,
2517 4180 2665 4227 recte
2701 4170 2906 4227 sentire
2937 4185 2995 4225 se
3043 4169 3389 4239 proﬁtentur.

2036 4268 2392 4339 Interrogatio
2442 4262 2629 4320 XVI“.
2688 4295 2757 4305 —
2799 4261 2878 4317 De
2932 4273 3087 4331 patre
3140 4275 3292 4326 meo,
3355 4269 3538 4315 utrum

1970 4376 2070 4433 par
2104 4370 2187 4416 est
2214 4374 2341 4416 eum
2385 4359 2441 4414 in
2468 4373 2528 4413 re
2565 4356 2747 4412 divina
2792 4351 3261 4409 commemorari?

368 4470 733 4540 Ἀπόκρισις.
756 4442 891 4521 *Εἴτε
929 4442 1132 4539 πατηρ,
1158 4468 1272 4520 εῖτε
1309 4468 1512 4538 μήτηρ,
1560 4468 1670 4521 εῖτε
1710 4467 1863 4521 ἀδελ-

2039 4453 2352 4523 Responsio.
2381 4481 2455 4493 -—
2484 4449 2610 4506 Sive
2642 4459 2814 4520 pater,
2842 4448 2956 4504 sive
2982 4457 3173 4509 mater,
3208 4445 3322 4499 sive
3352 4442 3541 4508 frater,

285 4563 407 4633 φὺς,
453 4562 487 4635 ἦ
529 4561 779 4616 ὁστισοῦν
818 4560 977 4623 ἄλλος
1030 4558 1361 4630 κατελείφθη
1416 4560 1579 4629 μέχρι
1628 4558 1862 4613 θανάτου

286 4654 563 4708 κοινωνῶν
613 4655 681 4725 τῇ
728 4652 972 4724 αἱρέσει,
1022 4650 1353 4723 προείρηται
1394 4650 1451 4703 ὲν
1474 4648 1552 4721 τῷ
1604 4650 1863 4722 ἀνωτέρω

289 4748 594 4818 κεφαλαίῳ,
633 4746 708 4817 μὴ
756 4743 1193 4818 μνημονεύεσθαι
1230 4745 1289 4797 ὲν
1335 4745 1402 4815 τῇ
1432 4741 1745 4815 λειτουργίᾳ
1778 4760 1793 4775 ο
1817 4746 1865 4799 εί

293 4844 368 4913 μή
414 4858 467 4894 τι
500 4840 724 4903 ἕκαστος
762 4837 902 4893 κατὰ
936 4838 1176 4893 διάνοιαν
1216 4837 1392 4892 ἕλοιτο
1434 4836 1691 4909 εὔχεσθαι
1736 4840 1867 4909 περὶ

289 4933 401 4987 τῶν
426 4932 702 4995 τοιούτων,
729 4930 822 4984 καὶ
858 4929 1002 5000 ὑπὲρ
1039 4929 1221 4984 αὐτῶν
1251 4930 1427 4984 ποιεῖν
1470 4928 1863 5001 ἐλεημοσύνας.

292 5025 418 5089 Πῶς
439 5024 548 5094 γὰρ
577 5022 643 5077 ἂν
679 5026 707 5077 ό
743 5025 823 5077 ἔτι
870 5022 1003 5089 ζῶν,
1046 5022 1288 5094 μετέχων
1335 5038 1395 5076 τε
1432 5021 1533 5090 τῆς
1586 5022 1867 5092 αἱρετικῆς

295 5117 597 5179 κοινωνίας,
634 5117 727 5168 καὶ
774 5113 950 5179 οὕτως
993 5114 1360 5185 ἐκκομισθεὶς,
1420 5112 1756 5183 ληφθήσεται
1807 5113 1869 5167 ἐν

298 5205 661 5278 μνημοσύνηες
688 5205 830 5259 κατὰ
856 5204 954 5276 τὴν
995 5204 1382 5276 μυσταγωγίαν
1408 5203 1516 5258 τῶν
1549 5202 1868 5275 ὀρθοδόξων;

292 5299 563 5370 οὐδαμῶς.

364 5391 552 5445 Ταῦτα
618 5390 679 5443 οὺ
733 5388 1036 5451 κανονικῶς
1104 5388 1457 5460 ἐφθεγξάμην
1488 5406 1503 5420 '
1552 5389 1869 5443 ἐπισκόπων

292 5482 404 5555 γὰρ
438 5480 631 5535 τοῦτο·
672 5480 807 5534 ἀλλὰ
843 5479 1317 5551 συμσουλευτικῶς
1354 5481 1413 5548 ἐξ
1448 5479 1870 5552 ἀγάπηςοούδὲν

295 5536 403 5647 γὰρ
428 5576 649 5645 ἀγάπης
686 5536 1145 5643 ἀναγκαίὸτερον,
1180 5536 1572 5645 φθεγξάμενος.
1614 5536 1678 5629 ἔξ
1714 5574 1771 5628 δέ
1816 5536 1903 5626 τι.

295 5672 362 5741 τῇ
386 5668 640 5739 εὐλαϐείᾳ
679 5684 773 5721 σου
805 5667 979 5730 ἄλλως
1021 5667 1373 5739 δοκιμάζεται
1431 5670 1826 5739 οἰκονομεῖσθαι
1854 5683 1869 5698 ⁸

298 5764 461 5832 ἡμεῖς
498 5762 629 5832 περὶ
663 5758 857 5815 τούτου
902 5760 1061 5829 λόγον
1099 5762 1198 5815 οὐκ
1234 5760 1450 5834 ἔχομεν,
1486 5759 1519 5831 ἧ
1553 5760 1614 5813 τὸ
1651 5759 1873 5821 ἐξαιτεῖ-

1970 4563 2068 4603 seu
2095 4546 2277 4616 quivis
2301 4544 2463 4609 alius,
2496 4542 2870 4613 deprehensus
2901 4538 3069 4593 fuerit
3106 4537 3173 4592 ad
3208 4537 3416 4591 obitum
3448 4549 3543 4589 us-

1965 4654 2071 4710 que
2087 4635 2581 4693 communicavisse
2598 4631 2791 4688 hteresi
2813 4650 2827 4698 ;
2848 4640 3005 4686 antea
3021 4630 3223 4685 dictum
3237 4636 3321 4683 est
3342 4628 3394 4682 in
3413 4642 3543 4696 sup-

1968 4732 2185 4804 periore
2208 4729 2406 4800 capite,
2433 4743 2541 4782 non
2582 4736 2704 4781 eSSe
2747 4723 3066 4778 memoriam
3091 4722 3237 4775 illius
3275 4719 3330 4773 in
3357 4734 3417 4775 re
3450 4734 3543 4772 sa-

1968 4837 2061 4879 cra
2118 4819 2421 4877 faciendam
2457 4836 2472 4874 :
2508 4816 2603 4873 sed
2626 4829 2804 4870 tamen
2845 4815 3076 4884 quisque
3110 4826 3295 4867 secum
3335 4810 3391 4865 in
3420 4809 3545 4864 ani-

1969 4928 2061 4970 mo
2086 4912 2297 4984 precari
2331 4925 2433 4982 pro
2469 4910 2555 4965 his
2602 4910 2649 4964 si
2683 4910 2833 4963 lubet
2876 4914 3073 4977 potest,
3113 4920 3178 4968 ac
3207 4920 3305 4975 pro
3351 4904 3543 4959 iisdem

1968 5003 2345 5073 eleemosynas
2367 5015 2616 5072 erogare.
2652 4997 2941 5064 Quomodo
2972 4997 3140 5059 enim,
3170 4995 3264 5065 qui
3291 4994 3419 5049 dum
3458 4993 3539 5045 vi-

1970 5103 2141 5160 veret,
2173 5096 2447 5167 particeps
2484 5093 2588 5147 fuit
2624 5093 2890 5146 haereticus
2923 5086 3349 5153 communionis,
3379 5094 3433 5141 et
3464 5085 3547 5140 sic

1970 5194 2146 5248 elatus
2171 5191 2547 5261 sepultusque,
2572 5189 2754 5244 locum
2779 5185 3001 5241 habebit
3030 5184 3083 5238 in
3103 5182 3395 5254 diptychis,
3414 5182 3546 5236 dum

1972 5301 2086 5344 rem
2144 5299 2359 5341 sacram
2416 5291 2680 5355 peragunt
2733 5278 3068 5337 orthodoxi?
3125 5276 3352 5331 minime
3390 5288 3547 5329 sane.

2043 5376 2169 5431 Haec
2200 5391 2301 5446 ego
2331 5391 2436 5429 non
2466 5386 2724 5444 tanquam
2753 5374 3007 5430 sanciens
3029 5370 3201 5440 legem
3237 5384 3251 5419 :
3286 5380 3409 5419 nam
3442 5365 3547 5418 hoc

1970 5484 2172 5525 munus
2223 5467 2605 5537 episcoporum
2648 5474 2728 5520 est
2769 5483 2782 5520 :
2821 5463 2917 5519 sed
2962 5477 3028 5516 ex
3089 5458 3357 5515 charitate
3411 5469 3546 5509 con‘

1972 5563 2097 5620 silio
2148 5561 2345 5632 juvans
2382 5561 2506 5616 dico
2542 5577 2555 5614 :
2591 5559 2723 5614 nihil
2754 5558 2899 5612 enim
2945 5554 3209 5610 charitate
3247 5549 3420 5621 magis
3447 5561 3543 5602 ne-

1972 5659 2272 5715 cessarium
2304 5665 2404 5713 est.
2439 5652 2497 5709 Si
2528 5670 2657 5710 vero
2680 5653 2835 5707 aliter
2873 5647 3298 5719 dispensandum
3334 5643 3549 5699 videtur

1974 5752 2163 5826 pietati
2203 5760 2308 5808 tua:
2336 5767 2351 5806 :
2380 5764 2480 5805 nos
2504 5747 2572 5804 de
2615 5762 2679 5806 ea
2721 5760 2781 5802 re
2830 5743 2969 5800 nihil
3014 5741 3276 5797 habemus
3341 5736 3545 5803 dicere,

3408 314 3544 383 1666
3657 302 3660 307 ’
