4102 6374
627 276 764 346 1667

1816 299 1875 360 S.
1906 299 2299 366 THEODORI
2335 307 2687 372 STUDITIE

3757 317 3905 387 1668

623 398 732 453 nisi
764 400 908 470 quod
951 412 1175 461 sanctas
1207 415 1418 463 vestras
1456 425 1644 479 preces
1690 411 2022 484 ﬂagitamus,
2052 433 2184 488 quo-

2299 425 2426 479 σθαι
2454 427 2610 498 ὑμῶν
2645 428 2745 494 τὰς
2774 429 2936 500 ἁγίας
2953 431 3280 503 προσευχὰς,
3307 434 3388 488 δτι
3428 435 3751 507 ἁμαρτωλοὶ
3805 439 3907 493 ἄν·

624 491 771 545 niam
799 491 1048 549 homines
1073 499 1314 566 peccatis
1337 500 1560 556 obnoxii
1587 498 1800 560 sumus.

625 601 1104 684 CCXX.:Sancti
1123 610 1305 684 Putris
1321 615 1490 684 nos_tri
1510 624 1560 668 et
1586 616 1902 684 confessoris
1928 617 2189 676 Theodori

693 677 936 756 prasidis
979 683 1353 758 monac/torum
1382 682 1571 758 AStudii
1595 677 1832 757 epistola
1879 690 1948 742 ad
1977 692 2198 758 spatha-

695 750 869 814 riam,
911 750 998 802 cui
1027 767 1212 805 nomen
1246 753 1526 809 Mue/tura.

2307 517 2517 590 θρωποι
2557 521 2925 593 τυγχάνομεν.

2302 633 2430 709 ΣΚῘ.
2465 635 2681 709 -τ-,Τοῦ
2705 637 2881 709 ὁσίου
2917 639 3144 709 Πατρός
3177 636 3346 709 ἡμῶν
3379 639 3477 709 καί
3509 641 3900 709 ὁμολογητΟῦ

2380 704 2681 776 Θεοδώρου
2738 704 3076 776 ἡτουμένοῠ
3125 704 3243 761 τῶ»)
3294 704 3585 776 Στουδζου
3644 704 3904 766 ὲέιὸντο-

2377 775 2460 900 ﬁli;
2499 776 2573 846 (l)
2611 776 2763 862 ςτρὸς
2788 773 2922 846 τὴᾶ·
2957 779 3302 846 σπαθαρίαν
3353 782 3454 850 (2;,
3485 773 3565 849 ἦς
3603 781 3673 836 τὸ
3705 781 3904 851 ὄνομα

2436 863 2650 914 alapa.

1637 962 1788 1028 (Aug.
1813 963 2168 1028 ΜΑι,ΒίῡιίοῑΙι.
2201 977 2311 1015 nov.
2342 965 2508 1023 Patr.,
2530 969 2568 1012 t.
2592 963 2676 1023 ιν,
2713 964 2889 1027 p.99.)

697 1055 748 1110 1.
814 1055 954 1123 Quid
1007 1059 1110 1114 sibi
1161 1064 1274 1118 vult
1321 1067 1550 1136 pulchra
1610 1073 1842 1142 epistola
1898 1075 2204 1132 nobilitatis

627 1152 770 1206 tuae,
810 1146 1132 1214 provinciali
1164 1167 1420 1208 sermone
1463 1159 1662 1214 dictata
1687 1201 1700 1225 ,
1731 1172 1786 1217 et
1821 1165 1967 1234 quod
2003 1168 2203 1221 mirum

624 1243 747 1298 est,
799 1240 982 1293 statim
1032 1258 1141 1312 prae
1182 1260 1242 1299 se
1291 1246 1475 1305 ferens
1525 1253 1720 1309 tuimet
1773 1259 2198 1326 revelationem,

628 1333 886 1399 tanquam
938 1330 1048 1388 Deo
1089 1346 1302 1406 gratum
1349 1345 1584 1398 munus?
1633 1345 1726 1399 Vel
1780 1363 1880 1402 cur
1924 1365 2050 1420 erga
2099 1368 2199 1406 nos

2380 1067 2536 1140 [Cod.
2580 1068 2700 1122 Vat.
2751 1069 2875 1132 655,
2905 1067 2944 1122 f.
2993 1067 3072 1141 1.]
3103 1073 3172 1122 α’.
3203 1067 3269 1122 Τί
3309 1067 3448 1140 καλὴ
3491 1067 3758 1140 ἐπιστολὴ
3793 1070 3898 1140 τῆς

2305 1162 2583 1230 εὐγενείας
2623 1179 2740 1227 σου,
2795 1164 2861 1231 τῇ
2922 1161 3176 1232 ἐγχωρίῳ
3225 1160 3328 1231 μὲν
3383 1164 3535 1232 φωνῇ
3577 1162 3896 1232 ὑπηγορευ-

2305 1255 2460 1326 μένη,
2492 1254 2586 1308 καὶ
2632 1255 2691 1306 τὸ
2737 1254 3040 1326 παράδοξον
3099 1253 3329 1319 ἐξάπινα
3382 1255 3481 1326 τὴν
3528 1254 3892 1326 ὲξαγόρευσιν

2300 1350 2558 1420 φέρουσα,
2597 1348 2784 1419 ὥσπερ
2807 1367 2860 1402 τι
2888 1348 3036 1402 ἕδνον
3071 1349 3420 1418 θεοχάριστον
3451 1349 3464 1402 l
3513 1349 3675 1403 Ἀλλὰ
3725 1349 3892 1402 πΰθεν

623 1429 941 1488 peccatores
979 1437 1125 1484 tanta
1151 1441 1240 1486 tua
1275 1432 1472 1489 ﬁducia
1498 1446 1552 1491 et
1582 1445 1692 1491 tam
1721 1439 1808 1508 pia
1832 1440 2062 1496 ell‘usio?
2095 1444 2180 1498 nis

2305 1444 2463 1516 ἡμῶν
2496 1443 2665 1496 ὄντων
2710 1441 3074 1513 ἁμαρτωλῶν,
3105 1443 3138 1512 ἠ
3171 1441 3404 1512 τοσαύτη
3442 1459 3537 1496 σου
3572 1442 3762 1503 πίστις
3795 1443 3891 1493 καὶ

623 1513 834 1570 scilicet
886 1525 946 1570 ut
995 1521 1152 1575 nobis
1183 1525 1532 1591 innotescat,
1585 1530 1730 1598 quali
1780 1540 1837 1584 tu
1885 1543 2200 1603 quantaque

620 1605 822 1675 pietate
871 1611 983 1675 sis;
1021 1629 1142 1682 qum
1182 1625 1238 1671 et
1267 1617 1551 1673 dominum
1583 1627 1852 1692 caputque
1903 1633 2056 1678 tuum
2096 1626 2200 1695 (vi-

619 1711 744 1752 rum
779 1701 1009 1774 scilicet)
1052 1716 1229 1762 tecum
1263 1709 1549 1780 perducis;
1604 1714 1935 1786 insuperque
1976 1719 2028 1771 in
2055 1719 2196 1773 idem

621 1792 814 1856 trahis,
860 1811 959 1850 ceu
1003 1799 1161 1867 quasi
1210 1799 1305 1855 Dei
1350 1818 1541 1858 mensa
1586 1805 1812 1877 dignum
1861 1810 2150 1884 opsonium
2178 1853 2193 1879 ,

619 1882 872 1942 dominas
905 1903 1123 1960 quoque
1156 1907 1398 1950 sorores.
1436 1896 1586 1952 Adeo
1630 1899 1900 1955 mirabilis
1949 1912 2033 1957 est
2081 1882 2198 1972 cpi-

622 1977 758 2032 stola
798 1991 928 2045 tua,
973 1991 1029 2036 et
1066 1983 1284 2052 pietatis
1324 1996 1520 2042 vestrm
1569 1990 1860 2061 imaginem
1897 1993 2196 2051 ostendens

619 2071 1114 2138 speciosissimam!
1149 2075 1265 2131 lam
1297 2094 1447 2145 vero,
1480 2082 1624 2150 quod
1667 2095 1878 2139 vosmet
1918 2085 2066 2155 ipsos
2099 2087 2195 2141 bu—

620 2162 839 2218 militati
875 2181 1007 2219 mete
1057 2168 1424 2236 tradideritis,
1480 2173 1616 2226 mihi
1657 2173 1837 2237 dicere
1886 2192 1994 2228 nun
2032 2177 2190 2232 licet:

621 2264 1000 2312 verumtamen
1045 2259 1186 2314 haud
1215 2261 1372 2327 mihi,
1410 2262 1506 2317 sed
1557 2262 1665 2320 Deo
1698 2275 1907 2320 vosmet
1940 2267 2193 2324 tradatis.

619 2345 986 2411 Quamobrem
1021 2357 1074 2402 et
1105 2351 1168 2404 de
1201 2361 1378 2405 vestra
1426 2355 1687 2421 praeclara
1728 2358 1838 2410 vita
1884 2357 2052 2410 laetari
2099 2359 2194 2413 de-

617 2435 832 2504 bemus,
861 2447 914 2492 et
956 2439 1113 2494 vobis
1137 2451 1324 2495 sancta
1351 2445 1534 2497 omnia
1560 2447 1790 2512 precari,
1825 2445 1986 2516 idque
2016 2449 2192 2503 solum

617 2533 762 2600 quod
810 2532 862 2585 in
907 2545 1094 2587 nostra
1132 2543 1398 2602 potestate
1431 2547 1515 2591 est
1547 2537 1769 2608 largiri,
1815 2550 2065 2595 nostrum
2111 2542 2193 2594 vi-

615 2623 814 2678 delicet
859 2625 1162 2694 simplicem
1199 2641 1513 2682 sermonem
1543 2646 1556 2682 :
1593 2645 1752 2699 quem
1795 2646 1941 2686 nunc
1976 2647 2196 2702 quoque

615 2714 943 2783 praebentes,
972 2718 1344 2772 sciscitamur.

2302 1537 2533 1607 εὐσεϐὴς
2563 1535 2841 1605 ἐπίχυσις
2881 1535 2951 1587 Ἢ
2991 1534 3079 1589 ἵνα
3131 1533 3224 1586 καὶ
3260 1535 3393 1603 ἡμῖν
3446 1533 3749 1602 γνωσθείη,
3801 1533 3891 1596 τίς

2301 1633 2392 1686 κοιλ¹
2421 1631 2638 1701 ποταπὴ
2673 1629 2938 1700 ὑπάρχεις
2964 1628 3064 1700 τὴν
3091 1627 3392 1689 εὐσέϐειαν,
3425 1626 3886 1698 συλλαμϐάνουσα

2303 1724 2422 1795 μεθ’
2461 1725 2658 1792 ἑαυτῆς
2695 1720 2786 1775 τὸν
2812 1720 3014 1791 Κύριον
3043 1720 3139 1774 καὶ
3167 1719 3440 1790 κεφαλὴν,
3476 1719 3615 1772 ἀλλὰ
3648 1719 3758 1789 μὴν
3789 1720 3884 1772 καὶ

2302 1816 2758 1886 συνεφελκομένη,
2813 1814 3067 1884 καθάπερ
3113 1831 3165 1866 τι
3214 1811 3442 1881 ὀψώνιον
3490 1812 3882 1883 θεοτράπεζον,

2297 1910 2515 1974 καὶτὰς
2549 1909 2746 1980 κυρίας
2777 1907 2875 1970 σὰς
2913 1907 3168 1975 ἀδελφάς.
3205 1906 3359 1959 Οὐτω
3401 1905 3500 1976 μὲν
3524 1905 3620 1958 οὖν
3648 1905 3880 1973 θεοπρε-

2297 2000 2405 2072 πὴς
2448 2001 2479 2071 ή
2515 1997 2792 2069 ἐπιστολὴ,
2823 1997 2918 2050 καὶ
2962 1997 3052 2049 τὸν
3094 1997 3192 2066 τῆς
3219 1996 3499 2059 εὐσεϐείας
3530 1995 3691 2065 ὑμῶν
3713 2012 3882 2064 χαρα-

2297 2093 2477 2163 κτῆρα
2503 2090 2928 2146 ὐποδεικνύουσα
2968 2081 3336 2160 ὡραιότατονὶ
3384 2087 3524 2157 Ἐγὼ
3559 2088 3620 2142 δὲ
3647 2089 3786 2157 πρὸς
3823 2088 3879 2140 τὸ

2295 2184 2476 2254 λέγειν
2501 2182 2884 2236 ἐπιδεδωκέναι
2907 2183 3051 2252 ὑμᾶς
3093 2183 3188 2235 καὶ
3225 2181 3423 2244 αὐτοὺς
3449 2183 3517 2251 τῇ
3550 2182 3658 2251 ἐμῇ
3683 2198 3879 2232 ταπειο

2295 2275 2479 2342 νώσει,
2508 2276 2604 2346 οὐχ
2649 2274 2832 2337 ἱκανός
2870 2275 3021 2342 εἰμι·
3053 2272 3194 2342 πλὴν
3237 2273 3334 2341 οὐχ
3368 2274 3522 2341 ἡμῖν,
3565 2271 3706 2324 ἀλλὰ
3761 2271 3879 2341 Θεῷ

2295 2369 2519 2430 ἑαυτοὺς
2561 2365 2868 2418 ὲπιδίδοιτε.
2916 2364 3014 2417 Διὰ
3045 2363 3203 2416 τοῦτο
3245 2362 3520 2430 ὀφειλέται
3553 2361 3751 2431 ἐσμὲν,
3787 2363 3879 2414 καὶ

2294 2461 2510 2530 χαίρειν
2545 2458 2636 2510 ἐπὶ
2670 2459 2738 2526 τῇ
2769 2455 2947 2525 ἀγαθῇ
2979 2455 3090 2525 ζωῇ
3128 2453 3305 2524 ὑμῶν,
3334 2456 3428 2507 καὶ
3459 2452 3723 2523 εὔχεσθαι
3752 2455 3879 2523 ὐμῑν

2294 2552 2364 2606 τὰ
2415 2551 2556 2614 ὅσια,
2593 2549 2688 2602 καὶ
2726 2547 2914 2617 νέμειν
2951 2546 3108 2617 μόνον
3155 2546 3184 2598 ὃ
3227 2545 3447 2615 ἔχομεν,
3484 2546 3752 2615 παρέχειν
3789 2546 3879 2596 τὸν

2293 2643 2492 2697 λεπτὸν
2566 2639 2724 2713 ἡμῶν
2769 2638 2946 2708 λόγον,
2995 2639 3022 2690 ὃ
3052 2637 3145 2692 καὶ
3187 2638 3283 2691 νῦν
3332 2636 3682 2701 ἐπιδιδόντες,
3739 2638 3878 2707 ὲρωο

2293 2753 2498 2808 τωμεν.

685 2805 741 2858 2.
783 2804 893 2860 Cur
916 2821 997 2872 tu,
1025 2823 1056 2862 ο
1084 2810 1418 2874 veneranda,
1449 2825 1478 2863 a
1506 2826 1591 2865 me
1621 2809 1795 2882 exigis
1817 2821 1874 2866 ut
1899 2812 1964 2867 de
2001 2812 2182 2870 divina

2364 2804 2432 2904 ﬂ".
2472 2831 2591 2884 Τίνι
2628 2829 2771 2898 λόγῳ
2797 2822 3083 2894 ὲπιζητείη
3120 2840 3214 2876 σου
3243 2824 3277 2893 ὴ
3316 2821 3571 2891 τιμιότης
3603 2821 3774 2889 φάναι
3811 2837 3875 2889 με

616 2899 1006 2954 communione
1051 2900 1265 2969 loquar,
1311 2911 1367 2954 et
1413 2917 1510 2956 cur
1563 2912 1618 2956 tu
1665 2902 1779 2972 jam
1838 2921 1867 2958 a
1909 2913 1990 2959 tot
2031 2908 2192 2961 annis

615 3004 742 3044 raro
777 3006 839 3045 ea
884 2993 1054 3047 uteris
1082 3010 1094 3046 :
1122 2994 1322 3047 etenim
1361 2993 1464 3049 hoc
1496 2995 1616 3050 sine
1649 2996 1832 3066 aliqua
1864 3012 2036 3054 causa
2065 2996 2184 3054 ﬁeri

613 3096 724 3136 non
753 3082 931 3137 debet.
964 3081 1178 3154 Quippe
1213 3101 1388 3154 neque
1425 3102 1548 3140 raro
1583 3104 1758 3157 neque
1787 3091 2053 3158 quotidie,
2093 3093 2188 3148 sed

618 3189 742 3229 cum
781 3190 915 3244 pura
953 3177 1285 3231 conscientia
1313 3179 1748 3247 participandum
1781 3191 1884 3236 est.
1927 3181 2071 3236 Nam
2099 3185 2190 3252 qui

612 3268 846 3338 indigne,
877 3269 1052 3338 inquit
1088 3269 1391 3340 Scriptura.
1431 3272 1719 3325 manduca!
1750 3285 1799 3328 et
1833 3273 1964 3328 bibit
1992 3316 2008 3340 ,
2035 3277 2190 3345 judi-

613 3365 757 3418 cium
783 3365 886 3418 sibi
922 3367 1206 3418 manducat
1237 3376 1285 3419 et
1322 3363 1484 3431 bibit,
1529 3383 1631 3419 non
1661 3367 1966 3436 dijudicans
1999 3385 2188 3438 corpus

615 3459 857 3513 Domini.
894 3457 1063 3529 Igitur
1093 3458 1137 3512 si
1171 3457 1273 3512 hac
1309 3457 1555 3522 ratione,
1605 3459 1998 3513 conscientiam
2041 3472 2187 3515 tuam

614 3563 1009 3622 perscrutans,
1041 3563 1096 3607 et
1131 3563 1441 3607 reverenter
1471 3564 1520 3609 le
1552 3569 1747 3623 gerens
1768 3591 1783 3614 ,
1818 3554 2188 3620 procrastina-

613 3646 690 3700 ris
711 3686 727 3712 ,
768 3645 906 3700 bene
941 3654 1064 3712 est;
1099 3644 1212 3700 sive
1244 3646 1296 3699 id
1338 3645 1488 3699 brevi
1523 3647 1637 3701 sive
1667 3644 1910 3714 longiore
1943 3652 2188 3714 tempore

613 3738 706 3791 ﬁat
732 3756 745 3791 :
773 3737 1064 3807 nullusque
1104 3738 1245 3792 alius
1297 3738 1423 3792 huic
1468 3737 1547 3791 rei
1589 3738 1857 3792 terminus
1915 3736 2186 3804 assignari

611 3836 814 3900 potest,
844 3845 1008 3897 quam
1034 3845 1158 3884 cum
1190 3845 1348 3898 puro,
1388 3837 1660 3900 quatenus
1691 3828 1898 3882 homini
1925 3829 2187 3898 possibile

609 3927 716 3984 est,
751 3920 920 3975 corde
947 3936 1224 3975 accessus.
1261 3920 1416 3987 Quod
1469 3921 1514 3976 si
1552 3921 1677 3991 quis
1725 3922 1884 3992 culpa
1927 3933 2186 3993 gravatur

609 4027 733 4081 quae
758 4027 788 4066 a
820 4013 1210 4068 communione
1239 4013 1527 4082 prohibet,
1576 4014 1622 4069 is
1663 4021 1776 4068 tum
1812 4013 2032 4068 demum
2065 4030 2187 4085 par-

608 4107 876 4176 ticipabit,
913 4122 1037 4160 cum
1072 4107 1383 4177 impositam
1421 4122 1637 4176 poenam
1665 4108 1984 4178 expleverit.
2025 4106 2180 4174 Quod

606 4199 654 4253 si
690 4214 883 4253 rursus
915 4209 1088 4254 semet
1133 4199 1370 4254 secernit
1399 4199 1467 4255 ob
1501 4200 1748 4256 haeresim
1776 4241 1791 4266 ,
1822 4200 1926 4256 hoc
1955 4201 2178 4272 quidem

607 4295 918 4346 necessario
971 4292 1049 4347 ﬁt.
1126 4291 1339 4348 Etenim
1392 4302 1805 4349 sacrosanctum
1851 4295 2176 4366 mysterium

608 4383 856 4454 accipere
896 4384 964 4438 ab
998 4385 1254 4440 lueretico
1279 4423 1296 4450 ,
1339 4395 1434 4441 aut
1463 4387 1589 4442 vitae
1643 4386 1817 4455 palam
1858 4387 2180 4457 vituperata:

678 4521 728 4554 ”
765 4519 939 4578 ICor.
969 4537 1048 4589 ιι,
1079 4522 1170 4578 29.

2293 2923 2421 2994 περὶ
2451 2921 2552 2992 τῆς
2582 2920 2730 2982 θείας
2780 2916 3087 2978 κοινωνίας,
3123 2913 3216 2967 καὶ
3266 2913 3412 2975 τίνος
3442 2913 3607 2982 χάριν
3636 2910 3873 2964 τοσαῦτα

2291 3015 2385 3086 ἐτη
2417 3012 2658 3074 σπανίως
2686 3010 2936 3082 μετέχεις
2956 3023 2969 3036 ·
3007 3007 3164 3061 τοῦτο
3195 3005 3303 3076 γὰρ
3333 3005 3490 3070 λόγον
3513 3004 3724 3072 ὀφείλει
3755 3003 3874 3056 τινὰ

2289 3107 2455 3178 ἔχειν.
2484 3105 2557 3158 Οὐ
2585 3104 2692 3174 γὰρ
2730 3101 2790 3154 τὸ
2821 3101 3088 3165 σπανίως,
3117 3099 3150 3169 ἦ
3175 3099 3234 3151 τὸ
3265 3097 3617 3166 καθεκάστην
3666 3095 3870 3158 ἁπλῶς,

2289 3201 2425 3256 ἀλλὰ
2464 3199 2525 3252 τὸ
2559 3197 2696 3268 μετὰ
2729 3193 2976 3264 καθαρᾶς
3025 3191 3379 3271 συνειδήσεως
3431 3187 3870 3258 μεταλαμϐάνειν

2287 3293 2404 3347 δέον
2428 3307 2444 3323 ·
2483 3291 2537 3344 '0
2575 3289 2685 3358 γὰρ
2714 3285 2998 3350 ἀναξίως,
3032 3283 3217 3352 φησὶν,
3247 3281 3469 3336 ἐσθίων
3515 3279 3616 3332 καὶ
3656 3280 3865 3340 πίνων,

2289 3383 2466 3453 κρῖμα
2495 3379 2684 3445 ἐαυτῷ
2721 3377 2908 3433 ἐσθίει
2945 3374 3045 3428 καὶ
3088 3375 3271 3439 πίνει,
3313 3372 3400 3441 μὴ
3449 3370 3776 3439 διακρίνων
3802 3369 3866 3422 τὸ

2287 3477 2460 3545 σῶμα
2487 3473 2592 3528 τοῦ
2633 3471 2873 3538 Κυρίου.
2906 3469 2968 3520 Et
2993 3463 3088 3522 οὖν
3123 3466 3350 3535 τοιούτῳ
3371 3464 3560 3536 τρόπῳ
3590 3462 3866 3516 σκοποῦσα

2286 3563 2357 3616 τὰ
2405 3561 2603 3629 ἑαυτῆς
2642 3559 2738 3611 καλ¹
2788 3555 3160 3625 εὐλαϐουμένη
3210 3553 3504 3622 ἀναμένεις
3529 3552 3622 3605 τὸν
3652 3552 3861 3621 καιρὸν,

2289 3651 2348 3708 εὖ
2376 3655 2441 3708 ἂν
2478 3652 2612 3723 ἔχοι,
2665 3650 2776 3704 εἴτε
2832 3647 3262 3719 συντομώτερον,
3303 3645 3412 3698 εἴτε
3443 3643 3859 3715 χρονικώτερονο

2288 3748 2384 3802 καὶ
2425 3747 2550 3815 ὅρος
2593 3746 2650 3796 ὲν
2678 3743 2854 3812 τούτῳ
2887 3741 3045 3803 ἄλλος
3068 3741 3180 3798 οὐκ,
3206 3740 3374 3802 ἐστιν,
3414 3738 3447 3808 ἢ
3477 3738 3511 3807 ἡ
3545 3738 3604 3790 ὲν
3652 3735 3862 3806 καθαρᾷ

2288 3837 2486 3909 καρδία
2519 3835 2750 3888 καθόσον
2787 3833 3012 3886 δυνατὸν
3045 3831 3123 3902 τῷ
3159 3828 3431 3901 ἀνθρώπῳ
3461 3828 3818 3899 προσέλενσις
3843 3843 3858 3857 ο

2288 3929 2354 3982 ἂν
2378 3927 2434 3979 δὲ
2469 3924 2809 3993 διὰπταισμά
2838 3941 2922 3986 τις
2954 3921 3051 3994 ἔχῃ
3096 3922 3157 3974 τὸ
3193 3921 3582 3990 ἀκοινώνητον,
3622 3918 3858 3988 δηλονότι

2285 4017 2406 4071 τότε
2445 4018 2652 4077 ἐκεῖνος
2677 4013 3004 4084 κοινωνήσῃ,
3032 4011 3184 4065 ὁπότ’
3213 4012 3277 4065 ἂν
3309 4008 3570 4079 πληρωθῇ
3623 4007 3774 4076 αὐτῷ
3804 4007 3860 4060 τδ

2286 4106 2580 4175 ἐπιτίμιον.
2624 4105 2684 4157 Εἰ
2723 4104 2780 4158 δὲ
2833 4103 3174 4174 διακρίνηται
3205 4101 3273 4155 αὖ
3325 4100 3484 4154 πάλιν
3531 4097 3600 4151 δι’
3629 4099 3855 4169 αἵρεσιν,

2286 4201 2444 4255 τοῦτο
2470 4199 2788 4265 ἀναγκαῖον.
2830 4196 2904 4248 Τὸ
2929 4194 3038 4264 γὰρ
3089 4194 3368 4246 κοινωνεῖν
3401 4191 3552 4260 παρὰ
3584 4188 3856 4260 αἱρετικοῦ

2285 4293 2320 4362 ἦ
2351 4287 2660 4360 προφανοῦς
2685 4285 3111 4354 διαϐεϐλημένου
3139 4282 3281 4336 κατὰ
3309 4281 3398 4335 τὸν
3433 4281 3566 4350 βίον,
3591 4281 3859 4350 ἀλλοτριοί

2287 4384 2443 4448 Θεοῦ,
2498 4383 2591 4435 καὶ
2632 4379 2966 4452 προσοικειοί
3022 4375 3100 4449 τῷ
3141 4375 3388 4446 διαϐόλῳ.
3423 4374 3628 4444 Σκέψαι
3675 4369 3790 4440 οὖν,
3815 4367 3856 4426 ὦ

2135 4676 2363 4737 ΝΟΤιΕ.

675 4818 752 4888 (Ι)
783 4816 1127 4892 Praecipuum
1159 4817 1274 4876 fere
1316 4819 1459 4877 inter
1498 4821 1726 4877 Studitae
1759 4824 1960 4892 scripta
1990 4823 2173 4879 locum

603 4896 816 4963 tenere
855 4891 1130 4963 Epistolas
1183 4892 1324 4963 ejus,
1391 4895 1727 4963 exploratum
1794 4891 1897 4948 est.
1966 4893 2174 4948 Harum

603 4959 856 5014 collectio
887 4959 1224 5029 plenissima,
1276 4962 1331 5017 in
1361 4959 1600 5034 quinque
1648 4966 1816 5018 libros
1858 4963 2168 5032 distributa,

602 5038 783 5100 exstat
814 5045 1063 5100 magnam
1097 5043 1304 5100 partem
1356 5033 1538 5090 adhuc
1595 5035 1796 5089 inedita
1849 5035 1903 5088 in
1955 5035 2172 5090 duobus

601 5099 885 5175 codicibus
911 5099 1222 5175 Parisia_cis,
1254 5118 1487 5175 quorum
1534 5105 1846 5175 diligentem
1892 5120 2042 5175 more
2069 5120 2170 5175 suo

604 5171 857 5223 notitiam
894 5171 1063 5240 tradit
1109 5171 1391 5229 Fabricius
1436 5174 1589 5231 B.G.
1638 5171 1729 5230 ed.
1783 5191 1909 5230 nov.
1965 5174 2030 5229 T.
2078 5174 2166 5240 Χ,

601 5253 654 5364 ρ,
691 5241 820 5322 ιβς),
853 5257 1004 5309 seqq.
1039 5239 1292 5320 Quinque
1309 5244 1421 5326 .hos
1450 5245 1617 5300 libros
1662 5255 1881 5329 exstare
1909 5247 2074 5302 etiam
2115 5239 2170 5300 in

624 5311 934 5364 nbltotbeca
968 5309 1243 5364 Vaticana.
1273 5311 1406 5364 lell
1449 5324 1639 5364 auctor
1687 5316 1883 5364 Indicis
1911 5317 2170 5364 alnhabe-

624 5311 934 5386 iibliotbeca
968 5309 1406 5386 vaticaltatdixit
1449 5324 1639 5370 auctor
1686 5316 1883 5372 Indicis
1911 5317 2171 5386 alphabe-

605 5382 696 5456 εἰεί
749 5382 968 5436 Patrum
1029 5382 1082 5435 in
1133 5381 1470 5440 Bibliotheca
1529 5403 1724 5456 magna
1775 5381 2169 5456 Lugdunensi;

601 5449 742 5534 falso
772 5463 976 5515 tamen,
1008 5467 1142 5534 ‘nam
1183 5463 1447 5534 quantum
1479 5470 1577 5526 ego
1602 5449 1814 5534 sciovel
1838 5449 2122 5534 e'xploravi

600 5521 852 5598 nili_il_est
880 5523 1020 5598 apud
1057 5538 1162 5598 nos
1177 5521 1406 5598 (praeter
1439 5521 1629 5598 sparsa
1655 5521 2164 5598 epistolia'aliquot)

600 5591 709 5645 nisi
731 5591 1065 5666 Codex'Vat.
1104 5591 1266 5666 ηεξ,
1303 5591 1532 5666 insignis
1575 5591 1752 5650 hercle
1781 5606 1835 5652 et
1863 5599 1998 5654 satis
2021 5591 2165 5652 anti;

598 5676 761 5730 quus,
800 5664 968 5717 libros
997 5662 1134 5718 duos
1175 5662 1535 5734 Epistolarum
1572 5666 1801 5722 Studitze
1837 5671 2156 5726 continens:

598 5745 666 5784 ex
717 5747 825 5802 quo
866 5735 1194 5789 adamussim
1235 5738 1421 5793 codice
1474 5748 1686 5809 sumpta
1739 5737 1840 5796 fuit
1887 5738 2162 5794 Sirmondi

2278 4822 2449 4878 editio
2476 4863 2491 4886 ,
2542 4832 2601 4878 ut
2643 4838 2742 4894 ego
2777 4820 3247 4894 conferenscerto
3281 4819 3523 4894 comperi
3582 4835 3598 4874 :
3646 4836 3772 4894 nam
3805 4831 3853 4876 et

2278 4894 2488 4948 lacunae
2529 4891 2786 4948 editionis
2833 4893 2947 4946 sive
2995 4891 3228 4961 majores
3260 4891 3376 4945 sive
3406 4891 3572 4961 etiam
3617 4893 3852 4946 minima:

2277 4979 2398 5016 cum
2452 4964 2556 5018 hoc
2605 4964 2798 5018 codice
2845 4959 3092 5031 prorsus
3117 4961 3456 5030 conspirant.
3505 4959 3646 5015 Cum
3696 4964 3850 5032 igitur

2275 5034 2585 5090 Parisiacus
2623 5034 2714 5088 ille
2739 5033 3037 5102 thesaurus
3057 5048 3084 5084 a
3101 5046 3195 5087 'me
3221 5031 3411 5101 procul
3435 5032 3602 5094 absit,
3624 5032 3720 5086 vix
3751 5047 3844 5102 ego

2276 5120 2439 5158 unam
2493 5115 2586 5159 aut
2627 5105 2852 5158 alteram
2885 5101 3122 5170 adjicere
3165 5117 3310 5155 nunc
3344 5117 3486 5171 queo
3523 5101 3844 5170 epiStolam,

2271 5189 2338 5229 ex
2371 5174 2488 5229 Vat.
2520 5173 2707 5230 codice
2737 5173 2861 5239 635,
2887 5188 3013 5228 cmn
3037 5172 3378 5227 brevissimis
3407 5173 3732 5227 lacunarum
3760 5174 3846 5228 ali-

2278 5256 2416 5326 (1°93,
2442 5245 2858 5326 ξυνβίθξέκῗηέίεξο
2985 5311 3019 5326 ..
3063 5312 3100 5326 η
3181 5323 3190 5326 _
3379 5313 3412 5326 .,
3741 5315 3754 5326 .

2347 5311 2594 5396 (imp—nd
2628 5311 3040 5396 Fabriciume.
3059 5312 3147 5396 G._,
3177 5323 3310 5394 tom.
3344 5313 3464 5396 cit.,
3489 5329 3544 5396 ρ.
3574 5313 3712 5396 fu,
3741 5315 3843 5396 ine:

2273 5382 2547 5466 ditardua:
2573 5388 2924 5466 nominantur
2951 5382 3223 5466 Theodori
3269 5385 3452 5466 nostri.
3490 5382 3752 5466 Epistolas
3783 5384 3840 5446 ad

2272 5457 2636 5534 spatharium.
2673 5455 2872 5534 .Porro
2920 5457 3142 5534 scimus
3210 5455 3546 5534 spathariimt
3629 5457 3838 5509 titulum

2273 5525 2442 5605 fuisse
2479 5526 2638 5582 ollicii
2672 5525 2726 5580 in
2765 5526 2886 5605 aula
2919 5525 3216 5605 Byzantina
3246 5564 3261 5587 ,
3297 5525 3562 5605 uxoribus
3593 5541 3837 5605 quoque,

2272 5607 2332 5677 ut
2379 5596 2459 5677 _ﬁt,
2523 5595 3013 5677 communicatum.
3069 5595 3264 5677 μυξη-τι
3325 5595 3496 5677 igitur
3563 5596 3840 5677 spatharia

2269 5666 2416 5736 (cod.
2475 5668 2802 5740 spatharea)
2866 5682 3007 5722 uxor
3067 5665 3302 5722 fortasse
3358 5665 3521 5722 illius
3576 5665 3840 5737 spatham

2271 5745 2410 5793 erat.
