4102 6374
275 297 410 366 1669
1519 301 1898 365 ΕΡΙΞἸῸΙᾸΞ
1937 301 2293 366 ΙΝΕΒΙΤίΕ.
3383 309 3518 375 1670

273 415 544 490 μακαρία,
583 411 736 488 ᾧτινι
791 418 978 491 τρόπῳ
1019 418 1126 473 τῶν
1171 418 1475 490 εἰρημένων
1527 419 1612 491 εἴη
1673 437 1766 473 σου
1818 419 1846 472 6

1968 419 2210 484 nomine,
2253 435 2283 474 a
2331 419 2441 476 Deo
2469 430 2622 476 arcet
2666 429 2724 476 et
2753 418 2957 475 diaboli
3007 419 3138 478 facit
3165 419 3515 480 familiarem.

273 509 510 575 σκοπὸς,
565 511 658 565 καὶ
720 513 838 565 κατ’
880 513 1012 564 αὐτὸ
1065 510 1282 580 πρόσιθι
1339 512 1451 574 τοῖς
1502 510 1842 581 μυστηρίοις.

1968 509 2248 567 Ξοηείἀετει
2276 511 2462 583 igitur,
2495 527 2527 566 o
2558 513 2716 568 beata
2739 551 2756 578 ,
2813 527 3109 582 quamnam
3150 527 3216 568 ex
3247 515 3522 583 praedictis

273 601 520 656 Γνωστὸν
557 601 613 655 δὲ
655 603 822 656 πᾶσιν
872 605 954 658 ὅτι
993 602 1088 655 νῦν
1129 603 1338 674 αἵρεσις
1367 604 1425 654 ὲν
1455 605 1520 674 τῇ
1547 602 1670 657 καθ’
1697 603 1847 674 ἡμᾶς

1968 602 2146 673 Igendi
2197 605 2466 659 rationem
2517 604 2611 659 tibi
2661 603 3053 674 proposueris,
3115 613 3170 659 et
3221 606 3522 660 secundum

289 695 589 766 Ἐκκλησία
640 695 1057 766 κατακρατοῦσα
1109 695 1214 748 τῶν
1261 697 1570 766 Μοιχιανῶν
1602 696 1678 767 (5)
1705 697 1842 750 ἐστι.

1973 694 2103 751 llam
2136 695 2203 750 ad
2244 711 2400 751 sacra
2450 695 2710 768 mySIeria
2759 695 3029 749 accedito.
3092 692 3305 765 Quippe
3335 696 3524 764 explo-

247 786 462 838 ~¢eicat
492 786 674 839 τοίνυν
711 787 810 856 τῆς
838 787 1022 856 τιμίας
1051 801 1144 839 σου
1175 787 1353 858 ψυχῆς
1394 790 1532 858 μετὰ
1553 789 1660 840 τῶν
1692 789 1849 842 ἀδελ-

1968 797 2128 841 'atum
2159 796 2246 843 est
2270 788 2526 843 omnibus
2548 827 2563 850 ,
2598 802 2720 857 quae
2753 801 2899 842 nunc
2944 786 3170 841 haeresis
3221 786 3522 841 Ecclesiam

279 877 395 946 φῶν
445 879 667 948 καὶτῆς
715 879 977 949 κεφαλῆς.
1014 879 1191 949 Ἔφης
1235 879 1290 932 δέ
1327 898 1438 951 μοι,
1473 881 1554 934 ὅτι
1603 881 1849 945 δέδοικας

1968 885 2196 932 nostram
2227 886 2480 947 occupet,
2513 876 2950 932 liloecbianorum
2982 877 3254 931 videlicet.
3287 877 3527 932 Consule

279 969 453 1022 εἰπεῖν
482 969 559 1040 τῷ
591 969 945 1040 πρεσϐυτέρῳ
977 987 1092 1036 σου,
1126 971 1200 1042 μὴ
1246 973 1538 1044 ἀναφέρειν
1577 973 1670 1028 τὸν
1698 975 1850 1047 αἱρε-

1968 973 2136 1035 taque
2167 967 2420 1036 pretiosae
2452 967 2651 1021 anima:
2679 975 2804 1030 tuae,
2841 975 2898 1020 et
2921 966 3207 1022 sororibus
3239 975 3402 1037 atque
3434 983 3526 1022 ca-

282 1060 512 1132 σιάρχην
538 1061 636 1131 (4).
661 1063 768 1114 Καὶ
787 1062 840 1114 τί
865 1064 992 1132 περὶ
1025 1062 1214 1116 τούτου
1241 1066 1416 1117 εἰπεῖν
1448 1082 1531 1118 σοι
1563 1065 1625 1118 τὺ
1647 1067 1846 1137 παρὸν,

1968 1056 2053 1126 piti
2087 1054 2273 1128 (vi'ro).
2333 1056 2506 1110 Porro
2553 1057 2686 1110 mihi
2736 1055 2819 1111 ais
2873 1057 3051 1111 vereri
3109 1065 3162 1112 te
3215 1058 3397 1113 dicere
3436 1067 3528 1112 tuo

279 1153 342 1203 οὐ
373 1150 618 1222 καθορῶ.
659 1151 803 1222 Πλὴν
840 1154 924 1226 ὅτι
969 1154 1242 1225 μολυσμὸν
1269 1154 1382 1225 ἔχει
1413 1156 1447 1225 ὴ
1485 1157 1736 1212 κοινωνία
1784 1161 1852 1213 ὲκ

1968 1151 2312 1221 presbytero,
2383 1166 2490 1206 non
2548 1153 2711 1206 licere
2791 1152 3170 1207 haeresiarchas
3249 1153 3526 1224 liturgiazn

284 1242 448 1308 μόνου
480 1241 574 1296 τοῦ
614 1243 927 1313 ἀναφέρειν,
959 1247 1058 1299 οὐκ
1096 1245 1165 1300 ἂν
1211 1247 1491 1316 όρθόόοξος
1541 1250 1625 1320 εἴη
1659 1251 1686 1304 6
1719 1250 1853 1304 ἀνα-

1968 1240 2154 1296 ῗεοετε.
2183 1241 2300 1308 Qua
2325 1257 2494 1311 super
2521 1258 2576 1297 re
2599 1243 2826 1313 quidem
2856 1243 2985 1314 quid
3021 1244 3115 1299 tibi
3142 1259 3290 1299 nunc
3319 1245 3531 1298 dicam?

285 1335 484 1405 φέρων.
520 1335 578 1387 '0
602 1335 660 1388 δὲ
699 1336 901 1405 Κύριος
931 1339 958 1390 ὁ
996 1339 1053 1391 ὲν
1085 1338 1324 1409 τοσούτῳ
1358 1340 1540 1410 μέτρῳ
1572 1341 1854 1408 εὐσεϐείας

1968 1351 2054 1405 ego
2102 1336 2208 1391 hoc
2259 1352 2454 1391 vacare
2499 1338 2662 1408 culpa
2706 1352 2815 1392 non
2845 1338 3059 1408 judico.
3089 1337 3226 1391 Nam
3266 1337 3395 1407 quia
3434 1337 3528 1391 illa

285 1427 428 1496 ὑμᾶς
467 1424 712 1494 ἀγαγὼν,
745 1428 907 1490 αὐτὸς
947 1430 1006 1480 ὲν
1040 1431 1206 1482 πᾶσιν
1230 1432 1520 1503 ἀπήμονας
1548 1433 1643 1486 καὶ
1673 1433 1853 1487 ὁλοτε-

283 1519 394 1580 λεῖς
428 1517 640 1588 σώματί
687 1535 746 1570 τε
800 1520 894 1571 καὶ
925 1520 1070 1592 ψυχῇ
1104 1523 1242 1592 πρὸς
1288 1525 1397 1577 πᾶν
1445 1523 1606 1594 ἔργον
1651 1525 1855 1593 ἀγαθὸν

285 1610 380 1664 καὶ
409 1611 543 1681 πρὸς
574 1612 756 1664 πᾶσαν
781 1611 1116 1682 αὐτάρκειαν
1139 1614 1254 1684 βίου
1291 1615 1574 1688 συντηρῶν
1597 1616 1857 1685 διαφυλά-

286 1702 415 1769 ξειε,
455 1705 555 1775 τήν
601 1721 662 1757 τε
701 1703 856 1774 ὑμῶν
901 1706 1162 1775 συζυγίαν
1187 1709 1332 1778 φημὶ
1364 1709 1459 1762 καὶ
1491 1709 1592 1770 τὰς
1633 1708 1855 1764 εὐλαϐε-

287 1795 486 1859 στάτας
515 1794 771 1865 ἀδελφὰς,
807 1796 1261 1868 ύπερευχομένων
1282 1799 1498 1853 πάντων
1522 1799 1624 1870 τῆς
1656 1799 1858 1870 ἡμετέ-

289 1905 388 1959 ρας
417 1885 788 1958 ἀναξιότητος.

287 2175 833 2248 ΣΚΑΩ-τΒασιλείῳ
852 2176 933 2248 τῷ
959 2177 1206 2248 ἀοιδίίμῳ
1239 2179 1548 2248 ἡγουμένῳ
1567 2179 1690 2232 σὺν
1713 2177 1864 2236 πᾶσι

463 2245 571 2313 τῆς
599 2247 930 2314 σεϐασμίας
953 2245 1149 2316 μονῆς
1175 2245 1477 2318 τοῦάγὶου
1501 2251 1683 2306 Σὰϐιι.

357 2350 513 2424 [C0d.
545 2352 667 2408 Vat.
700 2356 824 2422 653,
851 2355 890 2409 Γ.
919 2357 990 2412 45
1032 2357 1112 2428 b.]
1146 2359 1266 2410 Τῶν
1315 2360 1416 2429 τῆς
1444 2360 1726 2424 εύσεὸείας
1773 2361 1862 2416 δο-

286 2447 514 2514 γμάτων
575 2447 931 2503 καθεστώτων
960 2492 975 2516 ,
1032 2451 1392 2522 φιλοτάραχον
1449 2451 1512 2507 τὸ
1572 2453 1861 2510 κινεῖσθαι.

289 2539 506 2592 Τούτων
538 2539 596 2593 δὲ
643 2541 1061 2608 στασιαζόντων,
1098 2543 1174 2608 ὡς
1219 2544 1314 2597 νῦν
1369 2546 1427 2598 ὲν
1467 2547 1534 2618 τῇ
1569 2545 1868 2618 καθ’ήμᾶς

293 2631 527 2700 μάλιστα
564 2632 882 2703 Ἐκκλησία,
913 2633 1029 2696 πῶς
1058 2635 1158 2688 οὐκ
1189 2636 1502 2705 ἀναγκαίως
1531 2638 1864 2708 διεγερτέον,

292 2723 646 2794 φειδομένους
676 2725 910 2791 οὐδενὸς,
947 2727 1023 2799 μὴ
1051 2729 1132 2782 ὅτι
1154 2745 1218 2798 γε
1257 2731 1471 2800 μακρᾶς
1493 2731 1638 2794 ὁδοῦ,
1667 2731 1777 2784 τῶν
1807 2749 1868 2785 τε

291 2815 468 2869 ἄλλων
511 2816 978 2888 τληπαθημάτων,
1009 2821 1145 2874 ἀλλὰ
1187 2823 1280 2876 καὶ
1309 2822 1472 2876 αὑτοῦ
1507 2823 1740 2879 θανάτου
1765 2841 1867 2879 κα-

291 2913 617 2978 ταφρονείν;
651 2909 798 2980 Αὕτη
839 2914 872 2983 ἡ
899 2912 1048 2966 αἰτία
1073 2915 1171 2985 τῆς
1206 2915 1342 2986 πρὸς
1368 2916 1512 2987 ὑμᾶς
1541 2918 1666 2982 τοὺς
1710 2920 1871 2985 ὁσιω-

294 3000 490 3063 τάτους
522 3001 629 3054 τῶν
667 3005 1053 3072 πνευματικῶν
1077 3007 1234 3077 ἡμῶν
1263 3008 1468 3062 τέκνων
1497 3013 1728 3081 Λητοῖου
1773 3011 1871 3066 καὶ

1954 1427 2272 1480 communio
2299 1425 2592 1496 inquinat,
2643 1441 2762 1498 quae
2801 1427 2858 1481 in
2893 1427 3110 1498 liturgia
3149 1429 3240 1494 tit;
3286 1427 3407 1482 ideo
3435 1428 3530 1497 qui

1955 1513 2087 1570 facit
2127 1516 2402 1587 liturgiam
2433 1555 2448 1583 ,
2499 1515 2644 1571 haud
2695 1517 3040 1573 orthodoxus
3090 1519 3216 1572 erit.
3266 1517 3532 1574 Dominus

1957 1618 2175 1675 autem,
2223 1613 2318 1682 qui
2370 1627 2469 1666 vos
2520 1611 2576 1666 in
2625 1620 2838 1668 tantum
2875 1613 3098 1683 pietatis
3131 1618 3354 1669 cu‘men
3397 1628 3532 1684 pro-

1958 1704 2131 1768 vexit,
2161 1703 2415 1760 innoxios
2452 1714 2509 1759 et
2543 1703 2910 1775 undequaque
2958 1704 3266 1760 incolumes
3295 1719 3533 1775 corpore

1958 1796 2250 1867 animaque
2304 1797 2372 1852 ad
2403 1812 2564 1852 omne
2597 1812 2740 1868 opus
2780 1797 3006 1862 bonum,
3051 1811 3382 1866 omnemque
3408 1797 3536 1852 vita:

1959 1902 2115 1942 usum
2141 1896 2447 1955 conservet,
2499 1895 2768 1952 vestrum,
2802 1891 3046 1958 inquam,
3097 1889 3436 1958 conjugium,
3481 1897 3536 1944 et

1957 1993 2176 2034 sorores
2216 1980 2666 2050 religiosissimas
2697 1998 2710 2034 :
2740 1981 3035 2050 cunctique
3087 1994 3187 2050 pro
3231 1991 3420 2035 nostra
3448 1982 3536 2035 in-

1957 2071 2220 2141 dignitate
2244 2071 2404 2126 enixe
2435 2072 2762 2141 precemini.

1961 2179 2193 2238 CCXXI.
2225 2213 2296 2222 —
2324 2181 2526 2236 Basilio
2592 2182 2788 2253 inclyta
2843 2182 3058 2251 praesidi
3093 2199 3226 2253 cum
3280 2182 3535 2238 uniuersis

2251 2254 2529 2307 venerandi
2557 2251 2856 2308 monasterii
2883 2253 3053 2306 sancti
3077 2251 3253 2308 Sabw.

2037 2368 2173 2424 Cum
2213 2367 2496 2438 religionis
2525 2367 2778 2438 dogmata
2814 2375 2980 2434 stant,
3011 2368 3100 2422 ille
3130 2366 3534 2436 pertubatorem

1963 2476 2023 2517 se
2051 2459 2256 2530 praebet
2283 2459 2379 2528 qui
2425 2466 2609 2514 motus
2636 2459 2763 2513 ciet.
2820 2457 2918 2513 His
2967 2468 3147 2512 tamen
3203 2459 3536 2520 commotis,

1965 2550 2046 2606 uti
2083 2565 2231 2606 nunc
2277 2549 2333 2628 in
2379 2557 2568 2604 nostra
2599 2548 2903 2618 praesertim
2949 2547 3198 2603 Ecclesia
3239 2547 3496 2602 usuvenit
3521 2585 3537 2608 ,

1965 2642 2095 2715 quid
2126 2643 2182 2698 ni
2223 2641 2536 2698 necessario
2559 2641 3003 2710 consurgendum
3031 2641 3104 2696 sit
3131 2678 3147 2704 ,
3190 2639 3436 2709 nullique
3463 2639 3545 2691 la-

1964 2735 2086 2791 bori
2119 2733 2446 2806 parcendum
2473 2775 2489 2800 ,
2530 2748 2708 2803 neque
2737 2732 2902 2801 longo
2938 2731 3160 2798 itineri,
3213 2745 3390 2800 neque
3417 2729 3540 2782 aliis

1967 2827 2252 2891 aerumnis,
2285 2826 2416 2896 quin
2452 2827 2659 2895 et'ipsa
2687 2840 2836 2878 mors
2864 2822 3306 2878 contemnenda?
3337 2821 3450 2875 Hac
3474 2821 3542 2874 de

1970 2934 2164 2984 causa,
2199 2919 2265 2973 ad
2303 2934 2398 2972 vos
2428 2917 2682 2972 misimus
2710 2918 2776 2970 de
2809 2915 3147 2983 spiritalibus
3179 2913 3308 2968 liliis
3339 2913 3542 2967 nostris

1971 3013 2347 3072 sanctissimos
2377 3011 2621 3066 Letoium
2654 3022 2706 3066 et
2734 3011 3069 3065 Simeonem.
3104 3007 3228 3062 Haec
3252 3015 3337 3062 est
3373 3005 3540 3066 ratio,

295 3095 580 3166 Συμεῶνος
611 3096 686 3169 (5)
714 3097 1040 3168 ἀποστολῆς.
1086 3094 1254 3166 Οὗτος
1300 3102 1329 3155 6
1365 3106 1565 3174 τρόπος
1593 3104 1695 3175 τῆς
1730 3106 1868 3174 μετά

1971 3123 2070 3161 cur
2091 3107 2146 3160 hi
2177 3115 2300 3176 post
2335 3105 2590 3160 fiduciam
2623 3121 2754 3174 erga
2803 3102 2976 3159 Deum
2998 3144 3013 3168 ,
3060 3100 3429 3172 periculosam
3464 3097 3542 3152 is-

296 3187 429 3243 Θεὸν
467 3190 842 3260 πεποιθήσεως
874 3191 1231 3258 κινδυνώδους
1251 3196 1309 3248 ὲν
1331 3198 1444 3259 τοῖς
1470 3197 1656 3250 αὐτόθι
1703 3197 1868 3266 ἐκδη-

303 3280 450 3348 μίας.
508 3281 648 3334 amr
675 3277 719 3336 ὦ
759 3283 996 3355 πατέρες
1047 3285 1213 3354 ἅγιοι,
1271 3285 1390 3350 πῶς
1444 3287 1572 3357 ὑμῖν
1622 3285 1870 3358 ἐναργῶς

299 3370 626 3444 διηγήσαιμι
662 3374 728 3427 τὰ
761 3377 901 3428 κατά
955 3376 1050 3430 τοῦ
1095 3378 1427 3447 Εύαγγελίου
1481 3377 1576 3432 τοῦ
1630 3379 1870 3452 Χριστοῦ

301 3461 408 3515 ὑπὸ
437 3463 544 3516 τῶν
573 3465 804 3518 ἐνταῦθα
828 3467 1164 3537 τολμηθέντα
1191 3470 1286 3523 ’καὶ⁵
1327 3471 1670 3540 πραχθέντα;
1709 3471 1872 3543 Ἱερε-

305 3552 437 3623 μίας
464 3555 492 3606 6
519 3553 983 3625 πολυθρηνότατος
1000 3548 1104 3608 ὧδὲ
1125 3558 1226 3610 πού
1249 3575 1413 3628 φησιν
1446 3562 1502 3612 ὲν
1537 3563 1655 3623 ταῖς
1679 3561 1872 3614 ἑαυτοῦ

302 3644 690 3714 προφητείαιςο
715 3645 999 3714 Ποιμένες
1019 3648 1461 3717 ἠφρονήσαντο,
1492 3651 1592 3706 καί
1625 3653 1734 3706 τὸν
1755 3653 1872 3707 Κύ-

295 3753 434 3806 ριον
461 3739 572 3792 οὐκ
601 3736 986 3806 ἐξεζήτησαν.
1021 3739 1285 3794 Ἐνταῦθα
1329 3741 1384 3794 δὲ
1407 3741 1789 3813 χαλεπώτερόν
1825 3762 1875 3798 τι

303 3826 400 3880 καὶ
429 3826 548 3881 λίαν
575 3826 804 3882 ἔκτοπον
829 3845 843 3858 ·
870 3829 996 3890 τοὺς
1052 3828 1161 3901 γὰρ
1195 3830 1446 3902 ὲκζητεῖν
1484 3832 1647 3886 αὑτὸν
1681 3850 1877 3902 προαι-

305 3919 606 3990 ρουμένους
666 3920 762 3973 καὶ
832 3920 1226 3990 ἀντεχομένους
1315 3911 1424 3976 τοῦ
1465 3922 1629 3991 νόμου
1687 3922 1877 3987 αὐτοῦ,

301 4007 765 4080 ἡλλοτριωμὲνους
789 4008 952 4062 αὐτοῦ
986 4009 1286 4081 ἀναθέματι
1316 4012 1411 4066 ἀνε
1448 4011 1596 4084 (6)...

1973 3197 2104 3252 thuc
2121 3197 2520 3267 expeditionem
2549 3193 3337 3264 susceperint.Verumtamert,
3355 3190 3546 3246 Patres

1974 3288 2190 3354 sanati,
2244 3287 2519 3356 quomodo
2562 3291 2848 3355 perspicue
2891 3285 3046 3341 vobis
3100 3298 3368 3354 exponam
3423 3297 3548 3352 qua:

1975 3381 2234 3434 adversus
2258 3379 2456 3433 Christi
2491 3377 2846 3448 Evangelium
2883 3392 2913 3431 a
2950 3387 3153 3432 nostra:
3182 3376 3424 3446 regionis
3445 3377 3548 3430 ho-

1976 3469 2215 3525 minibus
2267 3485 2398 3524 ausa
2456 3478 2584 3524 sunt
2637 3479 2692 3524 et
2740 3469 3002 3539 peracta?
3079 3467 3551 3523 Luctuosissimus

1975 3562 2196 3632 quidem
2228 3561 2528 3616 Hieremias
2567 3561 2648 3616 sic
2691 3561 2745 3614 in
2780 3577 2875 3615 sua
2929 3559 3211 3629 prophetia
3260 3559 3546 3627 loquitur:

1975 3651 2226 3706 Pastores
2259 3652 2420 3705 stulte
2450 3659 2689 3720 egerunt,
2719 3661 2767 3704 et
2798 3650 3085 3704 Dominum
3127 3665 3228 3702 non
3259 3649 3554 3716 exquisive-

1976 3742 2145 3795 runt?
2175 3739 2245 3792 At
2269 3741 2414 3794 enim
2442 3740 2586 3808 apud
2615 3754 2716 3794 nos
2747 3738 2998 3806 asperius
3038 3779 3054 3803 ,
3084 3738 3288 3808 aliquid
3321 3747 3374 3791 et
3397 3737 3552 3790 valde

1982 3847 2300 3904 perversum
2339 3841 2524 3886 actum
2569 3839 2653 3885 est
2681 3847 2695 3882 :
2723 3829 2924 3884 etenim
2976 3843 3072 3884 eos
3123 3829 3215 3897 qui
3257 3827 3550 3882 Dominum

1983 3924 2270 3992 exquirere
2288 3923 2623 3985 maluerunt,
2645 3920 2877 3990 ejusque
2904 3921 3075 3988 legem
3105 3920 3266 3986 tueri,
3293 3928 3550 3988 tanquam

1985 4012 2313 4083 apostaticos
2336 4012 2685 4066 anathemate
2711 4009 3182 4079 perculerunt.....

383 4340 686 4412 Supersunt
719 4350 978 4412 praeterea
1010 4342 1086 4414 (in
1110 4343 1296 4398 codice
1327 4359 1453 4399 xc1v
1487 4341 1838 4400 Bibliotheca:
1875 4343 2228 4401 Coislinianaa
2259 4343 2400 4416 apud
2427 4341 2787 4400 Moxrraucox
2837 4343 3089 4400 Biblioth.
3136 4344 3358 4400 Coislin.
3411 4361 3540 4415 pag.

309 4437 459 4508 194.)
487 4436 741 4507 Epistolis:
768 4436 1015 4492 ducentae
1044 4448 1098 4493 et
1121 4439 1463 4510 septuaginta
1495 4445 1728 4509 septem,
1785 4455 2064 4511 nunquam
2093 4440 2356 4496 hactenus
2379 4440 2596 4496 emissa:
2627 4441 2678 4494 in
2714 4439 2912 4505 lucem,
2959 4454 3188 4510 quarum
3219 4439 3549 4494 laterculum

309 4525 524 4581 damus.
559 4525 830 4594 Incipiunt
855 4539 884 4578 a
917 4523 1011 4580 fol.
1035 4527 1140 4582 210
1177 4542 1358 4594 verso,
1387 4529 1478 4584 ubi

379 4612 617 4684 Epistola
642 4611 749 4666 272
779 4613 842 4667 ad
879 4612 1176 4684 Josephum
1203 4614 1425 4671 fratrem
1449 4626 1504 4672 et
1527 4617 1868 4690 archiepisco

1968 4631 1999 4671 n
2026 4615 2187 4672 tertio
2211 4613 2487 4670 exsulem.
2508 4612 2770 4669 Initium:
2805 4611 3112 4685 Ἐδεξάμην
3145 4611 3215 4668 τὰ
3242 4611 3550 4684 γράμματα

308 4701 408 4772 τῆς
432 4701 529 4771 σῆς
569 4702 902 4771 ἁγιωσύνης,
957 4712 1062 4757 etc.

377 4788 504 4842 273.
529 4790 607 4842 Ad
632 4789 904 4844 eumdem.
938 4790 1152 4844 Initium
1185 4791 1314 4855 εΔὶς
1351 4791 1476 4862 ἄρτι
1509 4793 1865 4864 ἑπιστελλόμε

1968 4793 2066 4865 τὴν
2095 4791 2204 4846 ἀπὸ
2238 4789 2336 4845 τοῦ
2361 4789 2658 4856 Βυζαντίου
2694 4788 2902 4860 ἄφιξιν,
2943 4799 3051 4847 etc.

379 4875 505 4930 274.
536 4876 831 4946 Euthymio
857 4877 1137 4932 Sardensi.
1185 4877 1538 4950 Ἐμακρύνθη
1569 4897 1662 4934 σου
1699 4883 1733 4951 ἡ
1763 4881 2001 4953 ὁσιότης,
2026 4890 2136 4936 etc.

379 4961 506 5017 275.
531 4962 739 5033 Ignatio
765 4962 1019 5034 episcopo
1047 4963 1234 5019 Mileti.
1266 4964 1490 5038 Εὖρεμα
1519 4965 1684 5020 καλὸν
1707 4967 1976 5039 ὲθήρασα,
2003 4978 2110 5024 etc.

1703 5177 1718 5188 ,
1764 5128 1766 5132 ’
1822 5121 2054 5180 ΝΟΤΙΕ.

391 5233 466 5300 (3)
487 5232 783 5308 Notissima
798 5243 883 5290 est
910 5235 965 5308 in
997 5235 1226 5308 Studita;
1254 5235 1714 5308 scriptisbaeresis
1744 5237 1875 5294 haec.

315 5303 452 5376 Nam
483 5320 606 5358 cum
639 5303 1034 5376 Constantinus
1064 5307 1241 5365 lrenes
1269 5303 1434 5371 filius,
1465 5308 1588 5376 ejus
1617 5309 1880 5376 temporis

317 5375 635 5446 imperator,
672 5375 827 5446 pulsa
865 5375 1105 5446 legitima
1137 5394 1309 5434 uxore
1332 5419 1347 5444 ,
1387 5375 1549 5432 aliain
1589 5375 1838 5432 duxisset
1861 5417 1876 5439 ,

319 5453 432 5499 tum
467 5445 584 5514 ipse
611 5453 725 5499 tum
752 5445 870 5514 ejus
894 5447 1154 5503 favitores
1180 5449 1308 5504 dicti
1348 5457 1477 5503 sunt
1514 5448 1810 5512 mwcln‘ani,
1849 5463 1880 5502 a

322 5515 560 5586 μοιχείᾳ,
583 5515 866 5586 adulterio.

1980 5239 2076 5292 καὶ
2100 5235 2334 5302 ἀναξίως
2352 5235 2630 5307 ίερουργεῖ
2651 5249 2679 5307 ;_
2703 5233 2948 5307 Ἐξέλιπε
2975 5233 3344 5307 πρεσϐύτερος
3375 5250 3399 5307 ε
3421 5235 3555 5307 E_s_to

1982 5322 2312 5370 monemus;
2347 5302 2441 5359 cur
2467 5302 2626 5358 etiam
2661 5304 2872 5374 indigne
2911 5302 3079 5359 sacris
3107 5302 3402 5374 operatur?
3452 5302 3558 5357 De-

1981 5381 2072 5434 aiit
2105 5392 2217 5431 esse
2239 5376 2533 5446 presbyter.

2060 5447 2138 5519 (5)
2160 5446 2238 5500 Ad
2271 5443 2420 5519 hunc
2441 5443 2754 5519 Simeonem
2779 5453 3063 5519 strenuum
3074 5443 3426 5519 _orth_odo_x_iae
3446 5445 3560 5519 _d_eo

1979 5513 2275 5598 fe_n'soretn_
2299 5516 2500 5598 scribit
2513 5514 2729 5570 Studita
2758 5515 3014 5585 epistolas
3054 5514 3146 5569 lib.
3197 5513 3257 5583 Ι,
3301 5515 3364 5569 21
3396 5554 3411 5581 ,
3435 5513 3514 5598 βὲ
3539 5553 3555 5579 ,

389 5571 466 5655 (ἲ)
483 5571 1048 5659 intelligitlosephum
1073 5602 1419 5659 teconomum
1435 5588 1528 5659 qui
1559 5587 1868 5659 adulterini:

1981 5571 2095 5652 ξιξ
2115 5571 2194 5659 Ῐει
2222 5584 2409 5659 lib._ll_,
2434 5586 2522 5641 50.

320 5655 685 5726 imperatoris
721 5655 927 5726 nuptiis
972 5658 1335 5714 benedixerat.
1418 5655 1492 5712 De
1549 5672 1613 5711 eo
1674 5657 1883 5712 Studita

2065 5658 2151 5730 (5)7
2175 5655 2357 5730 Innuit
2370 5655 2584 5730 decreta
2615 5651 3272 5730 synodileonomachicae,
3297 5659 3364 5713 ad
3393 5667 3560 5725 quam

323 5726 494 5796 Epist.
528 5725 625 5781 lib.
653 5724 710 5795 ι,
738 5723 815 5780 2f
860 5735 915 5782 et
957 5727 1048 5783 ΞΩ.
1105 5727 1234 5784 Sic:
1269 5727 1444 5782 Ἔστω
1479 5728 1779 5798 οἰκονόμος·
1833 5746 1864 5780 τ

1994 5723 2183 5786 scribit
2203 5724 2416 5782 Studita
2449 5726 2606 5796 epist.
2638 5723 2735 5778 lib.
2769 5723 2835 5789 ll,
2870 5725 2922 5778 1.
