4102 6374
601 267 732 336 1671
1782 268 1845 330 S.
1877 265 2221 330 THEODOF

2234 265 2275 327 ,ι
2312 263 2663 328 srunl'm
3453 337 3461 344 _
3717 244 3854 307 ma

662 380 790 438 276.
819 377 1017 436 Joannl
1047 377 1340 451 praeposito
1360 377 1692 435 Chalcedon.
1719 378 1774 433 in
1797 377 2052 436 exsilium
2083 375 2273 434 misso.

1769 399 1774 432 ι
1797 377 2052 436 exsilium
2083 375 2273 434 misso.
2300 373 2640 444 Ἐϐουλόμην
2661 369 2902 442 διακόνῳ
2929 366 3264 440 χρήσασθαι,
3281 375 3389 420 etc.

661 467 791 524 277.
821 469 990 524 lrena:
1010 467 1279 524 Patriciae.
1316 468 1409 520 Σοὶ
1442 467 1648 538 πρέπει
1680 465 1871 536 ὕμνος,
1902 474 2010 522 etc.

659 557 787 612 278.
814 556 1091 611 Zacharia:
1128 555 1342 627 ὑπάτῳ.
1368 553 1716 625 Ἀσπάζομαί
1741 569 1826 620 σε,
1853 553 2110 624 ἄνθρωπε
2135 553 2229 607 τοῦ
2249 551 2279 608 Ε

912 556 1091 611 :haria:
1128 555 1342 627 ὑπάτῳ.
1368 553 1716 625 Ἀσπάζομαί
1741 569 1826 620 σε,
1853 553 2110 624 ἄνθρωπε
2135 553 2229 607 τοῦ
2249 551 2409 621 Θεοῦ,
2426 560 2532 610 etc.

657 643 786 704 279.
817 645 1118 701 Athanasio
1149 643 1278 699 ﬁlio.
1312 643 1498 711 Ἔγνω
1523 645 1550 695 6
1583 634 1715 706 Θεὸς
1743 642 1870 706 τούς
1905 641 2067 706 ὄντας
2089 640 2275 697 αὐτοῦ.

659 734 789 791 280.
823 735 1110 790 Timotheo
1138 733 1272 796 ﬁlio,
1302 728 1372 785 *Ω
1394 731 1528 785 καλὲ
1557 731 1814 802 Τιμόθεε.

657 823 786 878 281.
823 822 1077 878 Anatolio
1107 830 1162 878 et
1190 819 1453 876 Subhatio
1477 819 1624 875 ﬁliis.
1656 819 1863 890 Τρίτην
1901 816 2110 890 ταύτην
2142 816 2277 870 ὲπισ

1025 822 1077 877 10
1107 830 1162 878 et
1190 819 1453 876 Sabhatio
1477 819 1624 875 ﬁliis.
1656 819 1863 890 Τρίτην
1901 816 2110 890 ταύτην
2142 815 2438 889 ἐπιστολὴν
2466 814 2643 886 ὐμῶν.

657 909 786 964 282.
812 908 974 964 Petro
1001 907 1213 964 Nicaea.
1241 907 1511 971 Πολλάκις
1543 906 1884 978 προθέμενος
1909 907 2235 962 ἐπιστεῖλαι.

656 994 783 1051 283.
815 997 1056 1066 Josepho
1081 995 1403 1066 praeposito.
1431 995 1704 1064 Ἥνεγκεν
1725 997 1754 1049 6
1775 994 1990 1067 καιρός.

655 1083 782 1138 284.
817 1084 1073 1155 Gregora:
1103 1083 1263 1138 laico.
1312 1082 1378 1136 Ἦ
1408 1082 1577 1154 πολλή
1607 1099 1702 1136 σου
1727 1085 1820 1138 καὶ
1846 1083 2026 1155 θερμὴ
2057 1081 2322 1136 διακονία.

653 1171 782 1226 285.
805 1171 976 1225 Annae
1007 1171 1313 1242 praepositae
1351 1169 1575 1226 inclusae
1613 1171 1684 1225 ob
1706 1171 2004 1226 Christum.
2037 1169 2103 1223 Τί
2131 1167 2198 1222 ἂν
2227 1169 2273 1222 ἀπ

1618 1171 1684 1225 01)
1706 1171 2004 1226 Christum.
2037 1169 2103 1223 Τί
2131 1167 2198 1222 ἂν
2227 1166 2467 1232 ἀκούσας
2493 1164 2624 1238 περὶ
2648 1161 2750 1235 τῆς
2778 1161 3098 1235 τιμιότητός
3123 1181 3238 1224 σου.

653 1257 780 1313 286.
813 1259 982 1314 Leoni
1017 1258 1274 1315 Patricio.
1299 1257 1364 1312 El
1401 1258 1570 1322 αὐτὸς
1602 1259 1704 1312 οὐκ
1732 1260 1949 1322 ἀτονεῖς
1982 1253 2042 1311 εὖ
2077 1260 2276 1311 ποιεῖν.

654 1350 780 1407 287.
807 1350 978 1407 lrena:
999 1351 1252 1407 Patriciae
1279 1352 1444 1406 domo
1473 1352 1544 1406 ob
1569 1349 1728 1406 ﬁdem
1759 1349 1966 1419 eiectae.
2006 1347 2148 1417 Ἐγὼ
2177 1349 2274 1404 κᾶν

1377 1365 1444 1406 no
1473 1352 1544 1406 ob
1569 1349 1728 1406 ﬁdem
1759 1349 1966 1419 ejecta).
2006 1347 2148 1417 Ἐγὼ
2177 1349 2281 1404 κάν
2301 1348 2363 1402 οὐ
2391 1347 2637 1419 δέχωμαι
2668 1344 2997 1416 γράμματα.

651 1443 780 1500 288.
808 1444 1035 1500 Moscho
1071 1444 1233 1501 laico.
1271 1443 1454 1498 Πολλά
1492 1460 1586 1497 σου
1620 1442 1690 1496 τά
1714 1443 1916 1512 ἀγαθά.

650 1536 781 1593 289.
814 1537 1184 1593 Euschemoni
1213 1536 1612 1608 Lampsaceno.
1646 1539 1862 1608 Ἔγνων
1884 1537 1960 1602 ὡς
1987 1539 2022 1608 ἡ
2047 1537 2269 1610 ὁσιότης

1646 1539 1862 1608 Ἔγνων
1884 1537 1960 1602 ὡς
1987 1539 2022 1608 ἡ
2047 1537 2269 1610 ὁσιότης
2302 1555 2398 1591 σου
2429 1536 2690 1606 εἴληπται
2724 1533 2830 1588 ὐπὸ
2857 1533 2968 1589 τῶν
2994 1529 3259 1587 διωκτῶν.

649 1629 777 1688 290.
807 1632 1070 1691 111101101ιί
1099 1635 1576 1692 Archimandritaa.
1611 1627 1786 1705 Εὗρον
1815 1631 1914 1702 ὀψὲ
1943 1633 2038 1686 τοῦ
2064 1631 2263 1704 καιροῦ

1046 1637 1070 1690 ι1
1099 1635 1576 1692 Archimandritaa.
1611 1627 1786 1705 Εὗρον
1815 1631 1914 1702 ὀψὲ
1943 1633 2038 1686 τοῦ
2064 1631 2263 1704 καιροῦ
2286 1630 2666 1687 ἀσπάσασθαι.

648 1721 776 1779 291.
812 1725 1200 1783 Grammaticis
1229 1727 1441 1782 duobus
1473 1725 1754 1780 fratribus.
1789 1724 1954 1779 Οὐδὲν
1986 1724 2164 1794 ίσχύει
2193 1724 2253 1779 τὸ

1192 1745 1200 1780 ι
1229 1727 1441 1782 duobus
1473 1725 1754 1780 fratribus.
1789 1724 1954 1779 Οὐδὲν
1986 1724 2164 1794 ίσχύει
2193 1724 2253 1779 τὸ
2282 1724 2520 1796 γράμμα
2552 1724 2616 1778 τὸ
2656 1722 2812 1794 ἐμόν.

647 1812 776 1868 292.
809 1813 1087 1888 Stephano
1118 1819 1472 1874 consobrino.
1507 1816 1752 1887 Ἔμαθον
1783 1815 1857 1878 ὡς
1885 1819 2170 1888 κρατείσαι
2203 1833 2267 1870 κα

1885 1819 2170 1888 κρατεῖσαι
2203 1818 2296 1870 καὶ
2338 1815 2505 1881 αὐτὸς
2536 1815 2645 1870 ὑπὸ
2664 1814 2776 1868 τῶν
2805 1813 3141 1885 δυσωνύμων
3165 1811 3489 1887 αίρετικῶν.

646 1907 777 1964 295.
815 1910 1180 1983 Κηροπράτῃ,
1208 1912 1435 1966 cerario.
1481 1910 1570 1964 Ἐν
1597 1913 1720 1976 ταῖς
1751 1910 1994 1984 ἡμέραις
2015 1911 2267 1976 ταύταις.

647 2000 775 2057 291.
805 1999 971 2057 Leoni
1000 2004 1475 2076 ἀρωματοπράτῃ,
1499 2006 1846 2062 aromatario.
1892 2005 2225 2060 Ἐπιστέλλω
2248 2023 2267 2059 c

1538 2006 1846 2062 ramatario.
1892 2005 2225 2060 Ἐπιστέλλω
2248 2023 2330 2060 σοι
2362 2005 2458 2061 καὶ
2475 2002 2552 2070 ὡς
2575 2004 2673 2060 ἀνθ
2683 2003 2850 2076 ρώπῳ
2873 2001 2969 2057 τοῦ
2997 1999 3155 2057 Θεοῦ.

645 2094 774 2151 295.
808 2094 1074 2150 Politiano
1106 2095 1428 2153 domestico.
1462 2099 1670 2162 Ὄντως
1702 2098 1854 2168 ἔργῳ
1879 2098 1974 2152 καὶ
2003 2096 2148 2167 λόγῳ
2174 2097 2328 2166 φίλος
2374 2091 2444 2154 εἴ.

645 2187 772 2245 296.
807 2188 976 2244 Anna!
998 2189 1242 2244 moniali.
1279 2191 1389 2244 Kal
1419 2189 1494 2263 μὴ
1521 2190 1812 2263 δεχόμενος
1843 2189 2181 2262 ἀντίγραφα.

645 2279 772 2336 297.
799 2281 1078 2338 Zachariae
1100 2280 1328 2354 Hypata.
1362 2283 1472 2337 Kal
1508 2283 1671 2338 πάλιν
1699 2282 1911 2354 γράψαι
1936 2286 2002 2354 τῇ
2026 2281 2265 2353 θεοφιλεῖ

1052 2297 1078 2336 e
1100 2280 1328 2354 Hypata.
1362 2283 1472 2337 Kal
1508 2283 1671 2338 πάλιν
1699 2282 1911 2354 γράψαι
1936 2286 2002 2354 τῇ
2026 2281 2280 2354 θεοφιλεῖ,
2306 2281 2529 2353 εὐκλείᾳ
2557 2299 2672 2337 σου.

644 2371 769 2430 298.
803 2373 970 2430 Leoni
993 2376 1192 2431 amico.
1225 2377 1341 2429 Οὐκ
1363 2375 1730 2446 ἐπιλέλησμαι
1759 2393 1874 2441 σου,
1903 2371 1949 2431 ὧ
1979 2375 2126 2446 φίλε.

1099 2391 1192 2431 00.
1225 2377 1341 2429 Οὐκ
1363 2375 1730 2446 ἐπιλέλησμαι
1759 2393 1874 2441 σου,
1903 2371 1949 2431 ὧ
1979 2375 2126 2446 φίλε.
2641 2439 2643 2444 Α
2717 2389 2719 2392 ‘

644 2463 769 2522 299.
795 2464 1029 2539 Hypata.
1058 2467 1362 2542 Ἐδεξάμην
1387 2487 1504 2537 σου,
1530 2469 1750 2540 ἀδελφέ.

644 2557 770 2614 500.
819 2559 1240 2632 Ἀνεπίγραφος.
1273 2563 1387 2617 Οὐκ
1415 2564 1521 2618 ἔδει
1551 2564 1642 2618 τὸν
1673 2565 1774 2636 τῆς
1801 2559 2108 2624 εὐσεϐείας.

643 2650 770 2706 501.
805 2651 1018 2710 Isidoro
1048 2655 1327 2727 Bysantio.
1350 2656 1733 2728 Μνημονεύεις
1763 2673 1866 2729 μου
1900 2657 2008 2721 ἀεὶ,
2029 2649 2076 2710 ὧ
2105 2652 2228 2726 φίλε
2256 2654 2416 2711 καλέ.

644 2743 770 2800 502.
795 2745 1030 2819 Georgio
1059 2751 1400 2806 xenadocha.
1429 2751 1792 2820 Καταγὼγιόν
1817 2769 1911 2805 σου
1937 2748 2198 2822 μανθάνω
2219 2745 2384 2805 εῖναι.

645 2839 772 2896 505.
803 2841 1100 2899 Naucratio
1132 2845 1264 2902 ﬁlio.
1305 2847 1525 2918 Ἐπειδὴ
1551 2847 1847 2919 εὐδόκησεν
1876 2849 1906 2901 6
1933 2846 2142 2914 ἀγαθὸς
2183 2845 2344 2910 Θεός.

645 2931 770 2989 504.
808 2932 1016 2991 Eidem.
1041 2937 1434 3011 Εὐχαρίστησα
1465 2939 1544 3010 τῷ
1572 2940 1764 3011 Κυρίῳ
1794 2941 1821 2993 6
1849 2938 2109 3003 ταπεινὸς
2141 2938 2266 2993 ἰδὼν
2291 2937 2382 2992 τὸν
2411 2936 2639 3006 ἀδελφὸν
2659 2935 2981 3010 Προτέρων.

643 3023 770 3078 505.
807 3023 1020 3082 Eidem.
1067 3027 1156 3080 ’Ev
1184 3029 1300 3093 τοῖς
1323 3027 1460 3100 πρὸς
1489 3030 1580 3083 τὲν
1610 3029 1840 3100 ἀδελφὸν
1870 3027 2304 3101 ἀρχιεπίσκοπον
2328 3030 2680 3099 γράμμασιν.

645 3115 771 3172 506.
809 3116 1017 3175 Eidem.
1043 3119 1216 3174 Παντὶ
1240 3121 1667 3193 προλαμϐάνεις,
1700 3121 1890 3175 τέκνον
1925 3138 2050 3192 μου.

643 3211 769 3268 507.
802 3212 1010 3269 Eidem.
1044 3214 1136 3286 Τῷ
1165 3213 1305 3280 ὄντι,
1332 3215 1544 3282 τέκνον,
1581 3215 1848 3287 ήσχαλλον
1872 3217 1931 3270 ὲν
1957 3218 2025 3286 τῇ
2061 3214 2379 3287 βραδύτητι.

641 3308 768 3364 508.
803 3307 1008 3363 Eidem.
1033 3309 1232 3374 Καλῶς
1259 3310 1548 3381 ἐποίησας,
1581 3310 1771 3364 τέκνον
1805 3327 1934 3382 μου.

643 3394 772 3452 509.
807 3397 1015 3452 Eidem.
1052 3398 1187 3451 Ἀπό
1217 3415 1277 3452 τε
1306 3401 1406 3470 τῆς
1437 3398 1662 3470 πρώτης
1687 3401 1782 3453 καὶ
1805 3399 2068 3471 δευτέρας
2103 3415 2196 3452 σου
2223 3398 2541 3470 ἐπιπολῆς.

644 3486 772 3544 510.
805 3489 1017 3544 Eidem.
1040 3492 1146 3547 Τὸν
1173 3491 1402 3558 ἀδελφὸν
1437 3492 1730 3547 Σιλουανύν
1751 3492 1867 3563 ἅμα
1888 3491 1968 3560 τῷ
2004 3491 2292 3564 Δωροθέῳ.

641 3576 770 3633 511.
801 3577 1039 3650 Josepho
1065 3579 1218 3637 fratri
1257 3591 1311 3638 et
1336 3583 1769 3654 archiepiscopo.
1809 3582 1951 3653 Ἐγὼ
1979 3584 2261 3657 εὐχαριστῡ

1065 3579 1218 3637 fratri
1257 3591 1311 3638 et
1336 3583 1769 3654 archiepiscopo.
1809 3582 1951 3653 Ἐγὼ
1979 3584 2285 3657 εὐχαριστῶ
2301 3583 2380 3654 τῷ
2406 3583 2526 3654 Θεῷ
2556 3599 2679 3656 μου.

645 3671 771 3726 512.
797 3671 1087 3744 Euthymio
1116 3673 1396 3730 Sardensi.
1436 3673 1530 3740 Al;
1557 3676 1684 3746 ἄρτι
1714 3675 2020 3731 ἐπιστέλλω
2046 3680 2114 3748 τῇ
2149 3693 2264 3749 μακ

1054 3688 1087 3728 0
1116 3673 1396 3730 Sardensi.
1436 3673 1530 3740 Al;
1557 3676 1684 3746 ἄρτι
1714 3675 2020 3731 ἐπιστέλλω
2046 3680 2114 3748 τῇ
2149 3675 2519 3749 μακαριότητι
2554 3693 2671 3734 σου.

643 3765 769 3821 515.
798 3765 1060 3823 Patricio.
1089 3768 1412 3840 Ὀφειλέτην
1438 3769 1678 3840 ἐμαυτὸν
1728 3768 2104 3842 λογιζόμενος.

644 3857 774 3914 514.
805 3859 1109 3917 Athanasio
1138 3861 1272 3917 ﬁlio.
1308 3862 1513 3935 Γράφω
1545 3880 1628 3918 σοι
1646 3863 1716 3918 τά
1743 3863 1859 3931 νῦν,
1880 3864 2076 3919 τέκνον
2101 3882 2230 3934 μου.

642 3951 767 4005 515.
794 3952 1092 4010 Naucratio
1115 3953 1246 4010 ﬁlio.
1278 3957 1386 4010 Kal
1408 3957 1484 4029 μὴ
1518 3955 2018 4029 παρεμπιπτούσης
2039 3958 2262 4029 ἀφορμῆ

1075 3969 1092 4010 )
1115 3953 1246 4010 11110.
1278 3957 1386 4010 Kal
1408 3957 1484 4029 μὴ
1518 3955 2018 4029 παρεμπιπτούσης
2039 3958 2296 4029 ἀφορμῆς
2324 3957 2695 4028 γραμμάτων.

642 4045 769 4101 516.
806 4047 1014 4102 Eidem.
1057 4048 1291 4103 Ὀπόταν
1323 4049 1481 4121 μάθω
1513 4050 1606 4105 τὸν
1630 4050 1983 4123 χελανδάριον
2007 4052 2301 4122 ἐπιστῆναι
2333 4050 2520 4123 μόνον.

642 4143 768 4198 51⁵1.
791 4143 1005 4198 Eidem.
1046 4143 1482 4216 Ἐγρηγόρησας,
1513 4146 1705 4202 τέκνον
1743 4164 1868 4217 μου,
1897 4145 2081 4201 δοῦναί
2109 4164 2199 4218 μοι
2222 4148 2430 4221 μικρὰν
2461 4145 2818 4220 ἀμεριμνίαν.

640 4230 764 4286 518.
799 4231 1008 4288 Eidem.
1053 4231 1141 4297 Ὧς
1170 4233 1313 4289 καλά
1339 4251 1434 4288 σου
1461 4235 1532 4288 τὰ
1563 4237 1896 4308 γράμματα.

641 4323 768 4381 519.
802 4325 1012 4380 Eidem.
1053 4324 1275 4390 Ἱκανῶς
1303 4327 1454 4398 ἡμᾶς
1508 4325 1839 4394 ἐξεδίδαξας,
1867 4321 1914 4382 ὦ
1942 4327 2158 4382 τέκνον.

640 4416 768 4472 520.
802 4413 991 4472 Eidem
1027 4415 1322 4488 Ἐξέπληξέ
1345 4434 1412 4490 με
1436 4417 1558 4472 λίαν
1588 4420 1624 4490 ἡ
1645 4418 1899 4488 ἀγγελία.

639 4511 765 4570 521.
797 4510 1006 4568 Eidem.
1035 4511 1220 4576 Κόπος
1250 4513 1388 4578 ἐστὶ,
1411 4512 1623 4579 τέκνον,
1652 4513 1711 4566 ὲν
1734 4511 1812 4583 τῷ
1834 4511 2140 4585 τηλικούτῳ
2158 4513 2413 4586 χειμῶνι.

638 4607 766 4664 522.
797 4607 1063 4680 Gregorio
1092 4607 1225 4664 ﬁlio.
1253 4608 1368 4662 Νῦν
1401 4609 1592 4680 καιρὸς
1619 4610 1716 4663 καὶ
1749 4608 2072 4681 μοωμερῶς
2103 4627 2187 4664 σοι
2214 4613 2258 4664 ὲτ

920 4607 1063 4680 goria
1092 4607 1225 4664 ﬁlio.
1253 4608 1368 4662 Νῦν
1401 4609 1592 4680 καιρὸς
1619 4610 1716 4663 καὶ
1749 4608 2072 4681 μοωμερῶς
2103 4627 2187 4664 σοι
2214 4612 2540 4669 ἐπιστεῖλαι.

636 4701 762 4756 525.
799 4700 1118 4758 Theuctisto
1152 4702 1286 4757 ﬁlio.
1310 4700 1373 4756 El
1393 4704 1486 4756 καὶ
1523 4701 1601 4774 τῷ
1633 4699 1846 4773 σώματι
1874 4702 2186 4774 ἐχωρίσθην
2218 4720 2339 4758 σου.

637 4791 764 4848 524.
789 4791 1062 4850 Dorotheo
1089 4793 1221 4849 ﬁlio.
1251 4794 1458 4865 Καιρός
1490 4811 1581 4864 μοι
1612 4793 2057 4865 μονοπροσώπως
2081 4810 2163 4846 σοι
2195 4795 2257 4846 ἑτι

910 4797 1062 4850 otheo
1089 4793 1221 4849 ﬁlio.
1251 4794 1458 4865 Καιρός
1490 4811 1581 4864 μοι
1612 4793 2057 4865 μονοπροσώπως
2081 4810 2163 4846 σοι
2195 4795 2530 4849 ἐπιστεῖλαι.

639 4883 766 4940 525.
801 4885 1034 4943 Basiano
1062 4887 1196 4944 ﬁlio.
1228 4887 1434 4959 Καιρὸς
1457 4903 1548 4958 μοι
1576 4885 1895 4958 μονομερῶς
1923 4902 2008 4940 σοι
2034 4885 2360 4941 ἐπιστεῖλαι.

639 4978 763 5036 326.
797 4980 1068 5038 Thaddaeo
1093 4983 1204 5038 ﬁlio
1221 4993 1277 5040 et
1295 4981 1619 5040 confessori.
1645 4976 1723 5035 Ὦ
1740 4981 1968 5036 Θαδδαίε
2001 4965 2259 5052 πραὲιῶτ

1344 4981 1619 5039 1111888οΓ1.
1645 4976 1723 5035 '0
1740 4981 1968 5036 Θαδδαίε
2001 4965 2312 5052 στρατιῶτα
2339 4978 2598 5054 Χριστοῦ.
2639 4977 2830 5036 Mutila
2858 4987 2964 5038 est.

640 5073 764 5128 327.
793 5074 979 5129 Lemio
1015 5074 1148 5131 ﬁlio.
1174 5077 1250 5130 Οὐ
1277 5076 1366 5130 διά
1402 5077 1622 5147 μακρᾶς
1647 5076 1900 5147 περιόδου
1927 5093 2016 5145 μοι
2046 5077 2076 5130 6
2106 5075 2290 5145 λόγος.

640 5162 766 5217 528.
802 5161 1114 5219 Bessarioni
1141 5163 1276 5220 ﬁlio.
1315 5164 1474 5236 Χαρά
1495 5181 1587 5234 μοι
1621 5165 1714 5218 ἐπὶ
1744 5166 1847 5226 cal,
1870 5164 2064 5218 τέκνον
2089 5181 2212 5235 μου.

636 5257 764 5316 529.
800 5256 924 5310 Tito
961 5263 1016 5310 et
1036 5255 1252 5310 Philoni
1282 5255 1430 5310 ﬁliis.
1471 5255 1909 5327 Ἐπισκέπτομαι
1932 5257 2098 5328 ὑμᾶς.

577 5397 580 5400 .
607 5385 614 5388 -
637 5350 764 5408 550.
797 5348 1006 5422 Ignatio
1035 5347 1169 5404 ﬁlio.
1203 5349 1318 5403 Kal
1339 5349 1440 5402 οὐκ
1475 5349 1768 5422 ἠδυνήθην.

599 5443 764 5499 .-ο551.
789 5443 998 5498 Eidem.
1019 5437 1092 5495 Ὦ
1116 5441 1250 5496 καλέ
1278 5457 1380 5510 μου
1407 5441 1661 5510 Ἰγνάτιε.

635 5538 762 5593 552.
801 5535 1090 5593 Naucratio
1114 5535 1246 5591 ﬁlio.
1281 5535 1667 5606 Πεπονημένος
1693 5536 2060 5592 ἀπεσκόπουν.

633 5631 762 5686 555.
793 5627 1005 5686 Eidem.
1033 5630 1102 5682 At
1134 5628 1484 5700 περιστάσεις
1511 5629 1612 5693 τὰς
1635 5629 1736 5700 τῆς
1764 5629 1944 5702 ψυχῆς
1978 5629 2308 5696 ὑποστάσεις
2339 5629 2591 5698 αὔξουσι.

637 5724 761 5780 534.
785 5723 992 5780 Eidem.
1025 5724 1194 5778 Ὅσον
1216 5721 1501 5794 ὴθύμησεν
1532 5725 1701 5795 ἡμᾶς.
