4102 6374
257 349 392 415 1673
1497 357 1883 421 ΕΡῙΞΤΟΜΕ
1922 355 2280 424 ΙΝΕῘΠΤΙἘ.

324 463 447 518 555.
485 461 694 521 Eidem.
722 465 834 518 Καὶ
862 467 1077 536 ἀκήκοα
1107 469 1177 523 τά
1201 467 1470 537 γεγονότα
1495 472 1590 524 καὶ
1611 470 1959 542 τεθαύμακα.

325 557 449 611 556.
480 557 689 614 Eidem.
723 563 840 632 Μιᾷ
865 564 1060 634 καιροῦ
1095 566 1263 636 ῥοπῇ.

324 655 450 710 557.
481 656 691 714 Eidem.
723 661 838 730 Τὴν
868 661 1097 731 πρώτην
1125 659 1390 732 περιοχὴν
1420 660 1526 730 τῆς
1547 661 1844 733 ἐπιστολῆς
1873 681 1990 721 σου.

325 753 451 807 558.
480 750 677 808 Joanni
706 757 978 812 monacho
1006 755 1267 814 Orientis.
1296 757 1516 828 Ἐπειδὴ
1547 758 1644 810 καὶ
1669 753 1828 822 αὖθις
1859 759 1945 813 ἐπε

587 755 677 808 nni
706 757 978 812 monacho
1006 755 1267 814 Orientis.
1296 757 1516 828 Ἐπειδὴ
1547 758 1644 810 καὶ
1669 753 1828 822 αὖθις
1859 759 2207 825 ἐπέστειλας.

326 847 454 902 559.
490 847 693 904 Νἱοθιω
715 848 1038 906 Maudatori.
1067 852 1335 920 Διαγνοὺς
1355 851 1458 922 τὴν
1487 849 1630 922 μετὰ
1660 851 1772 907 τῶν
1793 852 2064 925 ἀδελφῶν.

325 941 452 996 540.
489 943 900 1011 Logothetissae.
945 931 1004 999 Ὀ
1029 945 1224 1017 καιρὸς
1255 947 1516 1017 χαλεπός.

328 1034 454 1088 3H.
487 1033 802 1093 Canonicis.
829 1038 949 1092 Ὅτι
969 1039 1070 1093 οὐκ
1102 1039 1492 1112 ἐπιλέλησμαι.

327 1129 452 1184 542.
483 1131 812 1202 Praepositae.
839 1131 1121 1206 Γνὼριμος
1145 1135 1277 1206 ἡμῖν
1305 1136 1512 1209 ἐστινὴ
1544 1141 1958 1212 σεμνοπρέπειά
1983 1159 2101 1200 σου.

325 1224 451 1279 545.
484 1224 807 1296 Hypatissze.
838 1225 1144 1298 Χρεὼστην
1174 1227 1417 1298 ἐμαυτὸν
1451 1228 1840 1302 λογισάμενος.

327 1319 452 1374 3M.
495 1318 687 1390 Sergio
714 1318 926 1391 l'lypato
955 1327 1010 1375 et
1033 1319 1222 1376 fratris
1253 1320 1384 1377 ﬁlio.
1416 1323 1777 1391 Ἑπέστειλάς
1813 1344 1931 1398 μοι.

328 1413 451 1468 545.
476 1411 766 1468 Naucratio
797 1412 930 1467 ﬁlio.
958 1413 1032 1466 Τὸ
1063 1412 1356 1467 σπουδαῖόν
1387 1431 1504 1482 σου,
1537 1417 1730 1472 τέκνον
1763 1437 1893 1490 μου.

329 1504 454 1558 546.
478 1503 690 1560 Eidem.
726 1505 863 1574 Ἤδη
897 1503 1295 1577 ἀπεσώθημεν,
1324 1505 1518 1560 τέκνον
1553 1525 1686 1578 μου.

331 1598 456 1653 547.
497 1597 830 1667 Praepositae.
854 1597 1088 1652 Ἐπιδὼν
1116 1599 1218 1670 τὴν
1249 1599 1480 1669 δύναμιν
1503 1587 1614 1656 τῶν
1639 1603 1840 1674 τιμίων
1873 1619 1951 1657 σοι

763 1612 830 1654 ω.
854 1597 1088 1652 Ἐπιδὼν
1116 1599 1218 1670 τὴν
1249 1599 1480 1669 δύναμιν
1503 1587 1614 1656 τῶν
1639 1603 1840 1674 τιμίων
1873 1619 1972 1657 σου
2002 1603 2383 1675 γραμμάτων.

329 1695 453 1748 548.
486 1693 775 1750 Theodoro
807 1694 1120 1765 Spathario.
1143 1695 1258 1768 Τὴν
1277 1697 1572 1766 ἐπιστολὴν
1604 1697 1734 1770 ἀρτι
1757 1699 1879 1771 εἰμὶ
1914 1717 1948 1770 χ

605 1696 775 1750 odoro
807 1694 1120 1765 Spathario.
1143 1695 1258 1768 Τὴν
1277 1697 1572 1766 ἐπιστολὴν
1604 1697 1734 1770 ἄρτι
1757 1699 1879 1771 εἰμὶ
1914 1699 2225 1772 χαράττων.

331 1787 457 1841 549.
483 1785 773 1843 Naucratio
794 1787 925 1843 ﬁlio.
959 1787 1224 1850 Γίνωσκε,
1257 1788 1448 1841 τέκνον
1471 1805 1596 1860 μου.

333 1879 458 1933 550.
491 1878 700 1934 Eidem.
734 1879 879 1934 Ὅσα
912 1879 1259 1946 ἐπέστειλας,
1285 1879 1500 1934 τέκνον.

333 1971 459 2027 35l.
489 1971 695 2027 Eidem.
719 1971 989 2042 Τετράκις
1011 1971 1138 2042 ἄρτι
1163 1972 1396 2043 γράφων
1417 1969 1562 2042 εἰμί.

334 2064 459 2119 552.
488 2064 698 2121 Eidem.
721 2064 1047 2136 Ἐτάχυνας,
1074 2067 1287 2132 τέκνον,
1317 2066 1413 2120 τοῦ
1446 2063 1872 2134 ἐπισκέψασθαι.

333 2162 458 2217 555.
483 2161 672 2217 Letoio
706 2161 839 2218 ﬁlio.
873 2163 975 2215 Διὰ
1000 2163 1108 2216 τῶν
1136 2163 1467 2236 ἀμφοτέρων
1495 2180 1592 2216 σου
1624 2159 1950 2216 ἐπιστολῶν.

334 2250 460 2305 554.
488 2248 698 2304 Eidem.
732 2245 836 2303 Οἷα
863 2251 1040 2322 χαίρω
1078 2253 1108 2305 ὁ
1130 2252 1388 2317 ταπεινὸς
1413 2252 1705 2324 δεχόμενός
1728 2268 1824 2306 σου
1863 2249 2045 2318 λόγον.

333 2342 461 2397 555.
491 2342 662 2398 lreua:
699 2342 964 2411 patriciae.
1004 2343 1116 2397 Καὶ
1139 2345 1448 2415 γράφοντες
1475 2346 1570 2399 καὶ
1606 2343 1682 2416 μὴ
1709 2343 2037 2414 γράφοντες.

335 2437 460 2492 556.
491 2437 688 2493 Joanni
714 2438 974 2508 episcopo
1006 2439 1289 2496 Sardensi.
1318 2440 1481 2494 οὕτω
1508 2458 1599 2512 μοι
1629 2440 1794 2512 μέχρι
1815 2439 1912 2494 τοῦ
1943 2441 1955 2493 l

806 2453 974 2508 scopo
1006 2439 1289 2496 Sardensi.
1318 2440 1481 2494 οὕτω
1508 2458 1599 2512 μοι
1629 2440 1794 2512 μέχρι
1815 2439 1912 2494 τοῦ
1943 2439 2107 2512 δεῦρο
2130 2439 2420 2510 ἧκουσται.

335 2529 463 2584 557.
491 2529 656 2584 Petro
683 2529 897 2584 Nicaeae.
927 2523 1174 2584 Κελεύεί
1197 2548 1264 2602 με
1302 2530 1662 2586 ἐπιστέλλειν.

335 2623 462 2678 358.
497 2623 732 2680 Macario
773 2623 1089 2694 praeposito.
1123 2623 1280 2694 Ἐμοὶ
1309 2627 1457 2696 χαρά
1483 2625 1651 2679 παντὶ
1681 2623 1783 2696 μὲν
1822 2621 1955 2693 άλλη

610 2623 732 2677 :ario
773 2623 1089 2694 praeposito.
1123 2623 1280 2694 Ἐμοὶ
1309 2627 1457 2696 χαρά
1483 2625 1651 2679 παντὶ
1681 2623 1783 2696 μὲν
1822 2621 1969 2693 ἄλλῳ
1995 2623 2230 2695 ὁμιλεῖν.

338 2719 462 2772 559.
489 2716 580 2787 Τῷ
605 2717 748 2788 φίλῳ
773 2720 803 2772 ὁ
832 2718 1007 2787 φίλος.
1037 2719 1248 2790 Καιρός
1281 2737 1372 2790 μοι
1401 2719 1498 2774 τοῦ
1523 2721 1783 2792 γράφειν.

336 2812 461 2868 360.
492 2815 660 2868 lrena:
684 2823 739 2868 et
759 2811 906 2868 Calai
941 2813 1246 2871 sororibus.
1286 2817 1409 2869 Ὅτι
1445 2815 1822 2887 παρεκλήθηή
1852 2831 1952 2886 τιμ

759 2811 906 2868 Galae
941 2813 1246 2871 sororibus.
1286 2817 1409 2869 Ὅτι
1445 2815 1822 2887 παρεκλήθηὴ
1852 2815 2015 2886 τιμία
2045 2813 2200 2886 ὑμῶν
2222 2814 2376 2877 δυάς.

295 2973 301 2978 ,
339 2904 463 2960 561.
495 2903 684 2974 Sergio
720 2902 932 2976 l‘lypato
953 2919 1006 2959 et
1037 2903 1223 2960 fratris
1253 2906 1386 2961 tilio.
1417 2909 1530 2978 Οὐχ
1552 2908 1641 2961 ὅτε
1662 2909 1883 2980 γράφω,

953 2919 1006 2959 et
1037 2903 1223 2960 fratris
1253 2906 1386 2961 tilio.
1417 2909 1530 2978 Οὐχ
1552 2908 1641 2961 ὅτε
1662 2909 1883 2980 γράφω,
1923 2908 2048 2961 τότε
2083 2907 2417 2981 μνημονεύω
2451 2923 2564 2962 σον.

337 2996 463 3050 562.
489 2995 750 3067 Gregorio
771 2995 1006 3053 Clericn.
1038 2999 1236 3068 Χαῖρε,
1259 2999 1573 3069 στρατιῶτα
1598 2999 1859 3069 Χριστοῦ.
1943 3057 1952 3064 ,

337 3088 462 3144 303.
484 3089 736 3144 Anatolio
773 3090 906 3144 ﬁlio.
933 3090 1125 3162 Χαίρω
1170 3091 1364 3154 ὁσάκις
1409 3091 1656 3162 δέξομαι.

339 3179 464 3234 564.
499 3181 756 3252 Symeoui
794 3181 1061 3254 ﬁlio.0t’ix
1085 3184 1174 3237 ὅτε
1204 3182 1426 3254 γράφω,
1462 3179 1791 3255 μνημονεύω
1818 3196 1914 3234 σου
1949 3179 2137 3252 μόνον.

337 3271 462 3326 565.
499 3270 540 3324 Τ
547 3271 802 3342 heophilo
831 3271 962 3326 ﬁlio.
991 3271 1220 3344 Ἀδελφέ
1251 3272 1504 3342 Θεόφιλε.

341 3363 469 3417 566.
499 3361 786 3417 Pasarioni
817 3364 948 3419 ﬁlio.
974 3365 1180 3420 Μαθὼν
1213 3367 1297 3420 ὅτι
1331 3365 1606 3436 ἀπέστης.

344 3454 471 3508 567.
503 3452 800 3509 Laurentio
833 3455 966 3510 ﬁlio.
996 3457 1094 3521 Τίς
1127 3459 1275 3510 ἐστιν
1303 3458 1336 3527 ή
1367 3456 1609 3528 τοσαύτη
1640 3456 1824 3527 χάρις.

341 3543 465 3600 568.
495 3545 800 3598 Athanasio
835 3548 1146 3615 praeposito.
1175 3549 1286 3603 Καὶ
1313 3548 1452 3618 αὕτη
1481 3566 1576 3602 σου
1614 3552 1647 3620 ἡ
1675 3546 1958 3617 ἐπιστολή.

338 3639 465 3692 569.
502 3637 801 3708 Praeposito
829 3639 1082 3710 Panagri.
1117 3641 1183 3694 'H
1211 3641 1400 3712 ἀγάπη
1425 3644 1528 3695 οὐκ
1552 3642 1782 3696 ἀνεκτὸν
1813 3644 2068 3714 πρᾶγμα.

343 3730 469 3785 570.
513 3728 812 3783 Parthenio
840 3731 970 3786 ﬁlio.
1001 3727 1072 3784 Ὦ
1101 3733 1234 3786 κα.λέ
1261 3733 1527 3804 Παρθένιε
1552 3733 1690 3786 Θεοῦ
1717 3735 2052 3806 στρατιῶτα.

344 3821 470 3874 271.
512 3819 803 3888 Hegesimo
835 3823 966 3877 ﬁlio.
998 3819 1166 3893 Εὖγε,
1193 3825 1382 3878 τέκνον
1417 3825 1714 3896 Ἠγήσιμε.

347 3919 474 3974 572.
509 3920 787 3988 Stephano
821 3919 951 3974 lilio.
983 3919 1159 3989 Χάρις
1188 3935 1294 3984 σοι,
1316 3917 1516 3988 ἀδελφέ
1545 3919 1807 3988 Στέφανε.

345 4009 470 4064 575.
499 4008 746 4079 Ephratm
771 4008 902 4064 ﬁlio.
941 4010 1138 4079 Χαῖρε,
1165 4008 1358 4062 τέκνον
1399 4008 1665 4080 Ἐφραίμ.

343 4100 468 4154 574.
501 4099 806 4170 Epiphanio
830 4103 1148 4171 praeposito.
1180 4099 1340 4172 Παρὰ
1363 4099 1424 4154 τὸ
1444 4100 1759 4171 διδαχθῆναί
1786 4115 1854 4170 με
1879 4098 1963 4169 με(

1119 4120 1148 4154 ι.
1180 4099 1340 4172 Παρὰ
1363 4099 1424 4154 τὸ
1444 4100 1759 4171 διδαχθῆναί
1786 4115 1854 4170 με
1879 4094 2273 4170 μεθορισθῆναί
2291 4112 2387 4148 σου
2403 4093 2739 4166 ἁγιωσύνην.

346 4195 474 4250 575.
511 4194 808 4249 Naucratio
835 4197 966 4251 tilio.
1000 4197 1064 4250 Οἱ
1094 4195 1643 4267 προμεμελετηκότες
1677 4193 1903 4248 ἀκούειν
1924 4211 1966 4246 τε

689 4197 808 4249 atio
835 4197 966 4251 tilio.
1000 4197 1064 4250 Οἱ
1094 4195 1643 4267 προμεμελετηκότες
1677 4193 1903 4248 ἀκούειν
1924 4193 1994 4247 τά
2031 4189 2309 4246 θλιπτικά.

348 4288 475 4342 576.
517 4287 748 4342 Tithon
775 4287 910 4342 ﬁlio.
939 4288 1130 4360 Μικρά
1148 4289 1182 4358 ή
1205 4288 1464 4357 ἐπιστολή
1495 4304 1615 4354 σου,
1637 4287 1854 4343 τέκνον.

348 4377 473 4432 577.
516 4377 725 4432 Eidem.
763 4377 838 4429 Οὐ
865 4377 1061 4431 πολλοῦ
1093 4396 1183 4449 μοι
1207 4378 1369 4446 λόγου
1388 4377 1569 4447 χρεία.

346 4471 471 4528 578.
499 4473 807 4528 Domitiano
839 4473 974 4529 ﬁlio.
1012 4472 1222 4535 Εῖωθας
1247 4471 1503 4535 πάντοτε,
1535 4467 1726 4523 τέκνον
1776 4483 1896 4536 μου.

345 4565 470 4619 579.
505 4565 795 4637 Euthymio
821 4578 876 4622 et
911 4563 1135 4633 reliquis
1163 4563 1444 4618 fratribus.
1464 4561 1560 4626 Τίς
1590 4563 1622 4632 ἡ
1649 4558 1786 4630 ἀκοὴ
1815 4560 1849 4628 ἡ
1879 4556 1949 4610 τὰ

1649 4558 1786 4630 ἀκοὴ
1815 4560 1849 4628 ἡ
1879 4556 1949 4610 τά
1977 4572 2091 4607 ωτα
2115 4553 2215 4624 τῆς
2249 4553 2390 4625 ἐμῆς
2436 4551 2825 4616 ταπεινώσεως
2858 4550 3266 4621 mpm-mum,

347 4656 473 4712 380.
502 4658 782 4714 Gcnnadio
817 4658 950 4712 filio.
979 4655 1158 4727 Βραδὺ
1195 4655 1317 4725 μὲν,
1340 4655 1490 4724 ὅμως
1520 4652 1788 4721 ἐδεξάμην
1814 4666 1907 4701 σου
1935 4666 1967 4716 γ

575 4659 782 4714 τηηιιᾱίο
817 4658 950 4712 filio.
979 4655 1158 4727 Βραδὺ
1195 4655 1317 4725 μὲν,
1340 4655 1490 4724 ὅμως
1520 4652 1788 4721 ἐδεξάμην
1814 4666 1907 4701 σου
1935 4648 2195 4719 γράμμα.

347 4751 472 4805 581.
505 4750 776 4807 Thaddaeo
807 4752 918 4806 ﬁlio
951 4760 1008 4806 et
1035 4749 1358 4806 confessori.
1393 4749 1459 4801 Τί
1495 4748 1634 4800 καλὰ
1655 4745 1722 4798 τὰ
1751 4745 1967 4815 γράμμα

594 4753 776 4807 addaao
807 4752 918 4806 ﬁlio
951 4760 1008 4806 et
1035 4749 1358 4806 confessori.
1393 4749 1459 4801 Τί
1495 4748 1634 4800 καλὰ
1655 4745 1722 4798 τὰ
1751 4743 2062 4815 γράμματά
2093 4759 2214 4795 σου.

359 4843 484 4897 582.
509 4844 717 4913 lgnatlo
744 4845 875 4900 ﬁlio.
901 4844 1180 4913 Ἐπέγνων
1213 4860 1271 4896 σε
1292 4841 1498 4896 καὶνῦν
1531 4841 1620 4894 διὰ
1641 4839 1749 4892 τῶν
1773 4855 1979 4910 γραμμῖ

671 4844 717 4899 io
744 4845 875 4900 ﬁlio.
901 4844 1180 4913 Ἐπέγνων
1213 4860 1271 4896 σε
1292 4841 1498 4896 καὶνῦν
1531 4841 1620 4894 διὰ
1641 4839 1749 4892 τῶν
1773 4838 2145 4910 γραμμάτων.
2283 4847 2291 4854 ‘

352 4939 477 4992 383.
510 4937 700 5006 Sergio
731 4940 965 4996 notario.
993 4939 1238 4993 Ἀκούων
1268 4939 1350 4992 ὅτι
1381 4936 1639 5006 φυλάττει
1686 4934 1910 5003 ἑαυτήν.

351 5029 475 5081 584.
508 5028 774 5098 Clydonio
806 5029 940 5084 ﬁlio.
963 5028 1290 5097 Ἐναγώνιος
1319 5031 1385 5099 τῇ
1410 5026 1521 5080 τῶν
1554 5025 1800 5095 ἀδελφῶν
1834 5042 1928 5078 σου
1958 5042 1971 5080 ι

885 5045 940 5084 ο.
963 5028 1290 5097 Ἐναγώνιος
1319 5031 1385 5099 τῇ
1410 5026 1521 5080 τῶν
1554 5025 1800 5095 ἀδελφῶν
1834 5042 1928 5078 σου
1958 5026 2186 5100 ἀθλήσει
2239 5025 2498 5096 γέγονας.

364 5119 489 5173 3.85.
523 5118 798 5174 Dorotlteo
831 5121 964 5175 ﬁlio.
997 5122 1188 5192 Χαίρω
1209 5123 1304 5175 καὶ
1330 5119 1618 5191 συγχαίρω
1649 5135 1753 5173 σοι.

351 5213 476 5266 586.
510 5211 716 5267 Jacobo
739 5213 854 5268 ﬁlio
871 5208 1052 5281 Εὖγε,
1087 5214 1317 5267 Ἰάκωϐε
1339 5215 1530 5267 τέκνον
1555 5212 1710 5283 ἐμόν.

350 5307 474 5363 587.
509 5307 792 5363 Theodulo
825 5308 956 5363 ﬁlio.
985 5308 1084 5362 Ἰδέ
1116 5308 1221 5361 ποῦ
1257 5307 1547 5379 περιῆλθες
1571 5306 1735 5360 τόπον
1759 5306 1824 5358 ἐκ
1857 5303 1970 5356 τόπε

852 5309 956 5363 ilio.
985 5308 1084 5362 Ἰδέ
1116 5308 1221 5361 ποῦ
1257 5307 1547 5379 περιῆλθες
1571 5306 1735 5360 τόπον
1759 5306 1824 5358 ἐκ
1857 5303 2022 5356 τόπου
2052 5301 2472 5374 μετερχόμενος.

353 5405 472 5457 588.
501 5402 758 5475 Gregorae
781 5405 944 5460 laico.
980 5405 1270 5476 Ἄνθρωπε
1309 5404 1403 5458 τοῦ
1435 5402 1596 5468 Θεοῦ,
1624 5403 1864 5472 σήμερον
1894 5399 1924 5452 ὁ
1952 5397 2182 5470 Κύριος.

352 5500 478 5554 589.
515 5501 684 5553 Anna:
711 5499 954 5567 patricia:
977 5507 1031 5554 et
1051 5499 1293 5553 mouiali.
1320 5499 1512 5570 Λύπης
1540 5499 1607 5551 τά
1637 5499 1944 5569 γράμματα
1967 5517 1972 5530 ·

977 5507 1031 5554 et
1051 5499 1293 5553 mouiali.
1320 5499 1512 5570 Λύπης
1540 5499 1607 5551 τά
1637 5499 1944 5569 γράμματα
1967 5496 2067 5566 τῆς
2119 5494 2429 5566 ἁγιωσύνης
2467 5513 2581 5550 σου.

347 5592 477 5647 390.
513 5591 848 5660 Spatharean.
878 5592 936 5645 Ὀ
969 5589 1118 5655 οἶκός
1149 5608 1267 5655 σου,
1299 5588 1451 5655 οἶκος
1474 5591 1778 5653 εὐσεϐείας.

349 5683 476 5739 39f.
509 5684 813 5740 Athanasio
835 5683 968 5739 ﬁlio.
1023 5683 1224 5746 Ἡδέως
1260 5683 1532 5754 ἐδεξάμην
1571 5699 1666 5735 σου
1697 5683 1793 5738 καὶ
1820 5681 1916 5736 νῦν
1942 5684 1966 5736 ἐ

631 5685 813 5740 suasio
835 5683 968 5739 ﬁlio.
1023 5683 1224 5746 Ἡδέως
1260 5683 1532 5754 ἐδεξάμην
1571 5699 1666 5735 σου
1697 5683 1793 5738 καὶ
1820 5681 1916 5736 νῦν
1942 5681 2251 5753 ἐπιστολήν.

358 5776 481 5834 592.
512 5777 749 5848 Josopho
782 5775 939 5832 fratri
961 5786 1016 5833 et
1046 5777 1484 5848 archiepiscopo.
1514 5776 1868 5848 Παραμύθιον
1896 5778 1962 5850 τῇ

937 5786 1016 5833 ιρι
1046 5777 1484 5848 archiepiscopo.
1514 5776 1868 5848 Παραμύθιον
1896 5778 1962 5850 τῇ
2004 5779 2236 5850 ταπεινῇ
2266 5793 2366 5848 μου
2389 5777 2557 5850 ψυχῇ.

657 5873 926 5936 ΡΑτιιοι..
971 5873 1088 5935 Gn.
1138 5873 1354 5934 XCIX.

3108 5865 3185 5926 ta

3407 323 3543 396 1674.
