4102 6374
550 357 693 425 14375
1747 356 1809 416 S.
1843 355 2242 416 THEODORI
2285 359 2633 421 STUDITAE

624 480 751 533 595.
790 475 1118 534 Eucliaristo
1154 475 1286 532 ﬁlio.
1315 473 1539 545 Ἐπειδὴ
1574 473 1944 543 ὲπεζήτησας.

626 571 752 625 594.
787 568 983 624 Joanni
1010 570 1334 640 prmposito.
1359 565 1468 619 Kal
1498 563 1663 617 πάλιν
1695 562 1999 616 ἐπιστέλλω
2024 563 2093 634 τῇ
2126 562 2246 631 άγιιι

940 570 983 623 ni
1010 570 1334 640 prmposito.
1359 565 1468 619 Kal
1498 563 1663 617 πάλιν
1695 562 1999 616 ἐπιστέλλω
2024 563 2093 634 τῇ
2126 561 2412 634 ἁγιωσύνῃ
2445 577 2560 614 σου.

623 660 751 717 505.
784 660 1078 716 Timotheo
1109 661 1272 714 ﬁlio.‘
1292 659 1380 720 Ὠς
1407 655 1549 725 καλὴ
1575 657 1608 726 ἡ
1642 653 1907 724 ἐπιστολή
1942 671 2060 708 σου.

623 754 751 810 596.
783 753 1020 808 Basiano
1045 752 1182 806 ﬁlio.
1220 749 1464 822 Ἐμαοον
1494 741 1581 801 οἷα
1609 747 1806 817 συνέϐη
1837 746 2062 800 ἐπὶτῶν
2086 745 2354 816 ἀδελφῶν.

623 845 752 901 597.
784 845 1007 900 Duabus
1027 843 1318 900 sororibus
1355 843 1525 896 lrena:
1542 850 1600 896 et
1620 839 1784 896 Galae.
1815 839 2003 893 Πονῶν
2027 841 2144 910 εἰμι
2172 857 2240 894 πε

1393 856 1525 896 'ena:
1542 850 1600 896 et
1620 839 1784 896 Galae.
1815 839 2003 893 Πονῶν
2027 841 2144 910 εἰμι
2172 842 2302 911 περὶ
2329 843 2432 912 τῆς
2488 846 2804 916 τιμιότητος
2835 847 3013 920 ὑμῶν.

627 936 752 990 598.
789 936 1030 990 Antonio
1065 936 1376 1006 pl'aBposito.
1414 933 1526 986 Kal.
1549 931 1713 987 πάλιν
1744 931 2065 986 ἐπιστέλλω.

627 1029 752 1084 509.
785 1029 1023 1084 Arcadio
1055 1027 1351 1083 monacho.
1391 1024 1697 1080 Ἤκουσταε
1732 1043 1846 1096 μοι,
1874 1025 1992 1089 πῶς
2027 1028 2231 1097 ἄριστα
2255 1027 2459 1084 διέοου.

626 1118 755 1172 400.
781 1115 1008 1172 Comiti.
1034 1113 1280 1168 Ἀκούων
1315 1112 1523 1181 ἀκούω,
1547 1113 1803 1184 ἄνθρωπε
1825 1111 1920 1166 τοῦ
1945 1113 2106 1170 Θεοῦ.

623 1213 751 1266 401.
783 1210 1080 1266 Naucratio
1111 1208 1242 1264 ﬁlio.
1288 1207 1606 1280 Ἀδολεσχίᾳ
1638 1207 1989 1278 ἡδολέσχουν.

621 1303 750 1358 402.
783 1303 948 1359 Petro
972 1302 1106 1357 ﬁlio.
1139 1301 1215 1354 Τὸ
1249 1299 1350 1372 μὲν
1375 1300 1686 1354 ἐπιστεῖλαι
1721 1299 1928 1364 καλῶς.

619 1401 752 1455 405.
796 1398 1068 1455 Patricia.
1113 1395 1281 1451 Οὔπω
1309 1395 1438 1449 οὔτε
1467 1397 1526 1450 ὲν
1556 1395 1700 1467 ὕψει,
1735 1397 1811 1461 ὼς
1837 1392 2014 1468 οῐμαι,
2054 1391 2244 1469 ἦλθον.

623 1494 754 1549 404.
782 1493 1036 1549 Patricia:
1067 1493 1210 1547 alim.
1246 1491 1330 1545 Τὰ
1349 1488 1447 1543 νῦν
1472 1487 1780 1542 ἐπιστεῖλαι
1805 1491 1872 1562 τῇ
1909 1492 2017 1562 ἐμῇ
2055 1491 2243 1563 κυρίᾳ.

623 1582 750 1636 405.
784 1581 1052 1637 Hilarioni
1078 1581 1212 1636 ﬁlio.
1245 1580 1442 1650 Χαῖρε,
1472 1575 1665 1630 τέκνον
1707 1575 1854 1631 assa
1896 1576 2162 1651 Ἱλαρίων.

617 1672 749 1729 406.
775 1673 902 1728 Nilo
937 1671 1071 1728 ﬁlio.
1098 1667 1502 1742 Προσαγορεύω
1525 1684 1606 1733 σε,
1639 1660 1686 1720 ὧ
1716 1661 1929 1723 τέκνον.

623 1765 751 1822 407.
789 1764 1198 1836 Anepigrapha.
1227 1760 1503 1817 Μανθάνω
1537 1777 1620 1824 σε,
1654 1754 1698 1813 ὦ
1730 1760 2121 1832 μακαριώτατὲ
2155 1778 2243 1832 μοι

881 1764 1198 1836 epigrapha.
1227 1760 1503 1817 Μανθάνω
1537 1777 1620 1824 σε,
1654 1754 1698 1813 ὦ
1730 1760 2121 1832 μακαριώτατὲ
2155 1778 2259 1832 μου
2300 1761 2501 1836 Πάτερ.

623 1857 749 1912 408.
779 1855 951 1913 [reme
983 1868 1038 1913 et
1068 1858 1212 1913 Galae
1244 1855 1553 1912 sororibus.
1583 1854 1648 1906 Ὢ
1673 1854 1772 1924 τῆς
1796 1855 2105 1926 συμφορᾶς.

622 1951 750 2007 409.
776 1949 1018 2006 Eusebio
1053 1951 1184 2005 lilio.
1215 1950 1518 2020 Ἐδεξάμην
1542 1965 1640 2001 σου
1667 1946 1730 2000 τὸ
1751 1948 2013 2019 γράμμα.

626 2040 754 2094 410.
789 2038 1090 2111 Euthymio
1125 2039 1258 2094 ﬁlio.
1291 2039 1386 2091 Ἐν
1409 2039 1518 2090 τῶν
1547 2035 1898 2107 γραμμάτων
1931 2054 2024 2091 σου
2050 2036 2321 2105 ἐπέγνων.

623 2132 753 2185 411.
783 2129 1109 2199 Theophani
1150 2129 1448 2201 praeposito
1502 2128 1600 2181 τοῦ
1625 2129 1856 2198 Ἂγρου.
1891 2127 2022 2198 Ὀψὲ
2047 2129 2140 2183 τοῦ
2165 2147 2243 2183 καπ

1679 2144 1856 2198 ιγρου.
1891 2127 2022 2198 Ὀψὲ
2047 2129 2140 2183 τοῦ
2165 2128 2382 2201 καιροῦ,
2405 2130 2556 2202 ὅμως
2590 2131 2795 2202 ἔμαθον
2817 2133 3187 2209 συλληφθῆναε
3219 2156 3299 2192 σε.

625 2225 751 2279 412.
779 2221 1005 2276 Callisto
1042 2221 1173 2276 ﬁlio.
1199 2222 1314 2275 Οὐκ
1349 2220 1714 2291 ἐπιλέλησμαι
1739 2236 1858 2272 σου.

627 2317 754 2371 415.
790 2315 997 2371 Cassia!
1021 2313 1444 2368 Candiilalissm.
1479 2312 1662 2381 ’Λπερ
1692 2307 2024 2372 ἀπέστειλάς
2047 2325 2160 2379 μοι,
2185 2309 2247 2363 διι

1220 2314 1444 2367 lalissaa.
1479 2312 1662 2381 ’Λπερ
1692 2307 2024 2372 ἀπέστειλάς
2047 2325 2160 2379 μοι,
2185 2309 2273 2364 διὰ
2305 2310 2516 2382 Κύριον
2547 2312 2836 2386 ἐδεξάμην.

627 2407 755 2462 414.
787 2405 1006 2462 Meletio
1038 2404 1170 2459 ﬁlio.
1203 2405 1314 2457 Kal.
1347 2403 1456 2456 ἀπὸ
1476 2404 1588 2457 τῶν
1617 2402 1967 2475 γραμμάτων
1991 2401 2088 2455 τοῦ
2118 2402 2244 2456 ἀδελ

1038 2404 1170 2459 ﬁlio.
1203 2405 1314 2457 Kal.
1347 2403 1456 2456 ἀπὸ
1476 2404 1588 2457 τῶν
1617 2402 1967 2475 γραμμάτων
1991 2401 2088 2455 τοῦ
2118 2402 2350 2473 ἀδελφοῦ
2371 2406 2643 2462 Ἰωάννου.

630 2499 756 2554 415.
786 2497 983 2554 Joanni
1017 2496 1148 2551 ﬁlio.
1176 2496 1285 2548 Kal.
1309 2493 1407 2550 νῦν
1435 2493 1471 2549 ἃ
1496 2495 1802 2567 γέγραφας,
1838 2495 2106 2563 ἐπέγνων.
2385 2503 2394 2512 ·

629 2592 758 2646 416.
797 2591 1038 2660 .losepho
1063 2588 1220 2643 fratri
1249 2598 1303 2642 et
1328 2589 1764 2658 archiepiscopo.
1786 2587 1950 2656 Ἐμοὶ
1980 2589 2041 2640 τὸ
2071 2589 2249 2642 ὲπιστε

1352 2589 1764 2658 ιτοιιῖορὶεοορο.
1786 2587 1950 2656 Ἐμοὶ
1980 2589 2041 2640 τὸ
2071 2588 2414 2644 ἐπιστέλλειν
2444 2594 2510 2664 τῇ
2539 2593 2819 2665 ἁγιωσύνῃ
2858 2615 2972 2651 σου.

627 2685 755 2739 417.
789 2681 1088 2737 Naucratio
1113 2681 1242 2735 ﬁlio.
1273 2680 1370 2745 Τίς
1403 2681 1432 2735 ὁ
1465 2681 1595 2751 ἐμὸς
1629 2680 1743 2752 βίος
1765 2682 1861 2734 καὶ
1889 2679 2070 2748 λόγος.

1150 2681 1242 2735 lio.
1273 2680 1370 2745 Τίς
1403 2681 1432 2735 ὁ
1465 2681 1595 2751 ἐμὸς
1629 2680 1743 2752 βίος
1765 2682 1861 2734 καὶ
1889 2679 2070 2748 λόγος.
2767 2665 2769 2668 ﬁ

631 2775 760 2832 418.
793 2775 1006 2847 lgnatio
1036 2774 1171 2830 ﬁlio.
1202 2774 1339 2826 Ἀπὸ
1358 2774 1466 2826 τῶν
1501 2773 1848 2843 γραμμάτων
1874 2791 1968 2828 σου
1998 2775 2220 2847 θεωρῶν
2253 2776 2388 2847 εἰμι.

629 2869 756 2924 419.
787 2869 971 2924 Mariae
1000 2867 1284 2939 Augusta.
1315 2867 1428 2921 Νῦν
1456 2868 1704 2935 δοξάζειν
1732 2869 1850 2923 ἐστι
1872 2870 1962 2924 τὸν
1982 2870 2137 2925 Θεόν.

628 2963 756 3017 420.
789 2961 1126 3032 Spatharcac.
1161 2961 1261 3014 Ἐκ
1290 2959 1504 3013 πολλῶν
1529 2960 1898 3032 προακηκοὼς
1918 2962 2019 3033 τῆς
2052 2963 2196 3016 κατά
2217 2962 2350 3016 Θεόν
2382 2980 2479 3016 σου
2505 2963 2805 3028 πολιτείας.

633 3053 762 3107 421.
790 3051 1112 3124 llypatissm.
1141 3051 1416 3120 Ἀνέγνων
1437 3050 1538 3122 τὴν
1571 3051 1862 3123 ἐπιστολὴν
1893 3053 1995 3119 τῆς
2020 3054 2253 3125 τιμιότηί

865 3055 1112 3122 ’ρςιιὶεεω.
1141 3051 1416 3120 ’Λνέγνων
1437 3050 1538 3122 τὴν
1571 3051 1862 3123 ἐπιστολὴν
1893 3053 1995 3119 τῆς
2020 3054 2335 3125 τιμιότητος
2366 3071 2485 3109 σου.

628 3147 756 3201 422.
786 3146 1027 3200 Macario
1055 3146 1369 3215 prmposito.
1400 3145 1512 3202 Καὶ
1535 3144 1644 3216 πρὸ
1671 3145 2064 3214 ἀναγνώσεως.
2407 3189 2412 3195 .

630 3238 757 3294 425.
782 3238 1086 3292 Athanasio
1112 3235 1882 3308 ριςυροδίιοὰἈδολεσχοῦντά
1909 3255 1977 3309 με
2008 3238 2111 3308 ἤδη
2158 3237 2354 3291 πολλοῦ
2387 3239 2604 3309 χρόνου.

632 3331 761 3386 424.
799 3329 1051 3398 Philippo
1085 3329 1374 3388 monacho.
1403 3331 1488 3387 Τά
1513 3329 1907 3406 συμῧεόηκότα
1943 3347 2048 3384 σοι.

630 3422 757 3476 425.
791 3422 1155 3476 (Σοιιειοιιιίηο
1187 3424 1454 3479 curalori.
1482 3423 1654 3492 Ἀκοὴ
1676 3422 1859 3494 ἀγαθὴ
1882 3423 1984 3494 τῆς
2007 3421 2326 3493 τιμιότητός
2356 3441 2472 3500 σου.

631 3514 758 3570 426.
790 3513 946 3568 Sisoé
970 3516 1258 3584 episcopo.
1286 3517 1497 3586 ᾚνεσα
1521 3515 1622 3569 τὸν
1645 3515 1776 3569 Θεὸν
1803 3516 1960 3586 ήμῶν
1990 3516 2080 3570 τὸν
2108 3516 2338 3585 ἀγαθόν.

631 3609 759 3665 427.
798 3609 1108 3665 Bessarioni
1145 3609 1275 3662 ﬁlio.
1325 3608 1526 3670 Ἡδέως
1547 3609 1790 3678 ἀνέγνων
1819 3627 1912 3664 σου
1939 3610 2040 3682 τὴν
2065 3612 2385 3683 ἐπιστολήν.

630 3703 760 3758 498.
792 3701 1026 3774 Hypatio
1052 3701 1183 3755 ﬁlio.
1205 3701 1478 3771 Ἠρέσθην
1516 3702 1576 3754 ὲν
1601 3703 1715 3764 τοῖς
1749 3701 2049 3774 γράμμασί
2077 3721 2194 3758 σου.

630 3795 757 3852 429.
793 3796 1062 3851 Bassiano
1097 3797 1234 3849 ﬁlio.
1261 3795 1708 3867 Ἐπισκέπτομαε
1737 3813 1796 3850 σε
1830 3798 1928 3851 καὶ
1955 3798 2117 3862 αὖθις
2143 3799 2232 3853 διὰ

1127 3797 1234 3849 ilio.
1261 3795 1708 3867 Ἐπισκέπτομαε
1737 3813 1796 3850 σε
1830 3798 1928 3851 καὶ
1955 3798 2117 3862 αὖθις
2143 3799 2232 3853 διὰ
2260 3799 2355 3852 τοῦ
2397 3801 2747 3872 γράμματος.

629 3889 756 3945 450.
787 3889 990 3944 Evodio
1017 3899 1069 3942 et
1090 3887 1287 3942 Joanni
1323 3889 1470 3943 ﬁliis.
1503 3889 1615 3942 Kal.
1639 3887 1734 3942 νῦν
1762 3889 2052 3960 δεξάμενος
2079 3893 2178 3962 τὴν
2221 3897 2246 3946 ὲ

913 3889 990 3943 lio
1017 3899 1069 3942 et
1090 3887 1287 3942 Joanni
1323 3889 1470 3943 ﬁliis.
1503 3889 1615 3942 Kal.
1639 3887 1734 3942 νῦν
1762 3889 2052 3960 δεξάμενος
2079 3893 2178 3962 τὴν
2221 3896 2533 3968 ἐπιστολήν.

629 3983 751 4037 451.
781 3981 1057 4036 Dorotheo
1083 3982 1216 4036 ﬁlio.
1249 3981 1361 4034 Kal.
1384 3982 1548 4036 πάλιν
1577 3983 1839 4053 κατάρχω
1861 3984 1953 4037 τοῦ
1984 3987 2218 4055 γράφειν
2253 4006 2355 4044 σοι.

628 4071 753 4126 452.
790 4071 963 4126 Alteri
990 4070 1264 4125 Dorotheo
1295 4071 1428 4126 ﬁlio.
1452 4070 1602 4124 Καλὲ
1629 4072 1898 4141 Δωρόθεε,
1925 4075 2106 4142 χαῖρε.

629 4164 758 4218 455.
787 4162 912 4218 Tito
936 4175 991 4217 et
1019 4162 1235 4217 Philoni
1269 4163 1418 4217 ﬁliis.
1437 4158 1508 4216 Ὦ
1537 4164 1668 4217 καλὲ
1692 4164 1840 4229 Τίτε,
1864 4164 1960 4218 καὶ
1987 4159 2032 4218 ὦ
2061 4165 2189 4219 καλέ
2227 4184 2249 4235 ρ

937 4175 991 4217 et
1019 4162 1235 4217 Philoni
1269 4163 1418 4217 ﬁliis.
1437 4158 1508 4216 Ὦ
1537 4164 1668 4217 καλὲ
1692 4164 1840 4229 Τίτε,
1864 4164 1960 4218 καὶ
1987 4159 2032 4218 ὦ
2061 4165 2189 4219 καλέ
2227 4184 2327 4235 μου
2363 4167 2557 4223 Φίλων.

632 4254 758 4310 454.
790 4252 1020 4310 Nicolao
1056 4253 1317 4323 mancipi.
1347 4253 1473 4317 Πῶς
1498 4253 1602 4307 οἴει
1629 4253 1882 4324 δέχεσθαί
1919 4273 1987 4328 με
2011 4257 2112 4320 τὰς
2145 4258 2252 4310 ἀπο

987 4267 1020 4308 0
1056 4253 1317 4323 mancipi.
1347 4253 1473 4317 Πῶς
1498 4253 1602 4307 οἴει
1629 4253 1882 4324 δέχεσθαί
1919 4273 1987 4328 με
2011 4257 2112 4320 τὰς
2145 4258 2456 4323 ἀποστολὰς
2488 4275 2605 4313 σου.

629 4352 758 4405 455.
788 4349 1000 4405 Isidoro
1030 4350 1195 4404 laico.
1229 4350 1339 4403 Kal.
1361 4349 1524 4403 πάλιν
1550 4350 1756 4412 κόπους
1791 4368 1876 4406 σοι
1911 4353 2211 4424 παρέσχον.

629 4445 756 4500 450.
787 4444 1122 4514 Prmpositm.
1152 4443 1486 4513 Ἀπήγγειλέ
1520 4461 1610 4514 μοι
1639 4445 1668 4498 ὁ
1691 4444 1944 4513 ἁδελφός.

629 4537 757 4592 457.
790 4536 987 4590 Joanni
1018 4536 1588 4590 Chalcmlonensi.‘0v
1621 4539 1685 4592 ὲκ
1715 4537 1932 4610 μακροῦ
1961 4537 2161 4608 χρόνου
2194 4534 2249 4588 ῶέ

979 4537 987 4590 i
1018 4536 1588 4590 Chalcmlimensi.'0v
1621 4539 1685 4592 ὲκ
1715 4537 1932 4610 μακροῦ
1961 4537 2161 4608 χρόνου
2194 4534 2386 4588 ῶδινον
2418 4533 2599 4588 πτὶϐον.

627 4633 757 4686 458.
799 4629 1088 4701 l‘lulhymio
1117 4630 1252 4684 ﬁlio.
1297 4629 1562 4698 Ὑγίαινε,
1609 4634 1799 4686 τέκνον
1831 4649 1956 4703 μου.

629 4722 755 4778 459.
787 4721 1129 4792 Hyperechio
1164 4722 1298 4776 ﬁlio.
1339 4719 1505 4792 Εὖγε,
1529 4719 1680 4792 εὖγε,
1718 4725 2012 4796 ’Υπερέχιε
2032 4723 2222 4775 τέκνον
2263 4737 2386 4789 μου.

630 4815 756 4869 440.
798 4814 1130 4883 Aphrodisio
1162 4814 1296 4868 ﬁlio.
1326 4814 1574 4885 Χαίροις,
1602 4817 1917 4887 Ἀφροδίσιε
1947 4817 2011 4869 τὸ
2035 4814 2169 4885 ἐμὸν
2195 4812 2409 4868 τέκνον.

629 4906 758 4959 441.
789 4907 1013 4960 Annona:
1043 4905 1175 4959 ﬁlio.
1201 4904 1424 4974 Ἀδελφὲ
1453 4906 1694 4976 Ἀμωνᾶ,
1723 4909 1882 4978 χαῖρε
1915 4909 1971 4959 ὲν
2000 4905 2211 4977 Κυρίῳ.

632 4997 758 5052 442.
785 4997 1040 5066 Symeoni
1068 4996 1200 5050 ﬁlio.
1235 4997 1430 5066 Χαῖρε,
1485 4995 1677 5050 τέκνον
1705 5014 1824 5066 μου.

632 5095 759 5150 445.
789 5092 1202 5165 Theophylacto
1227 5093 1570 5162 presbytero.
1601 5093 1693 5160 Ἐξ
1725 5087 1802 5146 ὧν
1835 5091 2197 5162 ὲπέστειλενή
2221 5110 2250 5144 τ

986 5093 1202 5165 hylacto
1227 5093 1570 5162 presbytero.
1601 5093 1693 5160 Ἐξ
1725 5087 1802 5146 ὧν
1835 5091 2197 5162 ὲπέστειλενή
2221 5093 2470 5164 τιμιότης
2495 5111 2605 5150 σου.

632 5187 758 5240 444.
789 5185 1098 5240 Bessarioni
1131 5187 1268 5240 ﬁlio.
1300 5186 1363 5238 El
1389 5187 1484 5239 καὶ
1521 5186 1598 5257 μὴ
1620 5185 1894 5256 ἐδεξάμην
1924 5185 2259 5255 ἀντίγραφα.

629 5280 754 5332 445.
787 5277 984 5332 Joanni
1017 5279 1147 5333 lilio.
1184 5277 1467 5347 Ἐπέγνων
1492 5279 1593 5350 τὴν
1614 5279 1846 5350 δύναμιν
1869 5279 1980 5334 τῶν
1999 5279 2249 5349 γραμμά·

877 5278 984 5332 mni
1017 5279 1147 5333 lilio.
1184 5277 1467 5347 Ἔπέγνων
1492 5279 1593 5350 τὴν
1614 5279 1846 5350 δύναμιν
1869 5279 1980 5334 τῶν
1999 5279 2350 5349 γραμμάτων
2383 5297 2497 5333 σου.

631 5371 740 5426 446
787 5370 993 5424 Evodio
1023 5370 1150 5424 lilio.
1182 5371 1338 5423 Ἐπεὶ
1362 5369 1633 5442 ἐδεξάμην
1660 5388 1754 5424 σου
1773 5370 1872 5443 τὴν
1897 5370 1985 5424 διὰ
2016 5369 2112 5422 τοῦ
2147 5369 2474 5440 γράμματος
2493 5371 2808 5441 ἀπολογία-θ.

630 5466 665 5518 4
677 5467 758 5519 47.
790 5464 990 5518 Nic-eme
1023 5465 1330 5534 pra'posito.
1362 5465 1473 5518 Καὶ
1498 5463 1608 5537 πρὸ
1633 5464 1741 5516 τῶν
1773 5466 2140 5535 γραμμάτων.

627 5559 752 5612 448.
784 5558 1057 5612 Antiocho
1089 5558 1430 5615 Silentiario.
1458 5561 1642 5624 Ἀξιον
1667 5561 1766 5631 τῆς
1793 5559 2080 5621 εὐσεϐείας
2116 5577 2209 5610 σου

629 5651 756 5706 449.
787 5650 1072 5722 Gregorio.
1102 5653 1168 5704 Αἱ
1195 5653 1498 5706 ἀποστολαὶ
1526 5653 1637 5707 τῶν
1662 5652 1965 5706 ἐπιστολῶν
1993 5652 2238 5717 σύζυγοι.

629 5748 756 5800 450.
786 5745 1031 5801 Lucinno
1064 5747 1174 5802 lilio
1197 5748 1372 5816 lapso.
1397 5748 1596 5813 ’Λδὰμ,
1628 5746 1733 5800 ποῦ
1761 5743 1843 5812 εἷς
1873 5747 2023 5816 φωνή
2051 5747 2169 5797 ἐστι
2191 5747 2220 5795 (έ

630 5834 758 5888 451.
787 5833 1018 5905 Myroni.
1047 5835 1309 5907 Ὠψίσθην
1331 5834 1640 5889 ἐπιστεῖλαι
1669 5835 1736 5904 τῇ
1770 5832 2051 5903 οεοσεδείᾳ
2087 5849 2180 5885 σου
