4102 6374
274 402 408 466 2677
1514 411 1902 476 EPISTOLIE
1939 415 2297 477 iNEDIT.-E.
2552 413 2557 418 ’
3412 425 3546 490 1578

342 521 470 575 452.
507 520 746 594 Georgio
774 522 982 594 Ἰθανῆ.
1019 525 1084 578 Ὦ
1114 525 1234 589 πῶς
1264 525 1431 581 καλὸν
1449 527 1513 581 τὸ
1537 528 1766 600 πλάσμα
1791 531 1894 602 τῆς
1917 531 1962 602 ψ

614 522 746 594 »τςῖο
774 522 982 594 ’ῐθανῆ.
1019 525 1084 578 Ὦ
1114 525 1234 589 πῶς
1264 525 1431 581 καλὸν
1449 527 1513 581 τὸ
1537 528 1766 600 πλάσμα
1791 531 1894 602 τῆς
1917 531 2099 604 ψυχῆς
2119 550 2234 588 σου.

340 613 467 668 455.
503 613 682 668 Pardo
732 613 938 682 Ἰοανῆ.
965 614 1304 669 Ἐπιστέλλω
1333 618 1402 688 τῇ
1428 619 1707 690 τιμιότητί
1735 637 1853 675 σου.

346 707 473 761 454.
503 707 790 763 Gennadio
815 708 945 763 ﬁlio.
976 711 1043 762 ’Δ
1076 711 1423 776 ἐπέστειλας,
1446 713 1638 768 τέκνον
1662 715 1963 786 ἡγαπημέν

1005 711 1043 762 Α
1076 711 1423 776 ἐπέστειλας,
1446 713 1638 768 τέκνον
1662 715 2046 786 ἠγαπημένον,
2079 713 2488 768 ἁντεπιστεῖλαί
2522 731 2625 772 σοι.

345 803 474 859 455.
509 803 776 860 Cledonio
805 805 941 861 ﬁlio.
977 804 1138 876 Ἀρτι
1168 808 1503 878 συνέφθασα,
1525 810 1718 865 τέκνον
1753 813 2139 882 ἠγαπημένον.

347 900 476 954 456.
509 901 788 958 Eustratio
819 903 1126 975 ἀρχιήτρῳ.
1157 904 1491 973 Ἐγίνωσκον
1519 909 1618 978 μὲν
1649 906 1752 979 τὴν
1779 908 2094 979 τιμιότητα.

336 993 463 1049 457.
491 991 731 1062 Josepho
758 992 910 1048 fratri
934 1003 991 1049 et
1017 996 1456 1068 archiepiscopo.
1488 1000 1762 1070 Ἠξίωμαι
1787 1002 1886 1056 και
1909 1019 1956 1055 τι

1309 1013 1456 1068 :opo.
1488 1000 1762 1070 Ἠξίωμαι
1787 1002 1886 1056 καὶ
1909 1000 2078 1056 τανῦν
2109 999 2303 1074 μαθεῖν
2335 1017 2428 1054 σου
2463 999 2535 1054 τὰ
2564 999 2664 1070 τῆς
2693 999 2929 1069 ὑγιείας.

343 1086 471 1139 458.
507 1085 691 1139 Antho
716 1085 850 1140 ﬁlio.
877 1086 950 1138 Τὸ
984 1087 1182 1157 μικρὸν
1210 1089 1568 1144 ὲπιστολίδιόν
1609 1109 1726 1146 σου.

339 1177 466 1230 459.
494 1176 702 1246 lgnalio
736 1178 998 1247 episcopo
1032 1178 1220 1235 Mileti.
1249 1182 1408 1255 Παρὰ
1436 1181 1499 1235 τὸ
1539 1183 1614 1255 μὴ
1642 1184 1844 1238 ειδέναι
1874 1202 1942 1256 με

1305 1184 1408 1252 αρὰ
1436 1181 1499 1235 τὸ
1539 1183 1614 1255 μὴ
1642 1184 1844 1238 ειδέναι
1874 1202 1942 1256 με
1975 1186 2222 1258 ἀκριϐῶς
2251 1188 2346 1243 τὸν
2373 1187 2476 1258 τῆς
2506 1185 2726 1260 ἐξορίας
2747 1187 2925 1245 τόπον.

337 1266 464 1320 400.
494 1264 690 1319 Joanni
726 1269 1042 1336 prteposito.
1071 1269 1176 1323 Δύο
1198 1272 1499 1326 ἐπιστολῶν
1527 1274 1628 1344 τῆς
1659 1275 1974 1346 ἁγιωσύνης
2001 1296 2119 1333 σου.

341 1358 468 1412 461.
502 1357 772 1427 Gregorio
805 1359 938 1416 ﬁlio.
972 1362 1133 1433 ’Ἄρτι
1163 1363 1538 1435 ἀποκρίνομαι
1577 1368 1716 1439 πρὸς
1741 1369 1777 1422 ἃ
1805 1371 2152 1436 ἐπέστειλας.

340 1451 467 1508 462.
509 1452 1012 1521 Protospatharea‘.
1057 1453 1201 1522 Ἐγὼ
1225 1456 1542 1528 φειδόμενος
1574 1464 1672 1512 καὶ
1699 1461 2047 1534 εὐλαϐηθείς.

339 1547 466 1600 465.
501 1546 705 1602 Basilio
733 1548 1185 1604 archimandritze
1213 1550 1424 1606 Roman
1455 1554 1568 1607 Καὶ
1592 1553 1654 1607 τὸ
1677 1555 1946 1631 πρότερον

1383 1567 1424 1606 P.
1455 1554 1568 1607 Καὶ
1592 1553 1654 1607 τὸ
1677 1555 1946 1631 πρότερον
1975 1560 2077 1614 οὐκ
2107 1561 2326 1634 ἔγραψα
2354 1563 2446 1617 διά
2469 1581 2594 1616 τινα
2627 1565 3003 1634 περιπέτειαν.

338 1640 466 1694 464.
491 1638 692 1694 Joanni
724 1641 969 1712 episcopi
999 1641 1388 1699 Monembasize
1416 1654 1470 1700 et
1500 1645 1782 1706 Methodio
1812 1667 1958 1724 praep

1918 1654 2128 1724 Pposito.
2163 1657 2354 1730 Καλὴν
2385 1655 2584 1728 βουλὴν
2628 1656 2992 1713 ἐϐουλεύσατο
3038 1661 3073 1731 ἡ
3107 1657 3352 1730 ἐμμελὴς
3386 1659 3538 1730 ζημίην

269 1729 578 1800 ἀγιωσύνη.

346 1820 473 1874 465.
507 1818 661 1874 Isaac
681 1827 736 1874 et
760 1817 993 1872 Arscnio
1024 1815 1315 1872 monachis
1341 1817 1398 1874 in
1429 1829 1619 1877 sancta
1648 1825 1894 1884 civitate.
1920 1829 1966 1883 ’Δ

1249 1816 1315 1872 iis
1341 1817 1398 1874 in
1429 1829 1619 1877 sancta
1648 1825 1894 1884 civitate.
1920 1829 2234 1904 Ἀγαπητδν
2259 1837 2394 1908 ἡμῖν
2427 1841 2541 1904 τοῖς
2568 1842 2869 1905 ταπεινοῖς.

338 1917 465 1976 466.
502 1915 702 1971 Nicetae
725 1913 1042 1986 praeposito.
1075 1907 1179 1966 Οἴα
1198 1913 1270 1969 τὰ
1300 1913 1700 1987 συμϐεϐηκότα
1730 1923 1796 1993 τῇ
1836 1923 1958 1992 ἁγιιι

657 1930 702 1969 ae
725 1913 1042 1986 praeposito.
1075 1907 1179 1966 Οἴα
1198 1913 1270 1969 τὰ
1300 1913 1700 1987 συμϐεϐηκότα
1730 1923 1796 1993 τῇ
1836 1923 2117 1998 ἁγιωσύνῃ
2159 1947 2275 1985 σου.

337 2013 464 2068 467.
495 2009 729 2064 Arsenio
766 2008 1062 2066 monacho.
1091 2007 1399 2078 Ἐδεξάμην
1429 2009 1500 2062 τά
1529 2014 1837 2084 γράμματα
1865 2020 1957 2089 τῆς

766 2008 1062 2066 monacho.
1091 2007 1399 2078 Ἐδεξάμην
1429 2009 1500 2062 τὰ
1529 2014 1837 2084 γράμματα
1865 2020 1962 2089 τῆς
1993 2021 2217 2095 ἀγάπης
2246 2043 2361 2081 σου.

335 2105 461 2158 468.
490 2103 685 2170 Sergio
714 2101 920 2173 hypato
959 2099 1054 2152 τοῦ
1089 2101 1339 2172 ἁερικοῦ.
1369 2101 1545 2156 Πάλαι
1567 2104 1633 2156 ἂν
1661 2107 1955 2165 ἐπέστειλα

853 2110 920 2154 ito
959 2099 1054 2152 τοῦ
1089 2101 1339 2172 ἁερικοῦ.
1369 2101 1545 2156 Πάλαι
1567 2104 1633 2156 ἂν
1661 2107 1955 2165 ἐπέστειλα
1981 2117 2049 2185 τῇ
2075 2117 2328 2187 εὐγενείᾳ
2357 2138 2473 2178 σου.

338 2195 464 2251 469,
503 2193 803 2248 Naucratio
829 2191 961 2246 ﬁlio.
993 2193 1236 2264 Βραχέσι
1264 2190 1560 2258 συλλαϐαῖς
1581 2197 1909 2270 ἀμείϐομαι.

693 2193 803 2246 atio
829 2191 961 2246 ﬁlio.
993 2193 1236 2264 Βραχέσι
1264 2190 1560 2258 συλλαϐαῖς
1581 2197 1909 2270 ἀμειδομαι.
2021 2178 2048 2185 -τ
2152 2178 2165 2187 -
2302 2178 2313 2194 .

336 2287 468 2341 470.
503 2285 714 2339 Eidem.
742 2283 805 2336 Et
831 2283 927 2336 καὶ
955 2281 1388 2352 οὐκέδεξάμεθά
1416 2299 1510 2337 σου
1556 2288 1881 2360 γράμματα.

336 2381 464 2434 471.
504 2379 714 2434 Eidem.
747 2377 896 2439 ’Ἐως
917 2375 1074 2443 πότε,
1101 2376 1312 2442 τέκνον,
1347 2378 1408 2430 οὐ
1439 2379 1624 2453 παύσῃ
1652 2382 2049 2456 ἀποσεμνύνων
2079 2390 2228 2463 ἡμᾶς
2251 2397 2363 2460 τοῖς
2386 2394 2536 2465 λόγοι
2547 2417 2586 2461 ς,

333 2475 460 2529 472.
492 2472 700 2527 Eidem.
733 2467 825 2535 Ἐξ
854 2468 1082 2538 ἀγώνων
1102 2470 1184 2534 εἰς
1215 2470 1457 2538 ἀγῶνας.

334 2568 461 2622 475.
486 2565 731 2620 Silvano.
760 2563 944 2628 ’Δξίαν
964 2563 1063 2633 τῆς
1092 2563 1380 2626 εὐλαϐείας
1412 2578 1531 2616 σου.

334 2661 463 2715 474.
492 2660 662 2713 Anna:
684 2657 931 2712 moniali.
967 2655 1033 2708 At
1062 2655 1198 2726 πρὸς
1222 2655 1292 2708 τὰ
1323 2655 1491 2708 τέκνα
1530 2651 1787 2724 μητέρων
1819 2653 1954 2709 ἀποσ

567 2674 662 2713 ma:
684 2657 931 2712 moniali.
967 2655 1033 2708 At
1062 2655 1198 2726 πρὸς
1222 2655 1292 2708 τὰ
1323 2655 1491 2708 τέκνα
1530 2651 1787 2724 μητέρων
1819 2653 2187 2730 ἀποστροφαί.

335 2753 462 2808 475.
488 2751 694 2822 lgnatio
720 2748 856 2804 ﬁlio.
900 2747 1124 2812 Ὁσάκις
1154 2747 1221 2801 ἂν
1248 2744 1488 2816 δέξωμαί
1519 2763 1615 2799 σου
1650 2747 1912 2817 γράμμα.

334 2846 462 2902 476.
498 2842 823 2914 Theophani
849 2843 1148 2914 pra’posito
1176 2854 1232 2896 et
1261 2839 1590 2896 confessori.
1621 2840 1781 2895 Φίλον
1811 2843 1954 2896 παιδί

1058 2843 1148 2897 lito
1176 2854 1232 2896 et
1261 2839 1590 2896 confessori.
1621 2840 1781 2895 Φίλον
1811 2843 1968 2896 παιδὶ
1993 2845 2238 2917 πατρικὴ
2271 2849 2678 2922 προσφώνησις.

335 2938 462 2994 477.
493 2937 660 2991 Leoni
693 2935 948 3002 patricio.
978 2933 1302 3004 Ὀφειλέτης
1334 2933 1453 3004 είμὶ
1480 2930 1543 2986 ού
1565 2931 1775 3004 χάρτην
1811 2936 1910 2988 καὶ
1937 2936 2130 3006 μέλαν.

334 3031 461 3086 478.
485 3028 742 3100 Gregorz
775 3027 936 3082 laico.
963 3027 1246 3095 Ἐπέγνων
1278 3043 1398 3092 σου,
1429 3025 1691 3100 ἄνθρωπε
1719 3028 1817 3082 τοῦ
1849 3029 2009 3098 Θεοῦ,
2036 3030 2137 3102 τὴν
2166 3033 2480 3106 ἐπιστολήν.

333 3125 461 3180 479.
494 3121 794 3178 Naucratio
829 3121 962 3175 ﬁlio.
998 3119 1126 3174 Ὀτι
1163 3121 1263 3191 ζῇς
1302 3120 1360 3174 ἐν
1381 3107 1594 3194 Κυρίῳ.

337 3219 467 3274 480.
495 3217 746 3273 Protei-io
776 3215 914 3271 ﬁlio.
957 3214 1050 3278 Ὠς
1081 3215 1276 3288 βαρεῖα
1303 3216 1338 3287 ἡ
1363 3215 1627 3286 ἐπιστολή
1663 3230 1782 3278 σου,
1807 3214 2024 3272 τέκνον.

337 3313 466 3367 481.
494 3309 692 3366 Joanni
719 3307 1039 3380 praposito.
1079 3309 1241 3380 Παρὰ
1262 3307 1326 3361 τδ
1352 3308 1588 3380 ἀρθῆναι
1620 3307 1714 3362 τὸν
1743 3308 1957 3378 ἀδελφδπ

567 3309 692 3364 anni
719 3307 1039 3380 praposito.
1079 3309 1241 3380 Παρὰ
1262 3307 1326 3361 τδ
1352 3308 1588 3380 ἀρθῆναι
1620 3307 1714 3362 τὸν
1743 3308 1976 3378 ἀδελφὸν
2009 3310 2187 3382 ἡμῶν.

335 3403 460 3458 482.
484 3401 712 3459 Nicolao
741 3401 1006 3470 mancipi.
1042 3400 1165 3452 Ὀτι
1195 3398 1528 3472 μνημονεύω
1558 3417 1678 3463 σου,
1709 3399 1833 3470 φίλε
1860 3401 2016 3458 καλέ.

338 3499 464 3554 485.
495 3495 860 3552 Constantino
891 3493 1053 3546 laico.
1087 3490 1451 3562 Πολυτρόπως
1481 3491 1512 3544 ό
1539 3491 1696 3555 Θεός.

335 3593 464 3648 484.
499 3587 752 3644 Proterio
784 3586 918 3640 ﬁlio.
963 3583 1286 3652 Ἑθροήθην,
1315 3583 1506 3639 τέκνον
1539 3602 1645 3652 μου
1667 3586 2050 3656 ἠγαπημένον.

335 3685 464 3739 485.
505 3678 789 3736 Zacharias
841 3676 1070 3747 bypato.
1113 3673 1258 3742 Ἐγὼ
1279 3676 1375 3728 καί¹
1404 3675 1602 3747 γράφω
1623 3677 1809 3732 πάλιν.

335 3777 464 3832 486.
505 3775 844 3830 (Εεοηοηιο.
875 3772 1128 3824 Ἤκουσα
1151 3769 1282 3840 περὶ
1307 3771 1408 3841 τῆς
1434 3770 1749 3842 τιμιότητός
1793 3788 1907 3828 σου.

333 3877 462 3931 487.
493 3875 780 3928 Timotheo
802 3871 934 3925 lilio.
958 3869 1025 3922 Τί
1057 3869 1291 3939 ἀκήκοα.

333 3968 467 4023 488.
511 3966 724 4036 lgnatio
757 3963 892 4018 lilio.
930 3963 996 4015 Ἃ
1021 3961 1331 4031 γέγραφας,
1349 3958 1544 4014 τέκνον
1569 3960 1950 4030 ἠγαπημένον.

331 4064 457 4119 489.
491 4062 674 4118 Mariae
702 4061 986 4130 Augustae.
1025 4058 1316 4128 Ἐνέτυχον
1347 4058 1444 4110 καὶ
1475 4053 1634 4121 αὖθις
1669 4060 1736 4130 τῇ
1764 4059 2048 4131 ἐπιστολῇ.

330 4162 460 4218 490.
493 4159 704 4214 Evodio
726 4167 780 4212 et
800 4154 998 4210 Joanni
1027 4155 1174 4209 liliis.
1208 4153 1449 4224 "nam,
1479 4154 1672 4215 τέκνα,
1708 4156 1804 4208 ἐπὶ
1831 4157 1898 4226 τῇ
1930 4157 1950 4210 ό

1091 4155 1174 4209 iis.
1208 4153 1449 4224 ⁸Ἤσθην,
1479 4154 1672 4215 τέκνα,
1708 4156 1804 4208 ἐπὶ
1831 4157 1898 4226 τῇ
1930 4154 2266 4229 ἀμφοτέρων
2303 4159 2711 4231 προσφωνήσει.

331 4254 458 4308 491.
494 4249 750 4304 Anatolio
785 4247 920 4302 ﬁlio.
964 4246 1031 4298 Ἦ
1061 4244 1332 4318 βραδύτης
1356 4262 1450 4298 σου
1479 4245 1588 4298 τῶν
1619 4247 1984 4318 γραμμάτων.

330 4345 455 4400 492.
485 4341 682 4397 Joanni
709 4337 1174 4396 Chalcedonensi.
1203 4336 1317 4389 Καὶ
1333 4335 1411 4400 ὡς
1453 4338 1638 4410 πατὴρ
1663 4336 1902 4409 ἠξίωσας
1929 4357 1950 4392 1

1203 4336 1317 4389 Καὶ
1333 4335 1411 4400 ὡς
1453 4338 1638 4410 πατὴρ
1663 4336 1902 4409 ἠξίωσας
1929 4340 2122 4395 τέκνον
2151 4341 2436 4416 ἐλάχιστον
2466 4347 2806 4417 προσειπεῖν.

327 4441 454 4496 495.
487 4442 658 4495 Annae
686 4435 1009 4508 praepositae.
1047 4433 1169 4486 Ὀτι
1201 4432 1523 4496 ἐπέστειλάς
1549 4451 1660 4504 μοι,
1685 4435 1934 4501 εἰκότως.

323 4533 450 4588 494.
488 4529 684 4586 JOanni
715 4527 1031 4600 przrposito.
1059 4523 1234 4586 Αὐτὸς
1253 4526 1301 4576 εί
1330 4523 1433 4577 οὐκ
1468 4525 1826 4588 ἐπιστέλλεις.

326 4627 450 4683 495.
475 4623 680 4680 Niceta:
708 4623 1006 4694 praeposito
1036 4619 1131 4674 τοῦ
1159 4619 1246 4674 Μδ
1276 4619 1427 4690 (sic).
1467 4619 1612 4673 Φιλῶ
1639 4620 1737 4674 τοῦ
1764 4621 1946 4692 δέχεσε

731 4623 1006 4692 imposito
1036 4619 1131 4674 τοῦ
1159 4619 1246 4674 Μδ
1276 4619 1427 4690 (sic).
1467 4619 1612 4673 Φιλῶ
1639 4620 1737 4674 τοῦ
1764 4621 2020 4692 δέχεσθαι
2048 4623 2351 4696 ἁντίγραφι

324 4723 450 4780 496.
483 4721 681 4777 Joanni
720 4721 1039 4792 praeposito.
1080 4717 1288 4780 Ἡδέως
1317 4715 1592 4790 ἐδεξάμην
1615 4735 1709 4771 σου
1746 4719 1910 4788 ἁγίαν
1941 4744 1944 4771 ι

634 4723 681 4776 ni
720 4721 1039 4792 praeposito.
1080 4717 1288 4780 Ἡδέως
1317 4715 1592 4790 ἐδεξάμην
1615 4735 1709 4771 σου
1746 4719 1910 4788 ἁγίαν
1941 4722 2254 4795 ἐπιστολήν.

325 4814 452 4870 497.
487 4812 791 4868 Athanasio
814 4812 1130 4883 praeposito.
1157 4809 1316 4875 Τίνος
1337 4810 1524 4863 ἕνεκεν
1542 4811 1799 4882 ἐχρόνισα
1825 4814 2146 4870 ἐπιστεῖλαι.

322 4909 450 4965 498.
487 4908 689 4963 Basilio
721 4907 1015 4964 Monacho.
1062 4906 1153 4971 Ὧς
1181 4905 1387 4977 ἔμαθον
1417 4906 1500 4958 ὅτι
1527 4907 1621 4959 καὶ
1655 4906 1818 4972 αὐτὸς
1855 4908 1942 4962 συ.)

584 4908 689 4962 lilio
721 4907 1015 4964 Monacho.
1062 4906 1153 4971 Ὧς
1181 4905 1387 4977 ἔμαθον
1417 4906 1500 4958 ὅτι
1527 4907 1621 4959 καὶ
1655 4906 1818 4972 αὐτὸς
1855 4908 2204 4982 συ-λληφοείς.

323 5006 447 5062 499.
471 5004 755 5059 Gennadio
785 5005 921 5060 lilio.
953 5005 1026 5058 Ἃ
1048 5003 1146 5075 μὲν
1179 5003 1490 5074 γέγραφας,
1515 5003 1708 5058 τέκνον
1731 5003 1886 5075 ἐμὸν.
1911 5005 2105 5075 ἔγνων.

323 5097 449 5152 500.
485 5096 713 5164 Callisto
739 5097 872 5150 ﬁlio.
897 5095 990 5149 Ἐν
1038 5093 1266 5166 βραχέσι
1297 5092 1592 5156 συλλαϐαῖς
1621 5095 1655 5164 ὴ
1697 5095 1958 5169 ἐπιστολή
1990 5115 2109 5154 σου.

322 5195 444 5248 501.
485 5193 746 5247 Cledonio
775 5192 908 5246 ﬁlio.
940 5190 1005 5244 Τί
1036 5208 1103 5261 με
1135 5190 1532 5260 ἐγκωμιάζεις,
1555 5183 1600 5242 ὦ
1622 5190 1831 5249 τέκνον.

322 5286 447 5341 502.
475 5287 692 5342 Melelio
721 5287 854 5341 ﬁlio.
882 5285 1005 5354 Ἀφ’
1035 5280 1099 5339 οὗ
1130 5285 1341 5356 ἔμαθον
1378 5285 1733 5357 ἀπατηθῆναι
1755 5287 1845 5342 τὸν
1875 5287 1942 5342 ἐλε

841 5327 854 5341 .
882 5285 1005 5354 Ἀφ’
1035 5280 1099 5339 οὗ
1130 5285 1341 5356 ἔμαθον
1378 5285 1733 5357 ἀπατηθῆναι
1755 5287 1845 5342 τὸν
1875 5287 2109 5344 ἐλεεινὸν
2141 5289 2461 5364 Γρηγόριον.

321 5383 446 5435 505.
470 5379 674 5436 Jacobo
708 5381 840 5435 lilio.
873 5380 1168 5451 Γέγραφάς
1198 5397 1290 5449 μοι
1325 5380 1506 5436 τοῦτο.

321 5476 446 5531 504.
477 5477 822 5547 Euprepiano
849 5477 980 5532 ﬁlio.
1021 5473 1190 5544 Ἐγὼ,
1221 5469 1266 5528 ὧ
1287 5477 1498 5530 τέκνον.

321 5574 446 5628 505.
481 5574 787 5644 Spatharia:
817 5575 1012 5629 Flavii.
1045 5574 1136 5628 Ἐν
1165 5573 1346 5644 καιρῷ
1382 5570 1712 5642 πειρασμοῦ.

323 5668 448 5721 506.
485 5669 666 5724 Maria:
693 5670 939 5724 nmniali.
977 5668 1207 5736 ’Λγαθὸν
1239 5668 1414 5736 ὄνομα
1444 5667 1743 5736 ὴκουτίτοη
1787 5684 1891 5737 μοι.

321 5761 446 5815 507.
475 5763 773 5819 Athanasio
812 5764 942 5818 ﬁlio.
973 5764 1185 5832 Χαίρω,
1209 5762 1424 5824 τέκνον,
1452 5759 1748 5830 δεχόμενάἰ
1797 5777 1892 5813 σου
1917 5777 1941 5827 Υ

549 5765 773 5819 hauasio
812 5764 942 5818 lilio.
973 5764 1185 5832 Χαίρω,
1209 5762 1424 5824 τέκνον,
1452 5759 1748 5830 δεχόμενός
1797 5777 1892 5813 σου
1917 5759 2168 5831 γράμμα.

324 5857 447 5911 508.
486 5859 666 5912 Aulim
696 5861 822 5916 lilio.
859 5863 969 5916 Καὶ
991 5861 1217 5932 γράφων
1253 5876 1358 5924 σοι,
1390 5857 1598 5910 τέκνον.
