4102 6374
583 339 722 408 ἱ679
1777 349 1838 410 S.
1867 347 2203 408 THEODOI

2239 348 2262 408 [
2302 347 2648 410 STUDIT/E
3718 347 3859 411 11330

651 457 774 515 509.
806 457 1132 517 Eucharism
1161 460 1295 516 ﬁlio.
1334 461 1442 514 Καὶ
1467 459 1614 514 πάνυ
1641 477 1724 513 σοι
1755 461 1915 532 χρεία
1943 462 2244 516 ἐπιστεῖλαί

647 549 772 607 510.
807 553 993 609 Leoni.
1027 549 1102 607 Εὖ
1131 553 1464 624 πεποίηκας,
1491 553 1686 606 τέκνον
1721 552 2118 622 πνευματικόν.

646 644 774 701 5H.
806 646 1197 702 Constantino.
1229 649 1326 712 Τίς
1352 650 1386 716 ἡ
1420 646 1574 712 αἰτία
1603 646 1914 701 ἐπιστεῖλαί
1951 665 2040 718 με.

645 739 770 796 512.
796 741 1144 814 Presbytero.
1171 743 1264 798 Ἐν
1287 741 1518 814 χειμῶνι
1539 742 1592 795 εῐ
1609 759 1692 806 τις
1724 742 1822 796 ίδοι
1857 744 2028 815 ῥόδον.

647 839 774 896 515.
807 838 1094 896 Theodulo
1117 840 1252 895 ﬁlio.
1292 840 1496 904 Ἡδέως
1518 839 1649 910 ἔχω,
1673 841 1866 894 τέκνον
1891 860 2018 910 μου,
2043 841 2267 914 δεχόμεν

1201 855 1252 895 ο.
1292 840 1496 904 Ἡδέως
1518 839 1649 910 ἔχω,
1673 841 1866 894 τέκνον
1891 860 2018 910 μου,
2043 841 2336 914 δεχόμενός
2364 859 2458 895 σου
2493 843 2726 912 γράμμα
2738 855 2821 891 τα.

642 933 771 988 514.
799 932 1056 1005 Symeoni
1084 933 1217 987 ﬁlio.
1256 933 1420 1002 Ἀρτι
1450 931 1665 1002 ἔφθασα
1698 933 2003 990 ἐπιστεῖλαί
2041 953 2146 989 σοι.

641 1027 769 1080 515.
800 1024 1096 1095 Eulhymio
1119 1024 1252 1079 ﬁlio.
1278 1025 1452 1096 Χαῖρε
1474 1026 1532 1078 ὲν
1562 1025 1773 1096 Κυρίῳ.

641 1117 769 1170 516.
799 1115 1052 1187 Ephrazm
1085 1115 1219 1172 ﬁlio.
1245 1116 1422 1187 Χάρις
1459 1135 1544 1172 σοι
1566 1117 1721 1188 παρὰ
1749 1113 1976 1187 Κυρίου.

639 1210 766 1264 5l7.
791 1207 1122 1278 Aphrodisio
1152 1209 1285 1264 ﬁlio.
1310 1204 1681 1278 Εὖγε,τέκνον
1709 1223 1833 1277 μου.

640 1301 763 1356 518.
798 1299 1136 1371 llyperechio
1167 1301 1301 1356 ﬁlio.
1334 1296 1498 1370 Εὖγε,
1527 1299 1678 1368 εὖγε,
1707 1294 2018 1369 ’Υπερέχιε.

638 1393 765 1448 519.
794 1394 1019 1449 Athona:
1043 1393 1180 1448 ﬁlio.
1207 1393 1357 1446 Καλὲ
1385 1391 1626 1463 ’Δμῶνα,
1653 1392 1848 1460 χαῖρε.Ι

639 1488 766 1543 520.
794 1486 1078 1559 Slephano
1107 1487 1240 1544 ﬁlio.
1271 1488 1468 1559 Χαῖρε,
1502 1486 1741 1554 Στέφανε
1761 1484 1954 1538 τέκνον
1980 1496 2104 1550 μου.

637 1583 766 1639 521.
801 1583 1060 1655 Symeoni
1091 1583 1228 1638 ﬁlio.
1251 1581 1504 1653 Χαίροις,
1533 1579 1761 1652 Συμεὼν
1799 1578 1988 1632 τέκνον
2014 1591 2137 1644 μου.
2209 1635 2216 1646 ι

637 1672 764 1730 522.
795 1671 1100 1727 Parthenio
1129 1672 1263 1728 ﬁlio.
1289 1667 1362 1724 Ὦ
1385 1671 1519 1725 καλὲ
1540 1670 1828 1744 Παρθένιε,
1862 1673 2040 1740 χαῖρε.

633 1755 764 1820 5Ξ5ξ
791 1763 1083 1833 llegesimo
1111 1764 1248 1820 ﬁlio.
1299 1764 1362 1819 Ἡ
1380 1764 1540 1835 χάρις
1569 1781 1655 1817 σοι
1675 1763 1784 1817 ἀπὸ
1807 1762 1970 1826 Θεοῦ,
2009 1761 2303 1833 ’Πγήσιμε.

638 1859 765 1914 524.
800 1859 1080 1914 Dorolheo
1103 1861 1238 1915 ﬁlio.
1271 1859 1644 1931 Εὑλογηθείης
1671 1857 1776 1912 ὑπὸ
1813 1858 2047 1932 Κυρίου.

635 1953 762 2007 525.
801 1953 963 2008 Petro
989 1953 1123 2008 ﬁlio.
1154 1953 1327 2017 Αὐτὸς
1346 1953 1406 2006 οὐ
1429 1953 1832 2024 διαλιμπάνεις.

634 2049 765 2104 526.
797 2048 1122 2106 (Εοοῐιοηιο
1149 2051 1250 2120 τῆς
1275 2049 1571 2121 συμϐόλου.
1608 2049 1992 2119 Ἀπεδεξάμην
2021 2047 2120 2118 τὴν
2144 2047 2457 2120 ἐπιστολήν.

634 2141 764 2196 5&7.
797 2140 1039 2214 Josepho
1065 2143 1222 2197 fratri
1253 2151 1306 2196 ct
1336 2142 1779 2213 archiepisc0po.
1813 2142 1939 2194 ’Ὅτι
1967 2141 2178 2212 ηκουσα
2211 2142 2254 2193 τε

1065 2143 1222 2197 fratri
1253 2151 1306 2196 ct
1336 2142 1779 2213 archiepiSCOpo.
1813 2142 1939 2194 ’Ὅτι
1967 2141 2178 2212 ηκουσα
2211 2141 2310 2211 τῆς
2331 2141 2515 2212 φωνῆς
2548 2160 2664 2198 σου.

631 2238 758 2296 528.
784 2237 989 2296 Leloeo
1012 2239 1144 2294 ﬁlio.
1179 2239 1336 2295 Μετὰ
1359 2239 1420 2293 τὸ
1447 2240 1754 2310 ἀπαρτίσαι
1793 2255 1863 2308 με
1889 2237 1987 2309 τὴν
2009 2239 2343 2308 ἀνατροπὴν.

631 2331 760 2388 529.
793 2331 1078 2388 Theodulo
1110 2332 1244 2386 ﬁlio.
1278 2331 1398 2402 Ἐφ’
1420 2333 1544 2386 ὅσον
1567 2331 1918 2402 ᾡκονόμησεν
1944 2333 1972 2384 6
2002 2329 2136 2394 Θεὸς
2175 2329 2251 2384 οὗ·

1004 2333 1078 2387 ilo
1110 2332 1244 2386 ﬁlio.
1278 2331 1398 2402 Ἐφ’
1420 2333 1544 2386 ὅσον
1567 2331 1918 2402 ᾡκονόμησεν
1944 2333 1972 2384 6
2002 2329 2136 2394 Θεὸς
2175 2329 2318 2384 οὕτω
2345 2329 2624 2398 γενέσθαι.

631 2424 757 2480 550.
789 2426 1091 2482 Naucralio
1120 2427 1253 2482 ﬁlio.
1283 2427 1409 2480 Ὅτι
1435 2425 1842 2496 ἀνέσφηλας,εῑ
1875 2427 1972 2481 καὶ
1995 2427 2070 2497 μὴ
2093 2427 2293 2490 τελέως
2319 2422 2411 2497 ἦς.

628 2519 757 2575 551.
785 2519 1082 2578 Timotheo
1117 2522 1251 2577 ﬁlio.
1293 2520 1616 2592 ’Υπομὲνων
1638 2521 1934 2591 ὑπόμεινον
1963 2521 2058 2574 τὸν
2081 2519 2310 2592 Κύριον.

631 2613 760 2667 552.
799 2612 1005 2671 Basilio
1042 2616 1336 2670 monacho.
1376 2614 1472 2678 Τίς
1500 2609 1654 2678 οὗτος
1673 2616 1700 2667 ὁ
1726 2614 1836 2668 ἀπὸ
1861 2613 2070 2678 δύσεως
2097 2616 2251 2668 ἀνατε

1042 2616 1336 2670 monacho.
1376 2614 1472 2678 Τίς
1500 2609 1654 2678 οὗτος
1673 2616 1700 2667 ὁ
1726 2614 1836 2668 ἀπὸ
1861 2613 2070 2678 δύσεως
2097 2615 2393 2678 ἀνατείλας
2421 2615 2630 2686 ἀστήρ;

627 2707 758 2764 555.
793 2706 1038 2764 Macario
1071 2709 1389 2779 prazposilo.
1417 2709 1719 2780 Αὑτάρκως
1743 2707 2051 2762 διιππεύων
2080 2709 2221 2779 ὁτῆς

1077 2709 1389 2779 praeposito.
1417 2709 1719 2780 Αὑτάρκως
1743 2707 2051 2762 διιππεύων
2080 2709 2221 2779 ὁτῆς
2248 2709 2462 2778 σιωπῆς
2485 2707 2697 2779 χρόνος.

629 2803 758 2862 554.
787 2803 1160 2860 Constantino
1183 2805 1502 2874 praposilo.
1530 2803 1886 2876 Προστίθημι
1906 2807 1973 2876 τῇ
1998 2822 2244 2878 προτερα

1003 2805 1160 2860 mino
1183 2805 1502 2874 pra’posilo.
1530 2803 1886 2876 Προστίθημι
1906 2807 1973 2876 τῇ
1998 2807 2307 2878 προτεραίᾳ
2337 2805 2621 2875 ἐπιστολῇ.

631 2899 760 2956 555.
790 2897 1022 2955 Michael
1053 2899 1375 2971 synadensi.
1411 2897 1594 2953 Πάλαι
1625 2897 1854 2970 ἔμαθον,
1878 2900 1963 2954 ὅτι
1997 2916 2057 2953 σε
2083 2899 2178 2954 τὸν
2205 2917 2251 2954 ση

2217 2899 2399 2954 πύλον
2430 2901 2526 2953 καὶ
2551 2898 2837 2969 ἑδραίωμα
2875 2899 2976 2972 τῆς
3001 2899 3262 2971 ἀληθείας
3303 2898 3550 2968 μεθῆκαν
3577 2898 3672 2952 τοῦ
3701 2916 3837 2970 προ-

553 2995 718 3066 τέρου
750 2990 1138 3066 περιορισμοῦ.

626 3082 756 3139 556.
783 3082 981 3139 Tillioe
1007 3083 1143 3138 ﬁlio.
1179 3080 1381 3146 Καλῶς
1406 3082 1502 3138 καὶ
1558 3082 1975 3155 προσηκόντως,
2007 3081 2229 3153 ἀδελφὲ,

1112 3101 1143 3138 ι.
1179 3080 1381 3146 Καλῶς
1406 3082 1502 3138 καὶ
1558 3082 1975 3155 προσηκόντως,
2007 3081 2229 3153 ἀδελφὲ,
2260 3083 2323 3136 τὸ
2350 3082 2590 3155 γράμμα
2615 3101 2732 3138 σου.

627 3179 756 3236 557.
795 3179 1020 3235 Silvano
1047 3179 1180 3234 ﬁlio.
1217 3180 1428 3251 ’ᾙνεσα
1453 3177 1702 3233 τὸνθεόν
1740 3195 1866 3250 μου.

631 3274 757 3331 558.
794 3273 1007 3330 Evodio
1036 3282 1093 3330 ει
1121 3272 1322 3330 Joanni
1353 3273 1500 3330 ﬁliis.
1531 3276 1722 3346 Μικρᾷ
1758 3275 2020 3348 συλλαϐῇ.

631 3367 758 3424 559.
794 3364 1052 3438 Symeoni
1084 3366 1217 3421 ﬁlio.
1247 3365 1470 3437 Ἐπειδὴ
1505 3365 1748 3434 ἀνέγνων
1779 3384 1874 3420 σου
1900 3368 2000 3436 τὴν
2028 3367 2340 3440 ἐπιστολήν.

631 3461 758 3517 540.
783 3459 1149 3516 Constantino
1179 3458 1342 3515 laico.
1363 3457 1604 3526 Εὐλογία.
1637 3459 1846 3530 Κυρίου
1878 3460 1970 3512 ἐπὶ
2001 3460 2083 3516 σέ.

624 3557 756 3614 541.
788 3557 983 3614 Casia}.
1016 3552 1120 3611 Οἷα
1149 3555 1285 3628 ἡμῖν
1315 3554 1412 3610 καὶ
1446 3554 1602 3618 αὖθις
1625 3555 1929 3625 ἐφθέγξατο
1962 3557 1995 3628 ή
2032 3557 2336 3630 κοσμιότης
2370 3575 2484 3613 σου.

629 3654 756 3710 542.
795 3653 1039 3710 Macario
1062 3651 1378 3724 praeposito.
1411 3653 1562 3707 Πάνυ
1603 3652 1894 3723 ἐφιέμενος
1925 3653 2139 3723 μαθεῖν.

627 3751 757 3806 545.
791 3749 964 3805 lrena:
983 3747 1246 3820 patriciae.
1271 3747 1340 3802 Τί
1366 3764 1448 3802 σοι
1479 3747 1686 3811 κόπους
1719 3747 1967 3818 παρέχω.

626 3845 754 3899 544.
782 3843 952 3900 Paulo
989 3843 1126 3898 ﬁlio.
1160 3841 1434 3912 ’Δνέγνων
1463 3858 1556 3896 σου
1585 3840 1684 3912 τὴν
1711 3840 2026 3912 ἐπιστολήν.

629 3937 754 3992 545.
787 3935 992 3994 Lelon
1017 3935 1155 3992 ﬁlio.
1187 3933 1384 4004 Χαίρω
1415 3932 1630 3987 ἀκούων
1658 3951 1754 3986 σου
1783 3933 1884 4003 τῆς
1926 3933 2135 4003 φωνῆς.

628 4033 754 4089 546.
789 4033 1108 4100 Canonicis,
1135 4032 1484 4094 κανονικαῖς.
1507 4029 1733 4101 Ἐπειδὴ
1761 4030 1920 4100 ὑμεῖς
1947 4031 2048 4083 οὐκ
2075 4029 2314 4084 ὲνδιδοῦν
2348 4031 2556 4101 φιλεῖτε
2579 4031 2660 4095 είς
2689 4029 2752 4084 τὸ
2779 4029 3045 4085 εὐποιεῖν.

621 4129 756 4205 54⁸1.
792 4128 1097 4200 Epiphanio
1125 4128 1260 4184 ﬁlio.
1290 4128 1405 4183 Καὶ
1434 4126 1593 4190 αὖθις
1617 4126 1830 4198 ἥκουσα
1857 4126 1958 4196 τῆς
1985 4126 2172 4198 φωνῆς
2203 4143 2320 4182 σου.

631 4220 757 4278 548.
800 4220 1014 4278 Eidem.
1051 4220 1148 4276 Ἐκ
1177 4219 1488 4294 παραδόξου
1519 4237 1611 4292 μοι
1634 4220 1694 4275 τὸ
1717 4219 1952 4293 γράμμα
1981 4236 2094 4274 σου.
