  <div class='ocr_page' id='page_1' title='image "/cluster/home/n/w/nwhite01/storage/ocr_20150623/99/hvd.32044024464356/848.png"; bbox 0 0 4102 6374; ppageno 0'>
   <div class='ocr_carea' id='block_1_1' title="bbox 307 341 433 403">
    <p class='ocr_par' dir='ltr' id='par_1_1' title="bbox 307 341 433 403">
     <span class='ocr_line' id='line_1_1' title="bbox 307 341 433 403; baseline -0.008 0"><span class='ocrx_word' id='word_1_1' title='bbox 307 341 433 403; x_wconf 59' lang='lat' dir='ltr'><strong>lli‘tl</strong></span> 
     </span>
    </p>
   </div>
   <div class='ocr_carea' id='block_1_2' title="bbox 1521 340 2327 415">
    <p class='ocr_par' dir='ltr' id='par_1_2' title="bbox 1521 340 2327 415">
     <span class='ocr_line' id='line_1_2' title="bbox 1521 340 2327 415; baseline 0.006 -15"><span class='ocrx_word' id='word_1_2' title='bbox 1521 340 1892 403; x_wconf 76' lang='lat' dir='ltr'><strong>CAPIT-HLA</strong></span> <span class='ocrx_word' id='word_1_3' title='bbox 1942 341 2327 415; x_wconf 76' lang='lat' dir='ltr'><strong>QUATUOR.</strong></span> 
     </span>
    </p>
   </div>
   <div class='ocr_carea' id='block_1_3' title="bbox 1188 667 2675 805">
    <p class='ocr_par' dir='ltr' id='par_1_3' title="bbox 1188 667 2675 805">
     <span class='ocr_line' id='line_1_3' title="bbox 1188 667 2675 805; baseline -0.001 -5"><span class='ocrx_word' id='word_1_4' title='bbox 1188 675 1407 805; x_wconf 90' lang='lat' dir='ltr'><strong>IV.</strong></span> <span class='ocrx_word' id='word_1_5' title='bbox 1515 667 2675 799; x_wconf 85' lang='lat' dir='ltr'><strong>MISCELLANEA.</strong></span> 
     </span>
    </p>
   </div>
   <div class='ocr_carea' id='block_1_4' title="bbox 1471 1062 2401 1122">
    <p class='ocr_par' dir='ltr' id='par_1_4' title="bbox 1471 1062 2401 1122">
     <span class='ocr_line' id='line_1_4' title="bbox 1471 1062 2401 1122; baseline -0.002 -6"><span class='ocrx_word' id='word_1_6' title='bbox 1471 1063 1612 1119; x_wconf 89' lang='grc' dir='ltr'><strong>ΤΟΥ</strong></span> <span class='ocrx_word' id='word_1_7' title='bbox 1641 1063 1845 1120; x_wconf 85' lang='grc' dir='ltr'><strong>ΟΣΙΟΥ</strong></span> <span class='ocrx_word' id='word_1_8' title='bbox 1889 1064 2164 1122; x_wconf 82' lang='grc' dir='ltr'><strong>ΠΑΤΡΟΣ</strong></span> <span class='ocrx_word' id='word_1_9' title='bbox 2203 1062 2401 1117; x_wconf 76' lang='grc' dir='ltr'><strong>ΗΜΩΝ</strong></span> 
     </span>
    </p>
   </div>
   <div class='ocr_carea' id='block_1_5' title="bbox 1143 1241 2734 1338">
    <p class='ocr_par' dir='ltr' id='par_1_5' title="bbox 1143 1241 2734 1338">
     <span class='ocr_line' id='line_1_5' title="bbox 1143 1241 2734 1338; baseline -0.003 0"><span class='ocrx_word' id='word_1_10' title='bbox 1143 1247 1746 1338; x_wconf 84' lang='grc' dir='ltr'><strong>ΘΕΟΔΩΡΟΥ</strong></span> <span class='ocrx_word' id='word_1_11' title='bbox 1818 1250 2046 1338; x_wconf 90' lang='grc' dir='ltr'><strong>ΤΟΥ</strong></span> <span class='ocrx_word' id='word_1_12' title='bbox 2100 1241 2734 1336; x_wconf 83' lang='grc' dir='ltr'><strong>ΣΤΟΥΔΙῚὈΥ</strong></span> 
     </span>
    </p>
   </div>
   <div class='ocr_carea' id='block_1_6' title="bbox 1420 1436 2435 1564">
    <p class='ocr_par' dir='ltr' id='par_1_6' title="bbox 1420 1436 2435 1564">
     <span class='ocr_line' id='line_1_6' title="bbox 1420 1436 2435 1564; baseline -0.001 -2"><span class='ocrx_word' id='word_1_13' title='bbox 1420 1442 2216 1564; x_wconf 79' lang='grc' dir='ltr'><strong>ΚΕΦΛΛΑΙΑ</strong></span> <span class='ocrx_word' id='word_1_14' title='bbox 2292 1436 2435 1561; x_wconf 83' lang='grc' dir='ltr'><strong>Δ’.</strong></span> 
     </span>
    </p>
   </div>
   <div class='ocr_carea' id='block_1_7' title="bbox 982 1826 2833 1922">
    <p class='ocr_par' dir='ltr' id='par_1_7' title="bbox 982 1826 2833 1922">
     <span class='ocr_line' id='line_1_7' title="bbox 982 1826 2833 1922; baseline -0.002 -4"><span class='ocrx_word' id='word_1_15' title='bbox 982 1826 1076 1918; x_wconf 91' lang='lat' dir='ltr'><strong>S.</strong></span> <span class='ocrx_word' id='word_1_16' title='bbox 1155 1828 1265 1916; x_wconf 92' lang='lat' dir='ltr'><strong>P.</strong></span> <span class='ocrx_word' id='word_1_17' title='bbox 1347 1829 1465 1919; x_wconf 91' lang='lat' dir='ltr'><strong>N.</strong></span> <span class='ocrx_word' id='word_1_18' title='bbox 1559 1826 2197 1922; x_wconf 79' lang='lat' dir='ltr'><strong>THEODOBI</strong></span> <span class='ocrx_word' id='word_1_19' title='bbox 2276 1827 2833 1920; x_wconf 64' lang='lat' dir='ltr'><strong>STUDITIE</strong></span> 
     </span>
    </p>
   </div>
   <div class='ocr_carea' id='block_1_8' title="bbox 1167 2039 2675 2185">
    <p class='ocr_par' dir='ltr' id='par_1_8' title="bbox 1167 2039 2675 2185">
     <span class='ocr_line' id='line_1_8' title="bbox 1167 2039 2675 2185; baseline -0.005 -26"><span class='ocrx_word' id='word_1_20' title='bbox 1167 2043 1881 2160; x_wconf 87' lang='lat' dir='ltr'><strong>CAPITULA</strong></span> <span class='ocrx_word' id='word_1_21' title='bbox 1944 2039 2675 2185; x_wconf 81' lang='lat' dir='ltr'><strong>QUATUOR.</strong></span> 
     </span>
    </p>
   </div>
   <div class='ocr_carea' id='block_1_9' title="bbox 1228 2259 2640 2335">
    <p class='ocr_par' dir='ltr' id='par_1_9' title="bbox 1228 2259 2640 2335">
     <span class='ocr_line' id='line_1_9' title="bbox 1228 2259 2640 2335; baseline -0.001 -15"><span class='ocrx_word' id='word_1_22' title='bbox 1228 2265 1422 2335; x_wconf 72' lang='lat' dir='ltr'><strong>(Pera.</strong></span> <span class='ocrx_word' id='word_1_23' title='bbox 1455 2266 1670 2328; x_wconf 74' lang='lat' dir='ltr'><strong>Possm,</strong></span> <span class='ocrx_word' id='word_1_24' title='bbox 1702 2259 2316 2324; x_wconf 76' lang='lat' dir='ltr'><strong>ThesanrusAsceticus,</strong></span> <span class='ocrx_word' id='word_1_25' title='bbox 2340 2277 2458 2333; x_wconf 80' lang='lat' dir='ltr'><strong>pag.</strong></span> <span class='ocrx_word' id='word_1_26' title='bbox 2491 2261 2640 2318; x_wconf 80' lang='lat' dir='ltr'><strong>5H.)</strong></span> 
     </span>
    </p>
   </div>
   <div class='ocr_carea' id='block_1_10' title="bbox 364 2493 1905 2568">
    <p class='ocr_par' dir='ltr' id='par_1_10' title="bbox 364 2493 1874 2568">
     <span class='ocr_line' id='line_1_10' title="bbox 364 2493 1874 2568; baseline -0.004 -14"><span class='ocrx_word' id='word_1_27' title='bbox 364 2501 446 2555; x_wconf 80' lang='lat' dir='ltr'><strong>A&#39;.</strong></span> <span class='ocrx_word' id='word_1_28' title='bbox 487 2497 656 2554; x_wconf 76' lang='grc' dir='ltr'>Οὐδὲν</span> <span class='ocrx_word' id='word_1_29' title='bbox 681 2497 812 2553; x_wconf 78' lang='grc' dir='ltr'>ἄλλο</span> <span class='ocrx_word' id='word_1_30' title='bbox 863 2496 1012 2550; x_wconf 78' lang='grc' dir='ltr'>ἐστὶν</span> <span class='ocrx_word' id='word_1_31' title='bbox 1044 2496 1079 2567; x_wconf 82' lang='grc' dir='ltr'>ἠ</span> <span class='ocrx_word' id='word_1_32' title='bbox 1105 2494 1379 2568; x_wconf 80' lang='grc' dir='ltr'>ἁσκητικὴ</span> <span class='ocrx_word' id='word_1_33' title='bbox 1413 2493 1550 2566; x_wconf 74' lang='grc' dir='ltr'><strong>ζωὴ,</strong></span> <span class='ocrx_word' id='word_1_34' title='bbox 1580 2493 1694 2548; x_wconf 80' lang='grc' dir='ltr'>ἀλλ’</span> <span class='ocrx_word' id='word_1_35' title='bbox 1722 2495 1874 2566; x_wconf 82' lang='grc' dir='ltr'>ἢέγ-</span> 
     </span>
    </p>
   </div>
   <div class='ocr_carea' id='block_1_11' title="bbox 1972 2493 3558 2568">
    <p class='ocr_par' dir='ltr' id='par_1_11' title="bbox 2049 2493 3558 2564">
     <span class='ocr_line' id='line_1_11' title="bbox 2049 2493 3558 2564; baseline -0.001 -13"><span class='ocrx_word' id='word_1_36' title='bbox 2049 2494 2094 2551; x_wconf 83' lang='grc' dir='ltr'><strong>Ι.</strong></span> <span class='ocrx_word' id='word_1_37' title='bbox 2112 2495 2258 2551; x_wconf 82' lang='lat' dir='ltr'><strong>Nihil</strong></span> <span class='ocrx_word' id='word_1_38' title='bbox 2288 2494 2440 2550; x_wconf 83' lang='lat' dir='ltr'><strong>aliud</strong></span> <span class='ocrx_word' id='word_1_39' title='bbox 2468 2506 2554 2550; x_wconf 89' lang='lat' dir='ltr'><strong>est</strong></span> <span class='ocrx_word' id='word_1_40' title='bbox 2585 2494 2692 2550; x_wconf 90' lang='lat' dir='ltr'><strong>vita</strong></span> <span class='ocrx_word' id='word_1_41' title='bbox 2720 2495 2957 2550; x_wconf 87' lang='lat' dir='ltr'><strong>ascetica</strong></span> <span class='ocrx_word' id='word_1_42' title='bbox 3001 2493 3105 2549; x_wconf 86' lang='lat' dir='ltr'><strong>nisi</strong></span> <span class='ocrx_word' id='word_1_43' title='bbox 3133 2493 3398 2550; x_wconf 86' lang='lat' dir='ltr'><strong>cobibitin</strong></span> <span class='ocrx_word' id='word_1_44' title='bbox 3432 2507 3558 2564; x_wconf 56' lang='lat' dir='ltr'><strong>pas.</strong></span> 
     </span>
    </p>
   </div>
   <div class='ocr_carea' id='block_1_12' title="bbox 291 2585 1905 2662">
    <p class='ocr_par' dir='ltr' id='par_1_12' title="bbox 291 2587 1878 2662">
     <span class='ocr_line' id='line_1_12' title="bbox 291 2587 1878 2662; baseline -0.003 -18"><span class='ocrx_word' id='word_1_45' title='bbox 291 2590 522 2662; x_wconf 82' lang='grc' dir='ltr'>κράτεια</span> <span class='ocrx_word' id='word_1_46' title='bbox 567 2587 760 2642; x_wconf 89' lang='grc' dir='ltr'>παθῶν</span> <span class='ocrx_word' id='word_1_47' title='bbox 779 2626 796 2652; x_wconf 92' lang='grc'><strong>,</strong></span> <span class='ocrx_word' id='word_1_48' title='bbox 830 2587 1124 2642; x_wconf 75' lang='grc' dir='ltr'><strong>ἐπιστασία</strong></span> <span class='ocrx_word' id='word_1_49' title='bbox 1151 2605 1212 2642; x_wconf 87' lang='grc' dir='ltr'><strong>τε</strong></span> <span class='ocrx_word' id='word_1_50' title='bbox 1245 2588 1546 2659; x_wconf 83' lang='grc' dir='ltr'><strong>λογισμῶν,</strong></span> <span class='ocrx_word' id='word_1_51' title='bbox 1577 2588 1674 2642; x_wconf 74' lang='grc' dir='ltr'><strong>καὶ</strong></span> <span class='ocrx_word' id='word_1_52' title='bbox 1696 2588 1878 2659; x_wconf 84' lang='grc' dir='ltr'>διηνε-</span> 
     </span>
    </p>
   </div>
   <div class='ocr_carea' id='block_1_13' title="bbox 1972 2585 3564 2662">
    <p class='ocr_par' dir='ltr' id='par_1_13' title="bbox 1978 2585 3564 2658">
     <span class='ocr_line' id='line_1_13' title="bbox 1978 2585 3564 2658; baseline -0.001 -16"><span class='ocrx_word' id='word_1_53' title='bbox 1978 2588 2220 2653; x_wconf 89' lang='lat' dir='ltr'><strong>sionutn,</strong></span> <span class='ocrx_word' id='word_1_54' title='bbox 2263 2587 2448 2657; x_wconf 89' lang='lat' dir='ltr'><strong>vigilia</strong></span> <span class='ocrx_word' id='word_1_55' title='bbox 2491 2602 2660 2658; x_wconf 85' lang='lat' dir='ltr'><strong>super</strong></span> <span class='ocrx_word' id='word_1_56' title='bbox 2689 2586 3074 2658; x_wconf 67' lang='lat' dir='ltr'><strong>cogitationes,</strong></span> <span class='ocrx_word' id='word_1_57' title='bbox 3105 2586 3369 2641; x_wconf 86' lang='lat' dir='ltr'><strong>continua</strong></span> <span class='ocrx_word' id='word_1_58' title='bbox 3415 2585 3564 2640; x_wconf 85' lang='lat' dir='ltr'><strong>lucta</strong></span> 
     </span>
    </p>
   </div>
   <div class='ocr_carea' id='block_1_14' title="bbox 292 2677 1874 2751">
    <p class='ocr_par' dir='ltr' id='par_1_14' title="bbox 292 2677 1874 2751">
     <span class='ocr_line' id='line_1_14' title="bbox 292 2677 1874 2751; baseline -0.001 -19"><span class='ocrx_word' id='word_1_59' title='bbox 292 2679 394 2748; x_wconf 80' lang='grc' dir='ltr'><strong>κὴς</strong></span> <span class='ocrx_word' id='word_1_60' title='bbox 424 2677 568 2748; x_wconf 80' lang='grc' dir='ltr'>πάλη</span> <span class='ocrx_word' id='word_1_61' title='bbox 597 2677 736 2750; x_wconf 77' lang='grc' dir='ltr'>πρὸς</span> <span class='ocrx_word' id='word_1_62' title='bbox 766 2678 895 2740; x_wconf 81' lang='grc' dir='ltr'>τοὺς</span> <span class='ocrx_word' id='word_1_63' title='bbox 924 2678 1189 2748; x_wconf 81' lang='grc' dir='ltr'>ἀοράτους</span> <span class='ocrx_word' id='word_1_64' title='bbox 1225 2678 1455 2750; x_wconf 85' lang='grc' dir='ltr'>ἐχθρούς</span> <span class='ocrx_word' id='word_1_65' title='bbox 1480 2695 1495 2710; x_wconf 78' lang='grc' dir='ltr'><strong><em>ο</em></strong></span> <span class='ocrx_word' id='word_1_66' title='bbox 1536 2679 1786 2751; x_wconf 83' lang='grc' dir='ltr'>καθαράν</span> <span class='ocrx_word' id='word_1_67' title='bbox 1813 2695 1874 2733; x_wconf 87' lang='grc' dir='ltr'><strong>τε</strong></span> 
     </span>
    </p>
   </div>
   <div class='ocr_carea' id='block_1_15' title="bbox 289 2767 1874 2840">
    <p class='ocr_par' dir='ltr' id='par_1_15' title="bbox 289 2767 1874 2840">
     <span class='ocr_line' id='line_1_15' title="bbox 289 2767 1874 2840; baseline 0.001 -18"><span class='ocrx_word' id='word_1_68' title='bbox 289 2769 388 2840; x_wconf 82' lang='grc' dir='ltr'>τὴν</span> <span class='ocrx_word' id='word_1_69' title='bbox 434 2767 616 2839; x_wconf 78' lang='grc' dir='ltr'>ψυχὴν</span> <span class='ocrx_word' id='word_1_70' title='bbox 642 2770 836 2839; x_wconf 79' lang='grc' dir='ltr'><strong>τηρεῖν</strong></span> <span class='ocrx_word' id='word_1_71' title='bbox 865 2767 979 2821; x_wconf 82' lang='grc' dir='ltr'><strong>ἀπὸ</strong></span> <span class='ocrx_word' id='word_1_72' title='bbox 1013 2768 1282 2840; x_wconf 80' lang='grc' dir='ltr'><strong>ῥυπαρῶν</strong></span> <span class='ocrx_word' id='word_1_73' title='bbox 1310 2769 1593 2840; x_wconf 84' lang='grc' dir='ltr'><strong>λογισμῶν</strong></span> <span class='ocrx_word' id='word_1_74' title='bbox 1644 2769 1696 2824; x_wconf 84' lang='grc' dir='ltr'>οἶ</span> <span class='ocrx_word' id='word_1_75' title='bbox 1756 2787 1874 2824; x_wconf 85' lang='grc' dir='ltr'>κοι-</span> 
     </span>
    </p>
   </div>
   <div class='ocr_carea' id='block_1_16' title="bbox 292 2858 1875 2932">
    <p class='ocr_par' dir='ltr' id='par_1_16' title="bbox 292 2858 1875 2932">
     <span class='ocr_line' id='line_1_16' title="bbox 292 2858 1875 2932; baseline 0.001 -19"><span class='ocrx_word' id='word_1_76' title='bbox 292 2861 473 2915; x_wconf 78' lang='grc' dir='ltr'>νοῦσιν</span> <span class='ocrx_word' id='word_1_77' title='bbox 498 2860 647 2932; x_wconf 78' lang='grc' dir='ltr'>ἡμᾶς</span> <span class='ocrx_word' id='word_1_78' title='bbox 668 2874 683 2891; x_wconf 89' lang='grc'><strong>·</strong></span> <span class='ocrx_word' id='word_1_79' title='bbox 723 2861 783 2913; x_wconf 91' lang='grc' dir='ltr'><strong>ἐν</strong></span> <span class='ocrx_word' id='word_1_80' title='bbox 803 2859 914 2930; x_wconf 86' lang='grc' dir='ltr'><strong>γὰρ</strong></span> <span class='ocrx_word' id='word_1_81' title='bbox 944 2858 1026 2931; x_wconf 85' lang='grc' dir='ltr'><strong>τῷ</strong></span> <span class='ocrx_word' id='word_1_82' title='bbox 1052 2859 1388 2928; x_wconf 78' lang='grc' dir='ltr'>λογίζεσθαι,</span> <span class='ocrx_word' id='word_1_83' title='bbox 1417 2861 1495 2924; x_wconf 85' lang='grc' dir='ltr'><strong>ὡς</strong></span> <span class='ocrx_word' id='word_1_84' title='bbox 1527 2860 1642 2932; x_wconf 83' lang='grc' dir='ltr'>πῦρ</span> <span class='ocrx_word' id='word_1_85' title='bbox 1671 2863 1708 2932; x_wconf 77' lang='grc' dir='ltr'><strong>ἠ</strong></span> <span class='ocrx_word' id='word_1_86' title='bbox 1753 2862 1875 2915; x_wconf 86' lang='grc' dir='ltr'>ἐπι-</span> 
     </span>
    </p>
   </div>
   <div class='ocr_carea' id='block_1_17' title="bbox 292 2948 1874 3021">
    <p class='ocr_par' dir='ltr' id='par_1_17' title="bbox 292 2948 1874 3021">
     <span class='ocr_line' id='line_1_17' title="bbox 292 2948 1874 3021; baseline -0.002 -17"><span class='ocrx_word' id='word_1_87' title='bbox 292 2951 461 3021; x_wconf 79' lang='grc' dir='ltr'>θυμία</span> <span class='ocrx_word' id='word_1_88' title='bbox 520 2951 822 3005; x_wconf 84' lang='grc' dir='ltr'>ἀνάπτεται</span> <span class='ocrx_word' id='word_1_89' title='bbox 845 2967 862 2983; x_wconf 68' lang='grc' dir='ltr'>θ</span> <span class='ocrx_word' id='word_1_90' title='bbox 914 2949 1050 3003; x_wconf 82' lang='grc' dir='ltr'>ἀλλὰ</span> <span class='ocrx_word' id='word_1_91' title='bbox 1082 2948 1368 3021; x_wconf 77' lang='grc' dir='ltr'>πόρρωθεν</span> <span class='ocrx_word' id='word_1_92' title='bbox 1419 2948 1528 3002; x_wconf 90' lang='grc' dir='ltr'><strong>τῶν</strong></span> <span class='ocrx_word' id='word_1_93' title='bbox 1550 2948 1740 3004; x_wconf 72' lang='grc' dir='ltr'>παθῶν</span> <span class='ocrx_word' id='word_1_94' title='bbox 1793 2949 1874 3002; x_wconf 83' lang='grc' dir='ltr'><strong>ἱσ-</strong></span> 
     </span>
    </p>
   </div>
   <div class='ocr_carea' id='block_1_18' title="bbox 290 3038 1874 3112">
    <p class='ocr_par' dir='ltr' id='par_1_18' title="bbox 290 3038 1874 3112">
     <span class='ocr_line' id='line_1_18' title="bbox 290 3038 1874 3112; baseline 0 -18"><span class='ocrx_word' id='word_1_95' title='bbox 290 3044 536 3112; x_wconf 75' lang='grc' dir='ltr'>τάμενοι,</span> <span class='ocrx_word' id='word_1_96' title='bbox 554 3040 616 3106; x_wconf 80' lang='grc' dir='ltr'>ἐξ</span> <span class='ocrx_word' id='word_1_97' title='bbox 640 3041 810 3111; x_wconf 81' lang='grc' dir='ltr'>αὐτῆς</span> <span class='ocrx_word' id='word_1_98' title='bbox 823 3039 1135 3112; x_wconf 85' lang='grc' dir='ltr'>προσϐολῆς</span> <span class='ocrx_word' id='word_1_99' title='bbox 1148 3038 1660 3112; x_wconf 67' lang='grc' dir='ltr'>ἅποκρούωμενζτὺν</span> <span class='ocrx_word' id='word_1_100' title='bbox 1678 3040 1874 3112; x_wconf 83' lang='grc' dir='ltr'>πειρά-</span> 
     </span>
    </p>
   </div>
   <div class='ocr_carea' id='block_1_19' title="bbox 291 3137 473 3199">
    <p class='ocr_par' dir='ltr' id='par_1_19' title="bbox 291 3137 473 3199">
     <span class='ocr_line' id='line_1_19' title="bbox 291 3137 473 3199; baseline 0.011 -13"><span class='ocrx_word' id='word_1_101' title='bbox 291 3137 473 3199; x_wconf 76' lang='grc' dir='ltr'>ζοντα.</span> 
     </span>
    </p>
   </div>
   <div class='ocr_carea' id='block_1_20' title="bbox 364 3221 1875 3298">
    <p class='ocr_par' dir='ltr' id='par_1_20' title="bbox 364 3221 1875 3298">
     <span class='ocr_line' id='line_1_20' title="bbox 364 3221 1875 3298; baseline -0.003 -18"><span class='ocrx_word' id='word_1_102' title='bbox 364 3229 439 3282; x_wconf 86' lang='lat' dir='ltr'><strong>B&#39;.</strong></span> <span class='ocrx_word' id='word_1_103' title='bbox 471 3227 706 3298; x_wconf 79' lang='grc' dir='ltr'>Νήψεως</span> <span class='ocrx_word' id='word_1_104' title='bbox 731 3224 932 3296; x_wconf 84' lang='grc' dir='ltr'>πολλῆς</span> <span class='ocrx_word' id='word_1_105' title='bbox 959 3223 1119 3296; x_wconf 85' lang='grc' dir='ltr'>χρεία</span> <span class='ocrx_word' id='word_1_106' title='bbox 1143 3224 1280 3295; x_wconf 79' lang='grc' dir='ltr'>ἡμῖν</span> <span class='ocrx_word' id='word_1_107' title='bbox 1309 3221 1407 3276; x_wconf 76' lang='grc' dir='ltr'><strong>καὶ</strong></span> <span class='ocrx_word' id='word_1_108' title='bbox 1433 3221 1712 3294; x_wconf 80' lang='grc' dir='ltr'><strong>προσοχῆς</strong></span> <span class='ocrx_word' id='word_1_109' title='bbox 1731 3237 1748 3255; x_wconf 78' lang='grc' dir='ltr'><strong>ο</strong></span> <span class='ocrx_word' id='word_1_110' title='bbox 1777 3223 1875 3276; x_wconf 74' lang='lat' dir='ltr'><strong>xui.</strong></span> 
     </span>
    </p>
   </div>
   <div class='ocr_carea' id='block_1_21' title="bbox 293 3315 1874 3390">
    <p class='ocr_par' dir='ltr' id='par_1_21' title="bbox 293 3315 1874 3390">
     <span class='ocr_line' id='line_1_21' title="bbox 293 3315 1874 3390; baseline -0.003 -17"><span class='ocrx_word' id='word_1_111' title='bbox 293 3320 612 3390; x_wconf 85' lang='grc' dir='ltr'>ἐτοιμασίας</span> <span class='ocrx_word' id='word_1_112' title='bbox 637 3321 736 3390; x_wconf 83' lang='grc' dir='ltr'>τῆς</span> <span class='ocrx_word' id='word_1_113' title='bbox 785 3317 1021 3388; x_wconf 80' lang='grc' dir='ltr'><strong>καρδίας</strong></span> <span class='ocrx_word' id='word_1_114' title='bbox 1051 3319 1131 3382; x_wconf 86' lang='grc' dir='ltr'><strong>είς</strong></span> <span class='ocrx_word' id='word_1_115' title='bbox 1161 3317 1225 3370; x_wconf 79' lang='grc' dir='ltr'>τὸ</span> <span class='ocrx_word' id='word_1_116' title='bbox 1267 3315 1561 3387; x_wconf 82' lang='grc' dir='ltr'>χαλινῶσαι</span> <span class='ocrx_word' id='word_1_117' title='bbox 1615 3317 1709 3370; x_wconf 83' lang='grc' dir='ltr'>τὸν</span> <span class='ocrx_word' id='word_1_118' title='bbox 1748 3315 1874 3370; x_wconf 81' lang='grc' dir='ltr'>νοῦν</span> 
     </span>
    </p>
   </div>
   <div class='ocr_carea' id='block_1_22' title="bbox 293 3407 1874 3483">
    <p class='ocr_par' dir='ltr' id='par_1_22' title="bbox 293 3407 1874 3483">
     <span class='ocr_line' id='line_1_22' title="bbox 293 3407 1874 3483; baseline -0.003 -18"><span class='ocrx_word' id='word_1_119' title='bbox 293 3413 474 3483; x_wconf 77' lang='grc' dir='ltr'>ἡμῶν,</span> <span class='ocrx_word' id='word_1_120' title='bbox 506 3411 582 3482; x_wconf 82' lang='grc' dir='ltr'>μὴ</span> <span class='ocrx_word' id='word_1_121' title='bbox 612 3412 944 3480; x_wconf 74' lang='grc' dir='ltr'>ἐκφέρεσθαι</span> <span class='ocrx_word' id='word_1_122' title='bbox 978 3411 1058 3472; x_wconf 90' lang='grc' dir='ltr'><strong>είς</strong></span> <span class='ocrx_word' id='word_1_123' title='bbox 1086 3407 1123 3464; x_wconf 73' lang='grc' dir='ltr'><strong>ἃ,</strong></span> <span class='ocrx_word' id='word_1_124' title='bbox 1153 3409 1228 3479; x_wconf 83' lang='grc' dir='ltr'>μὴ</span> <span class='ocrx_word' id='word_1_125' title='bbox 1256 3407 1356 3475; x_wconf 81' lang='grc' dir='ltr'>δεῖ,</span> <span class='ocrx_word' id='word_1_126' title='bbox 1388 3407 1464 3480; x_wconf 79' lang='grc' dir='ltr'>μὴ</span> <span class='ocrx_word' id='word_1_127' title='bbox 1514 3407 1874 3479; x_wconf 82' lang='grc' dir='ltr'>κενεμϐατεῖν</span> 
     </span>
    </p>
   </div>
   <div class='ocr_carea' id='block_1_23' title="bbox 293 3501 1875 3575">
    <p class='ocr_par' dir='ltr' id='par_1_23' title="bbox 293 3501 1875 3575">
     <span class='ocr_line' id='line_1_23' title="bbox 293 3501 1875 3575; baseline -0.004 -17"><span class='ocrx_word' id='word_1_128' title='bbox 293 3508 374 3569; x_wconf 85' lang='grc' dir='ltr'><strong>είς</strong></span> <span class='ocrx_word' id='word_1_129' title='bbox 401 3505 630 3565; x_wconf 73' lang='grc' dir='ltr'>ἑκτοπα.</span> <span class='ocrx_word' id='word_1_130' title='bbox 667 3504 743 3574; x_wconf 83' lang='grc' dir='ltr'>μὴ</span> <span class='ocrx_word' id='word_1_131' title='bbox 775 3505 1198 3575; x_wconf 79' lang='grc' dir='ltr'>ἁναζωγραφεῖν</span> <span class='ocrx_word' id='word_1_132' title='bbox 1232 3501 1437 3562; x_wconf 82' lang='grc' dir='ltr'>τύπους</span> <span class='ocrx_word' id='word_1_133' title='bbox 1456 3503 1748 3572; x_wconf 80' lang='grc' dir='ltr'>πονηροὺς,</span> <span class='ocrx_word' id='word_1_134' title='bbox 1771 3517 1875 3571; x_wconf 89' lang='grc' dir='ltr'>μη-</span> 
     </span>
    </p>
   </div>
   <div class='ocr_carea' id='block_1_24' title="bbox 293 3587 1873 3666">
    <p class='ocr_par' dir='ltr' id='par_1_24' title="bbox 293 3587 1873 3666">
     <span class='ocr_line' id='line_1_24' title="bbox 293 3587 1873 3666; baseline -0.004 -15"><span class='ocrx_word' id='word_1_135' title='bbox 293 3599 350 3651; x_wconf 71' lang='grc' dir='ltr'>δὲ</span> <span class='ocrx_word' id='word_1_136' title='bbox 404 3595 806 3666; x_wconf 82' lang='grc' dir='ltr'>συλλαμϐάνειν</span> <span class='ocrx_word' id='word_1_137' title='bbox 846 3595 1144 3666; x_wconf 75' lang='grc' dir='ltr'><strong>ἐπιθυμίας</strong></span> <span class='ocrx_word' id='word_1_138' title='bbox 1175 3593 1581 3665; x_wconf 80' lang='grc' dir='ltr'>ἁμαρτητικὰς,</span> <span class='ocrx_word' id='word_1_139' title='bbox 1608 3591 1670 3658; x_wconf 81' lang='grc' dir='ltr'>ἐξ</span> <span class='ocrx_word' id='word_1_140' title='bbox 1690 3587 1766 3647; x_wconf 81' lang='grc' dir='ltr'>ὧν</span> <span class='ocrx_word' id='word_1_141' title='bbox 1779 3592 1873 3646; x_wconf 82' lang='grc' dir='ltr'><strong>οὑ-</strong></span> 
     </span>
    </p>
   </div>
   <div class='ocr_carea' id='block_1_25' title="bbox 292 3684 1874 3758">
    <p class='ocr_par' dir='ltr' id='par_1_25' title="bbox 292 3684 1874 3758">
     <span class='ocr_line' id='line_1_25' title="bbox 292 3684 1874 3758; baseline -0.003 -15"><span class='ocrx_word' id='word_1_142' title='bbox 292 3690 381 3743; x_wconf 82' lang='grc' dir='ltr'><strong>δέν</strong></span> <span class='ocrx_word' id='word_1_143' title='bbox 421 3686 801 3758; x_wconf 85' lang='grc' dir='ltr'>ὠφελούμεθα,</span> <span class='ocrx_word' id='word_1_144' title='bbox 832 3685 1143 3740; x_wconf 82' lang='grc' dir='ltr'>τούναντίον</span> <span class='ocrx_word' id='word_1_145' title='bbox 1171 3685 1229 3739; x_wconf 80' lang='grc' dir='ltr'>δὲ</span> <span class='ocrx_word' id='word_1_146' title='bbox 1279 3684 1500 3755; x_wconf 84' lang='grc' dir='ltr'>μᾶλλον,</span> <span class='ocrx_word' id='word_1_147' title='bbox 1557 3685 1874 3756; x_wconf 86' lang='grc' dir='ltr'>όδυνώμεθα</span> 
     </span>
    </p>
   </div>
   <div class='ocr_carea' id='block_1_26' title="bbox 293 3776 1874 3851">
    <p class='ocr_par' dir='ltr' id='par_1_26' title="bbox 293 3776 1874 3851">
     <span class='ocr_line' id='line_1_26' title="bbox 293 3776 1874 3851; baseline -0.003 -17"><span class='ocrx_word' id='word_1_148' title='bbox 293 3783 389 3834; x_wconf 69' lang='grc' dir='ltr'><strong>καὶ</strong></span> <span class='ocrx_word' id='word_1_149' title='bbox 428 3779 859 3851; x_wconf 86' lang='grc' dir='ltr'>συντριϐόμεθα,</span> <span class='ocrx_word' id='word_1_150' title='bbox 887 3779 969 3842; x_wconf 89' lang='grc' dir='ltr'><strong>είς</strong></span> <span class='ocrx_word' id='word_1_151' title='bbox 1001 3778 1154 3832; x_wconf 79' lang='grc' dir='ltr'>οὐδὲν</span> <span class='ocrx_word' id='word_1_152' title='bbox 1185 3777 1458 3849; x_wconf 86' lang='grc' dir='ltr'>χρήσιμον</span> <span class='ocrx_word' id='word_1_153' title='bbox 1483 3776 1874 3846; x_wconf 80' lang='grc' dir='ltr'>τελεσφοροῦν-</span> 
     </span>
    </p>
   </div>
   <div class='ocr_carea' id='block_1_27' title="bbox 1975 2680 3561 2751">
    <p class='ocr_par' dir='ltr' id='par_1_27' title="bbox 1975 2680 3561 2751">
     <span class='ocr_line' id='line_1_27' title="bbox 1975 2680 3561 2751; baseline -0.003 -16"><span class='ocrx_word' id='word_1_154' title='bbox 1975 2691 2168 2736; x_wconf 77' lang='lat' dir='ltr'><strong>contra</strong></span> <span class='ocrx_word' id='word_1_155' title='bbox 2202 2681 2390 2736; x_wconf 78' lang='lat' dir='ltr'><strong>hostes</strong></span> <span class='ocrx_word' id='word_1_156' title='bbox 2421 2680 2758 2749; x_wconf 78' lang='lat' dir='ltr'><strong>invisibiles;</strong></span> <span class='ocrx_word' id='word_1_157' title='bbox 2782 2688 2837 2734; x_wconf 91' lang='lat' dir='ltr'><strong>et</strong></span> <span class='ocrx_word' id='word_1_158' title='bbox 2851 2695 3045 2751; x_wconf 88' lang='lat' dir='ltr'><strong>puram</strong></span> <span class='ocrx_word' id='word_1_159' title='bbox 3066 2681 3306 2734; x_wconf 84' lang='lat' dir='ltr'><strong>animam</strong></span> <span class='ocrx_word' id='word_1_160' title='bbox 3341 2693 3561 2734; x_wconf 76' lang='lat' dir='ltr'><strong>servare</strong></span> 
     </span>
    </p>
   </div>
   <div class='ocr_carea' id='block_1_28' title="bbox 1975 2767 3558 2842">
    <p class='ocr_par' dir='ltr' id='par_1_28' title="bbox 1975 2767 3558 2842">
     <span class='ocr_line' id='line_1_28' title="bbox 1975 2767 3558 2842; baseline -0.004 -16"><span class='ocrx_word' id='word_1_161' title='bbox 1975 2788 2005 2826; x_wconf 90' lang='lat' dir='ltr'><strong>a</strong></span> <span class='ocrx_word' id='word_1_162' title='bbox 2055 2772 2299 2828; x_wconf 81' lang='lat' dir='ltr'><strong>sordidis</strong></span> <span class='ocrx_word' id='word_1_163' title='bbox 2343 2772 2772 2842; x_wconf 72' lang='lat' dir='ltr'><strong>cogitationibus</strong></span> <span class='ocrx_word' id='word_1_164' title='bbox 2797 2786 2919 2841; x_wconf 72' lang='lat' dir='ltr'><strong>qua:</strong></span> <span class='ocrx_word' id='word_1_165' title='bbox 2949 2770 3242 2842; x_wconf 85' lang='lat' dir='ltr'><strong>inquinant</strong></span> <span class='ocrx_word' id='word_1_166' title='bbox 3271 2784 3394 2824; x_wconf 86' lang='lat' dir='ltr'><strong>nos.</strong></span> <span class='ocrx_word' id='word_1_167' title='bbox 3421 2767 3558 2822; x_wconf 85' lang='lat' dir='ltr'><strong>Dum</strong></span> 
     </span>
    </p>
   </div>
   <div class='ocr_carea' id='block_1_29' title="bbox 1975 2863 3560 2934">
    <p class='ocr_par' dir='ltr' id='par_1_29' title="bbox 1975 2863 3560 2934">
     <span class='ocr_line' id='line_1_29' title="bbox 1975 2863 3560 2934; baseline -0.004 -14"><span class='ocrx_word' id='word_1_168' title='bbox 1975 2866 2124 2920; x_wconf 90' lang='lat' dir='ltr'><strong>enim</strong></span> <span class='ocrx_word' id='word_1_169' title='bbox 2175 2866 2308 2921; x_wconf 80' lang='lat' dir='ltr'><strong>talia</strong></span> <span class='ocrx_word' id='word_1_170' title='bbox 2358 2875 2540 2920; x_wconf 84' lang='lat' dir='ltr'><strong>mente</strong></span> <span class='ocrx_word' id='word_1_171' title='bbox 2589 2879 2899 2930; x_wconf 83' lang='lat' dir='ltr'><strong>versamus,</strong></span> <span class='ocrx_word' id='word_1_172' title='bbox 2929 2863 3376 2934; x_wconf 80' lang='lat' dir='ltr'><strong>concupiscentia</strong></span> <span class='ocrx_word' id='word_1_173' title='bbox 3415 2863 3560 2918; x_wconf 84' lang='lat' dir='ltr'><strong>sicut</strong></span> 
     </span>
    </p>
   </div>
   <div class='ocr_carea' id='block_1_30' title="bbox 1976 2955 3560 3028">
    <p class='ocr_par' dir='ltr' id='par_1_30' title="bbox 1976 2955 3560 3028">
     <span class='ocr_line' id='line_1_30' title="bbox 1976 2955 3560 3028; baseline -0.001 -18"><span class='ocrx_word' id='word_1_174' title='bbox 1976 2958 2118 3028; x_wconf 87' lang='lat' dir='ltr'><strong>ignis</strong></span> <span class='ocrx_word' id='word_1_175' title='bbox 2157 2958 2550 3013; x_wconf 82' lang='lat' dir='ltr'><strong>inﬂammatur.</strong></span> <span class='ocrx_word' id='word_1_176' title='bbox 2606 2957 2678 3012; x_wconf 80' lang='lat' dir='ltr'><strong>At</strong></span> <span class='ocrx_word' id='word_1_177' title='bbox 2723 2957 2804 3013; x_wconf 92' lang='lat' dir='ltr'><strong>sic</strong></span> <span class='ocrx_word' id='word_1_178' title='bbox 2845 2971 2947 3012; x_wconf 91' lang='lat' dir='ltr'><strong>nos</strong></span> <span class='ocrx_word' id='word_1_179' title='bbox 2987 2957 3356 3027; x_wconf 88' lang='lat' dir='ltr'><strong>elongantesa</strong></span> <span class='ocrx_word' id='word_1_180' title='bbox 3384 2955 3560 3019; x_wconf 85' lang='lat' dir='ltr'><strong>vitiis,</strong></span> 
     </span>
    </p>
   </div>
   <div class='ocr_carea' id='block_1_31' title="bbox 1975 3051 3372 3122">
    <p class='ocr_par' dir='ltr' id='par_1_31' title="bbox 1975 3051 3372 3122">
     <span class='ocr_line' id='line_1_31' title="bbox 1975 3051 3372 3122; baseline -0.001 -17"><span class='ocrx_word' id='word_1_181' title='bbox 1975 3051 2031 3106; x_wconf 90' lang='lat' dir='ltr'><strong>in</strong></span> <span class='ocrx_word' id='word_1_182' title='bbox 2058 3051 2179 3122; x_wconf 86' lang='lat' dir='ltr'><strong>ipso</strong></span> <span class='ocrx_word' id='word_1_183' title='bbox 2211 3051 2392 3122; x_wconf 91' lang='lat' dir='ltr'><strong>primo</strong></span> <span class='ocrx_word' id='word_1_184' title='bbox 2420 3051 2636 3108; x_wconf 85' lang='lat' dir='ltr'><strong>assultu</strong></span> <span class='ocrx_word' id='word_1_185' title='bbox 2663 3051 2995 3122; x_wconf 83' lang='lat' dir='ltr'><strong>repellamus</strong></span> <span class='ocrx_word' id='word_1_186' title='bbox 3020 3058 3372 3106; x_wconf 81' lang='lat' dir='ltr'><strong>tentatorem.</strong></span> 
     </span>
    </p>
   </div>
   <div class='ocr_carea' id='block_1_32' title="bbox 2045 3219 3559 3294">
    <p class='ocr_par' dir='ltr' id='par_1_32' title="bbox 2045 3219 3559 3294">
     <span class='ocr_line' id='line_1_32' title="bbox 2045 3219 3559 3294; baseline 0.001 -20"><span class='ocrx_word' id='word_1_187' title='bbox 2045 3219 2113 3276; x_wconf 87' lang='lat' dir='ltr'><strong>ll.</strong></span> <span class='ocrx_word' id='word_1_188' title='bbox 2142 3221 2309 3278; x_wconf 81' lang='lat' dir='ltr'><strong>Multa</strong></span> <span class='ocrx_word' id='word_1_189' title='bbox 2327 3223 2514 3294; x_wconf 75' lang='lat' dir='ltr'><strong>vigilia</strong></span> <span class='ocrx_word' id='word_1_190' title='bbox 2545 3237 2686 3294; x_wconf 86' lang='lat' dir='ltr'><strong>opus</strong></span> <span class='ocrx_word' id='word_1_191' title='bbox 2718 3223 2878 3280; x_wconf 87' lang='lat' dir='ltr'><strong>nobis</strong></span> <span class='ocrx_word' id='word_1_192' title='bbox 2905 3234 3014 3291; x_wconf 88' lang='lat' dir='ltr'><strong>est,</strong></span> <span class='ocrx_word' id='word_1_193' title='bbox 3055 3225 3228 3280; x_wconf 84' lang='lat' dir='ltr'><strong>multa</strong></span> <span class='ocrx_word' id='word_1_194' title='bbox 3257 3223 3559 3280; x_wconf 82' lang='lat' dir='ltr'><strong>attentione</strong></span> 
     </span>
    </p>
   </div>
   <div class='ocr_carea' id='block_1_33' title="bbox 1975 3313 3558 3383">
    <p class='ocr_par' dir='ltr' id='par_1_33' title="bbox 1975 3313 3558 3383">
     <span class='ocr_line' id='line_1_33' title="bbox 1975 3313 3558 3383; baseline -0.001 -17"><span class='ocrx_word' id='word_1_195' title='bbox 1975 3321 2030 3366; x_wconf 89' lang='lat' dir='ltr'><strong>et</strong></span> <span class='ocrx_word' id='word_1_196' title='bbox 2058 3314 2456 3383; x_wconf 67' lang='lat' dir='ltr'><strong>praeparatione</strong></span> <span class='ocrx_word' id='word_1_197' title='bbox 2495 3314 2678 3370; x_wconf 83' lang='lat' dir='ltr'><strong>cordis</strong></span> <span class='ocrx_word' id='word_1_198' title='bbox 2712 3315 2780 3368; x_wconf 89' lang='lat' dir='ltr'><strong>ad</strong></span> <span class='ocrx_word' id='word_1_199' title='bbox 2811 3313 3132 3369; x_wconf 87' lang='lat' dir='ltr'><strong>frenandam</strong></span> <span class='ocrx_word' id='word_1_200' title='bbox 3165 3321 3404 3370; x_wconf 88' lang='lat' dir='ltr'><strong>mentem</strong></span> <span class='ocrx_word' id='word_1_201' title='bbox 3453 3329 3558 3368; x_wconf 86' lang='lat' dir='ltr'><strong>Ito-</strong></span> 
     </span>
    </p>
   </div>
   <div class='ocr_carea' id='block_1_34' title="bbox 1974 3405 3558 3477">
    <p class='ocr_par' dir='ltr' id='par_1_34' title="bbox 1974 3405 3558 3477">
     <span class='ocr_line' id='line_1_34' title="bbox 1974 3405 3558 3477; baseline -0.001 -15"><span class='ocrx_word' id='word_1_202' title='bbox 1974 3416 2170 3469; x_wconf 84' lang='lat' dir='ltr'><strong>stratn,</strong></span> <span class='ocrx_word' id='word_1_203' title='bbox 2207 3422 2275 3460; x_wconf 88' lang='lat' dir='ltr'><strong>ne</strong></span> <span class='ocrx_word' id='word_1_204' title='bbox 2308 3405 2576 3460; x_wconf 80' lang='lat' dir='ltr'><strong>efferatur</strong></span> <span class='ocrx_word' id='word_1_205' title='bbox 2609 3407 2662 3461; x_wconf 91' lang='lat' dir='ltr'><strong>in</strong></span> <span class='ocrx_word' id='word_1_206' title='bbox 2692 3421 2756 3462; x_wconf 88' lang='lat' dir='ltr'><strong>ea</strong></span> <span class='ocrx_word' id='word_1_207' title='bbox 2781 3423 2904 3477; x_wconf 65' lang='lat' dir='ltr'><strong>quae</strong></span> <span class='ocrx_word' id='word_1_208' title='bbox 2943 3421 3053 3460; x_wconf 91' lang='lat' dir='ltr'><strong>non</strong></span> <span class='ocrx_word' id='word_1_209' title='bbox 3082 3405 3414 3461; x_wconf 89' lang='lat' dir='ltr'><strong>conveniunt</strong></span> <span class='ocrx_word' id='word_1_210' title='bbox 3441 3424 3456 3460; x_wconf 88' lang='lat'><strong>:</strong></span> <span class='ocrx_word' id='word_1_211' title='bbox 3492 3421 3558 3460; x_wconf 85' lang='lat' dir='ltr'><strong>ne</strong></span> 
     </span>
    </p>
   </div>
   <div class='ocr_carea' id='block_1_35' title="bbox 1977 3498 3558 3570">
    <p class='ocr_par' dir='ltr' id='par_1_35' title="bbox 1977 3498 3558 3570">
     <span class='ocr_line' id='line_1_35' title="bbox 1977 3498 3558 3570; baseline -0.003 -17"><span class='ocrx_word' id='word_1_212' title='bbox 1977 3498 2395 3570; x_wconf 79' lang='lat' dir='ltr'><strong>imaginationes</strong></span> <span class='ocrx_word' id='word_1_213' title='bbox 2428 3513 2630 3567; x_wconf 87' lang='lat' dir='ltr'><strong>pravas</strong></span> <span class='ocrx_word' id='word_1_214' title='bbox 2670 3498 2839 3570; x_wconf 84' lang='lat' dir='ltr'><strong>fingat</strong></span> <span class='ocrx_word' id='word_1_215' title='bbox 2872 3515 2885 3553; x_wconf 91' lang='lat'><strong>:</strong></span> <span class='ocrx_word' id='word_1_216' title='bbox 2918 3507 3015 3554; x_wconf 88' lang='lat' dir='ltr'><strong>aut</strong></span> <span class='ocrx_word' id='word_1_217' title='bbox 3050 3498 3334 3554; x_wconf 86' lang='lat' dir='ltr'><strong>obversari</strong></span> <span class='ocrx_word' id='word_1_218' title='bbox 3372 3499 3558 3552; x_wconf 87' lang='lat' dir='ltr'><strong>animo</strong></span> 
     </span>
    </p>
   </div>
   <div class='ocr_carea' id='block_1_36' title="bbox 1975 3590 3555 3661">
    <p class='ocr_par' dir='ltr' id='par_1_36' title="bbox 1975 3590 3555 3661">
     <span class='ocr_line' id='line_1_36' title="bbox 1975 3590 3555 3661; baseline 0 -16"><span class='ocrx_word' id='word_1_219' title='bbox 1975 3590 2168 3646; x_wconf 87' lang='lat' dir='ltr'><strong>sinat:</strong></span> <span class='ocrx_word' id='word_1_220' title='bbox 2207 3606 2341 3644; x_wconf 83' lang='lat' dir='ltr'><strong>neve</strong></span> <span class='ocrx_word' id='word_1_221' title='bbox 2391 3590 2670 3660; x_wconf 86' lang='lat' dir='ltr'><strong>concipiat</strong></span> <span class='ocrx_word' id='word_1_222' title='bbox 2719 3591 3052 3661; x_wconf 86' lang='lat' dir='ltr'><strong>cupiditates</strong></span> <span class='ocrx_word' id='word_1_223' title='bbox 3101 3591 3170 3645; x_wconf 87' lang='lat' dir='ltr'><strong>ad</strong></span> <span class='ocrx_word' id='word_1_224' title='bbox 3218 3593 3555 3660; x_wconf 83' lang='lat' dir='ltr'><strong>peccandum</strong></span> 
     </span>
    </p>
   </div>
   <div class='ocr_carea' id='block_1_37' title="bbox 1975 3679 3556 3750">
    <p class='ocr_par' dir='ltr' id='par_1_37' title="bbox 1975 3679 3556 3750">
     <span class='ocr_line' id='line_1_37' title="bbox 1975 3679 3556 3750; baseline 0.001 -18"><span class='ocrx_word' id='word_1_225' title='bbox 1975 3679 2298 3745; x_wconf 83' lang='lat' dir='ltr'><strong>incitantes;</strong></span> <span class='ocrx_word' id='word_1_226' title='bbox 2325 3695 2392 3733; x_wconf 81' lang='lat' dir='ltr'><strong>ex</strong></span> <span class='ocrx_word' id='word_1_227' title='bbox 2426 3681 2626 3749; x_wconf 72' lang='lat' dir='ltr'><strong>quibus</strong></span> <span class='ocrx_word' id='word_1_228' title='bbox 2652 3680 2788 3734; x_wconf 89' lang='lat' dir='ltr'><strong>nihil</strong></span> <span class='ocrx_word' id='word_1_229' title='bbox 2819 3681 3140 3750; x_wconf 83' lang='lat' dir='ltr'><strong>proficimus</strong></span> <span class='ocrx_word' id='word_1_230' title='bbox 3163 3700 3176 3735; x_wconf 89' lang='lat'>:</span> <span class='ocrx_word' id='word_1_231' title='bbox 3201 3681 3335 3750; x_wconf 90' lang='lat' dir='ltr'><strong>quin</strong></span> <span class='ocrx_word' id='word_1_232' title='bbox 3366 3697 3396 3735; x_wconf 91' lang='lat' dir='ltr'><strong>e</strong></span> <span class='ocrx_word' id='word_1_233' title='bbox 3419 3697 3556 3734; x_wconf 84' lang='lat' dir='ltr'><strong>con-</strong></span> 
     </span>
    </p>
   </div>
   <div class='ocr_carea' id='block_1_38' title="bbox 1975 3770 3566 3838">
    <p class='ocr_par' dir='ltr' id='par_1_38' title="bbox 1975 3770 3566 3838">
     <span class='ocr_line' id='line_1_38' title="bbox 1975 3770 3566 3838; baseline 0.001 -14"><span class='ocrx_word' id='word_1_234' title='bbox 1975 3770 2150 3824; x_wconf 84' lang='lat' dir='ltr'><strong>trario</strong></span> <span class='ocrx_word' id='word_1_235' title='bbox 2199 3771 2554 3824; x_wconf 86' lang='lat' dir='ltr'><strong>vulnerantur</strong></span> <span class='ocrx_word' id='word_1_236' title='bbox 2599 3780 2655 3826; x_wconf 87' lang='lat' dir='ltr'><strong>et</strong></span> <span class='ocrx_word' id='word_1_237' title='bbox 2706 3771 3069 3838; x_wconf 88' lang='lat' dir='ltr'><strong>conterimur,</strong></span> <span class='ocrx_word' id='word_1_238' title='bbox 3110 3773 3320 3827; x_wconf 89' lang='lat' dir='ltr'><strong>nullum</strong></span> <span class='ocrx_word' id='word_1_239' title='bbox 3367 3773 3566 3826; x_wconf 88' lang='lat' dir='ltr'><strong>utilem.</strong></span> 
     </span>
    </p>
   </div>
   <div class='ocr_carea' id='block_1_39' title="bbox 292 3859 1905 3940">
    <p class='ocr_par' dir='ltr' id='par_1_39' title="bbox 292 3862 1905 3940">
     <span class='ocr_line' id='line_1_39' title="bbox 292 3862 1905 3940; baseline -0.006 -15"><span class='ocrx_word' id='word_1_240' title='bbox 292 3890 404 3936; x_wconf 81' lang='grc' dir='ltr'>τες.</span> <span class='ocrx_word' id='word_1_241' title='bbox 452 3872 570 3926; x_wconf 79' lang='grc' dir='ltr'>Μία</span> <span class='ocrx_word' id='word_1_242' title='bbox 595 3870 690 3925; x_wconf 78' lang='grc' dir='ltr'>οὖν</span> <span class='ocrx_word' id='word_1_243' title='bbox 735 3871 1070 3934; x_wconf 80' lang='grc' dir='ltr'>ἀνάπαυσις,</span> <span class='ocrx_word' id='word_1_244' title='bbox 1119 3869 1215 3922; x_wconf 81' lang='grc' dir='ltr'><strong>καὶ</strong></span> <span class='ocrx_word' id='word_1_245' title='bbox 1247 3868 1346 3940; x_wconf 90' lang='grc' dir='ltr'><strong>μία</strong></span> <span class='ocrx_word' id='word_1_246' title='bbox 1375 3867 1538 3939; x_wconf 78' lang='grc' dir='ltr'>ἡδονὴ</span> <span class='ocrx_word' id='word_1_247' title='bbox 1591 3868 1654 3920; x_wconf 86' lang='grc' dir='ltr'>τὸ</span> <span class='ocrx_word' id='word_1_248' title='bbox 1695 3862 1905 3922; x_wconf 58' lang='grc' dir='ltr'>καθα-ί</span> 
     </span>
    </p>
   </div>
   <div class='ocr_carea' id='block_1_40' title="bbox 1972 3859 3555 3940">
    <p class='ocr_par' dir='ltr' id='par_1_40' title="bbox 1973 3859 3555 3932">
     <span class='ocr_line' id='line_1_40' title="bbox 1973 3859 3555 3932; baseline 0 -20"><span class='ocrx_word' id='word_1_249' title='bbox 1973 3859 2211 3913; x_wconf 85' lang='lat' dir='ltr'><strong>fructum</strong></span> <span class='ocrx_word' id='word_1_250' title='bbox 2252 3870 2616 3916; x_wconf 81' lang='lat' dir='ltr'><strong>maturantes.</strong></span> <span class='ocrx_word' id='word_1_251' title='bbox 2656 3861 2775 3917; x_wconf 88' lang='lat' dir='ltr'><strong>Una</strong></span> <span class='ocrx_word' id='word_1_252' title='bbox 2825 3863 2993 3932; x_wconf 84' lang='lat' dir='ltr'><strong>igitur</strong></span> <span class='ocrx_word' id='word_1_253' title='bbox 3035 3863 3278 3932; x_wconf 85' lang='lat' dir='ltr'><strong>requies,</strong></span> <span class='ocrx_word' id='word_1_254' title='bbox 3313 3879 3419 3917; x_wconf 89' lang='lat' dir='ltr'><strong>una</strong></span> <span class='ocrx_word' id='word_1_255' title='bbox 3461 3879 3555 3914; x_wconf 82' lang='lat' dir='ltr'><strong>vo-</strong></span> 
     </span>
    </p>
   </div>
   <div class='ocr_carea' id='block_1_41' title="bbox 295 3957 1700 4036">
    <p class='ocr_par' dir='ltr' id='par_1_41' title="bbox 295 3957 1700 4036">
     <span class='ocr_line' id='line_1_41' title="bbox 295 3957 1700 4036; baseline -0.002 -20"><span class='ocrx_word' id='word_1_256' title='bbox 295 3965 474 4035; x_wconf 80' lang='grc' dir='ltr'>ρεύειν</span> <span class='ocrx_word' id='word_1_257' title='bbox 503 3965 602 4036; x_wconf 80' lang='grc' dir='ltr'>τὴν</span> <span class='ocrx_word' id='word_1_258' title='bbox 621 3961 821 4034; x_wconf 75' lang='grc' dir='ltr'>ψυχὴν,</span> <span class='ocrx_word' id='word_1_259' title='bbox 854 3957 952 4017; x_wconf 60' lang='grc' dir='ltr'><strong>καλ⁵</strong></span> <span class='ocrx_word' id='word_1_260' title='bbox 981 3960 1118 4033; x_wconf 85' lang='grc' dir='ltr'>πρὸς</span> <span class='ocrx_word' id='word_1_261' title='bbox 1146 3960 1414 4015; x_wconf 78' lang='grc' dir='ltr'>ἀπάθειαν</span> <span class='ocrx_word' id='word_1_262' title='bbox 1452 3959 1700 4031; x_wconf 66' lang='grc' dir='ltr'>βλέπειν..</span> 
     </span>
    </p>
   </div>
   <div class='ocr_carea' id='block_1_42' title="bbox 363 4215 1871 4293">
    <p class='ocr_par' dir='ltr' id='par_1_42' title="bbox 363 4215 1871 4293">
     <span class='ocr_line' id='line_1_42' title="bbox 363 4215 1871 4293; baseline -0.005 -17"><span class='ocrx_word' id='word_1_263' title='bbox 363 4223 438 4278; x_wconf 83' lang='grc' dir='ltr'><strong>Γ’.</strong></span> <span class='ocrx_word' id='word_1_264' title='bbox 463 4220 690 4292; x_wconf 84' lang='grc' dir='ltr'>Στῶμεν</span> <span class='ocrx_word' id='word_1_265' title='bbox 719 4217 813 4276; x_wconf 79' lang='grc' dir='ltr'>οὖν</span> <span class='ocrx_word' id='word_1_266' title='bbox 839 4220 979 4293; x_wconf 81' lang='grc' dir='ltr'>πρὸς</span> <span class='ocrx_word' id='word_1_267' title='bbox 1002 4221 1065 4274; x_wconf 83' lang='grc' dir='ltr'>τὸ</span> <span class='ocrx_word' id='word_1_268' title='bbox 1092 4221 1236 4273; x_wconf 82' lang='grc' dir='ltr'>κατὰ</span> <span class='ocrx_word' id='word_1_269' title='bbox 1277 4219 1585 4289; x_wconf 87' lang='grc' dir='ltr'>συνείδησιν</span> <span class='ocrx_word' id='word_1_270' title='bbox 1620 4215 1871 4287; x_wconf 82' lang='grc' dir='ltr'>διηνεκὲς</span> 
     </span>
    </p>
   </div>
   <div class='ocr_carea' id='block_1_43' title="bbox 295 4309 1866 4386">
    <p class='ocr_par' dir='ltr' id='par_1_43' title="bbox 295 4309 1866 4386">
     <span class='ocr_line' id='line_1_43' title="bbox 295 4309 1866 4386; baseline -0.003 -20"><span class='ocrx_word' id='word_1_271' title='bbox 295 4315 598 4386; x_wconf 83' lang='grc' dir='ltr'>μαρτύριον</span> <span class='ocrx_word' id='word_1_272' title='bbox 621 4329 638 4344; x_wconf 87' lang='grc'><strong>·</strong></span> <span class='ocrx_word' id='word_1_273' title='bbox 693 4313 770 4384; x_wconf 86' lang='grc' dir='ltr'>μὴ</span> <span class='ocrx_word' id='word_1_274' title='bbox 800 4313 1111 4384; x_wconf 81' lang='grc' dir='ltr'>κάμψωμεν</span> <span class='ocrx_word' id='word_1_275' title='bbox 1143 4313 1274 4382; x_wconf 83' lang='grc' dir='ltr'>γόνυ</span> <span class='ocrx_word' id='word_1_276' title='bbox 1301 4315 1370 4383; x_wconf 78' lang='grc' dir='ltr'><strong>τῇ</strong></span> <span class='ocrx_word' id='word_1_277' title='bbox 1404 4310 1573 4376; x_wconf 84' lang='grc' dir='ltr'>Βάαλ,</span> <span class='ocrx_word' id='word_1_278' title='bbox 1619 4309 1866 4378; x_wconf 70' lang='grc' dir='ltr'>ἀδελφοὶ,</span> 
     </span>
    </p>
   </div>
   <div class='ocr_carea' id='block_1_44' title="bbox 292 4401 1866 4478">
    <p class='ocr_par' dir='ltr' id='par_1_44' title="bbox 292 4401 1866 4478">
     <span class='ocr_line' id='line_1_44' title="bbox 292 4401 1866 4478; baseline -0.004 -17"><span class='ocrx_word' id='word_1_279' title='bbox 292 4408 431 4478; x_wconf 81' lang='grc' dir='ltr'>μηδὲ</span> <span class='ocrx_word' id='word_1_280' title='bbox 492 4406 734 4477; x_wconf 85' lang='grc' dir='ltr'>ἐνδῶμεν</span> <span class='ocrx_word' id='word_1_281' title='bbox 796 4406 1125 4476; x_wconf 80' lang='grc' dir='ltr'>τυπτόμενοι</span> <span class='ocrx_word' id='word_1_282' title='bbox 1200 4405 1305 4458; x_wconf 82' lang='grc' dir='ltr'><strong>ὑπὸ</strong></span> <span class='ocrx_word' id='word_1_283' title='bbox 1368 4404 1478 4458; x_wconf 87' lang='grc' dir='ltr'><strong>τῶν</strong></span> <span class='ocrx_word' id='word_1_284' title='bbox 1553 4401 1828 4472; x_wconf 79' lang='grc' dir='ltr'>λογισμῶν</span> <span class='ocrx_word' id='word_1_285' title='bbox 1853 4419 1866 4432; x_wconf 86' lang='grc'><strong>·</strong></span> 
     </span>
    </p>
   </div>
   <div class='ocr_carea' id='block_1_45' title="bbox 292 4494 1868 4572">
    <p class='ocr_par' dir='ltr' id='par_1_45' title="bbox 292 4494 1868 4572">
     <span class='ocr_line' id='line_1_45' title="bbox 292 4494 1868 4572; baseline -0.005 -18"><span class='ocrx_word' id='word_1_286' title='bbox 292 4500 494 4571; x_wconf 81' lang='grc' dir='ltr'>μᾶλλον</span> <span class='ocrx_word' id='word_1_287' title='bbox 543 4499 643 4572; x_wconf 84' lang='grc' dir='ltr'><strong>μέν</strong></span> <span class='ocrx_word' id='word_1_288' title='bbox 675 4494 770 4553; x_wconf 83' lang='grc' dir='ltr'>οὖν</span> <span class='ocrx_word' id='word_1_289' title='bbox 828 4495 1328 4567; x_wconf 83' lang='grc' dir='ltr'>κατασϐεννύωμεν</span> <span class='ocrx_word' id='word_1_290' title='bbox 1354 4498 1424 4550; x_wconf 86' lang='grc' dir='ltr'>τὰ</span> <span class='ocrx_word' id='word_1_291' title='bbox 1454 4495 1582 4566; x_wconf 78' lang='grc' dir='ltr'>βέλη</span> <span class='ocrx_word' id='word_1_292' title='bbox 1625 4494 1723 4548; x_wconf 86' lang='grc' dir='ltr'>τοῦ</span> <span class='ocrx_word' id='word_1_293' title='bbox 1771 4511 1868 4547; x_wconf 84' lang='grc' dir='ltr'>πο-</span> 
     </span>
    </p>
   </div>
   <div class='ocr_carea' id='block_1_46' title="bbox 289 4589 1868 4663">
    <p class='ocr_par' dir='ltr' id='par_1_46' title="bbox 289 4589 1868 4663">
     <span class='ocr_line' id='line_1_46' title="bbox 289 4589 1868 4663; baseline 0.004 -18"><span class='ocrx_word' id='word_1_294' title='bbox 289 4593 456 4663; x_wconf 83' lang='grc' dir='ltr'>νηροῦ</span> <span class='ocrx_word' id='word_1_295' title='bbox 483 4593 554 4646; x_wconf 79' lang='grc' dir='ltr'>τὰ</span> <span class='ocrx_word' id='word_1_296' title='bbox 587 4591 988 4662; x_wconf 85' lang='grc' dir='ltr'>πεπυρωμένα,</span> <span class='ocrx_word' id='word_1_297' title='bbox 1018 4593 1133 4654; x_wconf 85' lang='grc' dir='ltr'>τοῖς</span> <span class='ocrx_word' id='word_1_298' title='bbox 1179 4591 1434 4660; x_wconf 82' lang='grc' dir='ltr'>δάκρυσι,</span> <span class='ocrx_word' id='word_1_299' title='bbox 1481 4591 1550 4660; x_wconf 81' lang='grc' dir='ltr'>τῇ</span> <span class='ocrx_word' id='word_1_300' title='bbox 1603 4589 1868 4659; x_wconf 70' lang='grc' dir='ltr'>προσοχῇ.</span> 
     </span>
    </p>
   </div>
   <div class='ocr_carea' id='block_1_47' title="bbox 288 4681 1871 4755">
    <p class='ocr_par' dir='ltr' id='par_1_47' title="bbox 288 4681 1871 4755">
     <span class='ocr_line' id='line_1_47' title="bbox 288 4681 1871 4755; baseline -0.003 -19"><span class='ocrx_word' id='word_1_301' title='bbox 288 4689 354 4755; x_wconf 79' lang='grc' dir='ltr'>τῇ</span> <span class='ocrx_word' id='word_1_302' title='bbox 385 4685 593 4754; x_wconf 85' lang='grc' dir='ltr'>δεήσει,</span> <span class='ocrx_word' id='word_1_303' title='bbox 626 4686 694 4755; x_wconf 78' lang='grc' dir='ltr'>τῇ</span> <span class='ocrx_word' id='word_1_304' title='bbox 725 4682 1038 4748; x_wconf 79' lang='grc' dir='ltr'>κατανύξει,</span> <span class='ocrx_word' id='word_1_305' title='bbox 1069 4685 1184 4747; x_wconf 85' lang='grc' dir='ltr'>τοῖς</span> <span class='ocrx_word' id='word_1_306' title='bbox 1241 4683 1423 4746; x_wconf 81' lang='grc' dir='ltr'>ἄλλοις</span> <span class='ocrx_word' id='word_1_307' title='bbox 1485 4681 1871 4750; x_wconf 80' lang='grc' dir='ltr'>ὑπωπιασμοῖς</span> 
     </span>
    </p>
   </div>
   <div class='ocr_carea' id='block_1_48' title="bbox 289 4771 1870 4847">
    <p class='ocr_par' dir='ltr' id='par_1_48' title="bbox 289 4771 1870 4847">
     <span class='ocr_line' id='line_1_48' title="bbox 289 4771 1870 4847; baseline -0.004 -18"><span class='ocrx_word' id='word_1_308' title='bbox 289 4776 384 4829; x_wconf 81' lang='grc' dir='ltr'>τοῦ</span> <span class='ocrx_word' id='word_1_309' title='bbox 407 4775 680 4846; x_wconf 85' lang='grc' dir='ltr'>σώματος·</span> <span class='ocrx_word' id='word_1_310' title='bbox 707 4777 737 4829; x_wconf 86' lang='grc' dir='ltr'><strong>ό</strong></span> <span class='ocrx_word' id='word_1_311' title='bbox 765 4776 874 4847; x_wconf 80' lang='grc' dir='ltr'>γὰρ</span> <span class='ocrx_word' id='word_1_312' title='bbox 891 4775 1162 4839; x_wconf 82' lang='grc' dir='ltr'>ἀντίδικος</span> <span class='ocrx_word' id='word_1_313' title='bbox 1193 4773 1482 4845; x_wconf 82' lang='grc' dir='ltr'>ήμῶν,Ὠς</span> <span class='ocrx_word' id='word_1_314' title='bbox 1505 4773 1662 4826; x_wconf 69' lang='grc' dir='ltr'><strong>λέων</strong></span> <span class='ocrx_word' id='word_1_315' title='bbox 1685 4771 1870 4839; x_wconf 83' lang='grc' dir='ltr'>ὠρυό-</span> 
     </span>
    </p>
   </div>
   <div class='ocr_carea' id='block_1_49' title="bbox 285 4861 1872 4935">
    <p class='ocr_par' dir='ltr' id='par_1_49' title="bbox 285 4861 1872 4935">
     <span class='ocr_line' id='line_1_49' title="bbox 285 4861 1872 4935; baseline -0.003 -15"><span class='ocrx_word' id='word_1_316' title='bbox 285 4883 463 4935; x_wconf 62' lang='lat' dir='ltr'><strong>perat;</strong></span> <span class='ocrx_word' id='word_1_317' title='bbox 503 4865 844 4934; x_wconf 77' lang='grc' dir='ltr'>περιπατεῖ,</span> <span class='ocrx_word' id='word_1_318' title='bbox 891 4864 1079 4934; x_wconf 83' lang='grc' dir='ltr'>ζητῶν</span> <span class='ocrx_word' id='word_1_319' title='bbox 1123 4867 1259 4920; x_wconf 81' lang='grc' dir='ltr'>τίνα</span> <span class='ocrx_word' id='word_1_320' title='bbox 1285 4863 1588 4928; x_wconf 82' lang='grc' dir='ltr'>καταπίοι,</span> <span class='ocrx_word' id='word_1_321' title='bbox 1613 4862 1735 4915; x_wconf 84' lang='grc' dir='ltr'>τίνα</span> <span class='ocrx_word' id='word_1_322' title='bbox 1776 4861 1872 4916; x_wconf 79' lang='grc' dir='ltr'><strong>λά·</strong></span> 
     </span>
    </p>
   </div>
   <div class='ocr_carea' id='block_1_50' title="bbox 291 4951 1870 5028">
    <p class='ocr_par' dir='ltr' id='par_1_50' title="bbox 291 4951 1870 5028">
     <span class='ocr_line' id='line_1_50' title="bbox 291 4951 1870 5028; baseline -0.001 -20"><span class='ocrx_word' id='word_1_323' title='bbox 291 4958 376 5008; x_wconf 89' lang='grc' dir='ltr'><strong>ϐοι</strong></span> <span class='ocrx_word' id='word_1_324' title='bbox 429 4956 757 5026; x_wconf 80' lang='grc' dir='ltr'>Θηράσιμον,</span> <span class='ocrx_word' id='word_1_325' title='bbox 797 4957 907 5010; x_wconf 85' lang='grc' dir='ltr'>είτε</span> <span class='ocrx_word' id='word_1_326' title='bbox 942 4957 1055 5011; x_wconf 80' lang='grc' dir='ltr'><strong>ἀπὸ</strong></span> <span class='ocrx_word' id='word_1_327' title='bbox 1111 4956 1332 5028; x_wconf 82' lang='grc' dir='ltr'>μέρους,</span> <span class='ocrx_word' id='word_1_328' title='bbox 1387 4955 1499 5008; x_wconf 79' lang='grc' dir='ltr'>εἴτε</span> <span class='ocrx_word' id='word_1_329' title='bbox 1537 4951 1596 5018; x_wconf 84' lang='grc' dir='ltr'>ἐξ</span> <span class='ocrx_word' id='word_1_330' title='bbox 1647 4953 1870 5022; x_wconf 83' lang='grc' dir='ltr'><strong>ὁλοκλῄ-</strong></span> 
     </span>
    </p>
   </div>
   <div class='ocr_carea' id='block_1_51' title="bbox 294 5046 1868 5120">
    <p class='ocr_par' dir='ltr' id='par_1_51' title="bbox 294 5046 1868 5120">
     <span class='ocr_line' id='line_1_51' title="bbox 294 5046 1868 5120; baseline -0.001 -20"><span class='ocrx_word' id='word_1_331' title='bbox 294 5064 386 5118; x_wconf 89' lang='grc' dir='ltr'><strong>ρου</strong></span> <span class='ocrx_word' id='word_1_332' title='bbox 419 5062 434 5078; x_wconf 88' lang='grc'><strong>·</strong></span> <span class='ocrx_word' id='word_1_333' title='bbox 457 5046 581 5101; x_wconf 79' lang='grc' dir='ltr'>οὐδὲ</span> <span class='ocrx_word' id='word_1_334' title='bbox 627 5048 736 5120; x_wconf 82' lang='grc' dir='ltr'>γὰρ</span> <span class='ocrx_word' id='word_1_335' title='bbox 790 5049 878 5102; x_wconf 83' lang='grc' dir='ltr'>ἐπ’</span> <span class='ocrx_word' id='word_1_336' title='bbox 904 5049 971 5104; x_wconf 82' lang='grc' dir='ltr'>ἂν</span> <span class='ocrx_word' id='word_1_337' title='bbox 1006 5048 1114 5104; x_wconf 82' lang='grc' dir='ltr'><strong>ἀπὸ</strong></span> <span class='ocrx_word' id='word_1_338' title='bbox 1161 5049 1361 5119; x_wconf 81' lang='grc' dir='ltr'>μέρους</span> <span class='ocrx_word' id='word_1_339' title='bbox 1393 5047 1570 5108; x_wconf 85' lang='grc' dir='ltr'>λάϐοι,</span> <span class='ocrx_word' id='word_1_340' title='bbox 1594 5047 1868 5118; x_wconf 83' lang='grc' dir='ltr'>ἀρκεῖται,</span> 
     </span>
    </p>
   </div>
   <div class='ocr_carea' id='block_1_52' title="bbox 290 5135 1868 5209">
    <p class='ocr_par' dir='ltr' id='par_1_52' title="bbox 290 5135 1868 5209">
     <span class='ocr_line' id='line_1_52' title="bbox 290 5135 1868 5209; baseline -0.002 -18"><span class='ocrx_word' id='word_1_341' title='bbox 290 5138 427 5191; x_wconf 73' lang='grc' dir='ltr'>ἀλλὰ</span> <span class='ocrx_word' id='word_1_342' title='bbox 459 5138 710 5208; x_wconf 88' lang='grc' dir='ltr'>πρόεισιν</span> <span class='ocrx_word' id='word_1_343' title='bbox 745 5138 832 5192; x_wconf 80' lang='grc' dir='ltr'><strong>ἀεὶ</strong></span> <span class='ocrx_word' id='word_1_344' title='bbox 878 5141 958 5202; x_wconf 85' lang='grc' dir='ltr'><strong>είς</strong></span> <span class='ocrx_word' id='word_1_345' title='bbox 990 5139 1052 5192; x_wconf 86' lang='grc' dir='ltr'>τὸ</span> <span class='ocrx_word' id='word_1_346' title='bbox 1079 5141 1260 5209; x_wconf 74' lang='grc' dir='ltr'>χεῖρον</span> <span class='ocrx_word' id='word_1_347' title='bbox 1283 5153 1299 5170; x_wconf 85' lang='grc'>⁶</span> <span class='ocrx_word' id='word_1_348' title='bbox 1329 5138 1434 5201; x_wconf 74' lang='grc' dir='ltr'><strong>ἕως</strong></span> <span class='ocrx_word' id='word_1_349' title='bbox 1473 5137 1542 5191; x_wconf 80' lang='grc' dir='ltr'>ἂν</span> <span class='ocrx_word' id='word_1_350' title='bbox 1567 5135 1868 5206; x_wconf 83' lang='grc' dir='ltr'>ἀποτελέσῃ</span> 
     </span>
    </p>
   </div>
   <div class='ocr_carea' id='block_1_53' title="bbox 289 5209 1938 5297">
    <p class='ocr_par' dir='ltr' id='par_1_53' title="bbox 289 5209 1938 5297">
     <span class='ocr_line' id='line_1_53' title="bbox 289 5209 1938 5297; baseline -0.001 -18"><span class='ocrx_word' id='word_1_351' title='bbox 289 5227 520 5280; x_wconf 84' lang='grc' dir='ltr'>θάνατον</span> <span class='ocrx_word' id='word_1_352' title='bbox 569 5226 872 5297; x_wconf 81' lang='grc' dir='ltr'>ἁμαρτίας.</span> <span class='ocrx_word' id='word_1_353' title='bbox 917 5223 1044 5281; x_wconf 80' lang='grc' dir='ltr'>Οἶον</span> <span class='ocrx_word' id='word_1_354' title='bbox 1083 5228 1340 5296; x_wconf 81' lang='grc' dir='ltr'>πειρᾶται</span> <span class='ocrx_word' id='word_1_355' title='bbox 1371 5224 1588 5296; x_wconf 83' lang='grc' dir='ltr'>πρῶτον</span> <span class='ocrx_word' id='word_1_356' title='bbox 1617 5223 1868 5289; x_wconf 74' lang='grc' dir='ltr'>δέξασθαι</span> <span class='ocrx_word' id='word_1_357' title='bbox 1895 5209 1938 5266; x_wconf 75' lang='lat' dir='ltr'><strong>C</strong></span> 
     </span>
    </p>
   </div>
   <div class='ocr_carea' id='block_1_54' title="bbox 288 5313 1867 5390">
    <p class='ocr_par' dir='ltr' id='par_1_54' title="bbox 288 5313 1867 5390">
     <span class='ocr_line' id='line_1_54' title="bbox 288 5313 1867 5390; baseline -0.001 -18"><span class='ocrx_word' id='word_1_358' title='bbox 288 5321 436 5390; x_wconf 79' lang='grc' dir='ltr'>ἡμᾶς</span> <span class='ocrx_word' id='word_1_359' title='bbox 465 5319 564 5390; x_wconf 81' lang='grc' dir='ltr'>τὴν</span> <span class='ocrx_word' id='word_1_360' title='bbox 593 5317 904 5390; x_wconf 76' lang='grc' dir='ltr'>προσϐολήν</span> <span class='ocrx_word' id='word_1_361' title='bbox 929 5333 944 5349; x_wconf 73' lang='grc' dir='ltr'><strong>ο</strong></span> <span class='ocrx_word' id='word_1_362' title='bbox 980 5313 1101 5372; x_wconf 78' lang='grc' dir='ltr'>εἶτα</span> <span class='ocrx_word' id='word_1_363' title='bbox 1129 5316 1465 5387; x_wconf 79' lang='grc' dir='ltr'>φθέγξασθαί</span> <span class='ocrx_word' id='word_1_364' title='bbox 1491 5334 1548 5370; x_wconf 89' lang='grc' dir='ltr'><strong>τι</strong></span> <span class='ocrx_word' id='word_1_365' title='bbox 1574 5317 1716 5371; x_wconf 81' lang='grc' dir='ltr'>κατὰ</span> <span class='ocrx_word' id='word_1_366' title='bbox 1728 5333 1796 5370; x_wconf 87' lang='grc' dir='ltr'>κα</span> <span class='ocrx_word' id='word_1_367' title='bbox 1807 5333 1867 5388; x_wconf 91' lang='grc' dir='ltr'>ρ-</span> 
     </span>
    </p>
   </div>
   <div class='ocr_carea' id='block_1_55' title="bbox 285 5406 1868 5484">
    <p class='ocr_par' dir='ltr' id='par_1_55' title="bbox 285 5406 1868 5484">
     <span class='ocr_line' id='line_1_55' title="bbox 285 5406 1868 5484; baseline -0.004 -18"><span class='ocrx_word' id='word_1_368' title='bbox 285 5413 402 5478; x_wconf 86' lang='grc' dir='ltr'>δίας</span> <span class='ocrx_word' id='word_1_369' title='bbox 433 5412 670 5483; x_wconf 80' lang='grc' dir='ltr'>πονηρόν</span> <span class='ocrx_word' id='word_1_370' title='bbox 697 5429 712 5442; x_wconf 89' lang='grc'><strong>·</strong></span> <span class='ocrx_word' id='word_1_371' title='bbox 740 5406 840 5464; x_wconf 76' lang='grc' dir='ltr'>εἷθ’</span> <span class='ocrx_word' id='word_1_372' title='bbox 870 5409 1042 5474; x_wconf 75' lang='grc' dir='ltr'>οὕτως</span> <span class='ocrx_word' id='word_1_373' title='bbox 1071 5410 1280 5484; x_wconf 85' lang='grc' dir='ltr'>χράνας</span> <span class='ocrx_word' id='word_1_374' title='bbox 1311 5409 1404 5462; x_wconf 79' lang='grc' dir='ltr'><strong>καὶ</strong></span> <span class='ocrx_word' id='word_1_375' title='bbox 1445 5409 1739 5480; x_wconf 81' lang='grc' dir='ltr'>φαρμάξας</span> <span class='ocrx_word' id='word_1_376' title='bbox 1770 5411 1868 5480; x_wconf 83' lang='grc' dir='ltr'>τὴν</span> 
     </span>
    </p>
   </div>
   <div class='ocr_carea' id='block_1_56' title="bbox 285 5499 1867 5574">
    <p class='ocr_par' dir='ltr' id='par_1_56' title="bbox 285 5499 1867 5574">
     <span class='ocr_line' id='line_1_56' title="bbox 285 5499 1867 5574; baseline -0.002 -17"><span class='ocrx_word' id='word_1_377' title='bbox 285 5505 487 5574; x_wconf 61' lang='grc' dir='ltr'>ψυχὴν,</span> <span class='ocrx_word' id='word_1_378' title='bbox 547 5503 824 5572; x_wconf 76' lang='grc' dir='ltr'>ἐξίστησιν</span> <span class='ocrx_word' id='word_1_379' title='bbox 886 5502 1056 5572; x_wconf 78' lang='grc' dir='ltr'>αὐτὴν</span> <span class='ocrx_word' id='word_1_380' title='bbox 1102 5504 1200 5571; x_wconf 79' lang='grc' dir='ltr'>τῆς</span> <span class='ocrx_word' id='word_1_381' title='bbox 1243 5501 1386 5554; x_wconf 73' lang='grc' dir='ltr'>κατὰ</span> <span class='ocrx_word' id='word_1_382' title='bbox 1437 5500 1599 5569; x_wconf 74' lang='grc' dir='ltr'>φύσιν</span> <span class='ocrx_word' id='word_1_383' title='bbox 1660 5499 1867 5568; x_wconf 75' lang='grc' dir='ltr'><strong>ἕξεως·</strong></span> 
     </span>
    </p>
   </div>
   <div class='ocr_carea' id='block_1_57' title="bbox 289 5594 1866 5665">
    <p class='ocr_par' dir='ltr' id='par_1_57' title="bbox 289 5594 1866 5665">
     <span class='ocr_line' id='line_1_57' title="bbox 289 5594 1866 5665; baseline -0.001 -16"><span class='ocrx_word' id='word_1_384' title='bbox 289 5597 381 5650; x_wconf 71' lang='grc' dir='ltr'>καὶ</span> <span class='ocrx_word' id='word_1_385' title='bbox 424 5598 595 5649; x_wconf 86' lang='grc' dir='ltr'>ποιεῖν</span> <span class='ocrx_word' id='word_1_386' title='bbox 612 5595 782 5665; x_wconf 79' lang='grc' dir='ltr'>αὐτὴν</span> <span class='ocrx_word' id='word_1_387' title='bbox 815 5597 973 5650; x_wconf 79' lang='grc' dir='ltr'>ἄνουν</span> <span class='ocrx_word' id='word_1_388' title='bbox 1003 5596 1096 5649; x_wconf 69' lang='grc' dir='ltr'><strong>καὶ</strong></span> <span class='ocrx_word' id='word_1_389' title='bbox 1137 5595 1330 5662; x_wconf 76' lang='grc' dir='ltr'>ἄλογον</span> <span class='ocrx_word' id='word_1_390' title='bbox 1361 5594 1454 5650; x_wconf 62' lang='grc' dir='ltr'><strong>καὶ</strong></span> <span class='ocrx_word' id='word_1_391' title='bbox 1473 5594 1697 5665; x_wconf 72' lang='grc' dir='ltr'>τυφλὴν,</span> <span class='ocrx_word' id='word_1_392' title='bbox 1717 5597 1866 5664; x_wconf 72' lang='grc' dir='ltr'>ἐφιε-</span> 
     </span>
    </p>
   </div>
   <div class='ocr_carea' id='block_1_58' title="bbox 363 5775 744 5839">
    <p class='ocr_par' dir='ltr' id='par_1_58' title="bbox 363 5775 744 5839">
     <span class='ocr_line' id='line_1_58' title="bbox 363 5775 744 5839; baseline -0.005 -11"><span class='ocrx_word' id='word_1_393' title='bbox 363 5775 375 5804; x_wconf 87' lang='grc'>¹</span> <span class='ocrx_word' id='word_1_394' title='bbox 412 5775 555 5828; x_wconf 78' lang='lat' dir='ltr'><strong>i&#39;ctt&#39;.</strong></span> <span class='ocrx_word' id='word_1_395' title='bbox 593 5790 642 5839; x_wconf 75' lang='grc' dir='ltr'>ι’,</span> <span class='ocrx_word' id='word_1_396' title='bbox 695 5777 744 5826; x_wconf 75' lang='lat'><strong>8.</strong></span> 
     </span>
    </p>
   </div>
   <div class='ocr_carea' id='block_1_59' title="bbox 1975 3951 3552 4022">
    <p class='ocr_par' dir='ltr' id='par_1_59' title="bbox 1975 3951 3552 4022">
     <span class='ocr_line' id='line_1_59' title="bbox 1975 3951 3552 4022; baseline 0 -18"><span class='ocrx_word' id='word_1_397' title='bbox 1975 3951 2156 4020; x_wconf 86' lang='lat' dir='ltr'><strong>luptas</strong></span> <span class='ocrx_word' id='word_1_398' title='bbox 2200 3959 2304 4013; x_wconf 90' lang='lat' dir='ltr'><strong>est,</strong></span> <span class='ocrx_word' id='word_1_399' title='bbox 2335 3965 2572 4021; x_wconf 87' lang='lat' dir='ltr'><strong>purgare</strong></span> <span class='ocrx_word' id='word_1_400' title='bbox 2609 3952 2872 4017; x_wconf 88' lang='lat' dir='ltr'><strong>animam,</strong></span> <span class='ocrx_word' id='word_1_401' title='bbox 2897 3961 2950 4006; x_wconf 86' lang='lat' dir='ltr'><strong>et</strong></span> <span class='ocrx_word' id='word_1_402' title='bbox 2980 3967 3208 4022; x_wconf 88' lang='lat' dir='ltr'><strong>scopum</strong></span> <span class='ocrx_word' id='word_1_403' title='bbox 3243 3953 3348 4008; x_wconf 87' lang='lat' dir='ltr'><strong>sibi</strong></span> <span class='ocrx_word' id='word_1_404' title='bbox 3377 3953 3552 4022; x_wconf 68' lang='lat' dir='ltr'><strong>praeli-</strong></span> 
     </span>
    </p>
   </div>
   <div class='ocr_carea' id='block_1_60' title="bbox 1972 4043 3555 4114">
    <p class='ocr_par' dir='ltr' id='par_1_60' title="bbox 1972 4043 3555 4114">
     <span class='ocr_line' id='line_1_60' title="bbox 1972 4043 3555 4114; baseline 0 -18"><span class='ocrx_word' id='word_1_405' title='bbox 1972 4059 2100 4112; x_wconf 76' lang='lat' dir='ltr'><strong>gere</strong></span> <span class='ocrx_word' id='word_1_406' title='bbox 2131 4059 2242 4113; x_wconf 88' lang='lat' dir='ltr'><strong>quo</strong></span> <span class='ocrx_word' id='word_1_407' title='bbox 2272 4052 2615 4113; x_wconf 83' lang='lat' dir='ltr'><strong>spectemus,</strong></span> <span class='ocrx_word' id='word_1_408' title='bbox 2643 4043 3064 4098; x_wconf 79' lang='lat' dir='ltr'><strong>exstinctionem</strong></span> <span class='ocrx_word' id='word_1_409' title='bbox 3093 4044 3390 4114; x_wconf 80' lang='lat' dir='ltr'><strong>perfectam</strong></span> <span class='ocrx_word' id='word_1_410' title='bbox 3430 4059 3555 4112; x_wconf 75' lang='lat' dir='ltr'><strong>pas-</strong></span> 
     </span>
    </p>
   </div>
   <div class='ocr_carea' id='block_1_61' title="bbox 1972 4135 2215 4190">
    <p class='ocr_par' dir='ltr' id='par_1_61' title="bbox 1972 4135 2215 4190">
     <span class='ocr_line' id='line_1_61' title="bbox 1972 4135 2215 4190; baseline -0.004 0"><span class='ocrx_word' id='word_1_411' title='bbox 1972 4135 2215 4190; x_wconf 86' lang='lat' dir='ltr'><strong>sionutn.</strong></span> 
     </span>
    </p>
   </div>
   <div class='ocr_carea' id='block_1_62' title="bbox 2045 4225 3552 4302">
    <p class='ocr_par' dir='ltr' id='par_1_62' title="bbox 2045 4225 3552 4302">
     <span class='ocr_line' id='line_1_62' title="bbox 2045 4225 3552 4302; baseline 0.004 -22"><span class='ocrx_word' id='word_1_412' title='bbox 2045 4225 2134 4283; x_wconf 87' lang='lat' dir='ltr'><strong>Ill.</strong></span> <span class='ocrx_word' id='word_1_413' title='bbox 2175 4227 2394 4284; x_wconf 88' lang='lat' dir='ltr'><strong>Stemus</strong></span> <span class='ocrx_word' id='word_1_414' title='bbox 2430 4226 2592 4295; x_wconf 74' lang='lat' dir='ltr'><strong>igitur</strong></span> <span class='ocrx_word' id='word_1_415' title='bbox 2614 4235 2778 4298; x_wconf 87' lang='lat' dir='ltr'><strong>prout</strong></span> <span class='ocrx_word' id='word_1_416' title='bbox 2818 4229 3075 4285; x_wconf 86' lang='lat' dir='ltr'><strong>standum</strong></span> <span class='ocrx_word' id='word_1_417' title='bbox 3126 4239 3394 4286; x_wconf 87' lang='lat' dir='ltr'><strong>monstrat</strong></span> <span class='ocrx_word' id='word_1_418' title='bbox 3431 4249 3552 4302; x_wconf 84' lang='lat' dir='ltr'><strong>per-</strong></span> 
     </span>
    </p>
   </div>
   <div class='ocr_carea' id='block_1_63' title="bbox 1971 4315 3552 4387">
    <p class='ocr_par' dir='ltr' id='par_1_63' title="bbox 1971 4315 3552 4387">
     <span class='ocr_line' id='line_1_63' title="bbox 1971 4315 3552 4387; baseline 0.005 -19"><span class='ocrx_word' id='word_1_419' title='bbox 1971 4327 2196 4387; x_wconf 76' lang='lat' dir='ltr'><strong>pctutnn</strong></span> <span class='ocrx_word' id='word_1_420' title='bbox 2257 4315 2612 4371; x_wconf 71' lang='lat' dir='ltr'><strong>conscientia:</strong></span> <span class='ocrx_word' id='word_1_421' title='bbox 2681 4317 3076 4372; x_wconf 88' lang='lat' dir='ltr'><strong>testimonium.</strong></span> <span class='ocrx_word' id='word_1_422' title='bbox 3137 4318 3214 4375; x_wconf 82' lang='lat' dir='ltr'><strong>Ne</strong></span> <span class='ocrx_word' id='word_1_423' title='bbox 3271 4319 3552 4376; x_wconf 85' lang='lat' dir='ltr'><strong>flectamus</strong></span> 
     </span>
    </p>
   </div>
   <div class='ocr_carea' id='block_1_64' title="bbox 1972 4407 3552 4481">
    <p class='ocr_par' dir='ltr' id='par_1_64' title="bbox 1972 4407 3552 4481">
     <span class='ocr_line' id='line_1_64' title="bbox 1972 4407 3552 4481; baseline 0.003 -19"><span class='ocrx_word' id='word_1_424' title='bbox 1972 4424 2110 4480; x_wconf 84' lang='lat' dir='ltr'><strong>genu</strong></span> <span class='ocrx_word' id='word_1_425' title='bbox 2149 4417 2276 4463; x_wconf 85' lang='lat' dir='ltr'><strong>ante</strong></span> <span class='ocrx_word' id='word_1_426' title='bbox 2302 4407 2453 4472; x_wconf 84' lang='lat' dir='ltr'><strong>Baal,</strong></span> <span class='ocrx_word' id='word_1_427' title='bbox 2480 4407 2680 4462; x_wconf 86' lang='lat' dir='ltr'><strong>fratres</strong></span> <span class='ocrx_word' id='word_1_428' title='bbox 2718 4426 2731 4462; x_wconf 92' lang='lat'><strong>:</strong></span> <span class='ocrx_word' id='word_1_429' title='bbox 2766 4424 2944 4479; x_wconf 88' lang='lat' dir='ltr'><strong>neque</strong></span> <span class='ocrx_word' id='word_1_430' title='bbox 2985 4410 3245 4466; x_wconf 80' lang='lat' dir='ltr'><strong>cedamus</strong></span> <span class='ocrx_word' id='word_1_431' title='bbox 3279 4412 3407 4465; x_wconf 87' lang='lat' dir='ltr'><strong>dum</strong></span> <span class='ocrx_word' id='word_1_432' title='bbox 3436 4414 3552 4481; x_wconf 81' lang='lat' dir='ltr'><strong>pni-</strong></span> 
     </span>
    </p>
   </div>
   <div class='ocr_carea' id='block_1_65' title="bbox 1973 4499 3567 4574">
    <p class='ocr_par' dir='ltr' id='par_1_65' title="bbox 1973 4499 3567 4574">
     <span class='ocr_line' id='line_1_65' title="bbox 1973 4499 3567 4574; baseline 0.005 -20"><span class='ocrx_word' id='word_1_433' title='bbox 1973 4516 2163 4554; x_wconf 89' lang='lat' dir='ltr'><strong>samur</strong></span> <span class='ocrx_word' id='word_1_434' title='bbox 2211 4499 2652 4570; x_wconf 85' lang='lat' dir='ltr'><strong>cogitationibus.</strong></span> <span class='ocrx_word' id='word_1_435' title='bbox 2685 4500 2876 4555; x_wconf 86' lang='lat' dir='ltr'><strong>Potius</strong></span> <span class='ocrx_word' id='word_1_436' title='bbox 2908 4513 3091 4556; x_wconf 88' lang='lat' dir='ltr'><strong>autctn</strong></span> <span class='ocrx_word' id='word_1_437' title='bbox 3135 4503 3567 4574; x_wconf 70' lang='lat' dir='ltr'><strong>exstinguamns</strong></span> 
     </span>
    </p>
   </div>
   <div class='ocr_carea' id='block_1_66' title="bbox 1974 4593 3550 4664">
    <p class='ocr_par' dir='ltr' id='par_1_66' title="bbox 1974 4593 3550 4664">
     <span class='ocr_line' id='line_1_66' title="bbox 1974 4593 3550 4664; baseline 0.004 -18"><span class='ocrx_word' id='word_1_438' title='bbox 1974 4594 2081 4646; x_wconf 83' lang='lat' dir='ltr'><strong>tela</strong></span> <span class='ocrx_word' id='word_1_439' title='bbox 2141 4594 2299 4664; x_wconf 81' lang='lat' dir='ltr'><strong>ignea</strong></span> <span class='ocrx_word' id='word_1_440' title='bbox 2351 4593 2698 4660; x_wconf 80' lang='lat' dir='ltr'><strong>nequissimi,</strong></span> <span class='ocrx_word' id='word_1_441' title='bbox 2747 4593 3028 4664; x_wconf 81' lang='lat' dir='ltr'><strong>lacrymis,</strong></span> <span class='ocrx_word' id='word_1_442' title='bbox 3059 4596 3378 4662; x_wconf 82' lang='lat' dir='ltr'><strong>attentione,</strong></span> <span class='ocrx_word' id='word_1_443' title='bbox 3425 4613 3550 4652; x_wconf 88' lang='lat' dir='ltr'><strong>ora-</strong></span> 
     </span>
    </p>
   </div>
   <div class='ocr_carea' id='block_1_67' title="bbox 1974 4683 3553 4753">
    <p class='ocr_par' dir='ltr' id='par_1_67' title="bbox 1974 4683 3553 4753">
     <span class='ocr_line' id='line_1_67' title="bbox 1974 4683 3553 4753; baseline 0.001 -15"><span class='ocrx_word' id='word_1_444' title='bbox 1974 4684 2141 4749; x_wconf 88' lang='lat' dir='ltr'><strong>tione,</strong></span> <span class='ocrx_word' id='word_1_445' title='bbox 2195 4684 2654 4753; x_wconf 84' lang='lat' dir='ltr'><strong>compunctione,</strong></span> <span class='ocrx_word' id='word_1_446' title='bbox 2709 4683 2942 4753; x_wconf 83' lang='lat' dir='ltr'><strong>aliisque</strong></span> <span class='ocrx_word' id='word_1_447' title='bbox 2993 4685 3375 4741; x_wconf 75' lang='lat' dir='ltr'><strong>vexationibus</strong></span> <span class='ocrx_word' id='word_1_448' title='bbox 3428 4703 3553 4742; x_wconf 86' lang='lat' dir='ltr'><strong>cor-</strong></span> 
     </span>
    </p>
   </div>
   <div class='ocr_carea' id='block_1_68' title="bbox 1970 4773 3551 4848">
    <p class='ocr_par' dir='ltr' id='par_1_68' title="bbox 1970 4773 3551 4848">
     <span class='ocr_line' id='line_1_68' title="bbox 1970 4773 3551 4848; baseline 0.004 -22"><span class='ocrx_word' id='word_1_449' title='bbox 1970 4775 2142 4844; x_wconf 88' lang='lat' dir='ltr'><strong>poris.</strong></span> <span class='ocrx_word' id='word_1_450' title='bbox 2197 4773 2564 4830; x_wconf 83' lang='lat' dir='ltr'><strong>Adversarius</strong></span> <span class='ocrx_word' id='word_1_451' title='bbox 2613 4774 2758 4829; x_wconf 89' lang='lat' dir='ltr'><strong>enim</strong></span> <span class='ocrx_word' id='word_1_452' title='bbox 2829 4784 3017 4831; x_wconf 86' lang='lat' dir='ltr'><strong>noster</strong></span> <span class='ocrx_word' id='word_1_453' title='bbox 3075 4793 3091 4831; x_wconf 88' lang='lat'><strong>:</strong></span> <span class='ocrx_word' id='word_1_454' title='bbox 3151 4773 3424 4848; x_wconf 82' lang='lat' dir='ltr'><strong>Tanquam</strong></span> <span class='ocrx_word' id='word_1_455' title='bbox 3471 4779 3551 4833; x_wconf 77' lang='grc' dir='ltr'><strong>ίιό</strong></span> 
     </span>
    </p>
   </div>
   <div class='ocr_carea' id='block_1_69' title="bbox 1972 4865 3550 4944">
    <p class='ocr_par' dir='ltr' id='par_1_69' title="bbox 1972 4865 3550 4944">
     <span class='ocr_line' id='line_1_69' title="bbox 1972 4865 3550 4944; baseline 0.004 -26"><span class='ocrx_word' id='word_1_456' title='bbox 1972 4865 2180 4934; x_wconf 84' lang='lat' dir='ltr'><strong>rugiens</strong></span> <span class='ocrx_word' id='word_1_457' title='bbox 2218 4867 2430 4932; x_wconf 76' lang='lat' dir='ltr'><strong>circuit,</strong></span> <span class='ocrx_word' id='word_1_458' title='bbox 2464 4882 2705 4938; x_wconf 69' lang='lat' dir='ltr'><strong>quaerens</strong></span> <span class='ocrx_word' id='word_1_459' title='bbox 2759 4883 2910 4944; x_wconf 76' lang='lat' dir='ltr'><strong>quem</strong></span> <span class='ocrx_word' id='word_1_460' title='bbox 2957 4868 3218 4936; x_wconf 82' lang='lat' dir='ltr'><strong>devoret&#39;,</strong></span> <span class='ocrx_word' id='word_1_461' title='bbox 3251 4885 3412 4939; x_wconf 84' lang='lat' dir='ltr'><strong>quem</strong></span> <span class='ocrx_word' id='word_1_462' title='bbox 3456 4887 3550 4924; x_wconf 83' lang='lat' dir='ltr'><strong>vc-</strong></span> 
     </span>
    </p>
   </div>
   <div class='ocr_carea' id='block_1_70' title="bbox 1973 4957 3546 5028">
    <p class='ocr_par' dir='ltr' id='par_1_70' title="bbox 1973 4957 3546 5028">
     <span class='ocr_line' id='line_1_70' title="bbox 1973 4957 3546 5028; baseline 0.003 -19"><span class='ocrx_word' id='word_1_463' title='bbox 1973 4957 2155 5010; x_wconf 88' lang='lat' dir='ltr'><strong>namlo</strong></span> <span class='ocrx_word' id='word_1_464' title='bbox 2182 4957 2418 5027; x_wconf 67' lang='lat' dir='ltr'><strong>praedam</strong></span> <span class='ocrx_word' id='word_1_465' title='bbox 2447 4973 2605 5012; x_wconf 90' lang='lat' dir='ltr'><strong>suam</strong></span> <span class='ocrx_word' id='word_1_466' title='bbox 2640 4957 2824 5024; x_wconf 87' lang='lat' dir='ltr'><strong>faciat,</strong></span> <span class='ocrx_word' id='word_1_467' title='bbox 2847 4959 2929 5013; x_wconf 85' lang='lat' dir='ltr'><strong>vel</strong></span> <span class='ocrx_word' id='word_1_468' title='bbox 2948 4975 3013 5013; x_wconf 79' lang='lat' dir='ltr'><strong>ex</strong></span> <span class='ocrx_word' id='word_1_469' title='bbox 3045 4969 3220 5028; x_wconf 86' lang='lat' dir='ltr'><strong>parte,</strong></span> <span class='ocrx_word' id='word_1_470' title='bbox 3247 4962 3329 5014; x_wconf 87' lang='lat' dir='ltr'><strong>vel</strong></span> <span class='ocrx_word' id='word_1_471' title='bbox 3351 4971 3546 5017; x_wconf 89' lang='lat' dir='ltr'><strong>totum.</strong></span> 
     </span>
    </p>
   </div>
   <div class='ocr_carea' id='block_1_71' title="bbox 1971 5042 3560 5116">
    <p class='ocr_par' dir='ltr' id='par_1_71' title="bbox 1971 5042 3560 5116">
     <span class='ocr_line' id='line_1_71' title="bbox 1971 5042 3560 5116; baseline 0.005 -20"><span class='ocrx_word' id='word_1_472' title='bbox 1971 5042 2157 5112; x_wconf 85' lang='lat' dir='ltr'><strong>Neque</strong></span> <span class='ocrx_word' id='word_1_473' title='bbox 2200 5044 2344 5098; x_wconf 89' lang='lat' dir='ltr'><strong>enim</strong></span> <span class='ocrx_word' id='word_1_474' title='bbox 2385 5059 2511 5100; x_wconf 88' lang='lat' dir='ltr'><strong>cum</strong></span> <span class='ocrx_word' id='word_1_475' title='bbox 2542 5061 2607 5099; x_wconf 79' lang='lat' dir='ltr'><strong>ex</strong></span> <span class='ocrx_word' id='word_1_476' title='bbox 2637 5056 2791 5115; x_wconf 87' lang='lat' dir='ltr'><strong>parte</strong></span> <span class='ocrx_word' id='word_1_477' title='bbox 2839 5046 3065 5116; x_wconf 84' lang='lat' dir='ltr'><strong>ceperit,</strong></span> <span class='ocrx_word' id='word_1_478' title='bbox 3099 5048 3236 5104; x_wconf 89' lang='lat' dir='ltr'><strong>satis</strong></span> <span class='ocrx_word' id='word_1_479' title='bbox 3265 5049 3318 5103; x_wconf 91' lang='lat' dir='ltr'><strong>id</strong></span> <span class='ocrx_word' id='word_1_480' title='bbox 3349 5050 3512 5104; x_wconf 81' lang='lat' dir='ltr'><strong>habet</strong></span> <span class='ocrx_word' id='word_1_481' title='bbox 3532 5069 3560 5104; x_wconf 85' lang='lat'><strong>:.</strong></span> 
     </span>
    </p>
   </div>
   <div class='ocr_carea' id='block_1_72' title="bbox 1972 5137 3552 5210">
    <p class='ocr_par' dir='ltr' id='par_1_72' title="bbox 1972 5137 3552 5210">
     <span class='ocr_line' id='line_1_72' title="bbox 1972 5137 3552 5210; baseline 0.003 -20"><span class='ocrx_word' id='word_1_482' title='bbox 1972 5137 2066 5191; x_wconf 88' lang='lat' dir='ltr'><strong>sed</strong></span> <span class='ocrx_word' id='word_1_483' title='bbox 2097 5137 2272 5206; x_wconf 83' lang='lat' dir='ltr'><strong>pergit</strong></span> <span class='ocrx_word' id='word_1_484' title='bbox 2303 5153 2520 5208; x_wconf 86' lang='lat' dir='ltr'><strong>semper</strong></span> <span class='ocrx_word' id='word_1_485' title='bbox 2551 5139 2906 5208; x_wconf 84' lang='lat' dir='ltr'><strong>progrediens</strong></span> <span class='ocrx_word' id='word_1_486' title='bbox 2933 5139 2986 5194; x_wconf 90' lang='lat' dir='ltr'><strong>in</strong></span> <span class='ocrx_word' id='word_1_487' title='bbox 3032 5141 3189 5210; x_wconf 83' lang='lat' dir='ltr'><strong>pejus</strong></span> <span class='ocrx_word' id='word_1_488' title='bbox 3218 5142 3392 5198; x_wconf 89' lang='lat' dir='ltr'><strong>donec</strong></span> <span class='ocrx_word' id='word_1_489' title='bbox 3420 5159 3552 5198; x_wconf 85' lang='lat' dir='ltr'><strong>con-</strong></span> 
     </span>
    </p>
   </div>
   <div class='ocr_carea' id='block_1_73' title="bbox 1971 5228 3560 5301">
    <p class='ocr_par' dir='ltr' id='par_1_73' title="bbox 1971 5228 3560 5301">
     <span class='ocr_line' id='line_1_73' title="bbox 1971 5228 3560 5301; baseline 0.003 -19"><span class='ocrx_word' id='word_1_490' title='bbox 1971 5239 2208 5282; x_wconf 89' lang='lat' dir='ltr'><strong>suunnet</strong></span> <span class='ocrx_word' id='word_1_491' title='bbox 2237 5239 2518 5298; x_wconf 85' lang='lat' dir='ltr'><strong>peccatum</strong></span> <span class='ocrx_word' id='word_1_492' title='bbox 2562 5231 2779 5284; x_wconf 88' lang='lat' dir='ltr'><strong>mortis.</strong></span> <span class='ocrx_word' id='word_1_493' title='bbox 2819 5228 3063 5301; x_wconf 78' lang='lat' dir='ltr'><strong>Exempli</strong></span> <span class='ocrx_word' id='word_1_494' title='bbox 3097 5247 3286 5300; x_wconf 88' lang='lat' dir='ltr'><strong>causa,</strong></span> <span class='ocrx_word' id='word_1_495' title='bbox 3318 5243 3560 5288; x_wconf 76' lang='lat' dir='ltr'><strong>conatur</strong></span> 
     </span>
    </p>
   </div>
   <div class='ocr_carea' id='block_1_74' title="bbox 1967 5321 3564 5392">
    <p class='ocr_par' dir='ltr' id='par_1_74' title="bbox 1967 5321 3564 5392">
     <span class='ocr_line' id='line_1_74' title="bbox 1967 5321 3564 5392; baseline 0.003 -21"><span class='ocrx_word' id='word_1_496' title='bbox 1967 5322 2206 5391; x_wconf 79' lang='lat' dir='ltr'><strong>primum</strong></span> <span class='ocrx_word' id='word_1_497' title='bbox 2233 5321 2452 5378; x_wconf 84' lang='lat' dir='ltr'><strong>efﬁcere</strong></span> <span class='ocrx_word' id='word_1_498' title='bbox 2482 5331 2542 5376; x_wconf 88' lang='lat' dir='ltr'><strong>ut</strong></span> <span class='ocrx_word' id='word_1_499' title='bbox 2569 5321 2913 5391; x_wconf 72' lang='lat' dir='ltr'><strong>excipiamus</strong></span> <span class='ocrx_word' id='word_1_500' title='bbox 2941 5323 3174 5392; x_wconf 87' lang='lat' dir='ltr'><strong>patienti</strong></span> <span class='ocrx_word' id='word_1_501' title='bbox 3200 5323 3564 5378; x_wconf 79' lang='lat' dir='ltr'><strong>conniventia.</strong></span> 
     </span>
    </p>
   </div>
   <div class='ocr_carea' id='block_1_75' title="bbox 1968 5413 3548 5484">
    <p class='ocr_par' dir='ltr' id='par_1_75' title="bbox 1968 5413 3548 5484">
     <span class='ocr_line' id='line_1_75' title="bbox 1968 5413 3548 5484; baseline 0.003 -20"><span class='ocrx_word' id='word_1_502' title='bbox 1968 5413 2259 5482; x_wconf 86' lang='lat' dir='ltr'><strong>quemdam</strong></span> <span class='ocrx_word' id='word_1_503' title='bbox 2307 5413 2426 5482; x_wconf 86' lang='lat' dir='ltr'><strong>ejus</strong></span> <span class='ocrx_word' id='word_1_504' title='bbox 2469 5413 2772 5484; x_wconf 82' lang='lat' dir='ltr'><strong>impulsum</strong></span> <span class='ocrx_word' id='word_1_505' title='bbox 2814 5413 3059 5469; x_wconf 89' lang='lat' dir='ltr'><strong>:deinde</strong></span> <span class='ocrx_word' id='word_1_506' title='bbox 3090 5413 3339 5469; x_wconf 88' lang='lat' dir='ltr'><strong>sinamus</strong></span> <span class='ocrx_word' id='word_1_507' title='bbox 3393 5415 3548 5468; x_wconf 90' lang='lat' dir='ltr'><strong>insu-</strong></span> 
     </span>
    </p>
   </div>
   <div class='ocr_carea' id='block_1_76' title="bbox 1969 5504 3550 5577">
    <p class='ocr_par' dir='ltr' id='par_1_76' title="bbox 1969 5504 3550 5577">
     <span class='ocr_line' id='line_1_76' title="bbox 1969 5504 3550 5577; baseline -0.002 -18"><span class='ocrx_word' id='word_1_508' title='bbox 1969 5507 2175 5559; x_wconf 86' lang='lat' dir='ltr'><strong>surrari</strong></span> <span class='ocrx_word' id='word_1_509' title='bbox 2209 5506 2278 5558; x_wconf 84' lang='lat' dir='ltr'><strong>ab</strong></span> <span class='ocrx_word' id='word_1_510' title='bbox 2307 5521 2374 5559; x_wconf 89' lang='lat' dir='ltr'><strong>eo</strong></span> <span class='ocrx_word' id='word_1_511' title='bbox 2405 5506 2556 5560; x_wconf 87' lang='lat' dir='ltr'><strong>cordi</strong></span> <span class='ocrx_word' id='word_1_512' title='bbox 2605 5517 2797 5562; x_wconf 88' lang='lat' dir='ltr'><strong>nostro</strong></span> <span class='ocrx_word' id='word_1_513' title='bbox 2844 5521 3074 5577; x_wconf 81' lang='lat' dir='ltr'><strong>pravum</strong></span> <span class='ocrx_word' id='word_1_514' title='bbox 3109 5505 3330 5574; x_wconf 88' lang='lat' dir='ltr'><strong>aliquod</strong></span> <span class='ocrx_word' id='word_1_515' title='bbox 3365 5504 3550 5560; x_wconf 86' lang='lat' dir='ltr'><strong>consi-</strong></span> 
     </span>
    </p>
   </div>
   <div class='ocr_carea' id='block_1_77' title="bbox 1970 5591 3573 5663">
    <p class='ocr_par' dir='ltr' id='par_1_77' title="bbox 1970 5591 3573 5663">
     <span class='ocr_line' id='line_1_77' title="bbox 1970 5591 3573 5663; baseline 0.001 -16"><span class='ocrx_word' id='word_1_516' title='bbox 1970 5592 2121 5648; x_wconf 87' lang='lat' dir='ltr'><strong>lium.</strong></span> <span class='ocrx_word' id='word_1_517' title='bbox 2165 5592 2272 5649; x_wconf 79' lang='lat' dir='ltr'><strong>Hoc</strong></span> <span class='ocrx_word' id='word_1_518' title='bbox 2305 5610 2430 5650; x_wconf 85' lang='lat' dir='ltr'><strong>cum</strong></span> <span class='ocrx_word' id='word_1_519' title='bbox 2464 5595 2724 5656; x_wconf 81' lang='lat' dir='ltr'><strong>obtinuit,</strong></span> <span class='ocrx_word' id='word_1_520' title='bbox 2754 5595 2947 5652; x_wconf 87' lang='lat' dir='ltr'><strong>deinde</strong></span> <span class='ocrx_word' id='word_1_521' title='bbox 2987 5593 3142 5650; x_wconf 83' lang='lat' dir='ltr'><strong>miris</strong></span> <span class='ocrx_word' id='word_1_522' title='bbox 3172 5591 3350 5650; x_wconf 76' lang='lat' dir='ltr'><strong>modis</strong></span> <span class='ocrx_word' id='word_1_523' title='bbox 3386 5607 3573 5663; x_wconf 68' lang='lat' dir='ltr'><strong>agens-</strong></span> 
     </span>
    </p>
   </div>
  </div>
