4102 6374
604 313 740 379 1683

1799 313 1862 374 S.
1903 311 2297 372 THEODORI
2333 309 2682 372 STUDITAZ

3765 306 3906 372 1684

600 430 918 498 teret-sque,
965 427 1229 492 miscens,
1263 444 1327 485 ac
1359 427 1640 486 fascinans
1667 429 1933 494 animam,
1963 428 2184 484 tandem

2291 427 2461 496 μένην
2493 424 2531 478 ὃ.
2563 425 2638 496 μὴ
2665 424 2765 480 δεῖ.
2832 422 3008 491 [Idan
3057 417 3174 479 οὖν
3228 419 3474 493 φυλακῇ
3527 421 3896 494 τηρήσωμεν

597 538 719 576 eam
775 521 1034 576 exturbat
1083 522 1154 577 ab
1197 537 1265 577 eo
1321 523 1415 592 qui
1461 521 1760 576 secundum
1801 531 2052 575 naturam
2102 528 2190 575 est

599 609 810 672 habitu.
844 618 898 664 et
928 609 1108 664 reddit
1135 625 1254 664 eam
1285 610 1615 671 dementem,
1655 608 2054 675 irrationalem,
2082 623 2190 664 cae-

597 715 718 754 cam
749 744 763 765 ,
801 702 1111 772 cupientem
1153 717 1215 754 ea
1263 716 1388 771 quae
1433 699 1513 756 fas
1546 715 1652 753 non
1691 709 1796 754 cst.
1843 699 2002 754 Omni
2043 716 2188 772 .ergo

597 793 838 846 custodia
863 809 1124 848 servemus
1156 808 1247 845 cor
1299 803 1542 846 nostrum
1570 793 1610 856 ³,
1649 805 1756 845 non
1795 790 1980 846 dantes
2013 791 2188 846 locum

576 869 808 938 'diabolo
837 884 879 950 ³,
916 884 1011 940 sed
1039 884 1108 939 ad
1139 884 1378 954 primum
1431 883 1606 939 hostis
1650 882 1856 939 statim'
1887 884 2194 938 abnuentes

596 992 921 1042 accessum,
972 977 1164 1048 procul
1197 992 1322 1031 eum
1363 976 1717 1047 repellamus.
1747 975 1904 1044 Quod
1935 977 1981 1030 si
2014 991 2193 1046 usque

595 1069 665 1124 ad
695 1082 984 1123 assensum
1008 1068 1327 1122 vincamur:
1350 1077 1405 1120 at
1428 1081 1497 1121 ne
1527 1066 1842 1136 polluamur
1870 1067 2192 1136 prodcuudo

595 1156 662 1210 ad
699 1171 858 1225 opus.
897 1154 1054 1222 Quod
1088 1155 1134 1210 si
1159 1156 1340 1209 ethoc
1369 1154 1654 1222 acciderit,
1683 1170 1752 1210 ne
1784 1154 1840 1208 in
1879 1155 1974 1209 tali
2014 1171 2192 1210 more-

595 1262 721 1300 mur
775 1255 947 1313 statu,
975 1245 1120 1300 trahi
1156 1261 1258 1301 nos
1307 1246 1553 1302 sinentes
1585 1246 1639 1300 in
1672 1245 1927 1299 ultimum
1970 1245 2184 1315 peccati

595 1339 894 1392 terminum
927 1337 1386 1409 impaenitentiam
1415 1337 1656 1391 ﬁnalem.
1687 1335 1973 1406 Contingit
2003 1347 2185 1391 autem

594 1445 696 1485 nos
743 1431 850 1486 hoc
895 1432 1008 1502 pati
1038 1449 1103 1487 ex
1133 1432 1488 1504 praesumptis
1523 1447 1589 1487 ex
1621 1431 1784 1501 longo
1813 1429 2186 1500 opinionibus,

591 1532 648 1576 et
673 1537 739 1577 ex
769 1524 1245 1580 recordationibus
1289 1539 1483 1578 eorum
1523 1539 1647 1594 qua:
1684 1523 1844 1578 nobis
1874 1523 2006 1578 olim
2044 1523 2190 1577 acci-

2295 516 2414 584 τὴν
2463 517 2739 585 καρδίαν,
2786 516 2861 586 μὴ
2894 514 3165 581 διδόντες
3221 514 3410 566 τόπον
3469 512 3550 578 τῷ
3594 513 3896 580 διαϐόλῳι

2295 608 2410 662 ἀλλ’
2443 608 2608 672 εὐθὺς
2634 608 2735 679 τὴν
2781 606 3088 678 προσϐολὴν
3138 608 3588 676 ἁπαναινόμενοι.
3615 607 3677 659 Εἰ
3707 607 3768 659 δὲ
3799 611 3869 674 ﬁt

2295 700 2552 773 τηθῶμεν
2609 699 2882 764 ἐντεῦθεν,
2936 700 3042 753 κᾶν
3094 701 3171 771 μὴ
3221 699 3567 770 χρανθῆναι’
3598 701 3649 751 εἰ
3695 699 3756 752 δὲ
3801 701 3898 752 καὶ

2293 793 2456 848 τοῦτο
2522 794 2831 864 πάθοιμεν·
2889 794 3027 848 ἀλλὰ
3077 795 3153 867 μὴ
3193 795 3511 866 ὲγχρονίσαι
3566 799 3663 851 καὶ
3722 816 3898 852 κατα-

2297 886 2532 956 συρῆναι
2595 887 2678 951 εἰς
2732 885 2795 939 τὸ
2861 885 3014 948 τέλος
3068 886 3172 956 τῆς
3217 887 3518 957 ἁμαρτίας.
3590 888 3896 958 Συμδαὲνει

2293 977 2353 1030 δὲ
2400 978 2550 1050 ἡμᾶς
2575 977 2735 1031 τοῦτο
2768 978 2966 1031 παθεῖν
2994 981 3060 1031 ἐκ
3107 977 3216 1032 τῶν
3266 979 3615 1051 προλήψεων,
3661 984 3729 1034 ὲκ
3781 983 3897 1035 τῶν

2289 1067 2459 1122 πάλαι
2491 1068 2855 1141 ἀναμνήσεων
2874 1085 2889 1098 ο
2919 1067 3056 1122 ἀλλὰ
3113 1066 3376 1138 φύγωμεν
3408 1071 3509 1132 τὰς
3545 1070 3850 1141 προλήψεις
3877 1089 3892 1101 ’

2289 1160 2553 1232 φύγωμεν
2586 1159 2689 1224 τὰς
2719 1161 3054 1231 νεωτερικὰς
3107 1161 3467 1232 ἀναμνήσεις.
3522 1162 3610 1214 Ἐν
3665 1163 3782 1232 γὰρ
3815 1161 3896 1231 τῷ

2296 1252 2479 1304 ἐκεῖσε
2528 1251 2616 1306 διὰ
2664 1252 2768 1323 τῆς
2799 1253 3232 1324 ἁναθεωρήσεως
3293 1253 3542 1322 γίνεσθαι
3591 1256 3790 1324 ἡμᾶς,
3839 1256 3892 1307 τί

2297 1341 2426 1395 ἄλλο
2457 1342 2606 1396 ἔστιν
2638 1344 2816 1396 εἰπεῖν
2837 1385 2854 1409 ,
2901 1344 2935 1414 ἦ
2969 1345 3050 1396 ὅτι
3078 1344 3434 1415 ὲστράφημεν
3456 1348 3522 1414 τῇ
3556 1345 3759 1416 καρδίᾳ
3814 1346 3892 1406 εἰς

2296 1433 2618 1502 Αἴγυπτονς
2670 1435 2850 1508 Ὅπερ
2903 1437 3209 1508 φυλακτέον
3242 1441 3376 1510 ἡμῖν
3422 1441 3567 1494 κατὰ
3597 1440 3694 1494 τὸν
3747 1439 3892 1492 ἔνδον

2297 1524 2609 1598 ἄνθρωπον.

590 1618 810 1676 derunt.
865 1621 1048 1688 Quare
1096 1620 1372 1692 fugiamus
1421 1620 1665 1676 delentes
1697 1637 1761 1676 ex
1804 1622 1992 1676 animo
2061 1628 2330 1690 quantum
2398 1639 2694 1693 possumus
2729 1625 2898 1682 falsas
2963 1627 3099 1684 istas
3141 1629 3578 1698 persuasiones:
3613 1629 3890 1700 fugiamus

590 1731 811 1785 quoque
858 1716 1274 1771 recordationes
1309 1715 1580 1770 malarum
1623 1729 1805 1769 rerum
1833 1729 1972 1783 quas
2018 1715 2298 1784 quondam
2343 1717 2395 1771 in
2434 1718 2730 1789 juventute
2789 1719 3053 1784 vidimus,
3096 1723 3240 1792 passi
3274 1740 3487 1790 sumus,
3530 1735 3628 1778 aut
3653 1725 3886 1794 egimus.

588 1813 727 1868 Nam
775 1814 1088 1870 voluntaria
1122 1823 1178 1869 et
1209 1829 1431 1868 morosa
1482 1813 1674 1867 talium
1717 1811 2185 1882 contemplatione
2223 1814 2397 1868 teneri
2444 1831 2509 1872 ac
2557 1817 2769 1872 titillari
2801 1833 2926 1882 nos,
2954 1818 3087 1888 quid
3118 1819 3264 1873 aliud
3297 1831 3404 1883 est,
3454 1836 3623 1890 quam
3689 1824 3886 1878 reverti

588 1914 756 1964 corde
781 1911 836 1963 in
877 1908 1208 1980 Egyptum?
1246 1907 1403 1974 Quod
1440 1908 1748 1962 cavendum
1789 1919 1876 1962 est
1921 1908 2104 1972 nobis,
2141 1909 2186 1962 si
2227 1908 2477 1964 interiori
2509 1923 2699 1966 nostro
2733 1913 3025 1966 consulere
3054 1913 3261 1966 homini
3294 1912 3572 1967 volumus.

659 2001 750 2058 1V.
785 2000 1073 2057 Certemus
1101 2002 1290 2072 igitur,
1311 2001 1530 2065 fratres,
1560 2011 1615 2056 et
1640 2001 1789 2054 omni
1815 2000 2016 2056 virtute
2041 2016 2174 2055 con-

2348 2001 2424 2058 A'.
2479 2002 2905 2075 Ἀγωνισώμεθα
2932 2000 3049 2070 οὖν,
3071 2005 3307 2074 ἀδελφοὶ,
3340 2006 3432 2058 καὶ
3473 2007 3624 2077 πάσῃ
3656 2008 3882 2079 δυνάμει

589 2095 800 2160 fortati,
836 2110 1052 2150 summa
1097 2095 1450 2156 contentione
1495 2109 1762 2149 conemur
1802 2093 2031 2162 spiritus
2057 2093 2181 2161 ejus

589 2187 682 2255 qui
731 2184 786 2239 in
842 2184 1002 2239 nobis
1053 2193 1138 2238 est
1176 2185 1534 2252 cogitationes
1569 2198 1826 2253 purgare.
1851 2183 2004 2248 juxta
2031 2183 2181 2252 quod

589 2273 853 2343 scriptum
901 2282 983 2327 est
1013 2290 1027 2328 :
1057 2271 1128 2325 Et
1173 2288 1380 2326 omnem
1435 2271 1774 2336 altitudinem
1803 2287 1923 2340 qua:
1949 2270 2184 2324 elevatur

589 2375 778 2419 contra
808 2367 1086 2420 seientiam
1122 2365 1272 2419 Dei‘.
1307 2364 1374 2419 Et
1404 2367 1506 2420 hoc
1539 2366 1869 2434 perenniter.
1895 2363 2009 2418 Hoc
2035 2365 2181 2418 enim

587 2465 674 2510 est
727 2455 931 2510 bellum
982 2456 1138 2520 illud,
1184 2456 1237 2510 in
1274 2471 1386 2526 quo
1430 2471 1714 2526 nunquam
1766 2455 2092 2519 debellatur,
2126 2455 2180 2509 in

589 2560 911 2620 perpetuum
941 2550 1171 2608 durans.
1196 2551 1261 2606 Et
1283 2551 1390 2606 hoc
1413 2549 1556 2605 idem
1591 2549 1916 2621 martyrium
1954 2555 2039 2604 est
2070 2563 2180 2602 non

589 2657 702 2697 uno
743 2646 854 2697 ictu
892 2653 1363 2704 consummatum.
1393 2641 1487 2696 sed
1522 2641 1576 2695 in
1607 2641 1727 2696 dies
1759 2639 1963 2695 multos
1998 2640 2182 2694 conti-

591 2743 784 2790 nenter
819 2735 1050 2790 saeviens
1099 2735 1261 2810 longa
1312 2733 1418 2790 sibi
1449 2733 1864 2789 succedentium
1894 2733 2037 2788 serie
2072 2743 2186 2787 tor-

587 2838 923 2884 mentorum.
975 2827 1274 2884 Enimvero
1329 2827 1426 2898 qui
1481 2826 1910 2898 cogitationibus
1957 2826 2184 2880 assidue

587 2921 840 2992 pulsatus
895 2921 1102 2992 pravis,
1165 2935 1448 2990 nunquam
1497 2919 1665 2985 cedit,
1711 2932 1815 2974 nec
1851 2919 2017 2972 ﬂectit
2040 2932 2184 2986 genu

587 3029 776 3068 coram
802 3013 927 3070 Baal
959 3031 975 3068 :
1004 3013 1097 3067 sed
1130 3021 1354 3067 strenue
1402 3012 1687 3075 resistens.
1719 3011 1903 3066 vivido
1927 3012 2186 3081 superin-

588 3105 703 3161 silit
746 3107 952 3176 impetu
997 3105 1052 3160 in
1094 3103 1380 3175 passiones
1439 3103 1887 3171 concupiscibilis
1913 3113 1967 3158 et
1997 3103 2190 3158 irasci-

588 3201 715 3255 hilis
741 3215 880 3270 quas
907 3201 1197 3255 conculcet
1229 3214 1423 3254 omnes
1452 3216 1466 3252 :
1499 3199 1591 3252 hic
1621 3197 1879 3251 videlicet
1904 3196 2188 3266 quotidia-

2282 2093 2705 2165 δυναμούμενοι,
2739 2097 2973 2150 κατὰτὸ
3008 2098 3208 2168 κράτος
3268 2098 3368 2168 τῆς
3429 2099 3615 2168 ἰσχύος
3678 2101 3772 2154 τοῦ
3825 2105 3882 2155 ἐν

2282 2189 2418 2258 ἡμῖν
2453 2188 2784 2258 πνεύματος,
2803 2189 3100 2260 λογισμοὺς
3127 2189 3518 2261 καθαιροῦντες
3549 2195 3691 2246 κατὰ
3705 2196 3766 2246 τὸ
3789 2212 3881 2262 γε-

2284 2278 2606 2348 γραμμένον
2638 2297 2652 2311 ’
2685 2279 2943 2336 Καὶπᾶν
3001 2281 3218 2350 ὕψωμα
3271 2281 3670 2349 ἐπαιρόμενον
3730 2289 3882 2338 κατὰ

2283 2371 2398 2440 τῆς
2419 2372 2695 2442 ’γνώσεως
2731 2373 2839 2428 τοῦ
2871 2373 3024 2428 Θεοῦ
3046 2392 3062 2404 '
3093 2375 3364 2428 καὶτοῦτο
3396 2377 3664 2436 ἀεννάως.
3709 2377 3884 2430 Τεῦτο

2284 2463 2396 2534 γάρ
2438 2465 2588 2517 ἐστιν
2641 2465 2933 2535 ὁπόλεμος
2960 2465 2989 2514 ὁ
3043 2464 3471 2534 ἁκαταμάχητος
3505 2482 3522 2498 ο
3569 2465 3668 2517 xa't
3723 2465 3882 2518 τοῦτο

2284 2553 2348 2606 τὸ
2389 2553 2693 2626 μαρτύριον
2725 2555 2786 2608 τὸ
2817 2554 3193 2608 πολυδὰσανον
3227 2556 3320 2609 καὶ
3374 2555 3745 2626 πολυήμερον.
3785 2559 3882 2620 ’ος

2285 2645 2397 2716 γὰρ
2447 2647 2548 2700 οὑκ
2586 2647 2836 2700 ἐνδίδωσι
2877 2650 2990 2710 τοῖς
3021 2646 3308 2717 λογισμοῖς
3370 2649 3460 2700 ἀεὶ
3510 2650 3878 2718 τυπτόμενος,

2286 2735 2409 2790 οὐδὲ
2449 2738 2724 2807 κάμπτων
2746 2738 2882 2810 γόνυ
2909 2741 2976 2810 τῇ
3011 2739 3158 2792 Βάαλ
3177 2778 3193 2801 ,
3223 2738 3340 2791 ἀλλ’
3374 2740 3882 2810 ἀνταγωνιζόμενος

2286 2829 2384 2882 καὶ
2408 2828 2856 2900 ὑπεραλλόμενος
2890 2830 3002 2883 τῶν
3030 2831 3242 2896 παθῶν,
3276 2831 3544 2902 ἐπιθυμίᾳ
3570 2835 3668 2885 καὶ
3699 2833 3879 2904 θυμῷ,

2287 2916 2444 2985 οὗτος
2475 2922 2725 2990 δηλονότι
2757 2925 3032 2994 μαρτυρεῖ
3074 2923 3447 2995 καθεκάστην,
3488 2927 3584 2979 καὶ
3611 2928 3760 2980 κατὰ
3787 2927 3878 2980 τοῦ

2290 3015 2506 3071 Παύλου
2529 3015 2757 3079 δυνατός
2784 3018 2901 3069 ἐστι
2931 3016 3111 3085 λέγειν
3157 3017 3218 3070 τὸ
3237 3056 3254 3080 ,
3283 3017 3688 3087 Ιίαθεκὰστην
3740 3020 3879 3088 ἠμέ-

2283 3123 2404 3175 ραν
2430 3105 2823 3172 ἀποθνήσκω.
2870 3108 2979 3160 Καὶ
3019 3109 3114 3160 ἐπὶ
3161 3107 3239 3177 τῷ
3299 3108 3440 3161 τέλει
3486 3110 3597 3161 τῶν
3655 3110 3880 3176 ἀγώνων

2290 3198 2732 3270 παρρησιάζεται
2791 3202 3010 3253 εἰπεῖν’
3073 3201 3184 3254 Τὸν
3249 3201 3452 3269 ἀγῶνα
3522 3201 3634 3254 τὸν
3691 3205 3879 3257 καλιῖν

587 3303 722 3342 num
800 3287 1126 3358 martyrium
1193 3286 1385 3341 suffert
1433 3294 1490 3340 et
1544 3296 1668 3355 post
1724 3285 1955 3339 Paulum
2008 3291 2186 3354 potest

2291 3293 2562 3362 ἠγώνισα
2586 3310 2601 3324 ·
2630 3293 2741 3347 τὸν
2763 3292 2993 3360 δρόμον
3021 3297 3302 3346 τετέλεκα
3321 3311 3335 3326 ο
3367 3299 3482 3358 τὴν
3529 3295 3748 3348 πίστιν
3789 3311 3879 3348 τε-

586 3380 774 3435 dicere
817 3397 834 3435 :
882 3378 1138 3445 Quotidie
1171 3379 1427 3432 morior“.
1457 3377 1524 3432 Et
1558 3379 1614 3432 in
1664 3379 1771 3430 fine
1814 3375 2180 3430 certaminum

2292 3353 2526 3452 τῆρηκα
2563 3398 2575 3411 ·
2611 3353 2834 3436 λοιπὸν
2861 3353 3176 3437 ἀπόκειταί
3197 3399 3302 3451 μοι
3335 3385 3368 3436 ὀ
3405 3353 3518 3451 τῆς
3569 3381 3878 3435 ductae-‘6-

587 3472 819 3528 istorum
871 3472 1098 3527 audebit
1127 3471 1312 3526 dicere
1354 3487 1369 3524 :
1402 3468 1610 3524 Bonum
1655 3479 1922 3523 certamen
1949 3467 2180 3534 certavi,

2289 3491 2402 3543 νης
2435 3473 2760 3544 στέφανος.

587 3582 806 3620 cursum
830 3563 1217 3626 consummavi,
1250 3563 1412 3626 ﬁdem
1436 3563 1676 3628 servavi;
1719 3563 1776 3615 in
1799 3561 2002 3632 reliquo
2036 3577 2184 3632 repo-

588 3661 696 3715 sita
717 3670 794 3714 est
826 3661 956 3713 mihi
993 3675 1188 3712 corona
1210 3659 1449 3729 justitiw
1474 3658 1517 3712 ⁸.

661 3802 684 3832 ²
712 3801 876 3859 Prov.
907 3814 981 3864 tv,
1011 3797 1105 3853 9.5.
1181 3797 1202 3830 ³
1234 3797 1439 3868 Ephes.
1479 3809 1555 3858 tr,
1586 3793 1678 3848 2'7.
1755 3792 1778 3825 '*
1807 3792 1845 3846 ll
1874 3792 2002 3848 Cor.
2032 3805 2087 3857 x,
2135 3791 2189 3846 5.
2266 3791 2288 3824 ⁵
2320 3789 2339 3844 1
2369 3789 2502 3844 Cor.
2528 3803 2622 3855 xv,
2649 3788 2739 3842 31.
2815 3786 2838 3818 ⁶
2867 3787 2908 3842 ll
2941 3787 3089 3841 Tim.
3129 3801 3202 3852 ιν,
3241 3785 3294 3838 7.

605 3922 2327 3964 mw
2349 3916 3868 3948 ,ω

1927 4053 2556 4146 MONITUM.

1629 4213 1796 4283 (Aug.
1839 4209 1986 4275 Mn,
2031 4206 2291 4263 Biblioth.
2328 4222 2447 4262 nor.
2491 4215 2532 4261 t.
2583 4205 2682 4272 IV,
2724 4205 2842 4279 91.)

663 4334 722 4391 In
772 4345 958 4391 vetere
1003 4333 1198 4389 codice
1241 4331 1518 4388 Vaticano
1561 4329 1702 4393 451,
1748 4327 1789 4382 1'.
1835 4325 1940 4381 168
1983 4323 2040 4388 b,
2065 4331 2286 4377 exstant
2321 4321 2382 4376 S.
2431 4319 2616 4376 Basilii
2665 4321 3084 4376 Constitutiones
3135 4321 3465 4384 monasticae,
3499 4321 3653 4375 haud
3697 4331 3876 4376 tamen

589 4422 902 4494 cuiusmodi
949 4430 1080 4477 sunt
1126 4423 1181 4476 in
1231 4431 1382 4476 tomo
1423 4417 1668 4476 secundo
1736 4414 1996 4470 editionis
2043 4411 2297 4468 Garnerii
2325 4424 2355 4479 ,'
2399 4414 2493 4469 sed
2540 4413 2852 4476 breviores,
2906 4430 3225 4484 quanquam
3279 4414 3502 4468 initium
3554 4415 3702 4468 idem
3751 4425 3874 4469 est:

589 4512 704 4585 Τὴν
733 4511 876 4566 κατὰ
905 4510 1142 4580 Χριστὸν
1169 4508 1493 4578 φιλοσοφίαν
1524 4504 1923 4574 ἐπανελόμενος
1955 4519 1970 4555 :
2004 4510 2060 4554 et
2083 4500 2138 4554 in
2167 4516 2186 4554 ι

2296 4503 2405 4556 tula
2435 4513 2646 4558 tantum
2680 4504 2905 4573 triginta
2936 4505 3364 4559 distribuuntur.
3393 4503 3640 4559 Prorsus
3666 4504 3876 4558 codicis

590 4599 842 4654 Vaticani
872 4599 1063 4654 eadem
1097 4598 1236 4651 ratio
1263 4606 1382 4660 est,
1417 4611 1542 4665 quae
1570 4591 1808 4647 Czesarei
1844 4588 2283 4645 Vindobonensis
2325 4588 2487 4655 LXV,
2535 4607 2566 4644 a
2615 4589 2911 4645 Lambecio
2945 4591 3206 4658 descripti
3264 4590 3564 4646 Comment.
3622 4591 3692 4644 Β.
3737 4591 3870 4646 σει-ς.

590 4688 688 4744 lib.
741 4703 832 4750 ιιι,
879 4687 968 4745 ed.
1003 4686 1200 4740 Kollar.
1251 4701 1306 4755 p.
1345 4683 1472 4739 5-15.
1507 4682 1727 4736 Titulus
1767 4687 1951 4732 autem
1983 4678 2169 4746 operis
2205 4678 2404 4746 duplex
2467 4690 2551 4734 est
2590 4681 2645 4734 in
2697 4681 2886 4736 codice
2920 4679 3076 4745 Vat.,
3128 4695 3324 4748 nempe
3377 4680 3585 4733 initio:
3621 4681 3874 4743 Διάταξις

591 4774 890 4846 ἀσκητικὴ,
922 4775 1058 4846 πρὸς
1084 4774 1212 4838 τοὺς
1245 4770 1580 4843 μονάζοντας
1605 4768 1701 4823 καὶ
1731 4768 1859 4830 τοὺς
1889 4767 1950 4818 ὲν
1978 4765 2186 4819 κοινοδίη

2291 4767 2618 4828 ἀσκοῦντας,
2649 4777 2708 4822 ut
2735 4769 2788 4821 in
2818 4769 3060 4822 editione
3081 4766 3356 4822 Garnerii.
3382 4767 3439 4820 ιιι
3469 4769 3624 4821 calce
3647 4779 3829 4821 autem
3858 4786 3870 4819 :

590 4863 756 4922 Τέλος
793 4863 897 4916 τῶν
928 4860 1239 4932 κεφαλαίων
1269 4860 1378 4914 τῶν
1413 4858 1630 4930 μικρῶν
1657 4858 1777 4927 ἦτοι
1807 4854 1917 4908 τῶν
1951 4853 2186 4922 μερικῶι

2289 4854 2553 4925 ικητικῶν
2585 4855 2680 4909 τοῦ
2721 4855 2880 4924 ἁγίου
2911 4855 3195 4910 Βασιλείου
3229 4874 3241 4907 :
3273 4855 3590 4922 Explicinnt
3621 4854 3870 4923 Capitula

591 4965 782 5017 parva,
829 4966 920 5002 seu
967 4949 1329 5017 particularia
1357 4947 1601 5002 Ascetica
1630 4945 1805 5000 sancti
1840 4942 2054 4997 Basilii.
2100 4941 2375 4997 Habemus
2403 4943 2568 5010 igitur
2595 4981 2610 5006 ,
2655 4952 2716 4996 ut
2761 4953 2946 5010 antea,
2999 4942 3335 5010 Regularum
3380 4942 3785 5011 Compendium
3821 4943 3868 4994 in

595 5037 819 5106 Regalis
848 5038 1068 5092 brevius
1111 5036 1429 5106 explicatis;
1489 5035 1561 5088 ita
1612 5048 1762 5087 nunc
1807 5030 2263 5086 Constitutionum
2307 5030 2726 5083 monasticarum
2773 5033 2932 5101 quasi
2977 5032 3414 5101 Compendium,
3457 5047 3590 5086 vero
3644 5045 3871 5084 anatona

592 5127 785 5181 eodem
821 5125 1065 5190 Basilio,
1113 5131 1170 5176 ut
1220 5124 1339 5194 ipse
1360 5121 1692 5177 Lambecius
1742 5120 1889 5175 ultro
1924 5120 2176 5188 agnoscit
2221 5125 2388 5186 atque
2430 5117 2653 5172 fatetur.
2695 5117 2819 5172 .Iam
2847 5135 2982 5174 vero
3027 5128 3153 5189 post
3189 5120 3242 5172 id
3295 5118 3491 5172 Basilii
3535 5119 3866 5187 opusculum

593 5219 795 5290 legitur
840 5218 894 5271 in
931 5218 1119 5272 codice
1151 5214 1276 5269 Vat.
1309 5217 1403 5286 (at
1439 5215 1495 5268 in
1527 5212 1770 5269 Vindob.
1809 5212 2098 5283 prmcedit)
2132 5209 2407 5264 Theodori
2449 5211 2685 5266 Studitze
2721 5210 2983 5266 Scholion
3011 5250 3026 5273 ,
3068 5226 3181 5279 quo
3225 5211 3685 5274 demonstratur,
3731 5209 3868 5261 hunc

593 5322 720 5364 esse
749 5308 1054 5378 genuinum
1103 5304 1162 5358 S.
1201 5303 1385 5358 Patris
1425 5302 1623 5358 fetum.
1669 5300 1967 5356 Contendit
1995 5300 2261 5354 nimirum
2296 5297 2550 5361 Studita,
2584 5299 2636 5353 id
2666 5299 2849 5369 palam
2884 5299 3010 5353 inde
3055 5298 3171 5352 lieri
3195 5336 3213 5361 ,
3260 5298 3412 5367 quod
3441 5298 3620 5367 stylus
3661 5305 3723 5351 et
3763 5306 3866 5349 tota

595 5396 784 5466 scripti
814 5395 956 5450 ratio
981 5407 1285 5462 sensusque
1313 5391 1438 5446 aliis
1479 5391 1659 5446 sancti
1702 5388 1891 5444 Basilii
1919 5387 2189 5443 Asceticis
2226 5386 2530 5441 conformis
2561 5388 2652 5442 sit.
2698 5385 2874 5441 Porro
2923 5396 2984 5441 ut
3023 5398 3409 5458 argumentum
3447 5402 3612 5442 suum
3655 5384 3868 5438 Studita

596 5485 826 5540 firmiter
855 5491 1078 5546 teneat,
1115 5480 1358 5536 defendit
1380 5479 1545 5533 simul
1575 5519 1591 5543 ,
1623 5478 1716 5532 illa
1749 5493 1872 5546 quae
1903 5476 2171 5531 habemus
2205 5476 2259 5530 in
2288 5475 2624 5531 editionibus
2659 5475 2846 5530 Basilii
2882 5476 3125 5530 Ascetica
3150 5517 3167 5540 ,
3201 5490 3326 5530 esse
3367 5475 3608 5544 genuina
3635 5515 3651 5538 ,
3683 5482 3869 5526 contra

593 5572 980 5628 nonnullorum
1008 5584 1181 5624 vanas
1203 5567 1579 5624 dubitationes
1613 5585 1627 5622 :
1658 5582 1766 5634 qua
1799 5580 1858 5618 re
1888 5564 2236 5628 continuata,
2277 5565 2524 5633 sequitur
2553 5572 2611 5617 ut
2643 5578 2800 5633 aeque
2835 5563 3155 5628 Διατάξεις,
3194 5559 3617 5617 Comtitutiones
3638 5601 3653 5624 .
3683 5558 3868 5613 Basilii

593 5664 726 5716 sint.
753 5659 875 5714 Jam
910 5659 1015 5714 hoc
1050 5657 1318 5713 ineditum
1351 5654 1582 5711 Studita:
1613 5652 1876 5710 Scholion
1918 5653 1995 5723 (η)
2030 5652 2388 5722 praecidenda:
2417 5650 2714 5722 quaestioni
2755 5651 3019 5706 idoneum
3045 5661 3152 5714 est,
3177 5664 3302 5720 quae
3322 5649 3536 5719 prolixe
3565 5649 3806 5718 agitatur
3837 5661 3867 5698 α

661 5782 734 5840 ta)
773 5779 986 5829 Fallitur
1013 5778 1088 5828 vir
1119 5775 1440 5827 clarissimus.
1466 5775 1574 5827 Hoc
1596 5771 1838 5826 scholium
1879 5773 1974 5836 jam
2000 5769 2186 5824 cdidcr:

604 5851 724 5897 ιυω.
753 5843 840 5898 111.
875 5844 969 5892 col.
1005 5842 1147 5893 1519.
1184 5840 1320 5891 Eutr.

2289 5768 2446 5821 litist.
2486 5771 2621 5821 l’rid.
2667 5767 2888 5822 Mutthad
2927 5772 2983 5820 et
3013 5781 3105 5818 uos
3149 5771 3265 5832 post
3298 5776 3416 5814 eum
3444 5763 3671 5826 Operum
3707 5761 3866 5814 Basilii

627 5858 724 5895 om.
753 5855 840 5905 tu,
875 5855 969 5892 col.
1005 5855 1147 5893 tow.
1184 5855 1320 5891 non.
