4102 6374
357 298 496 366 1685

1306 307 1684 371 SCHOLION
1725 310 1808 372 ΙΝ
1849 311 1912 370 S.
1956 310 2238 370 BASILII
2282 309 2674 370 ASCE'I‘ICA.~

353 417 657 486 Garuerio,
690 429 732 474 t.
773 417 848 486 ll,
899 419 956 476 in
1007 419 1169 478 Praef.
1215 437 1270 492 p.
1303 439 1450 479 xxxv
1483 434 1539 481 et
1599 441 1754 498 seqq.
1803 427 1872 483 de
1931 426 2320 483 Asceticornm
2389 442 2522 483 vero
2554 434 2781 499 parente
2826 425 3071 487 Basilio;
3127 426 3370 498 itemque
3425 427 3606 490 alteri,

349 523 458 578 qua
483 507 628 564 idem
667 507 970 566 Garnerius
1008 512 1163 582 praef.
1193 528 1246 582 p.
1276 528 1400 568 vat
1431 525 1485 569 et
1511 530 1692 586 seqq.,
1720 517 1994 574 immerito
2023 519 2306 574 contendit
2343 528 2537 576 contra
2585 519 2972 575 Combetisium
2994 560 3009 584 ,
3045 517 3462 572 Constitutionu
3490 535 3608 571 mo-

351 601 584 655 nastt'cas
638 615 748 656 non
781 601 1018 669 Basilio,
1055 603 1153 660 sed
1183 602 1472 661 Enstatbio
1505 606 1840 676 Sebasteno,
1887 625 2012 667 esse
2049 611 2449 668 inscribendas.
2491 610 2613 666 Jam
2660 620 2905 668 veterum
2939 613 3296 667 auctoritates
3329 627 3358 664 a
3394 610 3612 664 Stadita

351 688 604 744 laudatas
643 690 845 759 partim
876 695 1138 746 hauserat
1169 707 1236 747 ex
1271 693 1394 752 aliis
1432 693 1676 750 fontibus
1701 697 1861 752 etiam
1892 696 2215 765 Garnerins,
2248 709 2626 756 verumtamen
2657 699 2763 756 hoc
2800 700 3015 770 insigne
3053 699 3282 754 Studitae
3323 698 3611 761 Scholion,

351 790 446 831 seu
477 775 765 846 Prologum
790 818 807 844 ,
861 777 1174 849 ignoravit:
1214 796 1378 850 quam
1411 798 1512 838 nos
1551 783 2004 855 scriptiuneulam
2043 787 2105 841 in
2135 787 2236 843 hac
2271 797 2458 842 nostra
2495 787 2728 842 Studitae
2770 789 3042 842 mantissa
3098 785 3459 840 omittendam
3503 800 3613 839 non

347 861 714 929 indicavimus
734 906 750 931 ,
787 873 902 920 tum
931 866 1060 936 quia
1092 868 1353 938 prazclara
1392 885 1488 941 per
1513 885 1574 926 se
1599 883 1720 939 est,
1743 883 1856 927 tum
1879 873 2006 942 quia
2037 873 2167 930 crisi
2203 889 2429 944 operum
2471 875 2643 932 sancti
2676 874 2862 930 Basilii
2886 874 3161 943 perutilis.
3199 872 3335 926 Nam
3367 872 3513 942 quod
3546 873 3612 926 ad

355 950 455 1006 hoc
487 953 710 1021 proprie
748 952 1052 1007 breviatum
1094 953 1277 1031 Basilii
1315 957 1642 1026 opusculum
1675 968 1880 1030 spectet
1913 959 2141 1017 Studitzn
2171 962 2434 1018 Scholion
2463 1004 2480 1030 ,
2529 963 2770 1018 dubitari
2807 963 2998 1032 nequit
3027 979 3040 1016 :
3087 978 3193 1016 non
3233 963 3362 1033 quia
3395 971 3609 1016 tantum

354 1037 432 1091 illi
472 1038 525 1092 in
555 1038 742 1094 codice
769 1038 1112 1107 subtexitur,
1153 1043 1248 1097 sed
1285 1046 1410 1113 quia
1447 1045 1500 1100 in
1535 1061 1602 1100 eo
1631 1047 1838 1104 diserte
1888 1047 2207 1105 nominatur
2238 1051 2432 1108 titulus
2461 1049 2716 1122 Μερικσά,
2747 1051 2840 1120 qui
2870 1049 3146 1122 proprius,
3180 1058 3242 1106 ut
3274 1065 3438 1120 supra
3468 1047 3614 1103 dixi-

354 1142 501 1192 mus,
532 1127 724 1197 scripti
759 1127 907 1184 illius
939 1127 1198 1184 Basiliani
1231 1143 1336 1187 est.

441 1295 454 1308 ‘
529 1286 884 1342 ΘΕΟΔΩΡΟΥ
907 1291 1336 1346 ΗΓΟΥΜΕΝΟΥ
1389 1291 1750 1359 ΣΤΟΥΔΙΟΥ.

423 1399 494 1457 α’.
535 1402 659 1455 Ὅτι
689 1403 918 1472 γνήσιον
955 1404 1051 1459 τοῦ
1079 1406 1320 1476 μεγάλου
1343 1407 1631 1464 Βασιλείου
1659 1409 1723 1464 τὸ
1753 1410 1932 1482 παρὸν

356 1490 668 1564 σύνταγμα,
697 1493 859 1564 δῆλον
885 1495 983 1566 μὲν
1010 1499 1107 1551 καὶ
1137 1497 1234 1552 ἀπ’
1255 1497 1426 1553 αὑτοῦ
1462 1499 1555 1553 τοῦ
1580 1503 1932 1573 χαρακτῆρος

354 1585 456 1656 τῆς
483 1585 809 1657 ὑψηγορίας,
838 1587 936 1641 τοῦ
962 1606 1022 1642 τε
1052 1589 1230 1654 εἴδους
1253 1591 1356 1662 τῆς
1374 1591 1664 1662 φράσεωςο
1687 1593 1848 1665 δῆλον
1875 1595 1934 1649 δὲ

356 1679 449 1731 καὶ
473 1679 538 1731 ὲκ
573 1678 668 1732 τοῦ
697 1679 1098 1750 συνεμπίπτειν
1119 1683 1242 1746 ταῖς
1265 1681 1375 1736 τῶν
1405 1682 1580 1737 ἄλλων
1613 1684 1934 1756 ἁσκητικῶν

356 1769 588 1834 ἐννοίαις
603 1787 663 1823 τε
685 1769 781 1824 καὶ
804 1771 1017 1837 λέξεσιν
1035 1789 1050 1806 ο
1070 1772 1146 1838 ὡς
1177 1774 1254 1844 μὴ
1295 1773 1472 1828 δοκεῖν
1503 1792 1557 1828 τι
1583 1775 1712 1832 ἄλλο
1736 1777 1814 1847 τῷ
1839 1777 1934 1831 καὶ

361 1863 556 1933 μικρὸν
577 1862 707 1931 γοῦν
731 1864 1163 1935 ὲπεσκεμμενως
1182 1865 1678 1938 ἀναγινώσκοντι,ἢ
1703 1867 1832 1922 Θάτε
1842 1886 1934 1940 ρον

357 1957 412 2008 ἐν
433 1953 646 2026 θατέρῳ
671 1955 1001 2026 διέρχεσθαι.
1037 1955 1162 2010 ’Ὁτι
1180 1956 1238 2010 δὲ
1259 1958 1442 2022 ἐκεῖνα
1472 1958 1568 2012 τοῦ
1593 1959 1822 2028 πατρὸς,
1847 1960 1936 2024 τίς

355 2046 670 2116 ἀντερήσει,
698 2043 733 2115 ἢ
758 2043 819 2108 ὃς
860 2044 1166 2115 τυφλώττοι
1199 2045 1343 2100 κατὰ
1371 2045 1496 2099 νοῦν
1537 2046 1934 2119 ὲνεργούμενος

354 2135 453 2206 τὴν
489 2135 726 2202 κακίαν;
756 2131 926 2205 Οἶμαι
976 2136 1085 2206 γάρ
1122 2154 1277 2201 τινας
1328 2137 1793 2209 δριμυττομένους
1855 2138 1934 2210 τῷ

354 2226 683 2297 ἀκριϐασμῷ
711 2229 810 2296 τῆς
839 2225 1216 2295 διδασκαλίας,
1240 2229 1648 2300 προσλαϐόντας
1698 2249 1760 2284 τε
1813 2232 1934 2284 ἐπί-

355 2333 556 2388 κουρον
588 2319 686 2388 τῆς
712 2317 1003 2381 αὐθαδείας
1034 2318 1094 2371 τὸ
1119 2319 1294 2373 εἰπεῖν
1310 2337 1434 2375 τινα
1457 2321 1565 2374 τῶν
1593 2325 1934 2394 ἱστοριογρά-

355 2425 472 2476 φων
504 2406 580 2479 (1)
635 2409 790 2479 παρά
845 2425 990 2464 τισιν
1049 2411 1496 2482 ἀμφιϐάλλεσθαι
1542 2414 1934 2486 ῥιψοκινδύνως

354 2497 487 2552 νόοα
538 2497 679 2550 αὐτὰ
708 2498 876 2568 φάναι
910 2515 926 2533 ·
958 2501 1010 2556 οἱ
1038 2501 1084 2555 δ’
1107 2502 1262 2557 αὐτοί
1301 2521 1402 2575 μου
1423 2505 1640 2560 δοκοῦσι
1689 2509 1785 2562 καὶ
1833 2507 1934 2580 τὴν

354 2589 495 2660 πρὸς
540 2589 825 2662 Ἐϐραίους
867 2593 1183 2663 επιστολὴν,
1209 2595 1312 2665 τήν
1331 2612 1392 2648 τε
1411 2596 1622 2669 Πέτρου
1649 2597 1928 2670 δευτέραν,

367 2681 619 2734 Ἰωάννου
647 2698 708 2734 τε
741 2685 843 2753 τὴν
885 2683 1275 2756 ’Δποκάλυψιν,
1307 2687 1503 2760 ἐτέρας
1528 2706 1588 2742 τε
1635 2689 1936 2754 καθολικὰς

353 2773 495 2843 πρὸς
531 2775 934 2846 συγγράμμασι
959 2793 1072 2830 τισι
1106 2781 1421 2850 πατρικοῖς,
1489 2782 1680 2854 ἐπειδὴ
1730 2783 1937 2852 ὁμοίως
1967 2822 1981 2839 ι

353 2861 814 2932 ἀμφιϐάλλονται,
838 2865 1266 2924 ἀποϐάλλεσθαι.
1327 2869 1469 2924 Ἀλλ’
1492 2874 1541 2925 εί
1593 2873 1654 2926 τὸ
1681 2872 1938 2944 δεύτερον

354 2952 552 3017 ἀσεϐὲς
582 2995 598 3020 ,
629 2954 748 3019 πῶς
782 2955 904 3026 οὐχὶ
927 2958 1025 3011 καὶ
1068 2959 1128 3012 τὸ
1149 2960 1420 3034 πρότερον
1442 3002 1458 3028 ,
1500 2963 1604 3035 ήδη
1643 2964 1938 3034 ἀποδεδεγ-

358 3043 538 3114 μένων
583 3046 735 3114 παρὰ
762 3048 829 3118 τῇ
871 3046 1174 3122 Ἐκκλησία
1230 3052 1584 3123 ἀμφοτέρων,
1645 3055 1743 3109 καὶ
1779 3056 1940 3111 οὐδα-

359 3133 476 3201 μῶς
495 3133 590 3187 τοῦ
617 3135 921 3204 ἀμφιϐόλου
950 3136 1135 3209 χώραν
1159 3137 1375 3210 ἔχοντός
1395 3143 1513 3196 ἐστι
1545 3143 1646 3214 (2).
1677 3145 1740 3198 Et
1767 3145 1824 3198 δὲ
1847 3145 1941 3200 τὸν

355 3224 618 3293 Θεολόγον
643 3227 719 3297 (5)
771 3228 847 3299 μὴ
881 3228 1338 3302 ὑπομνηματίσαι
1370 3242 1640 3306 φήσωσιν,
1679 3235 1713 3307 ἢ
1742 3238 1939 3290 ἐπιπο-
1977 3287 1980 3290 .

254 3344 259 3350 ι
355 3312 525 3378 λαίως
557 3315 800 3384 ἀνέγνων
824 3357 839 3381 ,
870 3317 904 3388 ἢ
935 3319 1216 3386 συνιέντες
1269 3324 1665 3395 κακουργοῦσι.
1696 3325 1941 3398 Νομοθε-

361 3403 474 3457 σίαι
515 3406 625 3476 γὰρ
661 3409 944 3476 μοναστῶν
983 3412 1168 3481 ἡνίκα,
1222 3416 1420 3486 φησιν,
1451 3416 1720 3488 ἑγγραφοί
1745 3437 1808 3473 τε
1844 3421 1940 3475 καὶ

362 3495 602 3567 ἄγραφοι
639 3498 738 3568 (4),
769 3501 822 3552 τί
850 3500 1034 3574 ἄλλοῆ
1070 3505 1288 3570 πάντως
1314 3524 1380 3576 γε
1425 3509 1600 3564 ταῦτα
1637 3512 1940 3582 δηλοποιεί-

361 3606 452 3642 ται
473 3605 488 3655 ;
508 3590 803 3656 Ἀπόδειξις
835 3593 1004 3647 δὲκαὶ
1029 3594 1088 3661 ἐξ
1112 3598 1301 3669 ἑτέρας
1324 3598 1579 3671 θεωρίας’
1604 3602 1634 3655 ὃ
1664 3606 1772 3676 γὰρ
1796 3605 1942 3674 λέγει

363 3677 642 3744 Βασίλειος
663 3682 722 3734 ὲν
745 3685 856 3746 τοῖς
897 3685 1340 3754 Ἀσκητικοῖς,τὰ
1367 3691 1488 3761 ίερὰ
1512 3693 1814 3763 γράμματα
1835 3713 1942 3747 πα-

364 3768 437 3837 ρὰ
479 3768 590 3825 τῶν
641 3771 847 3838 γονέων
892 3774 1274 3845 μεμαθηκέναι
1303 3778 1404 3848 (5),
1430 3781 1567 3850 φησὶ
1620 3782 1938 3854 Γρηγόριος,

360 3855 428 3909 τὰ
457 3855 558 3926 μὲν
595 3857 660 3928 δὴ
698 3861 914 3930 πρῶτα,
971 3867 1121 3934 παρὰ
1164 3865 1246 3935 τῷ
1293 3871 1462 3938 πατρὶ
1529 3872 1941 3941 σπαργανοῦταί

358 3965 419 4000 τε
468 3950 563 4002 καὶ
595 3951 991 4008 διαπλάττεται
1018 3956 1116 4026 (ti).
1149 3955 1316 4029 Εὗροι
1382 3959 1429 4012 δ’
1458 3960 1524 4014 ἄν
1579 3979 1665 4026 τις
1711 3965 1808 4018 καὶ
1849 3967 1941 4020 τὸν

359 4040 504 4094 ὅσιον
530 4043 810 4098 Θεοδόσιον
844 4047 920 4117 (7)
944 4050 1080 4120 πρός
1111 4067 1254 4104 τισιν
1279 4053 1460 4117 ἄλλοις
1489 4057 1792 4129 κεχρῆσθαι
1838 4060 1938 4113 αὐ-

357 4134 491 4195 τοῖς,
528 4133 604 4196 ὡς
632 4135 784 4205 δηλοί
833 4139 862 4190 ὁ
897 4139 1025 4210 περὶ
1055 4141 1222 4195 αὑτοῦ
1253 4141 1386 4212 βίος.
1429 4146 1578 4218 Πρὸς
1599 4149 1720 4203 τίνα
1767 4151 1814 4205 δ’
1866 4147 1934 4206 αὖ

359 4223 468 4293 ἄρα
500 4223 726 4294 ἔμελλον
754 4227 943 4299 ἕτερον
971 4232 1258 4304 ἐπερωτᾷν
1286 4235 1356 4288 τὰ
1377 4238 1509 4291 καθ’
1548 4240 1697 4311 ἡμᾶς
1725 4241 1775 4296 οι
1829 4245 1936 4299 πά-

359 4314 447 4369 λαι
492 4319 908 4390 ἐπερωτηκότες
939 4323 1300 4393 μονάζοντεςς
1330 4327 1364 4398 ἢ
1391 4329 1539 4394 τίνος
1560 4327 1628 4402 ἦν
1655 4333 1815 4388 ἄλλου
1874 4337 1935 4389 ὲν

357 4409 664 4484 τηλικαύτῃ
697 4411 916 4484 ἐξουσίᾳ
941 4415 1279 4484 νομοθετεῖν,
1341 4419 1440 4473 καὶ
1484 4421 1612 4492 ὃλην
1673 4425 1932 4481 ὑπόθεσιν

359 4501 632 4573 σωτηρίας
661 4504 759 4572 τὴν
780 4505 908 4574 περὶ
931 4506 1070 4560 αὐτὰ
1098 4509 1486 4578 πραγματείαν
1509 4514 1882 4584 συστήσασθαι
1915 4535 1932 4586 ;

357 4589 437 4652 ὼς
505 4588 634 4662 μηδ’
686 4587 826 4646 εἶναι
873 4592 1050 4658 ἄλὶως
1097 4596 1284 4665 σχεδὸν
1339 4597 1578 4669 βαδίζειν
1622 4604 1936 4671 ἀπταίστως

354 4680 454 4749 τὴν
483 4681 626 4734 κατὰ
677 4681 811 4736 Θεὸν
868 4685 1116 4756 πορείαν,
1147 4688 1212 4740 ὲκ
1245 4688 1346 4759 τῆς
1395 4692 1519 4746 κατ’
1571 4694 1739 4766 αὐτὴν
1791 4697 1937 4770 ὑφή-

356 4785 537 4860 γησιν.
567 4772 638 4824 Ἦ
680 4776 861 4828 τοίνυν
890 4775 1057 4830 δῶσιν
1122 4779 1390 4852 ἰσόρροπα
1423 4783 1591 4855 ἕτερα
1631 4787 1936 4860 Ἀσκητικὰ

355 4859 432 4924 ὡς
476 4863 704 4918 ἐκείνων
741 4865 910 4921 δντων
963 4869 1058 4924 τοῦ
1091 4871 1327 4940 μεγάλου
1358 4874 1685 4930 Βασιλείουτ
1726 4859 1932 4954 καίπερ

1957 1305 2010 1364 Α

1967 2655 2008 2710 Β

1967 4006 2009 4062 C

2281 1294 2637 1353 THEODORI
2674 1295 3071 1354 PRIEPOSITI
3112 1296 3366 1354 δτυυιι.

2072 1408 2159 1465 ,1.
2200 1407 2357 1476 Quod
2398 1425 2644 1480 praiseus
2677 1425 2816 1482 opus
2857 1413 3039 1480 magni
3084 1411 3286 1466 Basilii.
3313 1410 3610 1481 genuinum

2033 1498 2136 1567 sit,
2167 1508 2318 1571 patet
2343 1511 2456 1556 tum
2491 1517 2556 1557 ex
2587 1501 2905 1558 charactere
2938 1501 3198 1557 sublimis
3227 1501 3463 1570 eloquii,
3501 1510 3616 1554 tum

2032 1589 2196 1645 etiam
2235 1607 2304 1646 ex
2334 1607 2532 1662 genere
2571 1592 2838 1662 phraseos
2885 1613 2898 1648 :
2952 1602 3232 1663 postremo
3287 1593 3412 1646 inde
3453 1593 3619 1646 etiam

2034 1692 2278 1753 apparet,
2295 1687 2422 1754 quia
2445 1693 2715 1740 consonat
2735 1694 3056 1740 caeterorum
3087 1684 3464 1740 Asceticorum
3495 1698 3621 1739 sen-

2037 1775 2222 1832 tentiis
2249 1793 2315 1833 ac
2341 1777 2526 1835 verbis
2552 1798 2566 1836 :
2607 1779 2684 1834 ita
2719 1786 2779 1834 ut
2809 1780 2892 1834 vel
2917 1795 3108 1850 parum
3141 1788 3351 1834 attente
3379 1779 3577 1848 legenti
3603 1816 3625 1841 ,.

2034 1867 2170 1921 nihil
2197 1869 2346 1924 aliud
2370 1870 2620 1926 videatur
2657 1887 2822 1943 quam
2855 1887 3023 1927 unum
3059 1872 3112 1926 in
3149 1872 3323 1927 altero
3354 1871 3631 1926 insertum

2035 1968 2354 2032 procedere.
2385 1963 2508 2020 Jam
2543 1981 2676 2020 vero
2698 1965 2845 2036 quod
2877 1965 2977 2019 illa
2999 1966 3292 2035 (Ascetica)
3336 1972 3619 2035 parentem

2035 2052 2296 2109 Basilium
2328 2054 2588 2118 habeant,
2609 2056 2737 2126 quis
2761 2055 3119 2122 contradicet,
3154 2055 3258 2109 nisi
3303 2055 3398 2124 qui
3431 2063 3485 2108 et
3518 2069 3622 2106 cae-

2033 2159 2134 2200 cus
2186 2145 2262 2199 sit
2307 2154 2362 2200 et
2411 2147 2680 2216 pravitate
2725 2145 2930 2202 mentis
2985 2143 3273 2200 laborans?
3306 2141 3447 2198 Puto
3471 2141 3621 2196 enim

2035 2235 2336 2291 nonnullus
2396 2236 2662 2292 doctrina
2717 2236 3065 2292 severitatem
3128 2250 3268 2306 aegre
3333 2233 3620 2298 ferentes,

2033 2342 2258 2398 suaeque
2314 2327 2559 2384 audacia:
2609 2329 2875 2384 auxilium
2922 2329 3048 2383 inde
3101 2313 3425 2393 sumentes,
3469 2325 3620 2397 quod

2037 2417 2334 2476 historicus
2363 2418 2612 2488 quidam,
2649 2419 2718 2474 de
2747 2417 2953 2487 scripto
2985 2418 3090 2473 hoc
3117 2417 3360 2473 dubitari
3385 2416 3618 2481 dixerit,

2035 2509 2244 2566 idcirco
2291 2517 2497 2566 temere
2542 2511 2772 2566 nothum
2803 2511 3182 2582 pronuntiare.
3229 2509 3409 2565 Porro
3450 2509 3626 2565 iidem
3679 2525 3683 2528 λ

2037 2605 2093 2659 hi
2123 2603 2381 2660 videntur
2413 2604 2579 2672 mihi,
2621 2604 2920 2676 Epistolam
2960 2621 3178 2676 quoque
3225 2607 3290 2662 ad
3323 2605 3616 2667 Hebraeos.

2036 2707 2092 2748 et
2114 2695 2263 2750 Petri
2293 2695 2611 2760 secundam,
2637 2703 2695 2750 et
2719 2693 2948 2750 Joannis
2977 2695 3383 2767 Apocalypsin,
3406 2694 3623 2750 etalias

2038 2783 2341 2840 catholicas
2411 2799 2516 2840 nec
2595 2800 2708 2841 non
2767 2784 2992 2840 Patrum
3049 2787 3252 2856 scripta
3311 2787 3568 2842 nonnulla
3601 2827 3635 2852 μ

2039 2875 2482 2946 quandoquidem
2515 2891 2672 2947 aeque
2702 2876 2770 2932 de
2810 2877 2878 2932 iis
2907 2878 3222 2933 dubitatum
3254 2876 3356 2932 fuit
3379 2917 3394 2940 .
3423 2879 3616 2933 viden-

2041 2975 2150 3035 tur,
2169 2968 2416 3037 inquam,
2437 2968 2720 3038 reiecturi.
2743 2967 2900 3036 Quod
2925 2971 2969 3025 si
3001 2971 3108 3026 hoc
3132 2971 3366 3026 alterum
3389 2972 3618 3042 impium

2039 3067 2165 3127 est,
2217 3059 2362 3128 quod
2420 3060 2478 3114 ni
2529 3069 2584 3115 et
2621 3061 2799 3120 illud?
2848 3069 3039 3132 postea
3091 3077 3255 3133 quam
3306 3063 3421 3118 haec
3465 3079 3622 3134 aeque

2040 3150 2230 3206 omnia
2264 3150 2332 3204 ab
2374 3149 2622 3220 Ecclesia
2653 3163 2874 3224 recepta
2923 3155 3182 3220 fuerunt,
3231 3156 3476 3226 nihilque
3503 3156 3619 3226 jam

2042 3242 2385 3314 ambiguitati
2442 3246 2598 3300 locus
2657 3257 2925 3316 superest.
2983 3247 3144 3314 Quod
3177 3249 3222 3302 si
3281 3247 3622 3320 Theologum

2045 3337 2234 3388 horum
2266 3335 2600 3390 mentionem
2638 3353 2744 3391 non
2790 3337 2985 3393 fecisse
3009 3340 3220 3404 dicent,
3251 3339 3286 3394 ii
3316 3341 3394 3393 vel
3427 3341 3623 3410 supine

2041 3427 2320 3497 legerunt,
2359 3438 2455 3482 aut
2494 3443 2607 3482 rem
2682 3429 3009 3485 intellectam
3066 3431 3208 3485 male
3245 3431 3618 3486 dissimulant.

2040 3517 2174 3573 Nam
2219 3533 2344 3573 cum
2383 3520 2516 3574 dicit
2559 3519 2872 3592 Theologus
2903 3522 3273 3593 legislationes
3322 3528 3622 3578 monacho-

2043 3626 2167 3665 rum
2195 3611 2428 3680 scriptas
2457 3621 2512 3666 et
2538 3627 2647 3667 non
2679 3615 2930 3684 scriptas,
2960 3616 3114 3686 quid,
3137 3631 3256 3680 oro,
3279 3616 3427 3670 aliud
3455 3631 3620 3685 quam

2044 3702 2143 3756 has
2169 3700 2578 3758 lucubrationes
2613 3719 2840 3773 prorsus
2870 3706 3162 3776 designat?
3200 3707 3305 3762 Sed
3341 3707 3448 3761 alia
3477 3723 3622 3778 quo-

2042 3809 2148 3861 que
2179 3795 2392 3851 ratione
2421 3796 2566 3851 idem
2593 3799 3028 3853 demonstratur.
3059 3798 3194 3854 Nam
3227 3801 3369 3870 quod
3401 3800 3480 3854 ait
3515 3799 3620 3854 Ba-

2043 3881 2198 3938 silius
2225 3885 2278 3940 in
2310 3885 2575 3942 Aseeticis
2598 3926 2618 3954 ,
2655 3902 2847 3944 sacras
2885 3903 2944 3943 se
2983 3887 3192 3944 litteras
3233 3905 3263 3944 a
3305 3891 3624 3959 parentibus

2043 3974 2337 4044 didicisse;
2371 3977 2449 4032 ait
2485 3993 2614 4034 ecce
2647 3979 2943 4050 Gregorius
2989 3980 3142 4035 illum
3185 3983 3362 4051 primo
3401 3984 3620 4052 quidem

2042 4067 2187 4135 apud
2243 4077 2501 4138 parentes
2548 4069 2812 4126 infantem
2871 4071 3047 4128 fuisse
3091 4085 3257 4144 atque
3302 4075 3620 4132 educatum.

2041 4155 2185 4224 Quin
2220 4160 2384 4214 etiam
2420 4171 2673 4218 sanctum
2713 4163 3084 4218 Theodosium
3123 4169 3495 4236 comperimus
3533 4170 3620 4224 his

2039 4251 2306 4306 Aseeticis
2338 4267 2496 4307 usum
2523 4291 2537 4316 ,
2581 4263 2643 4308 ut
2685 4254 2806 4324 ejus
2852 4255 2960 4310 vita
2996 4258 3254 4312 ostendit.
3288 4257 3422 4313 Nam
3455 4276 3620 4330 quem

2040 4341 2208 4397 alium
2231 4345 2538 4400 consulturi
2563 4344 2795 4402 fuissent
2819 4347 2889 4403 de
2919 4349 3086 4404 rebus
3117 4351 3326 4406 nostris
3360 4355 3631 4408 monachi...

2038 4441 2250 4489 veteres
2278 4435 2511 4491 consilia
2559 4438 2851 4506 petentes?
2905 4439 2992 4494 vel
3026 4441 3280 4510 quisnam
3319 4442 3459 4499 alius
3497 4447 3614 4513 pari

2038 4525 2387 4581 auctoritatis
2417 4528 2660 4598 pondere
2689 4529 2834 4600 leges
2863 4529 3006 4586 ferre
3043 4534 3350 4600 potuisset,
3403 4547 3456 4589 et
3488 4537 3622 4590 uni-

2040 4629 2255 4670 versam
2284 4617 2480 4674 salutis
2503 4634 2776 4675 summam
2809 4621 2864 4676 in
2899 4622 3213 4692 hujusmodi
3248 4633 3456 4680 statuto
3479 4643 3631 4682 eon-

2043 4703 2306 4760 cludere?
2329 4715 2486 4762 extra
2519 4710 2667 4778 quod
2703 4711 2911 4766 nemini
2949 4711 3123 4768 ferme
3163 4713 3291 4769 licet
3332 4726 3505 4770 tutum
3545 4720 3613 4772 ad

2045 4795 2220 4852 Deum
2261 4797 2366 4854 iter
2388 4808 2608 4868 tenere,
2656 4802 2709 4857 id
2751 4814 2832 4860 est
2879 4805 3000 4859 sine
3045 4806 3220 4876 ipsius
3249 4809 3470 4864 ducatu.
3508 4811 3634 4865 Ant.

2043 4887 2212 4958 igitur
2243 4891 2586 4958 concedant,
2615 4893 2781 4963 {paris
2820 4910 2946 4952 esse
2996 4899 3255 4968 ponderis
3295 4901 3408 4956 haec
3446 4903 3636 4957 altera.

1888 5002 2123 5063 NOTAE.

431 5090 510 5174 tl)
546 5091 642 5174 bist
666 5093 1150 5174 hic-Socomrnns,
1181 5103 1323 5160 "ist.
1353 5105 1450 5161 lih.
1483 5123 1568 5174 ιιι,
1600 5109 1689 5166 14.

429 5161 506 5230 ω)
529 5161 708 5242 “Vides
737 5165 964 5242 Studita:
987 5161 1254 5242 judicium
1288 5177 1356 5230 de
1406 5161 1750 5236 Ecclesiae'in
1781 5181 1932 5241 desi-

358 5232 593 5313 gnandis
626 5232 1085 5313 admittendisque
1110 5241 1409 5313 Scripturis
1435 5232 1940 5310 canaiiiéihiéib.

359 5304 519 5392 {itare
535 5304 1179 5392 2‘cniLsententt‘ae'etiam
1195 5304 1278 5392 Ide
1318 5319 1623 5392 minoribus
1652 5304 1936 5392 parti—Ilus,

358 5371 505 5464 favet
534 5371 800 5464 EEI‘ITsebius
830 5378 881 5429 in
911 5377 1305 5464 Quqsti‘ouibus
1340 5388 1408 5440 ad
1440 5371 1747 5458 Μάιὶἧυῖιῑ
1769 5371 1930 5464 Epit]

357 5452 526 5516 nos_t.
547 5441 654 5516 _l_V,
678 5454 817 5516 part.
855 5459 894 5513 ι,
936 5441 991 5516 p.
1018 5449 1146 5504 250.

431 5511 1473 5603 illi!Ricigtiregorihttrlfiasianaenum
1505 5541 1645 5603 orat.
1679 5532 1768 5593 43,
1805 5550 1927 5603 qua:

357 5589 442 5634 est
467 5581 708 5660 funebris
735 5581 906 5640 sancti
929 5588 1114 5660 Basilii
1165 5594 1430 5660 laudatio,
1462 5581 1559 5654 ubi
1573 5581 1648 5656 ’ὶὶζ
1680 5581 1922 5658 ti‘i'e‘t'iii:

359 5654 1021 5742 tuerlztnsaliqtto'tsancti
1057 5659 1231 5719 Patris
1261 5654 1488 5736 scripta,
1531 5654 1598 5726 de
1625 5654 1918 5742 Αέάυιῖἔίέ,

359 5729 419 5773 ιιι
447 5723 513 5776 de
537 5723 658 5779 aliis
689 5726 894 5790 multis,
929 5731 1070 5784 srlct.

2227 5121 2410 5202 Ferha
2441 5125 2555 5202 lnge
2579 5129 2789 5202 suntin
2821 5130 2964 5186 dicta
2995 5134 3272 5202 oratione,
3301 5152 3356 5191 ιι.
3382 5138 3474 5193 54.

2116 5191 2195 5330 (ὅζ
2226 5191 2282 5244 ln
2315 5194 2446 5249 edit.
2486 5197 2732 5254 Garncrii
2770 5210 2809 5254 t.
2835 5202 2901 5264 ll,
2932 5219 2983 5272 p.
3009 5204 3135 5261 215.

2116 5262 2172 5327 (6
2224 5261 2386 5330 Greg.
2425 5263 2557 5324 Naz.
2599 5278 2742 5324 orat.
2769 5274 2864 5326 cit.
2897 5290 2952 5327 ιι.
2987 5276 3074 5328 12.

2115 5261 2195 5330 (6)
2224 5261 2386 5332 Greg.
2425 5263 2557 5324 Naz.
2599 5278 2742 5324 orat.
2769 5274 2864 5326 cit.
2890 5261 2952 5327 ἰιί
2987 5276 3074 5328 ιιι.

2225 5333 2427 5418 hoc
2446 5336 2756 5418 Theodosio
2771 5341 3069 5418 Garnerius
3086 5343 3310 5418 inprzel'.
3335 5361 3391 5418 p.
3423 5362 3632 5406 xum.

2043 5399 2251 5456 Ibidem
2279 5399 2579 5463 Garnerins
2614 5411 2755 5466 inter
2788 5422 2955 5468 testes
2976 5399 3636 5472 Αεεειίὶτυίήιὶιῖἐιόὶίίἰίὲέὶζ

2036 5472 2502 5552 ειίιιιιιὸιιιιιίιιιω
2531 5488 2804 5552 nostrum,
2840 5485 2933 5552 qui
2964 5485 3016 5538 in
3041 5485 3352 5541 laudatione
3373 5487 3616 5544 Platonis

2035 5543 2284 5626 inagis"?
2317 5545 2400 5596 sui
2426 5550 2504 5618 (¹³⁶
2531 5549 2644 5626 2:5):
2676 5553 2750 5606 ait
2782 5543 2948 5626 --Ιιιῖησ
2993 5560 3166 5609 sanctl
3216 5555 3424 5611 Basilii.
3451 5543 3613 5626 νομολ

2033 5611 2220 5694 ρεσίας
2271 5611 2450 5694 legere
2471 5611 2726 5694 solitum.
2763 5623 3044 5694 Attamen,
3069 5634 3126 5680 ttt
3157 5641 3320 5694 supra
3353 5611 3634 5692 di‘xim'usk

2032 5683 2266 5806 lStqdita:
2317 5683 2420 5745 huc
2471 5688 2788 5746 Vaticanum
2832 5683 3113 5750 Scholium
3153 5683 3480 5753 Ga'rncrintn
3532 5683 3613 5754 la:

2057 5769 2107 5806 ill
2140 5793 2156 5806 ο

2057 5769 2156 5807 ιιιι.

3469 310 3627 376 1686ξ
3704 327 3708 331 ’
