4102 6374
363 286 499 351 1693
1531 307 1992 372 CATECHESIS
2016 309 2420 377 CHRONICA.
3462 318 3598 385 1694
3718 329 3723 335 ’

360 398 3566 483 “ww

1435 567 1572 638 Ter
1598 586 1703 640 EN
1721 585 1988 642 ΑΓιοιΣ
2011 590 2110 644 HA
2123 591 2298 644 ΤΡοΣ
2323 591 2538 649 ΗΜΩΝ

937 753 1739 942 ΘΕΟΔΩΡΟΥ
1818 756 2118 877 ΤΟΥ
2175 759 3009 880 ΣΤΟΥΔΙΤΟΥ

563 984 1225 1075 ΔΙΔΑΣΚΑΛΙΑ
1286 980 1789 1071 XPONIKH
1824 982 2043 1069 ΤΗΣ
2079 985 2323 1119 ΜΟΝ
2324 985 2467 1071 ΗΣ
2512 988 2742 1075 ΤΟΥ
2795 986 3380 1077 ΣΤΟΥΔΙΟΥ.

574 1172 816 1244 ἰ(Πολλαὶ
837 1172 949 1246 γὰρ
978 1172 1316 1245 κατηχήσεις
1346 1169 1455 1225 είσὶ
1482 1167 1577 1224 τοῦ
1603 1167 1906 1236 Στουδίτου,
1939 1168 2052 1223 ἀλλ’
2087 1167 2226 1243 αῦτη
2258 1170 2475 1242 λέγεται
2507 1173 2861 1246 Κατήχησις
2886 1176 3139 1248 χρονική
3163 1177 3327 1251 [12].)

872 1421 996 1535 S.
1080 1424 1209 1536 P.
1301 1420 1448 1533 N.
1542 1418 2284 1535 THEODORI
2388 1419 3062 1538 STUDleE

646 1619 1252 1714 DOCTBINA
1323 1620 1936 1714 CHRONICA
2008 1620 2754 1713 MONASTERII
2830 1623 3283 1713 STUDII.

724 1814 815 1875 ἵει
837 1815 1024 1871 multa:
1049 1815 1270 1890 quidem
1302 1823 1434 1873 sunt
1462 1814 1695 1871 Studita:
1724 1811 2060 1882 catecbeses,
2085 1813 2181 1873 sed
2215 1815 2330 1870 haec
2357 1814 2558 1871 dicitur
2583 1811 2880 1871 Catachcsis
2909 1812 3206 1885 chronica.)

419 2103 456 2142 α
476 2126 489 2140 .
531 2084 777 2155 Ἀδελφοὶ
805 2086 903 2142 καὶ
943 2086 1188 2161 Πατέρες
1206 2127 1222 2151 ,
1271 2087 1369 2144 νῦν
1424 2089 1686 2160 ἐπιχειρῶ
1742 2091 1911 2145 πᾶσιν

2085 2090 2137 2146 1.
2179 2088 2399 2146 Fratres
2428 2090 2536 2145 mei
2568 2105 2634 2147 ac
2678 2088 2886 2146 Patres.
2936 2089 3095 2147 Nunc
3115 2094 3402 2164 aggredior
3434 2094 3593 2150 vobis

357 2179 487 2249 ὑμῖν
511 2182 622 2243 τοῖς
650 2179 893 2234 ἐθέλουσι
925 2180 1115 2249 βιῶναι
1139 2180 1314 2252 ὀρθῶς
1341 2184 1436 2235 καὶ
1463 2183 1750 2252 θεοφιλῶς,
1786 2184 1917 2253 ἀρι-

353 2271 620 2342 δηλότατα
662 2273 959 2341 ὑποδεῖξαι,
996 2274 1073 2338 ὡς
1100 2276 1341 2344 ἐφικτὸν,
1372 2276 1433 2330 τδ
1461 2276 1579 2341 πῶς
1604 2277 1685 2331 δεῖ
1729 2281 1917 2349 τηρεῖν

349 2364 453 2433 τὴν
482 2364 874 2437 κυκλοτερικὴν
902 2365 996 2419 τοῦ
1033 2366 1225 2438 χρόνου
1252 2368 1498 2438 περίοδον
1515 2384 1531 2400 ’
1548 2369 1672 2423 ὅσον
1703 2369 1760 2423 δὲ
1781 2369 1919 2441 πρὸς

349 2454 631 2509 εὐσέϐειαν
657 2455 768 2510 τῶν
787 2456 1124 2522 πιστῶν,καὶ
1148 2459 1272 2512 ὅσον
1306 2460 1445 2531 πρὸς
1471 2460 1786 2533 ἀνατροπὴν
1808 2462 1919 2517 τῶν

347 2545 657 2616 αίρετικῶν.
678 2547 860 2601 Καλὸν
879 2548 940 2600 τὸ
980 2548 1134 2612 ἃλας,
1154 2547 1317 2602 καλὸν
1349 2550 1412 2602 τὸ
1437 2549 1588 2618 φῶς·
1623 2553 1672 2604 εί
1729 2551 1787 2605 δέ
1820 2568 1919 2617 ,τις

347 2634 504 2698 ἐκτὸς
536 2634 743 2689 τούτων
777 2635 979 2707 τυφλὸς
1019 2634 1130 2703 ὢν,
1163 2637 1258 2692 καὶ
1284 2638 1384 2693 οὐκ
1419 2635 1526 2693 οἶδε
1554 2639 1656 2693 ποῦ
1685 2640 1916 2711 ὑπάγει,

347 2727 531 2791 καθὼς
546 2729 575 2782 ό
591 2728 858 2801 ἡμέτερος
882 2722 1086 2801 Κύριος
1104 2725 1275 2787 εἶπεν,
1306 2731 1642 2804 ὀρθοδοξίας
1659 2733 1758 2804 μὲν
1772 2731 1919 2788 οἷκον

344 2818 700 2892 οἰκοδομῆσαι
751 2822 1079 2892 ἐπιχειρῶν,
1108 2822 1357 2894 θεμέλιον
1386 2823 1635 2879 ἄσειστον
1673 2824 1919 2896 ἑμπῆξαι

344 2910 476 2977 δέει,
511 2912 576 2965 ὲκ
628 2910 736 2964 τῶν
761 2909 923 2965 θείων
979 2912 1314 2979 ἀποστόλων,
1349 2912 1447 2967 καὶ
1483 2914 1595 2968 τῶν
1638 2914 1918 2987 θεοφόρων

344 3002 607 3074 Πατέρων
670 3003 785 3065 τοῖς
841 3002 1194 3072 παραδοθεῖσι
1249 3004 1438 3058 κανόσι
1467 3020 1483 3035 ο
1544 3005 1640 3060 καὶ
1697 3008 1804 3078 πρό
1852 3025 1919 3077 γε

344 3093 565 3147 πάντων
598 3091 831 3163 εἴδωμεν
866 3092 967 3160 ἂν,
994 3093 1048 3145 τί
1089 3094 1150 3147 τὸ
1180 3094 1323 3165 ἱερὸν
1357 3094 1538 3164 λόγιον
1569 3097 1793 3168 ἔφησεν.
1815 3099 1919 3151 Δέ-

342 3200 430 3252 γει
463 3182 563 3255 μὲν
596 3184 769 3238 πάλαι
794 3185 824 3238 ὁ
862 3183 1066 3257 Κύριος
1114 3187 1253 3256 πρὸς
1298 3186 1394 3241 τὸν
1424 3189 1748 3259 ἱεροφάντην
1787 3191 1918 3244 Μω-

344 3274 444 3326 σὲα
470 3289 486 3306 ·
522 3291 543 3324 ι
582 3275 746 3344 Τρεῖς
775 3277 1003 3345 καιροὺς
1038 3274 1135 3328 τοῦ
1170 3274 1422 3330 ἐνιαυτοῦ
1471 3277 1749 3347 φυλάξατε
1801 3295 1913 3348 μοι,

344 3363 602 3434 νηστείαν
637 3366 820 3433 ἁγίαν,
851 3367 960 3420 ἀπὸ
999 3366 1196 3439 μικροῦ
1248 3366 1353 3431 ἕως
1398 3368 1639 3438 μεγάλου
1694 3368 1849 3439 ὑμῶν
1890 3385 1906 3400 ’

343 3458 444 3526 τὴν
494 3456 687 3527 ἑορτὴν
750 3455 860 3511 τῶν
917 3438 1142 3528 ἀζύμων
1168 3456 1249 3528 τῷ
1275 3456 1478 3530 πρώτῳ
1507 3459 1663 3530 μηνὶ,
1694 3438 1909 3533 ἡμέρας
1944 3438 1983 3494 Β

346 3544 488 3599 ἑπτὰ
540 3545 915 3599 ταπεινώσατε
954 3547 1056 3611 τὰς
1102 3547 1282 3618 ψυχὰς
1345 3548 1502 3618 ὑμῶν
1521 3587 1539 3614 ,
1597 3550 1694 3606 καὶ
1745 3552 1914 3621 ἄρτον

250 3628 255 3635 ’
345 3635 643 3700 κακώσεως
669 3636 855 3690 ἔδεσθε
875 3653 891 3671 ο
931 3633 1053 3692 εἶτα
1080 3638 1479 3711 ἀριθμήαονται
1519 3640 1651 3712 ὑμῖν
1681 3642 1918 3714 ἑϐδομά-

343 3728 435 3792 δες
461 3727 623 3789 ἑπτὰ,
653 3727 945 3799 ὁλόκληραι
973 3727 1181 3798 ἡμέραι
1209 3732 1550 3802 πεντήκοντα
1572 3771 1589 3797 ,
1621 3732 1717 3785 καὶ
1751 3733 1914 3786 καλέ-

347 3836 476 3873 σατε
505 3819 674 3890 αὐτὴν
734 3819 941 3890 κλητὴν
971 3820 1136 3887 ἁγίαν
1181 3820 1396 3891 ἡμέραν
1418 3821 1674 3892 νηστείαν
1696 3822 1911 3893 δεκτήν.

345 3912 458 3966 Καὶ
483 3915 551 3983 τῇ
603 3911 808 3985 δεκάτῃ
848 3918 891 3968 ε’
935 3911 1228 3983 μεσοῦντος
1290 3912 1387 3967 τοῦ
1450 3915 1723 3979 ἐνιαυτοῦ,
1753 3914 1915 3986 ἑορτὴ

345 4003 476 4073 ἁγία
523 4002 869 4074 σκηνοπηγία
894 4002 1048 4056 ἔσται
1080 4003 1210 4074 ὑμῖν
1262 4003 1359 4056 καὶ
1394 4003 1760 4058 ταπεινώσετε
1813 4003 1915 4068 τὰς

344 4095 525 4166 ψυχὰς
578 4094 811 4149 ἐνώπιον
858 4092 953 4149 τοῦ
1007 4093 1144 4149 Θεοῦ
1201 4094 1358 4166 ὑμῶν
1387 4111 1402 4126 ’
1432 4096 1527 4148 καὶ
1565 4096 1716 4149 πᾶσα
1763 4094 1912 4169 ψυχὴ

343 4186 466 4258 ἥτις
491 4185 554 4238 οὐ
584 4185 1084 4257 ταπεινωθήσεται,
1116 4184 1631 4258 ἔξολοθρευθήσεται
1664 4186 1727 4252 ἐξ
1759 4186 1915 4257 ὑμῶν

343 4276 546 4332 αὐτῶν.
588 4295 608 4329 ι
656 4276 956 4340 Ἐντεῦθεν,
983 4276 1060 4340 ὡς
1095 4276 1293 4344 ἔοικεν,
1324 4279 1420 4332 καὶ
1448 4278 1580 4350 παρ’
1610 4279 1744 4350 ἡμῖν
1762 4280 1915 4350 τρεῖς

345 4369 591 4439 νηστεῖαι
650 4367 1030 4436 φυλάττονται,
1060 4366 1127 4432 ἂς
1185 4368 1526 4439 προετῦπουν
1555 4371 1741 4441 ἑορταὶ
1773 4370 1917 4423 ἐκεῖ·

343 4476 456 4515 ναι.
487 4459 556 4513 Τί
572 4458 619 4512 δ’
649 4459 716 4513 ἂν
740 4458 990 4529 βούλεται
1012 4461 1070 4512 ὲν
1093 4461 1244 4530 ἡμῖν,
1272 4459 1511 4529 ἀδελφοὶ,
1533 4461 1594 4514 τὸ
1613 4462 1773 4531 Τρεῖς
1795 4477 1917 4514 και-

348 4553 479 4624 ροὺς
510 4551 603 4605 τοῦ
624 4550 876 4606 ἐνιαυτοῦ
898 4550 1173 4620 φυλάξατε
1203 4568 1296 4622 μοι
1332 4553 1589 4624 νηστείαν
1620 4552 1782 4621 ἁγίαν
1806 4552 1916 4606 ἀπὸ

2019 2182 2277 2237 omnibus
2328 2191 2471 2237 recte
2507 2191 2561 2237 et
2603 2180 2856 2249 religiose
2887 2183 3069 2239 vivere
3092 2185 3424 2252 volentibus,
3458 2201 3591 2256 per-

2019 2273 2235 2342 spicue.
2264 2280 2427 2342 prout
2481 2272 2597 2329 ﬁeri
2632 2275 2837 2342 poterit
2883 2274 3280 2341 demonstrare,
3311 2278 3592 2347 quomodo
3670 2272 3673 2277 ’

2018 2362 2356 2417 observanda
2392 2361 2465 2415 sit
2492 2362 2778 2417 circularis
2801 2363 2928 2417 auni
2972 2365 3247 2434 periodus,
3285 2376 3400 2422 tum
3444 2366 3592 2436 quod

2018 2453 2214 2509 attinet
2263 2452 2331 2507 ad
2380 2452 2618 2507 tidelium
2670 2453 2948 2522 pietatem,
2993 2465 3107 2510 tum
3162 2459 3496 2527 etiamquod
3524 2459 3594 2514 ad
3694 2526 3698 2530 τ

2020 2545 2404 2601 haereticorum
2448 2543 2834 2601 refutationem
2865 2545 3122 2603 refertur.
3154 2546 3365 2604 Bonum
3412 2550 3516 2613 sal.
3537 2561 3595 2605 et

2019 2638 2162 2703 bona
2208 2643 2302 2694 lux
2333 2657 2348 2694 :
2384 2654 2415 2691 a
2446 2637 2649 2708 quibus
2678 2639 2723 2693 si
2745 2639 2872 2709 quis
2906 2639 3081 2705 abest,
3108 2641 3327 2696 executit
3348 2654 3451 2699 nec
3481 2657 3593 2712 quo

2019 2729 2164 2785 vadit
2208 2727 2332 2794 scit,
2363 2728 2506 2784 sicut
2549 2727 2813 2784 Dominus
2849 2738 3034 2785 noster
3062 2729 3220 2786 dixit.
3257 2731 3363 2798 Qui
3406 2733 3595 2790 ortbo~

2017 2820 2193 2875 doxiaa
2235 2820 2461 2874 domum
2492 2819 2763 2875 aediﬁcare
2805 2821 3144 2890 aggreditur,
3175 2820 3591 2879 fundamentum

2016 2908 2296 2966 immobile
2338 2922 2541 2979 ponere
2577 2907 2759 2973 debet,
2790 2923 2859 2962 ex
2894 2909 3114 2964 traditis
3142 2925 3172 2964 a
3201 2911 3343 2966 divis
3369 2918 3592 2980 aposto-

2017 3002 2080 3058 lis
2135 3011 2191 3056 et
2238 3000 2518 3071 inspiratis
2549 2994 2804 3055 Patribus
2838 3001 3064 3069 regulis.
3094 3003 3275 3072 Atque
3321 3002 3373 3056 iu
3403 3003 3597 3072 primis

2017 3093 2323 3158 videamus,
2373 3091 2502 3155 quid
2562 3106 2718 3145 sacra
2775 3091 3000 3147 oracula
3052 3091 3261 3148 dicant.
3310 3092 3403 3146 Ait
3459 3093 3591 3147 olim

2016 3183 2282 3238 Dominus
2310 3181 2659 3251 bierophanti
2686 3179 2892 3253 Moysi:
2938 3202 2957 3235 ι
2989 3181 3190 3239 Tribus
3218 3184 3346 3237 anni
3385 3191 3596 3252 tempo-

2015 3275 2171 3331 ribus
2203 3282 2454 3329 sanctum
2480 3273 2749 3343 jejunium
2783 3272 2917 3327 mihi
2950 3275 3333 3338 observabitis,
3364 3290 3395 3327 a
3426 3288 3596 3343 parvo

2016 3364 2159 3419 inter
2192 3380 2288 3418 vos
2334 3363 2402 3417 ad
2442 3377 2724 3434 maguum.
2762 3361 2987 3419 Festum
3036 3379 3355 3435 azymorum
3413 3364 3597 3433 primo

2014 3470 2202 3511 mense
2232 3473 2247 3510 :
2276 3455 2470 3511 diebus
2505 3462 2713 3524 septem
2733 3455 3102 3511 humiliabitis
3124 3458 3337 3513 animas
3360 3464 3593 3519 vestras,

2012 3557 2068 3604 et
2120 3563 2316 3620 panem
2367 3546 2680 3602 aﬂlictionis
2710 3549 3137 3603 manducabitis.
3163 3547 3368 3607 Deinde
3397 3559 3595 3600 unme-

2014 3639 2284 3694 rabuutur
2328 3638 2487 3692 vobis
2535 3639 2890 3699 hebdomadas
2922 3651 3154 3709 septem,
3200 3639 3429 3695 omnino
3472 3639 3593 3694 dies

2012 3726 2433 3797 quinquaginta;
2464 3735 2521 3783 et
2544 3728 2884 3797 appellabitis
2935 3730 3082 3785 hunc
3105 3728 3325 3799 proprio
3374 3727 3597 3781 nomine

2011 3818 2156 3871 diem
2212 3827 2488 3884 sanctum,
2547 3818 2812 3887 jejunium
2852 3820 3210 3889 acceptabile.
3265 3818 3333 3873 Et.
3377 3819 3591 3872 decima

2012 3907 2202 3977 quinta
2258 3908 2464 3963 mensis
2516 3908 2755 3978 septimi,
2785 3908 2967 3963 medio
3010 3924 3178 3974 anno,
3212 3909 3410 3965 festum
3462 3923 3595 3965 sau-

2012 4010 2161 4052 ctum
2221 3995 2561 4066 scenopegiae
2623 3997 2777 4052 vobis
2830 3998 2970 4060 erit,
3022 4006 3079 4052 et
3123 3999 3334 4053 animas
3381 4008 3595 4054 vestras

2014 4089 2377 4145 butuiliabitis
2415 4104 2598 4144 coram
2648 4088 2758 4143 Deo
2795 4099 2998 4144 vestro.
3050 4091 3117 4144 Et
3155 4091 3337 4145 omnis
3384 4091 3592 4154 anima,

2013 4196 2138 4251 qua:
2185 4196 2245 4236 se
2290 4195 2398 4235 non
2445 4179 2841 4244 humiliaverit,
2871 4177 3139 4235 deiebitur
3180 4178 3248 4234 de
3294 4180 3474 4234 medio
3502 4195 3596 4235 Ve-

2014 4286 2188 4331 strum
2208 4272 2247 4327 ¹.
2290 4290 2310 4326 ι
2355 4272 2513 4334 Hinc,
2540 4281 2601 4327 ut
2651 4273 2888 4338 videtur,
2916 4272 3058 4341 apud
3090 4284 3194 4325 nos
3223 4286 3445 4343 quoque
3488 4273 3594 4328 tria

2007 4365 2217 4438 jejuuia
2242 4367 2629 4429 observantur,
2654 4380 2778 4435 qua:
2800 4379 2831 4418 a
2858 4363 3299 4418 solemnitatibus
3344 4364 3452 4419 illis
3499 4365 3597 4417 de-

2014 4459 2366 4512 uotabantur.
2393 4454 2535 4524 Quid
2564 4456 2711 4510 enim
2739 4454 3053 4525 signiﬁcant
3085 4454 3226 4524 apud
3257 4469 3378 4517 nos,
3411 4470 3446 4507 ο
3476 4451 3593 4507 fra-

2017 4559 2148 4617 tres,
2209 4551 2373 4606 verba
2426 4568 2440 4604 :
2501 4548 2674 4603 tribus
2741 4547 2871 4601 anni
2927 4547 3263 4616 temporibus
3309 4547 3594 4600 observate

350 4643 546 4715 μικροῦ
582 4643 689 4706 ἕως
739 4643 979 4714 μεγάλου
1032 4642 1187 4712 ὑμῶν
1209 4659 1226 4711 ;
1251 4643 1422 4707 τύπος
1443 4643 1488 4696 δ’
1523 4642 1612 4710 ἂν,
1645 4645 1722 4706 ὼς
1757 4639 1915 4713 οἴμαι

2018 4650 2269 4696 sauctum
2298 4639 2569 4709 jejunium
2596 4654 2627 4692 a
2650 4638 2882 4709 parvulo
2905 4637 2975 4691 ad
3001 4637 3249 4691 adultum
3288 4636 3432 4691 inter
3462 4635 3594 4691 vos?

347 4738 655 4808 ἀκραιφνὴς
688 4737 775 4807 εἴη
797 4736 958 4790 τοῦτο
989 4735 1092 4806 τῆς
1119 4738 1249 4806 μιᾶς
1287 4738 1383 4790 καὶ
1415 4738 1582 4808 μόνης
1632 4735 1914 4806 θεότητος,

347 4830 445 4882 καὶ
473 4830 531 4883 ὲν
554 4831 703 4899 τρισὶ
734 4829 1115 4901 χαρακτῆρσιν
1137 4829 1421 4901 ὁρωμένης
1447 4846 1508 4882 τε
1539 4828 1636 4883 καὶ
1663 4828 1919 4898 λατρευο·

350 4921 521 4992 μένης
571 4923 702 4990 παρ’
725 4921 883 4992 ἡμῶν
913 4924 1026 4977 τῶν
1059 4927 1158 4994 τῆς
1191 4922 1447 4993 ἀληθείας
1501 4919 1915 4993 προσκυνητῶν.

347 5007 441 5061 Διὸ
459 5011 607 5079 τρεῖς
628 5011 757 5078 παρ’
773 5012 905 5081 ἡμῖν
928 5014 1170 5081 νηστεῖαι
1184 5011 1629 5083 νενομοθέτηνται
1651 5013 1730 5075 είς
1747 5010 1916 5065 τύπον

346 5101 449 5172 τῆς
487 5103 952 5173 ζωαρχικωτάτης
980 5104 1210 5175 Τριάδος
1240 5106 1307 5158 ἐκ
1334 5105 1443 5159 τῶν
1473 5105 1630 5159 θείων
1653 5103 1913 5173 μαθητῶν

347 5190 444 5246 τοῦ
477 5191 802 5265 μονογενοῦς
833 5192 966 5248 Υἱοῦ
988 5193 1086 5249 τοῦ
1123 5193 1258 5248 Θεοῦ
1294 5196 1407 5268 (15)
1434 5210 1449 5226 ’
1485 5196 1579 5250 καὶ
1603 5190 1671 5250 αὖ
1704 5194 1913 5266 ἡμέραι

423 5346 445 5382 ³
481 5345 653 5404 Exod.
681 5365 855 5417 xxut;
885 5348 1043 5406 Deut.
1080 5365 1192 5406 xvt.

2016 4730 2217 4801 Figura
2277 4732 2395 4785 haec
2458 4739 2561 4793 est,
2612 4739 2673 4783 ut
2724 4729 2983 4794 arbitror,
3043 4735 3299 4782 accurata
3327 4727 3499 4782 unicae
3525 4740 3591 4781 ac

2017 4824 2193 4880 solius
2225 4823 2448 4878 deitatis
2472 4823 2526 4876 in
2556 4823 2733 4877 tribus
2767 4822 3012 4891 personis
3039 4829 3297 4889 spectatae
3320 4818 3592 4889 cultisque

2018 4932 2050 4971 a
2090 4914 2253 4971 nobis
2283 4916 2529 4970 veritatis
2563 4914 2968 4982 adoratoribus.
3013 4912 3138 4967 Ideo
3179 4912 3282 4966 tria
3318 4911 3457 4983 apud
3486 4925 3590 4965 nos

2016 5009 2227 5078 jejunia
2268 5008 2480 5063 sancita
2512 5005 2736 5060 fuerunt
2769 5022 2800 5060 a
2832 5005 2974 5063 divis
3003 5003 3288 5085 discipulis
3327 5000 3590 5073 unigenili

2021 5098 2143 5154 Filii
2176 5097 2265 5154 Dei
2318 5100 2389 5153 ob
2416 5098 2753 5168 ﬁgurandam
2808 5095 3075 5151 viviﬁcam
3131 5095 3473 5150 Trinitatem.
3520 5092 3591 5147 Et

2017 5192 2237 5265 quidem
2253 5192 2377 5247 duas
2395 5199 2597 5248 sancta:
2620 5198 2781 5246 erunt
2802 5188 2960 5246 vobis
2976 5189 3033 5244 in
3057 5187 3398 5245 hebdomada
3418 5186 3586 5250 feria),

1806 5484 2037 5543 ΝΟΤΕ.

422 5577 534 5658 (l2)
566 5577 843 5658 incognita
874 5584 960 5658 est
984 5575 1448 5658 braccatechesis,
1485 5591 1609 5658 quae
1635 5576 1694 5632 in
1716 5587 1909 5635 neutra

350 5647 719 5706 catecliesium
759 5647 987 5702 Studitae
1021 5647 1343 5703 collectione
1368 5647 1704 5702 nominatur.

421 5719 534 5790 (l3)
570 5721 640 5775 De
673 5717 848 5774 tribus
881 5716 1315 5790 quadragesimis
1350 5716 1542 5774 scribit
1581 5716 1907 5775 Anastasius

2012 5577 2227 5722 Sthlinii?
2289 5576 2435 5651 apud
2488 5575 2725 5637 Coteler.
2778 5580 3020 5636 Monum.
3077 5575 3227 5632 Eccl.
3287 5572 3383 5630 Gr.
3428 5581 3470 5630 ι.
3500 5572 3588 5641 lli,
