4102 6374
600 326 620 390 1
631 327 738 392 695

1784 322 1844 382 S.
1884 317 2281 380 THEODORI‘
2317 311 2665 378 STUDITJE

3731 297 3866 361 1096

595 445 793 511 quarta
817 443 872 493 et
897 445 1069 493 sexta.
1098 434 1239 504 Quid
1278 447 1445 506 porro
1494 432 1602 490 hoc
1639 447 1860 503 quoque
1886 430 2174 504 signiﬁcat,

2281 427 2376 485 δύο
2425 427 2590 496 ἁγναὶ
2646 423 2894 476 ἔστωσαν
2923 417 3053 488 ὑμῖν
3081 415 3140 469 ὲν
3189 412 3329 469 ἑπτὰ
3355 411 3625 485 ἡμέραις,
3647 406 3870 511 τετράδι

593 551 660 589 ex
693 541 899 602 septem
925 531 1120 586 diebus
1166 529 1279 584 duo
1329 523 2177 583 observabuntur.sanctiﬁcati?

595 624 668 681 Ut
696 621 953 687 arbitror,
988 624 1042 676 in
1078 621 1354 692 periodico
1399 628 1644 688 tempore
1683 627 1817 673 rota:
1851 614 2178 687 heptacycli-

594 732 694 782 csa,
716 716 838 770 dua:
855 729 940 768 res
959 723 1162 770 sanctze
1201 710 1663 775 observabuntur,
1695 707 1954 763 divinitas
1990 717 2046 762 et
2070 707 2174 761 hu-

599 808 829 862 manitas
863 807 1028 860 unius
1052 815 1107 859 et
1145 803 1367 859 sublimi
1401 801 1617 856 ratione
1645 801 1782 855 uniti
1807 798 1930 853 Filii
1964 798 2083 862 Dei,
2123 807 2176 852 et

595 909 800 956 sancta:
821 899 1030 954 Matris.
1062 897 1295 952 Aliunde
1338 895 1501 950 etiam
1543 895 1779 956 videtur,
1812 892 2177 948 hebdomada-

598 992 678 1044 rio
713 990 866 1062 cyclo
896 990 1076 1043 trinus
1131 987 1383 1043 denotari
1436 995 1594 1057 typus
1647 1000 1744 1054 per
1775 981 1916 1049 dies,
1951 985 2092 1038 sicut
2121 981 2173 1036 in

596 1096 742 1135 anno
797 1095 829 1134 a
887 1069 1138 1134 tidelihus
1198 1077 1492 1133 manifeste
1549 1078 1854 1132 honoratur
1899 1075 2174 1146 genuinus

597 1169 883 1226 Trinitatis
912 1181 1088 1241 typus.
2049 1173 2054 1176 '

663 1342 720 1398 2.
756 1343 978 1399 Primus
1023 1341 1461 1413 quadragesimae
1514 1340 1805 1396 terminus.
1862 1339 2045 1394 Prima
2091 1348 2176 1394 est

595 1434 712 1503 ipsa
737 1433 942 1490 Christi
1001 1433 1304 1489 nativitatis
1363 1432 1685 1489 solemnitas
1705 1472 1720 1498 ,
1763 1448 1884 1501 qua:
1914 1433 1965 1485 in
1997 1431 2174 1486 Patris

596 1538 783 1598 typum
817 1527 1152 1593 assumitur,
1191 1535 1464 1597 quatenus
1499 1525 1616 1595 ipse
1632 1525 1814 1580 sciens
1849 1525 2176 1594 complacuit

593 1622 700 1677 sibi
727 1621 796 1676 de
826 1621 946 1676 Filii
981 1621 1068 1676 sui
1102 1621 1459 1690 conceptione
1478 1634 1543 1676 ac
1567 1619 1870 1677 nativitate.
1898 1619 2172 1686 Quamob-

597 1727 711 1768 rem
764 1719 820 1766 et
873 1712 1234 1781 quadraginta
1291 1711 1505 1764 dierum
1534 1725 1795 1766 numerus
1821 1711 2172 1781 praescriptus

592 1815 697 1870 est,
728 1814 790 1859 ut
815 1803 1028 1874 jejunio
1061 1802 1262 1874 Moysis
1289 1811 1343 1857 et
1381 1801 1532 1856 Elim.

663 1896 718 1950 5.
747 1893 1034 1950 Secundus
1069 1896 1357 1948 terminus.
1397 1892 1528 1946 Post
1558 1892 1705 1946 illam
1740 1891 2003 1960 secunda,
2053 1909 2176 1963 quae

594 2002 788 2058 magna
823 1987 1238 2058 quadragesima
1271 1985 1495 2049 dicitur,
1523 1995 1709 2056 typum
1735 1984 1900 2041 refert
1921 1985 2176 2056 Unigeni-

594 2081 631 2134 ti
665 2099 680 2136 :
711 2096 874 2150 quam
920 2079 1139 2149 quidem
1189 2079 1306 2149 ipse
1362 2080 1527 2132 etiam
1568 2077 1862 2132 manifeste
1915 2079 2172 2145 ostendit,

593 2173 725 2226 dum
759 2171 940 2225 tribus
975 2171 1137 2224 annis
1161 2184 1282 2224 eam
1314 2171 1650 2234 observavit,
1683 2181 1969 2240 postquam
2004 2185 2034 2224 a
2082 2173 2177 2226 ba-

595 2263 799 2334 ptismo
829 2262 1173 2317 ascenderat.
1202 2259 1358 2316 Unde
1389 2271 1570 2316 autem
1608 2262 1662 2317 id
1708 2262 2035 2331 innotescat,
2088 2265 2176 2318 in-

595 2355 801 2424 telligat
830 2369 1042 2407 mecum
1094 2363 1148 2407 et
1194 2363 1345 2408 certo
1374 2363 1638 2424 agnoscat
1690 2355 1949 2409 auditor:
1979 2371 2176 2426 nempe

593 2445 873 2516 trigesimo
891 2445 1066 2499 :etatis
1086 2459 1231 2500 anno
1260 2444 1592 2514 baptismum
1625 2448 1869 2517 suscepit
1887 2446 2171 2512 Dominus,

591 2548 647 2593 et
678 2538 920 2594 triennio
949 2537 1206 2608 posthinc
1245 2546 1473 2592 mortem
1530 2539 1718 2594 subiit.
1768 2539 1970 2606 Quare,
2030 2552 2091 2596 ut
2144 2558 2176 2598 e

597 2632 766 2700 probe
796 2631 982 2699 gnaris
1011 2630 1357 2699 rescivimus,
1381 2641 1462 2688 ter
1495 2631 1601 2689 hoc
1632 2647 1877 2688 annuum
1904 2633 2174 2703 jejunium

593 2723 925 2778 observavit.

662 2816 718 2871 4.
765 2812 987 2871 Tertius
1017 2815 1306 2872 terminus.
1348 2814 1534 2872 Tertia
1564 2832 1695 2872 vero
1719 2825 1846 2885 post
1872 2818 2015 2874 hanc
2034 2833 2174 2888 qua-

593 2909 926 2978 dragesima,
967 2924 1090 2979 quae
1115 2909 1280 2964 etiam
1308 2909 1683 2979 apostolorum
1720 2925 1748 2964 a
1774 2911 2053 2966 nonnullis
2078 2927 2176 2979 ap-

593 3002 860 3071 pellatur,
893 3013 1055 3075 typus
1089 3004 1351 3060 habeatur
1389 3005 1715 3062 viviticantis
1761 3005 2032 3075 Spiritus,
2081 3007 2176 3077 qui

590 3094 756 3147 etiam
789 3098 1067 3164 apostolos
1085 3095 1274 3151 docuit
1303 3096 1486 3151 omnia
1513 3112 1636 3166 qua:
1657 3098 1758 3167 ipsi
1780 3112 1809 3152 a
1827 3095 1987 3153 Patre
2006 3097 2174 3153 Filio-

589 3197 698 3252 que
719 3183 1023 3255 signiﬁcata
1051 3185 1292 3242 fuerunt.
1318 3185 1416 3241 Est
1434 3202 1568 3242 vero
1585 3189 1743 3242 trium
1770 3205 1940 3243 unum
1967 3205 2166 3244 nomen

589 3276 788 3339 deitas,
821 3277 875 3330 in
908 3278 1083 3334 tribus
1113 3286 1298 3334 tamen
1330 3280 1584 3350 personis
1609 3281 1792 3351 agnita
1834 3289 1889 3336 et
1923 3283 2168 3336 adorata.

664 3449 719 3505 5.
793 3449 902 3506 Sed
943 3466 1044 3521 age
1098 3450 1215 3521 jam
1273 3465 1455 3506 sermo
1491 3449 1560 3507 ad
1606 3451 1951 3524 propositum
2009 3466 2173 3506 suum

589 3539 850 3605 accedat,
917 3551 972 3596 et
1039 3541 1252 3612 singula
1333 3542 1556 3611 proprio
1629 3544 1861 3612 tempori
1947 3543 2176 3612 depute-

588 3647 739 3700 mus,
786 3642 895 3688 tam
937 3632 1136 3688 diebus
1187 3649 1352 3703 quam
1386 3633 1788 3701 hebdomadis,
1839 3641 1895 3689 et
1951 3650 2060 3705 qua
2111 3637 2176 3690 de

585 3739 757 3779 causa
794 3723 867 3778 ita
894 3724 1254 3780 constitutum
1289 3725 1380 3781 sit.
1416 3723 1622 3790 Quarta
1651 3739 1784 3780 sane
1811 3733 1866 3780 et
1909 3737 2062 3780 sexta
2093 3725 2176 3780 fe-

591 3816 670 3870 ria
695 3815 908 3888 jejunio
934 3832 1151 3887 semper
1168 3817 1587 3873 sanctiﬁcentur
1609 3817 1913 3888 jejunando
1937 3831 1969 3873 a
1989 3833 2171 3886 caseo,

587 3907 830 3976 piscibus
883 3918 938 3964 et
973 3909 1116 3975 oleo,
1149 3910 1614 3980 quemadmodum
1647 3909 1758 3964 divi
1793 3910 2040 3980 Aposwli
2069 3951 2083 3976 ,
2119 3920 2175 3967 et

587 4008 712 4069 post
744 4001 867 4057 illos
907 4001 1174 4058 divinitus
1232 4003 1486 4074 iuspirati
1519 4001 1712 4059 Patres
1749 4003 2173 4058 constituerunt.

487 4125 518 4158 ,ρ
587 4090 694 4146 Sed
723 4092 988 4148 tamenin
1010 4093 1322 4163 purissimae
1351 4093 1596 4164 Deiparaa
1619 4092 1931 4159 Nativitate,
1945 4093 2177 4163 ejusque

584 4200 638 4240 tu
679 4184 938 4254 templum
967 4185 1258 4255 Ingresso,
1309 4193 1364 4240 et
1391 4185 1472 4240 ’in
1515 4185 1625 4240 alio
1652 4184 1795 4240 festo
1823 4184 1968 4255 quod
1995 4182 2177 4256 Hypa-

584 4286 747 4345 pante
778 4276 997 4342 dicitur,
1027 4276 1252 4346 insuper
1287 4276 1341 4330 in
1364 4275 1818 4342 Annuntiatione,
1852 4282 1907 4330 et
1933 4275 2178 4330 inmira-

2287 521 2429 592 φημὶ
2476 518 2571 572 καὶ
2600 518 2668 589 τῇ
2699 513 2859 585 ἕκτῃ.
2895 511 2962 564 Τί
2991 509 3050 564 δὲ
3083 507 3180 562 καὶ¹
3205 505 3365 562 τοῦτό
3392 507 3511 558 ἐστι
3537 502 3769 592 δηλοῦν,
3786 505 3865 566 τὸ,

2282 588 2537 665 Ἒνὲπτὰ
2572 588 2814 678 ἡμέραις
2853 601 2951 656 δύο
2987 597 3300 671 τηρηθῶσιν
3345 595 3540 664 ἁγναί;
3580 595 3658 656 ὡς
3717 588 3871 661 οἶμαι

2282 702 2457 769 τουτὶ,
2481 701 2561 773 τῷ
2606 695 2903 769 περιοδικῷ
2925 694 3105 766 χρόνῳ
3131 692 3234 762 τῆς
3265 688 3614 744 ὲπτακύκλου
3643 686 3868 757 τροχοῦ,

2282 791 2378 845 δύο
2391 789 2708 862 τηρηθῶσιν
2727 785 2912 855 ἁγναὶ,
2931 782 3124 852 θεότης
3152 782 3246 834 καὶ
3265 776 3734 852 ἀνθρωπότηςτοῦ
3755 777 3869 839 ἐνὸς

2283 883 2378 938 καὶ
2403 879 2831 952 ὑπερηνωμένου
2867 874 2993 929 Υίοῦ
3019 873 3156 928 Θεοῦ
3178 891 3262 939 τε,
3299 872 3396 926 καὶ
3422 871 3652 940 Μητρὸς
3683 869 3870 936 ἁγίας.

2287 974 2501 1036 ’Ἄλλως
2533 971 2578 1026 δ’
2616 965 2686 1025 αὖ
2724 969 2893 1034 δοκεῖ,
2922 969 3007 1021 ὅτι
3033 967 3130 1021 καὶ
3157 964 3238 1035 τῷ
3261 960 3610 1032 ὲῦδομαδικῷ
3633 960 3826 1030 κύκλῳ
3843 959 3873 1011 ὁ

2281 1059 2556 1131 τριαδικὸς
2591 1053 3062 1128 χαρακτηρίζεται
3087 1052 3256 1116 τύπος
3295 1051 3384 1106 διὰ
3412 1052 3584 1122 τριῶν
3617 1050 3872 1120 ἡμερῶν,

2281 1153 2359 1216 ὼς
2387 1151 2464 1222 τῷ
2488 1148 2724 1220 ἐνιαυτῷ
2749 1147 2904 1218 παρὰ
2931 1146 3044 1202 τῶν
3075 1146 3293 1198 πιστῶν
3317 1143 3595 1216 ἀριδήλως
3631 1142 3872 1212 τιμᾶται

2281 1246 2310 1298 ὁ
2333 1242 2648 1314 ἀκραιφνὴς
2682 1241 2786 1312 τῆς
2801 1239 3036 1311 Τριὰδος
3057 1238 3121 1291 τύ
3132 1254 3255 1300 πος.

2355 1333 2420 1405 β’.
2457 1335 2626 1402 Ὄρος
2659 1328 3119 1400 τεσσαρακοστῆς
3174 1325 3412 1397 πρῶτος.
3449 1325 3613 1378 Ἐστι
3640 1323 3749 1393 μὲν
3775 1318 3866 1376 οὖν

2281 1427 2420 1497 αὐτή
2457 1443 2516 1482 τε
2546 1423 2797 1497 ἡπρώτη
2831 1421 2994 1493 ἑορτὴ
3037 1420 3136 1490 τῆς
3164 1418 3403 1490 Χριστοῦ
3443 1418 3798 1488 γεννήσεως.
3833 1419 3864 1487 ἢ

2280 1522 2362 1582 εἰς
2388 1518 2560 1572 τύπον
2588 1515 2654 1570 ἂν
2693 1516 2951 1586 εἴληπται
2977 1512 3070 1566 τοῦ
3101 1511 3335 1582 Πατρὸς,
3367 1509 3444 1574 ὡς
3470 1506 3617 1563 οἶδεν
3645 1509 3675 1560 ὁ
3715 1509 3865 1562 εὐδο-

2280 1613 2461 1682 κήσας
2481 1609 2641 1673 αὐτὸς
2661 1606 2762 1680 τὴν
2794 1605 2892 1660 τοῦ
2915 1604 3047 1660 Υίοῦ
3071 1602 3340 1674 σύλληψίν
3367 1619 3428 1655 τε
3453 1604 3549 1654 καὶ
3578 1602 3856 1671 γέννησιν.

2279 1704 2425 1757 Διότι
2459 1702 2554 1755 καὶ
2583 1698 2995 1771 τεσσαράκοντα
3019 1696 3237 1767 ἡμέρας
3269 1693 3754 1765 νενομοθέτηνται,
3790 1693 3863 1756 ὡς

2215 1803 2256 1856 Β
2282 1795 2560 1858 Μωῦσὲως
2581 1797 2615 1865 ἡ
2645 1791 2873 1863 νηστεία
2893 1790 2988 1844 καὶ
3023 1787 3228 1844 Ἠλίου.

2349 1890 2420 1952 γ’.
2445 1884 2706 1953 Δεύτερος
2726 1883 2872 1954 ὅρος.
2909 1881 2984 1936 Ἦ
3030 1880 3088 1932 δὲ
3119 1878 3239 1950 μετ’
3269 1877 3440 1949 αὐτὴν
3467 1877 3536 1948 β’,
3561 1877 3598 1948 ἢ
3632 1877 3734 1931 καὶ
3769 1893 3862 1948 με-

2277 1975 2418 2048 γάλη
2466 1974 2882 2046 τεσσαρακοστῇ
2933 1973 3178 2041 λέγεται,
3215 1973 3297 2035 εἰς
3350 1971 3521 2025 τύπον
3554 1970 3641 2040 εἴη
3673 1986 3737 2022 τε
3768 1967 3862 2021 τοῦ

2277 2067 2615 2138 Μονογενοῦς
2635 2084 2650 2098 ·
2685 2068 2752 2138 ἢν
2782 2066 2878 2120 καὶ
2895 2065 3060 2127 αὐτὸς
3081 2063 3352 2136 ἀριδὴλως
3374 2061 3684 2127 ὑπέδειξεν,
3717 2062 3862 2130 :ps't;

2279 2161 2562 2222 ἐνιαυτοὺς
2589 2159 2750 2213 τοῦτο
2797 2158 2995 2220 ποιῶν,
3040 2157 3181 2228 μετὰ
3209 2158 3309 2228 τὴν
3349 2155 3444 2209 τοῦ
3479 2153 3861 2225 βαπτίσματος

2277 2255 2487 2310 ἄνοδον.
2544 2254 2655 2308 Καὶ
2709 2250 2874 2306 πόθεν
2916 2249 3078 2321 δῆλον
3128 2246 3288 2302 τοῦτό
3335 2249 3470 2314 ἐστι,
3507 2247 3665 2317 συνίῃ
3717 2264 3808 2315 μοι
3834 2246 3864 2298 ὀ

2277 2345 2573 2416 ἀκροατὴς,
2609 2344 2704 2398 καὶ
2740 2343 2894 2396 ἰδέτω
2928 2340 3108 2404 καλῶς
3127 2357 3142 2371 ·
3169 2338 3597 2412 τριακονταετὴς
3618 2337 3862 2407 δηλονότι

2277 2438 2307 2491 ὁ
2329 2437 2530 2507 Κύριος
2593 2435 2878 2506 βάπτισμα
2918 2432 3234 2498 ὑπεδέξατο,
3267 2432 3362 2486 καὶ
3392 2433 3450 2485 ὲν
3499 2430 3682 2494 ἄλλοις
3711 2431 3863 2500 τρισὶ

2275 2529 2356 2602 τῷ
2385 2529 2602 2598 θανάτῳ
2622 2527 2832 2598 ὑπέστη
2857 2543 2872 2559 ·
2897 2526 2981 2580 διὸ
3033 2525 3110 2590 ὼς
3140 2525 3390 2595 ἔγνωμεν
3419 2525 3478 2577 ὲν
3510 2526 3630 2583 τοῖς
3673 2523 3862 2593 ἄκρως

2277 2617 2686 2688 ἐπισταμένοις,
2721 2617 2844 2688 τρὶς
2893 2616 2990 2670 τοῦ
3019 2613 3269 2670 ἐνιαυτοῦ
3319 2613 3420 2686 τὴν
3448 2612 3738 2686 παροῦσαν
3767 2629 3862 2682 νη-

2278 2710 2465 2764 στείαν
2495 2707 2798 2774 ὑπέδειξεν.

2346 2801 2410 2857 δ’.
2437 2802 2632 2874 Τρίτος
2658 2803 2806 2874 ὅρος.
2868 2801 2934 2855 Ἦ
2967 2800 3026 2855 δὲ
3085 2799 3206 2870 μετ’
3250 2798 3423 2870 αὐτὴν
3454 2797 3640 2869 τρίτη,
3671 2797 3708 2867 ἠ
3767 2796 3863 2851 καὶ

2275 2896 2430 2966 παρά
2455 2912 2568 2948 τισι
2582 2895 2693 2948 τῶν
2709 2894 3024 2948 ἀποστόλων
3048 2891 3454 2963 κηρυττομένη,
3479 2889 3654 2952 τύπος
3681 2888 3750 2942 ἃν
3774 2888 3859 2960 εἴη

2276 2988 2372 3041 καὶ
2403 2987 2540 3058 αὑτὴ
2568 2986 2663 3041 τοῦ
2685 2987 2955 3049 ζωοποιοῦ
2979 2984 3323 3056 Πνεύματος,
3353 2984 3418 3036 τὸ
3449 2983 3546 3036 καὶ
3565 2983 3699 3046 τοὺς
3726 2981 3860 3035 ἀπο-

2279 3078 2499 3141 στόλους
2531 3078 2750 3144 διδάξαν
2780 3078 2962 3132 πάντα
2990 3076 3026 3130 ἃ
3060 3076 3214 3146 παρὰ
3245 3075 3341 3128 τοῦ
3375 3075 3593 3146 Πατρδς
3627 3075 3724 3127 καὶ
3763 3071 3858 3126 τοῦ

2196 3151 2240 3210 c
2273 3169 2404 3224 Υίοῦ
2441 3169 2968 3241 μεμυσταγὼγηται.
3005 3169 3218 3238 Ὄνομα
3241 3166 3300 3220 δὲ
3345 3166 3453 3220 τῶν
3478 3165 3650 3238 τριῶν
3695 3165 3778 3229 ἓν,
3823 3165 3858 3232 ἠ

2273 3261 2489 3332 θεότης,
2535 3261 2650 3315 ἀλλ’
2681 3263 2740 3314 ὲν
2771 3259 2953 3333 τρισὶν
2983 3258 3317 3314 ὑποστάσεσι
3363 3256 3750 3329 γνωριζομένη
3799 3273 3860 3309 τε

2273 3353 2370 3407 καὶ
2401 3369 2710 3423 προσκυνου
2721 3352 2881 3422 μένη.

2344 3451 2407 3500 ε’.
2445 3444 2589 3498 Ἀλλ’
2624 3444 2764 3498 ίτέον
2783 3459 2799 3474 ο
2831 3445 2860 3497 ὁ
2885 3442 3046 3513 λόγος
3087 3441 3188 3497 καὶ
3216 3440 3297 3514 τῷ
3336 3441 3582 3513 κειμένῳ
3609 3442 3859 3507 πελάσει,

2273 3537 2370 3592 καὶ
2394 3537 2602 3591 ἕκαστα
2624 3535 2704 3608 τῷ
2739 3535 2856 3607 ἰδίῳ
2877 3535 3057 3609 καιρῷ
3079 3535 3498 3608 παραθήσομεν,
3537 3536 3600 3590 ἐν
3629 3553 3692 3590 τε
3718 3537 3862 3607 ἡμέ-

2276 3645 2402 3700 ραις
2430 3630 2528 3683 καὶ
2552 3627 2841 3699 ἑϐδομάσι,
2901 3629 2998 3682 καὶ⁵
3028 3627 3118 3682 διὰ
3140 3628 3304 3682 ποίαν
3351 3627 3533 3681 αἰτίαν
3571 3628 3864 3696 νενομοθέ-

2273 3739 2501 3796 τηνταιο
2535 3722 2737 3794 τετράς
2768 3739 2831 3776 τε
2882 3721 2980 3775 καὶ
3010 3720 3336 3793 παρασκευὴ
3366 3719 3655 3784 παντελῶς
3702 3721 3865 3788 ἁγναὶ

2275 3818 2357 3879 εἰς
2387 3815 2642 3886 νηστείαν
2683 3814 2772 3869 ἀεὶ
2800 3813 3107 3886 τηρηοῶσι,
3163 3813 3358 3887 τυροῦ,
3395 3813 3618 3883 ἰχθύων,
3650 3814 3861 3876 ἐλαίου,

2275 3907 2461 3972 καθὼς
2485 3909 2535 3962 οἱ
2563 3907 2700 3962 θεῖοι
2725 3907 3037 3972 ἀπόστολοι,
3067 3906 3165 3962 καὶ
3199 3908 3250 3961 οἱ
3288 3905 3410 3978 μετ’
3437 3906 3644 3969 αὐτοὺς
3673 3905 3858 3974 Θεοφὸ-

2280 4019 2364 4074 ροι
2400 4001 2644 4073 Πατέρες
2700 4000 3126 4072 ἐνομοθέτησαν.
3180 3999 3292 4072 Τὴν
3324 4000 3433 4071 γὰρ
3472 3999 3738 4068 γέννησιν
3763 4001 3864 4069 τῆς

2278 4093 2662 4164 παναχράντου
2685 4093 2974 4157 Θεοτόκου,
3005 4094 3100 4148 καὶ
3124 4093 3226 4164 τὴν
3253 4094 3423 4164 αὐτῆς
3445 4093 3525 4156 είς
3557 4093 3690 4146 ναὸν
3719 4094 3864 4146 εἰσο-

2276 4185 2386 4250 δον,
2421 4186 2516 4239 καὶ
2543 4185 2644 4256 τὴν
2669 4185 2865 4258 ἑτέραν
2895 4189 2930 4256 ή
2962 4187 3063 4240 καὶ⁹
3117 4185 3409 4254 ύπαπαντὴ
3437 4185 3738 4256 λεγομένη,
3769 4187 3864 4239 καὶ

2277 4273 2344 4332 αὖ
2377 4278 2476 4349 τὴν
2501 4277 2597 4331 τοῦ
2618 4277 3042 4348 εύαγγελισμοῦ,
3066 4278 3162 4332 καὶ
3184 4280 3284 4348 τὴν
3311 4276 3464 4331 Θείαν
3499 4277 3860 4348 μετάστασιν,

586 4369 677 4422 bili
703 4370 1115 4440 Assumptione,
1132 4371 1342 4424 utimur
1367 4369 1490 4426 oleo
1506 4377 1559 4426 et
1577 4370 1842 4440 piscibus,
1863 4369 1910 4424 si
1945 4368 2087 4424 forte
2120 4369 2174 4424 in

2277 4369 2568 4438 διαλύομεν
2595 4371 2676 4433 είς
2698 4369 2877 4423 ἔλαιον
2907 4372 3003 4423 καὶ
3032 4369 3242 4440 ἰχθύας,
3296 4371 3346 4422 εἰ
3374 4369 3581 4439 τύχωσι
3612 4373 3740 4434 ταῖς
3769 4387 3862 4439 γε-

586 4460 874 4526 praadictos
889 4459 1004 4516 dies
1019 4459 1281 4525 incidant,
1300 4475 1494 4530 nempe
1511 4459 1564 4513 in
1581 4469 1830 4531 quartam
1853 4469 1946 4514 aut
1964 4469 2172 4515 sextam

2279 4462 2626 4532 γραμμέναις
2655 4461 2913 4532 ἡμέραις,
2942 4464 3010 4534 τῇ
3039 4478 3099 4515 τε
3127 4462 3350 4532 τετράδι
3383 4463 3479 4515 καὶ
3505 4466 3858 4533 παρασκευῇ.

583 4549 1704 4632 ᾒττίαιιι.8ἰηιὶιὶιει·ειίοηιἱηίρτωουτεοτὶε
1719 4559 2169 4619 etsupremorum
2204 4549 2241 4559 ⁷
2289 4554 2562 4618 Ὡσαύτως
2593 4556 2690 4608 καὶ
2720 4555 2780 4608 τὸ
2813 4553 2910 4607 τοῦ
2941 4554 3264 4626 Προδρόμου
3306 4555 3574 4624 γενέσιον,
3606 4556 3706 4608 καὶ
3753 4556 3862 4607 τῶν

596 4642 967 4712 apostolorum
986 4641 1134 4697 Petri
1151 4650 1206 4697 et
1219 4641 1372 4698 Pauli
1393 4641 1798 4697 Nativitatibus.
1811 4639 1967 4698 Haud
1987 4653 2169 4700 tamen

2276 4650 2592 4721 κορυφαίων
2617 4651 2824 4721 Πέτρου
2860 4650 2955 4704 καὶ
2987 4651 3206 4704 Παύλου
3228 4667 3242 4681 ⁸
3281 4651 3392 4704 τῶν
3421 4651 3478 4702 δὲ
3512 4652 3690 4718 ἁγίων
3717 4667 3860 4720 μαρ-

583 4734 639 4788 in
659 4733 808 4790 festis
821 4745 1142 4790 sanctorum
1157 4743 1460 4806 martyrum
1475 4744 1570 4790 aut
1583 4735 1901 4805 pontificum
1924 4735 2168 4806 piscibus

2275 4737 2452 4809 τύρων
2483 4740 2580 4794 καὶ
2613 4740 2778 4794 ὁσίων
2803 4739 3075 4812 ίεραρχῶν
3103 4740 3167 4793 οὐ
3197 4739 3497 4810 διαλύομεν
3525 4743 3609 4804 εὶς
3643 4741 3860 4811 ἰχθύας,

587 4823 814 4891 utimur,
838 4826 884 4880 si
909 4823 1052 4880 forte
1073 4833 1365 4880 occurrant
1388 4825 1446 4880 in
1480 4834 1678 4896 quarta
1707 4825 1791 4881 vel
1825 4836 1978 4882 sexta
2007 4826 2166 4882 feria.

2275 4831 2322 4884 εί
2350 4831 2555 4900 τύχωσι
2581 4830 2623 4884 δ’
2647 4831 2681 4902 ἢ
2711 4830 2788 4896 ς’.

653 4917 708 4971 6.
741 4916 809 4971 Et
847 4917 1103 4972 monachi
1145 4917 1368 4988 quidem
1405 4917 1462 4973 in
1510 4919 1773 4973 honorem
1829 4933 1896 4975 ac
1947 4919 2166 4976 laudem

2346 4919 2422 4987 ς’.
2459 4922 2521 4974 ΟΞ
2556 4920 2657 4992 μὲν
2698 4918 2793 4974 οὖν
2833 4919 3162 4993 μονάζοντες
3204 4923 3285 4985 είς
3311 4921 3470 4986 δόξαν
3499 4922 3596 4975 καὶ
3637 4921 3864 4976 ἔπαινον

583 5009 792 5072 crucis,
814 5010 1232 5080 quatuordecim
1256 5010 1375 5066 dies
1401 5010 1718 5075 observant,
1737 5011 1829 5066 alii
1851 5012 2164 5080 duodecim,

2275 5012 2366 5065 τοῦ
2389 5012 2686 5084 σταυρικοῦ
2713 5012 2894 5080 ξύλου,
2922 5012 3057 5068 δέκα
3085 5014 3182 5067 καὶ
3199 5014 3469 5083 τέσσαρας
3493 5013 3716 5084 ἡμέρας
3745 5014 3862 5066 δια-

582 5100 676 5155 alii
707 5111 966 5172 quatuor.
1004 5102 1111 5158 Sed
1145 5104 1438 5160 universus
1465 5103 1668 5160 Christi
1695 5104 1930 5176 populus
1961 5108 2168 5162 sancti-

2275 5103 2654 5173 φυλάττουσιν,
2707 5105 2859 5159 ἄλλοι
2899 5103 2988 5175 ιβ’,
3018 5104 3170 5159 ἄλλοι
3212 5105 3334 5158 δὀὁ
3366 5104 3426 5157 δὲ
3455 5103 3685 5174 σύμπας
3730 5104 3862 5167 λαὸς

581 5192 730 5249 ficati
759 5209 952 5250 omnes
981 5195 1275 5251 observant
1322 5195 1466 5275 diem
1493 5195 1872 5262 Exaltationis,
1901 5197 1953 5251 id
1974 5207 2058 5252 est
2079 5213 2170 5252 xw

2275 5196 2366 5250 τοῦ
2416 5197 2681 5266 Χριστοῦ,
2737 5198 2894 5267 ἁγνοὶ
2933 5198 3139 5261 πάντες
3168 5197 3499 5269 διατηρῶσιν
3533 5197 3710 5268 αὐτὴν
3761 5197 3858 5267 τὴν

583 5284 940 5356 Septembris.
962 5285 1345 5344 Verumtamen
1367 5287 1678 5344 Nativitatis
1693 5287 1892 5344 Christi
1909 5289 2174 5360 jejunium

2275 5286 2485 5357 ἡμέραν
2515 5289 2614 5358 τῆς
2639 5286 2923 5356 ύψώσεως,
2955 5288 3074 5359 ῆτοι
3112 5287 3213 5356 τὴν
3240 5287 3303 5340 ιδ’
3344 5288 3438 5340 τοῦ
3472 5287 3856 5358 Σεπτεμϐρίου

584 5377 764 5432 tribus
793 5378 989 5434 diebus
1021 5379 1346 5435 observetur
1377 5381 1432 5435 iu
1457 5378 1822 5442 hebdomada,
1857 5379 1911 5432 id
1951 5388 2037 5435 est
2083 5395 2173 5434 se-

2275 5380 2444 5448 μηνός
2466 5379 2600 5450 (14).
2620 5380 2733 5449 Τὴν
2759 5379 2817 5433 δὲ
2842 5376 2910 5435 αὖ
2933 5379 3189 5452 νηστείαν
3212 5379 3312 5448 τῆς
3337 5379 3430 5432 τοῦ
3455 5377 3697 5450 Χριστοῦ
3730 5398 3854 5447 75v-

585 5472 784 5537 cunda,
814 5481 1031 5543 quarta,
1069 5483 1332 5544 sextaque
1368 5473 1524 5537 feria,
1563 5481 1619 5526 ct
1647 5473 1895 5526 cavendo
1935 5487 1966 5526 a
1997 5473 2166 5542 pisci-

2275 5472 2501 5540 νήσεως,
2535 5472 2635 5535 τὰς
2666 5475 2815 5542 τρεῖς
2852 5473 3067 5544 ἡμέρας
3093 5472 3543 5542 διαφυλαττέσθω
3575 5473 3676 5537 τῆς
3703 5473 3856 5524 €660-

585 5563 690 5620 bus
717 5549 1269 5636 olcoquefjcjuniunt
1296 5575 1520 5621 strenue
1542 5567 1872 5636 transigatur
1900 5583 1912 5618 :
1940 5566 2166 5636 parique

2275 5564 2459 5632 μάδος,
2509 5564 2625 5634 ἦτοι
2659 5564 2725 5634 β’,
2749 5564 2816 5628 δ’,
2842 5567 2934 5620 καὶ
2962 5572 3036 5630 ς’,
3067 5565 3257 5635 ἰχθύας
3283 5565 3376 5618 καὶ
3410 5563 3607 5628 ἔλαιον,
3639 5564 3736 5617 καὶ
3757 5582 3853 5632 νη-

913 5731 922 5738 .
2090 5676 2315 5734 ΝΟΤΑΞ.

663 5770 776 5840 (Μ)
807 5768 1014 5826 Vidcsis
1050 5769 1309 5826 Niconcm
1337 5770 1479 5842 apud
1500 5769 1827 5828 Cotelerium
1853 5770 1952 5839 0p.
1991 5771 2082 5825 cit.
2115 5781 2151 5824 ι.
2195 5771 2283 5833 lll,
2322 5788 2372 5842 p.
2411 5771 2514 5828 .538
2548 5781 2600 5825 et
2633 5787 2786 5840 seqq.
