4102 6374
313 387 444 448 1697

1495 402 1958 464 CATECHESIS
1993 404 2400 467 CHRONICA.

3423 408 3558 475 1693

307 503 492 554 στείαν
533 500 732 566 ἐνθέως
788 508 1044 559 ποιείτω’
1087 509 1350 575 ὡσαύτως
1402 512 1498 565 καὶ
1545 515 1656 566 τῶν
1705 514 1876 581 ἁγίων

1984 515 2198 571 ratione
2235 524 2553 571 sanctorum
2576 531 2794 586 quoque
2809 518 3185 587 apostolorum
3219 535 3282 575 ac
3316 521 3556 594 Deiparae

303 592 620 646 ἀποστόλων
651 596 897 659 ποιείτω,
933 597 1028 651 καὶ
1059 598 1159 669 τὴν
1217 600 1318 670 τῆς
1350 601 1694 674 Θεομήτορος
1713 603 1876 671 ἁγίαν

303 685 560 756 νηστείαν
586 686 722 758 (15).
785 689 872 741 Ἐν
908 690 1006 758 μὲν
1052 689 1148 744 οὖν
1199 694 1265 763 τῇ
1309 696 1603 766 παραμονῇ
1653 695 1754 764 τῆς
1781 693 1875 748 τοῦ

301 776 541 848 Χριστοῦ
582 780 909 850 γεννήσεως,
955 782 1171 850 νήστεις
1233 783 1606 856 διατελοῦμεν,
1640 787 1736 840 καὶ
1778 788 1878 858 τὴν

301 867 516 938 ἡμέραν
549 869 870 938 ἁγνεύοντες
898 871 1009 942 (16)
1035 874 1117 937 είς
1147 873 1336 944 ίχθύας
1368 877 1463 929 καὶ
1484 876 1684 942 ἔλαιον,
1701 877 1878 949 πάρεξ

303 958 590 1013 Σαὸϐἀτου
621 960 982 1032 ἢΚυριακῆς·
1009 962 1132 1016 τότε
1171 963 1344 1018 ταῦτα
1376 964 1648 1036 ἐσθίομεν.
1681 965 1876 1021 Ὡσαύ-

298 1069 408 1116 τως
446 1052 709 1125 ποιοῦμεν
757 1054 853 1109 καὶ⁵
899 1055 1000 1120 τὰς
1028 1056 1194 1121 ἄλλας
1248 1061 1576 1130 παραμονάς
1613 1059 1724 1115 τῶν
1777 1061 1873 1114 τοῦ

299 1143 539 1216 Χριστοῦ
579 1146 941 1218 πανηγύρεων
963 1163 976 1177 ·
1012 1150 1079 1220 τῇ
1108 1148 1165 1202 δὲ
1197 1149 1459 1221 ἐπαύριον
1489 1149 1779 1221 διαλύομεν
1815 1151 1875 1205 ἐν

297 1237 654 1307 οίᾳδηποτοῦν
677 1237 864 1308 ἡμέρᾳ
898 1239 1040 1313 τύχῃ
1060 1253 1077 1270 ⁶
1109 1238 1294 1304 καθὼς
1316 1240 1524 1296 ἄνωθεν
1545 1242 1873 1313 εἰρήκαμεν,

297 1329 380 1391 είς
415 1327 574 1394 δόξαν
599 1329 692 1382 τοῦ
717 1329 1114 1402 εύδοκήσαντος
1150 1331 1392 1403 Πατρδς,
1425 1333 1637 1386 καὶτοῦ
1678 1350 1874 1404 γεννη-

299 1418 482 1480 θέντος
512 1419 672 1472 Υίοῦο
704 1420 796 1473 καὶ
826 1422 936 1493 γὰρ
957 1422 1032 1486 ώς
1057 1423 1230 1494 αὐτὴν
1256 1423 1356 1496 τὴν
1391 1424 1606 1494 ἡμέραν
1640 1425 1734 1479 καὶ
1756 1426 1877 1478 ἑτέ-

299 1531 401 1585 ρας
424 1513 485 1578 ἓξ
505 1513 817 1584 διαλύομεν,
847 1515 933 1569 ἴνα
967 1516 1042 1589 μὴ
1061 1518 1378 1587 σκυθρωποὶ
1401 1519 1685 1590 φανῶμεν,
1718 1519 1796 1583 ώς
1823 1522 1873 1574 οἱ

295 1603 614 1675 ἀγνώμονες
644 1604 914 1670 Ἰουδαῖοι,
945 1608 1004 1659 ὲν
1037 1610 1108 1678 τῇ
1146 1609 1400 1680 γεννήσει
1427 1609 1523 1663 τοῦ
1548 1611 1699 1681 ἡμᾶς
1737 1610 1872 1665 ἀνα-

300 1697 630 1760 πλάσαντος.

368 1788 434 1854 ζ’.
463 1789 576 1859 Τήν
605 1788 664 1842 δὲ
692 1783 762 1844 αὖ
791 1789 1116 1862 παραμονὴν
1149 1789 1259 1844 τῶν
1287 1789 1524 1859 φώτων,
1582 1789 1680 1844 καλ⁹
1703 1789 1876 1862 αὐτὴν

295 1881 498 1949 ὁμοίως
550 1882 768 1951 νήστεις
821 1860 1255 1952 διαπεραιοῦμεν
1291 1867 1376 1935 ’ἐκ
1428 1899 1487 1934 τε
1542 1881 1724 1936 ἐλαίου
1777 1860 1872 1935 καὶ
1906 1860 1948 1916 Β

300 1971 496 2041 ἰχθύων
526 1973 619 2024 καὶ
633 1971 835 2043 ἐτέρων
864 1974 1018 2026 εἰδῶν
1043 1973 1142 2044 τὴν
1170 1974 1350 2027 πᾶσαν
1379 1973 1596 2044 ἡμέραν
1617 1991 1632 2004 ⁸
1665 1974 1873 2045 ταύτην

296 2063 358 2116 δέ
387 2079 451 2131 γε
482 2064 580 2136 τὴν
611 2067 827 2138 ἡμέραν
860 2067 968 2122 τῶν
997 2069 1362 2138 Θεοφανείων,
1417 2068 1635 2123 οἱανοῦν
1686 2070 1873 2141 ήμέρα

295 2155 457 2229 τύχῃ,
491 2157 782 2229 διαλύομεν
813 2160 893 2222 είς
919 2161 1051 2228 πᾶν,
1111 2161 1192 2224 εἰς
1241 2161 1406 2232 χάριν
1447 2159 1546 2214 καὶ
1589 2161 1746 2226 δόξαν
1775 2161 1872 2216 τοῦ

299 2245 714 2315 βαπτισθέντος,
743 2249 840 2302 καὶ.
882 2248 1060 2320 ἀρχὴν
1095 2248 1254 2317 ἁγίαν
1285 2247 1384 2318 τῆς
1415 2247 1674 2318 τοιαύτης
1717 2248 1873 2319 χάρι-

296 2353 426 2400 τος,
473 2338 569 2391 καὶ
609 2339 701 2392 τὸν
750 2338 1013 2408 βυθισμδν
1059 2339 1458 2411 θεατρίζοντες.
1519 2339 1678 2394 Ἐστι
1736 2340 1794 2392 δὲ
1835 2341 1870 2410 ή

295 2428 520 2500 τοιαύτη
549 2430 799 2502 χαρμονὴ
821 2433 952 2502 ἡμῖν
981 2431 1076 2484 τοῦ
1111 2430 1463 2503 βροτογτόνου
1493 2431 1721 2502 τοιούτῳ
1747 2429 1872 2502 τρύ-

296 2538 408 2592 πῳ,
449 2521 524 2586 ώς
573 2517 664 2578 οἷά
693 2540 780 2588 τις
834 2521 1073 2593 εἰληφὼς
1128 2523 1288 2593 χάριν
1333 2523 1453 2575 τινὰ
1491 2521 1722 2575 πλούτου
1766 2520 1873 2575 ὑπό

296 2631 442 2678 τινος
471 2614 757 2684 βασιλέως,
787 2615 885 2668 καὶ
933 2615 1072 2686 ἔχων
1105 2617 1164 2669 ὲν
1205 2613 1382 2686 ἑαυτῷ
1413 2615 1507 2667 καὶ
1553 2613 1762 2684 χαίρων
1812 2615 1872 2667 ἐν

294 2709 411 2770 τοῖς
436 2706 621 2769 καλοῖς
649 2700 730 2771 οἷς
770 2707 960 2778 εἴληφε
981 2724 995 2738 ο
1036 2707 1174 2778 μετά
1202 2706 1260 2760 δέ
1293 2723 1414 2759 τινα
1438 2705 1652 2776 χρόνον,
1683 2705 1873 2776 ἕτερός

294 2817 380 2862 τις
399 2801 592 2870 ἐχθρὸς
616 2801 890 2873 ἀντάρτης
917 2801 1014 2856 καὶ
1043 2801 1257 2866 ἀλαζὼν
1280 2801 1524 2871 πηδήσας
1555 2799 1741 2862 ποθὲν,
1777 2797 1872 2851 καὶ

294 2892 389 2946 τοῦ
414 2893 628 2963 ἔχοντος
657 2892 886 2947 πλούτου
911 2893 1066 2948 τοῦδε
1095 2894 1486 2965 ἀποστερήσει,
1524 2891 1754 2961 προσέτι
1777 2891 1874 2944 καὶ

295 2987 603 3056 τιμωρήσει
665 2983 893 3054 βιαίωςο
938 2981 1047 3038 εἴτε
1097 2981 1191 3040 οῦν
1235 2985 1395 3038 τοῦτο
1434 2983 1739 3055 κατάδηλον
1795 2983 1873 3055 τῷ

297 3078 512 3147 βασιλεῖ
547 3077 771 3145 γεγονός
791 3092 806 3107 ⁸
839 3079 868 3131 6
890 3077 946 3130 δὲ
969 3078 1118 3149 ἥκει,
1159 3077 1254 3130 καὶ
1283 3077 1374 3130 τὸν
1394 3077 1709 3147 ἀποστάτην
1733 3076 1874 3128 ἐκεῖ-

296 3186 386 3222 νον
419 3169 744 3240 τιμωρήσας
777 3167 1043 3239 ἀνηλεῶς,
1073 3169 1168 3221 καὶ
1205 3167 1296 3222 τὸν
1321 3168 1661 3238 ἀφελόμενον
1701 3165 1870 3219 πλοῦ-

1978 618 2229 664 sanctum
2261 617 2509 663 servetur
2537 608 2830 678 jejunium.
2861 607 3173 665 Nativitatis
3201 611 3401 668 Christi
3432 631 3557 684 per-

1977 698 2223 765 vigilicm
2259 698 2435 767 jejuni
2474 698 2806 769 peragimus,
2847 707 2901 754 et
2945 699 3090 754 hunc
3137 700 3282 754 diem
3316 704 3558 758 sanctill-

1975 802 2168 844 camus
2207 774 2414 858 absque
2437 788 2682 858 piscibus
2708 798 2762 843 et
2793 789 2935 852 oleo,
2960 800 3187 861 excepto
3223 791 3464 848 Sahhato
3492 808 3559 850 ac

1976 877 2064 934 die
2094 877 2403 943 Dominico,
2434 879 2640 949 quibus
2676 879 2762 934 his
2809 879 3102 936 vescimur.
3145 882 3319 937 Simili
3347 885 3560 940 ratione

1976 969 2335 1039 transigimus
2363 979 2563 1024 caetera
2611 984 2831 1041 quoque
2879 971 3166 1042 pervigilia
3213 972 3417 1030 Christi
3466 990 3559 1032 so-

1977 1061 2320 1116 lemnitatum
2355 1077 2371 1116 :
2402 1060 2541 1117 festo
2574 1071 2755 1118 tamen
2797 1071 3060 1132 sequente
3084 1063 3358 1135 jejunium
3387 1067 3557 1123 solvi-

1976 1169 2123 1218 mus,
2157 1167 2484 1223 quacunque
2514 1152 2734 1212 demum
2787 1154 2875 1210 die
2902 1155 3228 1222 obvenerit,
3295 1166 3357 1212 ut
3388 1173 3555 1229 supra

1975 1244 2216 1298 diximus
2256 1286 2272 1312 ,
2326 1244 2382 1299 in
2417 1243 2680 1299 honorem
2737 1243 2912 1300 Patris
2967 1245 3058 1300 cui
3099 1247 3471 1316 complacuit,
3503 1258 3559 1303 et

1975 1335 2087 1389 nati
2115 1334 2259 1389 Filii.
2293 1333 2416 1391 Jam
2455 1335 2598 1391 sicut
2629 1335 2809 1405 ipsum
2848 1336 2999 1390 illum
3033 1336 3201 1405 diem,
3236 1338 3310 1393 ita
3333 1346 3389 1395 et
3418 1339 3557 1394 alios

1975 1441 2069 1480 sex
2103 1426 2440 1498 peragimus,
2475 1441 2541 1481 ne
2565 1427 2748 1482 tristes
2771 1442 3161 1497 appareamus,
3187 1430 3329 1486 sicut
3355 1431 3556 1504 ingrati

1974 1515 2170 1582 Judaei,
2206 1519 2260 1572 in
2291 1518 2431 1587 ejus,
2458 1517 2554 1586 qui
2587 1533 2688 1573 nos
2729 1517 3068 1588 reformavit,
3101 1522 3410 1578 nativitate.

2046 1783 2101 1837 7.
2131 1780 2302 1836 Porro
2351 1781 2406 1836 in
2467 1781 2748 1852 pervigilio
2777 1798 2999 1854 quoque
3030 1785 3303 1843 luminum
3337 1789 3555 1860 jejuna-

1978 1890 2102 1929 mus
2125 1874 2378 1930 similiter
2405 1875 2475 1930 ab
2503 1877 2648 1943 oleo,
2672 1877 2938 1947 piscibus,
2973 1879 3205 1950 aliisque
3228 1882 3555 1946 conditoris,

1978 1974 2092 2020 toto
2116 1965 2226 2021 die.
2257 1965 2326 2020 At
2353 1981 2485 2022 vero
2513 1966 2695 2037 ipsum
2739 1968 2883 2024 diem
2912 1969 3233 2040 Epiphaniae
3257 2010 3272 2036 ,
3306 1973 3558 2042 .quilibet

1977 2057 2093 2112 dies
2115 2057 2207 2122 sit,
2237 2058 2444 2128 absque
2464 2059 2574 2114 ulla
2606 2060 2938 2122 abstinentia
2961 2063 3198 2134 agimus,
3224 2065 3291 2119 ad
3325 2067 3554 2135 gratiam

1976 2157 2032 2204 et
2057 2150 2283 2220 gloriam
2316 2151 2610 2220 baptizati;
2646 2161 2809 2224 atque
2852 2155 2924 2210 ob
2961 2164 3127 2212 tanta}.
3159 2157 3348 2227 gratia:
3391 2172 3556 2212 exor-

1975 2240 2126 2294 dium
2149 2281 2164 2306 ,
2201 2242 2528 2298 mersionem
2557 2259 2781 2315 quoque
2817 2245 3095 2315 publicam
3138 2247 3392 2304 facimus.
3442 2247 3558 2306 lloc

1975 2340 2161 2386 autem
2186 2341 2431 2387 nostrum
2460 2333 2526 2388 de
2558 2334 2830 2392 homicida
2853 2336 3077 2394 diabolo
3113 2339 3375 2409 gaudium
3403 2339 3558 2408 ejus-

1975 2423 2123 2478 modi
2157 2432 2276 2489 est;
2314 2439 2410 2478 ceu
2436 2423 2482 2478 si
2509 2425 2635 2494 quis
2670 2441 2833 2496 opum
2857 2430 3033 2499 gratia
3068 2444 3097 2484 a
3132 2446 3258 2501 rege
3309 2441 3555 2500 accepta,

1973 2526 2038 2567 ea
2071 2514 2276 2582 potitus
2315 2515 2456 2582 apud
2499 2531 2558 2572 se
2593 2515 2938 2576 laetabundus
2989 2518 3284 2577 tueretur:
3326 2533 3382 2577 at
3403 2524 3554 2580 enim

1975 2615 2101 2676 post
2123 2613 2340 2676 tempus
2367 2606 2611 2677 aliquod,
2659 2610 2844 2665 nescio
2878 2611 3002 2682 quis
3029 2613 3173 2668 alius
3203 2613 3419 2668 hostilis
3451 2614 3556 2669 ad-

1976 2697 2254 2755 versarius
2287 2709 2451 2770 alque
2479 2700 2751 2767 superbus
2776 2717 2901 2757 eum
2933 2703 3192 2759 alicunde
3211 2706 3555 2776 aggrediens,

1974 2792 2246 2861 possessis
2306 2793 2506 2862 Opibus
2562 2793 2848 2862 spoliaret,
2931 2797 3268 2867 insuperque
3319 2799 3559 2854 violenta

1977 2898 2136 2952 plena
2195 2882 2455 2954 aﬂligeret
2488 2902 2502 2938 :
2535 2899 2644 2954 quo
2680 2899 2808 2939 mox
2841 2883 3091 2958 facinore
3127 2889 3244 2960 regi
3277 2890 3556 2957 nuntiato,

1978 2975 2025 3030 is
2055 2975 2454 3045 superveniret,
2488 2991 2554 3031 ac
2599 2977 2852 3032 rebellem
2885 2978 3040 3033 illum
3076 2979 3196 3035 sine
3234 2982 3558 3036 misericor-

1975 3067 2065 3122 dia
2128 3068 2366 3137 puniret,
2432 3078 2486 3123 et
2543 3079 2786 3139 ereptam
2843 3071 3081 3140 praedam
3115 3074 3286 3143 priori
3328 3073 3558 3128 domino

1978 3159 2311 3216 restitueret.
2361 3157 2430 3215 Et
2474 3160 2695 3230 quidem
2742 3163 2916 3232 magis
2969 3163 3136 3218 etiam
3185 3181 3350 3235 quam
3395 3173 3559 3221 antea

306 3212 382 3222 η,
429 3212 741 3240 -.ματη-..ς
777 3212 1043 3239 ...τη-ν
1076 3212 1168 3221 η...
1215 3212 1291 3222 .-,
1321 3212 1657 3238 ..τ-..-μνη
1709 3212 1834 3219 .-ηπ

294 3278 389 3315 τον
415 3261 494 3332 τῷ
514 3260 689 3332 ἔχοντι
706 3261 1010 3314 ἀποδώσειο
1038 3259 1218 3314 καίτοι
1249 3259 1344 3314 καὶ
1375 3259 1562 3313 πλεῖον
1586 3258 1682 3312 τοῦ
1737 3275 1875 3328 προ-

1978 3212 2364 3306 assurgit
2413 3212 3560 3325 ιιοῖἷέέῖυιέᾙέίιιῖιξῖῖιιιξᾶἲζξτῶὶὶὶᾆῖ

296 3354 458 3423 τέρου
482 3354 808 3423 ὲπιχαρήσει
834 3356 1063 3424 σημεῖον
1114 3352 1416 3424 βασιλικὸν,
1465 3353 1493 3405 ὃ
1520 3352 1613 3406 καὶ
1644 3349 1876 3422 φοϐερὸν

297 3446 510 3515 γίνεται
551 3447 664 3506 τοῖς
699 3444 1047 3509 ὑπεναντίοις
1067 3464 1083 3478 ο
1105 3445 1334 3516 τοιούτῳ
1364 3444 1656 3516 τοιγαροῦν
1690 3461 1875 3516 παρα-

297 3535 552 3605 δείγματι
597 3536 694 3588 καὶ⁵
734 3538 762 3589 6
789 3536 1060 3606 ήμέτερος
1091 3536 1294 3605 Κύριος
1333 3537 1570 3606 ποιήσας
1619 3534 1696 3606 τῷ
1736 3536 1874 3589 ἀπο-

302 3627 474 3698 στάτῃ
505 3625 720 3696 ἐχθρῷ,
752 3626 984 3679 δέδωκεν
1003 3627 1134 3695 ἡμῖν
1165 3626 1333 3678 πλείω
1370 3625 1462 3678 τοῦ
1508 3626 1776 3698 προτέρου
1822 3629 1876 3679 ὲ-

300 3716 484 3770 κείνου
509 3716 608 3788 τὴν
649 3717 809 3787 χάριν
853 3718 954 3786 τῆς
983 3714 1422 3784 παλιγγενεσίας.
1484 3715 1580 3778 Εἰς
1609 3715 1740 3783 γοῦν
1778 3716 1878 3786 τὴν

301 3809 660 3876 ἀναγὲννησιν
679 3807 746 3862 δι’
774 3806 965 3868 ὕδατὸς
992 3824 1051 3860 τε
1082 3808 1178 3859 καλ⁹
1195 3806 1535 3876 Πνεύματος,
1563 3803 1714 3875 διττὴ
1743 3805 1877 3875 ἡμῖν

301 3900 511 3969 γίνεται
540 3902 575 3971 ή
604 3899 857 3970 παροῦσα
888 3897 1182 3970 κάθαρσις⁸
1232 3896 1319 3950 διὰ
1348 3895 1448 3967 μὲν
1480 3894 1574 3948 τοῦ
1607 3893 1799 3958 ὕδατος
1818 3895 1879 3948 τὸ

303 3994 463 4063 σῶμα
489 3993 794 4063 σμήχεται,
835 3992 931 4044 καὶ
978 3990 1067 4044 διὰ
1103 3988 1196 4043 τοῦ
1229 3987 1544 4059 Πνεύματος
1572 3987 1634 4040 τὸ
1659 3984 1878 4056 πνεῦμα

302 4084 733 4148 ἀνακαινίζεται.
772 4083 896 4147 Πῶς
924 4083 1034 4152 γὰρ
1067 4082 1129 4136 οὐ
1158 4080 1383 4136 δυνατὸν
1413 4077 1783 4150 εὐφρανθῆναί
1813 4095 1874 4130 τε

303 4178 398 4230 καὶ
429 4177 685 4248 χορεῦσαι
716 4175 814 4245 τὴν
844 4174 999 4246 ήμῶν
1027 4173 1336 4244 σωτηρίαν;
1368 4170 1618 4240 καὶγὰρ,
1647 4168 1723 4233 ώς
1747 4167 1878 4237 ἔγω-

302 4283 366 4334 γε
395 4264 572 4335 οἶμαι,
605 4267 634 4319 6
662 4264 736 4336 μὴ
759 4263 1186 4334 εὐφραινόμενος
1217 4264 1317 4334 τὴν
1350 4261 1636 4332 παροῦσαν
1662 4259 1877 4330 ἡμέραν

303 4357 397 4410 τοῦ
442 4357 598 4425 ἁγίου
625 4355 1024 4427 βαπτίσματος,
1053 4355 1116 4408 ού
1149 4354 1414 4425 σωτήριος
1443 4352 1592 4423 αύτῷ
1623 4352 1876 4420 φαίνεται

1980 3343 2088 3399 bile
2113 3343 2445 3400 adversariis
2491 3345 2572 3399 lit.
2600 3345 2727 3401 Pari
2758 3361 2888 3417 ergo
2928 3347 3094 3401 modo
3125 3346 3390 3402 Dominus
3417 3363 3560 3416 quo-

1979 3451 2088 3506 que
2120 3445 2307 3490 noster
2348 3446 2540 3492 contra
2573 3437 2830 3493 rebellem
2877 3439 3091 3494 hostem
3119 3457 3178 3496 se
3211 3455 3430 3512 gerens,
3463 3439 3562 3494 de-

1981 3529 2061 3584 dit
2087 3531 2249 3584 nobis
2280 3529 2542 3596 majorem
2567 3546 2732 3601 quam
2764 3531 2839 3586 illi
2871 3531 3043 3600 priori
3078 3532 3292 3588 homini
3320 3534 3556 3604 gratiam

1980 3621 2428 3693 regenerationis.
2453 3621 2595 3692 Ergo
2625 3622 2681 3677 in
2714 3624 2815 3678 hac
2846 3639 2942 3693 per
2970 3639 3166 3694 aquam
3196 3633 3252 3678 et
3288 3624 3557 3694 Spiritum

1973 3709 2383 3779 regeneratione
2429 3710 2632 3781 duplex
2671 3712 2833 3768 nobis
2866 3713 2925 3767 ﬁt
2951 3713 3304 3782 puriﬁcatio:
3354 3716 3559 3770 etenim

1974 3815 2072 3870 per
2099 3817 2299 3870 aquam
2333 3816 2534 3870 corpus
2575 3801 2830 3869 lavatur,
2881 3819 2979 3874 per
3035 3804 3299 3875 Spiritum
3336 3807 3565 3876 spiritus

1973 3901 2290 3945 renovatur.
2315 3892 2515 3956 Quidni
2575 3893 2743 3962 igitur
2783 3894 3076 3949 laztandum
3109 3912 3174 3951 ac
3218 3898 3562 3966 gestiendum

1973 3983 2165 4037 salutis
2193 3992 2392 4037 nostra:
2416 3997 2580 4037 causa
2615 3983 2724 4039 sit?
2756 3983 3024 4053 Namque,
3058 3996 3116 4042 ut
3145 4003 3246 4058 ego
3276 3989 3562 4052 existimo,

1981 4075 2026 4129 si
2057 4077 2182 4144 quis
2210 4077 2312 4131 hoc
2341 4075 2432 4130 die
2486 4076 2663 4131 sancti
2719 4076 2973 4146 baptismi
3015 4095 3124 4134 non
3161 4081 3396 4142 laetatur,
3434 4081 3566 4136 huic

1984 4182 2326 4236 nequaquam
2378 4167 2602 4237 all‘ulget
2647 4184 2888 4238 praesens
2944 4171 3136 4241 gratia,
3187 4172 3283 4227 sed
3335 4181 3565 4230 mmstus

1984 4267 2228 4328 apparet,
2259 4269 2312 4313 et
2346 4259 2651 4330 irreligiose
2694 4260 3054 4334 improbeque
3091 4279 3152 4320 se
3201 4265 3388 4333 habet,
3431 4267 3562 4322 dum

1984 4351 2226 4405 salutare
2255 4352 2457 4406 donum
2487 4353 2765 4408 tribuitur.

305 4452 339 4520 ή
370 4443 621 4520 παροῦσα
674 4449 865 4520 χάρις,
913 4446 1049 4502 ἀλλὰ
1101 4445 1442 4518 σκυθρωπῶς
1487 4444 1866 4515 ὑποφαίνεται,
1904 4442 1999 4495 καὶ
2062 4443 2238 4508 ἀθέως
2301 4445 2576 4500 διάκειται
2625 4447 2722 4500 καὶ
2755 4445 3011 4516 πονηρῶς
3051 4450 3147 4504 ὲπὶ
3197 4450 3264 4519 τῇ
3308 4453 3566 4526 σωτηρίῳ

305 4545 472 4602 δόσει.

377 4663 518 4732 Περὶ
544 4661 651 4730 τῆς
685 4661 1012 4731 ἑϐδομάδος
1032 4659 1142 4728 τῆς
1163 4658 1640 4728 προφωγησίμου
1669 4655 1805 4727 (17‘.

2059 4647 2137 4702 De
2165 4648 2495 4706 hebdomade
2525 4651 2966 4790 proclamatignr’s
3003 4649 3235 4721 (Latinis
3275 4661 3492 4721 septua-

2650 4738 2848 4790 gesmm
2881 4763 2894 4776 .

2650 4738 2894 4793 gemma).

381 4845 450 4907 η’.
500 4837 774 4899 Ὡσαύτως
810 4839 910 4906 τὴν
946 4839 1045 4908 τῆς
1087 4837 1384 4908 πῳφωνῆς
1436 4832 1728 4901 ἑϐδομάδα,
1759 4832 1817 4884 ὲν
1841 4849 1876 4906 ῃ

2053 4832 2110 4888 8.
2153 4832 2417 4887 Similiter
2443 4832 2606 4888 etiam
2659 4832 3107 4902 proclamationis
3137 4833 3528 4888 hebdomadam

309 4926 741 4996 ἀναγινώσκεται
770 4928 830 4980 τὸ
870 4927 1016 4998 ἱερὸν
1035 4926 1366 4997 Εὐαγγέλιον
1398 4924 1494 4978 τοῦ
1527 4922 1760 4977 τελώνου
1784 4924 1879 4976 καὶ

310 5017 404 5071 τοῦ
433 5017 748 5088 Φαρισαίου,
795 5017 1084 5088 διαλύομεν
1121 5019 1218 5072 καὶ
1248 5016 1421 5084 αὐτὴν
1467 5016 1548 5078 είς
1579 5016 1689 5068 πᾶν
1719 5010 1878 5078 εἶδος,

1987 4921 2044 4976 in
2080 4938 2187 4992 qua
2244 4923 2440 4994 legitur
2500 4938 2720 4979 sacrum
2777 4923 3120 4992 evangelium
3177 4925 3451 4994 publicani
3512 4935 3568 4982 et

1987 5018 2266 5080 Pharisaei.
2298 5017 2607 5088 peragimus
2630 5020 2780 5072 omni
2827 5018 3162 5073 abstinentia
3193 5019 3446 5083 liberam,
3484 5019 3564 5075 si-

312 5107 496 5171 καθὼς
532 5109 640 5179 ἄρα
678 5108 1058 5179 παρελάϐομεν
1107 5109 1212 5162 ὑπὸ
1239 5109 1348 5164 τῶν
1378 5109 1487 5179 πρὸ
1520 5106 1679 5176 ἡμῶν
1710 5107 1876 5175 ἀγῐων

1989 5119 2083 5163 cut
2116 5125 2146 5163 a
2177 5109 2383 5165 sanctis
2406 5108 2608 5164 nostris
2643 5109 2904 5164 traditum
2929 5110 3185 5166 Patribus
3223 5113 3563 5183 accepimus.

313 5203 603 5273 Πατέρων·
637 5203 758 5274 οὐχὶ
794 5204 882 5260 διά
907 5221 1030 5259 τινα
1076 5203 1387 5275 ὁρθοδοξίαν
1435 5207 1470 5275 ή
1505 5203 1599 5258 νῦν
1649 5201 1876 5272 ἑϐδομὰς

1990 5200 2178 5272 Neque
2229 5201 2299 5257 ob
2366 5200 2609 5270 aliquam
2666 5201 3052 5258 orthodoxiam
3089 5204 3230 5258 hanc
3263 5202 3566 5259 hebdoma-

1793 5379 2016 5438 ΝΟΤᾹΞ.

396 5495 502 5562 “5)
537 5495 608 5568 De
633 5494 842 5568 jejunio
860 5495 1116 5568 Deiparm
1175 5495 1446 5568 τψραιιθιο
1482 5498 1592 5568 agit
1642 5499 1876 5552 Amma-

319 5567 436 5622 sius
465 5564 609 5635 apud
637 5564 1097 5635 CoteleriuutOp.
1121 5576 1174 5619 et
1205 5577 1336 5619 tom.
1368 5567 1462 5620 cit.

388 5633 513 5698 (16)
537 5633 676 5699 Quia
710 5633 946 5690 fortasse
990 5633 1280 5704 ambiguus
1313 5646 1395 5689 est
1443 5637 1530 5690 hic
1561 5637 1714 5690 locus
1740 5676 1754 5700 ,
1811 5651 1878 5690 en

317 5707 438 5771 ejus
461 5705 884 5776 declarationem
913 5720 980 5776 ex
1005 5707 1113 5776 alio
1131 5706 1338 5772 scripto
1360 5705 1427 5758 de
1456 5707 1680 5776 jejuniis
1709 5707 1759 5759 in
1784 5720 1882 5776 eo:

318 5776 440 5830 dem
461 5773 664 5846 codice
689 5813 726 5846 ,_
759 5789 840 5846 p.“
879 5774 1026 5846 165A:
1062 5775 1139 5846 Τῇ
1171 5773 1466 5846 παραμονῇ
1509 5773 1605 5830 τοῦ
1641 5775 1878 5846 Χριστοῦ

319 5791 440 5830 uem
476 5791 704 5838 eoutce,
759 5791 810 5843 p.
879 5791 1026 5828 10a:
1070 5791 1122 5843 ι,
1171 5791 1462 5846 παραμονῃ
1511 5793 1605 5830 του
1641 5791 1878 5846 λριστου

319 5844 620 5912 γεννήσεως
646 5843 738 5900 καὶ
774 5843 881 5900 τῶν
913 5844 1078 5914 ἁγίων
1107 5791 1441 5912 Βεοφανείων
1465 5849 1680 5919 νήστεις
1703 5846 1880 5916 διατη-

1987 5493 2210 5568 ροῦμεν,
2235 5497 2329 5568 καί
2349 5496 2424 5568 οὐ
2451 5495 2796 5568 καταλύομεν
2821 5494 3001 5549 ἔλαιον
3029 5496 3062 5565 ἣ
3098 5494 3306 5568 ίχούας,
3325 5495 3483 5562 ἐκτὸς
3513 5501 3566 5554 εἰ

1985 5566 2191 5634 τύχωσι
2224 5566 2485 5636 Σαϐὄάτῳ
2520 5567 2551 5635 ἢ
2585 5566 2862 5636 Κυριακῇ.

2057 5638 2104 5710 (_l
2119 5637 2170 5703 7)
2205 5635 2470 5710 Scribitur
2511 5637 2806 5710 aliquando
2832 5635 3000 5710 etiam»
3026 5635 3349 5710 ngeccp.__Sic
3383 5648 3564 5694 autem

1985 5705 2207 5769 dicitur,
2241 5707 2367 5773 quia
2400 5719 2531 5761 tunc
2579 5709 2944 5760 admonentur
2975 5707 3160 5759 ﬁdeles
3225 5705 3291 5759 de
3334 5717 3567 5763 venturo

1980 5775 2188 5843 jejunio
2219 5777 2394 5846 Super
2425 5778 2526 5831 hac
2566 5777 2844 5846 Dominica
2867 5783 2924 5846 et
2960 5776 3300 5833 hebdomada
3328 5778 3566 5837 Allatius

1984 5848 2203 5903 dissert.
2229 5845 2352 5902 mo:
2386 5846 2625 5913 citanda,
2656 5847 2757 5904 col.
2790 5845 2924 5900 HM
2950 5861 3064 5916 seq.
