4102 6374
565 383 702 447 1009

1819 383 1882 445 s.
1918 377 2318 442 THEODORI
2354 359 2705 440 's'rumm

3717 353 3856 416 1700

561 505 686 554 dam
750 501 819 553 ita
873 497 1405 568 tI-ausigimus,,scd
1472 507 1535 552 ut
1589 495 1956 566 irreligiosum
2019 493 2154 548 illud

2278 492 2577 557 ἱια)ύεται,“
2596 489 2713 544 ἀλλ’
2737 487 2827 541 ἵνα
2851 485 2999 548 ’ὅπως
3020 482 3083 534 τὸ
3114 479 3276 534 ἄθεον
3309 477 3490 529 ἐκεῖνο
3520 471 3703 568 δόγμα
3737 470 3859 522 δια-

564 595 758 662 dogma
811 591 1140 662 explodatur
1171 590 1536 662 impurissimi
1575 589 1721 644 Petri
1768 588 2152 642 Armeniorum

564 684 829 754 episcopi,
875 699 1038 754 quem
1081 683 1444 754 Lycopetrum
1483 681 1642 752 vulgo
1688 681 1902 736 dicunt.
1943 678 2157 748 Quippe

567 776 658 831 ille
713 778 877 846 plane
932 777 1258 830 Inaledictus
1307 774 1505 845 dogma
1557 773 1754 830 statuit
1787 773 2156 828 sectatoribus

567 869 706 928 suis.
741 877 801 922 ut
834 869 978 922 hanc
1033 866 1434 921 hebdomadam
1478 880 1576 919 ceu
1609 873 1856 920 sanctam
1897 865 2160 920 observa-

568 969 692 1011 rent
721 967 912 1019 totam,
942 966 1166 1028 propter
1199 957 1387 1026 lupum
1442 957 1630 1011 nescio
1657 971 1818 1026 quem
1856 957 2156 1026 pessimum

569 1060 624 1104 et
649 1052 1092 1105 abominabilem.
1122 1047 1235 1104 Nos
1258 1065 1390 1104 vero
1421 1048 1510 1104 Dei
1542 1050 1699 1120 plebs
1733 1051 1959 1104 liberam
1983 1060 2159 1104 tOIam

571 1144 951 1212 transigimus,
982 1144 1052 1198 ob
1087 1143 1305 1197 illorum
1357 1159 1479 1197 cum
1519 1159 1619 1197 suo
1667 1144 1980 1212 irreligioso
2021 1143 2162 1199 stul-

575 1247 737 1306 teque
782 1238 1034 1304 dogmate
1078 1235 1484 1290 refutationem.
1541 1234 1800 1290 Testatur
1840 1245 2023 1290 autem
2061 1235 2164 1288 ali—

573 1329 698 1382 cubi
733 1329 975 1395 ipsorum
1010 1327 1406 1382 absurditatem
1455 1345 1686 1397 magnus
1718 1327 1881 1382 etiam
1917 1329 1970 1381 in
2003 1328 2164 1381 theo-

583 1421 727 1491 logia
757 1420 1150 1492 Gregoriussic
1171 1421 1189 1451 ¹
1220 1439 1232 1476 :
1267 1419 1422 1474 Haud
1457 1421 1685 1489 simplex
1715 1421 1847 1474 mihi
1882 1427 2163 1488 comperta

572 1523 659 1568 est
701 1515 1090 1567 Armeniorum
1145 1529 1302 1582 gens,
1346 1513 1439 1568 sed
1484 1513 1754 1567 latebrosa
1799 1523 1853 1566 et
1892 1512 2160 1578 subdola;

574 1607 778 1676 quibus
813 1606 993 1660 verbis
1026 1607 1220 1660 horum
1252 1605 1411 1658 [idem
1447 1620 1548 1660 ceu
1574 1604 1888 1659 obvolutam
1917 1605 2160 1676 sugillat.

2255 586 2391 657 λυθῇ
2445 584 2541 638 τοῦ
2585 579 2945 653 παμϐεϐήλου
3001 575 3210 646 Πέτρου
3276 568 3584 622 ἐπισκόπου
3643 564 3852 657 Ἀρμε-

2255 656 2386 732 νίων
2411 677 2548 748 (18),
2578 675 2638 730 ὂν
2663 673 2760 728 καὶ
2794 669 3144 739 Λυκόπετρον
3171 660 3313 719 οἶδεν
3344 663 3373 716 ό
3407 660 3569 727 λόγος⁵
3633 656 3857 748 καλεῖν.

2259 746 2512 831 Ἐκεῖνος
2533 765 2716 819 τοίνυν
2743 764 2772 816 ὁ
2803 759 3245 832 τρισκατάρατος
3271 750 3642 823 ἐνομοθέτησε
3679 746 3862 815 δόγμα

2256 863 2373 924 τοῖς
2402 859 2550 929 αύτῷ
2580 853 2992 923 συνεπομένοις,
3025 851 3114 903 ἵνα
3135 849 3234 919 τὴν
3254 845 3350 900 νῦν
3379 840 3657 912 ἑϐδομαδα
3677 837 3856 907 ἁγνὴν

2259 953 2442 1005 πᾶσαν
2473 946 2827 1018 διατηρῶσιν,
2849 944 2940 997 διά
2972 958 3120 1004 τινος
3150 939 3318 991 λύκου
3357 935 3470 1006 (19)
3510 929 3711 986 σκαιοῦ
3769 930 3866 983 καὶ

2265 1041 2684 1115 μυσαρωτὰτου.
2711 1039 2904 1108 Ἡμεῖς
2923 1036 2982 1089 δὲ
3009 1036 3037 1088 ὁ
3062 1032 3157 1087 τοῦ
3180 1031 3388 1102 Κυρίου
3415 1028 3545 1090 λαὸς
3565 1024 3866 1115 διαλύομεν

2263 1114 2466 1194 πᾶσαν,
2491 1133 2628 1202 πρὸς
2665 1129 2980 1200 ἀνατροπὴν
3005 1127 3232 1180 ἐκείνων
3285 1123 3382 1175 καὶ
3415 1119 3515 1172 τοῦ
3555 1117 3727 1172 ἀθέου
3766 1114 3866 1168 καὶ

2261 1227 2492 1296 ἀνοήτου
2556 1225 2851 1294 δόγματος.
2905 1217 3308 1288 Συμμαρτυρεῐ
3359 1230 3462 1266 που
3507 1210 3722 1264 τούτων
3765 1208 3867 1276 τὴν

2262 1318 2742 1388 ἁπανθρωπότητα
2770 1314 2864 1367 καὶ
2891 1312 2919 1364 ὁ
2946 1314 3005 1364 ὲν
3037 1309 3292 1379 θεολογία
3329 1307 3508 1378 μέγας
3547 1300 3866 1375 Γρηγόριος

2262 1412 2438 1480 λέγων
2473 1426 2490 1442 ·
2516 1409 2633 1479 Ούχ
2665 1405 2870 1462 ἁπλοῦν
2899 1405 3060 1473 γένος
3087 1401 3329 1472 εὑρίσκω
3359 1398 3472 1452 τῶν
3511 1393 3862 1467 Ἀρμενίων,

2265 1507 2404 1563 ἀλλὰ
2431 1505 2632 1577 μᾶλλον
2659 1502 2903 1574 κρυπτὸν
2942 1517 3002 1553 τε
3021 1501 3117 1552 καὶ
3144 1497 3348 1568 ὕφαλον
3380 1494 3527 1560 (20)ο
3561 1493 3866 1559 διακωμφο

2265 1601 2373 1654 δῶν
2401 1599 2605 1652 τούτων
2643 1597 2744 1665 τὴν
2775 1595 2874 1666 τῆς
2914 1593 3156 1654 πίστεως
3189 1589 3530 1658 ύφαλότητα.
3579 1582 3864 1644 Ὡσαύτως

579 1699 843 1753 Similiter
875 1708 929 1754 et
968 1698 1022 1752 in
1061 1699 1400 1754 hebdomada
1436 1698 1785 1768 caseoprivii.
1823 1705 1946 1767 post
1975 1699 2164 1751 horam

2278 1691 2366 1746 καὶ
2387 1690 2487 1763 τὴν
2510 1689 2612 1760 τῆς
2641 1683 3099 1761 τυροαποθέσεως
3125 1676 3404 1748 ἑϐδομάδα
3429 1672 3865 1740 διαλύομενκαὶ

577 1809 780 1846 nonam
842 1807 1005 1847 caseo
1051 1801 1105 1846 et
1150 1792 1272 1847 ovis
1327 1793 1627 1854 vescimur,
1665 1793 1818 1845 utab
1853 1791 2023 1862 impio
2056 1791 2161 1844 ritu

2278 1787 2438 1855 αὐτὴν
2462 1785 2602 1857 μετὰ
2629 1785 2727 1854 τὴν
2759 1782 2990 1846 ὲννόιτην
3043 1778 3125 1839 είς
3151 1773 3316 1845 τυρὸν
3345 1773 3442 1825 καὶ
3482 1768 3588 1834 ea,
3635 1767 3869 1869 ἴνζὰναο

578 1883 898 1937 recedamus
936 1881 1312 1936 Jacobitarum
1363 1891 1417 1937 et
1471 1881 1906 1937 Tetraditarum.
1945 1882 2079 1937 Nam
2111 1883 2166 1938 in

2278 1883 2561 1952 τρέφωμεν
2595 1877 2695 1949 τὴν
2729 1873 2969 1942 δυσσεϐῆ
3005 1868 3310 1941 θρησκείαν
3337 1865 3448 1919 τῶν
3524 1859 3868 1952 ’Ῑακωὸιτῶν

581 1975 914 2046 tyrophagize
967 1974 1330 2039 hebdomada,
1399 1976 1606 2030 idcirco
1664 1975 1814 2028 vetiti
1865 1992 2080 2039 smnus,
2109 1989 2170 2030 ut

2278 1949 2367 2030 καὶ
2384 1949 2732 2044 ’Τετραδιτῶν
2756 1967 2902 2039 (21)·
2934 1963 3076 2033 αὕτη
3103 1961 3285 2014 τοίνυν
3313 1959 3347 2026 ή
3370 1954 3688 2046 τυροψάγος
3715 1949 3865 2046 ἑϐδο-

578 2081 682 2134 ego
707 2066 966 2129 arbitror,
999 2081 1030 2120 a
1070 2068 1276 2121 sanctis
1308 2065 1564 2120 Patribus
1586 2080 1754 2120 carne
1781 2067 1947 2129 vesci,
1986 2066 2069 2120 vel
2099 2066 2169 2121 ob

2278 2068 2418 2139 μὰς,
2459 2042 2533 2128 dt;
2580 2062 2758 2132 ἔγωγε
2787 2055 2966 2129 οἶμαι,
2998 2051 3250 2122 ἐκωλύθη
3270 2050 3363 2104 τοῦ
3407 2047 3483 2119 μὴ
3521 2044 3731 2100 ἐσθίειν
3771 2042 3867 2139 al.3-

491 2209 495 2212 .
582 2157 874 2212 mouastici
927 2156 1137 2211 ordinis
1179 2159 1528 2224 memoriam,
1578 2158 1662 2213 vel
1693 2158 1765 2212 ob
1797 2166 1986 2230 typum
2013 2174 2171 2214 novae

581 2263 843 2319 puraeque
874 2250 997 2304 vitae
1021 2251 1417 2305 exhibendum.

652 2428 708 2483 9.
736 2427 858 2482 Jam
878 2427 933 2482 in
947 2437 1140 2484 sancta
1164 2443 1475 2500 magnaque
1491 2415 1910 2500 quadragesima
1934 2431 2098 2487 semel
2117 2431 2171 2486 in

582 2519 674 2574 die
711 2522 1008 2584 vescimur,
1058 2523 1191 2577 hora
1240 2539 1407 2588 nona,
1474 2531 1529 2576 et
1565 2524 1790 2592 quidem
1827 2523 2020 2587 aridis,
2078 2532 2176 2578 aut.

583 2615 750 2668 etiam
802 2614 1172 2683 leguminibus
1228 2616 1441 2686 absque
1477 2616 1640 2682 oleo;
1695 2633 1874 2687 neque
1906 2617 2037 2671 vino
2068 2618 2176 2671 uti-

588 2715 733 2770 mur,
765 2719 995 2776 excepto
1024 2705 1264 2761 Sabbato
1292 2717 1345 2762 et
1374 2707 1461 2762 die
1493 2706 1801 2763 Dominico.
1821 2708 2176 2764 Comedimus

586 2807 643 2852 et
681 2813 843 2853 omne
874 2815 1048 2870 genus
1074 2807 1466 2866 testaceorum,
1499 2807 1553 2854 et
1584 2800 1806 2855 ossibus
1844 2801 2173 2867 carentium,

586 2901 641 2946 et
667 2892 1020 2959 salsamenta,
1056 2893 1431 2948 indubitanter
1459 2909 1474 2946 :
1503 2893 1686 2962 pisces
1709 2909 2053 2964 nequaquam
2083 2911 2179 2964 per

590 2981 695 3036 hoc
749 2992 1000 3039 sanctum
1047 2983 1344 3055 jejunium,
1402 2993 1632 3055 excepto
1693 2982 1954 3051 Sabbato,
2007 2997 2062 3041 et
2092 2987 2180 3041 die

589 3077 895 3147 palmarum
931 3077 1238 3143 Dominico.
1279 3079 1348 3133 ad
1386 3078 1656 3134 honorem
1692 3079 1813 3148 ejus
1845 3081 1940 3150 qui
1982 3081 2179 3151 ajeju-

2271 2135 2369 2232 τὴν
2399 2158 2536 2231 κρέα
2567 2155 2671 2210 ὑπὸ
2693 2153 2801 2208 τῶν
2836 2150 3007 2219 ἁγίων
3044 2143 3408 2218 Πατέρων.δι’
3433 2140 3752 2232 ἀνάμνησιν
3767 2135 3864 2232 τῆς

2275 2226 2576 2321 μοναίικῆς
2596 2242 2873 2313 rdiisch
2903 2239 2991 2296 διὰ
3014 2238 3192 2293 τύπου
3219 2235 3322 2307 τῆς
3349 2233 3480 2297 νέας
3500 2230 3598 2285 καὶ
3617 2226 3866 2290 καθαρᾶς

2273 2341 2552 2403 πολιτείας
2588 2337 2728 2416 (22).

2253 2455 2263 2479 ι
2345 2432 2412 2488 θ’.
2437 2432 2550 2502 Τὴν
2577 2431 2633 2484 δὲ
2649 2407 2812 2497 ἁγίαν
2840 2426 2938 2481 καὶ
2969 2421 3214 2494 μεγάλην
3239 2412 3695 2489 τεσσαρακοστὴν
3721 2407 3869 2502 ἅπαξ

2275 2500 2528 2593 ἐσθίομεν
2571 2523 2674 2592 τῆς
2701 2519 2918 2589 ἡμέρας
2973 2517 3033 2568 ὲν
3060 2516 3127 2585 τῇ
3183 2513 3228 2566 θ’
3269 2505 3636 2580 ξηροφαγίαν,
3694 2502 3729 2572 ἥ
3775 2500 3870 2553 καὶ

2274 2618 2480 2688 ὄσπρια
2505 2614 2633 2668 ἄνευ
2661 2610 2844 2664 ἐλαίου
2863 2626 2878 2640 ο
2913 2606 3040 2661 οὔτε
3071 2602 3241 2668 οἶνον,
3264 2599 3442 2674 πάρεξ
3460 2596 3756 2688 Σαϐὃὰτου
3773 2593 3872 2647 καὶ

2278 2687 2596 2779 Κυριακῆς·
2629 2703 2885 2774 ἐσθίομεν
2924 2718 2984 2753 τε
3035 2697 3132 2752 καὶ
3163 2687 3870 2779 ὀστρακοδέρματα

2277 2775 2614 2855 ἀνόστεάήτε
2666 2793 2762 2848 καὶ
2801 2785 3041 2862 ταρύχια
3090 2784 3521 2845 ὰνενδοιάστως·
3569 2777 3767 2849 ἰχθύας
3813 2775 3870 2828 δὲ

2277 2896 2530 2967 οὐδαμῶς
2551 2893 2808 2962 ἐσθίομεν
2831 2888 2930 2959 τὴν
2980 2885 3146 2956 ἁγίαν
3190 2882 3361 2952 αὐτὴν
3413 2875 3702 2967 νηστείαν,
3725 2872 3868 2941 πλὴν

2278 2993 2346 3062 τῇ
2372 2965 2557 3060 ἡμέρᾳ.
2583 2985 2678 3040 τοῦ
2713 2971 3220 3047 Σαϐϐἁτου,καὶ’τῇ
3240 2973 3498 3044 Κυριακῇ
3531 2969 3646 3022 τῶν
3680 2965 3870 3036 βαῖων,

2280 3061 2361 3146 είς
2394 3080 2550 3145 δόξαν
2565 3078 2660 3132 τοῦ
2678 3075 3034 3136 κατελθόντος
3058 3074 3122 3125 ὲκ
3151 3069 3256 3140 τῆς
3307 3063 3584 3136 νηστείας,
3617 3061 3716 3114 καὶ
3742 3076 3868 3112 συν·-

589 3171 685 3226 ιιὶο
709 3170 958 3234 vcniens,
983 3171 1235 3226 convivio
1269 3171 1517 3226 interfuit
1545 3180 1671 3241 post
1705 3171 1901 3226 Lazari
1941 3174 2175 3229 suscita-

2283 3173 2660 3235 εσθιασθὲντος
2714 3170 2809 3224 ἐπὶ
2873 3168 2939 3236 τῇ
2981 3163 3078 3218 τοῦ
3126 3162 3380 3233 Λαζάρου
3409 3153 3734 3227 ὲγέρσειοῆ
3780 3149 3872 3204 καὶ

589 3263 794 3318 tionem
822 3281 835 3317 :
867 3264 955 3318 vel
993 3263 1218 3318 omnino
1250 3264 1439 3328 etiam,
1481 3265 1607 3334 quia
1633 3273 1686 3320 et
1718 3265 1833 3320 haec
1861 3281 1966 3319 una
1993 3273 2079 3320 est
2117 3267 2186 3322 de

593 3355 770 3410 sacris
800 3355 1010 3410 Christi
1055 3355 1524 3412 solemnitatibus.
1555 3357 1627 3411 At
1662 3357 1807 3411 enim
1849 3367 2040 3412 sancta
2069 3374 2186 3414 ma-

594 3462 699 3519 gna
746 3446 1082 3502 hebdomada
1130 3447 1302 3517 jejuni
1331 3449 1558 3502 omnino
1591 3459 1927 3518 perstamus.
1971 3450 2016 3506 si
2058 3451 2181 3506 lieri

594 3547 794 3610 potest,
820 3541 1028 3608 absque
1050 3539 1215 3593 etiam
1243 3539 1367 3593 oleo
1396 3549 1451 3593 et
1479 3539 1644 3605 vino;
1675 3540 1782 3595 nisi
1824 3543 1970 3611 quod
2001 3543 2052 3595 in
2090 3558 2188 3598 no-

596 3640 791 3686 cturna
817 3631 999 3702 vigilia
1034 3640 1238 3687 sanctae
1270 3631 1567 3701 passionis,
1603 3633 1843 3689 bibimus
1870 3634 2076 3706 aliquid
2113 3636 2186 3692 ob

598 3725 974 3778 necessitatem
1027 3742 1089 3781 ac
1135 3726 1404 3782 laborem.
1439 3726 1721 3797 Jejunium
1774 3732 1977 3800 pariter
2012 3748 2188 3802 usque

599 3816 666 3870 ad
717 3833 1000 3886 vesperam
1061 3834 1261 3889 magno
1315 3821 1555 3876 Sabbato
1614 3821 2024 3884 contiuuamus,
2061 3825 2185 3888 hoc,

599 3907 848 3977 iuquam,
881 3911 1001 3964 solo
1055 3912 1223 3967 totius
1255 3913 1386 3966 anni
1411 3912 1682 3967 'Sabbato.
1733 3915 1804 3967 At
1846 3931 1976 3970 vero
2015 3925 2186 3970 totum

599 4001 973 4056 diaczeuesimi
1035 4003 1155 4074 (lat.
1213 4003 1266 4056 in
1311 4004 1474 4072 albis)
1533 4004 1932 4060 hebdomadam
1977 4006 2190 4075 jejunio

601 4090 829 4146 liberam
866 4093 1102 4159 agimus,
1140 4094 1207 4147 ad
1239 4093 1502 4148 honorem
1542 4094 1660 4160 ejus
1689 4096 1782 4165 qui
1816 4112 1917 4151 nos
1942 4097 2186 4151 vivifica-

601 4183 823 4238 vitFilii
856 4185 973 4239 Dei.
1007 4183 1161 4252 Quod
1191 4185 1236 4240 si
1273 4186 1398 4255 quis
1429 4186 1480 4240 in
1510 4187 1613 4241 hac
1633 4187 1776 4240 haud
1815 4189 2191 4244 indubitanter

600 4279 874 4341 comedat,
907 4278 1000 4332 sed
1028 4277 1252 4347 judaice
1305 4279 1512 4334 tristem
1548 4294 1608 4334 se
1641 4288 1818 4348 gerat,
1864 4290 2188 4336 sanctorum

598 4370 823 4426 Patrum
854 4370 1187 4425 anathemati
1214 4371 1560 4440 subjiciatur.

675 4461 763 4516 10.
794 4461 864 4516 At
901 4462 1046 4516 enim
1098 4476 1129 4516 a
1168 4465 1410 4516 secunda
1466 4460 1694 4516 Thomae
1742 4461 1914 4529 (dom.
1947 4461 2003 4516 in
2025 4460 2190 4532 albis)

2285 3267 2559 3340 ἁριδὴλως
2585 3264 2662 3328 ὡς
2723 3262 2822 3334 μία
2855 3259 2993 3314 οὖσα
3027 3257 3122 3312 καὶ
3154 3255 3293 3325 αὐτὴ
3345 3253 3456 3307 τῶν
3495 3247 3592 3304 τοῦ
3629 3244 3869 3318 Χριστοῦ

2287 3339 2450 3415 οείων
2484 3355 2713 3429 ἑορτῶν.
2761 3353 2876 3422 Τὴν
2909 3351 2964 3404 δὲ
2991 3350 3155 3418 ἁγίαν
3188 3345 3437 3418 μεγάλην
3463 3341 3744 3410 ἑϐδομώδα
3777 3339 3871 3408 νη-

2289 3469 2434 3516 στεις
2467 3450 2686 3512 πάντως
2710 3443 3097 3516 διατηρούμεν,
3139 3442 3187 3494 εί
3213 3437 3442 3493 δυνατὸν
3463 3477 3479 3500 ,
3508 3431 3638 3488 οὔτε
3669 3431 3870 3494 ἔλαιον.

2286 3541 2409 3601 ούτέ
2441 3539 2605 3606 οἶνον,
2651 3537 2827 3610 πάρεξ
2849 3539 2917 3609 τῇ
2971 3531 3254 3604 ἀγρυπνίᾳ
3304 3529 3416 3582 τῶν
3450 3526 3627 3594 ἁγίων
3659 3523 3872 3587 παθῶν,
3899 3571 3904 3576 .

2291 3640 2438 3693 πίειν
2475 3654 2527 3688 τι
2551 3633 2688 3705 πρὸς
2713 3635 2812 3702 τὴν
2836 3628 3029 3701 χρείαν
3057 3627 3148 3680 διὰ
3169 3625 3263 3678 τὸν
3303 3622 3476 3676 κόπον
3496 3636 3512 3650 °
3545 3618 3755 3689 ὁμοίως
3778 3618 3872 3684 vi}-

2290 3746 2438 3792 στεις
2485 3727 2592 3790 ἕως
2625 3723 2724 3785 ὀψὲ
2773 3721 2852 3794 τῷ
2907 3718 3130 3791 μεγάλῳ
3177 3715 3448 3784 Σαὸὁάτῳ
3475 3712 3872 3781 διατηροῦμεν,

2289 3821 2438 3890 αύτῷ
2471 3816 2569 3872 καὶ
2606 3815 2773 3886 μόνῳ,
2813 3809 3078 3865 ούποτοῦν
3117 3807 3262 3878 ἄλλῳ
3315 3804 3394 3874 τῷ
3447 3803 3558 3872 ὅλῳ
3593 3798 3835 3868 ἐνιαυτῷ
3857 3812 3873 3827 ο

2288 3914 2389 3982 τὴν
2417 3911 2474 3966 δέ
2493 3927 2558 3980 γε
2586 3908 2806 3963 ἃπασαν
2833 3903 3105 3975 ἑϐδομάδα
3133 3902 3233 3972 τῆς
3275 3895 3710 3965 διακαινησίμου
3737 3892 3875 3960 (:25),

2290 4005 2583 4074 διαλύομεν
2639 4000 2734 4054 καὶ
2766 3997 2938 4069 αὐτὴν
2973 3997 3053 4059 είς
3085 3994 3246 4058 δόξαν
3274 3991 3368 4044 τοῦ
3425 3987 3877 4072 ζωοποιήσαντος

2292 4094 2582 4170 ήμᾶςΥἱοῦ
2607 4093 2700 4148 τοῦ
2721 4091 2888 4146 Θεοῦο
2917 4090 2966 4143 εί
2998 4089 3057 4142 δέ
3086 4105 3172 4151 τις
3198 4087 3298 4140 οὐκ
3321 4083 3492 4137 ἐσθίει
3515 4079 3694 4170 αὐτὴν
3719 4079 3877 4132 ἀνεν-

2291 4169 2577 4253 δοιάστως,
2626 4185 2762 4241 ἀλλὰ
2794 4181 3082 4244 ίουδαῖκῶς
3135 4173 3576 4248 σκυθρωπάζων,
3623 4169 3709 4241 τῷ
3743 4172 3877 4223 ἁνα-

2293 4283 2491 4353 θέματι
2526 4277 2771 4334 πιπτέτω
2799 4274 2906 4330 τῶν
2939 4274 3114 4343 ἁγίων
3145 4269 3429 4339 Πατέρων.

2369 4466 2422 4514 ι’.
2461 4457 2596 4512 Ἀπὸ
2648 4455 2707 4508 δὲ
2738 4457 2839 4526 τῆς
2871 4454 2915 4524 β’
2944 4450 3041 4506 τοῦ
3098 4449 3274 4521 Θωμᾶ
3317 4403 3609 4520 ἀρχόμεθα
3659 4459 3875 4514 μνημο-

602 4553 898 4623 incipimus
929 4553 1218 4608 defunctos
1273 4552 1474 4609 fratres
1522 4569 1985 4620 commemorare,
2019 4563 2074 4608 et
2103 4553 2175 4615 fe-

2289 4553 2466 4609 νεύειν
2491 4552 2601 4605 τῶν
2637 4547 3070 4618 κεκοιμημένων
3124 4543 3395 4612 ἀδελφῶν,
3433 4538 3531 4594 καὶ
3576 4533 3875 4606 διατηροῦο

603 4645 704 4698 riis
760 4653 956 4714 quarta
996 4654 1051 4698 et
1107 4653 1256 4698 sexta
1317 4643 1710 4698 abstinentiam
1761 4643 2122 4699 observamus
2153 4661 2185 4700 a

603 4751 770 4790 carne
799 4746 854 4790 et
888 4751 1073 4802 caseo.
1112 4733 1504 4791 Verumtamen
1535 4746 1788 4804 quartam
1831 4735 2023 4791 feriam
2071 4735 2187 4790 Me-

605 4838 1017 4898 sopentecostes
1040 4829 1218 4884 visum
1252 4839 1332 4884 est
1379 4829 1661 4883 nonnullis
1685 4838 1811 4883 ante
1853 4843 1954 4882 nos
1982 4827 2186 4883 sanctis

606 4916 890 4992 lfatrihus,
924 4927 1217 4990 propterea
1253 4920 1402 4990 quod
1440 4928 1524 4975 est
1565 4918 1889 4975 solemnitas
1943 4917 2185 4984 Domini,

681 5038 698 5068 ‘
727 5035 881 5093 Orat.
907 5053 1060 5104 XLIII,
1091 5036 1179 5093 17.

2295 4660 2395 4715 μεν
2411 4646 2477 4714 ,ἐν
2504 4644 2570 4713 τῇ
2598 4642 2641 4695 δ’
2675 4640 2769 4693 κα)⁵
2795 4646 2849 4705 ς’
2883 4640 2966 4701 εἰς
2994 4636 3137 4708 κρέα
3184 4634 3281 4687 καὶ
3333 4634 3415 4696 εἰς
3437 4631 3630 4699 τυρόν,
3679 4629 3796 4698 τὴν
3821 4626 3877 4678 δέ

2291 4755 2356 4808 γε
2409 4733 2647 4804 τετράδα
2681 4731 2784 4799 τῆς
2817 4725 3348 4798 Μεσοπεντηκοστῆς
3376 4719 3726 4808 ,(ἳιιχέδοξέ
3770 4735 3877 4770 τισι

2289 4805 2400 4881 τῶν
2424 4825 2532 4896 πρὸ
2553 4820 2711 4894 ἡμῶν
2741 4820 2914 4889 ἁγίων
2950 4817 3210 4887 Πατέρων
3236 4853 3252 4880 ,
3301 4813 3392 4866 διὰ
3417 4812 3480 4865 τδ
3505 4805 3653 4864 εἶναι
3683 4810 3876 4862 δεσπο-

2291 4919 2475 4991 τικὴν,
2537 4915 2634 4971 καὶ
2675 4913 2766 4968 διὰ
2805 4911 2966 4967 τοῦτο
2993 4911 3054 4964 τὸ
3107 4907 3466 4980 παράδειγμα
3491 4902 3755 4957 διαλῦσαι
3781 4900 3879 4954 αύ-

2105 5113 2359 5184 ΝΟΜ).

677 5223 790 5294 (18)
831 5223 905 5278 De
959 5223 1065 5278 hoc
1117 5222 1504 5279 Armeniorum
1556 5223 1788 5293 jejunio,
1841 5223 1931 5279 cui
1982 5235 2183 5294 nomen

2357 5217 2470 5286 (ἓὲ)
2501 5213 2704 5271 Confer
2743 5213 2954 5286 Callisti
2979 5207 3366 5286 Sy‘naxarium,
3397 5216 3499 5286 ne_c
3535 5215 3654 5286 qua
3671 5200 3879 5286 ,Βοίδι-

609 5272 1396 5357 m-I‘ifil’uf-iinﬁ“EIoEté"irii€I¥
1417 5272 1824 5350 S'I'ios‘"tﬁiiiiés
1846 5272 2187 5348 λίῑείῐιὶξῇέ
2284 5272 2503 5345 ηιόιιρὶη
2539 5287 2694 5357 apud
2723 5285 2980 5357 Allatium
3009 5272 3230 5357 dissert.
3259 5273 3505 5357 cit.nco|._
3547 5272 3716 5328 Mil.

615 5366 901 5422 Dominicis
922 5374 973 5418 et
1009 5364 1165 5436 hebd.
1188 5362 1514 5436 Gra'corum,
1542 5376 1666 5436 post
1693 5381 1833 5436 opus
1861 5367 1934 5419 De
1955 5378 2188 5418 consen-

607 5457 673 5493 su
713 5437 932 5490 dissert.
967 5437 1072 5489 col.
1103 5435 1245 5490 1515
1275 5451 1431 5504 seqq.

2356 5359 2471 5434 (22>)
2537 5344 2910 5434 l‘lebdomada,
2949 5368 3090 5434 quae.
3123 5355 3317 5404 festum
3348 5344 3881 5434 (Dascbmjproxilme

2287 5415 2557 5499 sequitur,
2579 5498 2586 5499 ί
2608 5427 2810 5499 dicitur
2847 5415 3287 5499 διάκάινήσιμος,
3339 5415 3485 5484 quod
3515 5431 3752 5495 onomen
3785 5415 3881 5499 ba-

682 5484 1072 5576 (iej'L'dimHi'
1102 5484 1255 5570 dicit,
1277 5484 1407 5575 'diii'
1437 5519 1627 5558 canem
1688 5503 1861 5574 Sergii
1913 5503 2192 5560 haeresiar-
2287 5484 2406 5576 huit
2433 5515 2498 5553 ex
2531 5484 2733 5576 Christi
2767 5484 3194 5576 resurrectione,
3223 5484 3565 5576 .qua‘otnnia
3594 5495 3882 5576 gemmata

609 5579 728 5635 chac
758 5578 1059 5631 devmavit.
1112 5578 1275 5630 Allat.
1319 5576 1542 5636 dissert.
1574 5579 1668 5627 cit.
1702 5577 1804 5630 col.
1837 5575 1994 5630 t’4l8.

705 5647 885 5718 Ξολῐη
908 5648 1112 5704 codicis
1159 5648 1404 5718 margine
1429 5645 1605 5715 glossa
1635 5654 1759 5702 est:
1798 5645 2002 5716 ὕφαλον
2039 5643 2192 5713 λέγει

608 5719 669 5772 τὸ
693 5717 1101 5788 λανθανόμενον.

681 5787 796 5857 (21)
833 5787 1126 5842 Ita’etiam
1191 5787 1530 5856 Nicephorus
1574 5787 1882 5856 patriarcha
1945 5804 2066 5842 can.
2120 5787 2190 5841 55

593 5858 759 5928 apud
782 5857 1013 5916 Cotelcr.
1043 5873 1133 5930 op.
1166 5859 1258 5915 cit.
1291 5867 1332 5913 ι.
1369 5858 1456 5914 111.
1487 5859 1542 5914 d.
1577 5860 1701 5916 449.

2299 5571 2542 5640 fuerunt.
2575 5568 2648 5622 Ila
2684 5576 2909 5640 sanctus
2939 5555 3309 5640 _Eplplittllltl_§
3353 5570 3522 5640 serm.
3571 5555 3664 5640 με
3679 5555 3880 5640 Ριιςειιἴ

2312 5641 2400 5693 Ἐν
2448 5639 2620 5710 ταύτῃ
2671 5635 2893 5699 καινοὺς
2935 5627 3175 5702 ἐπήξατο
3225 5633 3294 5700 τῇ
3348 5627 3524 5680 κτίσει
3569 5628 3740 5700 ὄρους
3792 5627 3884 5680 καὶ

2297 5712 2515 5849 “lg-2)“
2535 5783 2608 5836 De
2627 5779 3096 5849 Mesopentccoste
3121 5770 3354 5828 Allatius
3387 5772 3612 5827 dissert.
3646 5770 3748 5827 cit.
3774 5767 3881 5824 col.

2297 5851 2455 5907 1459.
