4102 6374
265 357 286 422 1
299 355 396 424 701

1457 362 1917 427 CATECHESIS
1951 359 2357 422 CIIRONICA.

3405 357 3547 425 I702

263 473 366 543 τήν
395 469 531 541 (25).
565 471 779 544 Ὥσπερ
801 472 934 540 γοῦν
957 476 986 522 ὁ
1007 474 1243 547 Χριστὸς
1265 475 1415 541 λίθος
1447 479 1848 548 ἀκρογωνιαῖος

1951 475 2018 530 ad
2043 475 2210 545 lmjus
2243 475 2388 528 ritus
2414 486 2674 528 normam
2702 472 3026 544 transigere.
3050 472 3206 528 Sicut
3232 489 3364 544 ergo
3383 474 3546 530 Clu-i-

265 561 484 631 λέγεταί
506 580 564 615 τε
587 563 682 616 καὶ
711 563 882 631 ἐστιν,
918 567 1014 620 καὶ
1041 567 1180 637 ὁμοῦ
1207 568 1308 633 τὰς
1339 568 1434 622 δύο
1462 569 1736 642 διαθήκας
1767 573 1850 638 εἰς

264 655 324 708 ἒν
359 657 670 721 συνάπτων,
703 655 877 721 οὕτως
906 659 1000 711 καὶ
1033 659 1068 730 ἡ
1104 659 1360 732 παροῦσα
1397 662 1586 734 ἡμέρα
1621 663 1850 718 ἐπισυν-

265 749 428 803 άπτει
486 751 584 814 τήν
626 767 688 803 τε
745 750 1063 816 ἀνάστασιν,
1102 753 1198 805 καὶ
1245 752 1344 824 τὴν
1387 753 1482 808 τοῦ
1529 756 1852 827 Πνεύματος

266 843 613 914 ὲπιφοίτησιν
634 864 649 875 ·
676 845 774 900 καὶ
795 845 1144 916 ἐπιφαίνεται
1173 850 1569 923 χαρμόσυνοςή
1603 851 1699 906 νῦν
1729 853 1852 924 ἑορ-

264 937 334 1008 τὴ
360 937 456 991 τοῦ
484 938 846 1006 Μονογενοῦς,
893 941 972 1003 ὡς
1003 941 1174 1013 μέσον
1222 943 1479 1015 θεότητός
1523 963 1584 999 τε
1631 950 1728 1001 καὶ
1753 949 1853 1002 ἀν-

267 1027 615 1100 θρωπότητος
645 1031 810 1094 αὐτὸς
829 1031 1193 1104 δοξαζόμενος
1223 1035 1319 1088 καὶ
1342 1038 1848 1109 προσκυνούμενος·

264 1119 354 1172 διά
379 1137 462 1174 τοι
493 1120 654 1175 τοῦτο
682 1122 734 1176 οἰ
771 1123 876 1194 πρὸ
910 1124 1068 1194 ήμῶν
1098 1126 1270 1197 αὐτὴν
1301 1127 1696 1194 ἀνενδοιάστως
1725 1132 1850 1202 ἐόρ-

263 1209 429 1273 ταζόν
479 1227 537 1264 τε
564 1213 660 1264 καὶ
691 1211 774 1275 εἰς
806 1216 914 1268 πᾶν
947 1215 1148 1270 ἐσθίον.
1191 1215 1309 1270 Νῦν
1339 1216 1398 1270 δὲ
1427 1219 1456 1270 ὁ
1488 1220 1704 1291 χωρῶν,
1739 1239 1851 1294 χω-

268 1302 434 1372 ρείτω
465 1303 523 1356 ἐν
548 1302 748 1376 ταύτῃ,
779 1307 828 1359 εἰ
882 1307 1110 1362 δυνατόν
1151 1308 1298 1380 (Ξ6)⁶
1333 1309 1434 1381 τὴν
1464 1311 1522 1364 δέ
1581 1329 1646 1382 γε
1687 1315 1852 1370 πάλιν

264 1393 540 1465 ἑϐδομάδα
567 1395 666 1450 τοῦ
704 1397 862 1466 ἁγίου
920 1400 1259 1472 Πνεύματος,
1294 1401 1587 1474 διαλύομεν
1627 1407 1726 1460 καὶ
1754 1408 1852 1462 αύ-

263 1486 364 1557 τὴν
396 1489 478 1550 εἰς
512 1489 643 1555 πᾶν,
697 1489 787 1543 διὰ
829 1489 930 1562 τὴν
974 1493 1070 1546 τοῦ
1120 1495 1441 1567 Πνεύματος
1480 1498 1848 1569 ὲπιφοίτησιν.

265 1578 603 1653 ’Ὠσπερῖγάρ
631 1583 713 1635 δεῖ
740 1583 954 1653 χαίρειν
971 1586 1068 1640 ἐπὶ
1091 1590 1158 1660 τῇ
1185 1589 1281 1643 τοῦ
1307 1590 1438 1644 Υἰοῦ
1465 1593 1852 1663 γεννήσει,καὶ

265 1673 361 1726 ἐπὶ
380 1675 445 1745 τῇ
478 1675 669 1728 τούτου
713 1675 966 1748 ζωοποιῷ
1011 1679 1342 1750 ἀναστάσει,
1392 1683 1473 1737 δεῖ
1503 1685 1718 1758 χαίρειν
1759 1688 1852 1742 καὶ

266 1765 360 1819 ἐπὶ
385 1769 450 1837 τῇ
483 1767 576 1820 τοῦ
607 1768 924 1840 Πνεύματος
944 1771 1176 1843 καθόδῳ.

341 1865 429 1916 ια’.
462 1861 627 1914 Ἵστω
651 1861 707 1914 δέ
742 1879 836 1932 μοι
869 1865 997 1928 πᾶς,
1029 1865 1112 1918 ὅτι
1159 1867 1214 1919 αἰ
1248 1868 1348 1938 μὲν
1378 1863 1476 1923 οὖν
1510 1872 1666 1940 τρεῖς
1694 1871 1850 1925 ἐϐδο-

269 1951 718 2023 μάδες,δηλονότι
744 1958 844 2026 τῆς
875 1959 1208 2028 γεννήσεως,
1231 1963 1328 2014 καὶ
1345 1961 1444 2032 τῆς
1474 1963 1846 2031 ἀναστάσεως,

267 2043 363 2097 καὶ
390 2045 485 2114 τῆς
527 2046 622 2098 τοῦ
649 2047 808 2116 ἁγίου
839 2049 1155 2120 Πνεύματος
1180 2053 1613 2126 ἐπιφοιτήσεως,⁶
1641 2059 1722 2122 εἰς
1752 2059 1851 2112 τύ-

265 2153 368 2188 πον
398 2136 466 2190 ἂν
518 2137 649 2208 ἡμῖν
693 2139 1072 2216 εἴληπτανατῆς
1123 2143 1442 2218 ζωαρχικῆς
1464 2148 1560 2201 καὶ
1585 2167 1850 2221 τρισυπο⁴

268 2227 469 2282 στάτου
490 2231 740 2300 Τριάδος.
762 2235 828 2287 Αἱ
862 2235 920 2288 δὲ
951 2236 1072 2306 μετ’
1103 2237 1273 2302 αύτάς
1304 2240 1396 2293 δύο
1423 2241 1524 2310 τῆς
1556 2245 1851 2314 προφωνῆς

264 2321 362 2375 καὶ
401 2321 504 2392 τῆς
531 2323 1007 2393 τυροαποθέσεως,
1062 2329 1152 2384 διά
1211 2347 1272 2383 τε
1318 2331 1418 2396 τάς
1468 2336 1727 2404 αἱρέσεις,
1782 2337 1852 2402 ἃς

263 2412 472 2467 ἄνωθεν
499 2413 828 2484 εἰρήκαμεν,
855 2415 1005 2480 ὅπως
1026 2417 1102 2490 μὴ
1141 2421 1504 2491 συνεπόμενοι
1553 2424 1846 2495 φαίνοιμεν

261 2506 382 2568 ταῖς
405 2503 514 2558 τῶν
551 2506 859 2576 εἰρημένων
886 2508 1281 2576 ἀνοσιωτάταις
1313 2513 1711 2581 διδασκαλίαις.
1734 2520 1848 2590 Τὴν

260 2596 320 2650 δέ
360 2613 426 2666 γε
458 2598 734 2668 νηστείαν,
772 2600 806 2672 ἢ
834 2601 930 2654 καὶ
951 2602 1059 2656 τῶν
1105 2605 1421 2661 ἀποστόλων
1441 2611 1846 2682 κηρυττομένη,

260 2689 628 2760 διατηροῦμεν
657 2692 732 2754 ὡς
753 2692 847 2746 καὶ
871 2693 970 2762 τῆς
994 2695 1230 2766 Χριστοῦ
1269 2700 1578 2770 γεννήσεως
1608 2703 1665 2753 ἐν
1685 2705 1751 2773 τῇ
1779 2703 1846 2771 β’,

261 2778 325 2842 δ’,
359 2787 414 2844 ς’
433 2795 448 2810 ·
479 2779 578 2851 τὴν
602 2779 658 2833 δὲ
693 2782 908 2854 ἡμέραν
934 2785 1046 2837 τῶν
1076 2787 1396 2842 ἀποστόλων
1429 2791 1538 2844 τῶν
1559 2791 1704 2864 δυοῆ
1735 2794 1846 2848 τῶν

259 2869 470 2924 δώδεκα
493 2873 555 2926 ού
573 2872 866 2944 διαλύομεν
885 2877 966 2940 εἰς
999 2878 1139 2948 κρέα
1169 2880 1264 2932 καὶ
1303 2881 1383 2944 είς
1423 2881 1608 2954 τυρὸν,
1631 2885 1678 2936 εἰ
1704 2884 1843 2958 τύχῃ

260 2964 303 3017 δ’
326 2962 376 3036 ῆ’
410 2971 488 3031 ς’,
517 2965 696 3038 ἀλλ’ἢ
757 2970 920 3037 μόνον
957 2969 1148 3040 ἰχθύας
1177 2971 1273 3026 καὶ
1310 2972 1512 3030 ἔλαιον.
1567 2975 1846 3042 Ὡσαύτως

261 3055 358 3108 καὶ
397 3056 496 3126 τὴν
527 3057 628 3128 τῆς
657 3057 926 3112 Θεοτόκου
974 3062 1234 3130 νηστείαν
1291 3063 1692 3136 διατηροῦμεν·
1749 3069 1847 3122 καὶ

260 3145 582 3242 αύτήνᾼτὴν
610 3151 830 3222 ἡμέραν
882 3151 984 3222 τῆς
1021 3155 1508 3227 μεταμορφώσεως
1553 3159 1845 3242 διαλύομεν
1873 3181 1917 3238 C

261 3239 343 3302 εἰς
385 3238 575 3308 ἰχθύας
601 3242 696 3295 καὶ
744 3242 925 3298 ἔλαιον
947 3261 962 3276 °
993 3247 1044 3299 εἰ
1072 3246 1169 3300 καὶ
1205 3247 1317 3302 ἔδει
1363 3249 1620 3304 διαλῦσαι
1674 3239 1848 3326 αὐτὴν

261 3327 640 3400 ἀλλοτρόπως,
662 3332 804 3386 άλλά
831 3333 921 3389 διὰ
943 3335 1040 3407 τὴν
1078 3339 1340 3408 νηστείαν
1377 3341 1710 3399 κεκώλυται.
1735 3343 1848 3416 Τὴν

263 3419 322 3472 δὲ
352 3420 522 3492 αὐτὴν
551 3423 766 3494 ἡμέραν
804 3426 904 3496 τῆς
941 3427 1104 3494 ἁγίας
1121 3433 1436 3502 κοιμήσεως
1459 3437 1559 3506 τῆς
1584 3453 1850 3506 παναμω-

269 3513 448 3583 μήτου
475 3513 568 3566 καὶ
591 3513 962 3588 Θεομήτορος,
990 3521 1038 3572 εἰ
1061 3520 1199 3592 τύχῃ
1231 3522 1272 3574 δ’
1297 3523 1330 3594 ἦ
1367 3531 1442 3592 ς’,
1466 3527 1528 3579 ού
1557 3527 1851 3600 διαλύομεν

266 3605 349 3668 εἰς
384 3605 545 3677 κρέα,
572 3607 606 3678 ἢ
633 3610 715 3672 εἰς
746 3609 930 3677 τυρὸν,
960 3611 1048 3666 διὰ
1085 3615 1146 3666 τὸ
1203 3616 1346 3685 μέγα
1381 3618 1568 3686 θαῦμα
1594 3621 1691 3674 καὶ
1729 3640 1852 3692 φρι-

265 3695 396 3748 κτὸν
423 3696 518 3750 τοῦ
553 3697 860 3770 παραδόξου
883 3700 1073 3756 τούτου
1111 3703 1308 3760 ὕπνου.
1337 3709 1402 3761 Oi
1433 3709 1544 3780 γὰρ
1575 3710 1709 3764 θεῖοι
1728 3714 1852 3766 τότε

265 3785 364 3838 τοῦ
393 3787 646 3860 Σωτῆρος
687 3790 1000 3859 ἀπόστολοι,
1049 3794 1125 3858 ὡς
1167 3795 1403 3866 ε’ύρομεν
1433 3801 1490 3852 ἐν
1521 3804 1635 3865 τοῖς
1685 3801 1854 3869 θείοις

272 3879 674 3950 συγγράμμασι
708 3881 1026 3954 Κλήμεντος
1042 3885 1136 3940 τοῦ
1179 3887 1487 3959 Ῥωμαίου,
1519 3895 1671 3964 τρεῖς
1703 3895 1846 3966 πλή-

273 3987 390 4040 ρεις
413 3972 628 4042 ἡμέρας
669 3975 750 4047 τῷ
775 3977 934 4049 τάφῳ
982 3980 1388 4050 προσμένοντες
1437 3981 1599 4054 ἦσαν,
1651 3987 1758 4050 ἕως
1790 3980 1854 4042 οὗ

268 4061 376 4114 ὑπὸ
409 4061 556 4116 θείου
582 4065 818 4134 ἀγγέλου
849 4069 911 4120 τὸ
938 4071 1046 4123 πᾶν
1077 4071 1397 4143 ἐμυήθησαν
1427 4074 1563 4145 (27).
1605 4078 1692 4131 Ἐν
1715 4078 1774 4132 δέ
1789 4095 1854 4148 γε

269 4157 338 4224 τῇ
379 4155 629 4228 ἀποτομῇ
663 4157 759 4211 τοῦ
794 4159 942 4213 θείου
992 4163 1340 4234 Προδρόμου,
1391 4167 1441 4218 εἰ
1466 4165 1604 4238 τύχῃ
1635 4166 1676 4220 δ’
1711 4168 1744 4239 ἢ
1777 4175 1852 4236 ς”

267 4247 331 4297 ού
362 4246 656 4318 διαλύομεν
707 4249 968 4315 ὡσαύτως
1025 4253 1338 4322 (28),νδιότι
1371 4257 1468 4311 καί⁹
1501 4258 1642 4331 αὐτὴ
1689 4260 1854 4329 φόνον

269 4338 487 4393 ἀνόσιον
525 4342 618 4395 καὶ
646 4341 877 4397 θάνατον
910 4346 1271 4417 ἐπιφέρουσα.

1951 575 2073 623 stus
2127 567 2332 622 dicitur
2373 573 2429 620 et
2479 574 2565 620 est
2603 565 2886 634 angularis
2929 564 3092 634 lapis,
3142 572 3197 619 et
3248 576 3546 637 utrumque

1953 666 2342 733 testamentum
2403 655 2768 727 coniungens,
2824 655 2900 710 ita
2957 655 3048 712 hic
3093 657 3214 712 dies
3258 658 3546 729 conjungit

1953 749 2414 805 resurrectionem
2447 763 2571 802 cum
2609 746 2851 817 Spiritus
2887 749 3124 804 adventu
3159 767 3174 803 :
3208 759 3543 819 apparetque

1952 841 2076 896 laeta
2111 843 2225 896 haec
2264 840 2586 896 solemnitas
2644 838 2946 911 Unigeniti,
3003 840 3096 908 qui
3145 849 3204 896 ut
3238 841 3543 895 divinitatis

1952 945 2008 989 et
2051 935 2407 990 humanitatis
2456 933 2726 990 mediator
2773 935 3116 1006 gloriﬁcatur
3150 942 3208 989 et
3247 935 3537 991 adoratur.

1951 1027 2250 1099 PrOpterea
2297 1029 2538 1098 majores
2573 1028 2751 1084 nostri
2812 1028 2987 1097 ipsam
3023 1027 3401 1083 indubitanter
3444 1043 3539 1082 so-

1953 1122 2188 1177 lemnem
2256 1122 2549 1184 habebant,
2611 1130 2667 1176 et
2727 1121 2979 1191 quolibet
3036 1121 3162 1176 cibo
3223 1121 3536 1175 utebantur.

1925 1213 2109 1276 ,Nune
2139 1230 2266 1271 vero
2294 1214 2388 1285 qui
2430 1215 2578 1283 capit
2607 1214 2792 1284 capiat
2821 1214 2874 1268 in
2906 1215 3030 1278 hac,
3070 1213 3116 1268 si
3147 1221 3348 1283 potest.
3393 1212 3540 1266 Rur-

1953 1323 2052 1364 sus
2122 1309 2294 1363 sancti
2363 1321 2585 1378 quoque
2652 1306 2894 1376 Spiritus
2945 1306 3340 1361 hebdomadam
3400 1305 3541 1360 libe-

1954 1417 2073 1456 ram
2136 1400 2363 1454 omnino
2428 1399 2716 1464 habemus,
2777 1407 3004 1467 pr0pter
3055 1397 3293 1468 Spiritus
3337 1398 3542 1452 adven—

1956 1501 2094 1548 tum.
2139 1491 2278 1546 Nam
2328 1491 2490 1550 sicuti
2531 1490 2826 1545 laetandum
2862 1500 2948 1543 est
2978 1489 3030 1543 in
3080 1488 3200 1542 Filii
3234 1489 3538 1554 nativitate,

1949 1565 2011 1641 et
2038 1585 2090 1639 itt
2123 1585 2369 1655 ejusdem
2423 1584 2643 1638 viviﬁca
2691 1583 3121 1648 resurrectione,
3157 1582 3232 1636 ita
3279 1583 3442 1637 etiam
3485 1583 3540 1636 in

1957 1677 2200 1748 Spiritus
2231 1677 2500 1732 descensu
2530 1676 2878 1746 gaudendum
2906 1684 3012 1730 est.

2025 1854 2112 1909 M.
2142 1851 2344 1909 Omnes
2373 1865 2557 1908 autem
2599 1867 2813 1906 mecum
2837 1861 3166 1920 agnoscant,
3195 1859 3308 1907 tres
3333 1852 3543 1908 hebdo-

1954 1949 2143 2001 madas
2176 1947 2387 2002 scilicet
2426 1945 2750 2010 nativitatis,
2796 1946 3243 2008 resurrectionis,
3279 1957 3334 2000 et
3365 1945 3541 2002 sancti

1951 2037 2188 2106 Spiritus
2233 2037 2524 2101 adventus,
2578 2035 2633 2090 in
2675 2043 2862 2106 typum
2915 2051 3036 2090 esse
3081 2047 3395 2105 assuntptas
3443 2054 3544 2093 su—

1949 2131 2432 2198 persubstantialis
2464 2127 2782 2194 Trinitatis,
2820 2145 2943 2197 qua:
2965 2137 3019 2183 et
3046 2129 3169 2184 vitae
3197 2131 3378 2184 onmis
3413 2130 3542 2185 forts

1949 2231 2054 2276 est.
2094 2221 2164 2276 At
2188 2222 2330 2286 duae,
2366 2231 2490 2290 post
2520 2221 2641 2288 has,
2688 2221 3044 2276 hebdomadas
3091 2223 3543 2290 proclamationis

1952 2314 2449 2386 (septuagesimae)
2504 2324 2558 2368 et
2619 2314 2942 2384 caseoprivii
2999 2314 3542 2386 (quinquagesimae),

1947 2417 2174 2477 propter
2226 2407 2573 2476 supradictas
2612 2406 2872 2471 haereses,
2938 2406 3143 2461 liberas
3194 2408 3437 2478 agimus,
3471 2424 3541 2463 ne

1947 2497 2234 2554 videamur
2259 2496 2648 2565 prazdictorum
2679 2497 2881 2551 sectari
2912 2496 3412 2566 irreligiosissimas
3441 2497 3544 2550 do-

1948 2589 2180 2644 ctrinas.
2242 2589 2417 2643 Porro
2444 2587 2736 2658 jejunium,
2791 2591 2936 2658 quod
2968 2591 3132 2644 etiam
3169 2590 3544 2658 apostolorum

1947 2680 2173 2768 dicitur,
2228 2679 2614 2744 observamus,
2665 2663 3134 2752 quemadmodum
3167 2681 3373 2738 Christi
3402 2695 3545 2752 q-uo-

1948 2791 2056 2847 que
2113 2775 2438 2843 nativitatis,
2499 2776 2652 2831 feriis
2694 2776 2962 2842 secunda,
3007 2787 3202 2848 quarta
3267 2788 3321 2832 et
3363 2787 3543 2834 sexta.

1950 2871 2206 2925 Attamen
2251 2869 2340 2924 die
2395 2869 2772 2938 apostolorum
2830 2870 3072 2925 duorum
3131 2871 3215 2924 vel
3251 2869 3546 2926 duodecim

1948 2979 2113 3018 carne
2147 2978 2256 3017 non
2289 2961 2495 3016 utimur
2530 2976 2712 3031 neque
2757 2977 2946 3027 caseo,
2978 2963 3024 3019 si
3063 2961 3201 3019 forte
3232 2964 3305 3018 sit
3334 2973 3540 3034 quarta

1947 3056 2036 3109 vel
2069 3063 2223 3109 sexta
2253 3055 2411 3120 feria,
2460 3053 2556 3109 sed
2602 3053 2851 3124 piscibus
2907 3064 3120 3110 tantum
3161 3065 3216 3110 et
3249 3055 3393 3112 oleo.
3420 3055 3546 3111 Pari

1949 3149 2167 3203 ratione
2214 3147 2460 3218 Deipara:
2501 3148 3020 3218 quoquejejuniutn
3052 3149 3414 3204 observamus
3449 3167 3463 3203 :
3493 3157 3551 3204 et

1953 3240 2069 3309 ipso
2098 3239 2187 3295 die
2221 3239 2728 3309 transﬁguratiouis
2767 3239 3013 3310 piscibus
3045 3248 3099 3294 et
3146 3240 3269 3296 oleo
3305 3242 3544 3297 utimur:

1949 3341 2004 3388 et
2028 3347 2344 3402 quanquam
2389 3332 2534 3387 hunc
2562 3333 2723 3386 aliter
2765 3331 3074 3402 transigere
3122 3341 3422 3402 oporteret,
3462 3335 3551 3388 tti-

1950 3423 2252 3478 hilominus
2307 3424 2362 3478 id
2419 3439 2516 3494 per
2564 3424 2840 3494 jejunium
2894 3433 3134 3480 vetatur.
3176 3423 3277 3481 Ast
3309 3426 3430 3497 ipso
3457 3427 3548 3482 die

1950 3515 2300 3570 dormitionis
2321 3517 2686 3570 immaculata:
2715 3513 2985 3585 Deiparte,
3020 3515 3066 3571 si
3095 3517 3380 3586 conlingat
3413 3515 3549 3573 feria

1951 3619 2150 3677 quarta
2218 3607 2302 3662 vel
2359 3618 2536 3672 sexta,
2599 3623 2709 3662 non
2758 3608 2967 3662 utimur
3025 3625 3194 3664 carne
3243 3610 3327 3664 vel
3359 3625 3547 3674 caseo,

1952 3708 2176 3768 propter
2221 3714 2478 3769 magnum
2536 3699 2995 3770 tremendumque
3027 3702 3207 3756 somni
3255 3701 3422 3772 hujus
3449 3703 3551 3756 ad-

1955 3791 2188 3845 mirandi
2221 3793 2554 3863 prodigium.
2590 3793 2749 3848 Tunc
2789 3795 2936 3847 enim
2976 3794 3316 3850 venerabiles
3356 3794 3550 3849 Salva-

1953 3885 2090 3939 toris
2114 3885 2367 3953 apostoli,
2401 3895 2460 3940 ut
2496 3885 2552 3938 in
2578 3889 2754 3941 sacris
2780 3887 3006 3955 scriptis
3033 3887 3404 3956 comperimus
3428 3886 3552 3942 Cle-

1955 3981 2158 4032 mentis
2184 3975 2443 4043 Romani,
2475 3986 2588 4032 tres
2623 3979 2866 4046 integros
2902 3977 3034 4050 dies
3055 3978 3200 4048 apud
3233 3981 3548 4048 sepulcrum

1955 4076 2301 4132 manserunt,
2328 4069 2506 4124 donec
2535 4084 2566 4122 a
2597 4069 2722 4122 dive
2745 4069 2942 4139 angelo
2971 4068 3038 4122 de
3070 4083 3127 4122 re
3155 4077 3264 4122 tota
3289 4069 3551 4126 certiores

1955 4160 2084 4224 facti
2129 4160 2375 4216 fuerunt.
2417 4159 2475 4215 lu
2506 4161 2874 4216 decollatione
2914 4171 3097 4216 autem
3139 4162 3252 4216 divi
3301 4160 3552 4218 Praecur-

1958 4249 2124 4314 soris,
2158 4250 2206 4304 si
2233 4251 2355 4319 ejus
2407 4251 2672 4314 memoria
2702 4252 2999 4322 contigerit
3029 4261 3232 4322 quarta
3268 4253 3353 4308 vel
3386 4261 3545 4308 sexta

1956 4340 2116 4407 feria,
2169 4357 2324 4412 aeque
2371 4341 2645 4412 jejunium
2707 4357 2815 4397 non
2859 4343 3151 4410 solvimus,
3188 4345 3318 4411 quia
3349 4353 3405 4400 et
3433 4344 3550 4414 ipsa

1956 4434 2158 4490 caulem
2185 4434 2412 4506 impiam
2449 4450 2750 4506 necemque
2803 4436 2969 4490 menti
2997 4437 3229 4508 oggerit.

348 4511 436 4584 ιβ’.
467 4515 614 4580 Ἕως
658 4509 762 4572 ὦδε
819 4519 852 4592 ἡ
905 4521 1038 4592 παρ’
1068 4521 1226 4593 ἐμοῦ,
1263 4523 1506 4596 ἀδελφοὶ,
1539 4529 1852 4601 συγγραφὴ,

2032 4528 2122 4584 12.
2157 4527 2446 4601 llaetenus
2499 4544 2642 4593 mea,
2704 4527 2923 4594 fratres,
2982 4529 3275 4599 scriptura,
3331 4529 3550 4602 qualem

272 4607 342 4676 ἥν
371 4624 430 4660 τε
462 4609 703 4678 ἀνέγνων
731 4612 792 4665 ὲν
820 4613 929 4667 τῶν
981 4614 1360 4670 ἀποστολικῶν
1399 4618 1494 4671 καὶ
1527 4619 1701 4688 ἁγίων
1746 4623 1852 4675 Πα-

1963 4627 2075 4674 ιιιιιι
2113 4620 2166 4674 in
2192 4621 2624 4691 apostolicorum
2654 4633 3095 4691 sanctorumque
3119 4619 3344 4676 Patrum
3374 4623 3551 4678 sacris

273 4699 450 4771 τέρων
493 4701 659 4766 θείοις
701 4707 1098 4778 σνγγράμμασι
1139 4708 1236 4762 καὶ
1265 4710 1666 4782 ὲννομωτάτοις
1697 4715 1852 4770 κανό-

1961 4713 2120 4768 libris
2165 4724 2222 4768 et
2287 4714 2536 4784 apprime
2591 4713 2852 4784 legitimis
2882 4714 3228 4778 canonibus;
3263 4723 3427 4785 atque
3476 4715 3552 4770 ita

277 4807 353 4843 σι·
389 4793 484 4846 καὶ
533 4793 626 4847 τὸν
658 4797 758 4868 τῆς
787 4798 1098 4870 ὀρθοδοξίας
1125 4796 1274 4856 οἰκον
1309 4803 1543 4874 βεϐαίως
1582 4806 1852 4881 ᾠκοδομή-

1950 4806 2302 4874 ,οι·ι1ιοόοιίαι
2365 4807 2587 4862 domum
2646 4806 2878 4860 ﬁrmiter
2930 4797 3349 4875 aadiﬁcavimus,
3403 4807 3552 4878 quod

276 4905 476 4958 καμεν,
502 4888 530 4942 ὃ
553 4891 612 4957 ἐξ
643 4891 819 4962 ἀρχῆς
846 4896 874 4945 ὁ
900 4895 1056 4964 λόγος
1089 4896 1384 4970 ἐπιχειρῶν
1412 4899 1656 4973 ἰμείρετο
1678 4917 1692 4930 ·
1723 4901 1852 4974 θαρ-

1956 4899 2068 4969 jam
2102 4899 2230 4954 inde
2275 4899 2345 4954 ab
2379 4899 2610 4954 exordio
2645 4913 2830 4954 sermo
2853 4907 3041 4952 noster
3097 4898 3203 4954 sibi
3239 4899 3552 4955 faciendum

279 4976 360 5049 ῥῶ
412 4980 589 5033 τοίνυν
629 4981 840 5049 παγίως
879 4985 975 5037 καὶ
1027 4987 1311 5058 ἀραρότως
1360 4989 1439 5062 τῷ
1478 4991 1625 5062 μόνῳ
1658 4993 1752 5046 καὶ
1797 4995 1852 5048 ὲν

1966 5001 2347 5066 proposuerat.
2403 4991 2634 5047 Conﬁdo
2681 4991 2847 5061 igitur
2871 4991 3105 5046 ﬁrmiter
3151 4992 3424 5064 enixeque
3459 4994 3553 5048 uni

276 5071 458 5143 τριάδι
500 5078 962 5148 προσκυνουμένῳ
1008 5079 1246 5151 Θεῷ.ὃτι
1299 5083 1378 5148 εἰς
1436 5083 1750 5156 ὀρθοδοξίαν
1792 5085 1852 5140 τὸ

1960 5093 2016 5140 et
2045 5083 2099 5138 in
2135 5083 2404 5140 Trinitate
2439 5083 2665 5140 adorato
2703 5081 2832 5152 Deo,
2882 5098 2986 5140 nos
3017 5083 3203 5139 omnia
3230 5083 3321 5140 ad-
3358 5083 3552 5140 ortho-

1757 5265 1995 5324 ΝΟΤιιΕ.

351 5415 465 5483 (25)
507 5413 562 5468 ln
595 5415 845 5498 codice
875 5417 998 5498 162.
1029 5420 1085 5475 b.
1130 5420 1291 5498 Alius
1313 5431 1530 5498 auctor.
1587 5425 1862 5483 Studitam
1962 5445 2077 5492 τως
2113 5426 2259 5498 quod
2285 5427 2492 5484 dictum
2523 5426 2742 5483 videtur
2775 5427 2910 5482 mihi
2966 5427 3196 5497 pulchre
3249 5426 3548 5498 illuminari

281 5498 532 5570 nostrum
565 5491 764 5570 citatis,
789 5489 988 5570 de_hac
1031 5505 1226 5570 quarta
1248 5493 1403 5570 “feria
1453 5493 1863 5570 Mesopeuteco-
1961 5514 1994 5553 a
2027 5489 2256 5570 Did'ymo
2307 5501 2362 5552 in
2409 5499 2447 5554 ll
2495 5499 2564 5554 ad
2604 5498 2736 5554 Cor.
2766 5513 2885 5564 vut,
2942 5489 2998 5561 Ξ,
3039 5499 3183 5568 apud
3222 5513 3325 5552 nos
3356 5497 3422 5552 T.
3454 5496 3546 5554 ιν.

280 5569 393 5640 stes
429 5559 501 5611 ita
530 5559 772 5640 scriltiti
805 5559 1063 5640 Λύονςτες
1090 5565 1320 5640 sterteia
1341 5567 1442 5636 τὴν
1487 5559 1723 5640 τετράδα
1764 5569 1852 5638 τῆς

1967 5579 2109 5640 part.
2130 5559 2206 5634 ἰι,
2235 5586 2287 5640 ρ.
2326 5570 2450 5624 1'54.

281 5629 832 5710 ψεσοπεντηιερστῆς,
867 5631 1116 5710 καθὼς-ό
1161 5629 1420 5710 θεοφόρος
1464 5629 1654 5707 Πατὴρ
1709 5629 1852 5708 ἡμῶι

1967 5629 1987 5640 ’
2041 5640 2154 5710 (27)
2194 5629 2395 5696 lt'ecole
2416 5640 2562 5695 dicta
2597 5655 2628 5694 a
2687 5639 2845 5694 nobis
2871 5640 2936 5692 ad
2967 5653 3277 5693 sermonem
3320 5637 3360 5692 V
3417 5637 3549 5693 Stu-

281 5698 556 5781 Θεόδωρξς
587 5701 614 5750 ὁ
634 5699 897 5754 Στουδίων
934 5704 1250 5774 παρέδωκεν
1269 5698 1438 5777 ’ήμίν.
1605 5698 1635 5707 ”
1730 5698 1762 5708 ”

1967 5698 2094 5768 dita:
2117 5698 2290 5781 nostri
2316 5711 2506 5781 (supra
2531 5711 2636 5781 col.
2659 5710 2764 5764 725
2783 5718 2836 5763 et
2863 5710 3010 5774 727).

354 5768 468 5849 (‘26)
506 5767 712 5849 Nempe
743 5787 839 5841 qut
871 5767 1052 5849 potest
1079 5780 1264 5849 _t‘er_t'e.
1301 5767 1462 5841 l'erat,
1517 5778 1567 5830 id
1612 5788 1698 5835 est
1723 5779 1867 5849 jeju-

286 5847 408 5907 net;
439 5856 506 5895 ex
529 5839 716 5896 Matth.
743 5839 988 5899 κηλὶς
1020 5845 1050 5898 δ
1074 5845 1369 5920 δυνάμενος
1423 5839 1640 5922 χωρεῖν,
1673 5839 1871 5922 χωρεῖς

1967 5579 2109 5640 part.
2145 5585 2206 5634 ιι,

2041 5780 2157 5853 (28)
2189 5781 2261 5836 De
2298 5778 2864 5853 jejuniisGrazcorum
2909 5778 3370 5853 promittebatse
3404 5781 3545 5836 scri-

1971 5849 2195 5924 pturum
2227 5849 2618 5910 esSc‘Allatius
2642 5852 2695 5906 in
2726 5851 2952 5914 dissert.
2975 5849 3071 5906 cit.
3101 5851 3207 5906 col.
3239 5851 3399 5906 1460.
