4102 6374
535 351 675 412 1703

1724 359 1782 419 S.
1818 358 2210 422 THEODORI
2251 363 2596 424 STUDITIE

3647 366 3794 428 1⁸704

532 465 708 518 duxi-aa
755 467 994 537 regulam
1021 469 1456 540 conscripsisse;
1483 473 1570 526 cui
1603 474 1984 544 omnisgloria
2007 478 2106 532 de-

2222 480 2312 532 τᾶν
2351 479 2796 550 συνεγράψαμεν·
2837 473 2884 547 ᾧ
2930 482 3127 550 πρέπει
3177 479 3326 534 πᾶσα
3358 481 3661 554 δόξα,·ιιμὴ
3701 489 3796 538 καὶ

537 560 712 623 betur,
757 562 953 628 hortor,
1001 573 1162 634 atque
1199 565 1471 632 adoratio,
1509 567 1562 621 in
1611 569 1812 622 saecula
1873 571 2106 625 sacculo-

2222 573 2582 644 προσκύνησις
2613 575 2692 637 είς
2725 573 2853 637 τοὺς
2883 573 3082 636 αἰῶνας
3111 573 3222 626 τῶν
3246 572 3481 629 αἰώνων.
3525 575 3722 646 Ἀμήν.

537 669 678 706 rutn.
715 655 912 710 Amen.

651 867 1054 882 Ἢ

560 863 880 893 ω

883 867 1765 896 ___...___.__.=_______===

1685 1041 2644 1160 ΥΠΟΤΥΠΩΣΙΣ

835 1387 844 1400 ﬁ
909 1257 1689 1348 ΚΑΤΛΣΤΛΣΕΩΣ
1725 1264 1941 1350 ΤΗΣ
1981 1265 2372 1352 ΜΟΝΗΣ
2399 1267 2624 1356 ΤΩΝ
2654 1261 3212 1354 ΣΤΟΥΔΙΟΥ
3241 1254 3387 1350 (29).

1698 1625 2641 1755 DESCRIPTIO
3056 1784 3064 1794 .

954 1873 1981 1969 CONSTITUTIONIS
2037 1811 2781 1972 MONASTEllII
2855 1881 3314 1972 STUDII.

608 2251 659 2304 l.
693 2247 830 2304 Cum
906 2247 1090 2303 multa;
1155 2247 1494 2318 diversasque
1541 2250 1654 2306 sint
1698 2251 1752 2306 in
1788 2253 1962 2310 sacris
1993 2270 2111 2310 mo-
2139 2263 2186 2320 Β

537 2339 795 2396 nasteriis
811 2347 1230 2408 perseverantes
1257 2339 1560 2409 antiquitus
1588 2341 1932 2406 traditiones,
1955 2351 2120 2414 atque

536 2433 628 2486 alii
654 2432 777 2487 aliis
795 2441 1074 2501 regantur,
1097 2431 1224 2485 dum
1246 2431 1313 2486 ad
1338 2447 1564 2502 regnum
1584 2434 1848 2489 calorum
1869 2437 2118 2504 tendunt,

538 2524 1063 2590 constitutionibus;
1089 2540 1193 2578 una
1222 2531 1391 2578 estex
1413 2525 1674 2581 omnibus
1697 2534 1881 2582 nostra
1905 2544 2122 2599 quoque

539 2614 774 2668 stabilita
801 2614 1046 2675 traditio,
1077 2629 1241 2682 quam
1269 2615 1584 2684 accepimus
1638 2632 1669 2670 a
1705 2633 1908 2689 magno
1956 2619 2120 2676 Patre

539 2717 726 2760 uestro
752 2715 806 2760 et
828 2705 1145 2762 confessore
1173 2706 1500 2774 Theodoro;
1531 2723 1708 2778 neque
1757 2725 1856 2765 nos
1877 2721 2121 2766 tantum-

537 2802 721 2866 modo,
745 2816 930 2856 verum
947 2801 1111 2855 etiam
1137 2817 1264 2872 pars
1290 2818 1484 2872 magna
1511 2804 1798 2858 meliorum
1822 2809 2122 2861 monacho-

539 2908 663 2946 rum
698 2891 842 2946 hanc
871 2893 1103 2962 eligunt,
1129 2908 1230 2948 ceu
1255 2895 1518 2962 optimam
1548 2903 1604 2948 et
1630 2895 2046 2965 regalissimam,
2069 2903 2124 2952 et

538 3002 800 3042 excessus
827 2986 1184 3056 defectusque
1217 2987 1500 3044 vitantem.
1539 2987 1740 3058 Utique
1796 2999 1852 3044 et
1891 3004 1989 3045 nos
2022 2990 2122 3046 bo-

539 3079 628 3133 die
657 3079 836 3134 Patris
888 3079 1111 3148 impulsi
1143 3081 1454 3150 praeceptis,
1512 3090 1572 3135 ut
1624 3081 1767 3136 hanc
1812 3083 1864 3136 in
1917 3083 2121 3138 chartis

537 3171 808 3240 regulam,
843 3185 954 3239 quo
978 3170 1098 3240 ejus
1133 3171 1442 3226 indelebilis
1465 3172 1536 3227 sit
1568 3173 1854 3239 memoria,
1887 3173 2120 3242 posteris

539 3262 816 3328 aetatibus,
853 3277 954 3330 pro
1000 3262 1231 3326 viribus,
1275 3263 1675 3332 relinquamus,
1711 3264 1943 3318 docilem
1999 3266 2121 3318 ani-

539 3368 690 3406 mum
739 3351 1019 3417 ﬂeximus;
1081 3351 1193 3406 Deo
1247 3353 1478 3416 scilicet,
1539 3355 1780 3422 pastoris
1814 3354 1988 3407 nostri
2021 3369 2121 3424 pro

542 3441 701 3495 nobis
726 3441 1000 3510 precibus,
1026 3441 1184 3497 nobis
1207 3443 1541 3497 concedente
1571 3457 1870 3514 congruam
1905 3445 2117 3498 oratio-

540 3537 628 3588 nis
657 3547 994 3604 compagem,
1030 3534 1189 3588 itaut
1219 3535 1430 3605 integre
1459 3542 1514 3588 et
1549 3535 1756 3589 utiliter
1788 3551 1858 3591 ac
1884 3536 2120 3590 salubri-

2286 2255 2446 2330 [Cod.
2478 2261 2591 2310 vat.
2633 2251 2796 2321 2029,
2837 2251 2879 2306 f.
2914 2248 3063 2322 179.]
3111 2256 3180 2303 a'.
3232 2250 3452 2304 Πολλῶν
3493 2250 3676 2304 ὄντων
3705 2269 3798 2307 κα.

2220 2350 2492 2422 διαφόρων
2513 2349 2623 2402 τῶν
2651 2347 2710 2398 ἐν
2731 2347 2844 2408 τοῖς
2883 2346 3052 2420 ζεροῖς
3093 2343 3486 2414 μοναστηρίοις
3514 2361 3794 2416 κεκρατηο

2221 2441 2392 2493 κυιῶν
2423 2437 2632 2494 ἄνωθεν
2679 2436 3028 2506 παραδόσεων
3047 2474 3065 2500 ,
3100 2437 3195 2487 καὶ
3234 2434 3408 2487 ἄλλων
3446 2434 3647 2499 ἄλλαις
3673 2436 3798 2490 διοι-

2220 2531 2502 2603 κουμένων
2536 2547 2596 2584 τε
2627 2529 2724 2582 καὶ
2758 2528 3087 2598 ἰθυνομένων
3128 2525 3264 2598 πρὸς
3284 2527 3386 2598 τὴν
3415 2527 3526 2582 τῶν
3549 2529 3799 2600 οὐρανῶν

2223 2623 2500 2696 βασιλείαν
2537 2620 2941 2683 ὑποτυπώσεσι,
2967 2619 3065 2688 μία
3093 2619 3177 2682 τίς
3203 2621 3318 2672 ἐστι
3347 2619 3458 2672 τῶν
3481 2621 3686 2673 πασῶν
3710 2621 3800 2674 καὶ

2220 2718 2255 2788 ἡ
2291 2715 2416 2770 καθ’
2451 2715 2602 2785 ἡμᾶς
2633 2712 2912 2784 κρατοῦσα
2939 2711 3256 2782 παράδοσις,
3290 2711 3357 2782 ἣν
3377 2713 3798 2782 παρειλήφαμεν

2221 2809 2359 2878 πρὸς
2394 2805 2490 2860 τοῦ
2525 2805 2761 2877 μεγάλου
2787 2802 3000 2874 Πατρὸς
3033 2803 3188 2874 ἡμῶν
3211 2803 3305 2854 καὶ
3335 2803 3682 2873 ὁμολογητοῦ
3710 2801 3798 2856 τοῦ

2220 2893 2516 2964 Θεοδώρου·
2579 2893 2672 2946 καὶ
2713 2892 2812 2962 οὐχ
2866 2892 3029 2960 ἡμεῖς
3083 2891 3232 2960 μόνοι
3255 2931 3271 2956 ,
3327 2891 3467 2944 ἀλλὰ
3497 2892 3566 2961 δὴ
3625 2895 3723 2945 καὶ
3752 2894 3798 2945 οῖ

2221 2985 2443 3048 πλείους
2478 2984 2587 3037 τῶν
2635 2983 2907 3052 ἐγκρίτων
2945 2981 3224 3052 μοναστῶν
3253 2982 3459 3052 ταύτην
3487 2982 3796 3054 αἱροῦνται.

2219 3075 2292 3138 ὡς
2316 3075 2546 3145 ἀρίστην
2588 3092 2649 3128 τε
2689 3076 2785 3128 καὶ
2813 3073 3270 3142 βασιλικωτάτην,
3308 3073 3530 3138 καὶτὰς
3562 3075 3795 3146 ὑπερδο-

2220 3167 2319 3230 λάς
2352 3168 2448 3220 καὶ
2483 3166 2751 3236 ἐλλείψεις
2804 3164 3184 3220 ὲκκλίνουσαν.
3210 3164 3432 3236 Ἀμέλει
3486 3165 3586 3217 καὶ
3646 3166 3798 3234 ἡμεῖς

2223 3261 2462 3330 σήμερον
2513 3259 2811 3328 πατρικαῖς
2843 3257 3245 3328 προσαχθέντες
3297 3256 3563 3318 ἐντολαῖς,
3599 3256 3796 3326 ταύτην

2219 3353 2280 3406 ὲν
2301 3351 2530 3424 χάρταις
2567 3351 2646 3414 είς
2675 3350 2910 3418 άληστον
2959 3351 3181 3420 μνήμην
3213 3353 3330 3413 ταῖς
3375 3350 3684 3419 μετέπειτα
3712 3365 3795 3414 γε·

2220 3447 2371 3507 νεαῖς
2405 3443 2746 3506 καταλιπεῖν,
2781 3442 2857 3506 ὼς
2893 3444 2925 3513 ή
2957 3441 3212 3508 δύναμις,
3238 3441 3377 3510 πρὸς
3416 3441 3518 3510 τὴν
3552 3441 3798 3507 ὑπακοὴν

2220 3535 2446 3598 ἑαυτοὺς
2495 3534 2817 3605 καθήκαμεν
2841 3547 2855 3562 '
2890 3533 3027 3586 Θεοῦ
3057 3532 3258 3602 δηλαδὴ
3298 3532 3642 3600 παρέχοντος
3675 3532 3798 3600 ημῖν

542 3632 624 3676 ter
653 3623 939 3693 tlteophori
979 3623 1158 3678 Patris
1222 3625 1393 3679 nostri
1431 3624 1729 3680 constituta
1770 3640 2123 3694 exponamus,

2229 3630 2352 3687 ταῖς
2385 3625 2479 3680 τοῦ
2528 3627 2787 3696 ποιμένος
2834 3625 2973 3691 ὑπὲρ
3005 3623 3162 3695 ἡμῶν
3197 3625 3528 3694 προσευχαῖς
3571 3624 3678 3691 τὴν
3703 3640 3798 3675 κα-

545 3716 612 3769 ad
645 3716 873 3786 gloriam
899 3715 1078 3772 Patris
1102 3726 1153 3771 et
1189 3715 1311 3770 Filii
1342 3723 1397 3771 et
1433 3714 1673 3785 Spiritus
1699 3716 1896 3783 sancti,
1927 3726 2114 3772 custo-

2222 3718 2480 3787 τάλληλον
2512 3718 2762 3788 ἁρμογὴν
2804 3717 2906 3786 τῆς
2944 3716 3040 3770 τοῦ
3069 3717 3232 3784 λόγου
3264 3715 3592 3776 συνθέσεως,
3633 3717 3715 3778 ei;
3745 3713 3800 3766 τὸ

541 3809 798 3878 diamque
821 3819 874 3864 et
898 3809 1129 3864 salutem
1162 3809 1376 3864 illorum
1401 3807 1493 3878 qui
1529 3823 1654 3862 cum
1689 3808 1791 3863 fide
1823 3809 1964 3864 hanc
2014 3811 2115 3864 ob-

2222 3809 2476 3863 ὲκθέσθαι
2525 3810 2693 3877 ὑγιῶς
2743 3810 2812 3862 τὰ
2856 3808 3156 3880 ὀνησιφόρα
3196 3825 3255 3860 τε
3289 3809 3382 3860 καὶ
3431 3809 3682 3877 σωτήρια
3713 3805 3798 3858 τοῦ

541 3899 871 3954 servantiam
921 3899 1175 3969 amplecti
1206 3899 1498 3953 voluerint.
1528 3898 1696 3970 Igitur
1743 3899 1855 3955 Deo
1905 3897 2118 3956 favente

2223 3902 2484 3972 θεοφόρου
2507 3903 2720 3972 Πατρδς
2742 3901 2898 3972 ήμῶν
2919 3901 3250 3970 ἐντάλματα,
3292 3901 3372 3962 είς
3401 3899 3563 3965 δόξαν
3591 3899 3800 3968 Πατρὸς

539 3990 756 4045 initium
784 3991 1180 4048 lucubrationis
1206 3991 1498 4048 faciamus.

2222 3996 2319 4048 καὶ
2352 3993 2484 4047 Υἱοῦ
2515 3994 2610 4047 καὶ
2639 3993 2798 4062 ἁγίου
2831 3992 3168 4062 Πνεύματος,
3199 3991 3294 4044 καὶ
3334 3991 3590 4060 φυλακήν
3617 4008 3678 4043 τε
3712 3990 3800 4041 καὶ

541 4083 818 4152 σωτηρίαν
864 4084 970 4137 τῶν
1004 4083 1175 4137 ταῦτα
1213 4083 1352 4155 μετὰ
1397 4084 1636 4148 πίστεως
1665 4085 2116 4155 προαιρουμένων
2152 4085 2465 4156 φυλάττειν.
2502 4085 2684 4140 Ἔστω
2719 4087 2900 4139 τοίνυν
2953 4085 3096 4156 ἀρχὴ
3150 4083 3252 4154 τῆς
3304 4081 3616 4146 συντάξεως
3663 4081 3796 4149 αὕτη

543 4177 642 4228 σὺν
669 4173 808 4245 Θεῷ.

545 4266 820 4330 Quomodo
849 4282 943 4318 nos
973 4281 1212 4336 geramus
1257 4267 1310 4319 in
1339 4266 1630 4336 synaxibus
1676 4277 1878 4321 sancta;
1914 4276 1964 4320 et
2004 4269 2117 4337 glo-

620 4341 774 4389 riosa:
833 4337 1100 4391 triduana,
1140 4338 1545 4390 resurrectionis
1593 4337 1894 4393 Servatoris
1924 4340 2113 4392 nostri.

617 4407 694 4459 lle
723 4407 889 4476 ligno.
1245 4481 1250 4487 ί

615 4521 670 4574 2.
707 4520 1002 4576 Sciendum
1043 4531 1128 4577 est
1161 4521 1308 4591 quod
1359 4529 1637 4577 transacta
1669 4522 1848 4577 noctis
1877 4522 2118 4579 secunda

544 4613 814 4677 custodia,
851 4628 947 4668 seu
994 4621 1120 4682 post
1170 4613 1359 4667 horam
1391 4623 1622 4678 sextam,
1654 4613 1946 4683 incipiente
1992 4629 2119 4683 sep-

547 4701 701 4765 lima,
728 4712 846 4756 rato
876 4703 1181 4773 hynlrologii
1215 4711 1438 4772 puncto,
1463 4705 1764 4772 crepitante
1797 4705 1973 4775 signo,
2000 4719 2122 4758 sur-

549 4794 627 4858 git
659 4793 704 4846 is
734 4794 826 4861 qui
847 4793 1286 4860 exspergiscendi
1318 4791 1557 4847 ofﬁcium
1585 4793 1768 4857 habet,
1799 4802 1852 4847 et
1871 4793 2122 4848 cubicula

2223 4267 2426 4334 ’Ὅπως
2457 4267 2840 4335 διοικούμεθα
2879 4265 2951 4317 ἐν
2982 4264 3111 4328 ταῖς
3145 4261 3446 4335 συντάξεσι
3489 4258 3797 4335 τῆςργιιξς

2293 4339 2390 4392 καὶ
2403 4329 2675 4402 ’ἐνδόξου
2687 4329 3016 4404 ’τριημέρου
3039 4331 3432 4404 ἀναστάσεως
3462 4329 3572 4384 τοῦ
3605 4329 3794 4395 Σωτῆ-

2285 4425 2398 4477 ρος
2424 4407 2614 4476 ἡμῶν.
2645 4407 2784 4475 Περὶ
2811 4402 2918 4460 τοῦ
2954 4404 3146 4468 ξύλου
3181 4402 3314 4472 (50).

2297 4524 2362 4586 β’.
2413 4521 2608 4575 ’ἰστέον
2649 4520 2732 4573 ὅτι
2760 4519 2899 4589 μετὰ
2925 4517 2988 4592 to
3019 4515 3310 4585 παρελθεῖν
3337 4512 3603 4582 δευτέραν
3635 4510 3795 4580 φυλα-

2225 4613 2328 4684 κὴν
2357 4612 2458 4682 τῆς
2510 4609 2724 4673 νυκτὸς,
2759 4609 2880 4679 ἦτοι
2916 4608 3016 4678 τὴν
3069 4605 3121 4671 ς’
3157 4604 3326 4674 ὥραν,
3358 4603 3673 4673 ἀρχομένης
3701 4601 3795 4666 τῆς

2227 4701 2292 4768 ζ’,
2332 4700 2520 4755 πίπτει
2547 4699 2642 4753 τοῦ
2676 4697 2990 4769 ὑδρολογίου
3018 4696 3078 4749 τὸ
3123 4694 3430 4763 σύσσημον,
3457 4694 3557 4745 καὶ
3581 4695 3648 4763 τῇ
3676 4691 3796 4743 τοὺ-

2226 4809 2320 4847 του
2365 4792 2611 4861 σημασίᾳ
2642 4789 2914 4860 ἐγείρεται
2959 4789 2989 4840 ὁ
3024 4785 3390 4856 ἀφυπνιστὴς,
3441 4783 3543 4836 καὶ
3580 4782 3799 4852 περιέρ-

549 4883 806 4936 circutnit
833 4897 958 4936 cum
989 4883 1230 4949 lucerna,
1271 4882 1469 4937 fratres
1500 4884 1748 4939 excitans
1779 4885 1846 4938 ad
1897 4889 2121 4938 matuti-

2222 4902 2376 4956 χεται
2422 4883 2550 4946 τοὺς
2597 4881 2860 4944 κοιτῶνας
2901 4880 3040 4948 μετὰ
3091 4875 3300 4946 φανοῦ,
3352 4875 3795 4946 προτρεπόμενος

553 4990 674 5028 nam
703 4975 1068 5044 doxologiam.
1107 4975 1416 5046 Statimque
1439 4976 1584 5046 ligna
1613 4977 1747 5032 dant
1773 4978 1990 5047 signum
2024 4994 2120 5034 sus

553 5067 751 5134 deque,
807 5074 1046 5135 tuncque
1101 5069 1367 5124 fratribus
1406 5069 1620 5124 cunctis
1653 5069 1704 5122 in
1728 5070 1970 5124 ecclesia:
2006 5085 2121 5122 nar-

552 5161 710 5213 thece
733 5162 1095 5230 congregatis,
1129 5170 1328 5216 etcum
1364 5162 1581 5218 silentio
1609 5163 1912 5228 orantibus,
1940 5179 2122 5218 sacer-

554 5254 656 5308 dos
693 5253 1030 5308 thuribolurn
1065 5270 1229 5308 manu
1264 5265 1452 5310 tenens
1479 5257 1756 5311 thuriﬁcat
1803 5257 1978 5326 primo
2031 5273 2122 5311 sa-

554 5363 710 5402 crum
736 5347 916 5412 heroa,
949 5347 1144 5402 deinde
1169 5362 1235 5433 ea
1258 5348 1534 5404 anteriore
1571 5349 1814 5406 cancello
1846 5364 2122 5420 egressus,

2223 4978 2350 5042 τοὺς
2377 4976 2642 5045 ἀδελφοὺς
2667 4976 2748 5038 είς
2774 4972 3131 5038 ἐξανάστασιν
3175 4971 3274 5038 τῆς
3313 4967 3549 5046 ἑωθινῆς
3586 4966 3791 5031 δοξολο-

2226 5069 2372 5137 γίας’
2397 5067 2717 5135 σημαίνουσι
2743 5065 2803 5118 δὲ
2823 5061 3135 5134 παραυτίκα
3178 5063 3271 5114 καὶ
3303 5060 3369 5111 τά
3401 5057 3538 5123 ξύλα
3583 5060 3692 5111 ἄνω
3737 5073 3792 5106 τε

2229 5162 2324 5214 καὶ
2348 5161 2515 5213 κάτω·
2559 5161 2653 5212 καὶ
2687 5158 2795 5210 τῶν
2846 5155 3090 5221 ἀδελφῶν
3141 5153 3356 5204 πάντων
3395 5151 3795 5218 ἁθροιζομένων

2229 5255 2289 5306 ὲν
2331 5251 2411 5322 τῷ
2453 5250 2687 5320 νάρθηκι
2732 5247 2827 5301 τοῦ
2856 5244 3155 5315 Κυριακοῦ,
3211 5243 3304 5294 καὶ
3348 5239 3792 5309 προσευχομένων

2231 5346 2428 5416 ἡσυχῇ,
2459 5345 2488 5397 ὁ
2519 5341 2699 5411 ἱερεὺς
2733 5340 2796 5393 τὸ
2827 5338 3022 5409 πύριον
3064 5335 3205 5407 μετὰ
3239 5337 3425 5404 χεῖρας
3463 5333 3791 5400 ἐπιλαθόμε-

2065 5522 2297 5578 NOTAE.

534 5669 536 5671 ν
574 5649 740 5720 ’,(29)
773 5647 1162 5720 Ηγροιγροείηί
1183 5646 1524 5702 Stttditanam
1554 5650 1768 5718 appclat
1797 5649 2031 5703 Allatius
2062 5647 2113 5700 in

555 5716 776 5775 dissert.
805 5716 898 5775 cit.
927 5716 1032 5774 col.
1071 5719 1228 5773 “60.

630 5790 740 5861 (50)
773 5789 849 5846 De
889 5791 992 5846 hoc
1018 5790 1164 5861 ligno
1195 5790 1546 5856 scmanterio,
1579 5792 1813 5860 itemque
1842 5788 1908 5844 de
1967 5786 2118 5850 tuba,

2219 5641 2358 5710 apud
2389 5641 2605 5710 Gurges
2634 5639 2931 5710 prmscrtint
2955 5636 3277 5710 monachos,
3299 5635 3510 5710 legatur
3544 5628 3787 5710 cardina:

2222 5702 2291 5766 li's
2329 5711 2470 5764 Bona
2505 5702 2841 5776 Rernlilurg.
2877 5708 2968 5760 lih.
2999 5723 3034 5769 ι,
3065 5707 3156 5769 22,
3188 5708 3279 5776 qui
3308 5702 3370 5759 et
3392 5702 3578 5757 Allalii
3602 5702 3786 5752 recitat

2225 5781 2649 5850 descriptionem
2683 5774 2922 5848 prwilicti
2955 5774 3296 5832 semanterii.
