4102 6374
360 318 499 385 1ῖο5
1476 316 2130 382 CONSTITUTIONES
2169 310 2645 381 STUDITANIE.
3498 304 3666 371 1706-
3704 331 3721 401 νς

356 455 468 504 νος,
524 435 698 507 θυμιᾷ
757 432 974 508 πρῶτον
1016 430 1080 489 τὸ
1124 434 1270 505 ἱερον
1319 429 1507 502 βῆμαο
1562 432 1815 486 κάκεῖθεν
1871 431 1961 485 διὰ

2065 429 2261 486 transit
2288 442 2385 499 per
2407 423 2628 481 boreale
2654 422 2798 476 latus
2853 417 3066 489 templi,
3093 428 3298 475 etcum
3332 419 3400 473 ad
3426 422 3634 489 regium

353 530 457 598 τῆς
487 524 805 597 ἔμπροσθεν
850 524 1129 595 κιγκλίδος
1169 521 1425 590 ἐξελθὼν,
1459 522 1736 596 διέρχεται
1766 523 1832 576 τὸ
1862 521 1949 593 βό-

362 634 507 691 ρειον
537 617 688 671 κλιὸν
728 618 792 672 τὸ
826 617 921 671 τοῦ
950 616 1103 683 ναοῦ,
1141 617 1238 670 καὶ
1282 615 1499 684 φθάσας
1530 616 1631 686 τὴν
1664 614 1950 687 βασιλικὴν

359 710 562 781 πύλην,
596 709 770 781 θυμιᾷ
814 710 941 774 τοὺς
982 708 1270 778 ἀδελφοὺς,
1301 710 1396 763 καὶ
1422 707 1629 772 εὐθέως
1658 708 1951 778 ἀνατρέχει

361 800 453 854 διὰ
488 801 583 854 τοῦ
616 801 794 855 νοτίου
833 803 1031 871 μέρους
1060 799 1184 854 ὅθεν
1221 800 1466 872 ἐξῆλθεν·
1515 801 1570 853 οἵ
1618 816 1680 853 τε
1727 800 1950 868 ἀδελφοὶ

361 892 593 947 κατόπιν
632 890 799 945 αὑτοῦ
822 890 1157 961 εἰσέρχονται
1177 892 1257 954 εἰς
1280 890 1371 943 τὸν
1409 889 1558 945 ναόν.
1588 890 1763 953 Αὐτὸς
1796 889 1853 942 δὲ
1888 889 1951 942 τὸ

361 985 562 1058 πύριον
596 983 933 1055 ἀποθέμενος
953 985 1037 1047 είς
1064 983 1128 1037 τὸ
1149 984 1305 1052 ἆγιον
1328 982 1499 1054 βῆμα,
1537 978 1772 1049 ἑξελθὼν
1794 981 1950 1035 ἵστα-

361 1096 454 1132 ται
508 1078 651 1131 κατά
704 1077 997 1145 πρόσωπον
1036 1074 1130 1129 τοῦ
1188 1074 1527 1145 ίλαστηρίου,
1587 1074 1684 1127 καὶ
1720 1074 1952 1144 ἄρχεται

362 1168 681 1240 τροπάριον,
721 1169 751 1220 ὸ
791 1158 924 1238 ἦχος
955 1166 1050 1221 πλ.
1081 1172 1151 1232 α’,
1182 1168 1440 1235 Χριστὸς
1471 1164 1700 1233 ἀνέστη
1736 1164 1807 1218 ἐκ
1850 1180 1952 1219 νε-

364 1260 541 1330 κρῶν.
574 1262 749 1331 Ὅπερ
792 1260 934 1331 μετά
960 1258 1021 1313 τὸ
1046 1258 1320 1328 ψαλθῆναι
1348 1258 1532 1329 τρίτον
1550 1258 1700 1328 παρά
1728 1258 1779 1311 τ’
1800 1257 1949 1311 ἑκεί-

367 1371 461 1407 νου
493 1353 587 1405 καὶ
615 1351 724 1405 τῶν
757 1350 1026 1420 ἀδελφῶν,
1058 1351 1210 1418 λέγει
1254 1351 1283 1403 ὁ
1325 1350 1703 1422 πρεσϐύτερος
1742 1350 1950 1419 στίχον,

364 1446 528 1513 Αὕτη
563 1444 755 1513 ἡμέρα
796 1443 878 1511 ἣν
899 1444 1192 1511 ἐποίησεν
1228 1445 1261 1497 ό
1289 1443 1525 1511 Κύριος·
1558 1443 1609 1493 oi
1643 1440 1865 1508 ἀδελφοὶ
1892 1440 1952 1493 δὲ

364 1539 424 1592 τὸ
468 1538 767 1608 τροπάριον
812 1554 953 1606 στιχ.
999 1536 1064 1606 β’,
1096 1534 1509 1601 Συστήσασθε
1560 1531 1809 1600 ἑορτὴν,
1843 1532 1951 1595 ἑως

365 1631 538 1693 τέλος·
570 1630 664 1684 καὶ
695 1627 859 1683 πάλιν
909 1630 940 1683 ὸ
986 1627 1113 1691 λαὸς
1159 1627 1221 1681 τὸ
1247 1627 1546 1698 τροπάριον
1577 1624 1811 1689 δοξάζει.
1840 1624 1952 1677 Καὶ

371 1722 510 1793 μετά
551 1723 650 1793 τὴν
684 1716 1080 1792 συμπλήρωσιν
1103 1717 1320 1783 τούτου,
1344 1718 1571 1790 ἄρχεται
1601 1716 1765 1777 εὐθὺς
1793 1717 1823 1769 ὸ
1844 1731 1948 1768 κα-

2053 532 2265 592 portam
2314 517 2544 582 venerit,
2587 511 2866 569 thuriiicat
2916 509 3138 578 fratres,
3201 512 3497 582 statimque
3537 528 3636 584 per

2052 612 2416 666 meridianum
2448 606 2592 661 latus
2624 604 2916 659 revertitur
2949 605 3094 657 unde
3127 603 3497 669 discesserat;
3557 605 3636 659 si-

2050 700 2273 768 mulque
2295 696 2496 751 fratres
2519 703 2639 764 post
2666 691 2822 745 illum
2846 690 3228 758 ingrediuntur
3263 691 3317 745 in
3347 693 3633 761 templum.

2055 791 2179 862 Ipso
2210 800 2393 843 autem
2431 784 2710 841 thuribolo
2764 783 3015 854 deposito
3052 782 3107 836 in
3156 790 3350 837 saneto
3392 783 3632 848 bemate,

2050 895 2306 951 egressus
2344 878 2491 934 sistit
2540 890 2726 931 coram
2756 874 3164 946 propitiatorio,
3206 873 3374 943 ﬁtque
3408 874 3631 929 initium

2052 972 2303 1042 troparii,
2338 979 2470 1025 tono
2501 968 2725 1036 obliquo
2754 968 2934 1037 primo
2973 982 2988 1020 :
3030 966 3274 1022 Christus
3317 967 3550 1020 surrexit
3602 984 3636 1019 a

2052 1065 2298 1119 mortuis.
2348 1060 2508 1130 Quod
2546 1070 2839 1132 postquam
2879 1069 2963 1115 ter
3001 1059 3070 1113 ab
3120 1059 3214 1113 illo
3254 1058 3637 1130 fratribusque

2050 1167 2328 1214 cantatum
2355 1155 2539 1216 fuerit,
2565 1153 2700 1209 dicit
2739 1152 3021 1223 presbyter
3058 1151 3296 1206 sticlium
3340 1169 3355 1206 :
3391 1150 3521 1206 Haec
3557 1161 3639 1205 est

2050 1247 2160 1301 dies
2191 1262 2353 1315 quam
2403 1244 2524 1314 fecit
2557 1243 2842 1297 Dominus.
2873 1240 3095 1297 Fratres
3121 1251 3303 1296 autem
3330 1241 3638 1311 troparium

2050 1338 2213 1393 stich.
2233 1337 2301 1407 ξε
2324 1335 2641 1389 Constituite
2664 1332 2804 1387 diem
2834 1331 3136 1390 solemnem.
3157 1347 3330 1402 usque
3352 1332 3418 1385 ad
3451 1333 3635 1385 tinem.

2052 1428 2377 1497 Rursusque
2407 1424 2642 1496 populus
2674 1425 2981 1494 troparium
3014 1422 3185 1477 canit.
3228 1421 3294 1476 Et
3319 1431 3441 1492 post
3474 1422 3641 1491 hujus

2052 1520 2240 1585 ﬁnem,
2292 1519 2476 1575 statim
2536 1517 2729 1586 incipit
2779 1531 2994 1583 canon;
3033 1514 3294 1585 quoniam
3348 1515 3641 1585 hcxapsal-

2052 1628 2205 1668 mum
2258 1620 2375 1667 tota
2439 1610 2544 1664 hac
2595 1608 2936 1664 hebdomade
2992 1622 3105 1663 non
3163 1616 3470 1662 cantamus.
3535 1605 3643 1662 Sed

2052 1702 2336 1758 ﬁuntduaa
2361 1700 2648 1766 lectiones,
2688 1707 2744 1754 et
2767 1697 2972 1754 dicitur
3022 1697 3267 1768 psalmus
3299 1697 3645 1768 quinquage—

368 1789 474 1867 νὼν
516 1789 651 1881 (51),
692 1789 1235 1880 καθότι-ἑξάψαλμον
1286 1810 1469 1862 πᾶσαν
1530 1807 1628 1879 τὴν
1671 1806 1949 1876 ἑϐδομάδα

2065 1795 2229 1852 simus
2277 1803 2404 1865 post
2436 1791 2736 1848 secundam
2790 1790 3107 1846 lectionem.
3139 1789 3426 1862 Completo
3460 1801 3643 1847 autem

367 1905 570 1975 ταύτην
620 1904 683 1957 οὐ
714 1902 1016 1973 ψάλλομεν.
1066 1902 1311 1956 Γίνονται
1362 1902 1421 1955 δὲ
1457 1900 1553 1955 δύο
1590 1898 1949 1967 ἀναγνώσεις,

368 1997 466 2052 καὶ⁸
489 1998 518 2050 ὀ
551 2002 594 2050 ν’
623 1996 733 2050 ἀπὸ
778 1996 877 2065 τῆς
908 1993 951 2064 β’
974 1991 1356 2065 ἀναγνώσεως*
1392 1991 1489 2047 καὶ
1520 1992 1659 2061 μετὰ
1689 1989 1788 2061 τὴν
1814 2006 1954 2059 συμο

2051 1887 2346 1950 matutino,
2379 1885 2438 1939 ﬁt
2464 1883 2724 1941 salutatio
2752 1892 2808 1938 et
2833 1882 3131 1939 absolutio.
3157 1882 3278 1938 Jam
3305 1884 3359 1938 in
3392 1884 3647 1955 lyclmico

2052 1977 2221 2047 hujus
2276 1974 2635 2031 hebdomadas
2678 1973 2916 2030 dicimus
2954 1973 3090 2028 illud
3131 1971 3427 2029 :Clm'stus
3461 1991 3648 2028 rasura

370 2092 653 2162 πλήρωσιν
686 2087 783 2141 τοῦ
812 2062 1035 2157 ϐρθρου,
1095 2062 1309 2154 γίνεται
1361 2085 1391 2137 ὸ
1445 2081 1739 2152 ἀσπασμὸς
1788 2081 1885 2134 καὶ
1917 2081 1950 2149 ἡ

2065 2070 2211 2124 rexit.
2242 2066 2310 2123 Et
2341 2082 2467 2122 mox
2495 2082 2511 2121 :
2559 2066 2804 2131 Domine,
2830 2066 3093 2133 clamavi;
3118 2074 3174 2121 et
3233 2066 3649 2123 conclusionem

371 2156 656 2241 ἀπύλυσις⁶
697 2176 780 2239 εὶς
820 2156 879 2229 si
921 2156 993 2229 τά
1042 2174 1275 2244 λυχνικὰ
1296 2174 1502 2243 ταύτης
1533 2172 1633 2242 τῆς
1658 2169 1954 2241 ἑϐδομάδος

2065 2171 2356 2217 extremam
2385 2175 2400 2213 :
2432 2157 2676 2214 Christus
2737 2157 3051 2212 resurrexit.
3090 2156 3352 2213 Similiter
3384 2157 3441 2213 in
3497 2173 3652 2213 com-

370 2276 602 2346 λέγομεν
623 2274 707 2339 τὸ,
737 2272 995 2341 Χριστὸς
1016 2269 1266 2338 ἀνέστηο
1294 2268 1392 2322 καὶ
1414 2266 1619 2329 εὐθέως
1642 2265 1723 2328 τὸ,
1755 2266 1953 2332 Κύριε,

370 2363 688 2433 ἐκέκραξα,
746 2362 844 2415 καὶ
893 2357 1222 2414 ἀπολυτικδν
1270 2357 1350 2423 τὸ,
1400 2354 1658 2424 Χριστὸς
1700 2353 1952 2422 ἀνέστη’

371 2454 574 2523 ὁμοίως
620 2454 678 2505 ἑν
723 2452 838 2515 τοῖς
882 2447 1254 2510 ἀποδειπνίοις
1293 2447 1390 2500 τὸν
1442 2445 1730 2517 τρισάγιον
1762 2443 1957 2515 ὕμνον,

372 2545 468 2600 καὶ
490 2545 573 2610 τὸ,
601 2541 1097 2612 Κύριε,ἐλέησον,
1127 2539 1214 2611 ιβ’·
1242 2538 1320 2610 τῷ
1342 2538 1401 2591 δὲ
1431 2536 1696 2607 Σαϐϐάτῳ
1711 2536 1810 2607 τῆς
1838 2535 1956 2589 δια-

371 2638 725 2709 καινησίμου,
765 2636 862 2689 καὶ
897 2637 964 2705 τῇ
998 2634 1250 2704 Κυριακῇ
1280 2631 1378 2699 ets
1399 2630 1499 2700 τῆς
1526 2628 1949 2700 λαμπροφὸρου,

372 2733 455 2793 εἰς
478 2732 547 2784 τὰ
569 2727 897 2782 ἀποδείπνια
929 2723 1039 2779 ἀπὸ
1066 2723 1185 2787 τοῦ,
1224 2720 1352 2790 μεθ’
1382 2718 1558 2791 ἡμῶν
1598 2722 1631 2773 ό
1661 2718 1829 2784 Θεὸς.
1867 2719 1963 2771 καὶ

377 2824 662 2877 ἐπέκεινα.

447 2912 521 2982 γ’.
555 2913 636 2984 Τῇ
674 2911 733 2966 δὲ
773 2908 1030 2979 κυριακῇ
1052 2908 1150 2978 τῆς
1180 2903 1579 2977 λαμπροφύρου
1610 2901 1842 2973 ἄρχεται
1868 2901 1966 2956 καὶ

374 3009 437 3061 τὸ
464 3006 775 3076 ἑξάψαλμον
832 3003 969 3074 (52),
1009 3001 1105 3055 καὶ
1149 2999 1386 3070 λέγομεν
1413 2997 1496 3065 τὸ,
1551 2997 1700 3063 Θεὸς
1746 2995 1966 3064 Κύριος

377 3103 458 3164 εἰς
482 3098 568 3152 πλ¹
604 3097 667 3152 δ’·
697 3097 794 3150 καὶ
850 3093 1014 3155 εὐθὺς
1044 3092 1172 3156 τοὺς
1207 3090 1558 3158 ἀναϐαθμοὺς
1583 3090 1664 3153 εἰς
1688 3088 1782 3142 τὸν
1801 3086 1966 3141 αὑτὸν

376 3187 534 3264 ἦχονο
573 3189 635 3243 τό
683 3206 744 3242 τε
778 3186 1145 3259 προκείμενον
1185 3182 1321 3254 (35)·
1357 3180 1458 3236 καὶ
1487 3180 1549 3233 τὸ
1580 3177 1752 3236 πᾶσα
1778 3176 1962 3247 πνοή⁸

377 3280 498 3337 εἷτα
523 3282 586 3335 τδ
610 3278 958 3350 Εὑαγγέλιον,
990 3278 1085 3331 καὶ
1112 3273 1195 3342 τδ,
1230 3273 1302 3329 ὲν
1336 3272 1471 3338 ταῖς
1493 3270 1656 3337 νυξι.
1690 3269 1804 3325 Καὶ
1826 3268 1968 3341 μετά

378 3374 473 3428 τὸν
505 3378 572 3437 ν’,
604 3372 831 3441 ἄρχεται
866 3369 895 3422 ὸ
929 3367 1131 3422 κανών·
1160 3364 1407 3434 γίνονται
1434 3362 1493 3418 δὲ
1523 3361 1863 3431 ἀναγνώσεις
1899 3359 1964 3431 β’.

381 3466 492 3520 Καὶ
520 3466 585 3534 τῇ
612 3463 867 3533 Κυριακῇ
890 3459 1100 3530 ἑσπέρα
1124 3457 1352 3529 ἄρχεται
1371 3455 1455 3520 τὸ,
1474 3453 1772 3524 μακάριος
1786 3451 1963 3520 ἀνήρ.

382 3557 478 3611 καὶ
511 3558 576 3626 τῇ
621 3552 664 3625 β’
693 3556 771 3616 είς
802 3552 893 3606 τὸν
929 3550 1126 3622 ϐρθρον
1166 3548 1445 3618 ψάλλομεν
1481 3546 1646 3601 πάλιν
1689 3544 1772 3610 τὸ,
1820 3542 1969 3610 Θεὸς

385 3641 749 3710 Κύριος,είς
797 3637 1016 3710 πρῶτον
1066 3634 1241 3708 ἦχον,
1303 3637 1398 3689 καὶ
1444 3635 1503 3689 ἓν
1556 3634 1804 3705 κάθισμα
1853 3632 1965 3705 (54)

382 3734 625 3805 ψαλμοῦ,
670 3728 791 3786 εἶτα
834 3731 927 3785 τὸν
980 3730 1186 3785 κανόνα
1227 3728 1605 3791 ἀναστάσεως·
1638 3728 1883 3795 γίνονται
1912 3725 1970 3779 δὲ

385 3826 722 3897 ἀναγνώσεις
769 3824 818 3894 γ’
841 3840 857 3855 ο
913 3825 978 3877 ἑκ
1029 3823 1154 3878 τότε
1207 3822 1279 3876 τὰ
1328 3820 1655 3875 ἀποδείπνια
1700 3818 1971 3888 ὁλόκληρα

386 3921 651 3991 ποιοῦμεν
672 3959 687 3985 ,
723 3916 864 3989 πλὴν
894 3915 1175 3971 Σαϐϐἀτου
1225 3914 1489 3986 ἑσπέρας,
1522 3914 1621 3967 καὶ
1651 3912 1847 3982 ἑορτῆς
1886 3911 1973 3964 δεο

389 4013 681 4083 σποτικῆς,
716 4011 813 4065 καὶ
854 4011 1075 4082 μνήμης
1111 4008 1291 4077 ἁγίου,
1339 4005 1541 4077 ἀργίαν
1568 4005 1705 4076 ἡμῖν
1732 4003 1843 4057 τῶν
1884 4002 1976 4073 Ep-

387 4122 502 4173 γων
542 4104 578 4176 ἢ
629 4105 724 4158 καὶ
750 4103 859 4157 τῶν
883 4100 1043 4173 ώρῶν
1074 4100 1173 4154 καὶ
1215 4099 1327 4153 τῶν
1358 4097 1660 4169 μετανοιῶν
1683 4096 1774 4150 ὅτε
1796 4093 1976 4163 γίνον-

389 4212 484 4249 ται
541 4194 947 4268 προξενούσης·
987 4195 1046 4247 ὲν
1073 4191 1302 4254 ταύταις
1353 4190 1467 4261 γὰρ
1519 4189 1631 4244 ἀπὸ
1681 4186 1802 4254 τοῦ,
1846 4185 1973 4256 μεθ’

389 4286 561 4357 ἡμῶν
592 4291 626 4343 ό
658 4286 826 4353 Θεὸς,
875 4286 976 4339 καὶ
1013 4284 1291 4337 ἐπέκεινα.
1356 4282 1644 4351 Κάμνουσι
1684 4278 1744 4333 δὲ
1783 4277 1880 4331 καὶ
1917 4276 1977 4331 αι

390 4380 659 4435 διακονίαι
686 4378 795 4434 ἀπὸ
822 4376 993 4450 πρωῒ,
1019 4379 1087 4448 τῇ
1126 4374 1175 4444 γ’
1205 4376 1309 4446 τῆς
1337 4373 1380 4445 β’
1412 4371 1710 4445 ἑϐδομάδος
1730 4369 1978 4443 ἀρχομὲο

2056 2253 2307 2323 pletoriis
2352 2253 2617 2325 hymnum
2677 2251 3001 2321 trisagium;
3030 2259 3087 2306 et
3108 2252 3348 2317 Domine,
3379 2254 3648 2320 miserere,

2057 2345 2375 2409 duodecies.
2424 2344 2668 2401 Sabbato
2717 2352 2902 2399 autem
2964 2342 3324 2399 hebdomadas
3374 2344 3647 2399 diaeaenc-

2059 2439 2210 2506 simi,
2264 2448 2321 2495 et
2352 2438 2635 2494 Dominica
2684 2437 3070 2507 lampropbora
3103 2436 3179 2506 (in
3215 2436 3377 2506 albis)
3422 2450 3675 2506 vespere

2059 2529 2478 2600 completorium
2509 2528 2579 2584 ab
2626 2529 2739 2585 illis
2783 2529 2968 2585 verbis
3011 2527 3287 2583 nobiscum
3326 2527 3491 2596 Deus,
3521 2544 3650 2585 cum

2062 2622 2453 2693 sequentibus.

2134 2911 2187 2965 5.
2214 2909 2384 2965 Porro
2410 2910 2471 2989 in
2513 2908 2799 2965 Dominica
2834 2909 3222 2980 lamprophora
3269 2909 3464 2982 incipit
3488 2912 3654 2967 etiam

2067 3003 2507 3072 hexapsalmnm,
2538 3011 2593 3054 et
2629 3000 2865 3057 dicimus
2894 2999 3037 3056 Deus
3071 3001 3328 3058 Dominus
3358 3015 3486 3059 tono
3513 3004 3661 3058 obli-

2068 3110 2180 3164 quo
2200 3104 2417 3165 quarto.
2454 3092 2521 3147 Et
2549 3107 2675 3148 mox
2695 3091 2986 3163 graduales
3009 3092 3252 3164 psalmos
3274 3095 3465 3150 eodem
3488 3106 3657 3164 tono;

2070 3200 2172 3240 nec
2238 3201 2345 3238 non
2385 3185 2785 3255 procimenon;
2841 3193 2896 3238 et
2932 3184 3068 3240 illud
3119 3203 3134 3241 :
3221 3187 3659 3258 omnisspiritus.

2069 3275 2279 3331 Deinde
2307 3275 2675 3344 evangelium,
2710 3283 2766 3330 et
2824 3274 2956 3330 illttd
2990 3293 3006 3331 :
3042 3277 3099 3329 in
3130 3277 3393 3332 noctibus.
3423 3277 3489 3331 Et
3538 3288 3665 3349 post

2072 3367 2592 3439 quinquagesimum
2634 3367 2907 3438 psalmum
2934 3366 3347 3437 incipitcanon.
3376 3368 3543 3424 Fiunt
3567 3387 3664 3425 au.

2069 3472 2177 3515 tem
2201 3461 2324 3515 dua:
2346 3459 2631 3515 lectiones.
2662 3459 2727 3513 Et
2758 3458 2846 3513 die
2876 3456 3164 3513 Dominico
3198 3460 3265 3515 ad
3289 3475 3546 3530 vesperas
3580 3461 3666 3514 in-

2071 3551 2247 3621 cipit:
2281 3550 2463 3604 beatus
2496 3550 2596 3602 vir.
2633 3546 2700 3603 Et
2762 3546 2899 3603 feria
2956 3548 3196 3604 secunda
3231 3548 3300 3604 ad
3333 3551 3665 3604 matutinum

2071 3642 2361 3714 psallimus
2415 3656 2657 3696 rursus:
2698 3638 2837 3695 Deus
2888 3638 3167 3707 Dominus,
3198 3641 3377 3711 primo
3426 3650 3580 3707 tono,
3612 3652 3668 3697 et

2074 3750 2248 3790 unum
2278 3733 2547 3789 catbisma
2592 3732 2823 3802 psalmi;
2861 3731 3060 3786 deinde
3088 3746 3357 3787 canoncm
3401 3747 3655 3788 resurre-

2074 3825 2295 3882 ctionis.
2334 3823 2402 3879 Et
2450 3825 2589 3878 ﬁunt
2633 3823 2899 3878 lectiones
2950 3832 3084 3878 tres.
3126 3823 3266 3878 Exin
3313 3827 3665 3896 completoria

2076 3920 2286 3989 integra
2321 3917 2638 3983 recitamus,
2672 3925 2902 3986 excepto
2934 3914 3175 3973 Sabbato
3195 3933 3441 3990 vespere,
3479 3930 3533 3974 et
3563 3921 3669 3974 Do-

2076 4011 2213 4066 mini
2247 4010 2617 4075 solemnitate,
2676 4019 2731 4066 et
2777 4007 3014 4080 alicujus
3062 4010 3241 4065 sancti
3279 4027 3668 4067 commemora-

2077 4105 2228 4160 tione
2257 4117 2379 4174 qua:
2397 4101 2588 4157 feriari
2615 4117 2717 4158 nos
2749 4101 2962 4157 faciunt
2990 4100 3060 4157 ab
3089 4103 3240 4158 horis
3264 4113 3319 4158 et
3348 4105 3666 4170 metanmis;

2077 4208 2205 4271 post
2243 4198 2333 4253 illa
2370 4196 2582 4253 scilicet
2611 4198 2778 4252 verba
2812 4195 3126 4251 :nobiscum
3151 4196 3319 4261 Deus,
3349 4208 3403 4253 et
3434 4214 3664 4268 sequeu~

2078 4294 2175 4349 tia.
2217 4291 2493 4347 Laboraut
2542 4300 2724 4346 autem
2769 4290 2932 4345 etiam
2981 4289 3209 4346 ollicinae
3250 4307 3283 4346 a
3316 4308 3497 4357 mane,
3530 4290 3668 4347 feria

2082 4385 2243 4440 tertia
2269 4385 2528 4440 secundas
2561 4380 2919 4438 hebdomade:
2944 4382 3279 4453 incipientis.
3304 4384 3476 4439 Porro
3495 4401 3672 4454 usque

390 4488 514 4542 νηςο
544 4472 653 4534 ἕως
680 4471 739 4524 δὲ
776 4470 879 4541 τῆς
910 4476 954 4523 ν’
983 4470 1043 4523 ἐν
1084 4467 1164 4541 τῷ
1202 4466 1446 4539 λυχνικῷ
1468 4465 1810 4537 προκείμενα
1832 4463 1962 4535 ψάλ-

2078 4478 2149 4535 ad
2179 4477 2550 4534 Pentecosten
2577 4478 2727 4548 proci
2740 4491 2899 4532 mena
2942 4476 3233 4546 psallimus
3260 4478 3527 4548 quotidie.

394 4563 560 4633 λομεν
594 4563 836 4633 ἑκάστης
861 4562 1095 4633 ἡμέρας.

464 4655 527 4719 δ’,
558 4654 680 4726 Χρὴ
716 4654 1009 4724 γινώσκειν
1042 4654 1126 4707 ὅτι
1158 4654 1218 4706 ἑν
1246 4650 1360 4715 τοῖς
1385 4650 1662 4723 λυχνικοῖς
1694 4647 1809 4720 ('55)
1837 4647 1975 4701 πᾶσι

393 4745 502 4798 τῶν
532 4745 875 4799 Δεσποτικῶν
898 4743 1111 4815 ἑορτῶν
1129 4745 1212 4808 τὸ,
1241 4742 1541 4812 Μακάριος
1567 4741 1724 4811 ἀνὴρ
1752 4740 1982 4811 ἄρχεται

393 4839 477 4901 είς
508 4838 600 4892 πλ.
618 4836 659 4890 δ’
667 4854 681 4868 ·
701 4835 820 4891 εἶτα
840 4840 875 4911 ἡ
900 4839 1135 4910 δευτέρα
1161 4836 1376 4909 ἑναρξις
1399 4837 1494 4891 καὶ
1526 4838 1559 4907 ὴ
1580 4836 1738 4907 τρίτη
1778 4835 1860 4898 εἰς
1887 4834 1984 4886 τὸν

395 4925 533 5000 ἦχον
568 4928 667 4997 τῆς
707 4929 939 4999 ἡμέρας*
965 4924 1087 4981 εἶτα
1113 4928 1175 4981 τὸ
1206 4929 1402 4996 Κύριε,
1436 4925 1734 4994 ἐκέκραξα
1772 4926 1854 4989 είς
1886 4922 1977 4976 τὸν

395 5016 531 5091 ἦχον
568 5020 679 5073 τῶν
719 5018 918 5087 στίχων
946 5020 1045 5089 τῆς
1071 5018 1286 5090 ἑορτῆς.

2118 4656 2206 4711 4.
2240 4653 2297 4709 in
2354 4655 2612 4710 omnibus
2643 4654 2912 4727 lyclmicis
2951 4653 3366 4711 solemnitatum
3417 4655 3660 4724 Domini,

2077 4747 2329 4819 psalmus
2366 4744 2567 4801 Beatus
2604 4747 2684 4799 vir
2737 4745 2928 4815 incipit
2976 4754 3108 4801 tono
3148 4747 3373 4818 obliquo
3428 4760 3652 4819 quarto.

2088 4840 2297 4895 Deinde
2351 4838 2590 4894 secunda
2647 4838 2949 4903 inchoatio,
3008 4849 3063 4894 et
3115 4840 3272 4896 tertia
3337 4853 3467 4898 tono
3530 4842 3665 4899 diei.

2092 4930 2297 4984 Deinde
2327 4928 2459 4984 illud
2498 4947 2511 4983 :
2549 4928 2790 4992 Domine,
2830 4928 3058 4982 clamavi
3084 4937 3212 4985 tono
3245 4932 3549 4987 stichorum
3579 4949 3672 4988 so-

2092 5024 2408 5077 lemnitalis.

1846 5179 2099 5243 NOTAE.

472 5358 584 5430 (3|)
626 5359 813 5414 Canon
874 5370 965 5435 est
1004 5361 1365 5420 determinata
1411 5365 1660 5435 quaedam
1717 5380 1981 5422 mensura

401 5431 729 5505 hymnorum
744 5430 1152 5505 pariendarum.
1187 5434 1350 5489 Goar.
1386 5430 1442 5505 βξ
1478 5436 1602 5490 551.

481 5500 594 5579 (ᾷὶ)
638 5502 712 5555 Ita
740 5499 954 5579 Studiis
983 5511 1309 5579 constanter
1326 5499 1522 5579 genere
1545 5515 1742 5561 neutro
1768 5524 1783 5573 ;
1814 5523 1982 5577 quam

402 5572 689 5645 luetinuem
745 5571 978 5645 prazi‘ero
1034 5575 1159 5628 aliis
1206 5571 1578 5631 scribentibus
1645 5571 1777 5645 gen.
1812 5571 1982 5632 masc.

404 5641 544 5694 Sunt
570 5653 750 5696 autem
788 5642 983 5713 psalmi
1030 5659 1117 5710 ιιι,
1143 5661 1335 5711 xxxut,
1378 5660 1523 5711 an,
1551 5641 1714 5713 ιω,
1754 5664 1852 5714 vn,
1887 5663 1985 5714 cu,

400 5726 565 5766 CXLII.

475 5781 587 5851 (33)
642 5782 1005 5838 Procimcnon
1048 5783 1304 5855 intelligit
1334 5784 1573 5843 Goarius
1613 5788 1866 5859 proprios
1894 5804 1989 5844 eu-

832 5876 1101 5939 ΡΑτιιοι..
1138 5877 1256 5937 Gn.
1294 5880 1519 5941 XCIX.

2074 5367 2276 5493 jéisque
2302 5368 2413 5425 diei
2448 5367 2758 5424 versiculos
2786 5383 2853 5424 ex
2884 5368 3154 5439 psalterio
3188 5367 3498 5439 decerptos.
3534 5363 3673 5420 Vide

2124 5453 2369 5493 anulum.

2124 5453 2369 5507 angium.

2153 5506 2484 5579 (31)Cantio
2510 5523 2634 5579 qua:
2668 5525 2701 5564 a
2739 5510 3059 5565 sedentibus
3116 5509 3446 5579 concinitur.
3482 5506 3558 5579 De
3589 5514 3673 5579 too

2082 5576 2172 5634 nis
2194 5576 2377 5633 autem
2427 5576 2745 5637 Grtécorum
2779 5582 3013 5637 Allatius
3070 5580 3148 5636 De
3201 5581 3294 5637 lib.
3321 5577 3452 5633 εστι.
3487 5576 3579 5631 Gr.
3614 5578 3669 5629 iu

2086 5648 2387 5704 Octoecho.

2158 5719 2270 5789 (35)
2308 5721 2646 5795 liyclmicum
2682 5724 2903 5795 proprie
2928 5737 3059 5795 pars
3081 5724 3230 5795 prior
3259 5720 3430 5778 ofﬁcii
3478 5732 3670 5788 vespe—

2158 5737 2270 5789 too)
2308 5737 2646 5790 Lyctimcum
2721 5737 2903 5792 roprie
2930 5737 3007 5789 pm

2088 5804 2293 5844 rarum.
2317 5789 2483 5846 Goar.
2518 5792 2650 5847 edit.
2682 5737 2814 5848 Ben.
2841 5808 2893 5862 p.
2920 5793 3007 5847 24.

3210 5886 3283 5946 5’4
