4122 6382
549 323 680 393 1707
1736 327 1798 385 S.
1825 324 2177 386 THEODOR

2122 326 2218 387 IRI
2266 323 2615 388 STUDITrE
3636 331 3750 402 1708

615 438 672 493 5.
698 435 882 508 Usque
933 433 1002 491 ad
1041 435 1398 492 Ascensionis
1434 435 1844 492 solemnitatem
1901 438 2126 494 stichtra
2158 453 2207 506 Α

2158 453 2207 506 Α
2301 446 2366 495 ε’.
2400 443 2492 494 Δεῖ
2524 440 2730 494 ειδέναι
2765 438 2851 493 ὅτι
2886 438 3017 510 ἄχρι
3061 439 3162 510 τῆς
3228 441 3562 520 mnum»
3592 450 3754 525 έδρτῆς

557 529 901 586 anastasima
951 538 1200 598 praeeunt
1229 526 1651 584 catbismatibus
1682 529 2040 602 catanycticis
2070 541 2127 588 et

2225 530 2597 601 προηγοῦνται
2666 528 2739 582 τά
2815 528 3165 600 ἀναστάσιμα
3265 535 3490 606 στιχηρά
3535 539 3632 610 (56)
3674 561 3756 596 κα..

550 621 888 695 apostolicis.
2228 620 2507 692 θισμάτων
2561 621 2673 674 τῶν
2751 637 2812 674 τε
2895 623 3310 678 κατανυκτικῶν
3381 626 3473 680 καὶ
3517 624 3760 688 amen.

2229 713 2343 768 κῶν
2371 713 2507 784 (57).
2581 759 2584 762 .

2304 805 2381 865 ς’,
2425 797 2548 872 Χρὴ
2583 797 2881 870 γινώσκειν
2921 801 3006 855 ὄτι
3053 801 3163 857 άπὸ
3209 802 3304 857 τοῦ
3349 804 3531 876 Πάσχα
3559 808 3652 873 ἕως
3678 812 3760 883 τῆς

2244 888 2640 960 Ἀναληψεμου,
2689 889 2753 943 τὸ
2793 889 3138 946 ἀνάστασιν
3160 893 3413 960 Χριστοῦ
3438 893 3664 965 λέγομεν,
3681 897 3760 953 εἷθ’

2231 979 2408 1044 οὕτως
2448 979 2540 1034 τὸν
2579 987 2647 1034 ν’·
2685 981 2781 1035 καὶ
2827 983 3146 1056 μαρτυρικά
3176 983 3287 1055 (38)
3313 985 3372 1038 ὲν
3402 987 3466 1057 τῇ
3494 987 3760 1062 ψαλμῳδίῳ

2235 1070 2295 1138 ἐξ
2332 1071 2547 1127 ἐκείνου
2579 1072 2638 1126 δὲ
2667 1073 2874 1130 οὐκέτι.

2307 1161 2375 1229 ζ’.
2421 1165 2617 1243 Ἰστέον
2643 1165 2700 1219 δὲ
2728 1166 2812 1220 ὅτι
2843 1166 2949 1232 ἕως
2975 1167 3076 1239 τῆς
3106 1173 3171 1234 ν’,
3206 1168 3254 1221 ει
3288 1168 3382 1228 καὶ
3404 1168 3546 1240 ὥρας
3571 1172 3626 1224 οὐ
3654 1172 3763 1241 ψάλ-

2237 1255 2428 1326 λομεν,
2457 1255 2581 1311 οὐδὲ
2605 1257 2737 1326 γόνυ
2770 1258 3048 1330 κλίνομεν,
3082 1258 3198 1312 ἀλλ’
3226 1255 3322 1313 οὖν
3353 1261 3571 1325 κανόνας
3593 1280 3764 1337 νεκρωδ

2239 1347 2434 1418 σίμους
2470 1351 2528 1401 ὲν
2576 1352 2690 1412 τοῖς
2737 1349 2980 1404 Σάϐϐασι
3006 1351 3302 1420 ψάλλομεν·
3337 1353 3429 1406 καὶ
3479 1356 3533 1406 ὲν
3573 1355 3687 1426 ἄλλῃ
3719 1357 3764 1410 δὲ

2239 1439 2446 1512 ἡμέρᾳ,
2482 1443 2532 1495 εἰ
2585 1443 2738 1512 τύχοι
2773 1443 3124 1514 μνημόσυνον
3152 1444 3406 1514 ἀδελφοῦ,
3439 1444 3702 1516 ψάλλομεν.

2311 1540 2382 1604 η’.
2407 1535 2500 1586 Δεῖ
2526 1533 2724 1587 εἰδέναι
2745 1533 2820 1598 ὡς
2839 1534 2919 1603 τῷ
2941 1533 3206 1606 Σαϐϐάτῳ
3232 1535 3331 1606 τῆς
3355 1541 3396 1588 ν’
3418 1537 3492 1599 εἰς
3515 1536 3572 1589 τὸ
3600 1535 3764 1601 ἐξαπο-

622 795 678 852 6.
704 795 752 851 Α
781 795 1050 852 Paschate
1101 809 1278 864 usque
1307 793 1376 850 ad
1409 794 1800 850 Aseensionem
1835 797 2074 854 dicimus
2108 817 2124 854 :

555 889 992 943 resurrectionem
1022 885 1243 942 Christi.
1281 885 1486 942 Deinde
1515 887 1634 957 pari
1669 888 1832 942 modo
1859 889 2129 958 psalmum

553 981 1071 1051 quinquagesimum
1098 996 1114 1044 ;
1141 988 1197 1034 et
1253 979 1550 1048 martyrica
1584 979 1640 1033 in
1670 979 1999 1049 psalmodia.
2026 979 2135 1037 Ne-

555 1087 832 1154 quaquam
873 1071 1124 1124 ulterius.

627 1163 682 1217 7.
711 1162 899 1232 Usque
938 1163 1006 1216 ad
1035 1162 1393 1216 Pentecosten
1433 1177 1749 1233 quanquam
1788 1165 1957 1229 horas
2017 1178 2132 1218 non

556 1255 867 1326 psallimus,
901 1269 1078 1322 neque
1109 1269 1250 1325 genu
1278 1251 1571 1320 ﬂectimus,
1617 1256 1916 1311 mortuales
1951 1265 2136 1314 tamen

559 1363 799 1418 canones
840 1348 894 1401 in
929 1345 1184 1402 Sabbatis
1231 1348 1540 1418 psallimus.
1575 1347 1642 1402 Et
1686 1349 1796 1404 alio
1829 1349 1994 1404 etiam
2028 1350 2136 1416 die,

561 1441 604 1497 si
633 1440 1089 1496 commemoratio
1123 1439 1217 1493 ﬁat
1247 1439 1432 1495 lratris
1460 1440 1720 1510 alicujus,
1751 1441 2064 1511 psallimus,

631 1533 685 1587 8.
719 1531 962 1586 Sabbato
991 1531 1339 1586 Pentecostes
1370 1532 1435 1586 ad
1462 1531 1908 1602 exapostilarium
1948 1533 2142 1598 psalli-

559 1638 682 1677 mus
715 1640 729 1677 :
764 1623 1017 1676 memoria
1043 1632 1397 1687 mortuorum,
1427 1621 1650 1676 Domine
1678 1637 1697 1676 .'
1719 1633 1884 1693 atque
1914 1622 1968 1678 id
2008 1639 2143 1678 can-

2135 1650 2143 1664 ›
2245 1623 2550 1696 στειλάριον
2581 1623 2695 1694 (59)
2724 1623 3023 1696 ψάλλομεν,
3071 1624 3111 1694 ἡ
3141 1623 3354 1695 μνήμη
3386 1624 3502 1680 τῶν
3533 1643 3763 1698 κεκοιμη-

559 1723 734 1770 tantes
763 1715 830 1769 ad
856 1713 1080 1768 fratrum
1111 1715 1359 1784 sepulcra
1391 1714 1664 1778 venimus,
1703 1715 1888 1785 ibique
1931 1725 2143 1772 stantes
2171 1787 2187 1789 _

2139 1733 2202 1789 ι-
2238 1699 2463 1786 μένων,
2490 1717 2687 1785 Κύριε·
2739 1717 2834 1770 καὶ
2884 1716 3046 1770 τοῦτο
3097 1715 3394 1787 ψάλλοντες
3443 1717 3767 1789 κατερχόμεθα

557 1806 844 1878 psallimus
868 1805 976 1862 diei
1012 1806 1162 1861 illius
1212 1807 1464 1862 sticbira.
1495 1805 1677 1876 Atque
1730 1807 1808 1862 ita
1835 1807 2142 1862 absolvitur
2170 1787 2185 1847 Ῑ

2137 1824 2142 1838 '
2170 1787 2216 1848 Β
2248 1812 2330 1872 εἰς
2362 1809 2492 1872 τοὺς
2517 1809 2724 1880 τάφους
2748 1809 2857 1862 τῶν
2884 1809 3149 1880 ἀδελφῶν,
3184 1809 3348 1863 κάκεῖ
3379 1787 3633 1880 ἱστάμενοι
3656 1787 3765 1877 tia}.-

558 1898 910 1954 matutinum.
963 1898 1022 1954 ld
1079 1907 1260 1954 autem
1315 1898 1553 1956 facimus
1588 1900 1754 1955 etiam
1790 1900 1844 1954 in
1898 1899 2140 1955 Sabbato

2137 1924 2140 1946 ι
2246 1902 2412 1972 λομεν
2437 1902 2506 1955 τὰ
2527 1902 2629 1970 τῆς
2653 1902 2762 1972 ἡμέ
2773 1919 2872 1972 ρας
2900 1901 3155 1973 στιχηράο
3182 1902 3279 1956 καὶ
3309 1901 3526 1955 ἀπολύει
3549 1903 3574 1954 ὁ
3592 1901 3765 1972 όρθρος·

557 1991 936 2062 Carnisprivii.

2247 1993 2407 2048 τοῦτο
2428 1993 2486 2047 δὲ
2515 1992 2776 2064 ποιοῦμεν
2809 1995 2904 2048 καὶ
2931 1995 3011 2066 τῷ
3039 1993 3306 2064 Σαϐϐάτῳ
3329 1993 3427 2066 τῆς
3466 1993 3741 2065 ’Δποκρέουε

631 2088 687 2142 9.
715 2085 958 2156 Vespere
988 2084 1264 2140 Dominici
1315 2085 1423 2140 diei
1450 2095 1654 2140 sancta;
1690 2086 2045 2141 Pentecostes
2073 2086 2144 2141 ad

2141 2130 2144 2139 .
2321 2086 2389 2142 θ’.
2425 2087 2546 2159 Χρὴ
2577 2087 2870 2156 γινώσκειν
2899 2088 2982 2140 ὅτι
3017 2085 3118 2157 ὀψὲ
3149 2088 3217 2157 τῇ
3240 2086 3503 2158 ·Κυριακῇ
3523 2084 3614 2156 τῆς
3642 2085 3769 2154 ἁγίας

560 2179 900 2250 lychnicum,
940 2178 1121 2246 inquo
1153 2177 1323 2232 etiam
1365 2187 1446 2230 ter
1478 2193 1654 2247 genua
1703 2177 1997 2241 ﬂectimus,
2021 2186 2147 2246 post

2139 2193 2147 2231 ι
2251 2179 2634 2249 Πεντηκοστῆς
2676 2181 2752 2243 εις
2798 2179 2860 2232 τὸ
2899 2178 3177 2249 λυχνικδν,
3212 2179 3276 2231 ὲν
3310 2171 3355 2244 ᾧ
3396 2176 3597 2241 καὶτὰς
3621 2183 3664 2246 γ’
3693 2195 3767 2245 γο-

561 2272 889 2344 ρτοωιηὶυιιι
906 2271 1090 2324 statim
1112 2269 1345 2324 dicitur:
1367 2267 1610 2331 Domine.
1629 2269 1875 2324 clamaui.
1902 2271 1970 2323 Et
1988 2285 2148 2324 mane

2141 2289 2148 2323 ι
2251 2269 2538 2334 νυκλισίας
2565 2269 2851 2340 ποιοῦμεν,
2887 2271 3029 2340 μετά
3071 2271 3132 2323 τὸ
3165 2269 3453 2342 προοίμιον
3485 2267 3588 2339 (ιο)
3614 2269 3769 2330 εὐθέως

563 2362 631 2418 ad
661 2363 986 2417 matutinum
1007 2371 1128 2430 post
1154 2360 1564 2429 bexapsalmum
1581 2361 1845 2416 dicimus:
1865 2360 2002 2414 Deus
2040 2360 2147 2414 Do-

2143 2390 2147 2401 -
2252 2361 2337 2428 τὸ,
2365 2363 2564 2432 Κύριε,
2603 2360 2920 2430 ἐκέκραξα·
2957 2361 3054 2414 καὶ
3081 2363 3149 2432 τῇ
3177 2360 3348 2414 ἔωθεν
3395 2360 3472 2422 εἰς
3504 2359 3586 2412 τὸν
3617 2359 3771 2430 δρθρον

560 2457 737 2508 minus
760 2452 1091 2522 ;statimque
1115 2467 1410 2515 canonem,
1433 2462 1490 2506 cl.
1517 2453 1654 2507 duas
1685 2453 1966 2507 lectiones.
1998 2451 2150 2509 llanc

2146 2477 2150 2506 ι
2259 2454 2400 2526 μετά
2425 2456 2484 2508 τὸ
2519 2453 2833 2525 ἑξάψαλμον
2881 2453 2974 2519 τὸ,
3009 2455 3154 2520 Θεὸς
3200 2454 3418 2522 Κύριος
3457 2451 3678 2522 λέγομενο
3700 2451 3774 2503 καὶ

561 2561 694 2602 vero
722 2545 886 2600 etiam
912 2543 1308 2600 hebdomadam
1331 2544 1452 2600 sine
1473 2553 1637 2599 cantu
1665 2545 1926 2599 horarum
1954 2546 2151 2599 transi-

2146 2575 2151 2584 -
2256 2546 2421 2610 εὐθὺς
2452 2547 2544 2601 τὸν
2577 2545 2802 2610 κανόνα,
2832 2545 2928 2600 καὶ
2963 2543 3306 2613 ἀναγνώσεις
3338 2543 3402 2614 ﬂ"
3428 2542 3678 2613 άγομενδὲ
3698 2545 3774 2595 καὶ

563 2638 768 2706 simus.
2256 2639 2358 2708 τὴν
2395 2637 2673 2708 ἑϐδομάδα
2695 2637 2904 2709 ταύτην
2933 2637 3008 2708 μὴ
3033 2636 3332 2706 ψάλλοντες
3365 2635 3525 2706 ὥρας.

637 2727 726 2784 ill.
759 2725 1018 2797 Sequitur
1043 2735 1230 2782 saneta
1259 2727 1632 2796 apostolorum
1669 2737 1986 2783 sanctorum
2009 2744 2151 2798 qua-

2148 2759 2151 2768 ι
2332 2738 2388 2788 ι’.
2435 2727 2572 2784 Εἶτα
2599 2731 2900 2802 ἐπέρχεται
2937 2730 3036 2784 καὶ
3063 2731 3096 2801 ἡ
3132 2728 3269 2798 άγία
3295 2723 3673 2798 τεσσαρακοστὴ
3691 2723 3776 2778 τῶν

564 2818 1093 2890 dragesima,etjam
1131 2819 1422 2887 incipimus
1472 2819 1640 2874 horas
1683 2835 1904 2890 quoque
1924 2822 2156 2890 psallere

2145 2837 2156 2875 ι
2260 2823 2436 2892 ἁγίων
2463 2823 2810 2887 ἀποστόλων,
2857 2823 2949 2876 καὶ
2993 2821 3280 2894 ἀρχόμεθα
3326 2819 3537 2890 ψάλλειν
3579 2818 3660 2872 καὶ
3701 2818 3773 2878 τὰς

568 2926 787 2980 semper
805 2926 930 2965 cum
951 2911 1297 2966 catltismate.
1324 2908 1464 2965 Tum
1487 2911 1544 2966 in
1568 2914 1678 2966 line
1699 2912 2160 2981 psalmodiaadici-

2145 2941 2160 2956 -
2262 2915 2413 2986 ὥρας
2445 2917 2587 2986 μετὰ
2609 2914 2949 2985 καθίσματος
2978 2913 3236 2967 πάντοτε.
3270 2911 3424 2965 Μετά
3447 2908 3568 2978 γοῦν
3591 2905 3773 2966 τὸτέλος

566 3019 689 3080 tuus
711 3021 724 3057 :
745 3001 984 3066 Domine,
1005 3004 1282 3069 miserere;
1300 3003 1526 3066 Christe,
1545 2999 1888 3060 miserere.Et
1903 3005 1956 3059 in
1971 3005 2160 3074 primis

2146 3021 2160 3061 ι
2263 3005 2364 3071 τῆς
2393 3001 2732 3074 ψαλμῳδίας,
2759 3002 2991 3071 λέγομεν
3029 3001 3112 3064 τὺ,
3151 3001 3353 3070 Κύριε,
3380 2998 3636 3064 ἐλέησον,
3672 2997 3774 3062 Χριδ

566 3093 800 3148 facimus
841 3104 952 3148 tres
979 3103 1276 3149 metanmas
1305 3093 1422 3164 pari
1454 3094 1636 3148 cuncti
1669 3095 1943 3150 celeritate
1975 3095 2194 3165 praesig

2147 3123 2162 3136 -
2188 3142 2230 3165 η
2266 3095 2397 3162 στέ,
2425 3096 2710 3163 ἐλέησον.
2742 3095 2854 3149 Καὶ
2889 3093 3161 3165 βάλλομεν
3212 3095 3274 3147 ὲν
3313 3091 3539 3162 πρώτοις
3580 3095 3624 3157 γ’
3645 3104 3775 3160 μετα-

567 3185 691 3240 dem
725 3185 1154 3255 subsequentesl:
1182 3200 1319 3255 quas
1343 3187 1482 3240 inter
1501 3187 1847 3242 extendimus
1865 3187 2030 3241 etiam
2055 3189 2161 3242 ali-
2188 3181 2195 3196 ’

2145 3217 2161 3228 -
2188 3181 2232 3203 ’⁸
2263 3187 2431 3250 νοιας.
2457 3186 2724 3257 ἰσοταχῶς
2764 3187 3003 3250 ἅπαντες
3030 3186 3111 3257 τῷ
3139 3184 3443 3256 προεστῶτι
3471 3181 3707 3252 ἑπόμενοι·
3731 3181 3773 3230 ἐν

567 3286 832 3346 quantum
867 3291 1064 3331 manus
1083 3276 1151 3330 ad
1182 3275 1374 3330 Deum.
1401 3277 1602 3332 Deinde
1641 3278 1724 3332 sic
1766 3279 1904 3334 alias
1951 3279 2160 3350 viginti,

2143 3318 2160 3344 ,
2262 3275 2351 3342 αἷς
2379 3278 2474 3332 καὶ
2498 3277 2697 3349 μικρὸν
2719 3278 2818 3340 τὰς
2838 3281 3028 3348 χεῖρας
3061 3277 3383 3346 ἐκτεινομεν
3407 3272 3536 3342 πρὸς
3558 3271 3634 3325 τὸν
3655 3269 3771 3320 Θεόν.

567 3380 775 3441 quanta
805 3371 1038 3441 quisque
1059 3371 1336 3426 celeritate
1364 3379 1561 3438 potest.
1583 3370 1662 3425 Ita
1697 3372 1914 3442 agimus
1940 3372 1994 3426 in
2027 3389 2162 3426 una-

2147 3403 2162 3415 -
2261 3365 2376 3423 Εἶθ’
2413 3366 2587 3430 οὕτως
2617 3367 2786 3431 ἄλλας
2815 3372 2864 3420 κ’
2897 3367 2973 3430 ὡς
3010 3365 3126 3436 ἔχει
3147 3366 3353 3436 τάχους
3379 3363 3608 3423 ἕκαστος.
3631 3356 3775 3418 Οὕτως

571 3475 789 3531 quaque
818 3462 1033 3531 synaxi.
1056 3459 1134 3514 Ad
1165 3475 1286 3516 com
1319 3461 1612 3531 pletorium
1651 3473 1835 3519 autem
1864 3480 2040 3536 genua
2071 3465 2164 3522 ﬂe-

2145 3493 2164 3507 -
2259 3456 2355 3515 οὗν
2397 3459 2520 3514 καθ’
2552 3461 2789 3530 ἑκάστην
2835 3457 3078 3523 σύναξιν.
3112 3458 3207 3520 Εἰς
3237 3457 3301 3510 δὲ
3347 3455 3407 3509 τὸ
3450 3448 3773 3510 ’Δειιοδείπνιον1

570 3555 773 3610 οιὶιιιιιε
810 3553 1190 3623 quinquagies,
1224 3563 1276 3608 et
1299 3553 1366 3608 ad
1415 3555 1746 3609 matutinum
1779 3557 2126 3628 quadragies.

1799 3557 2126 3628 luadragies.
2259 3553 2605 3625 γονυκλισίαι
2638 3559 2702 3618 ν’,
2741 3554 2834 3604 καὶ
2866 3552 2948 3613 εἰς
2991 3550 3082 3604 τὸν
3111 3549 3314 3620 ὄρθρον
3353 3546 3427 3619 μ’.

649 3645 736 3700 ll.
772 3644 830 3698 In
891 3645 1150 3701 omnibus
1197 3646 1481 3701 matutinis
1521 3656 1646 3716 post
1695 3647 1859 3703 littem
1896 3649 2147 3705 lectionis

2335 3652 2426 3700 ια’.
2457 3645 2581 3717 Χρὴ
2601 3643 2894 3714 γινώσκειν
2921 3643 3008 3697 ὅτι
3035 3645 3116 3705 εἰς
3135 3642 3371 3696 ἕκαστον
3395 3641 3574 3712 ὄρθρον
3603 3637 3715 3708 μετὰ
3730 3635 3777 3687 τὸ

577 3746 888 3810 surgentes,
919 3736 1209 3793 duodecies
1263 3737 1497 3794 dicimus
1530 3755 1544 3791 :
1579 3737 1821 3805 Domine,
1889 3741 2155 3795 miserere.

2148 3780 2155 3795 .
2259 3739 2416 3801 τέλος
2443 3738 2545 3808 τῆς
2575 3734 2937 3804 ἀναγνώσεως
2967 3734 3312 3805 ἐγειρόμενοι
3351 3732 3624 3794 δωδεκάκις
3662 3728 3776 3795 λέγο-

2263 3845 2364 3899 μεν
2391 3827 2470 3892 τὸ,
2503 3828 2705 3896 Κύριε,
2733 3824 3139 3894 ὲλέησον.Καὶ
3159 3823 3335 3888 οὕτως
3361 3824 3574 3895 ἄρχεται
3601 3817 3777 3885 πάλινὴ

2257 3919 2572 3990 ψαλμῳδία.

2333 4011 2421 4082 ιβ’.
2458 4013 2553 4064 Δεῖ
2577 4011 2778 4065 εἰδέναι
2803 4012 2882 4075 ὡς
2904 4008 3031 4065 καθ’
3063 4009 3302 4064 ἕκαστον
3316 4008 3574 4064 Σάϐϐατον
3601 4005 3680 4060 καὶ
3693 4005 3777 4057 Κυ-

2263 4103 2480 4176 ριακὴν,
2503 4103 2593 4157 ὅτε
2612 4103 2716 4157 οὑκ
2743 4103 2892 4174 ἔστιν
2923 4103 2984 4156 ὲν
3021 4103 3212 4165 αὐταῖς
3243 4101 3366 4173 ἦτοι
3395 4099 3547 4171 ἑορτὴ
3569 4101 3774 4150 Δεσποτι·

2258 4194 2409 4266 κὴ,ἦ
2442 4194 2633 4266 μνήμη
2665 4193 2847 4262 ἁγίου,
2875 4194 2968 4248 τὸν
3000 4191 3330 4246 ’Δπόστολον
3375 4187 3774 4258 ἀναγινώσκομεν.

579 3833 759 3900 Atque
785 3831 860 3886 ita
899 3834 1076 3886 denuo
1107 3829 1297 3900 incipit
1317 3829 1622 3900 psalmodia

645 4008 732 4063 1‘2.
764 4007 925 4064 Omni
987 4009 1226 4065 Sabbato
1280 4025 1344 4066 ac
1403 4011 1492 4066 die
1561 4011 2160 4082 Dominico,quoties-

573 4086 794 4171 cunque
845 4101 900 4155 in
939 4101 1025 4174 bis
1051 4116 1162 4156 non
1208 4101 1560 4159 occurritch
1610 4103 1934 4160 solemnitas
1973 4105 2159 4159 Domi-

575 4190 652 4255 ni,
693 4192 778 4244 vel
817 4188 1052 4260 alicujus
1080 4191 1253 4245 sancti
1285 4193 1569 4255 memoria,
1603 4207 1672 4248 ex
1702 4191 1964 4262 Epistolis
1994 4193 2155 4248 Pauli

576 4281 826 4351 legimus.
887 4281 1138 4336 Sabbatis
1186 4293 1366 4336 autem
1393 4285 1459 4336 ad
1498 4284 1821 4338 matutinum
1869 4286 2157 4354 psallimus

2145 4303 2157 4342 ι
2269 4288 2360 4340 Ἐν
2391 4287 2450 4340 δὲ
2481 4289 2595 4350 τοῖς
2621 4286 2900 4342 Σάϐϐασιν
2944 4287 3027 4348 εἰς
3067 4285 3160 4338 τὸν
3213 4284 3414 4356 ὄρθρον
3453 4281 3690 4353 ψάλλομεν
3712 4275 3773 4338 τὸν

575 4374 839 4428 οειιιιίειιιιι
887 4381 1014 4428 ante
1081 4373 1376 4448 psalmum,
1406 4375 1758 4432 immaculati.
1791 4374 1996 4431 Deinde
2054 4377 2157 4430 im-

2147 4407 2157 4418 -
2259 4376 2365 4448 πρὸ
2400 4375 2494 4430 τοῦ
2541 4375 2788 4446 ἀμώμου
2822 4375 3092 4446 κάθισμα.
3125 4370 3259 4428 Εἶτα
3309 4375 3401 4429 τὸν
3428 4373 3661 4442 ἄμωμον·
3685 4367 3775 4420 εἶτα

575 4464 864 4528 maculati,
925 4472 979 4518 et
1012 4463 1243 4520 subinde
1290 4447 1559 4534 psalmum
1617 4464 2203 4536 quinquagesimum,1

2143 4509 2156 4532 ,
2191 4479 2235 4536 ι)
2261 4447 2354 4523 τδν
2387 4473 2451 4523 ν”
2489 4463 2608 4522 εἷτα
2649 4468 2742 4522 τὸν
2789 4467 3012 4521 κανόνα*
3046 4467 3290 4536 γίνονται
3320 4466 3376 4519 δὲ
3408 4461 3703 4532 ἀναγνώσεις
3720 4463 3771 4526 γ.

575 4565 765 4626 postea
806 4569 1072 4611 canonem
1108 4571 1124 4620 ;
1155 4563 1210 4609 et
1257 4556 1396 4610 tiunt
1431 4553 1692 4610 lectiones
1732 4565 1863 4611 tres.
1915 4557 2160 4628 Namque

2150 4577 2160 4612 ι
2255 4561 2351 4624 Εἰς
2379 4559 2490 4632 γὰρ
2539 4560 2633 4613 τὸν
2674 4560 2918 4630 ἄμωμον
2951 4559 3055 4613 οὐκ
3100 4562 3564 4630 ἀναγινώσκομεν.
3596 4550 3778 4608 ’Δντὶδὲ

577 4646 647 4700 ad
673 4646 944 4717 psalmum
978 4645 1330 4711 immaculati,
1363 4660 1471 4699 non
1501 4645 1757 4716 legimus.
1792 4643 1938 4700 Loco
1973 4651 2154 4702 antem

2147 4669 2154 4702 ι
2254 4653 2350 4706 τοῦ
2395 4651 2876 4722 ὲξατιοστειλαρίου
2923 4651 3155 4723 λέγομεν
3189 4653 3273 4717 τὸ,
3311 4653 3416 4716 Εις
3445 4649 3775 4721 μνημόσυνον

577 4738 954 4809 exapostilarii
977 4738 1234 4806 dicimus,
1255 4737 1320 4792 In
1347 4737 1600 4791 memoria
1622 4747 1818 4792 aeterna
1840 4738 1937 4792 erit
1951 4738 2156 4808 justus,
2178 4779 2181 4782 -

2151 4779 2181 4800 .-
2255 4742 2494 4798 αἰώνιον
2541 4741 2716 4796 ἔσται
2761 4741 3027 4808 δίκαιος,
3063 4743 3181 4796 ἀπὸ
3225 4741 3416 4810 ἀκοῆς
3452 4735 3688 4806 πονηρᾶς
3721 4735 3779 4787 οὐ

578 4830 645 4884 ab
669 4831 941 4884 auditione
971 4829 1114 4884 mala
1153 4846 1254 4884 non
1282 4829 1503 4886 timebit.
1536 4828 1662 4884 Haec
1705 4831 2159 4899 quantitas_qua-

2148 4862 2159 4873 -
2255 4832 2685 4902 φοϐηθήσεται.
2737 4829 2950 4902 Αὖτηή
2995 4831 3232 4901 ποσότης
3272 4849 3330 4885 τε
3363 4833 3455 4884 καὶ
3477 4829 3671 4898 ποιότης
3700 4824 3776 4893 τῆς

581 4922 813 4992 litasque
852 4921 1168 4991 psalmodize
1227 4921 1572 4992 protenditur
1629 4937 1802 4994 usque
1833 4922 1904 4978 ad
1959 4924 2160 4980 rivilici

2147 4925 2160 4980 i
2255 4923 2576 4997 ψαλμῳδίας
2596 4921 2854 4977 διατείνει
2873 4923 3037 4994 μέχρι
3053 4923 3152 4991 τῆς
3175 4922 3437 4990 ὑψώσεως
3453 4921 3540 4974 τοῦ
3562 4913 3775 4985 ζωοποιοῦ

579 5009 709 5080 ligni
733 5011 1142 5066 exaltatiouem.

809 5011 1142 5066 altatiouem.
2261 5015 2437 5080 ξύλου.

658 5103 740 5157 15.
781 5103 1050 5158 Postridie
1100 5103 1448 5159 dormitionis
1504 5104 1868 5162 sanctissima:
1916 5106 2162 5176 Deiparre

2145 5124 2162 5163 ε
2337 5115 2424 5176 ιγ’.
2469 5106 2668 5160 ’ἰστέον
2703 5107 2786 5160 ὅτι
2840 5109 2921 5170 εἰς
2956 5107 3055 5178 τὴν
3103 5108 3365 5178 κοίμησιν
3417 5106 3512 5174 τῆς
3555 5095 3773 5164 macria;

579 5199 634 5249 in
665 5193 912 5265 lyclinico
943 5203 1064 5263 post
1097 5194 1422 5263 prooemium
1445 5195 1626 5249 statim
1647 5196 1888 5251 dicitur:
1921 5197 2164 5264 Domine,

2149 5239 2164 5264 ν
2263 5200 2524 5255 Θεοτόκου
2555 5202 2724 5272 ἤγουν
2761 5203 2842 5265 εἰς
2870 5201 2930 5254 τὸ
2959 5200 3214 5271 λυχνικὸν
3256 5201 3320 5254 τὸ
3371 5199 3639 5270 μεθέορτον
3671 5187 3775 5262 μετὰ

579 5288 828 5342 cluuiani.
859 5284 926 5341 Et
956 5303 1113 5341 tuane
1143 5289 1210 5341 ad
1235 5287 1566 5342 matutinum
1604 5300 1724 5358 post
1748 5288 2162 5358 hexapsalutum

2149 5305 2162 5344 ι
2264 5290 2324 5342 τὸ
2348 5289 2634 5361 προοίμιον
2665 5289 2889 5357 εὐθέως,
2923 5291 3121 5359 Κύριε,
3155 5288 3468 5359 ἐκέκραξα.
3494 5285 3595 5342 Καὶ
3620 5285 3677 5352 τῇ
3697 5281 3777 5331 ἓω-

2107 5402 2344 5460 NOTAE.

595 5581 598 5586 -
652 5541 765 5611 (56)
803 5538 1029 5595 Cantica
1057 5538 1454 5608 pmuitentialia
1505 5539 1591 5594 vel
1639 5539 1696 5592 in
1737 5537 2000 5593 honorem
2028 5554 2161 5610 apo-
2263 5539 2453 5614 lyrica,
2485 5540 2670 5614 ltymni
2698 5541 2752 5595 in
2786 5540 3047 5596 honorem
3072 5551 3392 5614 martyrum.
3600 5603 3627 5614 __
3664 5603 3688 5614 Α,

578 5603 757 5666 θιὼ(
1058 5603 1074 5608 ⁷
2063 5603 2078 5610 ’
2287 5603 2306 5611 ⁷
2333 5611 2444 5680 (59)
2487 5603 2827 5735 llztnnornm
2870 5627 3064 5684 genus.
3097 5615 3164 5667 de
3215 5603 3444 5683 quorum
3472 5603 3778 5680 appellatioae

652 5683 764 5735 l57l
785 5679 1043 5735 Stichira.
1079 5679 1341 5735 tronaria.
1365 5694 1459 5734 seu
1483 5693 1674 5734 versus
1704 5679 1998 5735 longiores.
2259 5679 2500 5735 disnutat
2545 5681 2791 5735 -‘aneius.

652 5683 764 5752 (57)
785 5679 1043 5752 Sticliira,
1079 5679 1341 5752 troparia,
1365 5693 1674 5752 seu‘versus
1704 5679 1998 5751 longiores.
2259 5679 2508 5752 disputat
2529 5679 2791 5752 Cangius.

652 5741 763 5826 (58)
802 5752 877 5807 Ita
898 5741 1141 5824 intelligo
1169 5741 1580 5823 'sigla'codicis.
1615 5748 1758 5808 Sunt
1791 5741 1970 5835 autem
2010 5765 2151 5806 ntar~
2330 5741 2440 5823 (to)
2470 5750 2564 5808 Est
2595 5741 2839 5822 psalmus
2868 5768 2988 5810 cui.
3031 5749 3248 5812 Videsis
3292 5751 3562 5814 Goarium,
3585 5763 3633 5819 ρ.
3671 5741 3746 5797 2³η

4049 977 4060 1009 4

4047 1119 4060 1182 4

4053 1191 4060 1218 ι

4049 1257 4060 1296 Ι

4045 2337 4059 2444 φ

4037 3133 4060 3216 ,‘l
