4122 6382
425 354 565 421 1⁸709

1481 345 2141 415 CONSTITUTIONES
2167 351 2642 414 STUDITANAZ.

3568 334 3704 415 1710

421 473 514 525 θεν
554 472 636 532 είς
682 468 775 523 τὸν
813 469 1009 542 ὄρθρον
1053 470 1191 539 μετά
1248 454 1309 522 τὸ
1357 448 1674 540 έξάψαλμον
1714 467 1884 521 πάλιν
1923 466 2005 530 τὸ,

2116 479 2310 523 rursus
2341 467 2585 522 dicitur:
2624 466 2759 521 Deus
2805 465 3060 520 Dominus
3102 481 3116 530 ;
3171 466 3474 537 statimque
3501 482 3703 527 ration.

424 561 571 625 Θεὸς
600 560 839 627 Κύριος,
890 559 987 613 καὶ
1021 560 1184 622 εὐθὺς
1237 560 1266 612 ὁ
1320 558 1526 624 κανὼν,
1571 556 1909 626 ἀναγνώσεις
1937 554 2005 626 β’.

435 652 669 723 Ὁμοίως
701 652 784 715 εἰς
823 650 888 705 τὸ
913 649 1188 720 γενέθλιον
1214 650 1315 721 τῆς
1341 651 1533 722 αὐτῆς·
1559 649 1763 721 ὁμοίως
1798 649 1880 712 είς
1907 649 2009 717 τὴν

422 743 671 814 Χριστοῦ
712 742 941 796 Γένναν·
981 740 1247 806 ὡσαύτως
1292 743 1373 806 είς
1409 742 1480 795 τὰ
1516 741 1709 796 Φῶταο
1743 739 2010 804 ὡσαύτως

422 837 503 899 εἰς
531 834 633 905 τὴν
676 833 1039 905 Ὑπαπαντὴν
1087 833 1183 887 τοῦ
1221 833 1451 905 Κυρίου.
1469 832 1559 887 Ἐν
1580 832 1769 896 ἄλλαις
1794 831 1852 885 δὲ
1881 832 2009 903 ἐορ-

418 928 565 992 ταῖς,
596 924 735 995 πλὴν
765 922 876 979 τῶν
909 924 1447 996 προγεγραμμένων,
1477 924 1685 989 διπλῶς
1728 921 2009 993 ἑορτάζειν

420 1017 523 1071 οὐκ
550 1016 650 1071 ἔνι.
696 1016 829 1069 Ἀπὸ
868 1015 927 1069 δὲ
963 1017 1063 1087 τῆς
1085 1015 1351 1085 ὑψώσεως
1381 1015 1488 1081 ἕως
1519 1015 1622 1086 τῆς
1653 1015 1898 1087 μεγάλης
1930 1014 2006 1085 μ’.

420 1110 735 1181 προτίθεται
762 1109 858 1163 καὶ
886 1109 1077 1181 ἕτερον
1108 1109 1357 1181 κάθισμα
1386 1109 1446 1163 ἐν
1476 1110 1593 1173 τοῖς
1636 1108 1878 1181 ὄρθροις,
1913 1107 2009 1162 καὶ

419 1203 489 1256 τά
515 1201 793 1273 τροπάρια
840 1201 897 1255 δὲ
924 1202 1036 1256 τῶν
1081 1201 1441 1273 καθισμάτων
1475 1200 1816 1264 διπλοῦνται,
1849 1201 2008 1270 λεγο-

424 1293 586 1363 μένου
617 1292 965 1363 μεσοστίχου·
990 1292 1238 1361 γίνονται
1271 1291 1329 1346 δὲ
1352 1293 1696 1362 ἀναγνώσεις
1724 1290 1789 1346 δ’.
1829 1291 1920 1345 Ἐν
1947 1291 2008 1344 δὲ

418 1388 534 1449 τοῖς
564 1384 809 1439 Σάϐϐασι
838 1385 1055 1449 τούτοις
1084 1386 1365 1459 ψάλλομεν
1395 1386 1465 1440 τὰ
1494 1386 1602 1457 πρὸ
1628 1384 1724 1439 τοῦ
1758 1384 2007 1455 ἀμώμου

424 1476 471 1547 β’
499 1476 840 1548 καθίσματα·
886 1474 1008 1531 εἶτα
1039 1477 1134 1533 τὸν
1163 1478 1429 1549 ἄμωμον,
1455 1474 1556 1531 εἶθ’
1582 1477 1757 1541 οὕτως
1788 1478 1881 1531 τὸν
1908 1481 2009 1529 καέ-

421 1566 571 1633 νόνα,
598 1568 901 1636 γινομένων
926 1566 968 1619 δ’
993 1568 1378 1636 ἀναγνώσεων,
1408 1566 1599 1621 καθότι
1625 1568 1706 1630 εἰς
1738 1563 1830 1619 τὸν
1854 1566 2009 1637 ἄμω-

416 1676 537 1730 μον
560 1660 660 1713 οὐκ
688 1659 1161 1732 ἀναγινώσκομεν.
1998 1660 2001 1663 ’

690 1772 829 1843 Περὶ
863 1773 974 1840 τῆς
1004 1771 1179 1843 ἁγίας
1209 1768 1737 1841 Τεσσαρακοὸ-ἑῆς.

495 1884 577 1938 ιδ’.
632 1885 753 1957 Χρὴ
787 1884 1081 1954 γινώσκειν
1137 1885 1221 1939 ὅτι
1268 1887 1335 1956 τῇ
1386 1884 1520 1957 ἁγίᾳ
1565 1885 1663 1938 καὶ
1711 1884 1926 1957 μεγάλῃ
1960 1895 2011 1956 μ’

420 1957 697 2048 φάλλομεν
737 1978 1057 2048 καθίσματα
1078 1977 1145 2041 δ’,
1181 1978 1278 2031 καὶ
1321 1976 1384 2030 τὸ
1432 1960 1720 2048 τριῴδιον·
1766 1977 2015 2044 γίνονται

419 2070 518 2124 καὶ
545 2069 886 2138 ἀναγνώσεις
913 2070 976 2125 δ’.
1002 2070 1112 2123 Καὶ
1134 2069 1246 2122 τῶν
1269 2069 1518 2141 ἀδελφῶν
1544 2068 1743 2141 μικρὸν
1764 2070 2013 2123 ἀναπαυ-

422 2162 694 2233 σαμένων,
722 2162 852 2233 περὶ
880 2162 940 2215 τὸ
969 2146 1287 2232 διάφαυσμα
1323 2161 1577 2232 σημαίνει
1610 2164 1639 2215 ὀ
1675 2162 2011 2234 ἐκκλησιάρ-

421 2268 543 2325 χηςο
580 2236 674 2307 καλ.
722 2254 943 2309 πάντων
978 2252 1478 2325 συναθροισθέντων
1507 2255 1567 2307 ὲν
1609 2254 1689 2326 τῷ
1735 2255 2008 2327 κυριακῷ,

420 2333 699 2416 ιξιὰλλομεν
729 2345 829 2417 τὴν
857 2352 931 2413 α’,
965 2347 1106 2417 μετά
1128 2345 1490 2417 καθίσματοςσ
1522 2346 1583 2400 οὐ
1625 2348 1733 2417 μὴν
1758 2347 1855 2403 καὶ
1877 2348 2010 2403 ἀνα-

422 2437 767 2509 γινώσκομεν
791 2439 850 2491 ὲν
877 2433 1039 2509 αὐτῇ.
1080 2438 1168 2492 Ἐν
1205 2438 1262 2492 δὲ
1301 2441 1368 2510 τῇ
1404 2444 1453 2507 γ’
1476 2438 1573 2492 καὶ
1611 2445 1664 2503 ς’
1693 2440 1785 2492 καὶ
1809 2440 1853 2493 θ’
1880 2441 2011 2494 ἀνα-

420 2531 786 2604 γινώσκομεν.
810 2529 951 2584 Καθ’
984 2530 1215 2585 έκαστον
1251 2530 1575 2599 ἀντίφωνον,
1603 2532 1772 2603 ἤγουν
1791 2531 2005 2600 δόξαν,

421 2618 557 2696 εὐχὴ
588 2625 799 2693 γίνεται
827 2624 981 2695 παρά
999 2642 1058 2678 τε
1084 2624 1179 2678 τοῦ
1215 2624 1589 2696 πρεσϐυτέρου
1619 2624 1714 2677 καὶ
1730 2624 2006 2681 διακόνου.

422 2713 693 2786 Ποιοῦμεν
718 2715 775 2769 δὲ
804 2715 1097 2785 μετανοίας
1129 2714 1209 2778 εἰς
1242 2714 1342 2785 μὲν
1374 2713 1473 2777 τὰς
1499 2712 1651 2787 ῶρας
1684 2715 1779 2768 καὶ
1819 2715 1884 2768 τὸ
1910 2714 2009 2768 λυ-

421 2810 608 2885 χνικὸν
636 2809 742 2863 ἀνά
784 2806 849 2861 λ’·
881 2809 963 2872 είς
1001 2808 1147 2863 δὲτὸ
1174 2808 1524 2863 ἀποδείπνιον
1559 2805 1628 2879 ρ’,
1672 2809 1767 2862 καὶ
1798 2808 1881 2873 εἰς
1918 2809 2009 2863 τὸν

420 2900 622 2971 ὄρθρον
650 2900 738 2956 π’..
1138 2971 1142 2977 ἱ

495 2999 582 3046 ιε’.
626 2992 948 3046 Δεῖεἱδέναι
981 2992 1063 3046 ὅτι
1096 2994 1165 3064 τῇ
1209 2993 1424 3064 μεγάλῃ
1454 2992 1710 3064 ἐϐδομόιδι
1736 2994 1837 3067 ὅλῃ
1866 2992 2008 3063 ψάλ-

2109 567 2166 615 et
2189 558 2458 616 lectiones
2486 561 2628 615 duae.
2653 559 2917 615 Similiter
2941 568 2998 614 et
3025 559 3078 615 iu
3104 559 3388 614 nativitate
3416 558 3661 627 ejusdem
3685 578 3702 627 ;

2111 667 2328 708 necnon
2384 653 2440 708 in
2500 652 2705 708 Christi
2744 650 3068 717 Natalibus,
3119 660 3174 707 et
3227 652 3282 706 in
3345 651 3486 708 festo
3519 651 3707 708 Lumi-

2111 758 2267 807 num,
2312 751 2368 796 et
2400 742 2456 796 in
2489 741 2809 815 llypapante
2840 741 3079 797 Domini.
3113 740 3171 797 in
3206 742 3332 798 aliis
3362 751 3544 798 autem
3612 758 3708 799 so-

2110 832 2491 890 lemnitatibus
2533 876 2550 901 ,
2582 834 2828 905 exceptis
2894 832 3169 907 praedictis
3199 875 3215 902 ,
3280 833 3561 904 duplicate
3612 846 3706 891 so-

2111 924 2345 981 lemnem
2410 922 2578 981 ritum
2660 941 2770 982 non
2832 918 2981 982 licet.
3015 925 3063 980 A
3126 926 3307 982 erucis
3358 934 3489 981 vero
3553 926 3706 982 exal-

2112 1015 2320 1071 tatione
2371 1022 2549 1088 tISqu'e
2586 1016 2655 1071 ad
2701 1033 2953 1090 magnam
3013 1016 3513 1088 quadragesimam,
3566 1026 3707 1090 prat-

2111 1107 2333 1179 ponitur
2364 1108 2532 1164 etiam
2581 1108 2731 1164 aliud
2778 1109 3049 1165 cathisma
3084 1110 3141 1166 in
3184 1111 3489 1177 matutinis,
3521 1124 3579 1166 et
3606 1125 3707 1167 ca-

2110 1200 2432 1257 tbismatum
2471 1202 2713 1274 troparia
2746 1204 3296 1275 duplicantur,.dicto
3320 1205 3661 1261 tnesosticbo
3685 1223 3703 1272 ;

2110 1300 2165 1346 et
2221 1290 2361 1346 fiunt
2414 1291 2675 1349 lectiones
2722 1302 2981 1363 quatuor.
3019 1291 3080 1347 In
3113 1292 3199 1346 bis
3232 1302 3414 1347 autem
3442 1290 3706 1346 Sabbatis

2110 1384 2402 1456 psallimus
2445 1384 2557 1442 duo
2603 1385 2929 1442 catltismata
2965 1397 3091 1441 aute
3128 1386 3400 1456 psalmum
3439 1386 3707 1439 immacu-

2108 1475 2209 1531 lati
2238 1493 2257 1531 :
2279 1478 2477 1534 deinde
2508 1478 2778 1549 psalmum
2819 1478 3190 1533 immaculati:
3216 1487 3400 1549 postea
3430 1480 3705 1533 canonem

2107 1567 2267 1625 factis
2291 1577 2529 1640 qnatuor
2574 1570 2925 1635 lectionibus,
2980 1571 3424 1643 quandoquidem
3460 1572 3528 1627 ad
3557 1571 3708 1645 psal-

2107 1677 2259 1717 mum
2285 1662 2623 1717 immaculati
2646 1678 2754 1718 non
2785 1663 3037 1745 legimus.

2513 1779 2592 1834 De
2623 1792 2815 1835 sancta
2846 1773 3297 1852 Quadragésima.

2188 1889 2279 1944 14.
2313 1890 2369 1945 In
2428 1900 2621 1947 sancta
2672 1892 3361 1965 magna'Quadragesima
3416 1892 3704 1963 psallimus

2112 1982 2437 2038 cathismata
2462 1993 2720 2054 quatuor,
2741 1993 2799 2039 et
2842 1984 3121 2047 triodium,
3155 1985 3404 2055 fiuntque
3436 1985 3704 2041 lectiones

2111 2083 2371 2145 quatuor.
2436 2074 2503 2130 Et
2551 2076 2814 2133 fratribus
2863 2077 3146 2148 paululum
3202 2078 3700 2147 requiescentibus,

2110 2167 2257 2221 circa
2291 2166 2594 2223 diluculum
2626 2168 2845 2239 signum
2883 2169 2977 2223 dat
3007 2167 3375 2224 ecclesiareha
3414 2186 3428 2222 :
3460 2169 3705 2225 cunctis—

2110 2271 2218 2325 que
2263 2256 2322 2312 in
2366 2257 2600 2314 ecclesia
2651 2258 3019 2328 congregatis,
3070 2257 3301 2327 primam
3351 2258 3544 2313 horam
3574 2272 3703 2314 can-

2111 2355 2293 2403 tamus
2329 2362 2455 2402 cum
2484 2347 2833 2414 catbismate,
2864 2363 3040 2418 neque
3092 2357 3274 2404 tamen
3312 2349 3366 2403 iu
3412 2349 3605 2407 eadem
3640 2349 3705 2405 ﬁt.

2108 2439 2294 2495 lectio.
2324 2440 2487 2496 Horis
2520 2449 2702 2496 autem
2729 2442 2914 2503 tertia.
2945 2451 3122 2505 sexta,
3153 2449 3208 2496 et
3232 2456 3375 2495 nona
3414 2443 3472 2496 tit
3516 2440 3709 2498 lectio.

2107 2533 2190 2589 Ad
2215 2534 2460 2604 singulas
2487 2533 2843 2605 antiphonas,
2864 2534 2919 2589 id
2941 2535 3268 2605 estglorias,
3302 2536 3479 2591 oratio
3506 2536 3702 2591 recita-

2110 2635 2201 2680 tur
2228 2640 2258 2679 a
2289 2624 2611 2699 presbytero
2654 2632 2711 2677 et
2735 2623 2994 2677 diacono.
3021 2621 3495 2678 Facimus'autem
3525 2633 3702 2678 meta~

2108 2731 2264 2772 nteas
2319 2713 2375 2769 in
2405 2714 2561 2770 h'oris
2594 2722 2650 2770 et
2699 2713 2972 2785 lycbnico,
3006 2713 3271 2793 triginta;
3301 2713 3358 2769 in
3402 2713 3703 2786 completos

2109 2809 2215 2873 rio,
2251 2816 2470 2862 centum
2506 2823 2523 2872 ;
2551 2814 2605 2861 et
2633 2806 2690 2862 in
2722 2806 2989 2861 matutino
3018 2804 3318 2877 octOginta.

2182 2981 2272 3037 15.
2322 2981 2458 3038 Tota
2502 2997 2702 3052 magna
2773 2981 3116 3038 hebdomada
3175 2980 3463 3053 psallimus
3510 2979 3703 3050 horas,

419 3084 587 3154 λομεν
616 3084 715 3146 τάς
758 3082 910 3155 ὥρας
938 3082 1142 3154 ὁμοίως
1165 3086 1289 3147 ταῖς
1328 3084 1435 3155 πρὸ
1484 3084 1688 3151 αὐτῶν,
1723 3085 1866 3157 πλὴν
1911 3087 2006 3154 τοῦ

2110 3078 2253 3134 sicut
2276 3090 2456 3143 antea,
2488 3076 2728 3132 Sabbato
2765 3084 2958 3131 sancto
2982 3083 3213 3145 excepto
3247 3093 3261 3129 :
3293 3083 3347 3130 et
3400 3083 3703 3130 metanceas

420 3177 579 3255 ἀγίου
625 3176 944 3253 Σαϐϐάτου·
985 3176 1080 3230 καὶ
1130 3176 1419 3247 μετανοίας
1470 3177 1530 3230 δὲ
1586 3176 1854 3250 ποιοῦμεν
1903 3180 2007 3243 ἕως

2115 3170 2347 3226 facimus
2385 3171 2564 3226 donec
2591 3169 2817 3240 incipiat
2845 3168 3177 3224 matutinum
3212 3167 3521 3238 trisagium,
3548 3167 3700 3242 quod

419 3271 545 3324 ὅτου
578 3268 810 3340 ἄρξηται
828 3269 890 3323 τὸ
916 3267 1140 3322 ἑωθινὸν
1162 3266 1470 3343 τρισάγιον,
1503 3269 1642 3341 ὅπερ
1663 3270 1883 3339 λέγεται
1915 3289 2011 3341 με-

419 3364 489 3416 τά
509 3362 570 3414 τὸ
596 3362 858 3433 στιχηρὸν
887 3360 984 3414 τοῦ
1012 3360 1219 3431 στίχοψ
1255 3360 1376 3431 μεθ’
1404 3354 1466 3414 οὗ
1496 3363 1878 3434 προκείμενον,
1916 3367 2010 3418 καὶ

433 3453 756 3507 Ἀπόστολον
787 3453 884 3507 καὶ¹
913 3454 1257 3525 προφητείαν
1285 3453 1382 3507 καὶ
1415 3454 1772 3523 Εὐαγγέλιον.

494 3553 591 3612 ις’.
626 3545 750 3618 Χρὴ
787 3544 1078 3615 γινώσκειν
1102 3547 1187 3601 ὃτι
1215 3545 1257 3599 δ’
1290 3545 1386 3599 καὶ
1401 3548 1733 3620 Παρασκευῇ
1764 3550 1859 3603 καὶ
1891 3550 2006 3602 Κυ-

423 3644 614 3713 ριακῇ,
654 3640 765 3694 τῶν
809 3639 1057 3709 ἀδελφῶν
1105 3640 1412 3712 ἱσταμένων
1462 3642 1602 3712 μετά
1632 3643 1814 3709 πάσης
1851 3644 2011 3696 εὐλα-

420 3732 596 3799 ϐείας,
640 3732 782 3804 μετά
810 3731 908 3803 τὴν
928 3732 1193 3786 ἀπόλυσιν
1225 3731 1319 3786 τοῦ
1344 3731 1544 3804 ὄρθρου
1569 3732 2009 3800 ἀναγινώσκεται

419 3806 456 3897 ἦ
499 3826 811 3896 κατήχησις
861 3823 959 3877 τοῦ
1011 3822 1278 3894 θεοφόρου
1328 3823 1545 3895 Πατρὺς
1595 3824 1756 3895 ἡμῶν
1804 3823 2011 3877 Θεοδώ-

421 3936 519 3992 ρου
550 3918 687 3990 (si).
719 3913 855 3972 Εἶτα
875 3916 1027 3986 λέγει
1053 3918 1149 3971 καὶ
1165 3917 1237 3971 τὰ
1273 3916 1404 3988 παρ’
1426 3915 1626 3971 ἑαυτοῦ
1654 3919 1683 3970 ὁ
1702 3917 2011 3987 ἡγούμενος

419 4008 688 4063 νουθετῶν
710 4008 836 4072 τοὺς
862 4005 1146 4076 ἀδελφούς.
1170 4007 1283 4059 Καὶ
1316 4005 1456 4076 μετά
1486 4006 1586 4077 τὴν
1610 4006 2010 4078 συμπλήρωσιν

416 4102 518 4174 τῆς
548 4102 928 4173 κατηχήσεως,
951 4088 1333 4165 δοξάζουσιν,
1361 4100 1456 4154 καὶ
1488 4099 1705 4168 λέγεται
1731 4100 1790 4154 τὸ
1818 4099 2010 4170 Πάτερ

416 4194 611 4266 ἡμῶν,
632 4195 729 4249 καὶ
756 4192 1082 4263 εὐλογεῖτε,
1104 4192 1282 4262 ἅγιοι,
1300 4189 1663 4262 εὐλόγησον,
1683 4194 1895 4261 Πάτερ,
1918 4195 2011 4248 καὶ

416 4287 669 4342 ἀπολύει.
696 4285 886 4349 Οῦτως
924 4283 1159 4339 καθόλου
1182 4283 1277 4337 τοῦ
1308 4283 1581 4337 ἐνιαυτοῦ.

486 4379 577 4445 ιζ’.
604 4379 726 4452 Χρὴ
754 4376 1045 4447 γινώσκειν
1084 4377 1166 4429 ὃτι
1203 4373 1281 4446 τῷ
1315 4374 1578 4445 Σαϐϐάτῳ
1604 4377 1684 4438 εἰς
1712 4377 1775 4429 τδ
1803 4376 2006 4444 Κύριε,

416 4469 737 4538 ἐκέκραξα,
762 4468 833 4522 τὰ
860 4466 1212 4536 ἀναστάσιμα
1242 4464 1895 4535 στιχηράτρισσεύονται·
1919 4468 1999 4531 εἰς

415 4561 473 4615 δὲ
525 4563 654 4625 τοὺς
702 4559 885 4623 αἴνους
934 4554 1297 4611 δισσεύονται.
1348 4555 1587 4627 Ὁμοίως
1642 4556 1733 4609 καὶ
1780 4558 1839 4609 έν
1884 4560 2004 4622 ταῖς

416 4650 778 4716 Δεσποτικαίς
804 4649 1042 4723 ἑορταῖς.

493 4744 585 4817 ιη’.
630 4746 828 4800 Ὶστέον
871 4746 954 4798 ὅτι
988 4743 1080 4797 καὶ
1113 4741 1590 4813 ὲπιστημονὰρχαι
1626 4743 1766 4796 είσὶν
1807 4744 1886 4805 είς
1914 4741 2009 4806 οὓς

416 4840 485 4895 τὰ
520 4838 809 4910 σφάλματα
838 4838 946 4891 τῶν
982 4836 1326 4909 μικροτέρων
1349 4834 1595 4905 ἀδελφῶν
1625 4835 2009 4908 ἀναφερόμενα

414 4932 517 5004 τὴν
544 4931 828 5001 διόρθωσιν
858 4929 1095 4998 δέχεται.
1137 4928 1249 4984 Καὶ
1277 4927 1573 5001 ταξιάρχαι
1606 4927 1702 4980 δύο
1732 4927 1875 4981 κατὰ
1906 4944 2002 4998 χο-

418 5024 550 5094 ρῶν,
578 5022 669 5090 ὑφ’
690 5014 766 5075 ὧν
806 5020 857 5072 οἱ
886 5018 1109 5089 ἀδελφοὶ
1140 5019 1385 5090 κοσμίως
1410 5018 1659 5073 ἵστασθαι
1684 5020 1743 5071 ὲν
1773 5020 1887 5081 τοῖς
1907 5035 2001 5088 χο-

420 5118 536 5189 ροῖς
558 5114 1094 5184 ὑπομιμνήσκονται.
1132 5112 1246 5165 Καὶ
1273 5114 1617 5184 ἀφυπνιστὴς
1642 5111 1852 5183 ἕτερος,
1884 5113 1913 5164 ό
1940 5113 1999 5162 ὲν

414 5210 539 5271 ταῖς
567 5204 909 5275 ἀναγνώσεσι
952 5203 1048 5259 τοῦ
1096 5203 1317 5277 ὄρθρου,
1349 5202 1535 5277 ἡρέμα
1569 5200 2002 5275 περιερχόμενος

314 5329 318 5333 -
416 5302 545 5365 ’τοὺς
589 5299 885 5369 ἀδελφοὺς,
925 5297 1020 5351 καὶ
1067 5298 1194 5362 τοὺς
1243 5298 1623 5367 κοιμωμένους
1671 5293 1998 5361 ἐξυπνίζων.

430 5392 594 5446 Ἀλλά
621 5392 719 5445 καὶ¹
748 5389 1083 5461 ὲπιτηρηταὶ
1122 5388 1246 5442 καθ’
1294 5388 1537 5459 ἑσπέραν
1586 5386 1682 5441 δύο
1709 5388 2002 5442 τάσσονται

418 5483 730 5557 ἀμοιϐαδὸν,
769 5483 826 5537 οἵ
852 5486 1007 5565 τινες.
1027 5481 1166 5552 μετά
1198 5479 1298 5552 τὴν
1338 5479 1524 5550 φωνὴν
1555 5478 1649 5532 τοῦ
1674 5476 1835 5546 ξύλου
1867 5495 2002 5549 προ-

414 5578 706 5650 τρέπονται
747 5576 873 5638 τοὺς
895 5574 1138 5646 νωθροὺς
1173 5574 1502 5645 συνδραμεῖν
1522 5573 1604 5637 είς
1641 5574 1711 5626 τὰ
1737 5570 2002 5641 ἑσπερινά

2110 3260 2314 3315 dicitur
2342 3267 2468 3330 post
2497 3259 2786 3314 stichirum
2819 3259 2985 3314 sticbi
3018 3277 3031 3313 ε
3084 3258 3363 3329 simulque
3423 3258 3702 3328 procime-

2109 3368 2245 3414 nun,
2283 3361 2338 3407 et
2376 3351 2539 3407 lectio
2593 3352 2751 3406 Pauli
2795 3352 2877 3416 fit,
2922 3366 3025 3405 nec
3094 3366 3203 3405 non
3252 3350 3589 3422 prophetiae,
3649 3361 3706 3407 et

2109 3443 2408 3517 Evangelii.

2185 3538 2272 3593 16.
2330 3538 2491 3595 Feria
2541 3550 2737 3610 quarta
2794 3548 2850 3596 et
2900 3540 3053 3596 sexta
3116 3550 3171 3596 et
3231 3540 3701 3610 dieDominico,

2110 3629 2418 3685 astantibus
2482 3647 2609 3687 cum
2673 3624 2993 3687 omnimoda
3046 3633 3335 3689 devotione
3412 3636 3703 3705 fratribus,

2112 3729 2234 3790 post
2253 3721 2562 3777 absolutum
2584 3724 2917 3778 matutinum
2991 3723 3189 3794 legitur
3218 3727 3521 3784 catecltesis
3544 3729 3704 3786 theo-

2110 3812 2273 3883 phori
2334 3813 2517 3871 Patris
2574 3817 2746 3870 nostri
2803 3814 3100 3872 Theodori.
3149 3817 3348 3874 Postea
3388 3818 3520 3876 facit
3577 3838 3703 3892 pro-

2110 3907 2291 3977 priam
2342 3909 2514 3963 abbas
2569 3908 2637 3964 ad
2678 3909 2878 3963 fratres
2933 3910 3399 3966 adhortationem.
3451 3913 3703 3969 Ettinita

2110 4002 2421 4067 catechesi,
2451 4000 2643 4056 dicunt
2692 4000 2861 4071 gloria
2900 4040 2916 4065 ,
2960 4016 3086 4056 cum
3139 4001 3306 4058 Pater
3358 4012 3537 4060 noster
3580 4047 3598 4073 ,
3647 4023 3703 4061 et

2111 4094 2417 4159 benedicite,
2438 4094 2632 4160 sancti,
2654 4090 2889 4160 benedic,
2915 4092 3095 4162 Pater,
3126 4105 3181 4150 et
3212 4090 3337 4151 finis
3362 4089 3440 4152 fit.
3464 4095 3557 4152 Sic
3587 4104 3701 4154 toto

2110 4199 2259 4241 anno
2298 4182 2574 4240 usuvenit.

2182 4365 2271 4419 17.
2300 4359 2540 4419 Sabbato
2582 4361 2651 4417 ad
2677 4356 2944 4431 psalmum
2968 4358 3213 4425 Domine,
3242 4358 3491 4426 clamavi,
3521 4358 3701 4431 tripli~

2109 4466 2306 4514 cantur
2348 4453 2683 4510 anastasima
2738 4452 3000 4508 sticbira:
3033 4451 3101 4507 ad
3136 4451 3327 4506 laudes
3372 4462 3559 4506 autem
3588 4453 3696 4506 du-

2109 4552 2403 4623 plicantur.
2437 4544 2529 4604 Sic
2575 4547 2740 4603 etiam
2778 4546 2832 4601 in
2859 4545 3300 4602 solemnitatibus
3334 4543 3576 4601 Domini.

2178 4734 2267 4790 18.
2300 4733 2440 4790 Sunt
2462 4734 2626 4788 etiam
2664 4730 2972 4801 disciplinae
3004 4730 3266 4802 prafecti,
3298 4730 3367 4785 ad
3412 4745 3551 4800 quos
3576 4729 3697 4785 cul-

2107 4840 2188 4899 pa:
2218 4828 2493 4881 minorum
2527 4826 2763 4880 fratrum
2798 4823 3154 4879 emendanda:
3193 4823 3531 4879 deferuntur.
3557 4820 3691 4879 ltem

2110 4930 2250 4975 sunt
2310 4917 2563 4973 chorales
2596 4916 2971 4972 moderatores
3006 4904 3138 4980 duo,
3168 4932 3199 4971 a
3230 4916 3432 4986 quibus
3494 4915 3693 4972 fratres

2109 5017 2474 5069 admonentur
2532 5019 2594 5065 ut
2630 5010 2832 5065 decore
2859 5010 2912 5063 iu
2942 5008 3128 5065 choris
3164 5024 3223 5064 se
3286 5020 3501 5075 gerant.
3543 5010 3693 5065 Prae-

2106 5104 2256 5161 terea
2283 5105 2555 5160 excitator
2588 5103 2760 5168 alter,
2807 5102 2900 5172 qui
2930 5102 3056 5156 dum
3112 5102 3251 5156 fiunt
3291 5103 3575 5158 matutinae
3612 5103 3691 5158 le-

2107 5198 2325 5255 ctiones
2357 5237 2373 5264 ,
2418 5196 2586 5253 tacite
2638 5188 2842 5250 fratres
2888 5193 3243 5259 circumiens,
3282 5194 3689 5250 obdormientes

2101 5291 2328 5362 vigilare
2350 5290 2499 5345 facit.
2540 5288 2685 5355 Quin
2713 5288 2881 5343 etiam
2925 5287 3297 5357 speculatores
3322 5286 3433 5341 duo
3482 5287 3695 5342 consti-

2100 5391 2333 5437 tuuntur
2366 5380 2698 5445 alternatim,
2726 5380 2821 5450 qui
2875 5388 2999 5450 post
3052 5378 3186 5449 ligni
3221 5378 3463 5433 sonitum
3491 5385 3694 5446 urgent

2102 5475 2373 5547 pigriores
2405 5484 2465 5530 ut
2498 5473 2564 5530 ad
2611 5487 2869 5545 vesperas
2914 5479 2971 5530 ct
3001 5470 3422 5542 completorium
3447 5482 3687 5524 concur-a

2103 5578 2253 5623 rant.
2296 5567 2618 5639 Rursusque
2654 5566 2912 5624 absoluto
2954 5563 3335 5635 completorio,
3369 5562 3532 5620 iidem
3591 5577 3687 5617 sed

1939 5683 2174 5742 ΝΟΤᾹΕ.

486 5805 602 5875 (tl)
636 5804 825 5862 Lectio
868 5803 1243 5861 catecltcsium
1306 5802 1543 5863 Studitaé
1600 5803 1894 5875 incipiebat
1952 5805 2005 5859 in
2049 5802 2332 5860 Dominiea
2363 5802 2813 5875 Septuagesimm.
2846 5800 3010 5857 Allat.
3061 5814 3151 5871 op.
3175 5797 3268 5856 cit.
3300 5836 3314 5865 ,
3341 5797 3442 5854 cel.
3480 5792 3646 5852 149οι
