4122 6382
316 795 321 800 ,
425 732 524 786 τοῦ
574 730 1022 804 προσερχομένου
1073 729 1368 800 μετάνοιαν
1418 731 1535 794 τοῖς
1586 729 1842 798 ἀδελφοῖς
1890 729 2048 783 uae“

432 328 571 397 1713
1512 329 2172 396 CONSTITUTIONES
2205 329 2678 395 smmum.
3567 293 3705 400 1714

427 447 622 516 αὑτοῦ,
659 449 802 522 μετά
830 449 894 505 τὸ
923 448 1404 524 διαμαρτύρασθαι
1427 450 1580 523 αὐτῷ
1601 450 1693 505 τὸν
1712 449 2020 520 ἡγούμενον

2124 447 2234 502 sito
2268 464 2372 504 suo
2399 447 2798 519 permanserit,
2833 457 2968 507 tunc
2988 457 3280 522 postquam
3319 450 3369 508 ei
3398 451 3570 508 abbas
3619 452 3704 508 fu-

423 547 498 601 τὰ
525 545 948 618 συμϐησόμενα,
966 545 1270 616 τηνικαῦτα
1297 545 1391 600 ἐπὶ
1412 545 1774 618 κατηχήσεως
1800 543 2014 612 εἰσάγει

2123 551 2304 597 turum
2338 543 2470 598 vita
2499 558 2674 613 genus
2702 541 3061 610 intimaverit,
3125 544 3426 601 introducit
3461 546 3528 602 ad
3561 554 3710 602 cate-

426 639 596 694 αύτὸν
629 638 728 693 καὶ
756 637 1090 710 συναριθμεῖ
1111 640 1178 708 τῇ
1212 636 1412 692 ἑαυτοῦ
1442 637 1652 711 ποίμνῃ
1677 679 1692 703 ,
1727 636 2016 708 βάλλοντος

2123 635 2365 702 rhesiin,
2427 643 2484 690 et
2536 633 2686 706 gregi
2741 650 2843 691 suo
2894 636 3254 702 adnumerat;
3309 637 3440 694 dum
3487 639 3706 695 interim

2117 726 2418 791 admissus.
2459 727 2584 784 data
2617 727 2687 784 ab
2716 728 2910 784 abbate
2939 729 3181 796 licentia,
3215 729 3346 784 facit
3375 739 3707 789 metanoeam

429 821 742 897 ἐπιτροπὴν
791 822 890 878 τοῦ
940 822 1279 893 ἡγουμένου,
1308 821 1586 878 κάκείνων
1633 820 2019 893 ἐπευχομένων

430 914 602 986 αύτῷ.

501 1016 605 1065 κε’.
643 1008 766 1080 Χρὴ
795 1005 1092 1076 γινώσκειν
1123 1005 1203 1070 ὡς
1231 1005 1329 1059 καὶ
1369 1003 1722 1076 ἀφορίστριαι
1749 1000 1858 1056 sici
1885 987 2052 1074 παρ’·

430 1104 586 1174 ἡμῐν,
616 1103 674 1154 ὲν
695 1096 786 1164 αἷς
817 1099 865 1153 οί
899 1097 1153 1162 ἀπειθεῖς
1175 1099 1275 1152 καὶ
1299 1097 1545 1168 δυσήνιοι
1580 1095 2016 1161 κατακλείονται,

432 1191 878 1266 ξηροφαγοῦντες
905 1193 1004 1247 καὶ
1032 1191 1415 1263 παιδευόμενοι
1435 1189 1538 1261 τὴν
1569 1190 1774 1260 ἀρετήν
1793 1205 1808 1220 ·
1845 1191 1880 1261 ὴ
1907 1187 2020 1260 γὰρ

429 1287 519 1342 διὰ
552 1283 837 1357 μαστίγων
879 1284 1204 1352 παίδευσις,
1245 1283 1323 1348 ὡς
1363 1285 1480 1347 τοῖς
1524 1285 1814 1354 κοσμικοῖς
1841 1284 2020 1355 ἁρμό-

431 1377 634 1444 ζουσα,
687 1378 805 1440 τοῖς
857 1375 1148 1448 Πατράσιν
1217 1374 1378 1448 ἡμῶν
1431 1373 1740 1446 ἀπόϐλητος
1794 1374 2021 1439 εἰκότως

432 1467 649 1541 ἐκρίθη.

503 1567 620 1627 κςθ.
643 1561 738 1614 Δεῐ
761 1560 960 1614 ειδέναι
988 1561 1071 1614 ὅτι
1105 1561 1164 1613 ὲν
1194 1554 1284 1624 αἷς
1317 1559 1560 1632 ἡμέραις
1587 1559 1788 1632 ἀργίαν
1812 1559 2022 1629 ἄγομεν

429 1654 541 1710 τῶν
573 1653 907 1724 σωματικῶν
941 1651 1143 1724 ἔργων,
1174 1652 1363 1726 κρούει
1390 1655 1420 1707 ὁ
1446 1649 1801 1724 βιϐλιόφύλαξ
1831 1652 1892 1706 τὸ
1921 1651 2016 1718 ξύ-

433 1746 527 1800 λον
553 1744 723 1810 ἀπαξ,
755 1744 852 1798 καὶ⁵
885 1745 1213 1814 συνάγονται
1255 1745 1304 1797 οἱ
1334 1743 1558 1815 ἀδελφοὶ
1602 1745 1684 1806 είς
1715 1743 1808 1797 τὸν
1850 1743 2020 1798 τόπον

435 1839 544 1893 τῶν
597 1837 840 1910 βιϐλίων,
903 1837 999 1891 καὶΙ
1040 1813 1324 1907 λαμϐάνει
1380 1813 1612 1900 ἕκαστος
1652 1835 1877 1908 βιϐλίον,
1926 1836 2023 1890 καὶ
2053 1813 2094 1868 Β

436 1929 804 2002 ἀναγινώσκει
833 1929 940 1994 ἕως
971 1929 1109 1999 ὀψέ·
1162 1929 1270 2001 πρὸ
1298 1929 1358 1982 δὲ
1386 1929 1496 1983 τῶν
1526 1930 1896 2002 σημαντήρων
1923 1929 2022 1983 τοῦ

435 2026 715 2098 λυχνικοῠ,
749 2025 939 2096 κρούει
973 2024 1138 2079 πάλιν
1165 2023 1314 2092 ἅπαξ
1337 2025 1366 2078 ὁ
1399 2023 1494 2078 ἐπὶ
1527 2025 1637 2078 τῶν
1671 2023 1912 2094 βιϐλίων,
1927 2025 2025 2080 καὶ

437 2125 726 2198 ἐρχόμενοι
749 2123 953 2186 πάντες
986 2122 1132 2176 κατὰ
1160 2123 1261 2193 τὴν
1290 2120 1620 2192 ἀναγραφὴν
1646 2120 2024 2192 ἀποστρέφου-

438 2234 526 2271 σιν
551 2215 729 2270 αύτάσ
758 2217 809 2269 εἰ
855 2214 912 2268 δέ
940 2231 1028 2277 τις
1055 2213 1336 2284 ύστερίσει
1372 2213 1456 2279 είς
1499 2213 1600 2285 τὴν
1630 2212 1888 2268 ἀπόδοσιν
1921 2214 2025 2285 τῆς

438 2307 647 2379 βίϐλου,
676 2305 941 2377 ἐπιτιμίῳ
976 2304 1367 2360 ὑποϐάλλεται.
1838 2378 1840 2380 τ

507 2398 613 2464 κζ’.
655 2397 777 2469 Χρὴ
803 2398 1004 2452 ειδέναι
1036 2397 1112 2462 ὡς
1138 2397 1302 2469 ήνίκα
1333 2397 1564 2470 ἐννάτην
1591 2395 1874 2468 ποιοῦμεν,
1913 2396 2023 2452 ἀπὸ

435 2493 536 2562 τῆς
564 2489 620 2557 ς’
649 2491 960 2564 λειτουργεῖ
989 2491 1018 2544 ὁ
1047 2491 1459 2564 πρεσϐύτερος·
1478 2493 1526 2545 εί
1552 2491 1609 2546 δὲ
1628 2492 1725 2546 καὶ
1755 2492 2025 2563 μέλλομεν
2073 2543 2076 2546 .

437 2583 662 2649 ἐσθίειν,
683 2582 790 2637 ἀπὸ
823 2584 923 2655 τῆς
952 2589 1002 2654 γ’
1021 2599 1036 2616 ο
1061 2582 1159 2638 ἐὰν
1182 2583 1240 2636 δὲ
1273 2583 1476 2654 ἀργίαν
1513 2582 1720 2654 ἄγομεν
1743 2581 1854 2636 τῶν
1879 2579 2024 2653 δ’ρῶν

437 2675 536 2731 καὶ
580 2676 888 2748 κάμνομεν,
934 2678 969 2749 ή
1002 2677 1102 2747 μὲν
1129 2676 1251 2731 θεία
1306 2676 1622 2748 λειτουργία
1665 2675 1816 2743 ὥραν
1845 2669 1894 2740 γέ
1928 2692 2026 2746 ση-

443 2769 628 2848 μαίνει
647 2785 662 2801 ·
695 2769 834 2839 μετὰ
860 2769 919 2824 δὲ
949 2769 1052 2842 τὴν
1089 2769 1492 2843 συμπλήρωσιν
1522 2770 1716 2841 αὐτῆς,
1747 2770 1939 2842 κρούει
1963 2768 2025 2823 τὸ

443 2863 601 2927 ξύλον
633 2864 779 2934 τρὶς,
830 2864 928 2918 καὶ⁹
987 2863 1316 2933 συνάγονται
1363 2865 1566 2929 πάντες
1593 2866 1642 2918 οἱ
1674 2863 1894 2934 ἀδελφοὶ
1930 2863 2023 2916 ἐπὶ

438 2952 502 3009 τὸ
533 2953 689 3024 αύτδ,
721 2955 818 3010 καὶ
854 2955 993 3027 μετά
1023 2956 1086 3010 τὸ
1111 2957 1286 3026 ψᾶλαι
1318 2957 1388 3011 τά
1439 2957 1666 3024 τυπικά,
1701 2958 1798 3012 καὶ
1835 2956 2025 3012 λαϐεῖν

437 3045 710 3117 εὐλογίαν,
744 3047 1102 3120 ἀπερχόμεθα
1133 3051 1214 3114 είς
1242 3049 1344 3120 τὴν
1373 3049 1676 3121 τράπεζαν.

2117 836 2306 878 coram
2338 819 2629 891 fratribus,
2669 829 2835 896 atque
2866 822 2922 878 hi
2955 822 3201 879 vicissim
3231 839 3334 896 pro
3373 825 3464 881 illo
3489 837 3669 883 orant.

2188 1003 2281 1058 9.5.
2317 1000 2462 1060 Sunt
2507 1003 2675 1060 etiam
2705 1002 2850 1074 apud
2902 1019 3006 1060 nos
3049 1003 3156 1060 ioci
3189 1005 3414 1076 quidam
3449 1007 3705 1076 separati,

2119 1097 2174 1153 in
2207 1098 2413 1169 quibus
2439 1097 2815 1154 inobedientes
2853 1108 2908 1154 et
2941 1107 3297 1155 contumaces
3334 1099 3706 1162 includuntur,

2121 1191 2278 1250 arido
2307 1192 2456 1248 victu
2482 1191 2696 1259 nutriti,
2731 1201 2896 1263 atque
2924 1192 3000 1248 ita
3027 1193 3285 1248 virtutem
3315 1194 3516 1250 edocti.
3539 1192 3708 1248 Nam-

2119 1300 2228 1356 que
2261 1283 2700 1340 emendationem
2757 1299 2858 1355 per
2919 1284 3174 1348 verbera,
3233 1301 3358 1356 qua:
3413 1284 3709 1340 mundanis

2121 1377 2442 1434 hominibus
2471 1375 2756 1444 convenit,
2777 1376 2977 1433 merito
2999 1377 3188 1434 Patres
3218 1375 3393 1433 nostri
3419 1377 3708 1454 repudian-

2120 1468 2247 1524 dam
2285 1478 2644 1524 censuerunt.

2192 1559 2284 1615 26.
2325 1559 2531 1616 Diebus
2561 1559 2764 1630 quibus
2810 1575 2843 1616 a
2900 1560 3175 1632 corporali
3207 1575 3374 1632 opere
3421 1561 3710 1627 feriamur,

2122 1653 2343 1725 signum
2404 1653 2554 1724 ligno
2597 1653 2765 1708 semel
2821 1653 2934 1709 edit
2982 1653 3478 1720 bibliothecarius,
3510 1669 3714 1710 convc-

2125 1746 2390 1816 niuntque
2447 1745 2647 1800 fratres
2711 1746 2778 1801 ad
2839 1745 3104 1802 librorum
3145 1748 3372 1812 aulam,
3433 1747 3714 1816 sumitque

2125 1838 2513 1909 unusquisque
2543 1839 2767 1905 librum,
2818 1849 2874 1894 et
2904 1857 3079 1909 usque
3118 1840 3186 1894 ad
3225 1855 3508 1910 vesperam
3557 1841 3708 1912 legit.

2125 1929 2229 1985 Sed
2262 1929 2584 2000 priusquam
2617 1929 2856 2001 lychnici
2878 1929 3036 2002 signa
3067 1929 3289 1996 dentur,
3313 1931 3497 2002 pulsat
3518 1947 3713 1988 rursus

2125 2022 2296 2078 semel
2335 2022 2822 2087 bibliothecarius;
2881 2021 3180 2093 cunctique
3206 2023 3489 2078 venientes
3511 2038 3714 2078 secun-

2124 2113 2254 2167 dum
2306 2112 2572 2183 scriptam
2610 2113 2876 2169 schedam
2909 2113 3082 2169 libros
3135 2113 3393 2168 reddunt.
3461 2112 3616 2180 Quod
3665 2115 3712 2171 si

2123 2205 2252 2276 quis
2285 2204 2516 2262 reddere
2545 2205 2745 2261 librum
2775 2216 3088 2274 cunctatur,
3119 2221 3298 2277 preme
3321 2206 3638 2278 subjicitur.

2196 2386 2289 2442 27.
2323 2385 2446 2454 Quo
2473 2395 2720 2458 tempore
2765 2387 2954 2443 horam
3010 2403 3214 2444 nonam
3253 2387 3592 2454 recitamus,
3641 2389 3712 2445 ab

2125 2480 2262 2536 hora
2300 2491 2456 2537 sexta
2486 2497 2704 2538 sacrum
2734 2482 2863 2538 facit
2893 2469 3184 2554 presbyter
3209 2499 3223 2536 :
3250 2483 3396 2552 quod
3449 2481 3496 2539 si
3541 2483 3710 2538 etiam

2103 2575 2386 2644 :pransuri
2417 2588 2632 2640 sumus,
2659 2589 2724 2630 ac
2754 2574 2890 2630 hora
2917 2574 3096 2630 tertia.
3135 2573 3254 2630 Jam
3280 2575 3327 2630 si
3355 2575 3425 2630 ab
3453 2575 3604 2630 horis
3634 2574 3716 2630 fe-

2090 2671 2093 2674 '
2125 2665 2358 2730 riamur,
2387 2675 2442 2721 et
2495 2665 2832 2728 laboramus.
2866 2665 3053 2721 divina
3088 2665 3310 2736 liturgia
3359 2667 3512 2722 horae
3539 2667 3715 2722 tertiae

2125 2759 2428 2829 deputatur
2464 2778 2478 2815 :
2517 2775 2624 2830 qua
2659 2760 2894 2829 expleta,
2927 2760 3134 2830 lignum
3164 2769 3248 2816 ter
3271 2761 3544 2831 pulsatur,
3577 2775 3712 2817 con-

2125 2853 2468 2924 veniuntque
2499 2869 2691 2908 omnes
2723 2852 2946 2916 fratres,
2992 2862 3047 2909 et
3079 2855 3316 2910 cantatis
3345 2854 3565 2926 typicis,
3617 2871 3715 2910 ac-

2125 2957 2392 3018 ceptaque
2431 2947 2832 3015 benedictione,
2865 2947 2934 3002 ad
2965 2963 3212 3004 mensam
3264 2948 3570 3020 pergimus.

436 3160 577 3231 Περὶ
600 3160 716 3244 τῆς
737 3162 808 3215 ἐν
839 3162 1127 3244 βρώμασι.
1155 3164 1254 3218 καὶ
1269 3165 1890 3244 πόμασι-ποσότητος.
1921 3165 2020 3220 καί

2130 3165 2205 3222 De
2236 3167 2474 3223 ciborum
2528 3177 2577 3244 et
2633 3178 2852 3244 potuum
2911 3169 3211 3244 quantitate
3240 3179 3292 3224 et
3343 3169 3628 3242 qualitate,
3664 3179 3714 3225 et

473 3234 816 3300 ποιότητος,
843 3232 942 3286 καί
964 3232 1076 3302 τῆς
1101 3234 1173 3287 ἐν
1192 3234 1322 3301 ταῖς
1351 3232 1665 3304 τραπέζαις
1680 3232 1986 3301 εὐταξίας.

510 3343 620 3415 κη’.
647 3344 781 3397 ’Υπε
792 3341 1072 3416 ρχομένων
1097 3345 1207 3398 τῶν
1236 3345 1482 3416 ἀδελφῶν
1517 3349 1598 3412 εἰς
1619 3347 1681 3401 τὸ
1705 3348 2024 3420 ἀριστῆσαι,

438 3436 469 3491 ὁ
503 3434 687 3505 στίχος
715 3435 894 3488 αὐτῶν
924 3436 1018 3488 ἐπὶ
1049 3437 1318 3506 στόματος
1363 3438 1590 3509 φέρεται
1611 3455 1627 3471 ο
1660 3439 1931 3511 κάθηνται
1967 3438 2028 3493 δὲ

441 3527 585 3581 κατά
653 3528 936 3598 τράπεζαν
1043 3528 1342 3597 ἀκόϐητον
1393 3530 1503 3600 (43)
1581 3534 1651 3585 θ’·
1701 3531 1752 3584 οἱ
1809 3531 2029 3602 ταξιάρ-

439 3636 536 3690 χαι
575 3617 633 3672 δὲ
672 3618 771 3682 τάς
805 3618 1237 3692 ἀναπληρώσεις
1263 3619 1374 3673 τῶν
1395 3620 1688 3690 τραπεζῶν
1721 3621 2025 3692 ποιοῦνται,

442 3713 537 3764 καὶ
565 3711 843 3775 εὐτάκτως
872 3711 1030 3778 ἐκτὸς
1058 3711 1322 3782 θορύϐου·
1353 3713 1566 3782 γίνεται
1600 3714 1660 3768 δὲ
1709 3720 1746 3781 ἡ
1775 3715 2026 3783 ἀνάγνω-

443 3821 550 3869 σις,
581 3803 692 3858 τῶν
721 3804 966 3876 ἀδελφῶν
1003 3805 1073 3860 τά
1113 3806 1442 3860 κουκούλλια
1473 3807 1570 3861 ἐπὶ
1597 3807 1842 3879 κεφαλῆς
1875 3807 2029 3880 ἐχόν-

442 3913 573 3952 των.
607 3898 844 3969 Σημεῖον
871 3897 930 3951 δὲ
961 3897 1058 3952 τοῦ
1087 3898 1277 3963 τέλους
1299 3900 1402 3970 τῆς
1435 3897 1800 3970 ἀναγνώσεως
1825 3899 2028 3970 ταύτης

443 3988 595 4042 ἐστὶν
628 3990 658 4042 ὁ
687 3984 823 4060 ἦχος
863 3991 976 4043 τῶν
1011 3989 1274 4063 κλιερίων
1307 3992 1366 4045 ὲν
1391 3993 1460 4063 τῇ
1495 3991 1705 4064 ὑστάτῃ
1739 3989 2026 4063 μαγειρίᾳ,

443 4082 666 4136 πάντων
701 4081 840 4154 ὁμοῦ
900 4083 994 4139 ἐπὶ
1051 4084 1162 4138 τῶν
1203 4083 1530 4155 παροψίδων
1585 4082 2026 4157 ὲρῤιπτομένωνο

441 4173 646 4244 ὁμοίως
665 4173 722 4227 δὲ
746 4173 835 4227 καὶ
859 4173 920 4228 τὸ
943 4173 1188 4244 κεράσαι
1207 4174 1386 4228 καὶτὸ
1407 4173 1726 4246 παραθῆσαι
1745 4174 1834 4228 διὰ
1863 4172 2028 4248 κρού-

451 4281 669 4335 σματος
704 4264 938 4334 γίνεται.

515 4357 622 4414 κθ⁹.
675 4358 877 4412 ’ἰστέον
910 4359 967 4412 δὲ
995 4359 1078 4413 ὅτι
1113 4359 1221 4414 ἀπὸ
1248 4360 1352 4431 τῆς
1383 4361 1692 4432 πασχαλίας
1721 4361 1832 4433 (44)
1863 4361 2028 4434 μέχρι

440 4448 549 4502 τῶν
581 4448 756 4519 ἁγίων
787 4452 1008 4505 πάντων
1041 4451 1179 4524 (45).
1206 4452 1308 4517 τὰς
1342 4453 1391 4526 β’
1423 4453 1717 4525 μαγειρίας
1743 4454 1806 4508 τό
1833 4471 1894 4508 τε
1926 4455 2026 4509 λά-

440 4559 605 4615 χανον
633 4543 729 4596 καὶ
761 4543 822 4597 τὸ
846 4545 1073 4615 ὄσπριον
1125 4545 1263 4617 μετά
1314 4547 1496 4601 ἐλαίου
1540 4547 1830 4620 ἐσθίομενο
1875 4548 2025 4621 χρώ-

443 4635 588 4706 μεθα
615 4635 672 4690 δὲ
695 4637 795 4691 καὶ
827 4637 1049 4708 ίχθύων,
1074 4639 1172 4693 καὶ
1195 4641 1384 4711 τυροῦ,
1407 4641 1504 4695 καὶ
1534 4641 1677 4697 ώοῦ·
1709 4643 1938 4715 πίνομεν
1967 4642 2027 4698 δὲ

439 4728 510 4780 τά
541 4727 743 4798 ἄριστα
771 4726 854 4797 γ’·
907 4731 1198 4801 κρούοντος
1239 4732 1335 4786 τοῦ
1369 4732 1553 4800 ξύλου,
1601 4735 1933 4806 ἀπέρχονται
1971 4737 2023 4790 oi

439 4821 664 4890 ἀδελφοὶ
705 4823 801 4876 καὶ
831 4824 1105 4881 ἐσθίουσιν
1134 4828 1302 4900 ἄρτον
1325 4842 1340 4860 ‘
1371 4829 1466 4883 καὶ
1505 4828 1604 4883 ὲάν
1631 4831 2023 4900 ἐπερίσσευσεν

445 4914 710 4985 μαγειρία
760 4915 904 4987 πρωῒ
949 4917 1233 4989 (ἐπίτηδες
1295 4918 1406 4990 γὰρ
1450 4919 1654 4992 ἔδεσμα
1696 4923 1758 4975 τὸ
1803 4921 1902 4992 ὀψὲ
1943 4920 2024 4994 τῷ

441 5005 608 5078 κοινῷ
634 5007 697 5060 ού
739 5009 1010 5080 γίνεται),
1042 5010 1209 5082 κιρνὰ
1243 5011 1299 5064 δὲ
1331 5013 1447 5068 δύο.
1478 5013 1572 5078 Εἰς
1605 5014 1664 5068 δὲ
1693 5014 1790 5086 τὴν
1824 5021 1878 5085 μ’
1913 5015 2025 5068 τῶν

440 5099 614 5168 ἁγίων
660 5099 977 5153 ἀποστόλων
1031 5102 1221 5172 ἰχθύας
1261 5105 1360 5158 καὶ
1405 5105 1569 5177 τυρὸν
1610 5105 1708 5160 καὶ
1752 5105 1860 5159 ὠὸν
1921 5106 2024 5160 οὐκ

438 5192 719 5265 ἐσθίομεν,
750 5191 890 5265 πλὴν
921 5192 1034 5249 τῶν
1065 5195 1290 5268 ἡμερῶν
1319 5200 1378 5253 ἐν
1407 5192 1498 5264 αἶς
1542 5199 1692 5272 ὥραν
1723 5198 1786 5254 ού
1815 5197 2021 5270 ψάλλο·

2055 4513 2102 4571 1)

2509 3239 2724 3294 decente
2748 3240 2803 3293 in
2837 3239 3032 3294 mensis
3067 3241 3254 3295 ordine

2197 3349 2289 3406 28.
2333 3349 2696 3407 Venientibus
2726 3352 2793 3406 ad
2825 3352 3116 3422 prandium
3139 3351 3432 3420 fratribus,
3463 3354 3716 3410 versicu-

2127 3443 2212 3500 lus
2241 3443 2294 3497 in
2321 3458 2416 3498 ore
2435 3443 2706 3513 cujusque
2727 3453 2832 3506 est,
2862 3443 3166 3513 sedentque
3193 3443 3263 3498 ad
3304 3459 3550 3500 mensam
3582 3444 3718 3498 ἀκό-

2128 3538 2294 3609 ϐητον
2323 3536 2390 3592 θ’.
2426 3538 2531 3604 Qui
2558 3547 2742 3593 autem
2788 3547 2942 3593 recto
2991 3536 3174 3592 ordini
3230 3545 3362 3594 sunt
3409 3538 3715 3609 praepositi,

2129 3646 2350 3686 mensas
2385 3629 2611 3686 ferculis
2633 3631 2847 3700 replent
2870 3630 3178 3700 composite
3205 3638 3263 3684 et
3297 3629 3420 3685 sine
3447 3631 3712 3686 tumultu.

2129 3722 2198 3778 Et
2221 3724 2438 3779 interim
2469 3723 2652 3791 lectio,
2689 3725 2957 3780 fratribus
2990 3726 3268 3780 cucullata
3295 3725 3482 3796 capita.
3507 3725 3714 3780 haben-

2129 3815 2296 3871 tibus.
2351 3817 2581 3886 Signum
2631 3831 2766 3872 vero
2819 3817 3072 3870 finienda:
3106 3817 3274 3888 hujus
3323 3819 3574 3874 lectionis
3605 3828 3712 3884 est,

2129 3905 2347 3963 sonitus
2397 3906 2772 3962 cochlearium
2828 3907 2884 3961 in
2942 3917 3224 3979 postremo
3275 3908 3528 3976 ferculo,
3589 3924 3715 3963 cum

2128 3998 2313 4054 omnia
2343 3999 2506 4054 simul
2555 3998 2610 4054 in
2652 4001 2976 4070 paropsides
3027 4001 3416 4072 projiciuntur.
3449 4001 3716 4058 Miscendi

2127 4091 2336 4163 pariter
2359 4099 2418 4148 et
2445 4089 2753 4163 apponendi
2777 4093 2996 4163 signum
3027 4094 3342 4166 pulsatione
3375 4094 3455 4150 tit.

2196 4362 2289 4418 9.9.
2323 4361 2368 4414 A
2397 4358 2638 4432 paschali
2672 4367 2918 4430 tempore
2948 4374 3123 4431 usque
3148 4359 3218 4415 ad
3262 4360 3466 4417 festum
3492 4369 3715 4417 sancto-

2130 4469 2254 4509 rum
2288 4454 2560 4516 omnium,
2596 4451 2707 4508 duo
2749 4452 3126 4519 fercula,olus
3158 4469 3356 4522 nempe
3384 4462 3436 4508 et
3460 4453 3715 4524 legumen

2131 4529 2374 4603 oleatum
2396 4545 2761 4602 comedimus.
2794 4543 3086 4600 Vescimnr
3124 4545 3289 4601 etiam
3320 4545 3588 4615 piscibus,
3621 4562 3716 4600 ca-

2131 4654 2247 4705 seo,
2279 4646 2335 4695 et
2368 4637 2510 4694 ovis.
2543 4636 2793 4693 Bibimus
2831 4645 3014 4694 autem
3053 4636 3108 4692 in
3154 4637 3388 4708 prandio
3441 4647 3546 4694 ter.
3615 4637 3713 4694 Ubi

2127 4732 2336 4804 lignum
2363 4730 2716 4801 increpuerit,
2750 4728 3196 4795 abeuntfratres,
3228 4735 3283 4785 et
3307 4745 3503 4800 panem
3535 4744 3716 4785 come-

2126 4827 2288 4891 dunt,
2319 4833 2374 4881 et
2403 4824 2451 4880 si
2479 4823 2612 4894 quid
2630 4839 2694 4879 ex
2728 4822 2940 4879 ferculo
2963 4823 3237 4878 matutino
3259 4820 3535 4892 superfuit
3563 4823 3712 4893 (nam

2124 4934 2355 4990 vespere
2386 4917 2669 4990 proprium
2705 4917 2950 4972 edulium
2979 4917 3371 4972 communitati
3403 4931 3511 4971 non
3553 4931 3716 4986 para-

2125 5013 2235 5084 tur)
2270 5021 2328 5068 et
2359 5011 2602 5068 bibimus
2631 5009 2832 5081 pocilla
2865 5008 2996 5064 duo.
3045 5007 3105 5064 in
3131 5009 3551 5080 quadragesima
3583 5025 3716 5064 vero

2123 5111 2446 5177 sanctorum
2475 5101 2856 5172 apostolorum
2888 5099 3092 5172 pisces,
3113 5115 3363 5167 caseum,
3390 5107 3445 5155 et
3469 5116 3572 5156 ova
3604 5117 3713 5156 nun

2124 5196 2724 5268 comedimus,prreter
2777 5210 2945 5267 quam
3012 5193 3209 5254 diebus
3257 5193 3460 5266 quibus
3519 5194 3712 5250 ituram

1941 5397 2174 5459 NOTIE.

512 5575 626 5650 (45)
655 5576 735 5634 ita
761 5576 885 5632 cod.
905 5575 1036 5634 Mihi
1067 5593 1204 5634 vero
1230 5579 1501 5651 obscurus
1529 5588 1586 5637 et
1612 5578 1903 5651 ambiguus
1925 5580 2018 5638 hic

438 5651 594 5722 locus
608 5720 613 5722 _
625 5659 744 5722 est,
755 5659 988 5722 propter
1013 5665 1148 5706 voca
1157 5651 1289 5722 buli
1306 5650 1603 5722 novitatem
1614 5691 1629 5704 .

511 5719 624 5790 (Η)
653 5719 845 5775 Pollux
867 5719 1073 5776 Chron.
1097 5721 1243 5788 apud
1266 5720 1524 5774 Allatium
1545 5721 1766 5777 dissert.
1789 5722 1884 5776 cit.
1905 5722 2011 5776 col.

441 5791 574 5862 “Si
611 5808 625 5844 :
657 5791 762 5862 Δύο
794 5791 1098 5860 πασχαλίας
1127 5792 1464 5862 ὲϐδομάδες,
1510 5790 1610 5860 μία
1629 5792 1775 5862 οπρὸ,
1813 5794 1914 5861 μία
1957 5793 2015 5846 δὲ

443 5861 581 5936 μετά
603 5861 754 5918 οάαω
785 5862 1114 5928 paschalium
1145 5861 1506 5930 hebdomadis,
1533 5861 1702 5920 altera
1733 5880 1848 5934 qua:
1880 5880 2016 5936 pra:-

2122 5583 2298 5655 eedit,
2322 5583 2496 5655 altera
2531 5599 2650 5654 qua:
2677 5585 3034 5655 subsequitur.

2195 5654 2309 5724 (45)
2341 5652 2560 5710 Festum
2591 5652 2854 5710 omnium
2873 5668 3197 5709 sanctorum
3231 5669 3264 5710 a
3294 5654 3500 5711 Graecis
3531 5655 3713 5724 agitur

2125 5725 2180 5798 in
2234 5725 2520 5779 Dominica
2549 5727 2722 5798 prima
2761 5724 3038 5798 Matthzci;
3073 5741 3195 5798 qua:
3224 5737 3325 5798 est
3370 5726 3543 5798 prima
3584 5737 3710 5798 past

2124 5795 2514 5854 i‘entecostcn.
2547 5795 2708 5852 Aliat.
2739 5797 2875 5855 diss.
2905 5797 2998 5854 cit.
3035 5796 3140 5856 col.
3177 5795 3336 5853 1465.
