4122 6382
405 0 434 12 "
461 0 640 11 ,β’-⁷

388 339 525 405 1717

602 450 742 519 Περὶ
769 448 875 520 τῆς
901 448 972 503 ἐν
998 446 1328 514 διακονίαις
1351 447 1758 518 συμμετρίαις.

462 541 566 613 λγ’.
607 543 730 613 Χρὴ
757 542 1052 611 γινώσκειν
1080 541 1162 596 ὅτι
1187 543 1256 610 τῇ
1281 539 1420 610 ἁγίᾳ
1449 537 1662 609 μεγάλῃ
1691 554 1966 608 τεσσαρα-

393 640 586 708 κοστῇ,
615 635 754 708 μετά
784 636 846 693 τὸ
870 635 1068 708 ψάλλαι
1090 634 1240 704 ἡμᾶς
1267 634 1368 702 τὴν
1399 638 1447 686 α’
1470 631 1639 702 ὥραν,
1677 631 1831 701 ἡλίου
1867 631 1968 702 ἤδη

396 729 730 798 ἀνίσχοντος,
759 727 1058 797 ἀπέρχεται
1087 725 1319 787 ἕκαστος
1345 725 1426 787 εἰς
1453 723 1554 792 τὴν
1584 721 1750 776 αὐτοῦ
1789 721 1970 776 διακο-

393 823 544 876 νίαν’
598 821 911 892 στιχολογία
955 819 1012 877 δὲ
1059 817 1269 886 γίνεται
1297 816 1392 869 τοῦ
1421 815 1695 887 ψαλτῆρος
1745 802 1868 868 ὅλου
1912 816 1972 868 ὲν

395 910 608 974 αὐταῖς,
660 909 802 978 πλὴν
835 907 942 960 τῶν
993 905 1410 976 καλλιγραφῶνο
1457 904 1727 976 κάμνουσί
1769 921 1830 957 τε
1868 903 1973 966 ἓως

395 1002 498 1070 τῆς
524 1002 590 1055 θ’.
636 998 792 1058 Μετὰ
819 999 875 1054 δὲ
918 998 980 1051 τὸ
1005 997 1260 1067 λυχνικὸν
1296 997 1497 1067 ψάλλαι
1522 998 1692 1067 ἡμᾶς,
1725 997 1818 1050 καὶ
1864 995 1973 1049 δει-

396 1093 608 1156 πνίσαι,
643 1089 832 1156 ίδιάζει
855 1089 1086 1153 ἕκαστος
1109 1089 1185 1154 ώς
1213 1088 1484 1160 βούλεται.
1526 1089 1614 1141 Ἐν
1640 1087 1699 1140 δὲ
1729 1089 1848 1151 ταῖς
1872 1087 1976 1139 λοι-

397 1189 528 1249 παῖς
556 1184 650 1238 τοῦ
689 1183 938 1238 ἐνιαυτοῦ
983 1182 1220 1254 ἡμέραις
1247 1221 1262 1247 ,
1303 1183 1394 1236 ὅτε
1446 1182 1546 1252 μὲν
1593 1181 1652 1234 οὐ
1701 1181 1976 1251 causam

397 1278 566 1348 ὥρας,
593 1275 782 1345 κρούει
811 1274 890 1346 τῷ
916 1274 1061 1345 πρωῒ
1089 1281 1162 1343 γ’,
1197 1275 1293 1328 καὶ
1315 1274 1616 1344 ἀπέρχεται
1641 1273 1870 1336 ἕκαστος
1896 1269 1994 1335 είς

395 1367 495 1436 τὴν
535 1365 750 1418 ἑαυτοῦ.
778 1364 1079 1427 διακονίαν,
1115 1363 1212 1418 καὶ
1245 1365 1456 1434 ἐνεργεῖ
1488 1363 1682 1434 μέχρις
1725 1363 1974 1432 ἀρίστου.

397 1458 556 1514 Μετά
580 1457 636 1510 δὲ
672 1455 876 1526 βρῶσιν
910 1454 1103 1518 ἰδιάζει
1149 1455 1378 1518 ἕκαστος
1421 1455 1494 1516 ὼς
1544 1453 1824 1524 βούλεται,
1866 1452 1976 1506 εἴτε

401 1551 644 1623 μελετῶν
671 1549 807 1618 (49),
832 1549 944 1601 εἴτε
975 1546 1319 1618 κοιμώμενος
1347 1545 1454 1609 ἓως
1480 1544 1628 1617 ὥρας
1654 1549 1706 1614 η’
1722 1560 1737 1576 ο
1763 1545 1828 1614 τῇ
1856 1543 1912 1595 δὲ
1929 1549 1977 1614 η’

401 1640 588 1712 κρούει
632 1641 694 1693 τὸ
737 1639 895 1706 ξύλον
941 1640 1014 1707 γ’,
1059 1641 1152 1692 καὶ
1199 1639 1363 1692 πάλιν
1412 1637 1719 1708 ἀπέρχεται
1765 1635 1846 1699 εἰς
1877 1635 1979 1704 τὴν

401 1730 598 1786 ἑαυτοῦ
627 1729 902 1784 διακονίαν
926 1729 1160 1791 ἕκαστος
1196 1728 1302 1791 ἕως
1330 1726 1426 1781 τοῦ
1453 1725 1731 1797 λυχνικοῦ.
1753 1727 1884 1779 Ὅτε
1921 1725 1979 1777 δὲ

1573 337 1633 397 S-
1666 335 2058 400 THEODORI
2107 335 2454 400 STUDlT/E

3513 335 3650 403 1718
3672 315 3676 320 ’

2443 447 2522 503 De
2552 457 2690 504 recto
2720 448 2776 503 in
2801 448 3034 519 ofﬁcinis
3071 449 3276 504 ordine.

2147 541 2236 596 '55.
2289 540 2344 594 lu
2377 551 2566 596 sancta
2611 556 2808 611 magna
2837 540 3264 609 Quadragesima
3287 581 3304 603 ,
3365 553 3650 610 postquam

2078 630 2271 685 horam
2303 631 2534 701 primam
2565 631 2930 695 cantavimus,
2969 631 3083 686 sole
3122 631 3236 700 jam
3277 632 3508 694 oriente,
3533 648 3656 702 per-

2079 723 2156 789 git
2203 723 2580 794 unusquisque
2636 724 2705 778 ad
2749 724 3026 793 propriam
3080 723 3376 786 officinam,
3459 724 3658 779 recita-

2081 825 2280 885 turque
2305 815 2362 870 in
2394 815 2476 871 eis
2499 815 2818 886 psalterium
2845 823 3042 879 totum,
3069 823 3266 884 praeter
3291 829 3460 869 ouam
3495 831 3524 868 a
3547 815 3660 869 cal-

2081 907 2363 977 ligrapbis.
2417 906 2696 962 Laborant
2749 921 2880 962 vero
2919 921 3094 975 usque
3142 906 3212 962 ad
3266 921 3489 961 nonam.
3534 904 3657 960 Jam

2081 1008 2368 1069 postquam
2421 997 2730 1068 lychnicum
2778 998 3142 1058 cantavimus,
3191 1007 3244 1052 et
3295 998 3660 1060 cmnavimus,

2085 1091 2468 1161 unusquisque
2498 1090 2604 1144 sibi
2637 1100 2797 1145 vacat
2845 1104 2947 1159 pro
2986 1089 3162 1144 libito.
3207 1089 3430 1145 Ceteris
3476 1099 3662 1144 tamen

2085 1184 2214 1236 anni
2243 1180 2459 1242 diebus,
2489 1194 2617 1234 cum
2651 1179 2818 1234 horas
2853 1193 2962 1232 non
2993 1177 3262 1243 canimus,
3295 1175 3430 1230 fiunt
3470 1177 3664 1246 pulsus

2083 1285 2246 1326 mane
2272 1279 2402 1334 tres,
2427 1277 2481 1324 et
2498 1269 2878 1338 unusquisque
2896 1269 3070 1338 pergit
3088 1269 3154 1322 ad
3182 1283 3340 1322 suam
3366 1265 3663 1329 ofﬁcinam,

2084 1371 2142 1416 et
2165 1376 2344 1432 usque
2361 1361 2430 1415 ad
2455 1361 2744 1431 prandium
2769 1368 3050 1430 operatur.
3089 1359 3225 1415 Cibo
3255 1373 3494 1429 sumpto,
3551 1359 3668 1414 sin-

2085 1454 2197 1526 guli
2229 1453 2334 1508 sibi
2377 1463 2594 1518 vacant,
2621 1463 2784 1522 prout
2813 1451 3105 1516 voluerint,
3142 1452 3256 1506 sive
3279 1450 3484 1520 aliquid
3510 1465 3667 1504 com-

2085 1533 2434 1608 mentantes,
2482 1547 2600 1602 sive
2655 1545 3033 1602 dormientens
3078 1560 3254 1615 usque
3298 1547 3364 1600 ad
3415 1553 3664 1598 octavam

2086 1638 2276 1693 horam
2309 1655 2583 1708 :namque
2605 1639 2735 1694 liora
2759 1647 2954 1694 octava
2993 1639 3208 1709 lignum
3274 1638 3528 1705 pulsatur
3561 1646 3665 1701 ter,

2085 1728 2378 1800 denuoqne
2431 1730 2609 1801 pergit
2667 1730 3049 1801 unusquisque
3087 1730 3156 1783 ad
3203 1727 3472 1784 officinam
3507 1743 3665 1782 suam

402 1821 679 1892 ψάλλομεν
723 1821 895 1893 ὥρας,
947 1819 1266 1882 τελέσαντες
1311 1819 1412 1888 τὴν
1472 1817 1624 1890 ῶραν
1676 1815 1846 1887 πρωῒ,
1877 1817 1983 1868 ἀπ-

2086 1837 2261 1893 ttsque
2288 1823 2355 1877 ad
2389 1823 2725 1894 lycbnicum.
2753 1820 2861 1878 Sed
2891 1837 3002 1892 quo
3043 1832 3282 1892 tempore
3324 1821 3488 1875 horas
3521 1821 3669 1890 psal-

405 1919 656 1984 ἑρχονται
681 1913 732 1966 oi
760 1912 981 1980 ἀδελφοὶ
1022 1912 1103 1974 είς
1137 1910 1239 1974 τὰς
1280 1909 1492 1964 ἑαυτῶν
1519 1907 1797 1970 διακονίας
1819 1948 1834 1971 ,
1874 1907 1981 1967 ἕως

406 2004 558 2074 ὥρας
593 2008 646 2067 ς’
675 2002 999 2074 κάμνοντες,
1026 2003 1129 2057 κάν
1157 2019 1217 2055 τε
1247 2001 1396 2055 ἐστὶν
1418 2001 1485 2066 θ’,
1516 1999 1620 2055 κάν
1657 2016 1718 2054 τε
1752 1999 1856 2069 μή·
1887 1996 1982 2051 καὶ

409 2094 553 2164 μετά
573 2093 672 2164 τὴν
704 2101 759 2161 ς’
787 2091 1072 2166 ἡσυχάζει,
1097 2092 1172 2158 ὡς
1195 2093 1418 2165 εἴρηται
1441 2093 1547 2159 ἓως
1579 2093 1680 2164 τῆς
1707 2098 1781 2163 η’.

479 2272 573 2326 λδ’.
603 2271 725 2344 Χρὴ
746 2269 1035 2341 γινώσκειν
1062 2271 1144 2325 ὅτι
1171 2271 1316 2326 κατὰ
1358 2273 1550 2345 καιρὸν
1572 2275 1675 2346 τῆς
1725 2293 1980 2348 παραμο-

409 2365 508 2434 νῆς
527 2362 628 2431 τῆς
655 2361 946 2434 βαῖοφόρου
970 2363 1052 2426 είς
1088 2361 1150 2416 τδ
1185 2363 1367 2430 Κύριε
1415 2363 1713 2432 ἐκέκραξα
1733 2404 1747 2429 ,
1779 2366 1980 2420 ἀλλάσ-

411 2467 594 2505 σονται
627 2451 678 2504 οἱ
708 2450 859 2522 χοροί
883 2467 899 2482 ·
925 2450 1021 2504 καὶ
1047 2452 1095 2504 οἱ
1133 2451 1234 2521 μὲν
1261 2451 1427 2520 δεξιοὶ
1451 2453 1781 2524 ἀπέρχονται
1805 2455 1887 2519 είς
1913 2454 1979 2508 τά

408 2541 694 2614 ἀριστερά,
725 2543 776 2596 οἱ
807 2542 864 2595 δὲ
891 2542 1171 2614 ἀριστεροὶ
1201 2545 1281 2606 εἰς
1313 2545 1381 2596 τὰ
1409 2543 1576 2608 δεξιά.

480 2633 572 2687 λε’.
605 2635 698 2686 Δεῖ
727 2633 1019 2702 γινώσκειν
1039 2633 1118 2686 ὃτι
1140 2634 1303 2702 ἡνίκα
1321 2635 1510 2689 κλάσει
1533 2634 1759 2704 ἀδελφὸς
1786 2634 1982 2700 σκεῦος

410 2723 522 2778 εἴτε
549 2723 872 2794 ὀστράκινον
915 2723 1028 2782 εἴτε
1068 2724 1341 2796 σιδήρεον,
1390 2725 1468 2796 τῷ
1499 2727 1676 2798 καιρῷ
1717 2727 1812 2780 τοῦ
1859 2726 1984 2796 ἀρί-

413 2829 542 2866 στου
571 2812 860 2866 ἐσθιόντων
893 2810 1002 2865 τῶν
1056 2812 1300 2882 ἀδελφῶν
1351 2817 1684 2886 παρίσταται
1754 2815 1984 2886 πλησίον

407 2905 510 2973 τῆς
539 2902 837 2976 τραπέζης,
887 2903 1192 2973 ἡγουμένου
1235 2905 1333 2976 τὴν
1376 2905 1619 2976 κεφαλὴν
1663 2906 1741 2978 τῷ
1787 2905 1983 2960 ἑαυτοῦ

408 2994 910 3067 περικαλύπτοντος
937 2995 1294 3067 κουκουλλίῳ,
1318 2997 1414 3050 καὶ
1441 2998 1502 3050 τὸ
1533 2999 1625 3051 ὑπ’
1646 2996 1815 3052 αὐτοῦ
1862 3017 1986 3052 συν-

408 3089 597 3159 τριὸὲν
629 3089 766 3159 μετά
793 3090 1004 3161 χεῖρας,
1040 3089 1224 3160 φέρων
1254 3089 1335 3153 εἰς
1368 3089 1630 3158 ἐπίδειξιν
1659 3089 1756 3144 τοῦ
1781 3090 1984 3144 οἰκείου

411 3181 750 3252 σφάλματος.

479 3273 588 3338 λς’.
620 3273 740 3344 Χρὴ
800 3270 1093 3342 γινώσκειν
1157 3273 1242 3328 ὅτι
1298 3275 1438 3342 μετά
1491 3275 1551 3328 τὸ
1603 3275 1985 3348 στιχολογῆσαι

409 3364 558 3434 ἡμᾶς
577 3362 640 3416 τὸ
665 3363 988 3434 ψαλτήριον,
1017 3365 1100 3428 είς
1126 3363 1227 3435 τὴν
1249 3370 1292 3433 γ’
1309 3364 1468 3429 δόξαν
1499 3365 1593 3418 τοῦ
1623 3367 1983 3438 καθίσματος,

410 3451 598 3525 κρούει
631 3453 700 3507 τά
727 3460 776 3522 γ’
811 3457 838 3507 6
864 3455 960 3507 ἐπὶ
983 3453 1080 3509 τοῦ
1105 3457 1350 3523 κανόνος,
1377 3456 1445 3510 ἶν’
1472 3457 1908 3530 ἐπισυναχΘῶσιν
1935 3460 1985 3512 οῖ

411 3546 472 3600 τὸ
507 3545 807 3616 ψαλτήριον
867 3545 948 3599 ἔτι
1006 3546 1390 3614 μανθάνοντες,
1442 3547 1538 3600 τοῦ
1591 3547 1789 3618 ψάλλαι
1839 3551 1988 3621 ἡμᾶς

410 3635 547 3706 ὁμοῦ
573 3635 662 3689 τὸν
689 3637 891 3689 κανόνα
913 3653 927 3667 ·
959 3636 1068 3689 ἀπὺ
1116 3636 1227 3707 γὰρ
1269 3636 1364 3689 τοῦ
1397 3636 1711 3708 έξαψάλμου
1735 3639 1988 3711 ἐξέρχον-

411 3745 524 3791 ται,
555 3728 650 3779 καὶ
683 3725 978 3796 μελετῶσιν
1010 3725 1116 3789 ἕως
1161 3723 1320 3779 τότεο
1347 3728 1476 3798 τρία
1498 3728 1555 3780 δὲ
1585 3729 1771 3799 κρούει
1799 3731 1986 3795 πάλιν,

412 3816 508 3870 καὶ
532 3816 612 3879 εἰς
635 3816 763 3878 τοὺς
779 3817 960 3878 αῖνους
978 3853 993 3879 ,
1033 3817 1122 3868 ὅτε
1147 3815 1332 3886 μέλλει
1357 3818 1663 3889 κατήχησις
1713 3819 1988 3888 ἀναγινώ-

412 3909 641 3963 σκεσθαι
657 3908 752 3962 τοῦ
771 3908 1006 3979 μεγάλου
1023 3908 1235 3980 Πατρὺς
1250 3909 1346 3964 καὶ
1362 3910 1674 3981 καθηγητοῦ
1687 3911 1985 3984 Θεοδώρου.

483 3999 582 4065 λζ’.
612 3999 734 4070 Χρὴ
765 3999 1058 4068 γινώσκειν
1089 4001 1171 4054 ὄτι
1198 4002 1257 4054 ὲν
1303 4005 1370 4077 τῇ
1410 4005 1704 4076 παραμονῇ
1736 4004 1846 4057 τῶν
1872 4005 1987 4074 φώ-

411 4109 541 4156 των,
574 4091 712 4162 μετὰ
735 4091 796 4144 τὸ
817 4091 1086 4146 ἀπολῦσαι
1131 4093 1231 4164 τὴν
1261 4093 1412 4153 θείαν
1449 4093 1814 4168 λειτουργίαν,
1859 4095 1990 4168 λαμ·

413 4184 650 4254 σάνομεν
675 4182 774 4253 τὴν
801 4184 1051 4252 εὐλογίαν
1071 4202 1086 4216 ⁶
1118 4183 1238 4240 εἶτα
1271 4186 1639 4258 διακλυόμεθα
1663 4190 1762 4258 μὲν
1789 4190 1838 4243 of
1868 4207 1986 4245 κοι-

411 4275 779 4343 νωνήσαντες,
807 4275 908 4345 τὴν
936 4274 992 4327 δὲ
1023 4275 1274 4344 εὐλογίαν
1303 4277 1403 4330 οὐκ
1427 4278 1678 4350 ἐσθίομεν
1708 4279 1820 4349 (50)
1845 4297 1861 4311 ο
1896 4297 1988 4334 συ-

414 4363 634 4427 στείλας
659 4365 717 4418 δὲ
740 4365 769 4417 6
815 4366 993 4436 ἱερεὺς
1025 4367 1095 4419 τὰ
1125 4367 1316 4438 σκεύη,
1346 4369 1564 4440 ἔρχεται
1614 4373 1696 4436 είς
1737 4372 1806 4427 τὰ
1854 4373 1988 4442 ἅγια

413 4455 598 4525 θυρία,
633 4455 728 4508 καὶ
753 4458 986 4528 ποιήσας
1015 4458 1202 4528 εὐχὴν,
1235 4459 1518 4530 ἐξέρχεται
1537 4463 1804 4531 μετὰτῶν
1825 4465 1984 4520 ἀδελ-

411 4548 529 4616 φῶν
557 4550 636 4613 είς
677 4548 770 4602 τὸν
797 4549 1065 4622 λουτῆρα,
1103 4551 1321 4620 ψάλλων
1345 4552 1407 4605 τὺ
1437 4553 1537 4607 Ἑν
1575 4553 1842 4625 Ἰορδάνῃ
1875 4559 1991 4623 ,βα-

412 4641 760 4712 πτιζομένου
787 4659 927 4710 σου,
958 4645 1167 4711 Κυρίε’
1196 4645 1292 4698 καὶ
1325 4645 1518 4702 τούτου
1532 4647 1824 4719 λεγομένου
1837 4652 1987 4719 γίνε-

411 4749 502 4786 ται
520 4732 656 4805 πρὸς
680 4733 773 4787 τοῦ
794 4735 1039 4797 διακόνου
1065 4735 1200 4806 εὐχὴ
1223 4739 1468 4807 συναπτή
1489 4751 1504 4766 ⁸
1529 4733 1597 4810 ἦς
1621 4739 1984 4812 τελεσθείσης,

413 4826 643 4895 ἄρχεται
686 4826 716 4878 6
749 4828 928 4898 ἱερεὺς
963 4827 1063 4898 τῆς
1093 4828 1260 4898 εὐχῆς
1293 4830 1386 4882 τοῦ
1417 4829 1728 4899 άγιασμοῦε
1760 4837 1898 4904 μετά
1927 4835 1984 4889 δὲ

413 4916 477 4968 τὸ
505 4915 832 4988 ἀγιασθῆναι
871 4917 942 4970 τά
986 4917 1178 4982 ὕδατα,
1214 4917 1310 4972 καὶ
1351 4919 1480 4981 τοὺς
1520 4919 1783 4990 ἀδελφοὺς
1810 4912 1992 4992 ῥαντι-

417 5006 636 5076 σθῆναι,
688 5007 950 5076 ψάλλεται
993 5011 1310 5084 τροπάριονο
1342 5012 1372 5064 6
1419 5005 1553 5082 ἦχος
1599 5012 1692 5074 πλ,
1715 5013 1780 5079 δ’,
1813 5015 1988 5085 Φωνὴ

414 5101 636 5168 Κυρίου
658 5099 758 5153 ἐπὶ
790 5099 909 5154 τῶν
948 5101 1185 5157 ὑδάτων
1216 5101 1342 5173 ,βοᾷ
1379 5102 1679 5172 λέγουσα·
1740 5123 1880 5178 στιχ.
1915 5106 1985 5174 α’,

428 5187 490 5240 Ἠ
507 5185 792 5244 θάλασσα
811 5187 942 5243 ἴδεν
962 5189 1064 5244 καὶ
1091 5191 1338 5262 ἔφυγεν
1367 5208 1511 5264 στιχ.
1536 5191 1602 5264 β’,
1621 5193 1685 5249 Τί
1698 5209 1800 5251 σοι
1813 5197 1989 5253 ἐστιν

2081 1915 2267 1978 limus,
2295 1915 2548 1970 absoluta
2577 1930 2684 1969 una
2721 1915 2880 1975 hora,
2910 1923 3141 1984 pergunt
3181 1912 3376 1967 fratres
3409 1911 3474 1968 ad
3501 1911 3672 1967 ofﬁci-

2081 2022 2181 2062 nas
2221 2023 2373 2072 suas,
2403 2021 2580 2076 usque
2630 2006 2699 2062 ad
2741 2015 2951 2062 sextam
3006 2005 3343 2070 laborantes,
3369 2005 3484 2059 sive
3523 2005 3668 2059 reci-

2079 2098 2249 2154 t‘anda
2276 2097 2348 2154 sit
2376 2113 2520 2154 nona
2555 2099 2672 2154 sive
2693 2113 2870 2155 secus.
2902 2097 2968 2154 Et
2991 2111 3113 2169 post
3143 2107 3352 2154 sextam
3385 2095 3543 2170 quies
3563 2105 3669 2162 est,

2080 2204 2139 2247 ut
2167 2194 2431 2255 diximus,
2468 2207 2648 2262 usque
2690 2192 2760 2248 ad
2795 2201 3066 2247 octavam.

2149 2287 2235 2340 54.
2292 2284 2350 2338 ln
2378 2283 2688 2338 Palmarum
2724 2283 3025 2354 pervigilio,
3051 2283 3118 2337 ad
3147 2283 3313 2338 verba
3343 2283 3426 2336 Ad
3453 2291 3522 2349 te,
3560 2281 3676 2336 ους

2079 2379 2242 2442 mine,
2273 2376 2518 2440 clamavi,
2566 2385 2948 2446 permutantur
2996 2376 3172 2441 chori,
3196 2377 3266 2430 ita
3291 2382 3352 2432 ut
3377 2376 3583 2431 dexteri
3615 2374 3671 2429 in

2080 2470 2362 2526 sinistram
2401 2477 2608 2538 partem
2666 2479 2966 2534 transeant,
2995 2468 3206 2524 sinistri
3251 2477 3435 2524 autem
3463 2469 3516 2522 in
3543 2468 3675 2523 dex—

2082 2573 2279 2619 teram.

2151 2658 2242 2717 55.
2275 2657 2558 2730 Siquando
2605 2655 2820 2734 frangat
2858 2672 2956 2712 vas
2986 2655 3157 2715 frater
3207 2655 3327 2716 sive
3375 2655 3668 2727 figulinum

2085 2750 2203 2806 sive
2255 2750 2518 2817 ferreum,
2571 2750 2788 2820 prandii
2839 2761 3087 2820 tempore
3143 2749 3276 2809 dum
3335 2748 3539 2804 fratres
3577 2765 3672 2801 ve-

2083 2851 2335 2909 scuntur,
2367 2851 2478 2900 stat
2529 2842 2622 2898 ille
2656 2857 2830 2914 prope
2889 2858 3161 2910 mensam,
3191 2843 3391 2898 abbate
3443 2843 3667 2897 interim

2084 2935 2304 3006 eaputio
2333 2943 2499 3006 caput
2521 2949 2680 2991 suum
2714 2933 3029 2988 obnubente
3055 2951 3070 3000 ;
3103 2943 3156 2988 et
3172 2949 3269 2988 vas
3298 2949 3328 2987 a
3355 2948 3414 2987 se
3438 2930 3676 2988 fractum

2085 3031 2344 3088 manibus
2365 3027 2608 3102 praefert,
2651 3033 2718 3090 ad
2753 3029 2928 3100 eulpae
2951 3045 3064 3085 suae
3089 3027 3490 3090 ostensionem.

2162 3289 2254 3344 '56.
2282 3290 2582 3360 Postquam
2611 3289 2928 3360 psalterium
2958 3289 3336 3357 recitavimus,
3358 3289 3425 3344 ad
3460 3289 3675 3344 tertiam

2093 3381 2440 3437 catbismatis
2459 3381 2710 3454 gloriam,
2743 3391 2828 3437 ter
2848 3383 3029 3452 pulsat
3057 3383 3104 3438 is
3125 3384 3218 3454 qui
3232 3385 3427 3442 canoni
3455 3394 3674 3455 przeest,

2052 3525 2055 3528 .
2095 3483 2156 3527 ut
2189 3475 2522 3528 conveniant
2569 3474 2607 3528 ii
2655 3475 2750 3542 qui
2780 3476 2964 3530 adhuc
3017 3478 3342 3546 psalterium
3397 3480 3675 3546 ediscunt,

2097 3574 2156 3619 ut
2207 3566 2554 3636 coniunctim
2610 3581 2875 3623 canouem
2929 3579 3237 3626 cantemus.
3303 3571 3552 3642 Namque
3603 3573 3676 3628 ab

2097 3659 2450 3728 bexapsalmo
2474 3659 2735 3731 deinceps
2769 3671 2993 3726 exeunt,
3043 3672 3100 3717 et
3129 3678 3308 3734 usque
3346 3665 3412 3722 ad
3461 3665 3510 3718 id
3539 3673 3676 3720 tem-

2096 3767 2199 3818 pus
2225 3752 2488 3820 praedicto
2520 3753 2704 3807 studio
2740 3768 2963 3824 Operam
2996 3753 3151 3808 dant.
3180 3754 3305 3809 Mox
3337 3771 3533 3811 rursus
3559 3765 3674 3810 tres

2099 3839 2456 3906 pulsationes,
2487 3849 2544 3896 et
2567 3841 2634 3895 ad
2663 3841 2856 3896 laudes
2890 3843 3136 3912 pergitur
3176 3845 3406 3912 quando
3447 3845 3674 3914 legenda

2095 3937 2179 3981 «σει
2205 3928 2508 3984 catechesis
2537 3931 2721 3999 magni
2759 3930 2942 3987 Patris
2968 3940 3022 3986 et
3047 3931 3263 3988 abbatis
3291 3933 3588 3989 Theodori.

2166 4016 2259 4070 '57.
2290 4017 2353 4070 ln
2389 4017 2659 4072 luminum
2689 4019 2996 4088 pervigilio,
3039 4031 3160 4088 post
3195 4023 3468 4090 expletam
3529 4023 3674 4076 divi-

2098 4125 2225 4164 nam
2255 4110 2562 4182 liturgiam,
2598 4111 3040 4172 benedictionem
3087 4113 3390 4183 accipimus
3426 4131 3440 4166 :
3474 4114 3675 4170 deinde

2097 4215 2160 4254 os
2189 4200 2410 4272 quidem
2446 4202 2742 4257 colluimus
2779 4205 2873 4274 qui
2921 4204 3478 4273 communicavimus,
3520 4208 3676 4262 eulo-

2095 4291 2239 4360 giam
2272 4304 2456 4348 tamen
2487 4307 2594 4348 non
2640 4297 3004 4353 comedimus.
3038 4296 3176 4351 Tum
3228 4299 3490 4356 sacerdos
3517 4315 3673 4356 com-

2096 4383 2290 4452 positis
2322 4385 2493 4452 vasis,
2539 4385 2608 4441 ad
2639 4398 2861 4444 sanctas
2909 4389 3129 4458 januas,
3177 4393 3436 4464 dictaque
3484 4411 3674 4466 prece,

2094 4475 2378 4546 egreditur
2437 4492 2562 4533 cum
2618 4478 2883 4538 fratribus
2916 4483 2984 4538 ad
3028 4483 3409 4554 baptisterium
3441 4499 3676 4544 cantans

2097 4567 2267 4623 illud:
2310 4568 2444 4624 Cum
2482 4572 2538 4624 in
2567 4570 2808 4628 Iordane
2830 4574 3206 4645 baptizareris,
3252 4579 3514 4649 Domine;
3563 4598 3676 4652 quo

2095 4661 2264 4723 dicto,
2289 4664 2682 4730 pronuntiatur
2705 4681 2734 4720 a
2769 4666 3003 4722 diacono
3033 4670 3226 4726 oratio.
3247 4672 3475 4728 collecta
3509 4691 3524 4729 :
3563 4692 3674 4744 qua

2097 4749 2271 4817 finita,
2299 4751 2490 4823 incipit
2513 4755 2772 4810 sacerdos
2793 4772 3009 4827 precem
3033 4761 3506 4821 sanctificationis.
3543 4763 3676 4823 Post

2092 4858 2267 4913 aquas
2303 4849 2699 4912 sanctilicatas,
2731 4859 2788 4904 et
2835 4861 2960 4920 post
3003 4867 3258 4921 aspersos
3309 4855 3514 4912 eisdem
3561 4859 3675 4914 fra-

2097 4942 2228 5000 tres,
2259 4937 2478 4991 canitur
2513 4940 2814 5010 troparium
2845 4950 2975 4998 tono
3016 4944 3243 5015 obliquo
3278 4958 3518 5016 quarto:
3567 4949 3677 5006 Vox

2100 5027 2200 5081 Dei
2226 5045 2388 5098 super
2437 5047 2606 5101 aquas
2645 5033 2849 5088 clamat
2894 5035 3095 5094 dicens.
3151 5036 3376 5096 Stichus
3425 5042 3673 5112 primus:

2021 5182 2025 5186 ,
2096 5119 2248 5174 Maro
2275 5122 2492 5186 vidit,et
2522 5124 2677 5194 fugit.
2709 5124 2937 5184 Stichus
2951 5130 3268 5187 secundus:
3298 5132 3671 5202 Quidesttibi,

2099 5227 2269 5279 mare,
2301 5217 2444 5285 quod
2477 5216 2666 5287 fugisti
2694 5219 2720 5274 ?
2750 5219 2816 5274 Et
2845 5231 2970 5291 post
3001 5231 3396 5281 ter~cantatum
3432 5227 3537 5284 hoc
3563 5238 3677 5286 tro-

1914 5293 2145 5360 NOTIE.

413 5373 814 5445 Celclierrimus
847 5375 975 5433 item
1009 5385 1096 5434 est
1136 5379 1318 5436 crucis
1348 5381 1531 5438 cultus
1584 5383 1638 5438 in
1671 5385 1984 5445 Graecorum

414 5444 892 5528 clt'Orientaliunt,
934 5450 1314 5524 praecipueque
1366 5451 1755 5525 Armenorum,
1810 5444 1988 5515 eccleé

414 5530 600 5662 δηῗίθ)
617 5585 884 5662 Μελετᾷν,
905 5585 1175 5662 meditari,
1198 5605 1300 5662 pro
1313 5591 1546 5662 simplici
1570 5596 1732 5650 etiam
1755 5596 1990 5656 lectione

414 5658 499 5730 vel
520 5657 711 5730 studio
742 5657 945 5730 dictum
980 5659 1048 5730 ab
1082 5657 1350 5730 antiquis,
1381 5657 1640 5720 observat
1689 5667 1990 5726 Martenius

415 5727 470 5783 in
509 5725 724 5798 βροτέῃ,
756 5729 879 5794 cit.,
913 5745 966 5798 p.
999 5729 1125 5795 249,
1157 5725 1286 5786 251.

485 5795 601 5869 (50)
633 5794 856 5856 Scilicet
879 5794 1116 5870 propter
1128 5801 1420 5874 jejunium.
1458 5805 1677 5878 Alioqui
1718 5826 1835 5886 nios
1871 5820 1992 5868 erat

2095 5411 2220 5484 post
2270 5405 2746 5484 commun_ionem__
2771 5409 3023 5480 gustandi
3069 5412 3275 5482 aliquid
3318 5427 3383 5484 ex
3423 5410 3670 5472 oblatis;

2093 5478 2335 5557 itemque
2387 5491 2450 5557 os
2492 5478 2792 5557 abluendi,
2817 5490 3043 5557 auctore
3084 5478 3248 5557 etiam
3309 5483 3436 5538 divo
3492 5484 3674 5557 Cliry-

2094 5553 2361 5624 sostotno.
2394 5544 2634 5624 Legatur
2655 5550 2876 5624 isagoge
2926 5550 3176 5621 liturgica
3206 5553 3259 5607 in
3299 5568 3506 5624 opp.rs.
3537 5544 3675 5611 Grie-

2094 5614 2231 5693 gorii
2261 5613 2367 5671 PP.
2389 5613 2653 5693 ed.'}ien.
2702 5613 3129 5693 t.'lX,_cap._i't,
3161 5624 3248 5686 18,
3289 5613 3350 5693 μ’
3373 5613 3510 5680 ’161.
3570 5626 3676 5680 Eu-

2096 5684 2594 5763 logiarumhvafios
2621 5705 2757 5745 usus
2783 5684 2950 5763 tradit
2983 5684 3304 5750 'Mar'tenius
3327 5694 3542 5763 Comm,
3575 5698 3673 5752 rit.

2095 5754 2162 5812 ad
2199 5753 2331 5826 Reg.
2371 5755 2429 5812 S.
2464 5758 2593 5816 Ben.
2621 5775 2746 5831 cap.
2789 5760 2876 5817 54.
