4122 6382
386 317 530 387 1721

393 591 554 687 DE
633 589 1458 687 CONFESSIONE
1512 591 1664 684 ET
1745 591 1979 686 PRO

1584 323 1646 384 S.
1683 316 2077 383 THEODORI
2116 318 2466 384 STUDITE

3523 321 3662 387 172?.
3718 343 3722 347 ’

2077 591 2639 684 PECCATIS
2708 591 3650 685 SATISFACTIONE

1855 783 2247 851 CANONES.

396 1097 516 1153 Τοῦ
554 1099 732 1154 ὁσίου
768 1095 995 1170 Πατρός
1027 1097 1200 1169 ἡμῶν
1225 1097 1326 1154 καὶ
1353 1097 1654 1170 ὁμολογίην

457 1187 578 1237 pou
613 1167 1022 1238 πρεσϐυτέρου
1046 1167 1147 1224 καὶ
1169 1167 1510 1239 ἡγουμένου
1539 1167 1660 1224 τῶν
1681 1171 1973 1225 Στουδίου

465 1239 602 1306 περὶ
641 1237 1086 1308 ἐξαγορεύσεως
1104 1237 1205 1296 καί
1220 1237 1347 1292 ’τῶν
1378 1241 1601 1308 ταύτης
1635 1239 1978 1296 διαλύσεων

467 1309 728 1376 κανόνες
755 1309 1098 1376 ἐκτεθέντες
1130 1310 1266 1379 παρ’
1285 1311 1472 1365 αὐτοῦ
1505 1309 1606 1384 (1).

821 1427 892 1476 α’.
908 1421 1049 1490 Περὶ
1080 1422 1548 1494 ἐξαγορεύσεως.

465 1531 629 1606 [Cod.
664 1542 780 1590 vat.
828 1533 954 1601 840,
995 1533 1037 1589 ί.
1084 1535 1210 1600 195,
1266 1533 1350 1607 b.]
1402 1533 1789 1606 Ἐξαγόρευσίς
1857 1537 1976 1592 ἑστι

385 1623 573 1694 λόγων
602 1626 697 1680 καὶ
723 1625 1073 1698 ἐνθυμήσεων
1094 1627 1338 1700 αἰσχρῶν
1356 1627 1615 1699 ἁνήδονος
1642 1627 1972 1699 ὑπόμνησις·

389 1714 641 1781 διάλυσις
674 1717 732 1771 δὲ
761 1719 796 1789 η
832 1717 1041 1773 τούτων
1102 1719 1401 1792 διάκρισις,
1451 1720 1549 1774 ἐπὶ
1597 1719 1810 1792 ἀγαθὴν
1856 1719 1978 1774 ὁδὸν

391 1807 668 1878 όδηγοῦσα
694 1811 824 1874 τοὺς
855 1811 1332 1883 προσερχομένους
1351 1829 1366 1843 ⁸
1402 1810 1552 1881 Λέγε
1578 1812 1688 1884 γὰρ
1717 1812 1799 1866 σὺ
1821 1811 1978 1882 πρῶ-

395 1917 505 1964 τος
526 1900 632 1965 τὰς
659 1901 952 1969 ἁμαρτίας
966 1915 1085 1957 σου
1106 1903 1231 1968 ,ἵνα
1262 1901 1582 1972 δικαιωθῇς
1600 1919 1616 1936 ⁸
1647 1905 1759 1957 Καὶ
1787 1903 1976 1957 πάλιν·

393 1986 578 2054 Εἲπα,
620 1989 1033 2060 Ἐεατορεύσω
1066 1991 1183 2061 τὴν
1228 1993 1355 2048 κατ’
1399 1993 1548 2065 ἐμοῦ
1586 1995 1980 2066 ἐγγινομένην

399 2101 524 2153 μου
551 2083 850 2154 ἁμαρτίαν
870 2082 951 2149 τῷ
985 2085 1181 2155 Κυρίῳ
1202 2103 1217 2120 ο
1257 2085 1359 2140 καὶ
1384 2085 1518 2142 ιδοὺ
1551 2087 1833 2156 ἀφείλετο
1865 2086 1978 2140 πά-

391 2191 515 2242 σας
546 2175 655 2242 τὰς
680 2177 969 2247 ἁμαρτίας
992 2194 1136 2248 μου.
1153 2176 1388 2233 Δύναται
1407 2178 1518 2250 γὰρ
1546 2178 1935 2250 ἐξομολόγησις
1957 2219 1976 2246 ,

393 2271 493 2323 καὶ
527 2269 639 2341 πῦρ
667 2269 886 2324 αἰώνιον
915 2267 1220 2325 ἁποσσέσαι
1243 2286 1258 2302 ο
1290 2271 1388 2325 καὶ
1421 2271 1530 2343 γὰρ
1555 2270 1810 2340 λογισμοὶ
1838 2287 1976 2344 κρυ-

394 2361 680 2433 πτόμενοι,
717 2362 964 2416 τίκτουσι
995 2362 1145 2435 πάθη
1168 2379 1185 2395 ο
1209 2363 1663 2437 ὲξαγορευόμενοι
1699 2365 1780 2431 δὲ,
1809 2365 1980 2419 θεοει-

1655 1097 1728 1153 οῦ
1755 1098 1976 1155 88066)—
2000 1105 2050 1162 Α
2074 1097 2258 1156 Sancti
2325 1097 2508 1156 Patris
2543 1098 2713 1154 nostri
2747 1105 2798 1150 et
2818 1095 3132 1170 confessoris
3171 1095 3428 1170 Theodori
3447 1098 3661 1170 presby-

2081 1218 2085 1223 .
2151 1172 2248 1224 teri
2281 1180 2329 1222 et
2351 1169 2620 1238 prazpositi
2660 1167 3034 1222 monachorum
3074 1166 3253 1226 Studii
3283 1166 3659 1223 canonesasit-

2146 1241 2390 1308 pradicto
2415 1241 2564 1298 editi.

2566 1422 2621 1480 ί.
2653 1421 2732 1478 De
2760 1421 3109 1491 confessione.

2143 1535 2433 1594 Confessio
2460 1544 2548 1593 est
2565 1537 2862 1593 verborum
2881 1544 2938 1592 et
2967 1534 3365 1606 cogitationum
3398 1535 3646 1605 turpium

2075 1627 2268 1685 dolens
2332 1629 2646 1700 expositio:
2701 1626 3004 1684 satisfactio
3051 1635 3231 1681 autem
3302 1635 3387 1682 est
3442 1626 3656 1682 illorum

2076 1729 2430 1792 peccatorum
2465 1719 2761 1783 discussio,
2792 1734 2915 1790 quae
2953 1718 3008 1773 in
3053 1718 3256 1773 bonam
3311 1717 3458 1772 viam
3505 1733 3661 1774 acce-

2076 1812 2268 1868 dentes
2296 1812 2542 1868 reducit..
2567 1811 2664 1866 Dic
2696 1821 2751 1865 tu
2775 1813 2924 1881 prior
2953 1819 3169 1880 peccata
3195 1819 3288 1864 tua
3311 1851 3326 1874 ,
3358 1819 3417 1864 ut
3447 1811 3662 1880 justi/i-

2077 1905 2256 1959 ceris‘.
2277 1904 2598 1974 Rursusque
2632 1922 2646 1960 :
2681 1902 2988 1972 Conﬁtebor
3011 1902 3260 1956 adversus
3289 1919 3368 1956 me
3387 1912 3662 1971 peccatum

2078 2013 2250 2052 meum
2306 1996 2555 2052 Domino.
2613 1995 2681 2050 Et
2746 2012 2862 2050 ecce
2919 1994 3139 2049 abstulit
3195 1996 3376 2049 omnia
3445 2005 3661 2064 peccata

2078 2107 2196 2144 nica
2216 2092 2262 2145 ³.
2290 2090 2478 2146 Potest
2497 2089 2645 2144 enim
2661 2087 2939 2144 confessio
2963 2089 3140 2160 ignem
3163 2101 3378 2157 quoque
3396 2096 3660 2142 aeternum

2077 2182 2445 2252 exstinguere.
2473 2179 2540 2235 Et
2561 2180 2780 2236 silentio
2806 2179 3024 2251 quidem
3049 2194 3252 2250 pressae
3298 2178 3662 2249 cogitationes

2079 2273 2276 2345 cnlpas
2303 2273 2529 2344 pariunt
2555 2291 2570 2330 :
2601 2288 2742 2344 quas
2759 2274 2806 2328 si
2835 2273 3078 2328 confessi
3112 2271 3385 2328 fuerimus
3415 2272 3660 2327 divinam

2077 2368 2544 2439 pulchritudinem
2588 2366 2949 2436 acquirimus.
3010 2366 3237 2422 Denuda
3313 2365 3472 2422 ulcus
3503 2375 3658 2421 tuum

394 2455 509 2519 δεῖς
547 2455 994 2525 ἀπεργάζονται·
1035 2457 1246 2529 γύμνου
1308 2458 1402 2513 σὺν
1457 2458 1702 2530 μώλωπα
1759 2457 1839 2530 τῷ
1896 2457 1972 2528 σῷ

2077 2459 2328 2514 medico:
2365 2456 2501 2520 fare,
2533 2471 2712 2526 neque
2730 2453 3290 2512 erubescasmccede
3365 2469 3490 2510 cum
3552 2453 3662 2510 ﬁdo

399 2545 574 2618 ἰατρῷ
597 2561 612 2576 ·
647 2547 789 2611 εἰπὲ,
836 2547 933 2601 καὶ
969 2548 1044 2620 μὴ
1090 2548 1428 2622 αἰσχυνθῇς·
1472 2547 1739 2623 πρόσελθε
1770 2550 1866 2603 σὺν
1903 2550 1970 2620 τῇ

397 2638 583 2692 πίστει
609 2638 688 2710 τῷ
721 2639 801 2711 σῷ
839 2639 1155 2712 ἡγουμένῳ,
1181 2641 1441 2714 ἁπονήρῳ
1469 2640 1754 2712 ἁπλότητι,
1779 2642 1875 2695 καὶ
1896 2642 1975 2705 ὡς

395 2731 462 2784 ἔκ
493 2729 631 2784 Θεοῦ
667 2732 936 2801 στόματος
975 2733 1047 2786 τὰ
1091 2733 1223 2806 παρ’
1277 2733 1443 2789 αὑτοῦ
1493 2733 1976 2805 συμϐουλευόμενα

395 2841 483 2877 σοι
513 2823 691 2895 δέχου,
727 2827 776 2878 sl.
806 2826 899 2878 καὶ
928 2826 1146 2880 ἐναντία
1179 2827 1258 2899 τῷ
1289 2827 1368 2900 σῷ
1398 2827 1590 2900 σκοπῷ
1616 2827 1688 2881 τὰ
1711 2828 1975 2900 εἰρημένα

393 2915 756 2984 τυγχάνουσιν
776 2931 792 2947 ο
823 2916 873 2968 εί
911 2916 1007 2969 καὶ
1054 2915 1130 2987 μὴ
1175 2918 1316 2970 πάνυ
1349 2920 1712 2989 πνευματικοὶ
1736 2919 1786 2972 οἱ
1808 2917 1976 2989 ἡγού-

397 3022 550 3076 μενοι
578 3005 978 3078 καθεστήκασι,
1015 3006 1092 3079 μὴ
1128 3007 1515 3073 σκανδαλίζου·
1549 3008 1612 3062 οὐ
1642 3009 1752 3082 γὰρ
1789 3011 1975 3074 ᾶδικος

391 3098 422 3150 ό
453 3095 608 3162 Θεὸς,
637 3098 820 3152 πίστει
849 3098 945 3152 καὶ
965 3099 1175 3171 ἀκακία
1198 3099 1380 3170 ψυχὰς
1403 3101 1606 3166 ἑαυτὰς
1629 3103 1978 3157 ταπεινωσὰ-

395 3204 518 3253 σας,
549 3190 616 3259 τῇ
637 3187 732 3242 τοῦ
767 3189 1075 3260 ἡγουμένου
1112 3190 1396 3264 συμϐουλῇ
1426 3193 1522 3247 καὶ
1541 3193 1725 3264 κρίσει
1755 3195 1978 3266 ἀπατη-

393 3280 579 3353 θῆναι,
613 3282 721 3336 κάν
744 3281 929 3352 ἄλογοι
951 3284 1000 3336 oi
1025 3283 1402 3355 άπατηθέντες
1425 3286 1792 3357 τυγχάνωσιν.

716 3397 782 3466 β’.
823 3397 962 3467 Περὶ
981 3399 1378 3468 μνησικάκων
1412 3399 1652 3469 ἐντολή.

483 3488 542 3542 '0
581 3489 918 3560 μνησίκακος
942 3494 1010 3562 τῇ
1033 3490 1127 3544 τοῦ
1159 3490 1358 3544 Ἰακὼϐ
1384 3491 1609 3562 κλίματι
1632 3492 1712 3565 (2)
1737 3493 1972 3565 προσελ-

395 3577 526 3644 θὼν,
557 3582 624 3651 τῇ
676 3579 771 3634 τοῦ
829 3581 1128 3652 κορυφαίου
1180 3581 1390 3652 Πέτρου
1435 3581 1746 3654 ὲκπεσούσῃ
1783 3583 1974 3636 ἁλύσει

394 3673 664 3727 ἐνδέδεται
686 3678 701 3693 ⁸
727 3673 824 3726 καὶ
853 3673 963 3746 γὰρ
995 3675 1353 3746 μνησικακία,
1382 3673 1557 3744 θυμοῦ
1585 3676 1704 3727 ὲστι
1731 3675 1973 3745 κατάληο

2075 2547 2145 2606 ad
2166 2549 2360 2604 ducem
2387 2557 2566 2613 tuum,
2594 2557 2795 2603 etcum
2828 2546 3181 2616 simplicitate
3226 2547 3344 2602 sine
3393 2546 3602 2602 malitia
3637 2541 3661 2617 ,'

2074 2653 2131 2698 et
2161 2648 2420 2710 tanquam
2451 2652 2520 2693 ex
2545 2651 2642 2694 ore
2671 2635 2768 2692 Dei
2823 2636 3053 2693 consilia
3086 2635 3208 2705 ejus
3232 2635 3442 2704 excipe,
3462 2645 3662 2704 quam-

2073 2733 2158 2810 τίς»
2189 2733 2305 2788 haec
2335 2740 2430 2786 tuo
2471 2729 2752 2786 contraria
2801 2729 3086 2800 proposito
3135 2726 3266 2782 sint.
3319 2725 3388 2781 Et
3438 2725 3484 2782 si
3520 2724 3661 2779 forte

2073 2825 2220 2882 haud
2251 2824 2386 2881 satis
2413 2823 2688 2894 spiritales
2735 2822 3028 2878 videantur
3083 2819 3377 2884 ducestui,
3411 2831 3480 2872 ne
3502 2831 3662 2872 scan-

2072 2916 2329 2971 dalizeris
2365 2933 2380 2971 :
2427 2929 2536 2969 non
2575 2914 2721 2970 enim
2749 2911 2990 2982 injustas
3045 2920 3130 2966 est
3153 2909 3316 2975 Deus,
3351 2919 3410 2964 ut
3443 2908 3658 2963 animas

2074 3022 2197 3076 qua:
2225 3021 2286 3062 se
2305 3021 2428 3060 cum
2447 3005 2552 3061 [ide
2577 3014 2632 3061 et
2648 3005 2964 3061 sinceritate
2994 3001 3302 3066 humiliant,
3325 3001 3468 3055 sinat
3493 3015 3524 3054 a
3551 3000 3659 3053 du-

2074 3099 2155 3153 cis
2183 3097 2417 3154 consilio
2449 3105 2505 3152 et
2567 3096 2774 3167 judicio
2812 3095 2988 3164 decipi
3020 3111 3037 3162 ;
3089 3103 3369 3164 utcunque
3417 3091 3648 3148 hebetes

2073 3191 2241 3248 sintii
2272 3190 2475 3261 quibus
2512 3188 2665 3246 fraus
2692 3188 3017 3244 intenditur.

2145 3390 2203 3446 Ξ.
2259 3391 2526 3447 Adversus
2555 3391 2883 3462 injuriarum
2913 3405 3170 3444 memores
3203 3389 3493 3442 decretum.

2144 3483 2476 3554 lnjuriarum
2509 3499 2720 3538 memor
2753 3483 2819 3536 ad
2866 3478 3056 3537 Jacobi
3096 3483 3299 3537 scalam
3354 3481 3646 3548 accedens,

2072 3576 2347 3647 coryphaci
2386 3574 2533 3631 Petri
2591 3576 2820 3631 cadente
2879 3582 3068 3630 catena
3137 3574 3394 3644 illigatur.
3439 3572 3658 3643 Quippe

2074 3668 2400 3738 iniuriarum
2437 3668 2724 3730 memoria,
2759 3676 2845 3723 est
2873 3667 2967 3722 ira:
2984 3666 3381 3730 habitaculum,
3409 3664 3651 3734 etjusti-

395 3763 500 3830 εις,
529 3763 882 3836 δικαιοσύνης
909 3767 1086 3837 μῖσος.
1127 3765 1289 3818 Κατὰ
1306 3765 1406 3834 μὲν
1427 3765 1555 3828 τοὺς
1582 3765 1693 3818 τῶν
1721 3766 1972 3837 μεγάλων

2075 3759 2165 3812 tim
2197 3755 2590 3812 odinmJuxta
2642 3757 2860 3828 quidem
2915 3773 3236 3826 magnorum
3289 3759 3514 3810 Patrum
3555 3771 3653 3810 ca-

394 3854 660 3924 Πατέρων
697 3855 952 3921 κανόνας,
999 3856 1059 3910 ὲν
1099 3855 1279 3926 τρισὶν
1304 3853 1455 3908 ἔτεσι
1480 3853 1589 3908 τῶν
1613 3857 1973 3927 άγιασμάτων

394 3947 685 4018 ἀπεχέσθω
704 3963 719 3978 ⁶
755 3951 900 4002 κατὰ
925 3948 983 4002 δὲ
1011 3949 1139 4012 τοὺς
1163 3949 1432 4019 μοναχοὺς
1458 3948 1706 4002 ἐνιαυτὸν
1736 3947 1976 4020 ξηροφα-

394 4039 563 4106 γείτω
602 4041 662 4092 ὲν
714 4040 780 4110 τῇ
835 4037 956 4110 ὥρα
987 4038 1088 4107 τῆς
1133 4037 1244 4091 τῶν
1297 4037 1544 4107 ἀδελφῶν
1594 4037 1972 4106 καταλύσεως,

393 4129 566 4184 ποιῶν
595 4130 883 4203 μετανοίας
923 4129 1043 4184 καθ’
1075 4129 1290 4202 ἡμέραν
1318 4134 1391 4200 μ’.

837 4249 908 4312 γ’.
949 4241 1092 4310 Περὶ
1127 4239 1516 4307 καταλαλιᾶς.

465 4327 635 4403 Οἶμαι
658 4332 724 4386 ὲκ
777 4331 968 4403 μίσους
1000 4332 1094 4384 καὶ
1124 4329 1493 4402 μνησικακίας
1510 4329 1612 4402 τὴν
1637 4327 1970 4384 καταλαλιὰν

390 4425 673 4479 τίκτεσθαι
703 4443 718 4456 ·
741 4427 835 4479 καὶ
860 4424 970 4500 γὰρ
1017 4422 1320 4478 καταλαλιά
1371 4425 1520 4476 ἐστιν
1549 4421 1850 4494 ἀποκΰημα
1879 4423 1971 4494 μί-

392 4535 542 4582 σους,
591 4519 780 4590 βδέλλα
827 4519 1070 4590 ἀγάπης,
1125 4516 1526 4586 ἑξαφανίζουσα
1576 4517 1672 4572 καὶ
1733 4517 1972 4571 ἐκδαπα-

391 4609 540 4665 νῶσα
575 4605 713 4683 αἷμα
746 4610 960 4682 ψυχῆςο
986 4612 1222 4681 λέγομεν
1249 4609 1306 4663 δὲ
1340 4608 1624 4676 ὡσαύτως,
1673 4608 1821 4664 κατὰ
1868 4610 1970 4681 μὲν

469 4803 488 4836 ¹
517 4803 612 4860 Gr.
643 4800 768 4858 lsai.
792 4818 947 4869 mn,
973 4801 1066 4858 9.6.
1126 4803 1149 4834 ’
1187 4801 1336 4858 Psal.
1366 4817 1520 4870 χιιι,
1563 4802 1617 4858 5.

2075 3862 2272 3914 nones,
2319 3849 2485 3904 homo
2520 3847 2798 3918 ejusmodi
2847 3848 3087 3904 triennio
3131 3863 3165 3903 a
3217 3848 3424 3902 sanctis
3490 3845 3656 3901 rebus

2076 3950 2351 4004 arceatur,
2374 3941 2578 3997 Verum
2632 3944 2776 3998 inter
2823 3941 3124 3997 monachos
3191 3955 3338 3996 anno
3405 3955 3518 3994 uno
3561 3955 3656 3995 ve-

2076 4043 2267 4087 scatur
2301 4032 2464 4088 aridis
2491 4033 2625 4088 hora
2656 4049 2764 4104 qua
2811 4033 3006 4088 fratres
3025 4033 3296 4103 jejunium
3321 4031 3562 4096 solvunt,
3597 4039 3656 4087 et

2075 4132 2376 4180 metanmas
2405 4124 2650 4194 quotidie
2695 4125 2860 4180 faciat
2886 4123 3267 4196 quadraginta.

2565 4239 2620 4296 3.
2651 4239 2730 4295 De
2773 4240 3167 4294 obtrectatione.

2146 4329 2400 4387 Arbitror
2427 4346 2493 4387 ex
2527 4331 2656 4387 odio
2680 4341 2735 4386 et
2760 4331 3085 4402 injuriarum
3135 4328 3398 4384 memoria
3433 4327 3650 4383 obtrec-

2077 4424 2336 4480 tationem
2398 4426 2567 4496 gigni.
2620 4423 2833 4481 Etenim
2882 4423 3205 4480 obtrectatio
3247 4432 3333 4480 est
3353 4423 3461 4477 odii
3493 4421 3598 4476 lilia
3631 4461 3648 4486 ,

2077 4517 2365 4574 charitatis
2416 4518 2612 4573 hirudo
2643 4534 2767 4590 qua:
2793 4519 2993 4574 animae
3044 4518 3367 4586 sanguinem
3425 4529 3650 4585 prorsus

2075 4612 2374 4668 consumit.
2409 4611 2671 4668 Similiter
2721 4621 2904 4668 autem
2970 4609 3226 4674 dicimus,
3272 4624 3341 4663 ex
3415 4606 3650 4661 aliorum

1893 4978 2132 5038 NOTE.

459 5155 536 5227 (l)
553 5155 630 5210 Ne
649 5155 772 5225 quis
803 5153 939 5211 forte
954 5155 1162 5212 dubitet
1185 5155 1253 5212 de
1273 5157 1377 5212 hoc
1392 5153 1566 5227 nostri
1586 5152 1816 5227 Studitm
1837 5167 1976 5227 opu-

391 5226 566 5283 8cnlo.
595 5243 660 5280 cn
690 5228 841 5281 testis
861 5228 1069 5282 accedit
1099 5227 1262 5281 etiam
1313 5226 1485 5282 codex
1526 5226 1795 5280 Arahicus
1847 5226 1969 5280 Vat.

389 5295 669 5360 CLXXIV,
696 5297 1040 5366 inratalogo
1079 5311 1108 5349 a
1163 5310 1251 5350 me
1297 5296 1661 5366 impressoip.
1697 5295 1842 5366 516,,
1883 5295 1970 5352 his
2067 5295 2223 5366 plura
2252 5297 2418 5366 verba
2481 5297 2636 5362 facit.

398 5369 605 5420 verbis:
635 5385 652 5417 ι
676 5364 1114 5422 Constitutiones
1143 5367 1317 5421 sancti
1356 5364 1536 5422 Patris
1574 5364 1848 5420 Theodori
1869 5366 1968 5419 al)-

389 5436 533 5491 batis
554 5437 864 5490 monasterii
890 5435 1090 5496 Studii.
1121 5449 1218 5489 seu
1271 5437 1668 5491 monachorum
1721 5433 1966 5490 Studita-

2073 5155 2214 5210 vitiis
2257 5163 2312 5212 et
2347 5156 2412 5210 de
2433 5158 2737 5213 virtutium.

2141 5227 2325 5296 (2)09
2346 5227 2788 5308 scala_Ja_cobi
2824 5229 3155 5308 Benedictus
3210 5235 3341 5308 Reg.
3399 5251 3519 5306 cap.
3575 5237 3641 5301 7.

2697 5301 2927 5374 plurima
2992 5315 3186 5374 postea
3235 5301 3530 5361 Marto-nius
3588 5310 3642 5363 in

2065 5364 2279 5422 Comm.
2321 5364 2468 5422 Nihil
2522 5364 2711 5426 tamen
2760 5373 2828 5428 ad
2876 5364 3023 5429 hunc
3071 5375 3342 5430 Theodori
3400 5379 3578 5432 locum
3619 5397 3634 5434 :

2064 5451 2381 5513 quanquam
2408 5437 2738 5513 Benedictus
2794 5459 2987 5513 reapse
3035 5445 3102 5500 de
3152 5447 3457 5501 humilitate
3488 5450 3638 5511 agit,

389 5521 536 5585 ΐιιηῖε
562 5507 628 5560 de
653 5506 1044 5585 Pmnilemibus
1073 5505 1165 5585 ᾳυῑ
1184 5504 1531 5585 denpeccalis
1561 5507 1678 5585 suis
1731 5507 1964 5585 occultis
2064 5506 2186 5585 heic
2215 5504 2398 5562 autem
2423 5510 2580 5585 ‘haud
2603 5513 2719 5568 scio
2741 5527 2833 5585 an
2864 5504 3120 5585 superbia
3156 5516 3432 5570 immatur.
3480 5504 3642 5572 Vide;

390 5573 739 5638 conlitcntur,
763 5576 937 5645 deque
965 5573 1344 5645 confessariis,
1371 5575 1464 5644 qui
1497 5590 1594 5630 eos
1637 5575 1705 5630 de
1735 5575 1844 5645 illis
1879 5577 1955 5628 in-

389 5655 718 5714 terrogant.»
770 5643 865 5698 Est
892 5654 1072 5700 autem
1100 5645 1187 5697 hic
1209 5643 1420 5699 libellus
1455 5646 1625 5699 instar
1676 5654 1756 5698 tot
1807 5643 1955 5699 Lati-

393 5729 582 5771 norum
609 5718 698 5786 qui
744 5724 959 5772 exstant
1018 5724 1130 5770 tum
1164 5714 1291 5770 editi
1317 5721 1429 5769 tum
1488 5716 1841 5785 manuscripti
1891 5717 1955 5768 de

2059 5584 2295 5703 bring-grth
2321 5579 2508 5649 potius
2541 5582 2892 5652 proverbium
2924 5579 3225 5656 quoddam.
3267 5585 3371 5642 Sed
3403 5585 3496 5642 alii
3551 5587 3642 5659 ju-
