4122 6382
578 291 717 356 1723

1422 297 1520 359 DE
1551 285 2063 358 CONFESSIONE
2105 296 2202 357 ET
2233 295 2840 360 SATISFACTIONE.

3689 295 3841 360 1724

569 401 786 470 quidem
822 403 1140 476 prmscripto
1161 403 1310 462 hunc
1359 421 1470 460 uno
1528 423 1674 462 anno
1727 407 1897 462 ﬂere:
1958 423 2150 460 mona-

2260 410 2374 472 τοὺς
2402 409 2639 482 ἐτέρους,
2669 411 2915 467 ἐνιαυτὸν
2944 411 3372 482 προσκλαυσάτω
3397 426 3412 442 ’
3447 411 3582 466 κατὰ
3603 412 3670 466 δὲ
3702 414 3845 476 τοὺς

548 496 732 557 ,οίιιιιη
755 503 934 550 autem
969 507 1209 566 quatuor
1247 498 1527 554 mensibus
1557 498 1710 552 arido
1747 498 1874 552 cibo
1919 499 1998 558 uti
2048 498 2145 552 dc~

577 584 710 638 bere
737 585 865 639 dum
921 587 1116 658 reliqui
1144 589 1478 655 comedunt;
1509 597 1563 642 et
1604 597 1903 645 metanteas
1963 591 2148 644 facere

571 675 816 743 quotidie
843 686 1081 733 centum.
1115 679 1252 745 Quia
1279 680 1640 734 detrahentem
1668 690 1864 735 secreto
1893 683 2136 749 proximo

570 783 689 833 suo,
717 767 856 821 hunc
882 770 1223 840 persequebar
1253 771 1296 824 ⁸.

1131 861 1186 915 4.
1215 861 1290 914 De
1315 861 1653 930 garrulitate.

642 950 905 1004 Garrulus
935 951 1132 1020 lingute
1172 953 1303 1005 vitio
1335 951 1590 1016 infectus,
1648 969 1742 1008 sex
1763 968 1978 1008 menses
2023 968 2150 1024 pm-

573 1043 794 1096 nitendo
817 1042 1067 1110 expleat:
1104 1042 1184 1096 sic
1234 1044 1379 1096 enim
1432 1059 1670 1100 canones
1699 1043 1766 1098 de
1821 1045 2138 1113 hujusmodi

574 1132 887 1187 hominibus
953 1135 1270 1190 decernunt.
1329 1134 1536 1204 Quippe
1567 1137 1860 1202 garrulitas
1933 1149 2020 1191 est
2067 1139 2150 1190 in-

576 1224 750 1277 scitia:
813 1224 1096 1288 indicium,
1153 1225 1568 1280 obtrectationis
1627 1226 1822 1296 janua,
1873 1228 2144 1282 mendacii

582 1315 855 1369 ministra.
901 1315 1013 1370 Nos
1040 1324 1151 1370 tres
1184 1315 1466 1378 mensibus
1508 1316 1655 1382 hunc
1684 1333 1716 1371 a
1763 1320 2152 1373 communione

573 1419 942 1470 removemus,
973 1407 1142 1460 aridis
1181 1408 1410 1462 omnino
1445 1418 1751 1463 vescentem
1793 1410 1929 1464 liora
1961 1419 2114 1464 sexta
2135 1449 2150 1474 ,

571 1506 626 1547 et
653 1506 952 1552 metanmas
977 1499 1220 1567 quotidie
1249 1508 1468 1554 centum
1515 1501 1912 1571 quinquaginta
1943 1500 2152 1557 facien-

578 1595 710 1638 tem.
743 1588 954 1641 Etenim
986 1590 1142 1644 valde
1199 1590 1471 1645 lubricum
1522 1594 1966 1661 periculosumve
2023 1594 2156 1663 ipsis

572 1690 794 1746 quoque
843 1679 1205 1736 aestimatione
1230 1682 1411 1751 dignis
1473 1683 1789 1739 hominibus
1841 1684 2152 1743 bocvitium

573 1775 678 1822 est.

1079 1865 1132 1920 5.
1166 1865 1245 1919 De
1268 1867 1570 1923 mendacio.

645 1950 876 2008 Mendax
900 1955 1060 2024 quasi
1107 1957 1320 2026 lepidus
1354 1959 1519 2013 homo
1557 1961 1927 2019 existimatur.
1985 1963 2154 2034 Atqui

575 2045 922 2100 mendacium
975 2049 1258 2105 charitatis
1312 2050 1614 2108 destructio
1660 2064 1780 2122 est;
1859 2055 2160 2126 perjurium

577 2147 783 2201 autem,
816 2138 907 2192 Dei
938 2141 1176 2210 negatio.
1204 2139 1378 2196 Nemo
1409 2144 1613 2214 itaque,
1643 2147 1688 2202 si
1723 2147 1888 2201 modo
1932 2149 2152 2218 sapiat,

579 2228 698 2282 leve
725 2229 913 2284 credat
945 2245 1067 2285 esse
1123 2242 1406 2301 peccatum
1455 2236 1824 2292 mendacium.
1854 2235 1992 2292 Nam
2043 2239 2162 2308 ipse

578 2317 817 2389 Spiritus
849 2331 1072 2376 sanctus
1116 2321 1230 2392 jam
1259 2324 1433 2379 dixit:
1477 2325 1675 2381 Perdet
1710 2344 1887 2383 omnes
1954 2330 2045 2399 qui
2083 2333 2164 2383 to-

579 2421 817 2480 quuntur
850 2413 1182 2467 mendacium
1236 2415 1260 2447 δ
1284 2455 1300 2471 .
1325 2417 1520 2472 Cuncti
1544 2427 1728 2474 autem
1758 2419 2011 2476 mendaci
2061 2420 2164 2478 ho-

580 2503 714 2556 mini
752 2504 1077 2559 trimestrem
1108 2507 1484 2576 paanitentiam
1565 2511 1889 2566 decernunt.
1919 2510 2032 2568 Nos
2078 2523 2162 2568 ta-

585 2609 711 2646 men
741 2591 1102 2664 quadraginta
1151 2597 1364 2652 dierum
1421 2599 1635 2655 aridum
1679 2601 1905 2656 omnino
1962 2603 2165 2658 victum

582 2685 716 2740 hora
743 2695 896 2741 sexta
934 2687 1063 2741 huic
1101 2688 1457 2758 imperamus,
1486 2700 1542 2746 et
1557 2700 1858 2748 metanmas
1883 2695 2163 2764 quotidia-

581 2792 682 2830 nas
705 2788 924 2834 centum
970 2781 1399 2852 quinquaginta.
1451 2781 1668 2839 Etenim
1729 2785 2027 2842 timendum
2081 2795 2168 2844 est

583 2883 696 2944 prae
729 2871 940 2925 czeteris
967 2871 1073 2926 hoc
1093 2881 1394 2942 peccatum.

1008 2965 1062 3017 6.
1094 2963 1170 3018 De
1207 2967 1471 3022 acedioso.

657 3053 956 3112 Acediosus
982 3056 1141 3126 quasi
1172 3057 1240 3112 de
1269 3073 1369 3116 sua
1407 3057 1585 3115 salute
1612 3057 1906 3131 desperans
1945 3069 2167 3131 reputa-
2192 3084 2236 3144 ρ

587 3154 697 3200 tur.
750 3145 962 3202 Etenim
1019 3149 1204 3204 acedia
1257 3159 1343 3205 est
1398 3151 1716 3207 monasticze
1755 3154 1952 3224 regulae
1978 3153 2169 3209 obser-

586 3237 778 3292 vanda:
849 3239 1076 3304 odium,
1133 3240 1534 3297 mundanarum
1592 3259 1774 3299 rerum
1857 3247 2168 3303 admiratio.

587 3327 888 3400 Acediosus
919 3328 1087 3384 Deum
1127 3341 1369 3398 accusat,
1406 3334 1564 3402 quasi
1601 3335 2087 3394 immisericordem
2107 3349 2162 3394 et

593 3416 874 3471 hominum
905 3432 1120 3473 osorem
1149 3435 1164 3486 ;
1192 3419 1258 3474 ad
1287 3422 1646 3490 psalmodiam
1703 3440 2002 3498 precesque
2055 3439 2171 3483 tor-

590 3517 700 3578 pet.
732 3505 880 3562 Vitio
933 3507 1060 3563 huic
1139 3509 1487 3568 decernimus
1541 3515 1916 3585 quadraginta
1958 3519 2167 3576 dierum

592 3599 968 3669 paenitentiam
1004 3619 1020 3669 ;
1050 3610 1107 3656 et
1147 3613 1207 3667 ut
1236 3617 1333 3672 per
1369 3612 1484 3659 tres
1522 3604 1896 3666 hebdomadas
1940 3609 2066 3663 vino
2115 3621 2169 3667 et

591 3695 714 3746 oleo
737 3694 1026 3749 acediosus
1051 3711 1159 3749 non
1189 3705 1399 3764 utatur,
1443 3697 1684 3767 quotidie
1731 3698 1934 3755 faciens
1975 3714 2148 3758 meta-

594 3797 750 3838 nmas
785 3785 1049 3844 ducentas
1077 3787 1494 3858 quinquaginta.
1552 3787 1801 3860 Namque
1829 3791 1884 3846 in
1932 3794 2166 3863 profun-

592 3875 722 3928 dum
761 3875 960 3932 inferni
1003 3885 1180 3948 potest
1213 3879 1481 3936 deducere
1508 3882 1708 3940 accdite
1727 3884 1940 3955 vitium.

1086 3969 1140 4022 7.
1175 3970 1248 4031 De
1271 3967 1483 4040 guloso.
1949 4035 1951 4037 ,

664 4053 904 4112 Gulosus
939 4057 1138 4120 similis
1155 4069 1238 4115 est
1255 4061 1506 4129 sepulcro
1552 4065 1996 4132 putrescentibus
2038 4083 2164 4126 car-

596 4146 760 4204 nibus
784 4149 966 4218 pleno.
1016 4150 1292 4216 Gulositas
1333 4161 1419 4207 est
1451 4155 1659 4210 ventris
1705 4157 2163 4233 hypocrisis,'qui

593 4256 723 4296 cum
784 4242 857 4298 sit
893 4252 1067 4307 satur,
1112 4245 1466 4305 nihilominus
1515 4261 1575 4301 se
1615 4263 1774 4318 egere
1825 4251 2063 4321 clamat;
2111 4265 2165 4310 et

595 4343 872 4404 gravatus,
901 4336 1108 4390 esurire
1135 4337 1298 4407 cogit.
1340 4337 1616 4395 Gulositas
1640 4349 1724 4396 est
1751 4343 2030 4409 oculorum
2063 4347 2160 4401 de-

2251 502 2538 570 μοναχοὺς,
2591 502 2930 573 τετράμηνον
2984 501 3382 573 ξηροφαγείτω,
3423 502 3514 556 ὅτε
3558 505 3606 556 οἱ
3642 502 3844 555 λοιποὶ

2248 591 2508 658 ἐσθίουσι,
2555 592 2843 664 μετανοίας
2898 594 3066 646 ποιῶν
3137 593 3262 647 καθ’
3319 594 3533 664 ἡμέραν
3590 593 3843 647 ἑκατόν*

2249 683 2378 737 Ὅτι
2413 684 2521 737 τὸν
2551 685 3012 740 καταλαλοῦντα
3041 686 3232 754 λάθρα
3281 685 3389 740 τοῦ
3413 687 3698 754 πλησίον
3729 687 3846 740 αὐ-

2247 775 2376 840 τοῦ,
2408 776 2627 831 τοῦτον
2650 777 2992 842 ἐξεδίωκον.

2695 869 2760 924 δ’.
2800 871 2941 938 Περὶ
2972 870 3367 940 πολυλογίας.

2331 961 2391 1016 '0
2417 961 2732 1030 πολυλογῶν
2770 963 2875 1016 ὑπὸ
2900 963 3144 1034 γλώττης
3187 964 3587 1035 σκοτιζόμενος,
3621 964 3847 1035 ἐξαμη-

2251 1055 2423 1108 νιαῖον
2451 1053 2644 1124 χρόνον
2682 1056 2740 1106 ὲν
2773 1053 3035 1126 μετανοίᾳ
3074 1054 3397 1124 πληρούτωο
3429 1055 3607 1118 οὕτως
3643 1055 3765 1124 γὰρ
3797 1057 3846 1108 ci

2252 1146 2479 1208 κανόνες
2508 1145 2640 1214 περὶ
2670 1145 2780 1198 τῶν
2811 1145 3069 1200 τοιούτων
3097 1146 3371 1217 ὁρίζονται
3389 1165 3405 1178 ·
3442 1147 3639 1218 ἐπειδὴ
3676 1147 3847 1199 πολυ-

2251 1236 2407 1305 λογία
2442 1238 2591 1290 ἐστὶν
2631 1236 2909 1305 ἀγνωσίας
2946 1240 3262 1308 τεκμήριον,
3293 1238 3633 1303 καταλαλιᾶς
3677 1237 3844 1308 θύρα,

2249 1328 2482 1396 ψεύδους
2512 1329 2788 1399 ὑπουργὸς
2809 1343 2824 1357 ⁸
2851 1331 3013 1400 ἡμεῖς
3033 1330 3090 1389 δὲ
3121 1330 3384 1401 τρίμηνον
3425 1330 3669 1400 λέγομεν
3697 1332 3848 1384 ducor-

2251 1415 2486 1489 νώνητον
2518 1413 2681 1481 εἶναι,
2715 1417 3130 1489 ξηροφαγοῦντα
3161 1419 3346 1491 ἄκρως
3373 1419 3492 1491 ὥρᾳ
3541 1420 3713 1490 ἕκτῃ,
3746 1437 3852 1490 με..

2252 1507 2473 1570 τανοίας
2498 1506 2756 1561 ποιοῦντα
2801 1508 2924 1562 καθ’
2957 1509 3169 1581 ἡμέραν
3217 1517 3335 1580 px“
3377 1511 3692 1580 ἐπισφαλὲς
3734 1513 3844 1584 γὰρ

2252 1596 2370 1650 λίαν
2397 1597 2492 1651 καὶ
2522 1595 2707 1660 αὐτοῖς
2733 1599 2848 1662 τοῖς
2873 1596 3090 1652 δοκοῦσι
3115 1598 3177 1652 τὺ
3207 1599 3378 1663 πάθος
3405 1599 3576 1655 ἐστίν.

2772 1867 2837 1926 ε’.
2877 1866 3016 1935 Περὶ
3041 1867 3326 1935 ψεύδους.

2342 1960 2402 2015 Ὀ
2430 1960 2670 2032 ψεύστης
2716 1961 2794 2022 ὡς
2847 1958 3180 2028 εὐτράπελος
3229 1957 3502 2025 λογίζεται
3525 1972 3544 1990 ο
3593 1956 3695 2011 καὶ
3731 1957 3840 2028 γὰρ

2258 2051 2452 2122 ψεῦδός
2485 2053 2632 2105 ἐστιν
2673 2051 2893 2121 ἀγάπης
2918 2049 3262 2120 ἀφανισμὸςο
3296 2049 3556 2118 ἐπιορκία
3589 2048 3671 2112 δὲ,
3698 2048 3831 2102 Θεοῦ

2259 2145 2488 2214 ἄρνησις
2509 2159 2523 2173 ο
2555 2142 2746 2212 μηδεὶς
2764 2138 2858 2196 οὖν
2877 2141 2988 2194 τῶν
3018 2139 3444 2212 εὐφρονούντων,
3479 2140 3692 2211 μικράν
3722 2157 3839 2193 τινα

2259 2233 2360 2304 τὴν
2400 2232 2494 2286 τοῦ
2539 2231 2768 2302 ψεύδους
2818 2231 3098 2302 ἁμαρτίαν
3149 2227 3289 2285 εἶναι
3314 2231 3565 2300 νομίσοι·
3606 2229 3838 2300 καὶγὰρ

2261 2323 2396 2378 αὐτὸ
2417 2324 2480 2376 τὸ
2508 2321 2663 2392 ἅγιον
2707 2321 2936 2392 Πνεῦμα
2965 2322 3330 2394 προείρηκενο
3373 2320 3651 2387 Ἅπολεῒς
3692 2319 3837 2374 πάν-

2260 2433 2366 2482 τας
2388 2414 2532 2482 τοὺς
2548 2415 2895 2480 λαλοῦντας
2919 2415 2988 2468 τὸ
3017 2413 3265 2482 ψεῦδος.
3285 2413 3592 2484 Ὀρίζονται
3620 2413 3677 2466 δὲ
3705 2413 3835 2466 πάν-

2261 2523 2352 2570 τες
2379 2508 2462 2560 ὅτι
2496 2507 2762 2578 τρίμηνον
2806 2509 2865 2561 ὲν
2913 2505 3174 2577 μετανοίᾳ
3214 2505 3526 2559 διατελείτω
3548 2521 3564 2537 ο
3595 2507 3753 2575 ἡμεῖς
3777 2505 3834 2560 δὲ

2267 2605 2319 2670 μ’
2347 2598 2574 2670 ἡμερῶν,
2604 2597 2942 2670 ξηροφαγίαν
2967 2599 3153 2668 ἄκρως
3191 2597 3311 2668 ὥρᾳ
3348 2595 3505 2666 ἕκτῃ,
3537 2598 3634 2650 καὶ
3675 2613 3834 2666 μετα·

2263 2692 2411 2753 νοίας
2433 2689 2555 2744 καθ’
2585 2690 2796 2760 ἡμέραν
2832 2687 2910 2761 ρν⁹
2933 2704 2949 2718 ·
2980 2689 3078 2748 καὶ
3110 2689 3221 2760 γὰρ
3245 2687 3453 2758 φοϐερὰ
3477 2688 3624 2758 ὑπὲρ
3659 2687 3830 2751 πάσας

2264 2782 2299 2853 ἡ
2333 2782 2578 2852 ἁμαρτία
2606 2780 2770 2853 αὕτη.

2721 2967 2796 3028 ς’.
2833 2963 2968 3032 Περὶ
2995 2961 3383 3036 ἀκηδιαστοῦ.

2351 3055 2411 3110 Ὃ
2439 3057 2776 3128 ἀκηδιαστὴς
2809 3057 2884 3116 ὡς
2906 3055 3298 3123 ἀπογινώσκων
3316 3055 3417 3125 τῆς
3446 3054 3644 3109 ἑαυτοῦ
3674 3071 3824 3124 σωτηο

2273 3128 2408 3222 ρίας
2429 3149 2704 3219 λογίζεται
2720 3164 2738 3192 ε
2766 3149 2860 3216 καὶ
2889 3149 3002 3221 γάρ
3027 3147 3223 3222 ἀκηδία
3248 3148 3396 3202 ἐστὶν
3422 3149 3712 3220 ἀσκήσεως
3745 3150 3823 3219 μῖ·

2271 3259 2363 3306 σος
2389 3241 2484 3295 τοῦ
2539 3239 2839 3314 μαναῃικοῦ,
2884 3241 3316 3310 ἐπαγγέλματος,
3350 3238 3637 3308 κοσμικῶν
3664 3255 3822 3309 μακα-

2272 3334 2510 3407 ρίστρια,
2557 3332 2698 3392 Θεοῦ,
2739 3331 3064 3403 διαϐλὴτωρ,
3095 3330 3171 3394 ὡς
3214 3330 3564 3400 άσπλάγχνου
3590 3331 3680 3383 καὶ
3708 3331 3820 3396 aet.

2270 3427 2614 3499 λανθρώπου,
2661 3425 2850 3490 ἀτονία
2891 3423 3208 3501 ψαλμῳᾶίας
3234 3425 3292 3476 ὲν
3331 3425 3660 3494 προσευχαῖς
3685 3419 3818 3476 ἀσθε-

2269 3518 2469 3584 νοῦσασ
2521 3518 2776 3588 ὁρίζομεν
2831 3514 2888 3568 δὲ
2949 3515 3043 3578 καὶ
3096 3513 3300 3583 ταύτην
3332 3519 3384 3582 μ’
3417 3513 3626 3582 ἡμέρας
3671 3526 3819 3580 μετα-

2269 3612 2443 3668 νοεῖν·
2481 3607 2779 3678 ὲϐᾶομάδας
2808 3608 2956 3677 τρεῖς
2985 3605 3131 3658 οἴνου
3173 3604 3248 3674 μὴ
3282 3602 3709 3674 μεταλαμϐάνειν
3733 3599 3818 3654 καὶ

2271 3701 2452 3768 ἐλαίου
2471 3715 2484 3728 '
2537 3698 2826 3770 μετανοίας
2871 3697 3048 3750 ποιεῖν
3097 3695 3221 3749 καθ’
3248 3695 3464 3764 ἡμέραν
3492 3700 3566 3745 ον’
3585 3709 3598 3722 ο
3641 3693 3716 3744 ὅτι
3745 3691 3818 3762 εἰς

2273 3791 2435 3864 βυθὸν
2466 3789 2594 3863 ᾅδου
2619 3789 2846 3853 δύναται
2870 3787 3132 3858 κατάγειν
3162 3785 3224 3840 τὸ
3252 3785 3426 3849 πάθος
3452 3785 3548 3855 τῆς
3583 3782 3812 3856 άκηδίας.

2691 3965 2757 4031 ζ’.
2797 3964 2938 4033 Περὶ
2969 3961 3444 4034 γαστριμάργου.

2317 4061 2375 4114 '0
2392 4059 2799 4131 γαστρίμαργος
2820 4056 2962 4110 ἔοικε
2977 4057 3134 4126 τάφῳ
3151 4055 3371 4124 γέμοντι
3391 4049 3677 4122 σεσηπυιῶν
3695 4063 3812 4118 σαρ-

2263 4155 2400 4208 κῶν*
2438 4149 2884 4223 γαρστριμαργία
2913 4148 3028 4201 ἐστὶ
3065 4147 3274 4209 κοιλίας
3301 4146 3594 4216 ὑπόκρισις·
3611 4156 3809 4210 κεκορε-

2265 4248 2438 4316 σμένη
2456 4239 2936 4315 γὰροῦσα,ὲνδείας
2955 4240 3177 4310 ἀναϐοᾷο
3196 4235 3806 4306 κα“ιπεφορτισμένη,πει,

2264 4341 2362 4412 νᾷν
2388 4335 2684 4407 ᾀναγκάζει
2705 4352 2719 4365 ·
2750 4333 3163 4404 γαστριμαργία
3193 4332 3358 4396 ἐστὶν,
3386 4328 3663 4399 ὀφθαλμῶν
3683 4324 3802 4378 ἁπά-

597 4427 795 4495 ceptio.
839 4425 1194 4482 Decernimus
1218 4419 1345 4482 huic
1374 4445 1592 4499 quoque
1617 4431 1752 4486 vitio
1780 4435 2007 4506 triginta
2048 4438 2161 4502 die-

2274 4445 2382 4506 τη-
2416 4429 2672 4502 ὁρίζομεν
2718 4425 2776 4479 δὲ
2811 4425 2906 4479 καὶ
2952 4423 3157 4494 ταύτην
3196 4425 3254 4476 ὲν
3293 4423 3578 4494 τριάκοντα
3601 4417 3795 4506 ἡμέραις

595 4534 717 4572 rum
764 4518 968 4574 luctum
994 4535 1010 4586 ;
1041 4532 1094 4575 et
1126 4520 1289 4575 unius
1321 4521 1677 4577 hebdomadte
1699 4525 1913 4581 aridum
1961 4528 2168 4593 victum

596 4611 727 4662 hora
772 4625 916 4664 nona
953 4625 1088 4675 ,nec
1115 4626 1220 4665 non
1267 4612 1616 4681 quotidianas
1664 4626 1970 4674 metanteas
2015 4630 2169 4676 octo-

594 4701 768 4770 ginta.
828 4701 1040 4774 Quippe
1063 4704 1328 4774 gulositas
1375 4704 1480 4760 sibi
1530 4705 1745 4762 deditos
1783 4719 1988 4767 aeterno
2056 4713 2169 4783 igni

594 4793 933 4849 transmittit.

1191 4885 1247 4942 8.
1286 4887 1366 4942 De
1393 4905 1578 4945 auaro.

671 4969 887 5030 Avarus
916 4975 1205 5030 insanabili
1232 4977 1422 5032 morbo
1453 4979 1686 5044 laborat,
1719 4981 1812 5048 qui
1848 4980 2166 5039 interiorem

593 5063 870 5118 hominem
903 5065 1108 5120 exedit.
1155 5065 1398 5122 Avaritia
1430 5080 1514 5123 est
1563 5069 1836 5126 idolorum
1887 5073 2126 5130 servitus
2149 5113 2168 5142 ,

599 5155 936 5212 inﬁdelitatis
974 5157 1105 5221 tilia,
1140 5157 1522 5216 inﬁrmitatum
1555 5172 1875 5232 praeteritus.
1909 5165 2168 5222 volunta-

593 5247 675 5301 ria
718 5246 1015 5316 apostasia.
1071 5245 1212 5302 Huic
1259 5247 1386 5304 item
1438 5249 1786 5306 decernimus
1842 5254 2163 5322 quadrime-

593 5349 757 5390 strem
787 5338 1161 5406 paenitentiam
1188 5378 1205 5405 ,
1251 5341 1612 5412 quadraginta
1684 5343 1896 5399 dierum
1953 5346 2172 5402 aridum

592 5429 798 5508 victum
832 5431 968 5486 hora
1001 5447 1146 5488 nona
1167 5471 1183 5498 ,
1213 5443 1270 5488 et
1290 5435 1646 5504 quotidianas
1672 5445 1977 5497 metanteas
2007 5439 2175 5507 quiu-

593 5525 888 5594 quaginta;
927 5539 1054 5583 cum
1085 5526 1160 5583 sit
1182 5527 1376 5583 vitium
1403 5529 1642 5584 animam
1672 5543 2024 5588 consumens.

667 5706 687 5738 ³
715 5708 872 5766 Psal.
912 5726 964 5776 ε,
986 5707 1039 5764 5.
1097 5708 1274 5766 "Psal.
1310 5725 1364 5774 v,
1397 5709 1450 5766 7.

2276 4522 2628 4594 προσκλαίειν
2649 4537 2664 4553 ο
2701 4517 2971 4588 ἑϐδομάδα
3012 4518 3141 4588 μίαν
3181 4515 3512 4587 ξηροφαγεῖν
3545 4512 3646 4582 ὥρᾳ
3668 4505 3792 4561 ὲννάιτ

2274 4631 2342 4685 τῃ
2367 4631 2383 4646 ο
2417 4613 2590 4667 ποιεῖν
2623 4610 2908 4682 μετανοίας
2949 4609 3072 4663 καθ’
3103 4609 3320 4680 ἡμέραν
3353 4613 3442 4660 ἰτὀ
3475 4606 3553 4659 ὅτι
3591 4601 3658 4673 τῷ
3681 4600 3785 4652 αἰω-

2274 4707 2374 4777 νίῳ
2402 4705 2536 4776 πυρὶ
2561 4703 2922 4776 παραπέμπει
2945 4703 3071 4766 τοὺς
3102 4699 3457 4771 πειθομένους
3485 4697 3628 4767 αὐτῇ.

2729 4886 2803 4953 η’.
2837 4881 2973 4950 Περὶ
2997 4879 3391 4950 φιλαργύρου.

2355 4976 2414 5032 ‘0
2451 4975 2790 5049 φιλάργυρος
2843 4975 2990 5028 νοσεῖ
3029 4973 3184 5026 νὸσον
3229 4971 3472 5033 ἀνίατον,
3514 4961 3783 5021 δαπανῶταν

2268 5070 2363 5124 τὸν
2423 5068 2574 5132 two;
2617 5066 2938 5138 άνθριιλιιιιον⁸
2987 5063 3326 5135 φιλαργυρία
3383 5062 3548 5123 ἐστὶν,
3594 5051 3780 5138 εἰδώλων

2269 5137 2932 5232 προσκύνησις,άπιστίας
2958 5154 3228 5227 θυγάτηρ,
3261 5151 3552 5214 ἀσθενειῶν
3566 5137 3784 5242 προφασξ·

2280 5269 2440 5323 στρια
2467 5291 2484 5316 ,
2515 5249 2764 5312 ὲκουσίος
2805 5247 3126 5320 παραϐάτης
3149 5263 3162 5275 ·
3211 5245 3465 5316 ὁρίζομεν
3495 5242 3546 5295 δὲ
3575 5235 3658 5304 καὶ
3680 5235 3784 5285 ταύ-

2277 5363 2400 5414 την,
2429 5343 2769 5415 τετράμηνον
2795 5343 2854 5396 ἐν
2879 5339 3136 5412 μετανοίᾳ
3166 5333 3328 5403 εἶναι,
3351 5338 3560 5432 μέρας
3587 5336 3631 5402 μ’
3655 5326 3782 5432 gap:

2279 5441 2478 5507 φαγεῖν
2503 5436 2623 5509 ὥρᾳ.
2655 5435 2723 5500 θ’,
2758 5434 3048 5506 μετανοίας
3071 5434 3246 5486 ποιεῖν
3275 5429 3398 5486 καθ’
3427 5427 3621 5502 ἡμέραν
3639 5425 3702 5476 ν’·
3725 5425 3784 5476 ὡς

2281 5530 2376 5587 τοῦ
2398 5527 2604 5593 πάθους
2625 5526 2941 5590 ἐκκαίοντος
2978 5523 3077 5595 τὴν
3103 5522 3302 5595 ψυχήν.
