4122 6382
409 327 544 410 ιτεε

865 441 932 499 θ’.
964 443 1103 514 Περὶ
1125 444 1522 514 ἀναισθήτου.

486 535 548 588 ὀ
577 533 906 606 ἀναίσθητος
944 535 1087 592 ἔοικε
1134 539 1268 609 λίθῳ
1298 539 1578 610 όξυγὼνῳ,
1605 541 1859 613 κρούοντι
1893 545 1984 598 καὶ

408 627 486 700 μὴ
508 627 869 699 διαλυομένῳ.
914 630 1266 700 ’Δναισθησία
1288 633 1410 685 ἐστὶ
1451 631 1722 702 νέκρωσις
1775 635 1981 707 μελῶν,

404 720 810 792 δαιμονιώντων
836 721 1065 793 ἀδελφὴ,
1098 722 1406 792 μεθυόντων
1441 725 1664 796 ὁμόνοια
1683 744 1698 759 ·
1727 727 1985 800 ὁρίζομεν

407 813 465 871 δὲ
497 812 595 866 καὶ
622 811 848 883 ταύτην,
878 812 1164 884 διμηναῖον
1195 814 1551 884 προσκλαίειν
1591 818 1804 889 χρόνον,
1838 819 1980 890 ἡμέ-

409 921 508 976 ρας
539 901 615 956 κε’
645 903 825 958 ἐλαίου
852 904 947 957 καὶ
975 904 1136 974 μόνου
1162 907 1627 980 μεταλαμϐάνειν,
1653 911 1760 964 τῶν
1785 911 1842 964 δὲ
1869 911 1982 965 λοι-

405 994 530 1048 πῶν
564 996 890 1066 ἀπέχεσθαι,
925 997 1100 1048 ποιεῖν
1150 999 1442 1068 μετανοίας
1494 1001 1613 1056 καθ’
1651 1003 1866 1075 ἡμέραν
1897 1009 1943 1075 ρ’
1964 1021 1978 1036 ’

407 1091 502 1159 καὶ
525 1089 634 1160 γὰρ
661 1091 690 1143 6
717 1087 1044 1160 ἀναίσθητος
1069 1089 1296 1148 δύναται
1328 1093 1511 1165 βαλεῖν
1533 1093 1626 1148 τὸν
1648 1093 1875 1166 ἀδελφὸν
1900 1095 1984 1161 είς

408 1179 702 1252 βάραθρον.

883 1272 935 1328 ι’.
970 1275 1113 1344 Περὶ
1144 1277 1495 1344 κενοδόξου.

489 1363 548 1416 Ὀ
583 1363 861 1430 κενόδοξος
888 1366 964 1432 ὡς
991 1368 1343 1437 ὑπερήφανος
1379 1370 1796 1440 καταλογίζεται
1820 1386 1836 1400 ·
1886 1372 1983 1426 καὶ

403 1454 512 1524 γὰρ
537 1454 570 1522 ἡ
603 1455 880 1520 κενοδοξία
909 1457 1047 1525 ἐστὶ,
1079 1458 1222 1523 κατὰ
1247 1460 1346 1531 μὲν
1377 1460 1439 1515 τὸ
1467 1456 1607 1524 εἶδος
1637 1462 1852 1530 φύσεως
1887 1464 1978 1517 ὲν-

403 1544 640 1616 αλλαγὴ,
700 1548 795 1600 καὶ
838 1548 987 1619 ἠθῶν
1047 1548 1384 1621 διαστροφὴ,
1439 1551 1538 1606 καὶ
1594 1554 1981 1624 παρατήρησις

407 1637 690 1708 μέμψεων,
721 1639 1102 1712 ὑπερηφανίας
1129 1643 1378 1714 τρίϐολος
1404 1644 1655 1714 ἐργασία.
1695 1644 1980 1717 Ὀρίζομεν

403 1727 462 1783 δὲ
488 1730 585 1782 καὶ
616 1729 823 1800 ταύτην
847 1731 906 1784 ὲν
927 1731 972 1784 λ’
998 1733 1234 1803 ἡμέραις
1272 1734 1646 1804 προσκλαίειν,
1678 1735 1978 1806 ἑβδομάδας

404 1817 499 1874 δύο
551 1819 737 1889 ἄκρως
792 1821 1124 1894 ξηροφαγεῖν
1177 1822 1296 1895 ὥρᾳ
1341 1823 1408 1888 θ’,
1465 1825 1756 1896 μετανοίας
1803 1827 1979 1879 ποιεῖν

407 1911 530 1963 καθ’
558 1912 774 1984 ἡμέραν
814 1920 926 1985 pp],
962 1913 1038 1979 ὡς
1085 1914 1338 1987 δαίμονος
1375 1917 1548 1971 αίτιον
1575 1917 1638 1971 τὸ
1669 1917 1840 1982 πάθος
1881 1919 1980 1975 καὶ

404 2001 691 2073 πρόξενον.

810 2203 898 2261 ια’.
931 2209 1069 2276 Περί
1091 2208 1296 2265 δειλοῦ
1327 2210 1571 2282 (λείπει).

840 2297 930 2371 ιβ’.
955 2301 1094 2368 Περὶ
1128 2302 1540 2373 ὑπερηφάνου.

484 2391 546 2444 ’0
590 2391 942 2463 ὑπερήφανος
989 2393 1176 2463 ὅμοιός
1206 2397 1324 2448 ἐστι
1353 2395 1430 2466 τῷ
1467 2395 1702 2468 διαϐόλῳ
1729 2395 1806 2468 τῷ
1835 2395 1980 2460 κατὰ

400 2480 539 2536 Θεοῦ
577 2483 973 2553 τραχηλίσαντι
995 2501 1009 2514 ο
1047 2485 1276 2557 καὶγὰρ
1308 2487 1653 2558 ὑπερηφανία
1694 2487 1810 2541 ἐστὶ
1842 2487 1977 2542 Θεοῦ

400 2574 654 2645 ἄρνησις,
693 2576 965 2648 δαιμόνων
994 2577 1236 2650 εὕρημα,
1273 2581 1623 2647 ἐξουδένωσις
1650 2581 1976 2653 ἀνθρώπων,

400 2664 784 2734 κατακρίσεως
817 2667 1024 2737 μήτηρ,
1048 2667 1223 2737 θυμοῦ
1255 2670 1428 2742 πηγὴ,
1457 2671 1798 2741 ὑποκρίσεως
1828 2671 1996 2742 ῥίζαο,

397 2755 660 2826 ὁρίζομεν
689 2758 786 2811 καὶ
812 2757 1017 2828 ταύτην
1041 2760 1100 2813 ὲν
1129 2758 1189 2824 ἓξ
1221 2763 1353 2831 μησὶ
1380 2761 1736 2833 προσκλαίειν
1755 2765 1823 2834 τῇ
1845 2762 1979 2836 ἁγίᾳ

397 2848 700 2920 ἐκκλησίᾳο
739 2849 1042 2921 ἑϐδομάδας
1071 2850 1114 2906 δ’
1157 2851 1487 2923 ξηροφαγεῖν
1515 2856 1702 2926 ἄκρως
1735 2854 1857 2929 ὥρᾳ
1887 2857 1978 2910 ὲν-

271 2932 284 2948 ’
396 2942 536 3012 νὰτῃ
563 2959 576 2973 ·
605 2941 728 2996 καθ’
763 2944 976 3018 ἡμέραν
1006 2946 1294 3015 μετανοίας
1328 2952 1425 3016 ρο¹.

851 3056 940 3125 ιγ’.
973 3058 1109 3125 Περὶ
1131 3059 1532 3128 βλασφήμου.

1571 336 1634 397 8.
1671 335 2061 398 THEODORI
2107 335 2451 400 31'0th

2011 457 2058 513 Δ

3524 331 3660 398 1726
3705 341 3709 344 ’

2657 451 2713 506 θ.
2759 451 2834 509 De
2865 451 3092 520 torpida.

2159 543 2433 614 Torpidus
2458 543 2796 601 assimilatur
2838 543 3003 614 lapidi
3047 542 3222 600 aeutis
3271 543 3486 612 angulis
3528 560 3666 612 pra:-

2085 637 2220 703 dito,
2250 637 2343 708 qui
2368 637 2622 707 percutit,
2643 650 2822 708 neque
2850 646 3031 691 tamen
3063 636 3179 706 ipse
3217 634 3507 710 frangitur.
3523 637 3663 690 Tor-

2085 730 2225 802 pedo
2279 728 2628 784 mortificatio
2699 729 3086 784 membrorum
3143 737 3270 789 εει,
3325 726 3659 782 furiosorum

2084 820 2444 892 germanitas,
2469 818 2750 874 ebriorum
2783 817 3103 873 concordia.
3145 817 3498 871 Decernimus
3533 817 3663 871 huic

2083 913 2248 968 etiam
2296 912 2431 967 vitio
2458 911 2776 966 bimestrem
2817 908 3040 970 fletum.
3085 918 3141 963 et
3179 924 3276 979 per
3319 908 3438 963 dies
3469 908 3662 978 viginti

2086 1003 2254 1060 unius
2277 1000 2380 1057 olei
2412 1016 2574 1054 usum
2597 1039 2614 1065 ,
2645 998 3034 1054 abstinentiam
3065 1013 3096 1053 a
3123 998 3358 1062 cateris,
3394 1007 3449 1053 et
3479 999 3663 1067 quoti-

2084 1097 2278 1152 dianas
2351 1101 2654 1147 metanoeas
2699 1100 2938 1146 centum.
2996 1088 3196 1160 Utique
3254 1089 3502 1159 torpidus
3550 1089 3661 1144 fra-

2084 1197 2221 1243 trem
2248 1200 2409 1242 suum
2439 1184 2491 1238 in
2526 1181 2846 1236 barathrum
2878 1183 3150 1252 conjicere
3180 1191 3375 1252 potest.

2435 1275 2521 1331 l0.
2554 1273 2634 1330 De
2662 1274 2840 1328 inanis
2873 1273 3060 1344 gloria:
3089 1273 3301 1343 cupido.

2152 1369 2336 1427 Inanis
2387 1369 2575 1440 gloria
2625 1366 2858 1438 cupidus
2909 1366 3133 1436 superbi
3180 1365 3355 1422 instar
3404 1365 3655 1421 habetur.

2081 1462 2332 1534 Namque
2359 1462 2545 1519 inanis
2593 1461 2780 1533 gloria
2828 1457 3138 1528 cupiditas,
3191 1459 3372 1528 specie
3411 1459 3653 1528 quidem,

2081 1564 2289 1610 natura
2315 1562 2400 1610 est
2428 1553 2760 1618 immutatio,
2792 1567 3012 1606 morum
3042 1550 3346 1620 perversio,
3373 1549 3654 1618 vituperav-

2081 1649 2292 1702 tionum
2325 1646 2585 1717 captatio,
2620 1645 2892 1716 superbia
2921 1643 3198 1699 senticosa
3223 1642 3486 1711 operatio.
3517 1640 3658 1697 Huic

2081 1752 2298 1808 quoque
2351 1737 2700 1792 decernimus
2745 1735 2969 1805 triginta
3010 1733 3222 1788 dierum
3263 1731 3480 1797 fletum,
3515 1731 3658 1785 dua-

2080 1828 2184 1884 bus
2250 1827 2612 1883 hebdomadis
2684 1824 2900 1880 aridum
2961 1837 3190 1892 prorsus
3247 1822 3455 1876 victum
3520 1821 3655 1875 hora

2079 1934 2247 1986 nona,
2293 1928 2347 1974 et
2403 1929 2705 1982 metanaas
2750 1915 3100 1986 quotidianas
3146 1921 3366 1968 centum
3427 1911 3658 1982 quadra-

2079 2011 2252 2079 ginta.
2289 2007 2536 2078 Namque
2569 2008 2674 2062 hoc
2702 2005 2895 2061 vitium
2937 2019 3161 2060 causam
3200 2003 3433 2058 damoni
3461 2017 3658 2072 suppe-

2079 2101 2218 2157 ditat
2241 2109 2296 2156 et
2327 2099 2648 2171 hospitium.

2436 2213 2522 2268 ιι.
2564 2213 2642 2268 De
2669 2212 2854 2268 timido
2885 2209 3049 2281 (deest
3082 2209 3136 2264 in
3167 2206 3333 2269 cod.).

2613 2304 2700 2359 12.
2765 2304 2843 2360 De
2876 2302 3121 2372 superbo.

2153 2394 2434 2466 Superbus
2466 2395 2662 2452 similis
2710 2394 2927 2451 diabolo
2955 2403 3078 2459 est,
3133 2391 3227 2462 qui
3271 2389 3383 2445 Deo
3434 2385 3654 2443 restitit.

2077 2487 2214 2543 Nam
2247 2485 2503 2556 superbia
2534 2485 2752 2555 negatio
2785 2483 2881 2538 Dei
2911 2490 3015 2542 est.
3049 2482 3356 2536 damonum
3393 2475 3661 2541 inventio,

2079 2580 2367 2637 hominum
2408 2579 2592 2643 ruina,
2621 2575 2988 2631 damnationis
3019 2584 3218 2637 mater,
3251 2571 3347 2625 ira
3373 2569 3520 2632 fons,
3557 2569 3658 2639 hy-

2079 2672 2358 2743 pocriseos
2388 2669 2566 2724 radix.
2601 2667 2742 2721 Huic
2782 2667 2914 2722 item
2942 2663 3294 2719 decernimus
3333 2667 3655 2716 semestrem

2078 2764 2264 2820 ﬂetum
2295 2761 2352 2816 in
2380 2767 2570 2816 sancta
2600 2757 2854 2820 ecclesia,
2887 2765 3124 2826 quatuor
3158 2749 3514 2808 hebdomadis
3544 2747 3660 2802 ari-

2079 2857 2274 2913 dorum
2305 2855 2557 2909 strictum
2589 2865 2758 2907 usum
2804 2850 2940 2904 hora
2984 2863 3154 2911 nona,
3204 2855 3262 2901 et
3305 2845 3657 2916 quotidianas

2079 2958 2380 3004 metanaas
2413 2943 2760 3015 septuaginta
2787 2956 2952 3011 supra
2986 2949 3236 2995 centum.

2585 3060 2676 3114 15.
2722 3057 2796 3112 De
2823 3056 3146 3125 blasphemo.

481 3148 540 3202 '0
568 3120 978 3219 ﬂldecpqpoarﬁ
1008 3120 1106 3202 τοῦ
1134 3120 1277 3202 ’Κάῖν
1308 3120 1501 3220 ⁷μερίδι
1525 3148 1973 3218 καταλογίζεταιο

2153 3151 2513 3222 Blasphemus
2570 3151 2624 3205 in
2674 3149 2830 3205 Caini
2881 3120 3131 3219 partibus
3169 3154 3474 3215 reputatur.
3527 3140 3658 3197 Dira

387 3241 612 3314 χαλεπὴ
653 3241 764 3313 γὰρ
814 3241 849 3309 ἡ
897 3241 1024 3312 ῥίζα
1073 3241 1173 3310 τῆς
1226 3242 1524 3313 σατανικῆς
1570 3242 1973 3313 ὑπερηφανίας,

388 3333 620 3409 ἀδελφοί
643 3349 658 3364 ο
683 3333 763 3385 διὸ
787 3331 1083 3399 ἀναγκαῖον
1113 3331 1284 3403 αὐτὴν
1309 3334 1388 3396 εἰς
1421 3332 1586 3402 μέσον
1613 3332 1848 3402 ἀχθῆναι
1867 3350 1883 3365 ⁸
1912 3333 1975 3388 οὗ

389 3425 512 3496 γὰρ
546 3424 656 3476 τῶν
693 3423 988 3494 τυχόντων,
1012 3423 1149 3477 ἀλλά
1185 3440 1250 3494 γε
1281 3424 1459 3494 πολλῷ
1496 3425 1696 3495 μᾶλλον
1723 3425 1975 3496 χαλεπώ-

388 3531 559 3586 τερος
612 3514 640 3565 6
691 3513 888 3584 ἐχθρδς
945 3517 1164 3567 πάντων
1211 3513 1570 3568 καθίσταται·
1621 3515 1875 3588 ὁρίζομεν
1919 3515 1976 3570 δὲ

391 3603 758 3674 ⁶ιτροονκλαίειν
783 3603 943 3674 μέχρι
965 3603 1360 3674 κατορθώσεως
1383 3605 1478 3658 τοῦ
1500 3605 1727 3672 πάθους,
1751 3606 1980 3660 ἁκοινώο

389 3713 564 3769 νητον
605 3691 770 3758 εἶναι,
820 3697 1152 3766 ξηροφαγεϊν
1195 3695 1351 3766 ἡλίου
1382 3697 1636 3767 δυσμαῖς,
1687 3699 1980 3766 μετανοίας

396 3791 580 3844 ποιεῖν
601 3789 721 3843 καθ’
745 3787 959 3860 ἡμέραν
976 3785 1044 3850 τ’,
1072 3787 1266 3859 μέχρις
1284 3787 1351 3841 ἂν
1371 3789 1584 3859 ἀποστῂ
1603 3789 1700 3859 τῆς
1719 3788 1978 3860 ἀθεμίτου

399 3879 774 3953 βλασφημίας.

885 3991 966 4048 ιδ’.
993 3992 1131 4062 Περὶ
1159 3991 1493 4062 θυμώδους.

487 4085 546 4141 Ὀ
575 4083 835 4156 θυμώδης
868 4085 1012 4137 ἔοικε
1054 4083 1436 4150 δαιμονιῶντιο
1469 4083 1640 4155 θυμὸς
1687 4086 1796 4157 γάρ
1833 4086 1980 4142 ἐστιν

400 4175 621 4247 ἑταιρία
665 4175 956 4245 δαιμόνων.
1026 4175 1209 4244 Ἀνὴρ
1245 4175 1541 4247 θυμώδης,
1585 4179 1698 4232 οὐκ
1754 4180 1981 4249 εὐσχή-

395 4285 531 4338 μων
557 4268 608 4299 ⁸ο
635 4267 664 4320 6
686 4265 854 4337 θυμὸς
885 4265 1028 4321 ἔστω
1063 4284 1146 4320 σοι
1179 4268 1323 4320 κατᾶ
1359 4268 1524 4337 μόνου
1553 4268 1648 4322 τοῦ
1680 4270 1879 4339 ὄφεως,
1911 4272 1980 4326 δι’

401 4360 464 4418 ὃν
510 4359 811 4426 ὲξέπεσαςο
850 4359 1107 4432 ὁρίζομεν
1145 4359 1202 4413 δὲ
1251 4357 1305 4430 μ’
1339 4360 1554 4432 ἡμέρας
1602 4363 1976 4432 προσκλαίειν,

403 4451 676 4526 ἑϐδομάδα
701 4451 867 4522 τυροῦ
901 4453 997 4506 καὶ
1020 4450 1130 4505 ὠοῦ
1162 4454 1256 4506 καὶ
1274 4454 1419 4507 οἴνου
1446 4455 1540 4507 καὶ
1566 4454 1745 4509 ἐλαίου
1777 4457 1980 4528 ἀπέχεο

2081 3255 2165 3302 εει
2185 3248 2360 3318 enim,
2384 3245 2602 3310 fratres,
2623 3243 2894 3298 Satanica
2919 3240 3190 3310 superbia
3229 3238 3382 3292 radix
3411 3256 3424 3292 :
3461 3249 3658 3306 quam-

2083 3340 2272 3410 Qbrem
2341 3353 2463 3392 eam
2517 3338 2573 3392 in
2609 3345 2861 3406 apertum
2911 3334 3220 3403 producere
3261 3345 3488 3386 necesse
3528 3337 3652 3384 est:

2082 3427 2530 3501 quandoquidem
2564 3427 2708 3481 haud
2745 3423 2986 3495 vulgaris
3019 3433 3103 3478 est
3142 3423 3320 3476 hostis
3348 3461 3363 3486 ,
3409 3419 3500 3476 sed
3535 3435 3656 3473 om-

2084 3522 2234 3577 nium
2267 3521 2624 3599 asperrimus.
2669 3518 3026 3575 Decernimus
3075 3515 3350 3569 hominem
3385 3508 3655 3581 ejusmodi

2083 3612 2140 3666 in
2186 3612 2315 3667 fletu
2348 3611 2556 3682 versari
2593 3609 2772 3679 quoad
2826 3609 2916 3662 hic
2963 3608 3189 3662 morbus
3229 3614 3470 3667 sanetur,
3501 3611 3654 3657 extra

2081 3702 2529 3758 communionem
2569 3715 2716 3764 esse,
2742 3700 2914 3754 aridis
2945 3697 3089 3751 vesci
3121 3696 3222 3751 sub
3268 3695 3401 3749 solis
3431 3708 3652 3756 occasu,

2083 3805 2136 3849 et
2159 3792 2508 3862 quotidianas
2534 3790 2714 3845 facere
2743 3799 3044 3844 metanaas
3070 3794 3363 3853 trecentas,
3385 3785 3558 3839 donec
3585 3784 3656 3837 ab

2085 3884 2252 3954 impia
2285 3881 2624 3952 blasphemia
2651 3881 2892 3937 recedat.

2617 3992 2706 4050 M.
2751 3991 2827 4052 De
2860 3989 3141 4060 iracundo.

2155 4087 2458 4145 Iracundus
2485 4085 2686 4141 similis
2725 4094 2811 4140 est
2851 4085 3186 4150 damonium
3218 4080 3467 4147 babenti;
3501 4093 3659 4133 nam-

2084 4197 2194 4252 que
2238 4182 2316 4235 ira
2354 4180 2750 4233 damoniorum
2783 4177 3052 4240 sodalitas
3080 4182 3183 4228 est.
3238 4172 3332 4227 Vir
3363 4170 3654 4225 iracundus

2087 4287 2190 4326 non
2227 4281 2302 4324 est
2330 4270 2550 4323 decorus
2575 4271 2618 4323 ⁸.
2668 4269 2752 4324 Ira
2801 4267 2895 4322 tibi
2943 4268 3015 4322 sit
3045 4267 3302 4320 adversus
3345 4271 3655 4334 serpentem

2089 4362 2468 4418 tantummodo
2531 4361 2690 4429 cujus
2749 4374 2918 4414 causa
2977 4357 3244 4421 cecidisti.
3304 4353 3658 4408 Decernimus

2089 4452 2448 4524 quadraginta
2492 4451 2702 4505 dierum
2749 4448 2935 4503 fletum
2961 4487 2976 4512 ,
3024 4455 3078 4502 et
3115 4461 3224 4500 una
3255 4441 3590 4499 hebdomada
3622 4457 3656 4496 a

405 4544 561 4603 σθαι,
592 4543 882 4614 μετανοίας
933 4545 1108 4596 ποιεῖν
1165 4543 1283 4597 καθ’
1332 4545 1543 4616 ἡμέραν
1601 4553 1685 4618 ρ’·
1716 4548 1826 4602 Καὶ
1869 4550 1980 4619 γὰρ

2089 4558 2276 4607 caseo,
2307 4543 2446 4608 ovis,
2476 4542 2626 4607 vino,
2657 4539 2886 4610 oleoque
2914 4538 3192 4600 abstinere
3214 4577 3229 4600 ,
3273 4545 3326 4589 et
3356 4536 3656 4588 motandeas

397 4632 561 4702 ῥοπὴ
601 4633 707 4687 τοῦ
735 4633 926 4703 θυμοῦ
960 4633 1170 4699 αὐτοῦ,
1194 4633 1424 4701 πτῶσις
1451 4637 1612 4703 αὐτῷ
1629 4637 1760 4692 ἐστι
1784 4641 1805 4672 ⁸
1829 4655 1844 4672 ’
1879 4640 1978 4698 καὶ

405 4723 552 4794 ὀργὴ
583 4724 897 4780 ἀπόλλυσι
921 4724 1022 4778 καί
1041 4726 1392 4794 φρονίμους.

915 4837 997 4896 ιε’.
1027 4839 1166 4909 Περὶ
1191 4839 1361 4910 όργίλ
1367 4857 1462 4896 ου.

494 4943 553 5000 Ὀ
571 4947 923 5019 ὀργιζόμενος
963 4950 1148 5019 ὅμοιος
1193 4951 1308 5014 τοῖς
1343 4950 1438 5004 τοῦ
1489 4951 1686 5023 Ἰωσὴφ
1727 4952 1976 5025 ἀδελφοῖς

406 5039 744 5109 καθέστηκεν
761 5039 918 5116 ’ὀργὴ
937 5041 1045 5112 γάρ
1067 5044 1186 5096 ὲστι
1208 5042 1524 5114 φρονήσεως
1551 5043 1855 5118 διαρπαγὴ,
1884 5049 1980 5102 καὶ

408 5131 794 5195 καταστάσεως
823 5131 1072 5202 ἀδελφῶν
1101 5129 1502 5207 ἐκτρεποσύνη,
1531 5137 1628 5190 καὶ
1659 5137 1981 5211 ἡγριωμένη

411 5223 597 5295 μορφὴ
643 5223 915 5294 κράσεως.
975 5224 1262 5296 ὐρίξομεν
1305 5226 1365 5280 δὲ
1406 5226 1498 5280 τὸν
1540 5228 1759 5299 ὀργίλον
1809 5231 1984 5301 μῆνας

407 5314 502 5370 δύο
530 5313 908 5386 προσκλαίειν,
939 5321 991 5385 μ’
1011 5317 1227 5388 ἡμέρας
1256 5317 1584 5389 ξηροφαγεῖν
1609 5319 1730 5392 ὥρᾳ
1758 5321 1976 5393 ἒννάτῃ.

413 5406 698 5478 μετανοίας
719 5407 894 5460 ποιεῖν
917 5404 960 5460 a’
982 5423 998 5439 ο
1027 5409 1121 5462 τὸν
1147 5409 1258 5480 γὰρ
1277 5409 1631 5481 ὀργιζόμενον
1657 5413 1735 5481 τῷ
1765 5411 1977 5482 ἀδελφῷ

410 5497 576 5552 αὐτοῦ
604 5500 634 5552 6
657 5497 864 5570 Κύριος
896 5497 1096 5570 ἔφησεν
1117 5499 1301 5571 ἔνοχον
1324 5496 1466 5556 εἶναι
1501 5503 1600 5574 τῆς
1625 5503 1899 5569 κολάσεως
1916 5504 1938 5536 ⁷
1959 5522 1972 5536 ·

409 5585 532 5658 ᾧθεν
557 5589 656 5642 καὶ
682 5589 745 5644 τὸ
778 5589 984 5662 πτῶμα
1018 5591 1248 5665 φοϐερόν
1277 5594 1445 5656 ἐστιν.

468 5793 486 5824 ⁵
521 5792 682 5856 Prov.
716 5811 796 5857 NL,
829 5793 919 5851 95.
948 5813 1029 5868 gr.
1106 5800 1127 5825 “
1159 5796 1327 5854 Eccli.
1355 5812 1393 5862 t,
1416 5798 1482 5852 l9
1505 5815 1584 5871 gr.
1656 5799 1881 5874 'Matth.
1909 5814 1962 5865 ν,
1980 5799 2069 5854 22.

2083 4647 2298 4698 centum
2331 4635 2574 4706 quotidie
2605 4633 2804 4688 facere.
2839 4630 3049 4692 Etenim
3094 4630 3316 4694 impetus
3360 4628 3456 4680 ira:
3497 4625 3612 4695 ejus
3638 4661 3656 4689 ,

2079 4731 2238 4784 ruina
2265 4728 2429 4797 ipsius
2456 4735 2556 4780 est.
2589 4725 2654 4779 Et
2675 4725 2758 4778 ira
2782 4723 2951 4794 perdit
2973 4723 3136 4776 etiam
3165 4721 3445 4790 prudentes
3469 4719 3510 4772 ⁸.

2397 4837 2484 4893 15.
2525 4837 2604 4891 De
2631 4852 2690 4896 eo
2731 4835 2823 4906 qui
2871 4834 3030 4905 facile
3062 4833 3334 4887 irascitur.

2154 4949 2257 5018 Qui
2301 4949 2560 5006 irascitur
2605 4948 2803 5008 similis
2853 4957 2940 5005 est
2975 4946 3197 5018 .Iosephi
3235 4947 3517 5004 fratribus.
3561 4945 3657 5003 Est

2085 5042 2235 5098 enim
2285 5042 2367 5096 ira
2410 5039 2719 5096 intellectus
2769 5039 3036 5110 direptio,
3088 5039 3370 5109 tranquilli
3420 5039 3652 5094 fratrum

2080 5143 2260 5190 status
2288 5133 2522 5199 eversio,
2544 5141 2598 5188 et
2628 5147 2785 5188 sava
2813 5132 3059 5204 quadam
3085 5132 3422 5202 compaginis
3451 5131 3651 5186 forma.

2081 5225 2439 5283 Decernimus
2483 5238 2663 5295 prono
2710 5225 2778 5280 ad
2821 5224 2959 5279 iram
2993 5224 3310 5280 himestrcm
3352 5223 3560 5289 ﬂetum,
3599 5232 3655 5278 et

2085 5317 2446 5388 quadraginta
2489 5316 2683 5373 diebus
2728 5317 2886 5372 arido
2924 5316 3048 5372 cibo
3085 5317 3160 5370 uti
3205 5317 3336 5370 hora
3381 5330 3546 5379 nona,
3596 5323 3653 5367 et

2086 5419 2386 5465 metanmas
2413 5407 2590 5464 facere
2616 5409 2900 5464 ducentas.
2929 5404 3173 5477 Namque
3205 5408 3517 5461 irascentem
3536 5403 3652 5474 fra-

2085 5503 2154 5556 tri
2201 5517 2297 5555 suo
2341 5499 2601 5557 Dominus
2652 5516 2800 5556 reum
2843 5513 3008 5570 pane
3051 5498 3222 5568 agit'.
3269 5496 3449 5563 Quare
3490 5494 3648 5565 culpa

2081 5593 2441 5651 formidabiﬁs
2466 5602 2572 5650 est.
