4122 6382
569 307 735 389 1721'
1455 321 1554 384 DE
1590 320 2104 396 CONFESSIONE
2132 321 2229 384 ET
2267 323 2872 387 SATiSFACTIO-NE.

1112 429 1202 488 16.
1247 428 1321 486 De
1354 430 1604 486 tristitia.
2175 439 2223 494 Α

2175 439 2223 494 Δ
2777 440 2873 499 ις’.
2903 431 3044 503 Περὶ
3065 433 3295 508 λύπης.

564 530 574 538 ’
645 522 1200 580 Tristitia’demersus
1231 523 1429 579 similis
1458 532 1544 577 est
1565 521 1776 578 homini
1807 522 1903 593 qui
1927 521 1982 576 in
2009 523 2148 578 mari

2343 527 2401 583 '0
2421 529 2487 600 τῇ
2517 525 2663 598 λύπῃ
2691 525 3085 598 βεϐυθισμένος
3118 525 3298 578 ἔοικεν
3325 523 3480 594 ἀνδρὶ
3509 525 3805 596 κλυδωνιζο-

571 625 954 685 tempestatem
997 615 1226 684 patitur.
1259 614 1509 669 Tristitia
1541 623 1629 670 est
1651 614 1850 669 animat
1875 614 2102 668 ariditas
2135 629 2150 666 :

2262 620 2406 692 μένῳ
2427 623 2486 674 ὲν
2511 619 2591 690 τῷ
2615 618 2878 687 πελάγει·
2907 617 3056 688 λύπη
3081 618 3189 687 γάρ
3222 619 3344 670 ἐστι
3370 615 3548 686 ψυχῆς
3576 619 3804 692 ξηρότης·

592 704 703 760 Viri
748 707 885 759 enim
912 705 1084 758 tristis
1133 705 1470 758 exsiccantur
1529 720 1650 758 asta
1671 703 1715 758 ⁸.
1767 704 1836 759 Et
1878 702 2155 758 tristitiam

2268 715 2504 783 Ἀνδρὸς
2530 713 2641 784 γὰρ
2658 712 2939 781 λυπηροῦ
2961 712 3311 781 ξηραίνεται
3334 711 3486 768 ὀστᾶ
3503 729 3519 744 ⁸
3553 715 3674 780 Καὶ,
3701 722 3810 781 Μα-

575 795 730 867 longe
760 795 950 867 repelle
997 812 1030 848 a
1079 799 1192 850 te’.
1224 795 1582 850 Decernimus
1634 794 1916 849 hominem
1959 795 2154 864 hujus-

2255 806 2410 875 κρὰν
2449 805 2712 873 ποίησον
2757 804 2879 860 ἀπὸ
2911 803 3030 858 σοῦ
3071 804 3310 872 λύπην·
3347 803 3599 876 ὁρίζομεν
3642 808 3695 862 δὲ
3729 810 3811 864 τὸν

578 889 724 942 modi
747 887 1146 944 incessantibus
1176 887 1428 954 precibus
1459 887 1600 956 apud
1624 887 1802 976 altare
1825 887 1976 952 llere,
2011 902 2152 957 quo-

2254 896 2499 952 τοιοῦτον
2544 896 2902 969 προσκλαίειν
2927 896 3007 964 τῷ
3033 895 3412 967 θυσιαστηρίῳ
3453 896 3633 968 εὐχαῖς
3673 900 3808 955 ἀδιά-

579 979 714 1035 tidie
760 988 1064 1034 metanmas
1109 987 1335 1032 centum
1381 978 1784 1048 quinquaginta
1833 977 2052 1044 facere,
2103 987 2160 1035 et

2256 987 2510 1043 λειπτον·
2567 990 2744 1042 ποιεῖν
2807 986 2934 1042 καθ’
2979 987 3194 1060 ἡμέραν
3265 989 3557 1058 μετανοίας
3615 989 3706 1056 σν⁸,
3756 992 3810 1045 τδ

581 1071 926 1142 quingenties
949 1069 1132 1125 dicere
1160 1086 1174 1123 :
1205 1069 1446 1136 Domine,
1470 1069 1738 1124 miserere.
1764 1069 1903 1126 Nam
1935 1071 2159 1128 tristitia

2257 1083 2436 1152 Κύριε
2447 1082 2712 1151 ἐλέησον
2726 1087 2801 1152 φ’·
2819 1081 3046 1136 δύναται
3072 1080 3181 1152 γὰρ
3208 1080 3356 1153 λύπη
3386 1081 3466 1146 είς
3487 1080 3813 1154 βλασφημίαν

581 1173 758 1234 potest
788 1162 854 1216 ad
884 1161 1282 1232 blasphemiam
1314 1160 1614 1230 impellere.
2261 1173 2440 1246 ῥίψαι,

1108 1249 1196 1304 i7.
1231 1248 1308 1303 De
1330 1250 1622 1306 homicida.

3683 331 3805 399 1728

1108 1263 1196 1304 t'l.
1231 1263 1308 1303 ue
1330 1263 1622 1306 nomtma.

655 1340 936 1396 Homicida
1003 1339 1139 1412 legis
1201 1341 1424 1412 quidem
1483 1341 1800 1413 praescripto
1869 1342 2160 1398 moriatur.

2784 1263 2872 1330 ιζ’.
2897 1263 3041 1334 Περὶ
3063 1265 3323 1336 φονέως.

2339 1357 2401 1414 '0
2424 1357 2621 1429 φονεὺς
2645 1357 2791 1412 κατὰ
2827 1355 2926 1426 μὲν
2957 1356 3052 1410 τὸν
3080 1357 3249 1427 νόμον
3277 1355 3690 1427 ἁποθνησκέτωυ
3718 1357 3811 1411 ὅδὲ

588 1431 692 1487 Sed
728 1441 952 1487 sanctus
979 1430 1219 1487 Basilius
1258 1433 1389 1488 huic
1419 1448 1692 1489 annorum
1725 1433 2038 1504 quindecim
2066 1433 2163 1490 ﬂe-

2263 1451 2419 1519 ἆγιος
2465 1450 2746 1514 Βασίλειος
2791 1456 2856 1503 ιε’
2883 1449 2981 1518 ἐτη
3025 1447 3227 1520 ὥρισεν
3274 1446 3438 1502 αὑτὸν
3469 1447 3807 1518 προσκλαίειν,

585 1532 700 1578 tum
737 1523 1042 1587 constituit,
1077 1533 1132 1579 et
1167 1524 1338 1580 aridis
1371 1525 1620 1581 districto
1649 1525 1800 1581 vesci
1829 1526 1961 1581 hora
1991 1541 2160 1592 nona,

2264 1544 2597 1617 ξηροφαγεω
2657 1544 2846 1615 ἄκρως
2897 1541 3020 1613 ὥρᾳ
3075 1541 3296 1612 ὲννάτῃ,
3337 1539 3433 1593 καὶ
3479 1539 3813 1608 ἀκοινώνητον

585 1625 639 1671 et
665 1624 821 1671 extra
855 1618 1298 1672 communionem
1344 1632 1590 1672 manere.
1630 1615 1744 1692 Nos
1767 1620 1836 1673 ad
1867 1618 2163 1674 triennium

2264 1615 2407 1689 εἶναι
2425 1653 2440 1668 ο
2464 1637 2629 1706 ἡμεῖς
2647 1633 2707 1688 δὲ
2726 1633 2917 1705 τριετῆ
2944 1632 3136 1704 χρόνον
3155 1630 3250 1684 τὸν
3283 1630 3484 1684 κανόνα
3510 1628 3688 1684 τοῦτον
3709 1630 3807 1702 ὀρί-

589 1721 860 1762 canonem
895 1707 1044 1761 hunc
1087 1706 1412 1777 redigimus,
1445 1708 1717 1778 siquidem
1745 1708 2080 1778 pmnituerit,
2109 1717 2166 1763 et
2197 1772 2217 1798 ι

2197 1772 2240 1798 D
2270 1727 2458 1798 ζομεν,
2497 1727 2594 1781 ἐὰν
2631 1729 2888 1798 μετανοῇ,
2921 1726 3017 1780 καὶ
3045 1727 3074 1778 ὁ
3101 1723 3306 1795 μόχθος
3345 1721 3509 1777 αὐτοῦ
3537 1724 3802 1793 φαίνηται·

589 1797 811 1892 amica.
857 1797 978 1892 eius
1024 1772 1304 1892 ararat.
1339 1797 1494 1892 qua
1513 1772 1580 1854 εί
1613 1772 1831 1870 poenam
1883 1801 2026 1856 ιιεηε
2067 1813 2163 1892 ης-
2197 1772 2242 1828 Β
2271 1772 2458 1874 ξῑῑέέ
2483 1772 2888 1892 gestas:
2907 1772 3514 1887 s;'..'.z;.:'.;,,;.;.
3537 1772 3805 1886 se

590 1888 841 1956 glexerit,
886 1887 1198 1958 quindecim
1239 1889 1402 1943 annis
1429 1889 1566 1954 luat,
1591 1901 1754 1959 prout
1783 1905 2019 1961 magnus
2053 1889 2170 1944 vult
2268 1887 2573 1968 manas,

590 1978 854 2034 Basilius.

1135 2069 1225 2124 18.
1269 2069 1342 2123 De
1377 2072 1645 2128 adultero.

665 2163 892 2218 Adulter
922 2163 1210 2218 homicida:
1245 2165 1444 2220 similis
1481 2174 1590 2221 est.
1630 2163 1767 2220 Nam
1799 2165 1894 2236 qui
1932 2164 2172 2236 proximi

595 2257 681 2310 sui
706 2255 862 2310 uxori
897 2255 1211 2317 insidiatur,
1244 2257 1490 2327 gladium
1519 2259 1818 2329 ancipitem
1860 2267 2063 2326 movet,
2112 2266 2172 2314 et

595 2347 884 2402 dissidium
923 2345 1152 2404 inducit.
1181 2345 1415 2404 Sanctus
1439 2351 1660 2420 quidem
1681 2349 1918 2406 Basilius
1957 2350 2171 2407 consti-

597 2441 720 2503 tuit,
749 2441 896 2497 hunc
919 2443 1082 2497 annis
1108 2443 1422 2512 quindecim
1443 2444 1602 2500 arido
1631 2445 1878 2502 districte
1908 2446 2034 2501 cibo
2068 2445 2172 2511 uti,

597 2533 733 2588 hora
773 2549 938 2588 nona.
971 2531 1082 2590 Nos
1122 2550 1276 2600 vero,
1326 2536 1372 2592 si
1417 2535 1616 2591 vitium
1657 2536 1950 2608 abruptum
1986 2536 2172 2602 fuerit,

598 2622 804 2679 biennii
827 2627 1458 2683 excommunicationem
1481 2627 1854 2694 decernimus,
1876 2644 1999 2684 cum
2022 2629 2176 2684 arido

597 2716 822 2770 omnino
849 2715 994 2782 cibo,
1035 2726 1091 2772 et
1129 2718 1418 2773 metanteis
1457 2718 1797 2788 quotidianis
1827 2719 2101 2775 ducentis.

1095 2807 1182 2862 i9.
1223 2807 1303 2861 De
1327 2809 1674 2878 fornicatore.

2801 2086 2892 2159 ιη’.
2924 2087 3068 2156 Περὶ
3089 2084 3338 2156 μοιχοῦ.

2352 2185 2412 2238 '0
2446 2181 2634 2254 μοιχὸς
2660 2182 2844 2253 ὅμοιος
2879 2179 2960 2251 τῷ
2989 2182 3144 2249 φονεῖ
3163 2196 3180 2212 ο
3211 2181 3245 2233 ὁ
3271 2178 3380 2248 γὰρ
3405 2178 3471 2248 τῇ
3500 2174 3590 2230 τοῦ
3611 2175 3806 2245 πλησίον

2271 2275 2494 2346 γυναικὶ
2535 2272 2928 2337 ἐπιϐουλεύων,
2963 2271 3245 2343 μάχαιραν
3277 2268 3522 2338 δίστομον
3551 2270 3697 2333 κινεῖ,
3725 2268 3806 2321 καὶ

2273 2363 2554 2436 χωρισμὸν
2579 2363 2852 2418 ἀποτελεῖ.
2874 2363 2985 2416 Καὶ
3011 2363 3041 2414 ὁ
3069 2361 3167 2432 μὲν
3201 2359 3363 2428 ἅγιος
3395 2359 3657 2422 Βασίλειος
3677 2357 3806 2428 (dipt-

2275 2457 2388 2526 σεν)
2411 2455 2505 2526 ἐτη
2535 2461 2596 2509 ιε’
2628 2454 3040 2527 ξηροφαγοὼτα
3069 2454 3260 2524 ἄκρως
3291 2451 3408 2523 ὥρᾳ
3434 2451 3643 2522 ὲννάτῃ’
3665 2452 3804 2520 ἡμεῖς

2271 2549 2332 2604 δὲ
2357 2547 2453 2602 τοῦ
2491 2547 2699 2612 πάθους
2727 2545 3153 2616 ἐκκοπτομένου,
3183 2543 3340 2613 διετῆ
3388 2543 3567 2614 χρόνον
3602 2539 3802 2595 ἁκοινὼο

2273 2657 2438 2712 νητον
2480 2634 2644 2705 εἶναι,
2689 2637 3104 2710 ξηῳφαγοῦντα
3140 2637 3351 2708 ἄκρως,
3387 2634 3654 2705 μετανοίας
3694 2632 3802 2687 καθ’

2275 2733 2488 2806 ἡμέραν
2511 2731 2812 2794 διακοσίας.

2649 2867 2660 2882 .
2793 2822 2881 2878 tB'.
2908 2823 3051 2892 Περί
3081 2825 3336 2891 πόρνου.

669 2901 990 2958 Fornicator
1029 2918 1126 2958 sex
1174 2905 1336 2959 annis
1380 2918 1535 2958 extra
1582 2904 2026 2960 communionem
2083 2903 2175 2969 sit,

2170 2945 2175 2965 ν
2359 2916 2418 2972 ’0
2465 2916 2664 2988 πόρνος
2705 2914 2767 2981 ἓξ
2812 2913 2906 2984 ἐτη
2941 2913 3332 2986 ἀκοινώνητος,
3363 2909 3663 2983 ξηροφαγᾶω
3698 2907 3798 2979 ὥρᾳ

601 2990 725 3069 cibo
754 2993 908 3047 arido
937 3009 1163 3048 vescens
1198 2995 1331 3048 hora
1360 3009 1527 3058 nona,
1562 3009 1688 3048 cum
1729 2995 2016 3048 metanoeis
2046 3009 2178 3048 cen-

2165 3022 2178 3084 ξ
2278 3009 2495 3084 ὲννάτῃ,
2525 3009 2813 3080 μετανοίας
2843 3005 2952 3080 ρν’⁶
2977 3010 3027 3061 εί
3060 3007 3116 3060 δὲ
3144 3007 3348 3078 ἀμελῇ.
3376 3005 3449 3077 τῷ
3475 3005 3671 3075 μεγάλῳ
3693 3005 3793 3055 ἑπι-

603 3093 716 3136 tum
764 3083 1184 3154 quinquaginta.
1225 3083 1384 3150 Quod
1431 3084 1479 3140 si
1531 3082 1852 3154 neglexerit,
1896 3081 2231 3164 grandioric

1928 3081 2177 3138 τειυίίίοτί
2203 3104 2246 3164 C.
2279 3081 2459 3174 τιμίῳ*
2473 3100 2571 3156 τοῦ
2595 3100 2756 3171 ἁγίου
2789 3099 3070 3154 Βασιλείου
3098 3097 3556 3159 καταδικαζέσθω.

598 3188 775 3245 paena:
807 3175 986 3230 sancti
1012 3174 1199 3231 Basilii
1235 3176 1308 3232 sit
1338 3175 1636 3230 obnoxius.

881 3267 972 3322 20.
1014 3267 1091 3322 De
1113 3267 1471 3322 masculorum
1502 3266 1858 3332 concubitore,

675 3359 780 3426 Qui
835 3359 1228 3430 turpitudinem
1282 3375 1409 3415 cum
1475 3359 1737 3416 masculis
1795 3361 2176 3429 commiserit,

604 3449 753 3506 hunc
781 3459 1007 3506 sanctus
1032 3449 1267 3506 Basilius
1295 3451 1612 3522 quindecim
1649 3451 1811 3508 anuis
1843 3461 1996 3508 extra
2025 3469 2181 3509 com-

603 3543 920 3598 munionem
968 3557 1092 3598 esse
1145 3543 1388 3599 decrevit
1425 3543 1764 3614 jejunantem
1822 3560 1888 3599 ac
1937 3544 2178 3600 ﬂentem.

604 3634 718 3689 Nos
760 3643 966 3700 tamen,
999 3635 1270 3704 siquidem
1307 3651 1338 3690 a
1367 3647 1592 3706 peccato
1631 3651 1692 3692 se
1730 3639 2028 3694 recessisse
2063 3653 2183 3694 cre-

605 3728 849 3784 dibiliter
872 3728 1230 3797 demonstret,
1263 3729 1487 3806 biennio
1513 3739 1720 3785 tantum
1755 3739 1908 3786 extra
1935 3747 2184 3786 commu-

607 3821 824 3874 nionem
858 3835 983 3875 eum
1015 3836 1159 3884 esse,
1195 3821 1354 3876 arido
1393 3822 1516 3876 cibo
1545 3829 1788 3878 utentem
1826 3823 1964 3878 hora
2016 3837 2182 3888 ncna,

603 3909 885 3979 jubemus.
914 3908 1074 3976 Quod
1100 3911 1146 3964 si
1178 3926 1395 3980 pmnam
1421 3912 1563 3967 hanc
1592 3913 1915 3984 neglexerit,
1947 3914 2182 3985 quinde-

609 4004 716 4058 cim
746 4016 1016 4058 annorum
1047 4019 1264 4073 poenam
1301 4005 1592 4060 sustineat.

533 4088 535 4092 ’
961 4093 1051 4150 21.
1098 4093 1175 4148 De
1223 4105 1440 4150 coeunte
1487 4111 1608 4150 cum
1651 4094 1836 4150 bestia.

2699 3269 2769 3328 κ’.
2798 3271 2940 3340 Περὶ
2975 3271 3305 3340 ἀρσενοκοί
3309 3288 3434 3326 του.

2360 3365 2422 3420 '0
2451 3363 2553 3436 τὴν
2580 3363 2974 3436 ἀσχημοσύνην
2995 3366 3055 3417 ὲν
3079 3366 3192 3427 τοῖς
3215 3363 3441 3434 ἄρρεσιν
3464 3357 3792 3427 ἐπιδεικνύμε-

2281 3474 2391 3524 νος,
2413 3458 2443 3510 ὀ
2479 3458 2578 3528 μὲν
2604 3456 2760 3526 ἅγιος
2786 3455 3068 3520 Βασίλειος
3103 3462 3165 3509 ιε’
3194 3455 3295 3526 ἐτη
3325 3454 3513 3525 ὥρισεν
3542 3449 3792 3517 ἀκοινώνη-

2281 3567 2374 3604 τον
2436 3549 2766 3618 νηστεύοντα
2807 3547 2904 3602 καὶ
2954 3546 3358 3618 προσκλαίοντα
3376 3561 3390 3576 ·
3439 3545 3585 3617 ἡμεῖς
3625 3542 3674 3595 δὲ
3714 3540 3791 3594 ἐὰν

2283 3643 2495 3714 ἀποστῇ
2544 3639 2636 3696 τοῦ
2675 3642 2844 3695 κακοῦ
2884 3640 3023 3712 μετὰ
3055 3638 3448 3710 πληροφορίας,
3482 3635 3611 3704 διετῆ
3637 3633 3792 3703 χρόνον

2284 3733 2670 3804 ἀκοινώνητον,
2703 3730 3118 3805 ξηροφαγοῖητα
3156 3729 3282 3801 ὥρᾳ
3318 3728 3523 3798 ὲννὰτῃ,
3552 3721 3790 3796 μετανοίας

2287 3833 2332 3881 σ’
2357 3843 2372 3860 ·
2400 3829 2450 3882 εί
2473 3827 2532 3881 δὲ
2557 3826 2757 3898 ἀμελῇ,
2781 3826 2852 3880 τὰ
2878 3823 3176 3880 δεκαπέντε
3202 3823 3304 3896 ἐτη
3339 3821 3601 3876 ὲκτελείτω
3621 3817 3672 3871 τὸ
3691 3817 3788 3868 ὲπι-

2285 3917 2487 3991 τίμιον.

2714 4091 2822 4149 κα’.
2860 4092 3002 4163 Περὶ
3043 4091 3432 4160 κτηνοάὶτου.

682 4191 786 4259 Qui
843 4205 968 4246 cum
1022 4188 1215 4244 bestiis
1257 4205 1372 4243 rem
1421 4196 1634 4258 turpem
1687 4189 1978 4253 habuerit,
2029 4189 2188 4259 juxta

2156 4205 2188 4246 a
2369 4188 2429 4241 '0
2463 4187 2520 4239 ἐν
2552 4184 2770 4256 ἀλόγοις
2797 4187 2896 4254 τὴν
2925 4183 3317 4256 ἀσχημοσύνην
3345 4180 3648 4249 ποιούμενος,
3674 4171 3783 4225 κατὰ

611 4291 864 4337 sanctum
898 4279 1162 4334 Basilium
1195 4278 1512 4348 quindecim
1545 4279 1707 4334 annis
1749 4291 1902 4334 extra
1940 4295 2189 4335 cornum-

2153 4297 2189 4334 I-
2287 4281 2380 4335 τὸν
2441 4281 2594 4348 ἆγιον
2653 4277 2932 4332 Βασίλειον
2986 4282 3048 4328 ιε’
3095 4274 3188 4346 ἐτη
3249 4270 3586 4340 ἀκοινώνητος
3632 4264 3781 4316 ἔσται·

612 4374 832 4426 nionem
879 4371 1006 4426 erit.
1053 4367 1164 4423 Nos
1213 4379 1393 4423 tamen
1445 4369 1492 4423 si
1545 4383 1576 4421 a
1613 4368 1824 4438 ﬂagitio
1869 4368 2186 4432 cessaverit,
2223 4435 2240 4441 Δ

2153 4377 2186 4432 ι,
2223 4435 2256 4441 ὰ
2287 4372 2449 4441 ἡμεῖς
2510 4369 2567 4422 δὲ
2625 4369 2720 4423 ἐὰν
2785 4365 2879 4421 τοῦ
2928 4366 3100 4420 κακοῦ
3154 4367 3390 4435 ἀποστῇ,
3447 4359 3576 4428 διετῆ
3630 4353 3781 4425 χρόνον

615 4463 821 4519 biennii
877 4460 1509 4517 excommunicationem
1571 4461 1620 4514 ei
1679 4460 1998 4524 inferimus,
2059 4435 2243 4516 cumc

2152 4478 2184 4516 n
2211 4435 2256 4496 θ
2289 4435 2654 4534 ὧιοινὼνητον
2717 4455 2858 4514 εἶναι
2916 4457 3195 4530 ὁρίζομεν,
3261 4451 3638 4527 ξηροψγοῦντα
3687 4446 3780 4513 ὥρᾳ

615 4554 770 4609 arido
796 4553 920 4609 cibo
959 4553 1094 4608 hora
1127 4566 1294 4614 nona,
1328 4560 1382 4605 et
1410 4565 1536 4605 cum
1584 4551 1876 4605 metanmis
1915 4552 2189 4606 ducentis.

2149 4567 2189 4606 5.
2286 4551 2501 4626 ἑννάτῃ,
2531 4551 2820 4624 μετανοίας
2847 4554 2893 4602 σ⁹
2915 4565 2930 4578 ο
2963 4551 3012 4604 εί
3041 4549 3100 4604 δὲ
3128 4547 3327 4620 ἀμελῇ,
3349 4547 3415 4600 τὰ
3441 4544 3497 4598 ιε’
3520 4542 3601 4610 ἔτη
3621 4536 3777 4608 φυλατ-

615 4647 772 4716 Quod
820 4646 866 4702 si
918 4645 1241 4718 neglexerit,
1285 4642 1600 4714 quindecim
1652 4657 1926 4697 annorum
1969 4656 2190 4714 poenam
2283 4645 2446 4701 τέτω.

616 4739 850 4811 expleat.

1160 4830 1252 4884 22.
1294 4828 1374 4884 De
1402 4829 1626 4883 incestu.

688 4925 792 4993 Qui
827 4925 882 4978 in
919 4937 1164 4979 sororem
1195 4923 1476 4992 propriam
1522 4922 1709 4992 lapsus
1745 4919 1930 4986 fuerit,
1957 4921 2192 4992 quinde-

619 5019 725 5075 cim
760 5018 920 5072 annis
949 5015 1340 5072 communione
1379 5022 1584 5076 careat,
1615 5023 1780 5084 prout
1808 5014 1923 5068 vult
1953 5029 2187 5084 magnus

621 5107 880 5162 Basilius.
925 5105 1041 5162 Nos
1084 5114 1292 5168 tamen,
1323 5107 1370 5159 si
1401 5104 1652 5172 posthinc
1677 5103 1883 5174 ﬂagitio
1911 5104 2193 5160 abstinue-

619 5202 714 5265 rit,
747 5199 1072 5253 triennalem
1107 5199 1339 5267 pmnam’
1363 5195 1708 5250 decernimus
1746 5197 1886 5252 aridi
1918 5197 2026 5252 cibi
2057 5196 2192 5252 hora

620 5306 788 5358 nona,
818 5305 945 5345 cum
982 5289 1234 5345 ducentis
1266 5289 1574 5344 metanoais.

1015 5383 1108 5438 23.
1149 5382 1226 5436 De
1248 5382 1452 5436 incestu
1479 5397 1599 5435 cum
1634 5397 1798 5435 nuru.

2429 4825 2534 4897 κβν.
2566 4823 2708 4894 Περὶ
2734 4822 3168 4894 ἀδελφομιείας
3197 4821 3328 4892 ἤτοι
3351 4812 3667 4889 αἱμομιξίας·

2376 4919 2437 4974 ’0
2459 4895 2538 4981 εἰς
2567 4915 2800 4987 ἀδελφὴν
2829 4915 2966 4968 ἰδίαν
2993 4914 3306 4984 ἐμπίπτων,
3345 4910 3403 4965 ιε’
3429 4909 3516 4974 ἐτη
3541 4895 3775 4962 azioma”?

2293 5029 2385 5074 τος
2403 5009 2546 5064 κατὰ
2563 5009 2654 5062 τὸν
2681 5009 2854 5078 μέγαν
2879 5005 3158 5060 Βασίλειον
3181 5021 3196 5037 ·
3223 5002 3342 5058 καθ’
3363 5000 3496 5072 ἡμᾶς
3516 4997 3564 5049 δὲ
3583 4992 3662 5044 ἐὰν
3677 4989 3776 5038 ἁπο-

2298 5105 2396 5173 στῇ
2437 5099 2534 5155 τοῦ
2559 5099 2752 5164 κακοῦ,
2792 5098 2978 5170 τριετῆ
3005 5097 3195 5169 χρόνον
3225 5085 3775 5181 ιὶπιτιμιίσίίω,Δ

2439 5192 2559 5263 ὥρᾳ
2589 5191 2808 5262 ὲννάτῃ,
2829 5166 3128 5260 μετανοίας
3158 5183 3204 5240 σ⁹
3224 5203 3239 5218 ·
3271 5184 3363 5239 ἐὰν
3394 5182 3446 5235 δὲ
3467 5174 3635 5248 dium:
3657 5166 3709 5220 τὰ
3730 5173 3764 5215 ιε

2295 5287 2390 5358 ἔτη
2411 5285 2718 5339 ἐκτελείτω.

2487 5375 2597 5446 κγ’.
2628 5375 2768 5445 Περὶ
2793 5376 3033 5446 νύμφης
3059 5373 3278 5438 οἰκείας
3301 5362 3620 5440 αίμθμιξίαςο

694 5474 896 5542 Qui-in
939 5490 1140 5529 nurum
1166 5473 1352 5543 lapsus
1384 5473 1572 5537 fuerit,
1619 5473 1874 5528 undecim
1923 5473 2084 5530 annis
2121 5489 2188 5529 ex

623 5567 800 5624 sancti
843 5566 1031 5623 Basilii
1077 5566 1349 5623 sententia
1403 5574 1558 5620 extra
1602 5567 2042 5622 communionem
2091 5568 2182 5624 sit.

697 5749 718 5776 "
739 5745 895 5804 Prov.
931 5763 1064 5816 xvu,
1094 5746 1164 5800 ‘25
1197 5761 1276 5815 gr.
1355 5747 1374 5777 ί·
1399 5741 1565 5800 Eccli.
1605 5758 1730 5808 xxx,
1760 5742 1850 5798 Ἡ.

2377 5471 2438 5526 '0
2468 5444 2548 5535 εἰς
2579 5469 2798 5541 νύμφην
2825 5444 3134 5540 them-um,
3178 5472 3248 5522 ια’
3285 5464 3376 5534 ιτη
3409 5456 3534 5514 κατὰ
3556 5452 3632 5504 τὸν
3654 5444 3772 5541 army

2296 5532 2576 5623 Βασίλειον
2617 5532 2981 5637 έκοινώνητύς
3021 5532 3170 5618 ἐστιν
3190 5576 3205 5592 ⁸
3235 5532 3389 5632 ἡμεῖς
3414 5554 3467 5609 δὲ
3493 5551 3574 5605 ἐὰν
3609 5532 3774 5601 dimi-1
