4122 6382
348 941 361 998 ί

373 377 512 444 1729

1562 382 1622 444 S.
1657 381 2052 444 THEODORI
2090 380 2438 443 STUDITIE

3488 377 3634 443 me
3699 331 3702 336 ’

372 488 467 544 τοῦ
525 483 724 553 κακοῦ,
774 485 922 558 διετῆ
973 487 1166 560 χρόνον
1199 488 1568 562 ἀκοινώνητον
1597 485 1741 546 εἶναι
1780 508 1952 562 προσ-

2058 489 2169 544 Nos
2205 499 2414 554 autem,
2461 487 2506 544 si
2541 486 2808 558 ﬂagitium
2852 485 3250 549 emendaverit,
3282 483 3504 540 biennio
3529 503 3624 542 ca-

371 579 668 647 τάσσομεν,
736 575 1152 649 ξηροφαγοῦντα
1204 577 1325 649 ὥρᾳ
1390 579 1612 652 ὲννόιτῃ,
1665 581 1956 652 μετανοίας

376 669 634 724 ποιοῦντα
696 668 743 722 τ’
767 686 782 702 ο
845 672 896 724 εί
948 669 1006 723 δὲ
1062 671 1238 742 ἀμελῇ
1298 671 1494 726 τούτου
1548 671 1647 726 τοῦ
1703 673 1951 741 κανόνος,

378 762 474 816 καὶ
503 762 742 836 ἐπιμένῃ
767 765 834 833 τῇ
860 762 1049 834 κακία,
1080 762 1150 817 τὰ
1189 768 1258 816 ια’
1287 761 1384 836 ἐτη
1410 764 1706 821 ὲκτελείτω
1742 766 1806 820 τὸ
1834 767 1958 821 ὲπι-

377 855 428 906 τί
436 871 578 925 μιαν,

871 940 970 999 κδ’.
997 943 1137 1011 Περὶ
1169 946 1457 1005 κλέπτου.

459 1035 521 1090 '0
577 1035 842 1106 κλέπτης,
899 1037 950 1090 εἰ
1013 1036 1088 1109 μὴ
1136 1038 1450 1113 ἐξαγγείλῃ,
1499 1042 1667 1112 φησὶν
1724 1043 1754 1098 δ
1802 1042 1958 1112 ἅγιος

383 1125 684 1190 Βασίλειος,
747 1125 840 1179 δύο
893 1125 1060 1196 μόνας
1112 1127 1413 1199 ἑϐδομάδας
1459 1131 1847 1202 ὲιτιιτιμάιτθοι⁹
1907 1131 1956 1185 εί

381 1219 438 1272 δὲ
503 1217 634 1286 παρ’
689 1217 852 1272 ἄλλου
904 1217 1160 1290 ἐλεγχθῇ,
1205 1219 1358 1291 διετῆ
1411 1221 1641 1293 χρόνον·
1686 1224 1850 1294 ἡμεῖς
1899 1222 1959 1276 δὲ

385 1315 438 1378 μ’
478 1309 693 1380 ἡμέρας
732 1309 1012 1381 ὁρίζομεν,
1051 1309 1384 1382 ξηροφαγεῖν
1416 1313 1536 1386 ὥρα
1563 1313 1629 1378 θ’,
1661 1317 1762 1370 καὶ
1793 1333 1961 1380 μετα-

381 1400 531 1464 νοίας
587 1404 766 1455 ποιεῖν
825 1399 892 1473 ρ’,
945 1403 1350 1475 ὲκκοπτομένου
1402 1407 1648 1479 δηλονότι
1701 1407 1799 1461 τοῦ
1849 1408 1960 1462 πά-

379 1491 530 1556 οους.

819 1582 917 1639 κε’.
945 1586 1089 1655 Περὶ
1114 1589 1530 1658 τυμϐωρύχων.

462 1673 521 1727 Ὅ
549 1675 924 1748 ιυμόὡρυχος,
951 1677 1094 1731 κατά
1131 1679 1225 1733 τὸν
1265 1679 1422 1748 ἅγιον
1454 1679 1736 1734 Βασίλειον
1772 1680 1836 1734 ιε’
1865 1680 1960 1752 ἔτη

382 1764 744 1838 ἀκοινώνητος
757 1768 933 1823 ἔσται’
954 1771 1116 1840 ἡμεῖς
1129 1771 1187 1824 δὲ
1197 1771 1294 1824 τοῦ
1311 1770 1516 1835 πάθους
1535 1773 1959 1844 ἐκκοπτομὲνου,

2055 596 2176 636 rere
2208 580 2600 636 communione
2626 581 2903 645 juliemus,
2952 578 3123 633 aridis
3155 585 3462 632 vescentem
3495 578 3628 632 liora

2057 683 2220 734 nona,
2256 676 2400 724 cum‘
2427 668 2718 724 metanmis
2746 668 3027 722 trecentis.
3065 666 3222 733 Quod
3257 666 3304 722 si
3338 669 3486 722 hunc
3532 682 3632 720 no-

2057 766 2231 812 strum
2267 772 2534 812 canonem
2563 757 2886 828 neglexerit,
2919 766 2976 812 et
3005 757 3058 811 in
3089 758 3220 812 vitio
3246 773 3631 827 perseverave-

2056 848 2148 916 rit,
2183 847 2434 904 undecim
2476 848 2636 904 annis
2657 863 2885 917 prauam
2916 847 3076 901 ferat.

2651 940 2743 994 24.
2787 940 2865 995 De
2903 942 3042 1010 fure.

2125 1030 2256 1096 Fur,
2279 1031 2327 1088 si
2351 1031 2582 1104 ipsemet
2615 1031 2904 1088 confessus
2933 1031 3121 1096 fuerit,
3154 1031 3390 1087 duarum
3421 1041 3631 1085 tantum

2057 1123 2524 1182 hebdomadarum
2553 1139 2770 1197 poenam
2811 1124 2968 1190 ierat,
3007 1124 3186 1194 inquit
3218 1132 3441 1180 sanctus
3478 1123 3633 1176 Busi-

2058 1219 2163 1274 lius
2192 1237 2208 1274 :
2233 1217 2380 1288 quod
2422 1219 2471 1274 si
2499 1219 2568 1274 ab
2607 1218 2732 1273 aliis
2777 1215 2908 1272 furti
2955 1227 3255 1288 coargutns
3283 1216 3470 1279 fuerit,
3499 1216 3637 1270 duo-

2060 1328 2180 1368 rum
2213 1328 2509 1368 annorum.
2559 1311 2677 1368 Nos
2707 1321 2889 1366 tamen
2917 1311 3282 1380 quadraginta
3311 1309 3505 1364 diebus
3537 1324 3636 1361 vo-

2059 1405 2244 1460 lumus
2291 1421 2418 1462 eum
2473 1405 2646 1460 aridis
2702 1403 2846 1459 vesci
2887 1403 3021 1457 liora
3069 1417 3234 1468 nona,
3284 1417 3412 1456 cum
3460 1410 3636 1454 meta-

2061 1493 2202 1550 nmis
2242 1503 2464 1548 centum
2490 1510 2506 1560 ;
2538 1493 2584 1549 si
2621 1501 2767 1549 certe
2793 1508 2824 1546 a
2852 1489 2985 1546 vitio
3013 1491 3332 1546 cessaverit.

2366 1584 2458 1640 25.
2497 1585 2574 1640 De
2605 1585 2966 1654 sepulcrorum
3000 1581 3318 1651 prwdalore.

2135 1673 2530 1745 Sepulcrorum
2580 1674 2874 1745 praedator,
2919 1675 3078 1744 juxta
3120 1674 3305 1727 divum
3356 1672 3638 1733 Basilium,

2064 1765 2382 1836 quindecim
2411 1765 2575 1821 annis
2614 1774 2768 1820 extra
2801 1765 3246 1820 communionem
3282 1762 3501 1817 futurus
3532 1771 3634 1816 est.

380 1857 625 1911 ἐνιαυτὸν
644 1837 1029 1932 ἀκοινώνητον
1058 1857 1207 1916 εῖναι
1237 1863 1518 1936 ὁρίζομεν,
1549 1837 1960 1936 ξηροφαγοῦντα

2064 1857 2176 1916 Nos
2218 1867 2426 1922 tamen,
2465 1856 2603 1912 vitio
2635 1857 2948 1921 emendato,
2985 1873 3132 1910 anno
3163 1871 3274 1910 uno
3299 1867 3452 1909 extra
3483 1869 3640 1908 com-

379 1947 504 2020 ὥρᾳ
530 1947 600 2016 0⁸,
625 1950 883 2006 ποιοῦντα
913 1954 1200 2022 μετανοίας
1228 1961 1294 2012 a‘.

611 2131 726 2198 κς·’.
757 2134 896 2204 Περί
917 2137 1198 2206 γοητείας
1219 2137 1318 2194 καί
1343 2141 1736 2210 φαρμακείας.

453 2221 523 2276 Ὃ
547 2223 807 2295 γοητείαν
832 2227 926 2280 καὶ
955 2229 1305 2298 φαρμακείαν
1326 2231 1687 2304 ἐξαγορεύων,
1707 2233 1850 2288 κατά
1871 2233 1964 2287 τδν

383 2313 540 2383 ἀγιον
587 2317 872 2373 Βασίλειον
917 2327 979 2374 ιε’
1017 2321 1114 2390 ἐτη
1159 2323 1486 2395 ξηροφαγῶν
1528 2324 1685 2380 ἔσται
1730 2326 1850 2399 ὥρᾳ
1876 2323 1960 2379 θ’*

381 2407 546 2474 ἡμεῖς
591 2407 650 2461 δὲ
688 2409 879 2481 τριετῆ
922 2410 1117 2484 χρόνον
1144 2413 1404 2486 ὁρίζομεν
1437 2415 1532 2470 τὸν
1565 2417 1731 2470 αὐτὸν
1759 2416 1963 2470 κανόνα

387 2498 530 2569 μετά
581 2499 642 2553 τὸ
692 2502 998 2574 ἀποστῆναι
1047 2506 1149 2575 τῆς
1189 2506 1488 2578 ἁμαρτίας,
1525 2509 1622 2563 καὶ
1671 2507 1964 2581 μετανοίας

383 2591 558 2644 ποιεῖν
588 2590 714 2646 καθ’
747 2593 965 2666 ἡμέραν
995 2595 1299 2660 διακοσίας.

653 2768 759 2834 κζ’.
791 2772 935 2841 Περὶ
971 2773 1249 2842 γοητείας
1271 2775 1370 2830 καί
1390 2777 1697 2846 μαντείας.

454 2861 558 2914 Τὸν
593 2861 822 2932 μάντεσι
853 2865 1316 2936 προσερχόμενον,
1363 2870 1394 2922 ὁ
1442 2869 1543 2939 μὲν
1593 2870 1768 2940 μέγας
1795 2870 1962 2926 Βασί-

381 2951 525 3018 λειος
555 2962 616 3008 ιε’
645 2955 740 3026 ἐτη
771 2955 976 3026 ὥρισεν
1005 2958 1370 3031 ἀκοινώνητον
1396 2957 1536 3016 εἶναι
1553 2978 1584 3020 ο,
1601 2964 1762 3035 ἡμεῖς
1788 2963 1846 3016 δὲ
1869 2964 1963 3020 τὸν

2062 1951 2380 2006 munionem
2414 1963 2538 2005 esse
2562 1948 2936 2010 decernimus,
2967 1962 3094 2002 cum
3141 1948 3298 2002 arido
3339 1948 3464 2002 cibo
3503 1947 3642 2000 hora

2063 2058 2227 2107 nona,
2255 2051 2310 2097 et
2349 2042 2638 2097 metanoeis
2673 2039 2972 2096 trecentis.

2059 2133 2152 2189 26.
2202 2133 2281 2188 De
2313 2133 2726 2187 incantamentis
2782 2141 2832 2186 et
2881 2131 3145 2201 veneﬁciis
3194 2148 3288 2186 seu
3327 2131 3638 2201 prastigiis.

2131 2222 2239 2290 Qui
2285 2223 2693 2278 incantamenta
2735 2230 2792 2278 et
2849 2224 3111 2278 veneﬁcia
3155 2239 3252 2278 seu
3310 2225 3640 2294 praestigias,

2063 2318 2381 2381 conﬁtetur,
2422 2315 2472 2371 is
2519 2313 2678 2384 juxta
2723 2326 2974 2372 sanctum
3013 2315 3276 2371 Basilium
3328 2316 3640 2385 quindecim

2061 2407 2225 2462 annis
2274 2416 2528 2464 vescetur
2574 2407 2700 2462 cibo
2750 2408 2906 2463 arido
2949 2407 3084 2462 hora
3128 2423 3292 2462 nona.
3345 2406 3456 2460 Nos
3513 2421 3645 2460 vero

2061 2499 2316 2555 eumdem
2349 2513 2619 2556 canonem
2655 2501 2724 2554 ad
2765 2500 3064 2556 triennium
3098 2510 3468 2562 coarctamus,
3490 2506 3665 2568 post--

2063 2607 2230 2662 quam
2275 2592 2440 2648 homo
2478 2608 2509 2647 a
2552 2600 2779 2663 peccato
2825 2593 3137 2659 recesserit,
3185 2607 3311 2647 cum
3353 2591 3644 2646 mctaumis

2062 2685 2310 2756 quotidie
2343 2685 2618 2741 ducentis.

2286 2777 2378 2832 27.
2423 2776 2496 2832 De
2521 2777 2934 2834 incantamentis
2975 2786 3027 2832 et
3067 2777 3414 2832 divinatione.

2132 2865 2198 2920 Ei
2247 2867 2344 2937 qui
2402 2868 2473 2923 ad
2528 2877 2686 2924 vates
2742 2870 3057 2933 accesserit,
3111 2883 3341 2940 rnagnus
3403 2865 3646 2922 Basilius

2061 2958 2373 3029 quindecim
2408 2975 2682 3016 annorum
2709 2961 3342 3019 excommunicationem
3375 2961 3637 3017 decrevit.

384 3045 730 3114 προλαϐόντα
752 3047 954 3103 κανόνα
975 3047 1069 3104 τὸν
1086 3049 1220 3120 περὶ
1241 3052 1622 3124 φαρμακειῶν,
1648 3056 1960 3112 ἀποστάντα

2064 3048 2178 3107 Nos
2225 3059 2412 3106 tamen
2460 3053 2508 3107 ei
2559 3068 2776 3122 pinnam
2828 3063 3040 3109 tantum
3076 3051 3436 3124 praecedentis
3469 3052 3644 3106 nostri

383 3131 484 3204 τῆς
509 3134 1090 3210 τοιαύτηςὲργασίας.

734 3316 842 3380 κη’.
867 3309 1008 3381 Περί
1035 3311 1265 3382 ἀγαθοῦ
1291 3313 1439 3378 ,ϐίου
1471 3315 1592 3388 (2‘).

461 3398 529 3451 Εί
548 3415 633 3462 τις
668 3398 913 3470 βούλοιτο
955 3403 1070 3472 βίον
1100 3405 1376 3476 ἀτάραχον
1414 3409 1507 3462 καὶ
1531 3407 1782 3480 ἀκύμονα
1809 3410 1964 3466 ὁδεῦ-

389 3505 505 3554 σαι,
553 3489 857 3559 λογιζέσθω
916 3494 1111 3549 ὲαυτὸν
1171 3497 1277 3568 γῆν
1333 3499 1431 3552 καὶ
1488 3501 1700 3567 σποδὸν,
1740 3503 1838 3557 καὶ
1872 3505 1965 3558 εὑ-

389 3583 718 3654 χαριστείτω
765 3586 840 3651 ὡς
893 3587 1124 3658 ἄγγελος
1169 3589 1342 3645 Θεοῦ·
1385 3593 1434 3646 εί
1482 3593 1543 3648 δὲ
1579 3596 1758 3668 συμσῇ
1791 3614 1966 3651 κατα-

387 3674 620 3746 λαλῆσαι
664 3677 850 3745 αὐτὸν,
873 3678 1147 3750 ἑϐδομάδα
1187 3681 1320 3752 μίαν
1361 3683 1760 3754 ξηροφαγείτω,
1795 3705 1964 3758 μετα-

388 3767 539 3832 νοίας
592 3769 764 3825 ποιῶν
820 3773 1184 3844 πεντήκοντα,
1227 3774 1303 3839 ὡς
1333 3776 1431 3830 τοῦ
1471 3776 1607 3831 Θεοῦ
1651 3779 1962 3852 καταλαλή-

392 3875 510 3923 σας.

845 4079 1680 4110 ...ηξππη

395 4089 838 4106 m

1991 3119 2035 3180 ο
2066 3143 2298 3200 canonis
2327 3144 2398 3199 de
2437 3146 2718 3200 veneﬁciis
2753 3157 2848 3201 aut
2877 3145 3172 3218 praestigiis
3205 3144 3558 3214 imponimus,
3595 3143 3646 3199 si

2066 3235 2136 3291 ab
2165 3234 2488 3307 hujusmodi
2526 3252 2690 3308 opere
2717 3253 2778 3294 se
2806 3238 3118 3293 retraxerit.

2591 3328 2685 3384 28.
2727 3330 2805 3384 De
2827 3331 2964 3384 bona
2993 3331 3124 3384 vita.

2139 3417 2200 3476 Si
2241 3420 2369 3492 quis
2415 3422 2534 3478 vult
2565 3421 3024 3492 imperturbatum
3067 3423 3232 3478 vitam
3264 3431 3320 3477 et
3367 3419 3642 3491 tranquil-

2065 3511 2172 3566 lam
2210 3514 2537 3584 transigere,
2579 3513 2862 3568 existimet
2900 3528 2960 3568 se
2988 3528 3112 3569 esse
3150 3521 3353 3568 terram
3389 3528 3455 3568 ac
3496 3513 3647 3567 ciue-

2072 3618 2209 3667 rem,
2237 3603 2557 3674 gratiasque
2591 3617 2720 3674 agat
2769 3603 2927 3674 quasi
2975 3603 3206 3675 angelus
3255 3602 3370 3657 Dei.
3408 3601 3560 3669 Quod
3599 3601 3645 3656 si

2070 3694 2368 3764 aliquando
2417 3695 2644 3766 obloqui
2687 3696 2738 3750 ei
2786 3697 3098 3767 contigerit,
3144 3695 3486 3751 ltebdomada
3537 3710 3644 3748 una

2069 3795 2324 3842 vescatur
2365 3787 2556 3854 aridis,
2599 3797 2900 3844 metanmas
2932 3789 3098 3844 simul
3133 3789 3342 3843 faciens
3367 3791 3648 3858 quinqua-

2074 3875 2246 3945 ginta,
2273 3890 2375 3932 ceu
2401 3875 2450 3930 si
2479 3886 2673 3932 contra
2706 3875 2871 3933 Deum
2899 3877 3190 3933 oblocutus
3221 3875 3437 3932 fuisset.

1615 4082 3616 4116 W

1595 4249 2240 4356 QUIESTION
2261 4251 2428 4340 ES.
2595 4233 2628 4270 ’

399 4582 516 4640 Τοῦ
541 4585 719 4641 ὁσίου
746 4586 978 4672 ΙΙατρὸς
1206 4588 1305 4644 καί
1350 4591 1720 4672 όμολογῃτοιξ
1750 4593 1960 4672 Θεοδώ-

2077 4594 2264 4672 Sancti
2288 4597 2471 4654 Patris
2515 4597 2687 4672 nostri
2720 4608 2767 4653 et
2794 4599 3105 4668 confessoris
3131 4598 3396 4672 Theodori
3425 4601 3640 4672 presby-

449 4673 563 4743 ρον
574 4726 586 4743 ι
601 4657 1008 4743 σξρεσίξυτέρου
1033 4657 1131 4743 regi
1155 4657 1494 4743 grovpfrov
1505 4657 1638 4743 3135f
1657 4665 1960 4743 .Etovd‘t'ov

2145 4670 2248 4743 teri
2285 4680 2336 4723 et
2373 4670 2648 4743 preepositi
2695 4657 3070 4743 monachorum
3117 4669 3299 4743 Studii
3327 4671 3398 4743 Vde
3425 4657 3638 4743 quibit;-

455 4726 590 4810 περὶ
617 4726 961 4810 ἐρωτῄσειιςς
989 4728 1086 4782 καί
1115 4726 1476 4810 coemam;
1495 4730 1835 4790 διαλύσεων
1853 4751 1960 4790 κα-

2138 4741 2263 4793 ιίαηι
2287 4726 2669 4810 ᾳαὼειὶὸηίὺιιε
2697 4755 2924 4794 canones
2952 4740 3016 4793 ab
3041 4757 3100 4794 eo
3130 4740 3357 4794 collecti.

455 4797 632 4862 νόνες
660 4797 1067 4868 συλλεγέντες
1106 4801 1243 4867 παρ’
1271 4801 1478 4856 αὐτοῦ.

459 4887 614 4960 |Cod.
644 4889 766 4944 Vat.
791 4890 896 4945 840
923 4889 960 4946 f.
993 4891 1099 4946 202
1128 4890 1209 4964 b.]
1242 4890 1312 4947 α’.
1355 4891 1696 4964 Ἐρώτησις.
1740 4896 1830 4951 Ἐν
1847 4898 1960 4962 τοῖς

2139 4899 2194 4954 1.
2232 4899 2616 4972 Interrogatio.
2658 4901 2718 4956 in
2755 4903 2934 4958 sacris
2965 4901 3300 4974 synodorum
3332 4899 3642 4957 canonibus

387 4984 686 5048 συνοδικοῖς
709 4985 899 5040 κανόσι
924 4989 1036 5053 τοῖς
1059 4985 1224 5052 θείοις
1249 4988 1558 5062 γέγραπται
1585 4991 1716 5064 περὶ
1738 4991 1840 5064 τῆς
1865 5010 1960 5065 με·

2067 4991 2332 5063 scriptum
2361 4993 2539 5048 estde
2583 5007 2777 5063 Inagna
2818 4992 2952 5048 feria
2981 4993 3196 5060 quinta,
3229 5007 3339 5046 non
3385 4999 3642 5059 oportere

385 5074 558 5147 γάλης
591 5075 874 5149 πέμπτης,
916 5079 999 5132 ὅτι
1040 5079 1101 5133 οὐ
1131 5079 1214 5134 δεῖ
1245 5081 1305 5135 ὲν
1333 5085 1399 5154 τῇ
1435 5086 1844 5156 τεσσαρακοστῇ
1890 5087 1960 5157 τῇ

2070 5084 2126 5138 in
2169 5085 2614 5158 quadragesima,
2677 5087 2872 5142 ultima
2919 5084 3282 5145 hebdomade,
3324 5084 3528 5154 quinta:
3557 5082 3639 5138 fe-

387 5168 656 5241 ὐστεραίᾳ
685 5169 938 5242 ὲόδομάδι
957 5173 1055 5244 τὴν
1083 5175 1528 5248 τεσσαρακοστὴν
1563 5175 1882 5246 ἀτιμάζειν·
1914 5179 1960 5232 ει

2070 5175 2167 5231 ria:
2195 5177 2408 5233 solvere
2426 5177 2723 5250 jejunium,
2759 5187 2926 5248 atque
2966 5177 3040 5232 ita
3092 5183 3258 5231 totam
3288 5173 3643 5246 quadragesi-

383 5251 476 5310 οὖν
497 5256 668 5321 οὕτως
695 5259 812 5312 ἐστὶ
833 5262 944 5325 τοῖς
973 5261 1140 5327 θείοις
1165 5263 1384 5318 κανόσιν
1406 5265 1960 5338 ἑμπεριειλημμένον,

2070 5285 2216 5324 mam
2250 5270 2600 5326 inlionorare.
2641 5268 2707 5324 .Si
2753 5285 2883 5340 ergo
2929 5271 2985 5325 in
3023 5267 3198 5324 sacris
3228 5264 3533 5320 canonibus
3563 5263 3638 5317 ita

384 5347 505 5412 πῶς
553 5351 714 5421 ἡμεῖς
764 5352 1108 5423 καταλύομεν
1143 5357 1244 5427 τὴν
1297 5356 1541 5428 μεγάλην
1585 5356 1846 5431 πέμπτην
1883 5361 1960 5423 είς

2069 5373 2160 5414 res
2189 5375 2250 5414 se
2288 5359 2472 5426 habet,
2505 5375 2606 5415 cur
2639 5375 2742 5416 nos
2774 5361 2830 5415 in
2877 5372 3079 5430 magna
3118 5355 3254 5414 feria
3285 5354 3476 5426 quinta
3515 5352 3642 5408 oleo

371 5441 564 5526 ,ἔλαιον
588 5445 685 5500 καὶ
713 5441 890 5514 οίνον;

2058 5450 2264 5506 utimur
2287 5460 2453 5523 atque
2489 5451 2666 5508 vino?

1870 5628 2104 5688 NOTE.

383 5738 566 5864 mg")
604 5739 721 5799 iiuc
774 5740 919 5800 refer
967 5752 1134 5817 caput
1177 5744 1691 5816 praestantissimum
1747 5741 2110 5800 Bcnedictina:
2151 5742 2372 5816 Regulae
2395 5754 2609 5802 sextum
2649 5743 2715 5802 de
2753 5742 2911 5802 bonis
2976 5738 3228 5812 operibus
3284 5749 3383 5794 seu
3406 5734 3634 5794 debona
