  <div class='ocr_page' id='page_1' title='image "/cluster/home/n/w/nwhite01/storage/ocr_20150623/99/hvd.32044024464356/873.png"; bbox 0 0 4122 6382; ppageno 0'>
   <div class='ocr_carea' id='block_1_1' title="bbox 570 336 700 404">
    <p class='ocr_par' dir='ltr' id='par_1_1' title="bbox 570 336 700 404">
     <span class='ocr_line' id='line_1_1' title="bbox 570 336 700 404; baseline 0.015 -2"><span class='ocrx_word' id='word_1_1' title='bbox 570 336 700 404; x_wconf 81' lang='lat' dir='ltr'><strong>I731</strong></span> 
     </span>
    </p>
   </div>
   <div class='ocr_carea' id='block_1_2' title="bbox 1359 321 3043 416">
    <p class='ocr_par' dir='ltr' id='par_1_2' title="bbox 1359 321 3043 416">
     <span class='ocr_line' id='line_1_2' title="bbox 1359 321 3043 416; baseline 0.002 -13"><span class='ocrx_word' id='word_1_2' title='bbox 1359 324 1933 405; x_wconf 71' lang='lat' dir='ltr'><strong>RESPONSIONES</strong></span> <span class='ocrx_word' id='word_1_3' title='bbox 1968 342 2069 403; x_wconf 83' lang='lat' dir='ltr'><strong>AD</strong></span> <span class='ocrx_word' id='word_1_4' title='bbox 2107 341 2649 406; x_wconf 79' lang='lat' dir='ltr'><strong>INTERROGATA</strong></span> <span class='ocrx_word' id='word_1_5' title='bbox 2684 321 3043 416; x_wconf 61' lang='lat' dir='ltr'><strong>oti/smn.</strong></span> 
     </span>
    </p>
   </div>
   <div class='ocr_carea' id='block_1_3' title="bbox 3682 343 3834 409">
    <p class='ocr_par' dir='ltr' id='par_1_3' title="bbox 3682 343 3834 409">
     <span class='ocr_line' id='line_1_3' title="bbox 3682 343 3834 409; baseline 0.007 -1"><span class='ocrx_word' id='word_1_6' title='bbox 3682 343 3834 409; x_wconf 66' lang='lat'><strong>1732</strong></span> 
     </span>
    </p>
   </div>
   <div class='ocr_carea' id='block_1_4' title="bbox 639 449 2163 526">
    <p class='ocr_par' dir='ltr' id='par_1_4' title="bbox 639 449 2140 523">
     <span class='ocr_line' id='line_1_4' title="bbox 639 449 2140 523; baseline 0 -18"><span class='ocrx_word' id='word_1_7' title='bbox 639 449 944 521; x_wconf 69' lang='lat' dir='ltr'><strong>Responsio.</strong></span> <span class='ocrx_word' id='word_1_8' title='bbox 1001 449 1145 507; x_wconf 85' lang='lat' dir='ltr'><strong>Olim</strong></span> <span class='ocrx_word' id='word_1_9' title='bbox 1184 450 1403 523; x_wconf 84' lang='lat' dir='ltr'><strong>quidem</strong></span> <span class='ocrx_word' id='word_1_10' title='bbox 1457 467 1526 507; x_wconf 78' lang='lat' dir='ltr'><strong>ex</strong></span> <span class='ocrx_word' id='word_1_11' title='bbox 1563 452 1819 522; x_wconf 73' lang='lat' dir='ltr'><strong>[quadam</strong></span> <span class='ocrx_word' id='word_1_12' title='bbox 1870 451 2140 522; x_wconf 82' lang='lat' dir='ltr'><strong>peculiari</strong></span> 
     </span>
    </p>
   </div>
   <div class='ocr_carea' id='block_1_5' title="bbox 2244 449 3836 526">
    <p class='ocr_par' dir='ltr' id='par_1_5' title="bbox 2327 451 3836 526">
     <span class='ocr_line' id='line_1_5' title="bbox 2327 451 3836 526; baseline 0.003 -20"><span class='ocrx_word' id='word_1_13' title='bbox 2327 453 2685 521; x_wconf 80' lang='grc' dir='ltr'><strong>Ἀπόκρισις.</strong></span> <span class='ocrx_word' id='word_1_14' title='bbox 2711 452 2887 506; x_wconf 84' lang='grc' dir='ltr'>Πάλαι</span> <span class='ocrx_word' id='word_1_15' title='bbox 2920 452 3022 522; x_wconf 82' lang='grc' dir='ltr'><strong>μὲν</strong></span> <span class='ocrx_word' id='word_1_16' title='bbox 3045 451 3109 505; x_wconf 74' lang='grc' dir='ltr'>ἐκ</span> <span class='ocrx_word' id='word_1_17' title='bbox 3140 470 3286 516; x_wconf 87' lang='grc' dir='ltr'>τινος</span> <span class='ocrx_word' id='word_1_18' title='bbox 3311 454 3596 526; x_wconf 75' lang='grc' dir='ltr'>συνηθείας</span> <span class='ocrx_word' id='word_1_19' title='bbox 3616 456 3836 509; x_wconf 77' lang='grc' dir='ltr'>ἰδιωτι-</span> 
     </span>
    </p>
   </div>
   <div class='ocr_carea' id='block_1_6' title="bbox 562 544 2145 617">
    <p class='ocr_par' dir='ltr' id='par_1_6' title="bbox 562 544 2145 617">
     <span class='ocr_line' id='line_1_6' title="bbox 562 544 2145 617; baseline -0.001 -17"><span class='ocrx_word' id='word_1_20' title='bbox 562 544 966 600; x_wconf 82' lang='lat' dir='ltr'><strong>cunsuetudine</strong></span> <span class='ocrx_word' id='word_1_21' title='bbox 1005 544 1060 599; x_wconf 91' lang='lat' dir='ltr'><strong>in</strong></span> <span class='ocrx_word' id='word_1_22' title='bbox 1109 560 1305 617; x_wconf 86' lang='lat' dir='ltr'><strong>magna</strong></span> <span class='ocrx_word' id='word_1_23' title='bbox 1347 544 1485 601; x_wconf 76' lang='lat' dir='ltr'><strong>feria</strong></span> <span class='ocrx_word' id='word_1_24' title='bbox 1523 546 1717 616; x_wconf 90' lang='lat' dir='ltr'><strong>quinta</strong></span> <span class='ocrx_word' id='word_1_25' title='bbox 1752 545 2004 600; x_wconf 85' lang='lat' dir='ltr'><strong>homines</strong></span> <span class='ocrx_word' id='word_1_26' title='bbox 2048 559 2145 598; x_wconf 90' lang='lat' dir='ltr'><strong>co-</strong></span> 
     </span>
    </p>
   </div>
   <div class='ocr_carea' id='block_1_7' title="bbox 564 637 2145 709">
    <p class='ocr_par' dir='ltr' id='par_1_7' title="bbox 564 637 2145 709">
     <span class='ocr_line' id='line_1_7' title="bbox 564 637 2145 709; baseline -0.002 -16"><span class='ocrx_word' id='word_1_27' title='bbox 564 639 853 693; x_wconf 88' lang='lat' dir='ltr'><strong>medebaut</strong></span> <span class='ocrx_word' id='word_1_28' title='bbox 890 653 1112 693; x_wconf 90' lang='lat' dir='ltr'><strong>caseum</strong></span> <span class='ocrx_word' id='word_1_29' title='bbox 1139 647 1194 693; x_wconf 87' lang='lat' dir='ltr'><strong>et</strong></span> <span class='ocrx_word' id='word_1_30' title='bbox 1225 653 1351 694; x_wconf 88' lang='lat' dir='ltr'><strong>ova.</strong></span> <span class='ocrx_word' id='word_1_31' title='bbox 1393 638 1594 694; x_wconf 77' lang='lat' dir='ltr'><strong>Verum</strong></span> <span class='ocrx_word' id='word_1_32' title='bbox 1620 639 1715 709; x_wconf 88' lang='lat' dir='ltr'><strong>qui</strong></span> <span class='ocrx_word' id='word_1_33' title='bbox 1753 647 1941 709; x_wconf 89' lang='lat' dir='ltr'><strong>postea</strong></span> <span class='ocrx_word' id='word_1_34' title='bbox 1972 637 2145 693; x_wconf 83' lang='lat' dir='ltr'><strong>exsti-</strong></span> 
     </span>
    </p>
   </div>
   <div class='ocr_carea' id='block_1_8' title="bbox 563 728 2149 800">
    <p class='ocr_par' dir='ltr' id='par_1_8' title="bbox 563 728 2149 800">
     <span class='ocr_line' id='line_1_8' title="bbox 563 728 2149 800; baseline -0.001 -17"><span class='ocrx_word' id='word_1_35' title='bbox 563 736 752 783; x_wconf 84' lang='lat' dir='ltr'><strong>terunt</strong></span> <span class='ocrx_word' id='word_1_36' title='bbox 779 730 989 793; x_wconf 87' lang='lat' dir='ltr'><strong>Patres,</strong></span> <span class='ocrx_word' id='word_1_37' title='bbox 1022 728 1339 800; x_wconf 65' lang='lat' dir='ltr'><strong>praedictam</strong></span> <span class='ocrx_word' id='word_1_38' title='bbox 1376 744 1491 785; x_wconf 87' lang='lat' dir='ltr'><strong>rem</strong></span> <span class='ocrx_word' id='word_1_39' title='bbox 1541 728 1838 785; x_wconf 83' lang='lat' dir='ltr'><strong>absurdam</strong></span> <span class='ocrx_word' id='word_1_40' title='bbox 1883 738 2149 798; x_wconf 77' lang='lat' dir='ltr'><strong>reputan-</strong></span> 
     </span>
    </p>
   </div>
   <div class='ocr_carea' id='block_1_9' title="bbox 565 820 2147 892">
    <p class='ocr_par' dir='ltr' id='par_1_9' title="bbox 565 820 2147 892">
     <span class='ocr_line' id='line_1_9' title="bbox 565 820 2147 892; baseline 0.001 -17"><span class='ocrx_word' id='word_1_41' title='bbox 565 828 671 883; x_wconf 89' lang='lat' dir='ltr'><strong>tes.</strong></span> <span class='ocrx_word' id='word_1_42' title='bbox 719 835 988 875; x_wconf 86' lang='lat' dir='ltr'><strong>canonem</strong></span> <span class='ocrx_word' id='word_1_43' title='bbox 1042 820 1192 876; x_wconf 86' lang='lat' dir='ltr'><strong>hunc</strong></span> <span class='ocrx_word' id='word_1_44' title='bbox 1237 821 1569 888; x_wconf 87' lang='lat' dir='ltr'><strong>ediderunt;</strong></span> <span class='ocrx_word' id='word_1_45' title='bbox 1628 835 1807 892; x_wconf 89' lang='lat' dir='ltr'><strong>neque</strong></span> <span class='ocrx_word' id='word_1_46' title='bbox 1859 829 2039 875; x_wconf 88' lang='lat' dir='ltr'><strong>tamen</strong></span> <span class='ocrx_word' id='word_1_47' title='bbox 2075 821 2147 878; x_wconf 89' lang='lat' dir='ltr'><strong>de</strong></span> 
     </span>
    </p>
   </div>
   <div class='ocr_carea' id='block_1_10' title="bbox 564 910 2147 982">
    <p class='ocr_par' dir='ltr' id='par_1_10' title="bbox 564 910 2147 982">
     <span class='ocr_line' id='line_1_10' title="bbox 564 910 2147 982; baseline -0.001 -17"><span class='ocrx_word' id='word_1_48' title='bbox 564 910 689 966; x_wconf 89' lang='lat' dir='ltr'><strong>oleo</strong></span> <span class='ocrx_word' id='word_1_49' title='bbox 715 910 952 981; x_wconf 90' lang='lat' dir='ltr'><strong>vinoque</strong></span> <span class='ocrx_word' id='word_1_50' title='bbox 992 910 1046 965; x_wconf 92' lang='lat' dir='ltr'><strong>id</strong></span> <span class='ocrx_word' id='word_1_51' title='bbox 1079 911 1481 982; x_wconf 87' lang='lat' dir='ltr'><strong>iuteiligebant.</strong></span> <span class='ocrx_word' id='word_1_52' title='bbox 1526 910 1742 967; x_wconf 89' lang='lat' dir='ltr'><strong>Etenim</strong></span> <span class='ocrx_word' id='word_1_53' title='bbox 1782 920 1868 966; x_wconf 90' lang='lat' dir='ltr'><strong>est</strong></span> <span class='ocrx_word' id='word_1_54' title='bbox 1894 913 2010 966; x_wconf 79' lang='lat' dir='ltr'><strong>haec</strong></span> <span class='ocrx_word' id='word_1_55' title='bbox 2051 926 2147 966; x_wconf 88' lang='lat' dir='ltr'><strong>su-</strong></span> 
     </span>
    </p>
   </div>
   <div class='ocr_carea' id='block_1_11' title="bbox 567 1000 2146 1074">
    <p class='ocr_par' dir='ltr' id='par_1_11' title="bbox 567 1000 2146 1074">
     <span class='ocr_line' id='line_1_11' title="bbox 567 1000 2146 1074; baseline -0.001 -14"><span class='ocrx_word' id='word_1_56' title='bbox 567 1003 825 1061; x_wconf 88' lang='lat' dir='ltr'><strong>stentatio</strong></span> <span class='ocrx_word' id='word_1_57' title='bbox 867 1010 923 1058; x_wconf 92' lang='lat' dir='ltr'><strong>et</strong></span> <span class='ocrx_word' id='word_1_58' title='bbox 966 1002 1213 1058; x_wconf 83' lang='lat' dir='ltr'><strong>solamen</strong></span> <span class='ocrx_word' id='word_1_59' title='bbox 1261 1019 1329 1059; x_wconf 82' lang='lat' dir='ltr'><strong>ex</strong></span> <span class='ocrx_word' id='word_1_60' title='bbox 1361 1019 1573 1060; x_wconf 87' lang='lat' dir='ltr'><strong>summa</strong></span> <span class='ocrx_word' id='word_1_61' title='bbox 1637 1002 1928 1059; x_wconf 89' lang='lat' dir='ltr'><strong>aﬂlictione</strong></span> <span class='ocrx_word' id='word_1_62' title='bbox 1953 1000 2146 1074; x_wconf 86' lang='lat' dir='ltr'><strong>jejunii</strong></span> 
     </span>
    </p>
   </div>
   <div class='ocr_carea' id='block_1_12' title="bbox 565 1095 1670 1167">
    <p class='ocr_par' dir='ltr' id='par_1_12' title="bbox 565 1095 1670 1167">
     <span class='ocr_line' id='line_1_12' title="bbox 565 1095 1670 1167; baseline 0.001 -15"><span class='ocrx_word' id='word_1_63' title='bbox 565 1111 758 1152; x_wconf 83' lang='lat' dir='ltr'><strong>eorum</strong></span> <span class='ocrx_word' id='word_1_64' title='bbox 790 1095 884 1165; x_wconf 87' lang='lat' dir='ltr'><strong>qui</strong></span> <span class='ocrx_word' id='word_1_65' title='bbox 913 1096 1099 1150; x_wconf 88' lang='lat' dir='ltr'><strong>divina</strong></span> <span class='ocrx_word' id='word_1_66' title='bbox 1128 1098 1390 1167; x_wconf 90' lang='lat' dir='ltr'><strong>mysteria</strong></span> <span class='ocrx_word' id='word_1_67' title='bbox 1424 1105 1670 1153; x_wconf 88' lang='lat' dir='ltr'><strong>sumunt.</strong></span> 
     </span>
    </p>
   </div>
   <div class='ocr_carea' id='block_1_13' title="bbox 638 1183 2145 1256">
    <p class='ocr_par' dir='ltr' id='par_1_13' title="bbox 638 1183 2145 1256">
     <span class='ocr_line' id='line_1_13' title="bbox 638 1183 2145 1256; baseline 0.001 -17"><span class='ocrx_word' id='word_1_68' title='bbox 638 1186 694 1241; x_wconf 74' lang='lat'><strong>2.</strong></span> <span class='ocrx_word' id='word_1_69' title='bbox 738 1183 850 1240; x_wconf 87' lang='grc' dir='ltr'><strong>Ιηι.</strong></span> <span class='ocrx_word' id='word_1_70' title='bbox 896 1186 1165 1242; x_wconf 74' lang='lat' dir='ltr'><strong>Similiter</strong></span> <span class='ocrx_word' id='word_1_71' title='bbox 1196 1186 1265 1241; x_wconf 91' lang='lat' dir='ltr'><strong>de</strong></span> <span class='ocrx_word' id='word_1_72' title='bbox 1297 1196 1488 1241; x_wconf 89' lang='lat' dir='ltr'><strong>sancta</strong></span> <span class='ocrx_word' id='word_1_73' title='bbox 1515 1185 1838 1241; x_wconf 73' lang='lat' dir='ltr'><strong>Pentecoste</strong></span> <span class='ocrx_word' id='word_1_74' title='bbox 1879 1185 2145 1256; x_wconf 83' lang='lat' dir='ltr'><strong>scriptum</strong></span> 
     </span>
    </p>
   </div>
   <div class='ocr_carea' id='block_1_14' title="bbox 567 1278 2146 1350">
    <p class='ocr_par' dir='ltr' id='par_1_14' title="bbox 567 1278 2146 1350">
     <span class='ocr_line' id='line_1_14' title="bbox 567 1278 2146 1350; baseline -0.001 -17"><span class='ocrx_word' id='word_1_75' title='bbox 567 1288 674 1339; x_wconf 87' lang='lat' dir='ltr'><strong>est.</strong></span> <span class='ocrx_word' id='word_1_76' title='bbox 713 1295 780 1333; x_wconf 92' lang='lat' dir='ltr'><strong>ne</strong></span> <span class='ocrx_word' id='word_1_77' title='bbox 824 1295 965 1350; x_wconf 90' lang='lat' dir='ltr'><strong>genu</strong></span> <span class='ocrx_word' id='word_1_78' title='bbox 1014 1280 1301 1335; x_wconf 90' lang='lat' dir='ltr'><strong>ﬂectamus</strong></span> <span class='ocrx_word' id='word_1_79' title='bbox 1355 1295 1492 1335; x_wconf 84' lang='lat' dir='ltr'><strong>neve</strong></span> <span class='ocrx_word' id='word_1_80' title='bbox 1544 1279 1772 1334; x_wconf 89' lang='lat' dir='ltr'><strong>omnino</strong></span> <span class='ocrx_word' id='word_1_81' title='bbox 1812 1278 2146 1349; x_wconf 85' lang='lat' dir='ltr'><strong>jejunemus.</strong></span> 
     </span>
    </p>
   </div>
   <div class='ocr_carea' id='block_1_15' title="bbox 566 1370 2149 1441">
    <p class='ocr_par' dir='ltr' id='par_1_15' title="bbox 566 1370 2149 1441">
     <span class='ocr_line' id='line_1_15' title="bbox 566 1370 2149 1441; baseline -0.001 -17"><span class='ocrx_word' id='word_1_82' title='bbox 566 1370 680 1425; x_wconf 80' lang='lat' dir='ltr'><strong>Cur</strong></span> <span class='ocrx_word' id='word_1_83' title='bbox 724 1386 855 1441; x_wconf 88' lang='lat' dir='ltr'><strong>ergo</strong></span> <span class='ocrx_word' id='word_1_84' title='bbox 885 1374 977 1441; x_wconf 88' lang='lat' dir='ltr'><strong>qui</strong></span> <span class='ocrx_word' id='word_1_85' title='bbox 1014 1373 1068 1426; x_wconf 89' lang='lat' dir='ltr'><strong>iu</strong></span> <span class='ocrx_word' id='word_1_86' title='bbox 1117 1373 1233 1427; x_wconf 80' lang='lat' dir='ltr'><strong>suis</strong></span> <span class='ocrx_word' id='word_1_87' title='bbox 1273 1372 1427 1427; x_wconf 87' lang='lat' dir='ltr'><strong>cellis</strong></span> <span class='ocrx_word' id='word_1_88' title='bbox 1476 1372 1740 1435; x_wconf 83' lang='lat' dir='ltr'><strong>resident,</strong></span> <span class='ocrx_word' id='word_1_89' title='bbox 1794 1371 1846 1425; x_wconf 91' lang='lat' dir='ltr'><strong>id</strong></span> <span class='ocrx_word' id='word_1_90' title='bbox 1882 1385 1991 1424; x_wconf 90' lang='lat' dir='ltr'><strong>non</strong></span> <span class='ocrx_word' id='word_1_91' title='bbox 2029 1385 2149 1424; x_wconf 88' lang='lat' dir='ltr'><strong>ser-</strong></span> 
     </span>
    </p>
   </div>
   <div class='ocr_carea' id='block_1_16' title="bbox 565 1461 2150 1534">
    <p class='ocr_par' dir='ltr' id='par_1_16' title="bbox 565 1461 2150 1534">
     <span class='ocr_line' id='line_1_16' title="bbox 565 1461 2150 1534; baseline 0 -19"><span class='ocrx_word' id='word_1_92' title='bbox 565 1470 718 1525; x_wconf 79' lang='lat' dir='ltr'><strong>vant,</strong></span> <span class='ocrx_word' id='word_1_93' title='bbox 751 1463 847 1517; x_wconf 90' lang='lat' dir='ltr'><strong>sed</strong></span> <span class='ocrx_word' id='word_1_94' title='bbox 889 1473 943 1518; x_wconf 85' lang='lat' dir='ltr'><strong>et</strong></span> <span class='ocrx_word' id='word_1_95' title='bbox 964 1463 1238 1534; x_wconf 87' lang='lat' dir='ltr'><strong>jejunant,</strong></span> <span class='ocrx_word' id='word_1_96' title='bbox 1277 1472 1331 1519; x_wconf 89' lang='lat' dir='ltr'><strong>et</strong></span> <span class='ocrx_word' id='word_1_97' title='bbox 1367 1472 1508 1534; x_wconf 83' lang='lat' dir='ltr'><strong>genu</strong></span> <span class='ocrx_word' id='word_1_98' title='bbox 1540 1464 1767 1517; x_wconf 87' lang='lat' dir='ltr'><strong>ﬂectunt</strong></span> <span class='ocrx_word' id='word_1_99' title='bbox 1798 1472 1909 1517; x_wconf 88' lang='lat' dir='ltr'><strong>tota</strong></span> <span class='ocrx_word' id='word_1_100' title='bbox 1941 1461 2150 1516; x_wconf 70' lang='lat' dir='ltr'><strong>hebdo~</strong></span> 
     </span>
    </p>
   </div>
   <div class='ocr_carea' id='block_1_17' title="bbox 567 1554 2149 1627">
    <p class='ocr_par' dir='ltr' id='par_1_17' title="bbox 567 1554 2149 1627">
     <span class='ocr_line' id='line_1_17' title="bbox 567 1554 2149 1627; baseline 0 -19"><span class='ocrx_word' id='word_1_101' title='bbox 567 1556 750 1621; x_wconf 90' lang='lat' dir='ltr'><strong>mada,</strong></span> <span class='ocrx_word' id='word_1_102' title='bbox 778 1565 1006 1627; x_wconf 82' lang='lat' dir='ltr'><strong>excepto</strong></span> <span class='ocrx_word' id='word_1_103' title='bbox 1035 1557 1297 1611; x_wconf 84' lang='lat' dir='ltr'><strong>nimirum</strong></span> <span class='ocrx_word' id='word_1_104' title='bbox 1345 1557 1586 1612; x_wconf 86' lang='lat' dir='ltr'><strong>Sabbato</strong></span> <span class='ocrx_word' id='word_1_105' title='bbox 1609 1571 1673 1611; x_wconf 91' lang='lat' dir='ltr'><strong>ac</strong></span> <span class='ocrx_word' id='word_1_106' title='bbox 1701 1556 1789 1611; x_wconf 89' lang='lat' dir='ltr'><strong>die</strong></span> <span class='ocrx_word' id='word_1_107' title='bbox 1821 1554 2149 1611; x_wconf 81' lang='lat' dir='ltr'><strong>Dominico?</strong></span> 
     </span>
    </p>
   </div>
   <div class='ocr_carea' id='block_1_18' title="bbox 636 1732 2147 1807">
    <p class='ocr_par' dir='ltr' id='par_1_18' title="bbox 636 1732 2147 1807">
     <span class='ocr_line' id='line_1_18' title="bbox 636 1732 2147 1807; baseline 0 -20"><span class='ocrx_word' id='word_1_108' title='bbox 636 1732 793 1803; x_wconf 80' lang='lat' dir='ltr'><strong>Resp.</strong></span> <span class='ocrx_word' id='word_1_109' title='bbox 835 1734 1117 1807; x_wconf 79' lang='lat' dir='ltr'><strong>Evangelii</strong></span> <span class='ocrx_word' id='word_1_110' title='bbox 1142 1734 1484 1807; x_wconf 69' lang='lat' dir='ltr'><strong>prredicatio,</strong></span> <span class='ocrx_word' id='word_1_111' title='bbox 1516 1734 1826 1791; x_wconf 85' lang='lat' dir='ltr'><strong>communis</strong></span> <span class='ocrx_word' id='word_1_112' title='bbox 1847 1749 1970 1790; x_wconf 89' lang='lat' dir='ltr'><strong>cum</strong></span> <span class='ocrx_word' id='word_1_113' title='bbox 2000 1741 2147 1789; x_wconf 82' lang='lat' dir='ltr'><strong>esset</strong></span> 
     </span>
    </p>
   </div>
   <div class='ocr_carea' id='block_1_19' title="bbox 2244 545 3837 618">
    <p class='ocr_par' dir='ltr' id='par_1_19' title="bbox 2244 545 3837 618">
     <span class='ocr_line' id='line_1_19' title="bbox 2244 545 3837 618; baseline 0.001 -19"><span class='ocrx_word' id='word_1_114' title='bbox 2244 545 2351 614; x_wconf 85' lang='grc' dir='ltr'>κῆς</span> <span class='ocrx_word' id='word_1_115' title='bbox 2373 548 2439 615; x_wconf 80' lang='grc' dir='ltr'>τῇ</span> <span class='ocrx_word' id='word_1_116' title='bbox 2466 545 2677 616; x_wconf 83' lang='grc' dir='ltr'>μεγάλῃ</span> <span class='ocrx_word' id='word_1_117' title='bbox 2704 545 2935 618; x_wconf 74' lang='grc' dir='ltr'>πέμπτῃ</span> <span class='ocrx_word' id='word_1_118' title='bbox 2957 545 3135 598; x_wconf 78' lang='grc' dir='ltr'>εσθιον</span> <span class='ocrx_word' id='word_1_119' title='bbox 3156 546 3207 599; x_wconf 88' lang='grc' dir='ltr'>οἱ</span> <span class='ocrx_word' id='word_1_120' title='bbox 3232 545 3510 616; x_wconf 79' lang='grc' dir='ltr'>ἄνθρωποι</span> <span class='ocrx_word' id='word_1_121' title='bbox 3537 547 3704 618; x_wconf 80' lang='grc' dir='ltr'>τυρὸν</span> <span class='ocrx_word' id='word_1_122' title='bbox 3735 550 3837 601; x_wconf 78' lang='grc' dir='ltr'>καὶ</span> 
     </span>
    </p>
   </div>
   <div class='ocr_carea' id='block_1_20' title="bbox 2243 636 3837 709">
    <p class='ocr_par' dir='ltr' id='par_1_20' title="bbox 2243 636 3837 709">
     <span class='ocr_line' id='line_1_20' title="bbox 2243 636 3837 709; baseline 0.001 -18"><span class='ocrx_word' id='word_1_123' title='bbox 2243 637 2329 707; x_wconf 81' lang='grc' dir='ltr'>ᾠά</span> <span class='ocrx_word' id='word_1_124' title='bbox 2347 652 2364 669; x_wconf 76' lang='grc'><strong>⁸</strong></span> <span class='ocrx_word' id='word_1_125' title='bbox 2400 637 2644 701; x_wconf 87' lang='grc' dir='ltr'>ἐλθόντες</span> <span class='ocrx_word' id='word_1_126' title='bbox 2669 637 2727 691; x_wconf 83' lang='grc' dir='ltr'>δὲ</span> <span class='ocrx_word' id='word_1_127' title='bbox 2755 636 2982 709; x_wconf 80' lang='grc' dir='ltr'>ὕστερον</span> <span class='ocrx_word' id='word_1_128' title='bbox 3008 638 3059 691; x_wconf 89' lang='grc' dir='ltr'>οί</span> <span class='ocrx_word' id='word_1_129' title='bbox 3098 638 3357 709; x_wconf 79' lang='grc' dir='ltr'><strong>πατέρες,</strong></span> <span class='ocrx_word' id='word_1_130' title='bbox 3388 639 3482 692; x_wconf 78' lang='grc' dir='ltr'><strong>καὶ</strong></span> <span class='ocrx_word' id='word_1_131' title='bbox 3512 639 3671 693; x_wconf 81' lang='grc' dir='ltr'>τοῦτο</span> <span class='ocrx_word' id='word_1_132' title='bbox 3699 641 3837 695; x_wconf 77' lang='grc' dir='ltr'>ἄτο-</span> 
     </span>
    </p>
   </div>
   <div class='ocr_carea' id='block_1_21' title="bbox 2243 726 3838 802">
    <p class='ocr_par' dir='ltr' id='par_1_21' title="bbox 2243 726 3838 802">
     <span class='ocr_line' id='line_1_21' title="bbox 2243 726 3838 802; baseline 0 -19"><span class='ocrx_word' id='word_1_133' title='bbox 2243 747 2346 783; x_wconf 88' lang='grc' dir='ltr'>πον</span> <span class='ocrx_word' id='word_1_134' title='bbox 2373 726 2704 800; x_wconf 85' lang='grc' dir='ltr'>διαγνόντες,</span> <span class='ocrx_word' id='word_1_135' title='bbox 2734 729 2827 783; x_wconf 68' lang='grc' dir='ltr'>τόν</span> <span class='ocrx_word' id='word_1_136' title='bbox 2854 728 3062 783; x_wconf 90' lang='grc' dir='ltr'>κανόνα</span> <span class='ocrx_word' id='word_1_137' title='bbox 3092 729 3282 783; x_wconf 81' lang='grc' dir='ltr'>τοῦτον</span> <span class='ocrx_word' id='word_1_138' title='bbox 3316 729 3587 794; x_wconf 79' lang='grc' dir='ltr'>ἐξέθεντο.</span> <span class='ocrx_word' id='word_1_139' title='bbox 3621 730 3690 783; x_wconf 81' lang='grc' dir='ltr'>οὐ</span> <span class='ocrx_word' id='word_1_140' title='bbox 3723 732 3838 802; x_wconf 77' lang='grc' dir='ltr'>μὴν</span> 
     </span>
    </p>
   </div>
   <div class='ocr_carea' id='block_1_22' title="bbox 2243 817 3836 892">
    <p class='ocr_par' dir='ltr' id='par_1_22' title="bbox 2243 817 3836 892">
     <span class='ocr_line' id='line_1_22' title="bbox 2243 817 3836 892; baseline 0.001 -19"><span class='ocrx_word' id='word_1_141' title='bbox 2243 820 2301 873; x_wconf 85' lang='grc' dir='ltr'><strong>δέ</strong></span> <span class='ocrx_word' id='word_1_142' title='bbox 2331 821 2461 892; x_wconf 61' lang='grc' dir='ltr'><strong>περλ⁸</strong></span> <span class='ocrx_word' id='word_1_143' title='bbox 2489 819 2673 873; x_wconf 89' lang='grc' dir='ltr'>ἐλαίου</span> <span class='ocrx_word' id='word_1_144' title='bbox 2700 819 2798 874; x_wconf 71' lang='grc' dir='ltr'><strong>καὶ</strong></span> <span class='ocrx_word' id='word_1_145' title='bbox 2818 819 2967 872; x_wconf 68' lang='grc' dir='ltr'>οἴνου</span> <span class='ocrx_word' id='word_1_146' title='bbox 2999 817 3163 873; x_wconf 79' lang='grc' dir='ltr'>τοῦτο</span> <span class='ocrx_word' id='word_1_147' title='bbox 3191 818 3510 885; x_wconf 75' lang='grc' dir='ltr'>ἐξελὰϐοντο</span> <span class='ocrx_word' id='word_1_148' title='bbox 3530 834 3546 849; x_wconf 89' lang='grc'><strong>·</strong></span> <span class='ocrx_word' id='word_1_149' title='bbox 3580 820 3836 891; x_wconf 78' lang='grc' dir='ltr'>συγκρά-</span> 
     </span>
    </p>
   </div>
   <div class='ocr_carea' id='block_1_23' title="bbox 2243 910 3836 987">
    <p class='ocr_par' dir='ltr' id='par_1_23' title="bbox 2243 910 3836 987">
     <span class='ocr_line' id='line_1_23' title="bbox 2243 910 3836 987; baseline -0.001 -18"><span class='ocrx_word' id='word_1_150' title='bbox 2243 932 2401 987; x_wconf 87' lang='grc' dir='ltr'>τησις</span> <span class='ocrx_word' id='word_1_151' title='bbox 2437 914 2548 985; x_wconf 84' lang='grc' dir='ltr'><strong>γὰρ</strong></span> <span class='ocrx_word' id='word_1_152' title='bbox 2574 915 2733 970; x_wconf 76' lang='grc' dir='ltr'>τοῦτο</span> <span class='ocrx_word' id='word_1_153' title='bbox 2762 916 2859 970; x_wconf 69' lang='grc' dir='ltr'><strong>καὶ⁵</strong></span> <span class='ocrx_word' id='word_1_154' title='bbox 2884 910 3211 986; x_wconf 79' lang='grc' dir='ltr'>παραμυθίᾶ</span> <span class='ocrx_word' id='word_1_155' title='bbox 3241 914 3343 984; x_wconf 85' lang='grc' dir='ltr'>τῆς</span> <span class='ocrx_word' id='word_1_156' title='bbox 3374 914 3550 986; x_wconf 81' lang='grc' dir='ltr'>ἄκρας</span> <span class='ocrx_word' id='word_1_157' title='bbox 3575 932 3836 969; x_wconf 86' lang='grc' dir='ltr'>κακοπα-</span> 
     </span>
    </p>
   </div>
   <div class='ocr_carea' id='block_1_24' title="bbox 2245 990 3880 1078">
    <p class='ocr_par' dir='ltr' id='par_1_24' title="bbox 2245 990 3880 1078">
     <span class='ocr_line' id='line_1_24' title="bbox 2245 990 3880 1078; baseline 0 -18"><span class='ocrx_word' id='word_1_158' title='bbox 2245 1006 2397 1071; x_wconf 83' lang='grc' dir='ltr'>θείας</span> <span class='ocrx_word' id='word_1_159' title='bbox 2428 1008 2491 1061; x_wconf 79' lang='grc' dir='ltr'>ἐκ</span> <span class='ocrx_word' id='word_1_160' title='bbox 2531 1006 2787 1078; x_wconf 78' lang='grc' dir='ltr'><strong>νηστείας</strong></span> <span class='ocrx_word' id='word_1_161' title='bbox 2818 1005 2929 1062; x_wconf 90' lang='grc' dir='ltr'>τῶν</span> <span class='ocrx_word' id='word_1_162' title='bbox 2966 1005 3497 1078; x_wconf 78' lang='grc' dir='ltr'>μεταλαμϐανόντων</span> <span class='ocrx_word' id='word_1_163' title='bbox 3525 1006 3637 1060; x_wconf 77' lang='grc' dir='ltr'>τῶν</span> <span class='ocrx_word' id='word_1_164' title='bbox 3670 1005 3839 1060; x_wconf 87' lang='grc' dir='ltr'>θείων</span> <span class='ocrx_word' id='word_1_165' title='bbox 3874 990 3880 1021; x_wconf 55' lang='grc'>⁵</span> 
     </span>
    </p>
   </div>
   <div class='ocr_carea' id='block_1_25' title="bbox 2249 1099 2587 1171">
    <p class='ocr_par' dir='ltr' id='par_1_25' title="bbox 2249 1099 2587 1171">
     <span class='ocr_line' id='line_1_25' title="bbox 2249 1099 2587 1171; baseline 0.003 -19"><span class='ocrx_word' id='word_1_166' title='bbox 2249 1099 2587 1171; x_wconf 70' lang='grc' dir='ltr'><strong>μυστηρίων.</strong></span> 
     </span>
    </p>
   </div>
   <div class='ocr_carea' id='block_1_26' title="bbox 2318 1186 3837 1260">
    <p class='ocr_par' dir='ltr' id='par_1_26' title="bbox 2318 1186 3837 1260">
     <span class='ocr_line' id='line_1_26' title="bbox 2318 1186 3837 1260; baseline -0.003 -17"><span class='ocrx_word' id='word_1_167' title='bbox 2318 1186 2386 1260; x_wconf 59' lang='grc' dir='ltr'><strong>βπ</strong></span> <span class='ocrx_word' id='word_1_168' title='bbox 2421 1188 2617 1258; x_wconf 80' lang='grc' dir='ltr'>Ἐρώτ.</span> <span class='ocrx_word' id='word_1_169' title='bbox 2668 1187 2940 1252; x_wconf 78' lang='grc' dir='ltr'><strong>Ὡσαύτως</strong></span> <span class='ocrx_word' id='word_1_170' title='bbox 2970 1187 3065 1241; x_wconf 74' lang='grc' dir='ltr'><strong>καὶ</strong></span> <span class='ocrx_word' id='word_1_171' title='bbox 3106 1187 3235 1256; x_wconf 82' lang='grc' dir='ltr'>περὶ</span> <span class='ocrx_word' id='word_1_172' title='bbox 3267 1186 3367 1257; x_wconf 84' lang='grc' dir='ltr'>τῆς</span> <span class='ocrx_word' id='word_1_173' title='bbox 3410 1186 3575 1254; x_wconf 88' lang='grc' dir='ltr'>ἁγίας</span> <span class='ocrx_word' id='word_1_174' title='bbox 3615 1186 3837 1254; x_wconf 83' lang='grc' dir='ltr'>Πεντη-</span> 
     </span>
    </p>
   </div>
   <div class='ocr_carea' id='block_1_27' title="bbox 2246 1279 3839 1352">
    <p class='ocr_par' dir='ltr' id='par_1_27' title="bbox 2246 1279 3839 1352">
     <span class='ocr_line' id='line_1_27' title="bbox 2246 1279 3839 1352; baseline -0.004 -16"><span class='ocrx_word' id='word_1_175' title='bbox 2246 1281 2448 1351; x_wconf 81' lang='grc' dir='ltr'>κοστῆς</span> <span class='ocrx_word' id='word_1_176' title='bbox 2479 1282 2790 1352; x_wconf 80' lang='grc' dir='ltr'>γέγραπται</span> <span class='ocrx_word' id='word_1_177' title='bbox 2820 1282 2895 1352; x_wconf 79' lang='grc' dir='ltr'>μὴ</span> <span class='ocrx_word' id='word_1_178' title='bbox 2932 1280 3135 1335; x_wconf 77' lang='grc' dir='ltr'><strong>κλίνειν</strong></span> <span class='ocrx_word' id='word_1_179' title='bbox 3172 1280 3323 1348; x_wconf 86' lang='grc' dir='ltr'>γόνυ.</span> <span class='ocrx_word' id='word_1_180' title='bbox 3345 1279 3379 1348; x_wconf 78' lang='grc' dir='ltr'>ἢ</span> <span class='ocrx_word' id='word_1_181' title='bbox 3411 1280 3547 1341; x_wconf 83' lang='grc' dir='ltr'>ὅλως</span> <span class='ocrx_word' id='word_1_182' title='bbox 3569 1279 3839 1349; x_wconf 77' lang='grc' dir='ltr'>νηστείαν</span> 
     </span>
    </p>
   </div>
   <div class='ocr_carea' id='block_1_28' title="bbox 2247 1367 3838 1443">
    <p class='ocr_par' dir='ltr' id='par_1_28' title="bbox 2247 1367 3838 1443">
     <span class='ocr_line' id='line_1_28' title="bbox 2247 1367 3838 1443; baseline -0.002 -19"><span class='ocrx_word' id='word_1_183' title='bbox 2247 1370 2625 1443; x_wconf 80' lang='grc' dir='ltr'>ἐργάσασθαι’</span> <span class='ocrx_word' id='word_1_184' title='bbox 2666 1371 2785 1434; x_wconf 88' lang='grc' dir='ltr'><strong>πῶς</strong></span> <span class='ocrx_word' id='word_1_185' title='bbox 2822 1367 2916 1425; x_wconf 78' lang='grc' dir='ltr'><strong>οὖν</strong></span> <span class='ocrx_word' id='word_1_186' title='bbox 2957 1373 3009 1424; x_wconf 78' lang='lat' dir='ltr'><strong>oi</strong></span> <span class='ocrx_word' id='word_1_187' title='bbox 3060 1370 3363 1441; x_wconf 85' lang='grc' dir='ltr'>καθήμενοι</span> <span class='ocrx_word' id='word_1_188' title='bbox 3403 1373 3460 1423; x_wconf 91' lang='grc' dir='ltr'>ἐν</span> <span class='ocrx_word' id='word_1_189' title='bbox 3492 1372 3607 1433; x_wconf 83' lang='grc' dir='ltr'>τοῖς</span> <span class='ocrx_word' id='word_1_190' title='bbox 3649 1369 3838 1422; x_wconf 68' lang='grc' dir='ltr'>αὐτῶν</span> 
     </span>
    </p>
   </div>
   <div class='ocr_carea' id='block_1_29' title="bbox 2248 1461 3835 1533">
    <p class='ocr_par' dir='ltr' id='par_1_29' title="bbox 2248 1461 3835 1533">
     <span class='ocr_line' id='line_1_29' title="bbox 2248 1461 3835 1533; baseline -0.002 -17"><span class='ocrx_word' id='word_1_191' title='bbox 2248 1462 2482 1525; x_wconf 87' lang='grc' dir='ltr'>κελλίοις</span> <span class='ocrx_word' id='word_1_192' title='bbox 2511 1463 2573 1515; x_wconf 79' lang='grc' dir='ltr'>οὐ</span> <span class='ocrx_word' id='word_1_193' title='bbox 2606 1461 2765 1516; x_wconf 78' lang='grc' dir='ltr'>τοῦτο</span> <span class='ocrx_word' id='word_1_194' title='bbox 2794 1463 3188 1533; x_wconf 84' lang='grc' dir='ltr'>φυλάσσουσιν,</span> <span class='ocrx_word' id='word_1_195' title='bbox 3214 1462 3350 1517; x_wconf 89' lang='grc' dir='ltr'>ἀλλὰ</span> <span class='ocrx_word' id='word_1_196' title='bbox 3374 1464 3470 1517; x_wconf 75' lang='grc' dir='ltr'>καὶ</span> <span class='ocrx_word' id='word_1_197' title='bbox 3501 1463 3835 1533; x_wconf 83' lang='grc' dir='ltr'>νηστεύουσι</span> 
     </span>
    </p>
   </div>
   <div class='ocr_carea' id='block_1_30' title="bbox 2246 1554 3835 1628">
    <p class='ocr_par' dir='ltr' id='par_1_30' title="bbox 2246 1554 3835 1628">
     <span class='ocr_line' id='line_1_30' title="bbox 2246 1554 3835 1628; baseline 0 -18"><span class='ocrx_word' id='word_1_198' title='bbox 2246 1556 2342 1610; x_wconf 71' lang='grc' dir='ltr'>καὶ</span> <span class='ocrx_word' id='word_1_199' title='bbox 2361 1555 2490 1625; x_wconf 86' lang='grc' dir='ltr'>γόνυ</span> <span class='ocrx_word' id='word_1_200' title='bbox 2521 1554 2798 1610; x_wconf 88' lang='grc' dir='ltr'>κλίνουσιν</span> <span class='ocrx_word' id='word_1_201' title='bbox 2830 1555 2960 1625; x_wconf 84' lang='grc' dir='ltr'>ὅλην</span> <span class='ocrx_word' id='word_1_202' title='bbox 2984 1555 3084 1628; x_wconf 76' lang='grc' dir='ltr'><strong>τὴν</strong></span> <span class='ocrx_word' id='word_1_203' title='bbox 3109 1555 3406 1627; x_wconf 76' lang='grc' dir='ltr'>ἑϐδομάδα,</span> <span class='ocrx_word' id='word_1_204' title='bbox 3442 1555 3573 1611; x_wconf 82' lang='grc' dir='ltr'>ἄνευ</span> <span class='ocrx_word' id='word_1_205' title='bbox 3609 1555 3835 1610; x_wconf 77' lang='grc' dir='ltr'><strong>Σαϐϐά-</strong></span> 
     </span>
    </p>
   </div>
   <div class='ocr_carea' id='block_1_31' title="bbox 2245 1646 3089 1719">
    <p class='ocr_par' dir='ltr' id='par_1_31' title="bbox 2245 1646 3089 1719">
     <span class='ocr_line' id='line_1_31' title="bbox 2245 1646 3089 1719; baseline 0.001 -19"><span class='ocrx_word' id='word_1_206' title='bbox 2245 1662 2338 1701; x_wconf 84' lang='grc' dir='ltr'><strong>του</strong></span> <span class='ocrx_word' id='word_1_207' title='bbox 2364 1646 2607 1717; x_wconf 87' lang='grc' dir='ltr'>δηλονότι</span> <span class='ocrx_word' id='word_1_208' title='bbox 2635 1646 2733 1699; x_wconf 74' lang='grc' dir='ltr'><strong>καὶ</strong></span> <span class='ocrx_word' id='word_1_209' title='bbox 2760 1646 3049 1719; x_wconf 81' lang='grc' dir='ltr'>Κυριακῆς</span> <span class='ocrx_word' id='word_1_210' title='bbox 3073 1662 3089 1713; x_wconf 87' lang='grc'>;</span> 
     </span>
    </p>
   </div>
   <div class='ocr_carea' id='block_1_32' title="bbox 2330 1734 3836 1807">
    <p class='ocr_par' dir='ltr' id='par_1_32' title="bbox 2330 1734 3836 1807">
     <span class='ocr_line' id='line_1_32' title="bbox 2330 1734 3836 1807; baseline 0 -17"><span class='ocrx_word' id='word_1_211' title='bbox 2330 1735 2533 1790; x_wconf 83' lang='grc' dir='ltr'>Ἀπόκ.</span> <span class='ocrx_word' id='word_1_212' title='bbox 2572 1734 2648 1788; x_wconf 83' lang='grc' dir='ltr'><strong>Τὸ</strong></span> <span class='ocrx_word' id='word_1_213' title='bbox 2679 1736 2943 1807; x_wconf 86' lang='grc' dir='ltr'>κήρυγμα</span> <span class='ocrx_word' id='word_1_214' title='bbox 2975 1736 3071 1789; x_wconf 81' lang='grc' dir='ltr'>τοῦ</span> <span class='ocrx_word' id='word_1_215' title='bbox 3097 1735 3432 1805; x_wconf 78' lang='grc' dir='ltr'>Εὐαγγελίου</span> <span class='ocrx_word' id='word_1_216' title='bbox 3484 1734 3674 1789; x_wconf 76' lang='grc' dir='ltr'>κοινὸν</span> <span class='ocrx_word' id='word_1_217' title='bbox 3734 1735 3836 1790; x_wconf 51' lang='grc' dir='ltr'><strong>πάξ</strong></span> 
     </span>
    </p>
   </div>
   <div class='ocr_carea' id='block_1_33' title="bbox 568 1817 2163 1901">
    <p class='ocr_par' dir='ltr' id='par_1_33' title="bbox 568 1825 2146 1898">
     <span class='ocr_line' id='line_1_33' title="bbox 568 1825 2146 1898; baseline 0.001 -20"><span class='ocrx_word' id='word_1_218' title='bbox 568 1825 670 1879; x_wconf 82' lang='lat' dir='ltr'><strong>toti</strong></span> <span class='ocrx_word' id='word_1_219' title='bbox 725 1827 954 1892; x_wconf 90' lang='lat' dir='ltr'><strong>mundo,</strong></span> <span class='ocrx_word' id='word_1_220' title='bbox 1017 1842 1305 1898; x_wconf 88' lang='lat' dir='ltr'><strong>nuperque</strong></span> <span class='ocrx_word' id='word_1_221' title='bbox 1357 1827 1521 1887; x_wconf 80' lang='lat' dir='ltr'><strong>facta,</strong></span> <span class='ocrx_word' id='word_1_222' title='bbox 1571 1827 1842 1898; x_wconf 77' lang='lat' dir='ltr'><strong>generalia</strong></span> <span class='ocrx_word' id='word_1_223' title='bbox 1896 1825 2146 1880; x_wconf 84' lang='lat' dir='ltr'><strong>tradebat</strong></span> 
     </span>
    </p>
   </div>
   <div class='ocr_carea' id='block_1_34' title="bbox 2244 1817 3834 1901">
    <p class='ocr_par' dir='ltr' id='par_1_34' title="bbox 2250 1824 3834 1901">
     <span class='ocr_line' id='line_1_34' title="bbox 2250 1824 3834 1901; baseline -0.003 -21"><span class='ocrx_word' id='word_1_224' title='bbox 2250 1843 2319 1901; x_wconf 84' lang='grc' dir='ltr'><strong>σῃ</strong></span> <span class='ocrx_word' id='word_1_225' title='bbox 2366 1829 2434 1898; x_wconf 75' lang='grc' dir='ltr'>τῇ</span> <span class='ocrx_word' id='word_1_226' title='bbox 2490 1826 2784 1897; x_wconf 76' lang='grc' dir='ltr'>οἰκουμένῃ</span> <span class='ocrx_word' id='word_1_227' title='bbox 2821 1866 2838 1890; x_wconf 93' lang='grc'>,</span> <span class='ocrx_word' id='word_1_228' title='bbox 2886 1826 2983 1879; x_wconf 79' lang='grc' dir='ltr'>καὶ</span> <span class='ocrx_word' id='word_1_229' title='bbox 3032 1828 3230 1880; x_wconf 73' lang='grc' dir='ltr'>νεωστὶ</span> <span class='ocrx_word' id='word_1_230' title='bbox 3292 1826 3601 1897; x_wconf 87' lang='grc' dir='ltr'>διδόμενον,</span> <span class='ocrx_word' id='word_1_231' title='bbox 3667 1824 3834 1879; x_wconf 82' lang='grc' dir='ltr'>καθο-</span> 
     </span>
    </p>
   </div>
   <div class='ocr_carea' id='block_1_35' title="bbox 567 1917 2143 1990">
    <p class='ocr_par' dir='ltr' id='par_1_35' title="bbox 567 1917 2143 1990">
     <span class='ocr_line' id='line_1_35' title="bbox 567 1917 2143 1990; baseline 0 -18"><span class='ocrx_word' id='word_1_232' title='bbox 567 1918 730 1972; x_wconf 83' lang='lat' dir='ltr'><strong>etiam</strong></span> <span class='ocrx_word' id='word_1_233' title='bbox 766 1928 1056 1989; x_wconf 75' lang='lat' dir='ltr'><strong>przecepta.</strong></span> <span class='ocrx_word' id='word_1_234' title='bbox 1086 1917 1151 1973; x_wconf 86' lang='lat' dir='ltr'><strong>Et</strong></span> <span class='ocrx_word' id='word_1_235' title='bbox 1184 1920 1313 1990; x_wconf 84' lang='lat' dir='ltr'><strong>quia</strong></span> <span class='ocrx_word' id='word_1_236' title='bbox 1356 1918 1559 1974; x_wconf 83' lang='lat' dir='ltr'><strong>Christi</strong></span> <span class='ocrx_word' id='word_1_237' title='bbox 1607 1919 1938 1975; x_wconf 88' lang='lat' dir='ltr'><strong>resurrectio</strong></span> <span class='ocrx_word' id='word_1_238' title='bbox 1961 1933 1993 1972; x_wconf 90' lang='lat' dir='ltr'><strong>a</strong></span> <span class='ocrx_word' id='word_1_239' title='bbox 2024 1917 2143 1987; x_wconf 87' lang='lat' dir='ltr'><strong>ple-</strong></span> 
     </span>
    </p>
   </div>
   <div class='ocr_carea' id='block_1_36' title="bbox 566 2009 2145 2079">
    <p class='ocr_par' dir='ltr' id='par_1_36' title="bbox 566 2009 2145 2079">
     <span class='ocr_line' id='line_1_36' title="bbox 566 2009 2145 2079; baseline 0.001 -17"><span class='ocrx_word' id='word_1_240' title='bbox 566 2010 755 2079; x_wconf 85' lang='lat' dir='ltr'><strong>risque</strong></span> <span class='ocrx_word' id='word_1_241' title='bbox 801 2026 910 2065; x_wconf 90' lang='lat' dir='ltr'><strong>non</strong></span> <span class='ocrx_word' id='word_1_242' title='bbox 967 2010 1315 2075; x_wconf 83' lang='lat' dir='ltr'><strong>credebatur,</strong></span> <span class='ocrx_word' id='word_1_243' title='bbox 1360 2011 1431 2066; x_wconf 91' lang='lat' dir='ltr'><strong>ob</strong></span> <span class='ocrx_word' id='word_1_244' title='bbox 1476 2025 1596 2065; x_wconf 90' lang='lat' dir='ltr'><strong>eam</strong></span> <span class='ocrx_word' id='word_1_245' title='bbox 1647 2011 1983 2067; x_wconf 89' lang='lat' dir='ltr'><strong>suadendam</strong></span> <span class='ocrx_word' id='word_1_246' title='bbox 2038 2009 2145 2064; x_wconf 88' lang='lat' dir='ltr'><strong>hoc</strong></span> 
     </span>
    </p>
   </div>
   <div class='ocr_carea' id='block_1_37' title="bbox 566 2097 2145 2169">
    <p class='ocr_par' dir='ltr' id='par_1_37' title="bbox 566 2097 2145 2169">
     <span class='ocr_line' id='line_1_37' title="bbox 566 2097 2145 2169; baseline 0.002 -19"><span class='ocrx_word' id='word_1_247' title='bbox 566 2097 733 2151; x_wconf 86' lang='lat' dir='ltr'><strong>etiam</strong></span> <span class='ocrx_word' id='word_1_248' title='bbox 786 2098 1069 2154; x_wconf 90' lang='lat' dir='ltr'><strong>decretum</strong></span> <span class='ocrx_word' id='word_1_249' title='bbox 1116 2099 1323 2155; x_wconf 88' lang='lat' dir='ltr'><strong>editum</strong></span> <span class='ocrx_word' id='word_1_250' title='bbox 1360 2099 1482 2166; x_wconf 84' lang='lat' dir='ltr'><strong>fuit,</strong></span> <span class='ocrx_word' id='word_1_251' title='bbox 1513 2108 1703 2154; x_wconf 90' lang='lat' dir='ltr'><strong>vetans</strong></span> <span class='ocrx_word' id='word_1_252' title='bbox 1742 2099 2145 2169; x_wconf 89' lang='lat' dir='ltr'><strong>quodammodo</strong></span> 
     </span>
    </p>
   </div>
   <div class='ocr_carea' id='block_1_38' title="bbox 571 2189 2145 2262">
    <p class='ocr_par' dir='ltr' id='par_1_38' title="bbox 571 2189 2145 2262">
     <span class='ocr_line' id='line_1_38' title="bbox 571 2189 2145 2262; baseline 0.001 -19"><span class='ocrx_word' id='word_1_253' title='bbox 571 2203 639 2243; x_wconf 89' lang='lat' dir='ltr'><strong>ac</strong></span> <span class='ocrx_word' id='word_1_254' title='bbox 677 2189 903 2257; x_wconf 87' lang='lat' dir='ltr'><strong>docens,</strong></span> <span class='ocrx_word' id='word_1_255' title='bbox 937 2192 1084 2261; x_wconf 91' lang='lat' dir='ltr'><strong>quod</strong></span> <span class='ocrx_word' id='word_1_256' title='bbox 1128 2191 1291 2247; x_wconf 86' lang='lat' dir='ltr'><strong>sicuti</strong></span> <span class='ocrx_word' id='word_1_257' title='bbox 1326 2192 1536 2262; x_wconf 85' lang='lat' dir='ltr'><strong>peccati</strong></span> <span class='ocrx_word' id='word_1_258' title='bbox 1574 2206 1743 2247; x_wconf 85' lang='lat' dir='ltr'><strong>causa</strong></span> <span class='ocrx_word' id='word_1_259' title='bbox 1777 2191 1977 2246; x_wconf 89' lang='lat' dir='ltr'><strong>mortui</strong></span> <span class='ocrx_word' id='word_1_260' title='bbox 2023 2206 2145 2245; x_wconf 88' lang='lat' dir='ltr'><strong>era-</strong></span> 
     </span>
    </p>
   </div>
   <div class='ocr_carea' id='block_1_39' title="bbox 566 2280 2142 2355">
    <p class='ocr_par' dir='ltr' id='par_1_39' title="bbox 566 2280 2142 2355">
     <span class='ocr_line' id='line_1_39' title="bbox 566 2280 2142 2355; baseline 0 -21"><span class='ocrx_word' id='word_1_261' title='bbox 566 2295 717 2346; x_wconf 88' lang='lat' dir='ltr'><strong>mus,</strong></span> <span class='ocrx_word' id='word_1_262' title='bbox 760 2289 817 2335; x_wconf 87' lang='lat' dir='ltr'><strong>et</strong></span> <span class='ocrx_word' id='word_1_263' title='bbox 847 2281 1001 2336; x_wconf 91' lang='lat' dir='ltr'><strong>humi</strong></span> <span class='ocrx_word' id='word_1_264' title='bbox 1030 2283 1215 2347; x_wconf 91' lang='lat' dir='ltr'><strong>strati,</strong></span> <span class='ocrx_word' id='word_1_265' title='bbox 1250 2298 1353 2338; x_wconf 90' lang='lat' dir='ltr'><strong>nec</strong></span> <span class='ocrx_word' id='word_1_266' title='bbox 1407 2298 1696 2355; x_wconf 78' lang='lat' dir='ltr'><strong>resurgere</strong></span> <span class='ocrx_word' id='word_1_267' title='bbox 1727 2283 1995 2347; x_wconf 88' lang='lat' dir='ltr'><strong>valentes,</strong></span> <span class='ocrx_word' id='word_1_268' title='bbox 2034 2280 2142 2337; x_wconf 88' lang='lat' dir='ltr'><strong>nisi</strong></span> 
     </span>
    </p>
   </div>
   <div class='ocr_carea' id='block_1_40' title="bbox 565 2369 2140 2441">
    <p class='ocr_par' dir='ltr' id='par_1_40' title="bbox 565 2369 2140 2441">
     <span class='ocr_line' id='line_1_40' title="bbox 565 2369 2140 2441; baseline -0.002 -17"><span class='ocrx_word' id='word_1_269' title='bbox 565 2379 855 2439; x_wconf 86' lang='lat' dir='ltr'><strong>appareret</strong></span> <span class='ocrx_word' id='word_1_270' title='bbox 897 2371 946 2426; x_wconf 90' lang='lat' dir='ltr'><strong>is</strong></span> <span class='ocrx_word' id='word_1_271' title='bbox 986 2372 1082 2441; x_wconf 91' lang='lat' dir='ltr'><strong>qui</strong></span> <span class='ocrx_word' id='word_1_272' title='bbox 1131 2385 1234 2427; x_wconf 88' lang='lat' dir='ltr'><strong>nos</strong></span> <span class='ocrx_word' id='word_1_273' title='bbox 1272 2382 1631 2427; x_wconf 87' lang='lat' dir='ltr'><strong>revocaturus</strong></span> <span class='ocrx_word' id='word_1_274' title='bbox 1663 2369 1731 2424; x_wconf 88' lang='lat' dir='ltr'><strong>ad</strong></span> <span class='ocrx_word' id='word_1_275' title='bbox 1770 2369 1941 2424; x_wconf 86' lang='lat' dir='ltr'><strong>vitam</strong></span> <span class='ocrx_word' id='word_1_276' title='bbox 1988 2380 2140 2434; x_wconf 87' lang='lat' dir='ltr'><strong>erat;</strong></span> 
     </span>
    </p>
   </div>
   <div class='ocr_carea' id='block_1_41' title="bbox 566 2460 2145 2533">
    <p class='ocr_par' dir='ltr' id='par_1_41' title="bbox 566 2460 2145 2533">
     <span class='ocr_line' id='line_1_41' title="bbox 566 2460 2145 2533; baseline -0.003 -15"><span class='ocrx_word' id='word_1_277' title='bbox 566 2463 651 2519; x_wconf 89' lang='lat' dir='ltr'><strong>sic</strong></span> <span class='ocrx_word' id='word_1_278' title='bbox 696 2462 1022 2518; x_wconf 88' lang='lat' dir='ltr'><strong>adveniente</strong></span> <span class='ocrx_word' id='word_1_279' title='bbox 1052 2465 1349 2533; x_wconf 89' lang='lat' dir='ltr'><strong>postremis</strong></span> <span class='ocrx_word' id='word_1_280' title='bbox 1392 2464 1752 2533; x_wconf 88' lang='lat' dir='ltr'><strong>temporibus,</strong></span> <span class='ocrx_word' id='word_1_281' title='bbox 1797 2462 1893 2516; x_wconf 92' lang='lat' dir='ltr'><strong>illo</strong></span> <span class='ocrx_word' id='word_1_282' title='bbox 1922 2460 2012 2515; x_wconf 90' lang='lat' dir='ltr'><strong>cui</strong></span> <span class='ocrx_word' id='word_1_283' title='bbox 2058 2475 2145 2515; x_wconf 88' lang='lat' dir='ltr'><strong>re-</strong></span> 
     </span>
    </p>
   </div>
   <div class='ocr_carea' id='block_1_42' title="bbox 564 2552 2144 2625">
    <p class='ocr_par' dir='ltr' id='par_1_42' title="bbox 564 2552 2144 2625">
     <span class='ocr_line' id='line_1_42' title="bbox 564 2552 2144 2625; baseline -0.003 -15"><span class='ocrx_word' id='word_1_284' title='bbox 564 2555 805 2625; x_wconf 83' lang='lat' dir='ltr'><strong>positum</strong></span> <span class='ocrx_word' id='word_1_285' title='bbox 854 2564 972 2610; x_wconf 88' lang='lat' dir='ltr'><strong>erat</strong></span> <span class='ocrx_word' id='word_1_286' title='bbox 993 2556 1135 2622; x_wconf 65' lang='grc' dir='ltr'><strong>ηοω,</strong></span> <span class='ocrx_word' id='word_1_287' title='bbox 1168 2555 1388 2611; x_wconf 86' lang='lat' dir='ltr'><strong>Christo</strong></span> <span class='ocrx_word' id='word_1_288' title='bbox 1414 2554 1526 2610; x_wconf 92' lang='lat' dir='ltr'><strong>Deo</strong></span> <span class='ocrx_word' id='word_1_289' title='bbox 1550 2565 1759 2619; x_wconf 87' lang='lat' dir='ltr'><strong>nostro,</strong></span> <span class='ocrx_word' id='word_1_290' title='bbox 1789 2562 1845 2609; x_wconf 90' lang='lat' dir='ltr'><strong>et</strong></span> <span class='ocrx_word' id='word_1_291' title='bbox 1870 2552 2144 2622; x_wconf 85' lang='lat' dir='ltr'><strong>impecca-</strong></span> 
     </span>
    </p>
   </div>
   <div class='ocr_carea' id='block_1_43' title="bbox 564 2646 2140 2718">
    <p class='ocr_par' dir='ltr' id='par_1_43' title="bbox 564 2646 2140 2718">
     <span class='ocr_line' id='line_1_43' title="bbox 564 2646 2140 2718; baseline 0 -16"><span class='ocrx_word' id='word_1_292' title='bbox 564 2646 660 2702; x_wconf 85' lang='lat' dir='ltr'><strong>bili</strong></span> <span class='ocrx_word' id='word_1_293' title='bbox 683 2661 782 2717; x_wconf 90' lang='lat' dir='ltr'><strong>pro</strong></span> <span class='ocrx_word' id='word_1_294' title='bbox 797 2649 1033 2717; x_wconf 89' lang='lat' dir='ltr'><strong>peccatis</strong></span> <span class='ocrx_word' id='word_1_295' title='bbox 1050 2649 1251 2703; x_wconf 89' lang='lat' dir='ltr'><strong>nostris</strong></span> <span class='ocrx_word' id='word_1_296' title='bbox 1279 2648 1538 2718; x_wconf 83' lang='lat' dir='ltr'><strong>patiente,</strong></span> <span class='ocrx_word' id='word_1_297' title='bbox 1569 2662 1670 2702; x_wconf 87' lang='lat' dir='ltr'><strong>nos</strong></span> <span class='ocrx_word' id='word_1_298' title='bbox 1710 2648 2140 2712; x_wconf 77' lang='lat' dir='ltr'><strong>resurreximus,</strong></span> 
     </span>
    </p>
   </div>
   <div class='ocr_carea' id='block_1_44' title="bbox 568 2738 2140 2811">
    <p class='ocr_par' dir='ltr' id='par_1_44' title="bbox 568 2738 2140 2811">
     <span class='ocr_line' id='line_1_44' title="bbox 568 2738 2140 2811; baseline 0 -18"><span class='ocrx_word' id='word_1_299' title='bbox 568 2754 636 2794; x_wconf 90' lang='lat' dir='ltr'><strong>ac</strong></span> <span class='ocrx_word' id='word_1_300' title='bbox 690 2748 979 2809; x_wconf 80' lang='lat' dir='ltr'><strong>propterea</strong></span> <span class='ocrx_word' id='word_1_301' title='bbox 1026 2740 1271 2811; x_wconf 83' lang='lat' dir='ltr'><strong>mysterii</strong></span> <span class='ocrx_word' id='word_1_302' title='bbox 1321 2740 1489 2810; x_wconf 87' lang='lat' dir='ltr'><strong>hujus</strong></span> <span class='ocrx_word' id='word_1_303' title='bbox 1538 2738 1894 2796; x_wconf 89' lang='lat' dir='ltr'><strong>conﬁrmandi</strong></span> <span class='ocrx_word' id='word_1_304' title='bbox 1950 2753 2140 2807; x_wconf 88' lang='lat' dir='ltr'><strong>causa,</strong></span> 
     </span>
    </p>
   </div>
   <div class='ocr_carea' id='block_1_45' title="bbox 565 2829 2144 2900">
    <p class='ocr_par' dir='ltr' id='par_1_45' title="bbox 565 2829 2144 2900">
     <span class='ocr_line' id='line_1_45' title="bbox 565 2829 2144 2900; baseline 0.001 -17"><span class='ocrx_word' id='word_1_305' title='bbox 565 2843 745 2884; x_wconf 83' lang='lat' dir='ltr'><strong>canon</strong></span> <span class='ocrx_word' id='word_1_306' title='bbox 794 2829 896 2883; x_wconf 87' lang='lat' dir='ltr'><strong>iste</strong></span> <span class='ocrx_word' id='word_1_307' title='bbox 940 2831 1195 2885; x_wconf 81' lang='lat' dir='ltr'><strong>conditus</strong></span> <span class='ocrx_word' id='word_1_308' title='bbox 1237 2829 1359 2895; x_wconf 79' lang='lat' dir='ltr'><strong>fuit,</strong></span> <span class='ocrx_word' id='word_1_309' title='bbox 1414 2830 1508 2900; x_wconf 90' lang='lat' dir='ltr'><strong>qui</strong></span> <span class='ocrx_word' id='word_1_310' title='bbox 1548 2838 1603 2885; x_wconf 89' lang='lat' dir='ltr'><strong>et</strong></span> <span class='ocrx_word' id='word_1_311' title='bbox 1646 2830 1755 2883; x_wconf 88' lang='lat' dir='ltr'><strong>vim</strong></span> <span class='ocrx_word' id='word_1_312' title='bbox 1789 2829 2048 2895; x_wconf 85' lang='lat' dir='ltr'><strong>obtinuit,</strong></span> <span class='ocrx_word' id='word_1_313' title='bbox 2088 2836 2144 2884; x_wconf 88' lang='lat' dir='ltr'><strong>et</strong></span> 
     </span>
    </p>
   </div>
   <div class='ocr_carea' id='block_1_46' title="bbox 568 2918 2142 2990">
    <p class='ocr_par' dir='ltr' id='par_1_46' title="bbox 568 2918 2142 2990">
     <span class='ocr_line' id='line_1_46' title="bbox 568 2918 2142 2990; baseline -0.002 -15"><span class='ocrx_word' id='word_1_314' title='bbox 568 2920 759 2990; x_wconf 88' lang='lat' dir='ltr'><strong>utique</strong></span> <span class='ocrx_word' id='word_1_315' title='bbox 788 2919 1050 2975; x_wconf 90' lang='lat' dir='ltr'><strong>obtineat.</strong></span> <span class='ocrx_word' id='word_1_316' title='bbox 1090 2918 1279 2990; x_wconf 86' lang='lat' dir='ltr'><strong>Neque</strong></span> <span class='ocrx_word' id='word_1_317' title='bbox 1305 2920 1514 2975; x_wconf 91' lang='lat' dir='ltr'><strong>idcirco</strong></span> <span class='ocrx_word' id='word_1_318' title='bbox 1539 2930 1723 2975; x_wconf 87' lang='lat' dir='ltr'><strong>tamen</strong></span> <span class='ocrx_word' id='word_1_319' title='bbox 1754 2928 1982 2989; x_wconf 88' lang='lat' dir='ltr'><strong>peccant</strong></span> <span class='ocrx_word' id='word_1_320' title='bbox 2020 2933 2142 2972; x_wconf 88' lang='lat' dir='ltr'><strong>mo-</strong></span> 
     </span>
    </p>
   </div>
   <div class='ocr_carea' id='block_1_47' title="bbox 565 3010 2140 3084">
    <p class='ocr_par' dir='ltr' id='par_1_47' title="bbox 565 3010 2140 3084">
     <span class='ocr_line' id='line_1_47' title="bbox 565 3010 2140 3084; baseline -0.002 -16"><span class='ocrx_word' id='word_1_321' title='bbox 565 3013 749 3080; x_wconf 79' lang='lat' dir='ltr'><strong>nachi,</strong></span> <span class='ocrx_word' id='word_1_322' title='bbox 802 3012 1057 3084; x_wconf 81' lang='lat' dir='ltr'><strong>privatim</strong></span> <span class='ocrx_word' id='word_1_323' title='bbox 1114 3013 1202 3068; x_wconf 86' lang='lat' dir='ltr'><strong>his</strong></span> <span class='ocrx_word' id='word_1_324' title='bbox 1232 3013 1426 3069; x_wconf 91' lang='lat' dir='ltr'><strong>diebus</strong></span> <span class='ocrx_word' id='word_1_325' title='bbox 1464 3029 1608 3084; x_wconf 83' lang='lat' dir='ltr'><strong>genu</strong></span> <span class='ocrx_word' id='word_1_326' title='bbox 1663 3013 1957 3069; x_wconf 85' lang='lat' dir='ltr'><strong>ﬂectentes.</strong></span> <span class='ocrx_word' id='word_1_327' title='bbox 2002 3010 2140 3066; x_wconf 88' lang='lat' dir='ltr'><strong>Nam</strong></span> 
     </span>
    </p>
   </div>
   <div class='ocr_carea' id='block_1_48' title="bbox 562 3106 2141 3177">
    <p class='ocr_par' dir='ltr' id='par_1_48' title="bbox 562 3106 2141 3177">
     <span class='ocr_line' id='line_1_48' title="bbox 562 3106 2141 3177; baseline 0.001 -16"><span class='ocrx_word' id='word_1_328' title='bbox 562 3116 688 3161; x_wconf 91' lang='lat' dir='ltr'><strong>cum</strong></span> <span class='ocrx_word' id='word_1_329' title='bbox 717 3122 775 3161; x_wconf 81' lang='lat' dir='ltr'><strong>se</strong></span> <span class='ocrx_word' id='word_1_330' title='bbox 807 3106 1063 3176; x_wconf 84' lang='lat' dir='ltr'><strong>reosjam</strong></span> <span class='ocrx_word' id='word_1_331' title='bbox 1094 3106 1506 3170; x_wconf 87' lang='lat' dir='ltr'><strong>constituerint,</strong></span> <span class='ocrx_word' id='word_1_332' title='bbox 1540 3115 1595 3161; x_wconf 91' lang='lat' dir='ltr'><strong>et</strong></span> <span class='ocrx_word' id='word_1_333' title='bbox 1619 3108 1778 3177; x_wconf 85' lang='lat' dir='ltr'><strong>quasi</strong></span> <span class='ocrx_word' id='word_1_334' title='bbox 1809 3110 2016 3163; x_wconf 88' lang='lat' dir='ltr'><strong>carceri</strong></span> <span class='ocrx_word' id='word_1_335' title='bbox 2042 3123 2141 3163; x_wconf 90' lang='lat' dir='ltr'><strong>vo-</strong></span> 
     </span>
    </p>
   </div>
   <div class='ocr_carea' id='block_1_49' title="bbox 562 3201 2140 3273">
    <p class='ocr_par' dir='ltr' id='par_1_49' title="bbox 562 3201 2140 3273">
     <span class='ocr_line' id='line_1_49' title="bbox 562 3201 2140 3273; baseline -0.001 -17"><span class='ocrx_word' id='word_1_336' title='bbox 562 3201 800 3257; x_wconf 88' lang='lat' dir='ltr'><strong>luntario</strong></span> <span class='ocrx_word' id='word_1_337' title='bbox 848 3202 1301 3273; x_wconf 86' lang='lat' dir='ltr'><strong>mancipaveriut,</strong></span> <span class='ocrx_word' id='word_1_338' title='bbox 1345 3216 1563 3271; x_wconf 88' lang='lat' dir='ltr'><strong>semper</strong></span> <span class='ocrx_word' id='word_1_339' title='bbox 1605 3201 1805 3256; x_wconf 77' lang='lat' dir='ltr'><strong>debent</strong></span> <span class='ocrx_word' id='word_1_340' title='bbox 1839 3202 1909 3255; x_wconf 89' lang='lat' dir='ltr'><strong>ad</strong></span> <span class='ocrx_word' id='word_1_341' title='bbox 1961 3203 2140 3256; x_wconf 87' lang='lat' dir='ltr'><strong>Domi-</strong></span> 
     </span>
    </p>
   </div>
   <div class='ocr_carea' id='block_1_50' title="bbox 561 3293 2139 3359">
    <p class='ocr_par' dir='ltr' id='par_1_50' title="bbox 561 3293 2139 3359">
     <span class='ocr_line' id='line_1_50' title="bbox 561 3293 2139 3359; baseline -0.002 -9"><span class='ocrx_word' id='word_1_342' title='bbox 561 3310 694 3350; x_wconf 88' lang='lat' dir='ltr'><strong>num</strong></span> <span class='ocrx_word' id='word_1_343' title='bbox 742 3295 1001 3359; x_wconf 87' lang='lat' dir='ltr'><strong>clamare,</strong></span> <span class='ocrx_word' id='word_1_344' title='bbox 1069 3303 1124 3349; x_wconf 89' lang='lat' dir='ltr'><strong>et</strong></span> <span class='ocrx_word' id='word_1_345' title='bbox 1169 3294 1481 3348; x_wconf 88' lang='lat' dir='ltr'><strong>humilitate</strong></span> <span class='ocrx_word' id='word_1_346' title='bbox 1542 3306 1642 3349; x_wconf 88' lang='lat' dir='ltr'><strong>sua</strong></span> <span class='ocrx_word' id='word_1_347' title='bbox 1691 3293 2139 3348; x_wconf 89' lang='lat' dir='ltr'><strong>misericordiam</strong></span> 
     </span>
    </p>
   </div>
   <div class='ocr_carea' id='block_1_51' title="bbox 561 3384 2139 3457">
    <p class='ocr_par' dir='ltr' id='par_1_51' title="bbox 561 3384 2139 3457">
     <span class='ocr_line' id='line_1_51' title="bbox 561 3384 2139 3457; baseline -0.001 -16"><span class='ocrx_word' id='word_1_348' title='bbox 561 3386 879 3457; x_wconf 85' lang='lat' dir='ltr'><strong>implorare.</strong></span> <span class='ocrx_word' id='word_1_349' title='bbox 911 3385 1098 3456; x_wconf 86' lang='lat' dir='ltr'><strong>Neque</strong></span> <span class='ocrx_word' id='word_1_350' title='bbox 1120 3386 1265 3441; x_wconf 91' lang='lat' dir='ltr'><strong>enim</strong></span> <span class='ocrx_word' id='word_1_351' title='bbox 1293 3385 1566 3440; x_wconf 88' lang='lat' dir='ltr'><strong>monacho</strong></span> <span class='ocrx_word' id='word_1_352' title='bbox 1618 3384 1941 3441; x_wconf 83' lang='lat' dir='ltr'><strong>solemnitas</strong></span> <span class='ocrx_word' id='word_1_353' title='bbox 1962 3399 2047 3440; x_wconf 76' lang='grc' dir='ltr'>εει</span> <span class='ocrx_word' id='word_1_354' title='bbox 2084 3386 2139 3440; x_wconf 87' lang='lat' dir='ltr'><strong>in</strong></span> 
     </span>
    </p>
   </div>
   <div class='ocr_carea' id='block_1_52' title="bbox 560 3478 1263 3548">
    <p class='ocr_par' dir='ltr' id='par_1_52' title="bbox 560 3478 1263 3548">
     <span class='ocr_line' id='line_1_52' title="bbox 560 3478 1263 3548; baseline 0.003 -17"><span class='ocrx_word' id='word_1_355' title='bbox 560 3486 729 3545; x_wconf 85' lang='lat' dir='ltr'><strong>terra,</strong></span> <span class='ocrx_word' id='word_1_356' title='bbox 761 3487 820 3532; x_wconf 90' lang='lat' dir='ltr'><strong>ut</strong></span> <span class='ocrx_word' id='word_1_357' title='bbox 848 3479 1070 3548; x_wconf 88' lang='lat' dir='ltr'><strong>quidam</strong></span> <span class='ocrx_word' id='word_1_358' title='bbox 1107 3478 1263 3533; x_wconf 76' lang='lat' dir='ltr'><strong>dixit.</strong></span> 
     </span>
    </p>
   </div>
   <div class='ocr_carea' id='block_1_53' title="bbox 628 3569 2140 3642">
    <p class='ocr_par' dir='ltr' id='par_1_53' title="bbox 628 3569 2140 3642">
     <span class='ocr_line' id='line_1_53' title="bbox 628 3569 2140 3642; baseline -0.001 -16"><span class='ocrx_word' id='word_1_359' title='bbox 628 3573 681 3626; x_wconf 82' lang='lat'><strong>5.</strong></span> <span class='ocrx_word' id='word_1_360' title='bbox 727 3569 837 3626; x_wconf 82' lang='grc' dir='ltr'>Ιιιι.</span> <span class='ocrx_word' id='word_1_361' title='bbox 868 3572 923 3626; x_wconf 89' lang='lat' dir='ltr'><strong>Si</strong></span> <span class='ocrx_word' id='word_1_362' title='bbox 975 3571 1101 3642; x_wconf 90' lang='lat' dir='ltr'><strong>quis</strong></span> <span class='ocrx_word' id='word_1_363' title='bbox 1159 3580 1273 3624; x_wconf 92' lang='lat' dir='ltr'><strong>tum</strong></span> <span class='ocrx_word' id='word_1_364' title='bbox 1322 3584 1553 3624; x_wconf 90' lang='lat' dir='ltr'><strong>numero</strong></span> <span class='ocrx_word' id='word_1_365' title='bbox 1580 3577 1695 3624; x_wconf 89' lang='lat' dir='ltr'><strong>tum</strong></span> <span class='ocrx_word' id='word_1_366' title='bbox 1731 3569 1995 3639; x_wconf 85' lang='lat' dir='ltr'><strong>qualitate</strong></span> <span class='ocrx_word' id='word_1_367' title='bbox 2026 3586 2140 3626; x_wconf 90' lang='lat' dir='ltr'><strong>non</strong></span> 
     </span>
    </p>
   </div>
   <div class='ocr_carea' id='block_1_54' title="bbox 558 3662 2142 3734">
    <p class='ocr_par' dir='ltr' id='par_1_54' title="bbox 558 3662 2142 3734">
     <span class='ocr_line' id='line_1_54' title="bbox 558 3662 2142 3734; baseline 0.001 -16"><span class='ocrx_word' id='word_1_368' title='bbox 558 3677 751 3734; x_wconf 91' lang='lat' dir='ltr'><strong>parum</strong></span> <span class='ocrx_word' id='word_1_369' title='bbox 785 3665 1021 3734; x_wconf 90' lang='lat' dir='ltr'><strong>peccatis</strong></span> <span class='ocrx_word' id='word_1_370' title='bbox 1046 3662 1361 3717; x_wconf 79' lang='lat' dir='ltr'><strong>carnalibus</strong></span> <span class='ocrx_word' id='word_1_371' title='bbox 1394 3670 1567 3718; x_wconf 77' lang='lat' dir='ltr'><strong>semet</strong></span> <span class='ocrx_word' id='word_1_372' title='bbox 1615 3663 1899 3733; x_wconf 87' lang='lat' dir='ltr'><strong>impiavit;</strong></span> <span class='ocrx_word' id='word_1_373' title='bbox 1945 3663 2142 3719; x_wconf 87' lang='lat' dir='ltr'><strong>deinde</strong></span> 
     </span>
    </p>
   </div>
   <div class='ocr_carea' id='block_1_55' title="bbox 557 3754 2139 3825">
    <p class='ocr_par' dir='ltr' id='par_1_55' title="bbox 557 3754 2139 3825">
     <span class='ocr_line' id='line_1_55' title="bbox 557 3754 2139 3825; baseline -0.001 -15"><span class='ocrx_word' id='word_1_374' title='bbox 557 3771 689 3810; x_wconf 76' lang='lat' dir='ltr'><strong>vero</strong></span> <span class='ocrx_word' id='word_1_375' title='bbox 744 3756 814 3810; x_wconf 90' lang='lat' dir='ltr'><strong>de</strong></span> <span class='ocrx_word' id='word_1_376' title='bbox 864 3756 950 3810; x_wconf 88' lang='lat' dir='ltr'><strong>his</strong></span> <span class='ocrx_word' id='word_1_377' title='bbox 995 3755 1305 3819; x_wconf 81' lang='lat' dir='ltr'><strong>confessus,</strong></span> <span class='ocrx_word' id='word_1_378' title='bbox 1354 3769 1598 3825; x_wconf 79' lang='lat' dir='ltr'><strong>congrua</strong></span> <span class='ocrx_word' id='word_1_379' title='bbox 1645 3754 1823 3825; x_wconf 90' lang='lat' dir='ltr'><strong>culpis</strong></span> <span class='ocrx_word' id='word_1_380' title='bbox 1867 3754 2139 3824; x_wconf 89' lang='lat' dir='ltr'><strong>ejusmodi</strong></span> 
     </span>
    </p>
   </div>
   <div class='ocr_carea' id='block_1_56' title="bbox 559 3849 2141 3921">
    <p class='ocr_par' dir='ltr' id='par_1_56' title="bbox 559 3849 2141 3921">
     <span class='ocr_line' id='line_1_56' title="bbox 559 3849 2141 3921; baseline 0.001 -16"><span class='ocrx_word' id='word_1_381' title='bbox 559 3851 799 3905; x_wconf 82' lang='lat' dir='ltr'><strong>remedia</strong></span> <span class='ocrx_word' id='word_1_382' title='bbox 833 3852 1039 3921; x_wconf 83' lang='lat' dir='ltr'><strong>accepit</strong></span> <span class='ocrx_word' id='word_1_383' title='bbox 1067 3849 1284 3919; x_wconf 91' lang='lat' dir='ltr'><strong>sibique</strong></span> <span class='ocrx_word' id='word_1_384' title='bbox 1308 3850 1559 3905; x_wconf 86' lang='lat' dir='ltr'><strong>adhibuit</strong></span> <span class='ocrx_word' id='word_1_385' title='bbox 1585 3868 1600 3916; x_wconf 90' lang='lat'><strong>;</strong></span> <span class='ocrx_word' id='word_1_386' title='bbox 1627 3851 1905 3920; x_wconf 89' lang='lat' dir='ltr'><strong>quomodo</strong></span> <span class='ocrx_word' id='word_1_387' title='bbox 1934 3866 2141 3921; x_wconf 79' lang='lat' dir='ltr'><strong>cogno-</strong></span> 
     </span>
    </p>
   </div>
   <div class='ocr_carea' id='block_1_57' title="bbox 558 3942 2142 4014">
    <p class='ocr_par' dir='ltr' id='par_1_57' title="bbox 558 3942 2142 4014">
     <span class='ocr_line' id='line_1_57' title="bbox 558 3942 2142 4014; baseline -0.001 -16"><span class='ocrx_word' id='word_1_388' title='bbox 558 3954 673 3999; x_wconf 83' lang='lat' dir='ltr'><strong>scet</strong></span> <span class='ocrx_word' id='word_1_389' title='bbox 702 3944 959 4014; x_wconf 68' lang='lat' dir='ltr'><strong>prmdicta</strong></span> <span class='ocrx_word' id='word_1_390' title='bbox 992 3953 1213 4013; x_wconf 86' lang='lat' dir='ltr'><strong>peccata</strong></span> <span class='ocrx_word' id='word_1_391' title='bbox 1264 3942 1368 3997; x_wconf 87' lang='lat' dir='ltr'><strong>sibi</strong></span> <span class='ocrx_word' id='word_1_392' title='bbox 1421 3942 1594 3998; x_wconf 85' lang='lat' dir='ltr'><strong>fuisse</strong></span> <span class='ocrx_word' id='word_1_393' title='bbox 1624 3945 1879 4011; x_wconf 88' lang='lat' dir='ltr'><strong>remissa,</strong></span> <span class='ocrx_word' id='word_1_394' title='bbox 1917 3952 1978 3999; x_wconf 93' lang='lat' dir='ltr'><strong>ut</strong></span> <span class='ocrx_word' id='word_1_395' title='bbox 2014 3960 2142 4014; x_wconf 89' lang='lat' dir='ltr'><strong>per-</strong></span> 
     </span>
    </p>
   </div>
   <div class='ocr_carea' id='block_1_58' title="bbox 556 4034 2141 4093">
    <p class='ocr_par' dir='ltr' id='par_1_58' title="bbox 556 4034 2141 4093">
     <span class='ocr_line' id='line_1_58' title="bbox 556 4034 2141 4093; baseline 0.001 -3"><span class='ocrx_word' id='word_1_396' title='bbox 556 4051 781 4090; x_wconf 87' lang='lat' dir='ltr'><strong>suasum</strong></span> <span class='ocrx_word' id='word_1_397' title='bbox 850 4036 1045 4091; x_wconf 86' lang='lat' dir='ltr'><strong>habeat</strong></span> <span class='ocrx_word' id='word_1_398' title='bbox 1106 4036 1213 4090; x_wconf 88' lang='lat' dir='ltr'><strong>tale</strong></span> <span class='ocrx_word' id='word_1_399' title='bbox 1287 4050 1349 4090; x_wconf 90' lang='lat' dir='ltr'><strong>se</strong></span> <span class='ocrx_word' id='word_1_400' title='bbox 1423 4034 1627 4091; x_wconf 88' lang='lat' dir='ltr'><strong>bonum</strong></span> <span class='ocrx_word' id='word_1_401' title='bbox 1706 4052 1833 4093; x_wconf 87' lang='lat' dir='ltr'><strong>esse</strong></span> <span class='ocrx_word' id='word_1_402' title='bbox 1913 4053 2141 4093; x_wconf 84' lang='lat' dir='ltr'><strong>assecu-</strong></span> 
     </span>
    </p>
   </div>
   <div class='ocr_carea' id='block_1_59' title="bbox 557 4128 717 4182">
    <p class='ocr_par' dir='ltr' id='par_1_59' title="bbox 557 4128 717 4182">
     <span class='ocr_line' id='line_1_59' title="bbox 557 4128 717 4182; baseline -0.013 0"><span class='ocrx_word' id='word_1_403' title='bbox 557 4137 670 4182; x_wconf 87' lang='lat' dir='ltr'><strong>tum</strong></span> <span class='ocrx_word' id='word_1_404' title='bbox 693 4128 717 4180; x_wconf 64' lang='grc' dir='ltr'><strong><em>Ὺ</em></strong></span> 
     </span>
    </p>
   </div>
   <div class='ocr_carea' id='block_1_60' title="bbox 627 4199 2143 4291">
    <p class='ocr_par' dir='ltr' id='par_1_60' title="bbox 627 4199 2143 4291">
     <span class='ocr_line' id='line_1_60' title="bbox 627 4199 2143 4291; baseline 0.003 -18"><span class='ocrx_word' id='word_1_405' title='bbox 627 4219 782 4289; x_wconf 78' lang='lat' dir='ltr'><strong>Resp.</strong></span> <span class='ocrx_word' id='word_1_406' title='bbox 817 4218 995 4276; x_wconf 83' lang='lat' dir='ltr'><strong>Nemo</strong></span> <span class='ocrx_word' id='word_1_407' title='bbox 1038 4235 1279 4289; x_wconf 89' lang='lat' dir='ltr'><strong>unquam</strong></span> <span class='ocrx_word' id='word_1_408' title='bbox 1324 4199 1729 4291; x_wconf 46' lang='lat' dir='ltr'><strong>comperifctur</strong></span> <span class='ocrx_word' id='word_1_409' title='bbox 1779 4222 2043 4291; x_wconf 63' lang='lat' dir='ltr'><strong>paenitere</strong></span> <span class='ocrx_word' id='word_1_410' title='bbox 2088 4230 2143 4277; x_wconf 88' lang='lat' dir='ltr'><strong>et</strong></span> 
     </span>
    </p>
   </div>
   <div class='ocr_carea' id='block_1_61' title="bbox 556 4310 2142 4384">
    <p class='ocr_par' dir='ltr' id='par_1_61' title="bbox 556 4310 2142 4384">
     <span class='ocr_line' id='line_1_61' title="bbox 556 4310 2142 4384; baseline 0.003 -19"><span class='ocrx_word' id='word_1_411' title='bbox 556 4311 823 4376; x_wconf 86' lang='lat' dir='ltr'><strong>conﬁteri,</strong></span> <span class='ocrx_word' id='word_1_412' title='bbox 860 4310 966 4366; x_wconf 89' lang='lat' dir='ltr'><strong>nisi</strong></span> <span class='ocrx_word' id='word_1_413' title='bbox 1004 4310 1218 4366; x_wconf 88' lang='lat' dir='ltr'><strong>ﬁrmam</strong></span> <span class='ocrx_word' id='word_1_414' title='bbox 1258 4321 1416 4366; x_wconf 88' lang='lat' dir='ltr'><strong>antea</strong></span> <span class='ocrx_word' id='word_1_415' title='bbox 1447 4327 1599 4381; x_wconf 90' lang='lat' dir='ltr'><strong>spem</strong></span> <span class='ocrx_word' id='word_1_416' title='bbox 1641 4312 1887 4378; x_wconf 87' lang='lat' dir='ltr'><strong>haberet,</strong></span> <span class='ocrx_word' id='word_1_417' title='bbox 1916 4314 2064 4384; x_wconf 91' lang='lat' dir='ltr'><strong>quod</strong></span> <span class='ocrx_word' id='word_1_418' title='bbox 2094 4316 2142 4371; x_wconf 87' lang='lat' dir='ltr'><strong>si</strong></span> 
     </span>
    </p>
   </div>
   <div class='ocr_carea' id='block_1_62' title="bbox 556 4403 2138 4476">
    <p class='ocr_par' dir='ltr' id='par_1_62' title="bbox 556 4403 2138 4476">
     <span class='ocr_line' id='line_1_62' title="bbox 556 4403 2138 4476; baseline 0.001 -15"><span class='ocrx_word' id='word_1_419' title='bbox 556 4408 792 4471; x_wconf 85' lang='lat' dir='ltr'><strong>sincere,</strong></span> <span class='ocrx_word' id='word_1_420' title='bbox 842 4404 1089 4475; x_wconf 89' lang='lat' dir='ltr'><strong>inquam,</strong></span> <span class='ocrx_word' id='word_1_421' title='bbox 1140 4403 1406 4460; x_wconf 89' lang='lat' dir='ltr'><strong>conﬁtear</strong></span> <span class='ocrx_word' id='word_1_422' title='bbox 1452 4416 1507 4458; x_wconf 85' lang='lat' dir='ltr'><strong>et</strong></span> <span class='ocrx_word' id='word_1_423' title='bbox 1560 4404 1868 4473; x_wconf 89' lang='lat' dir='ltr'><strong>impositam</strong></span> <span class='ocrx_word' id='word_1_424' title='bbox 1921 4421 2138 4476; x_wconf 78' lang='lat' dir='ltr'><strong>pcenam</strong></span> 
     </span>
    </p>
   </div>
   <div class='ocr_carea' id='block_1_63' title="bbox 2249 1919 3834 1990">
    <p class='ocr_par' dir='ltr' id='par_1_63' title="bbox 2249 1919 3834 1990">
     <span class='ocr_line' id='line_1_63' title="bbox 2249 1919 3834 1990; baseline -0.001 -17"><span class='ocrx_word' id='word_1_425' title='bbox 2249 1919 2415 1985; x_wconf 92' lang='grc' dir='ltr'>λικῶς</span> <span class='ocrx_word' id='word_1_426' title='bbox 2475 1920 2731 1973; x_wconf 87' lang='grc' dir='ltr'>ἐποιείτω</span> <span class='ocrx_word' id='word_1_427' title='bbox 2792 1921 2890 1974; x_wconf 60' lang='grc' dir='ltr'><strong>καὶ¹</strong></span> <span class='ocrx_word' id='word_1_428' title='bbox 2944 1919 3018 1973; x_wconf 89' lang='grc' dir='ltr'><strong>τὰ</strong></span> <span class='ocrx_word' id='word_1_429' title='bbox 3075 1919 3458 1989; x_wconf 81' lang='grc' dir='ltr'>ἐπιτάγματα·</span> <span class='ocrx_word' id='word_1_430' title='bbox 3500 1920 3603 1973; x_wconf 75' lang='grc' dir='ltr'><strong>καὶ</strong></span> <span class='ocrx_word' id='word_1_431' title='bbox 3649 1920 3834 1990; x_wconf 75' lang='grc' dir='ltr'>ἐπεὶή</span> 
     </span>
    </p>
   </div>
   <div class='ocr_carea' id='block_1_64' title="bbox 2248 2010 3831 2081">
    <p class='ocr_par' dir='ltr' id='par_1_64' title="bbox 2248 2010 3831 2081">
     <span class='ocr_line' id='line_1_64' title="bbox 2248 2010 3831 2081; baseline -0.001 -17"><span class='ocrx_word' id='word_1_432' title='bbox 2248 2010 2344 2065; x_wconf 79' lang='grc' dir='ltr'>τοῦ</span> <span class='ocrx_word' id='word_1_433' title='bbox 2406 2011 2643 2081; x_wconf 81' lang='grc' dir='ltr'><strong>Χριστοῦ</strong></span> <span class='ocrx_word' id='word_1_434' title='bbox 2700 2011 3005 2074; x_wconf 81' lang='grc' dir='ltr'>ἀνάστασις</span> <span class='ocrx_word' id='word_1_435' title='bbox 3064 2012 3178 2075; x_wconf 77' lang='grc' dir='ltr'>τοῖς</span> <span class='ocrx_word' id='word_1_436' title='bbox 3215 2010 3430 2074; x_wconf 80' lang='grc' dir='ltr'>πολλοῖς</span> <span class='ocrx_word' id='word_1_437' title='bbox 3493 2012 3783 2081; x_wconf 75' lang='grc' dir='ltr'>ἡπιστεῖτο</span> <span class='ocrx_word' id='word_1_438' title='bbox 3815 2050 3831 2073; x_wconf 87' lang='grc'><strong>,</strong></span> 
     </span>
    </p>
   </div>
   <div class='ocr_carea' id='block_1_65' title="bbox 2248 2103 3831 2176">
    <p class='ocr_par' dir='ltr' id='par_1_65' title="bbox 2248 2103 3831 2176">
     <span class='ocr_line' id='line_1_65' title="bbox 2248 2103 3831 2176; baseline -0.001 -18"><span class='ocrx_word' id='word_1_439' title='bbox 2248 2103 2393 2175; x_wconf 78' lang='grc' dir='ltr'>πρὸς</span> <span class='ocrx_word' id='word_1_440' title='bbox 2444 2104 2822 2176; x_wconf 76' lang='grc' dir='ltr'>πληροφορίαν</span> <span class='ocrx_word' id='word_1_441' title='bbox 2879 2104 3089 2175; x_wconf 77' lang='grc' dir='ltr'>ταύτης</span> <span class='ocrx_word' id='word_1_442' title='bbox 3129 2103 3496 2175; x_wconf 85' lang='grc' dir='ltr'>ἐδογματίσθη</span> <span class='ocrx_word' id='word_1_443' title='bbox 3561 2105 3723 2157; x_wconf 80' lang='grc' dir='ltr'>τουτὶ</span> <span class='ocrx_word' id='word_1_444' title='bbox 3774 2104 3831 2157; x_wconf 75' lang='grc' dir='ltr'>τὸ</span> 
     </span>
    </p>
   </div>
   <div class='ocr_carea' id='block_1_66' title="bbox 2247 2196 3830 2269">
    <p class='ocr_par' dir='ltr' id='par_1_66' title="bbox 2247 2196 3830 2269">
     <span class='ocr_line' id='line_1_66' title="bbox 2247 2196 3830 2269; baseline -0.001 -19"><span class='ocrx_word' id='word_1_445' title='bbox 2247 2197 2444 2267; x_wconf 83' lang='grc' dir='ltr'><strong>δόγμα,</strong></span> <span class='ocrx_word' id='word_1_446' title='bbox 2470 2196 2786 2269; x_wconf 85' lang='grc' dir='ltr'>διαγορεῦον</span> <span class='ocrx_word' id='word_1_447' title='bbox 2824 2196 3029 2250; x_wconf 72' lang='grc' dir='ltr'>ὡσανεὶ</span> <span class='ocrx_word' id='word_1_448' title='bbox 3068 2197 3165 2250; x_wconf 77' lang='grc' dir='ltr'>καὶ</span> <span class='ocrx_word' id='word_1_449' title='bbox 3210 2197 3485 2261; x_wconf 80' lang='grc' dir='ltr'><strong>διδάσκον,</strong></span> <span class='ocrx_word' id='word_1_450' title='bbox 3519 2199 3610 2251; x_wconf 76' lang='grc' dir='ltr'><strong>ὅτι</strong></span> <span class='ocrx_word' id='word_1_451' title='bbox 3643 2196 3830 2269; x_wconf 86' lang='grc' dir='ltr'>ῶσπερ</span> 
     </span>
    </p>
   </div>
   <div class='ocr_carea' id='block_1_67' title="bbox 2245 2286 3829 2361">
    <p class='ocr_par' dir='ltr' id='par_1_67' title="bbox 2245 2286 3829 2361">
     <span class='ocr_line' id='line_1_67' title="bbox 2245 2286 3829 2361; baseline 0.001 -21"><span class='ocrx_word' id='word_1_452' title='bbox 2245 2289 2311 2358; x_wconf 80' lang='grc' dir='ltr'>τῇ</span> <span class='ocrx_word' id='word_1_453' title='bbox 2363 2286 2608 2359; x_wconf 69' lang='grc' dir='ltr'><strong>ἁμαρτίᾳ⁸</strong></span> <span class='ocrx_word' id='word_1_454' title='bbox 2657 2287 3047 2360; x_wconf 88' lang='grc' dir='ltr'>ἐνεκρώθημεν</span> <span class='ocrx_word' id='word_1_455' title='bbox 3083 2288 3340 2352; x_wconf 82' lang='grc' dir='ltr'><strong>πεσόντες</strong></span> <span class='ocrx_word' id='word_1_456' title='bbox 3389 2287 3561 2354; x_wconf 80' lang='grc' dir='ltr'>κάτω,</span> <span class='ocrx_word' id='word_1_457' title='bbox 3618 2290 3712 2343; x_wconf 74' lang='grc' dir='ltr'>καὶ</span> <span class='ocrx_word' id='word_1_458' title='bbox 3754 2288 3829 2361; x_wconf 63' lang='grc' dir='ltr'>μή</span> 
     </span>
    </p>
   </div>
   <div class='ocr_carea' id='block_1_68' title="bbox 2246 2379 3826 2453">
    <p class='ocr_par' dir='ltr' id='par_1_68' title="bbox 2246 2379 3826 2453">
     <span class='ocr_line' id='line_1_68' title="bbox 2246 2379 3826 2453; baseline 0.001 -19"><span class='ocrx_word' id='word_1_459' title='bbox 2246 2379 2536 2450; x_wconf 87' lang='grc' dir='ltr'>δυνάμενοι</span> <span class='ocrx_word' id='word_1_460' title='bbox 2564 2380 2861 2452; x_wconf 84' lang='grc' dir='ltr'>ἀναστῆναι</span> <span class='ocrx_word' id='word_1_461' title='bbox 2892 2381 2969 2452; x_wconf 82' lang='grc' dir='ltr'>μὴ</span> <span class='ocrx_word' id='word_1_462' title='bbox 2997 2382 3325 2452; x_wconf 78' lang='grc' dir='ltr'>φαινομένου</span> <span class='ocrx_word' id='word_1_463' title='bbox 3359 2380 3454 2434; x_wconf 80' lang='grc' dir='ltr'><strong>τοῦ</strong></span> <span class='ocrx_word' id='word_1_464' title='bbox 3486 2383 3826 2453; x_wconf 82' lang='grc' dir='ltr'>ἀναστήσον-</span> 
     </span>
    </p>
   </div>
   <div class='ocr_carea' id='block_1_69' title="bbox 2243 2469 3824 2546">
    <p class='ocr_par' dir='ltr' id='par_1_69' title="bbox 2243 2469 3824 2546">
     <span class='ocr_line' id='line_1_69' title="bbox 2243 2469 3824 2546; baseline 0.002 -20"><span class='ocrx_word' id='word_1_465' title='bbox 2243 2489 2357 2538; x_wconf 82' lang='grc' dir='ltr'>τος,</span> <span class='ocrx_word' id='word_1_466' title='bbox 2387 2471 2562 2537; x_wconf 78' lang='grc' dir='ltr'>οὕτως</span> <span class='ocrx_word' id='word_1_467' title='bbox 2590 2473 2836 2537; x_wconf 78' lang='grc' dir='ltr'>ἐλθόντος</span> <span class='ocrx_word' id='word_1_468' title='bbox 2866 2476 2925 2528; x_wconf 91' lang='grc' dir='ltr'><strong>ἐν</strong></span> <span class='ocrx_word' id='word_1_469' title='bbox 2955 2475 3205 2538; x_wconf 79' lang='grc' dir='ltr'>ὑστάτοις</span> <span class='ocrx_word' id='word_1_470' title='bbox 3252 2476 3465 2546; x_wconf 80' lang='grc' dir='ltr'>καιροῖς</span> <span class='ocrx_word' id='word_1_471' title='bbox 3497 2474 3596 2528; x_wconf 80' lang='grc' dir='ltr'>τοῦ</span> <span class='ocrx_word' id='word_1_472' title='bbox 3631 2469 3677 2544; x_wconf 81' lang='grc' dir='ltr'>ᾧ</span> <span class='ocrx_word' id='word_1_473' title='bbox 3722 2478 3824 2529; x_wconf 87' lang='grc' dir='ltr'><strong>ἁπ-</strong></span> 
     </span>
    </p>
   </div>
   <div class='ocr_carea' id='block_1_70' title="bbox 2244 2565 3825 2639">
    <p class='ocr_par' dir='ltr' id='par_1_70' title="bbox 2244 2565 3825 2639">
     <span class='ocr_line' id='line_1_70' title="bbox 2244 2565 3825 2639; baseline 0.002 -20"><span class='ocrx_word' id='word_1_474' title='bbox 2244 2565 2423 2621; x_wconf 82' lang='grc' dir='ltr'>ἐκειτο</span> <span class='ocrx_word' id='word_1_475' title='bbox 2479 2567 2720 2638; x_wconf 76' lang='grc' dir='ltr'>Χριστοῦ</span> <span class='ocrx_word' id='word_1_476' title='bbox 2769 2567 2865 2621; x_wconf 80' lang='grc' dir='ltr'>τοῦ</span> <span class='ocrx_word' id='word_1_477' title='bbox 2911 2567 3047 2621; x_wconf 82' lang='grc' dir='ltr'><strong>Θεοῦ</strong></span> <span class='ocrx_word' id='word_1_478' title='bbox 3086 2567 3264 2639; x_wconf 78' lang='grc' dir='ltr'>ἡμῶν,</span> <span class='ocrx_word' id='word_1_479' title='bbox 3303 2568 3400 2621; x_wconf 76' lang='grc' dir='ltr'>καὶ</span> <span class='ocrx_word' id='word_1_480' title='bbox 3432 2568 3699 2631; x_wconf 83' lang='grc' dir='ltr'>παθόντος</span> <span class='ocrx_word' id='word_1_481' title='bbox 3730 2570 3825 2622; x_wconf 61' lang='grc' dir='ltr'>ἀνὲ</span> 
     </span>
    </p>
   </div>
   <div class='ocr_carea' id='block_1_71' title="bbox 2244 2658 3819 2732">
    <p class='ocr_par' dir='ltr' id='par_1_71' title="bbox 2244 2658 3819 2732">
     <span class='ocr_line' id='line_1_71' title="bbox 2244 2658 3819 2732; baseline -0.001 -19"><span class='ocrx_word' id='word_1_482' title='bbox 2244 2660 2579 2731; x_wconf 87' lang='grc' dir='ltr'>αμαρτήτως</span> <span class='ocrx_word' id='word_1_483' title='bbox 2617 2660 2706 2713; x_wconf 82' lang='grc' dir='ltr'>διὰ</span> <span class='ocrx_word' id='word_1_484' title='bbox 2738 2660 2839 2724; x_wconf 85' lang='grc' dir='ltr'><strong>τὰς</strong></span> <span class='ocrx_word' id='word_1_485' title='bbox 2870 2658 3143 2731; x_wconf 86' lang='grc' dir='ltr'>ἁμαρτίας</span> <span class='ocrx_word' id='word_1_486' title='bbox 3170 2660 3352 2730; x_wconf 70' lang='grc' dir='ltr'>ἡμῶν,</span> <span class='ocrx_word' id='word_1_487' title='bbox 3391 2661 3558 2732; x_wconf 81' lang='grc' dir='ltr'>ἡμεῖς</span> <span class='ocrx_word' id='word_1_488' title='bbox 3600 2660 3819 2727; x_wconf 82' lang='grc' dir='ltr'><strong>ἀνέστη·</strong></span> 
     </span>
    </p>
   </div>
   <div class='ocr_carea' id='block_1_72' title="bbox 2246 2751 3816 2825">
    <p class='ocr_par' dir='ltr' id='par_1_72' title="bbox 2246 2751 3816 2825">
     <span class='ocr_line' id='line_1_72' title="bbox 2246 2751 3816 2825; baseline -0.001 -19"><span class='ocrx_word' id='word_1_489' title='bbox 2246 2769 2347 2824; x_wconf 88' lang='grc' dir='ltr'><strong>μεν</strong></span> <span class='ocrx_word' id='word_1_490' title='bbox 2366 2769 2382 2785; x_wconf 86' lang='grc'><strong>·</strong></span> <span class='ocrx_word' id='word_1_491' title='bbox 2408 2751 2499 2807; x_wconf 82' lang='grc' dir='ltr'><strong>διὰ</strong></span> <span class='ocrx_word' id='word_1_492' title='bbox 2525 2753 2685 2807; x_wconf 81' lang='grc' dir='ltr'>τοῦτο</span> <span class='ocrx_word' id='word_1_493' title='bbox 2715 2752 2853 2820; x_wconf 82' lang='grc' dir='ltr'>πρὸς</span> <span class='ocrx_word' id='word_1_494' title='bbox 2887 2754 3151 2807; x_wconf 79' lang='grc' dir='ltr'>πίστωσιν</span> <span class='ocrx_word' id='word_1_495' title='bbox 3183 2751 3278 2806; x_wconf 79' lang='grc' dir='ltr'>τοῦ</span> <span class='ocrx_word' id='word_1_496' title='bbox 3320 2754 3628 2825; x_wconf 75' lang='grc' dir='ltr'>μυστηρίου</span> <span class='ocrx_word' id='word_1_497' title='bbox 3666 2752 3816 2823; x_wconf 81' lang='grc' dir='ltr'><strong>ἐτέθη</strong></span> 
     </span>
    </p>
   </div>
   <div class='ocr_carea' id='block_1_73' title="bbox 2242 2840 3817 2917">
    <p class='ocr_par' dir='ltr' id='par_1_73' title="bbox 2242 2840 3817 2917">
     <span class='ocr_line' id='line_1_73' title="bbox 2242 2840 3817 2917; baseline -0.001 -20"><span class='ocrx_word' id='word_1_498' title='bbox 2242 2840 2423 2897; x_wconf 79' lang='grc' dir='ltr'>οὑτοσὶ</span> <span class='ocrx_word' id='word_1_499' title='bbox 2473 2847 2503 2899; x_wconf 86' lang='grc' dir='ltr'>ὁ</span> <span class='ocrx_word' id='word_1_500' title='bbox 2554 2844 2755 2909; x_wconf 88' lang='grc' dir='ltr'>κανὼν,</span> <span class='ocrx_word' id='word_1_501' title='bbox 2790 2845 2885 2898; x_wconf 61' lang='grc' dir='ltr'><strong>καὶ⁵</strong></span> <span class='ocrx_word' id='word_1_502' title='bbox 2913 2846 3205 2917; x_wconf 77' lang='grc' dir='ltr'>ἐκράτησε,</span> <span class='ocrx_word' id='word_1_503' title='bbox 3239 2844 3335 2900; x_wconf 70' lang='grc' dir='ltr'><strong>καὶ</strong></span> <span class='ocrx_word' id='word_1_504' title='bbox 3381 2845 3692 2916; x_wconf 76' lang='grc' dir='ltr'>κρατείτω·</span> <span class='ocrx_word' id='word_1_505' title='bbox 3725 2842 3817 2897; x_wconf 77' lang='grc' dir='ltr'><strong>οὐκ</strong></span> 
     </span>
    </p>
   </div>
   <div class='ocr_carea' id='block_1_74' title="bbox 2241 2936 3819 3009">
    <p class='ocr_par' dir='ltr' id='par_1_74' title="bbox 2241 2936 3819 3009">
     <span class='ocr_line' id='line_1_74' title="bbox 2241 2936 3819 3009; baseline -0.001 -17"><span class='ocrx_word' id='word_1_506' title='bbox 2241 2938 2350 3008; x_wconf 78' lang='grc' dir='ltr'>ἄρα</span> <span class='ocrx_word' id='word_1_507' title='bbox 2407 2937 2465 2991; x_wconf 87' lang='grc' dir='ltr'><strong>δέ</strong></span> <span class='ocrx_word' id='word_1_508' title='bbox 2519 2938 2924 3009; x_wconf 84' lang='grc' dir='ltr'>ἁμαρτάνουσιν</span> <span class='ocrx_word' id='word_1_509' title='bbox 2979 2940 3029 2991; x_wconf 84' lang='grc' dir='ltr'>οί</span> <span class='ocrx_word' id='word_1_510' title='bbox 3100 2938 3327 3009; x_wconf 78' lang='grc' dir='ltr'>μοναχοὶ</span> <span class='ocrx_word' id='word_1_511' title='bbox 3390 2936 3641 3009; x_wconf 80' lang='grc' dir='ltr'>κρυφίως</span> <span class='ocrx_word' id='word_1_512' title='bbox 3698 2938 3819 3005; x_wconf 79' lang='grc' dir='ltr'>γόνυ</span> 
     </span>
    </p>
   </div>
   <div class='ocr_carea' id='block_1_75' title="bbox 2242 3030 3816 3103">
    <p class='ocr_par' dir='ltr' id='par_1_75' title="bbox 2242 3030 3816 3103">
     <span class='ocr_line' id='line_1_75' title="bbox 2242 3030 3816 3103; baseline -0.001 -18"><span class='ocrx_word' id='word_1_513' title='bbox 2242 3030 2516 3095; x_wconf 87' lang='grc' dir='ltr'>κλίνοντες</span> <span class='ocrx_word' id='word_1_514' title='bbox 2572 3031 2629 3085; x_wconf 91' lang='grc' dir='ltr'><strong>ἐν</strong></span> <span class='ocrx_word' id='word_1_515' title='bbox 2684 3030 2911 3094; x_wconf 83' lang='grc' dir='ltr'>ταύταις</span> <span class='ocrx_word' id='word_1_516' title='bbox 2948 3033 3071 3095; x_wconf 85' lang='grc' dir='ltr'>ταῖς</span> <span class='ocrx_word' id='word_1_517' title='bbox 3130 3032 3405 3103; x_wconf 80' lang='grc' dir='ltr'>ἡμέραις·</span> <span class='ocrx_word' id='word_1_518' title='bbox 3454 3031 3816 3100; x_wconf 78' lang='grc' dir='ltr'>κατακρίτους</span> 
     </span>
    </p>
   </div>
   <div class='ocr_carea' id='block_1_76' title="bbox 2240 3121 3817 3194">
    <p class='ocr_par' dir='ltr' id='par_1_76' title="bbox 2240 3121 3817 3194">
     <span class='ocr_line' id='line_1_76' title="bbox 2240 3121 3817 3194; baseline -0.003 -17"><span class='ocrx_word' id='word_1_519' title='bbox 2240 3123 2351 3194; x_wconf 81' lang='grc' dir='ltr'><strong>γὰρ</strong></span> <span class='ocrx_word' id='word_1_520' title='bbox 2397 3123 2622 3186; x_wconf 80' lang='grc' dir='ltr'>ἑαυτοὺς</span> <span class='ocrx_word' id='word_1_521' title='bbox 2664 3124 3014 3194; x_wconf 86' lang='grc' dir='ltr'>ποιήσαντες,</span> <span class='ocrx_word' id='word_1_522' title='bbox 3055 3123 3150 3177; x_wconf 74' lang='grc' dir='ltr'><strong>καὶ</strong></span> <span class='ocrx_word' id='word_1_523' title='bbox 3202 3123 3363 3176; x_wconf 78' lang='grc' dir='ltr'>οἱονεὶ</span> <span class='ocrx_word' id='word_1_524' title='bbox 3416 3121 3685 3186; x_wconf 77' lang='grc' dir='ltr'>ἑκουσίως</span> <span class='ocrx_word' id='word_1_525' title='bbox 3726 3123 3817 3189; x_wconf 52' lang='grc' dir='ltr'><strong>ἐμὲ</strong></span> 
     </span>
    </p>
   </div>
   <div class='ocr_carea' id='block_1_77' title="bbox 2242 3211 3816 3287">
    <p class='ocr_par' dir='ltr' id='par_1_77' title="bbox 2242 3211 3816 3287">
     <span class='ocr_line' id='line_1_77' title="bbox 2242 3211 3816 3287; baseline -0.004 -17"><span class='ocrx_word' id='word_1_526' title='bbox 2242 3214 2775 3287; x_wconf 85' lang='grc' dir='ltr'>πεφυλακισμένους,</span> <span class='ocrx_word' id='word_1_527' title='bbox 2830 3214 3138 3284; x_wconf 78' lang='grc' dir='ltr'>ὀφείλουσιν</span> <span class='ocrx_word' id='word_1_528' title='bbox 3192 3212 3280 3267; x_wconf 75' lang='grc' dir='ltr'><strong>ἀεὶ</strong></span> <span class='ocrx_word' id='word_1_529' title='bbox 3332 3213 3460 3285; x_wconf 77' lang='grc' dir='ltr'><strong>βοᾷν</strong></span> <span class='ocrx_word' id='word_1_530' title='bbox 3526 3212 3665 3282; x_wconf 77' lang='grc' dir='ltr'>πρὸς</span> <span class='ocrx_word' id='word_1_531' title='bbox 3712 3211 3816 3273; x_wconf 61' lang='lat' dir='ltr'><strong>Kai-</strong></span> 
     </span>
    </p>
   </div>
   <div class='ocr_carea' id='block_1_78' title="bbox 2244 3304 3811 3381">
    <p class='ocr_par' dir='ltr' id='par_1_78' title="bbox 2244 3304 3811 3381">
     <span class='ocr_line' id='line_1_78' title="bbox 2244 3304 3811 3381; baseline -0.004 -18"><span class='ocrx_word' id='word_1_532' title='bbox 2244 3327 2380 3381; x_wconf 89' lang='grc' dir='ltr'>ριον,</span> <span class='ocrx_word' id='word_1_533' title='bbox 2409 3308 2504 3363; x_wconf 79' lang='grc' dir='ltr'>καὶ</span> <span class='ocrx_word' id='word_1_534' title='bbox 2532 3306 2785 3379; x_wconf 78' lang='grc' dir='ltr'>ἐκζητεῖν</span> <span class='ocrx_word' id='word_1_535' title='bbox 2808 3305 2899 3360; x_wconf 82' lang='grc' dir='ltr'>διὰ</span> <span class='ocrx_word' id='word_1_536' title='bbox 2926 3304 3309 3369; x_wconf 82' lang='grc' dir='ltr'>ταπεινώσεως</span> <span class='ocrx_word' id='word_1_537' title='bbox 3330 3307 3429 3377; x_wconf 80' lang='grc' dir='ltr'><strong>τὴν</strong></span> <span class='ocrx_word' id='word_1_538' title='bbox 3453 3323 3518 3360; x_wconf 88' lang='grc' dir='ltr'><strong>συ</strong></span> <span class='ocrx_word' id='word_1_539' title='bbox 3528 3307 3811 3377; x_wconf 76' lang='grc' dir='ltr'>μπάθειανο</span> 
     </span>
    </p>
   </div>
   <div class='ocr_carea' id='block_1_79' title="bbox 2242 3398 3812 3471">
    <p class='ocr_par' dir='ltr' id='par_1_79' title="bbox 2242 3398 3812 3471">
     <span class='ocr_line' id='line_1_79' title="bbox 2242 3398 3812 3471; baseline -0.003 -16"><span class='ocrx_word' id='word_1_540' title='bbox 2242 3400 2304 3455; x_wconf 82' lang='grc' dir='ltr'>οὐ</span> <span class='ocrx_word' id='word_1_541' title='bbox 2358 3400 2468 3471; x_wconf 87' lang='grc' dir='ltr'>γάρ</span> <span class='ocrx_word' id='word_1_542' title='bbox 2515 3402 2631 3454; x_wconf 82' lang='grc' dir='ltr'>ἐστι</span> <span class='ocrx_word' id='word_1_543' title='bbox 2668 3399 2890 3471; x_wconf 80' lang='grc' dir='ltr'>μοναχῷ</span> <span class='ocrx_word' id='word_1_544' title='bbox 2934 3400 3027 3453; x_wconf 85' lang='grc' dir='ltr'>ἐπί</span> <span class='ocrx_word' id='word_1_545' title='bbox 3053 3398 3153 3469; x_wconf 80' lang='grc' dir='ltr'>τῆς</span> <span class='ocrx_word' id='word_1_546' title='bbox 3183 3398 3288 3469; x_wconf 80' lang='grc' dir='ltr'><strong>γῆς</strong></span> <span class='ocrx_word' id='word_1_547' title='bbox 3317 3398 3502 3470; x_wconf 77' lang='grc' dir='ltr'>ἑορτὴ,</span> <span class='ocrx_word' id='word_1_548' title='bbox 3553 3399 3691 3453; x_wconf 78' lang='grc' dir='ltr'><strong>κατὰ</strong></span> <span class='ocrx_word' id='word_1_549' title='bbox 3729 3399 3812 3451; x_wconf 67' lang='grc' dir='ltr'><strong>τὸν</strong></span> 
     </span>
    </p>
   </div>
   <div class='ocr_carea' id='block_1_80' title="bbox 2243 3492 2487 3546">
    <p class='ocr_par' dir='ltr' id='par_1_80' title="bbox 2243 3492 2487 3546">
     <span class='ocr_line' id='line_1_80' title="bbox 2243 3492 2487 3546; baseline 0 -1"><span class='ocrx_word' id='word_1_550' title='bbox 2243 3492 2487 3546; x_wconf 74' lang='grc' dir='ltr'><strong>είτὲόντα.</strong></span> 
     </span>
    </p>
   </div>
   <div class='ocr_carea' id='block_1_81' title="bbox 2312 3580 3808 3654">
    <p class='ocr_par' dir='ltr' id='par_1_81' title="bbox 2312 3580 3808 3654">
     <span class='ocr_line' id='line_1_81' title="bbox 2312 3580 3808 3654; baseline -0.003 -14"><span class='ocrx_word' id='word_1_551' title='bbox 2312 3589 2383 3653; x_wconf 84' lang='grc' dir='ltr'><strong>γ’.</strong></span> <span class='ocrx_word' id='word_1_552' title='bbox 2421 3582 2768 3653; x_wconf 57' lang='grc' dir='ltr'>ἘρώτεἝάν</span> <span class='ocrx_word' id='word_1_553' title='bbox 2797 3600 2883 3646; x_wconf 87' lang='grc' dir='ltr'><strong>τις</strong></span> <span class='ocrx_word' id='word_1_554' title='bbox 2912 3582 3127 3654; x_wconf 79' lang='grc' dir='ltr'>ἥμαρτε</span> <span class='ocrx_word' id='word_1_555' title='bbox 3170 3580 3432 3653; x_wconf 76' lang='grc' dir='ltr'>ποσότητι</span> <span class='ocrx_word' id='word_1_556' title='bbox 3463 3586 3525 3636; x_wconf 75' lang='grc' dir='ltr'><strong><em>τὲ</em></strong></span> <span class='ocrx_word' id='word_1_557' title='bbox 3554 3580 3645 3636; x_wconf 75' lang='grc' dir='ltr'><strong>καϊ</strong></span> <span class='ocrx_word' id='word_1_558' title='bbox 3668 3584 3808 3636; x_wconf 77' lang='grc' dir='ltr'>ποιό-</span> 
     </span>
    </p>
   </div>
   <div class='ocr_carea' id='block_1_82' title="bbox 2242 3669 3809 3744">
    <p class='ocr_par' dir='ltr' id='par_1_82' title="bbox 2242 3669 3809 3744">
     <span class='ocr_line' id='line_1_82' title="bbox 2242 3669 3809 3744; baseline 0.001 -20"><span class='ocrx_word' id='word_1_559' title='bbox 2242 3682 2364 3742; x_wconf 83' lang='grc' dir='ltr'>τητι</span> <span class='ocrx_word' id='word_1_560' title='bbox 2394 3671 2496 3725; x_wconf 79' lang='grc' dir='ltr'>οὐκ</span> <span class='ocrx_word' id='word_1_561' title='bbox 2538 3671 2696 3741; x_wconf 87' lang='grc' dir='ltr'>ὀλίγα</span> <span class='ocrx_word' id='word_1_562' title='bbox 2726 3670 2837 3725; x_wconf 89' lang='grc' dir='ltr'><strong>τῶν</strong></span> <span class='ocrx_word' id='word_1_563' title='bbox 2867 3670 3199 3740; x_wconf 85' lang='grc' dir='ltr'>σωματικῶν</span> <span class='ocrx_word' id='word_1_564' title='bbox 3231 3672 3666 3744; x_wconf 84' lang='grc' dir='ltr'>ἁμαρτημάτων,</span> <span class='ocrx_word' id='word_1_565' title='bbox 3698 3669 3809 3725; x_wconf 76' lang='grc' dir='ltr'>εἶτα</span> 
     </span>
    </p>
   </div>
   <div class='ocr_carea' id='block_1_83' title="bbox 2242 3762 3805 3836">
    <p class='ocr_par' dir='ltr' id='par_1_83' title="bbox 2242 3762 3805 3836">
     <span class='ocr_line' id='line_1_83' title="bbox 2242 3762 3805 3836; baseline -0.001 -18"><span class='ocrx_word' id='word_1_566' title='bbox 2242 3764 2699 3836; x_wconf 81' lang='grc' dir='ltr'><strong>ἐξωμολογήσατο</strong></span> <span class='ocrx_word' id='word_1_567' title='bbox 2743 3762 2837 3817; x_wconf 74' lang='grc' dir='ltr'><strong>καὶ</strong></span> <span class='ocrx_word' id='word_1_568' title='bbox 2887 3762 3107 3828; x_wconf 79' lang='grc' dir='ltr'>ἐδέξατο</span> <span class='ocrx_word' id='word_1_569' title='bbox 3160 3765 3509 3835; x_wconf 75' lang='grc' dir='ltr'>προσήκοντα</span> <span class='ocrx_word' id='word_1_570' title='bbox 3555 3766 3805 3835; x_wconf 79' lang='grc' dir='ltr'>φάρμακα</span> 
     </span>
    </p>
   </div>
   <div class='ocr_carea' id='block_1_84' title="bbox 2242 3856 3799 3929">
    <p class='ocr_par' dir='ltr' id='par_1_84' title="bbox 2242 3856 3799 3929">
     <span class='ocr_line' id='line_1_84' title="bbox 2242 3856 3799 3929; baseline -0.002 -18"><span class='ocrx_word' id='word_1_571' title='bbox 2242 3860 2355 3922; x_wconf 86' lang='grc' dir='ltr'>τοῖς</span> <span class='ocrx_word' id='word_1_572' title='bbox 2398 3857 2667 3921; x_wconf 85' lang='grc' dir='ltr'>τοιούτοις</span> <span class='ocrx_word' id='word_1_573' title='bbox 2712 3856 3114 3928; x_wconf 83' lang='grc' dir='ltr'>ἁμαρτήμασι,</span> <span class='ocrx_word' id='word_1_574' title='bbox 3162 3857 3258 3911; x_wconf 71' lang='grc' dir='ltr'>καὶ</span> <span class='ocrx_word' id='word_1_575' title='bbox 3307 3858 3593 3929; x_wconf 82' lang='grc' dir='ltr'>είργάσατο</span> <span class='ocrx_word' id='word_1_576' title='bbox 3648 3856 3799 3920; x_wconf 75' lang='grc' dir='ltr'>αὑτά,</span> 
     </span>
    </p>
   </div>
   <div class='ocr_carea' id='block_1_85' title="bbox 2243 3949 3799 4023">
    <p class='ocr_par' dir='ltr' id='par_1_85' title="bbox 2243 3949 3799 4023">
     <span class='ocr_line' id='line_1_85' title="bbox 2243 3949 3799 4023; baseline -0.001 -19"><span class='ocrx_word' id='word_1_577' title='bbox 2243 3951 2411 4006; x_wconf 88' lang='grc' dir='ltr'>πόθεν</span> <span class='ocrx_word' id='word_1_578' title='bbox 2451 3950 2569 4022; x_wconf 74' lang='grc' dir='ltr'>ἔχει</span> <span class='ocrx_word' id='word_1_579' title='bbox 2611 3950 2817 4019; x_wconf 89' lang='grc' dir='ltr'>γνῶναι</span> <span class='ocrx_word' id='word_1_580' title='bbox 2845 3950 2895 4003; x_wconf 82' lang='grc' dir='ltr'><strong>ει</strong></span> <span class='ocrx_word' id='word_1_581' title='bbox 2924 3949 3102 4005; x_wconf 76' lang='grc' dir='ltr'>ταῦτα</span> <span class='ocrx_word' id='word_1_582' title='bbox 3129 3950 3198 4005; x_wconf 81' lang='grc' dir='ltr'>τὰ</span> <span class='ocrx_word' id='word_1_583' title='bbox 3227 3951 3597 4023; x_wconf 78' lang='grc' dir='ltr'>προρρηθέντα</span> <span class='ocrx_word' id='word_1_584' title='bbox 3626 3952 3799 4020; x_wconf 80' lang='grc' dir='ltr'>ἀμαρ-</span> 
     </span>
    </p>
   </div>
   <div class='ocr_carea' id='block_1_86' title="bbox 2241 4039 3794 4113">
    <p class='ocr_par' dir='ltr' id='par_1_86' title="bbox 2241 4039 3794 4113">
     <span class='ocr_line' id='line_1_86' title="bbox 2241 4039 3794 4113; baseline 0.002 -19"><span class='ocrx_word' id='word_1_585' title='bbox 2241 4041 2464 4112; x_wconf 85' lang='grc' dir='ltr'>τήματα</span> <span class='ocrx_word' id='word_1_586' title='bbox 2511 4040 2666 4113; x_wconf 82' lang='grc' dir='ltr'>αὐτῷ</span> <span class='ocrx_word' id='word_1_587' title='bbox 2711 4039 3017 4112; x_wconf 81' lang='grc' dir='ltr'>ἀφέθησαν,</span> <span class='ocrx_word' id='word_1_588' title='bbox 3070 4040 3213 4095; x_wconf 84' lang='grc' dir='ltr'>ὥστε</span> <span class='ocrx_word' id='word_1_589' title='bbox 3262 4042 3625 4113; x_wconf 76' lang='grc' dir='ltr'>πληροφορίαν</span> <span class='ocrx_word' id='word_1_590' title='bbox 3656 4045 3794 4112; x_wconf 75' lang='grc' dir='ltr'>σχεῖν</span> 
     </span>
    </p>
   </div>
   <div class='ocr_carea' id='block_1_87' title="bbox 2240 4131 3468 4205">
    <p class='ocr_par' dir='ltr' id='par_1_87' title="bbox 2240 4131 3468 4205">
     <span class='ocr_line' id='line_1_87' title="bbox 2240 4131 3468 4205; baseline 0.002 -19"><span class='ocrx_word' id='word_1_591' title='bbox 2240 4133 2319 4205; x_wconf 81' lang='grc' dir='ltr'>τῷ</span> <span class='ocrx_word' id='word_1_592' title='bbox 2345 4131 2597 4205; x_wconf 83' lang='grc' dir='ltr'>λογισμῷ</span> <span class='ocrx_word' id='word_1_593' title='bbox 2623 4132 2755 4203; x_wconf 72' lang='grc' dir='ltr'>περὶ</span> <span class='ocrx_word' id='word_1_594' title='bbox 2780 4131 2892 4187; x_wconf 88' lang='grc' dir='ltr'><strong>τῶν</strong></span> <span class='ocrx_word' id='word_1_595' title='bbox 2921 4131 3185 4185; x_wconf 88' lang='grc' dir='ltr'>τοιούτων</span> <span class='ocrx_word' id='word_1_596' title='bbox 3213 4134 3468 4202; x_wconf 87' lang='grc' dir='ltr'>ἁγαθῶν;</span> 
     </span>
    </p>
   </div>
   <div class='ocr_carea' id='block_1_88' title="bbox 2325 4221 3788 4295">
    <p class='ocr_par' dir='ltr' id='par_1_88' title="bbox 2325 4221 3788 4295">
     <span class='ocr_line' id='line_1_88' title="bbox 2325 4221 3788 4295; baseline -0.001 -18"><span class='ocrx_word' id='word_1_597' title='bbox 2325 4224 2529 4279; x_wconf 80' lang='grc' dir='ltr'>Ἀπόκ.</span> <span class='ocrx_word' id='word_1_598' title='bbox 2580 4221 2849 4278; x_wconf 81' lang='grc' dir='ltr'>Οὐδέποτέ</span> <span class='ocrx_word' id='word_1_599' title='bbox 2900 4238 2987 4285; x_wconf 90' lang='grc' dir='ltr'><strong>τις</strong></span> <span class='ocrx_word' id='word_1_600' title='bbox 3029 4223 3345 4294; x_wconf 77' lang='grc' dir='ltr'>εὑρίσκεται</span> <span class='ocrx_word' id='word_1_601' title='bbox 3397 4225 3661 4295; x_wconf 80' lang='grc' dir='ltr'>μετανοῶν</span> <span class='ocrx_word' id='word_1_602' title='bbox 3704 4223 3788 4276; x_wconf 83' lang='grc' dir='ltr'>καὶ</span> 
     </span>
    </p>
   </div>
   <div class='ocr_carea' id='block_1_89' title="bbox 2242 4315 3785 4388">
    <p class='ocr_par' dir='ltr' id='par_1_89' title="bbox 2242 4315 3785 4388">
     <span class='ocr_line' id='line_1_89' title="bbox 2242 4315 3785 4388; baseline -0.001 -17"><span class='ocrx_word' id='word_1_603' title='bbox 2242 4316 2761 4387; x_wconf 82' lang='grc' dir='ltr'>ἐξομολογούμενος,</span> <span class='ocrx_word' id='word_1_604' title='bbox 2791 4316 2841 4368; x_wconf 88' lang='grc' dir='ltr'>εί</span> <span class='ocrx_word' id='word_1_605' title='bbox 2874 4316 2949 4386; x_wconf 86' lang='grc' dir='ltr'>μὴ</span> <span class='ocrx_word' id='word_1_606' title='bbox 2974 4315 3190 4386; x_wconf 90' lang='grc' dir='ltr'>πρῶτον</span> <span class='ocrx_word' id='word_1_607' title='bbox 3217 4316 3445 4387; x_wconf 78' lang='grc' dir='ltr'>βεϐαίαν</span> <span class='ocrx_word' id='word_1_608' title='bbox 3470 4320 3564 4388; x_wconf 81' lang='grc' dir='ltr'><strong>σχῇ</strong></span> <span class='ocrx_word' id='word_1_609' title='bbox 3592 4315 3785 4377; x_wconf 79' lang='grc' dir='ltr'>ἐλπίδα,</span> 
     </span>
    </p>
   </div>
   <div class='ocr_carea' id='block_1_90' title="bbox 2241 4404 3781 4478">
    <p class='ocr_par' dir='ltr' id='par_1_90' title="bbox 2241 4404 3781 4478">
     <span class='ocr_line' id='line_1_90' title="bbox 2241 4404 3781 4478; baseline -0.003 -16"><span class='ocrx_word' id='word_1_610' title='bbox 2241 4407 2324 4462; x_wconf 84' lang='grc' dir='ltr'><strong>ὅτι</strong></span> <span class='ocrx_word' id='word_1_611' title='bbox 2349 4407 2477 4461; x_wconf 84' lang='grc' dir='ltr'>Ἐάν</span> <span class='ocrx_word' id='word_1_612' title='bbox 2514 4407 3000 4478; x_wconf 82' lang='grc' dir='ltr'>ἐξομολογήσωμαι</span> <span class='ocrx_word' id='word_1_613' title='bbox 3032 4406 3307 4478; x_wconf 85' lang='grc' dir='ltr'>καθαρῶς,</span> <span class='ocrx_word' id='word_1_614' title='bbox 3330 4407 3426 4461; x_wconf 72' lang='grc' dir='ltr'><strong>καὶ</strong></span> <span class='ocrx_word' id='word_1_615' title='bbox 3446 4406 3696 4470; x_wconf 79' lang='grc' dir='ltr'>καταδέξω</span> <span class='ocrx_word' id='word_1_616' title='bbox 3724 4404 3781 4457; x_wconf 75' lang='grc' dir='ltr'><strong>τά</strong></span> 
     </span>
    </p>
   </div>
   <div class='ocr_carea' id='block_1_91' title="bbox 556 4495 2163 4571">
    <p class='ocr_par' dir='ltr' id='par_1_91' title="bbox 556 4495 2163 4571">
     <span class='ocr_line' id='line_1_91' title="bbox 556 4495 2163 4571; baseline 0.001 -18"><span class='ocrx_word' id='word_1_617' title='bbox 556 4498 857 4560; x_wconf 87' lang='lat' dir='ltr'><strong>admittam,</strong></span> <span class='ocrx_word' id='word_1_618' title='bbox 904 4512 1131 4566; x_wconf 77' lang='lat' dir='ltr'><strong>prorsus</strong></span> <span class='ocrx_word' id='word_1_619' title='bbox 1165 4495 1300 4550; x_wconf 89' lang='lat' dir='ltr'><strong>mihi</strong></span> <span class='ocrx_word' id='word_1_620' title='bbox 1353 4496 1609 4551; x_wconf 90' lang='lat' dir='ltr'><strong>remissio</strong></span> <span class='ocrx_word' id='word_1_621' title='bbox 1638 4496 1749 4552; x_wconf 88' lang='lat' dir='ltr'><strong>ﬁet.</strong></span> <span class='ocrx_word' id='word_1_622' title='bbox 1793 4496 1931 4564; x_wconf 85' lang='lat' dir='ltr'><strong>Quia</strong></span> <span class='ocrx_word' id='word_1_623' title='bbox 1965 4500 2163 4571; x_wconf 45' lang='lat' dir='ltr'><strong>igitur.</strong></span> 
     </span>
    </p>
   </div>
   <div class='ocr_carea' id='block_1_92' title="bbox 2244 4495 3778 4571">
    <p class='ocr_par' dir='ltr' id='par_1_92' title="bbox 2244 4496 3778 4571">
     <span class='ocr_line' id='line_1_92' title="bbox 2244 4496 3778 4571; baseline -0.005 -16"><span class='ocrx_word' id='word_1_624' title='bbox 2244 4498 2513 4571; x_wconf 77' lang='grc' dir='ltr'>ἐπιτίμια,</span> <span class='ocrx_word' id='word_1_625' title='bbox 2542 4502 2607 4553; x_wconf 85' lang='grc' dir='ltr'>ἐκ</span> <span class='ocrx_word' id='word_1_626' title='bbox 2636 4499 2839 4564; x_wconf 82' lang='grc' dir='ltr'>παντὸς</span> <span class='ocrx_word' id='word_1_627' title='bbox 2866 4500 3161 4571; x_wconf 83' lang='grc' dir='ltr'>γενήσεταί</span> <span class='ocrx_word' id='word_1_628' title='bbox 3208 4517 3300 4571; x_wconf 92' lang='grc' dir='ltr'><strong>μοι</strong></span> <span class='ocrx_word' id='word_1_629' title='bbox 3342 4500 3533 4569; x_wconf 79' lang='grc' dir='ltr'>ἄφεσις</span> <span class='ocrx_word' id='word_1_630' title='bbox 3553 4514 3564 4528; x_wconf 70' lang='grc'><strong><em>⁸</em></strong></span> <span class='ocrx_word' id='word_1_631' title='bbox 3593 4498 3696 4550; x_wconf 78' lang='grc' dir='ltr'>ἐπεὶ</span> <span class='ocrx_word' id='word_1_632' title='bbox 3728 4496 3778 4571; x_wconf 77' lang='grc' dir='ltr'>δὲ</span> 
     </span>
    </p>
   </div>
   <div class='ocr_carea' id='block_1_93' title="bbox 556 4587 2133 4657">
    <p class='ocr_par' dir='ltr' id='par_1_93' title="bbox 556 4587 2133 4657">
     <span class='ocr_line' id='line_1_93' title="bbox 556 4587 2133 4657; baseline 0.001 -11"><span class='ocrx_word' id='word_1_633' title='bbox 556 4592 809 4647; x_wconf 91' lang='lat' dir='ltr'><strong>homines</strong></span> <span class='ocrx_word' id='word_1_634' title='bbox 838 4590 1240 4645; x_wconf 87' lang='lat' dir='ltr'><strong>multitudinem</strong></span> <span class='ocrx_word' id='word_1_635' title='bbox 1289 4587 1576 4657; x_wconf 89' lang='lat' dir='ltr'><strong>culparum</strong></span> <span class='ocrx_word' id='word_1_636' title='bbox 1610 4596 1922 4645; x_wconf 85' lang='lat' dir='ltr'><strong>nostrarum</strong></span> <span class='ocrx_word' id='word_1_637' title='bbox 1951 4592 2133 4649; x_wconf 85' lang='lat' dir='ltr'><strong>consi-</strong></span> 
     </span>
    </p>
   </div>
   <div class='ocr_carea' id='block_1_94' title="bbox 555 4680 2134 4753">
    <p class='ocr_par' dir='ltr' id='par_1_94' title="bbox 555 4680 2134 4753">
     <span class='ocr_line' id='line_1_94' title="bbox 555 4680 2134 4753; baseline 0.001 -14"><span class='ocrx_word' id='word_1_638' title='bbox 555 4685 833 4750; x_wconf 82' lang='lat' dir='ltr'><strong>deramus,</strong></span> <span class='ocrx_word' id='word_1_639' title='bbox 888 4682 1117 4753; x_wconf 82' lang='lat' dir='ltr'><strong>ideoque</strong></span> <span class='ocrx_word' id='word_1_640' title='bbox 1150 4682 1219 4737; x_wconf 90' lang='lat' dir='ltr'><strong>de</strong></span> <span class='ocrx_word' id='word_1_641' title='bbox 1262 4682 1434 4736; x_wconf 88' lang='lat' dir='ltr'><strong>multa</strong></span> <span class='ocrx_word' id='word_1_642' title='bbox 1463 4696 1593 4752; x_wconf 86' lang='lat' dir='ltr'><strong>erga</strong></span> <span class='ocrx_word' id='word_1_643' title='bbox 1632 4696 1736 4737; x_wconf 89' lang='lat' dir='ltr'><strong>nos</strong></span> <span class='ocrx_word' id='word_1_644' title='bbox 1781 4680 1875 4738; x_wconf 89' lang='lat' dir='ltr'><strong>Dei</strong></span> <span class='ocrx_word' id='word_1_645' title='bbox 1914 4685 2134 4740; x_wconf 81' lang='lat' dir='ltr'><strong>miseri-</strong></span> 
     </span>
    </p>
   </div>
   <div class='ocr_carea' id='block_1_95' title="bbox 555 4772 2134 4845">
    <p class='ocr_par' dir='ltr' id='par_1_95' title="bbox 555 4772 2134 4845">
     <span class='ocr_line' id='line_1_95' title="bbox 555 4772 2134 4845; baseline 0.002 -15"><span class='ocrx_word' id='word_1_646' title='bbox 555 4776 740 4831; x_wconf 85' lang='lat' dir='ltr'><strong>cordia</strong></span> <span class='ocrx_word' id='word_1_647' title='bbox 802 4775 957 4845; x_wconf 87' lang='lat' dir='ltr'><strong>quasi</strong></span> <span class='ocrx_word' id='word_1_648' title='bbox 995 4775 1331 4839; x_wconf 85' lang='lat' dir='ltr'><strong>dubitamus,</strong></span> <span class='ocrx_word' id='word_1_649' title='bbox 1385 4772 1591 4828; x_wconf 89' lang='lat' dir='ltr'><strong>idcirco</strong></span> <span class='ocrx_word' id='word_1_650' title='bbox 1640 4774 1707 4828; x_wconf 88' lang='lat' dir='ltr'><strong>ad</strong></span> <span class='ocrx_word' id='word_1_651' title='bbox 1765 4774 2134 4833; x_wconf 81' lang='lat' dir='ltr'><strong>confessarios</strong></span> 
     </span>
    </p>
   </div>
   <div class='ocr_carea' id='block_1_96' title="bbox 553 4866 2136 4941">
    <p class='ocr_par' dir='ltr' id='par_1_96' title="bbox 553 4866 2136 4941">
     <span class='ocr_line' id='line_1_96' title="bbox 553 4866 2136 4941; baseline 0.001 -19"><span class='ocrx_word' id='word_1_652' title='bbox 553 4878 773 4923; x_wconf 87' lang='lat' dir='ltr'><strong>nostros</strong></span> <span class='ocrx_word' id='word_1_653' title='bbox 810 4868 1178 4937; x_wconf 78' lang='lat' dir='ltr'><strong>confugimus,</strong></span> <span class='ocrx_word' id='word_1_654' title='bbox 1226 4866 1562 4935; x_wconf 81' lang='lat' dir='ltr'><strong>postulantes</strong></span> <span class='ocrx_word' id='word_1_655' title='bbox 1591 4866 1804 4935; x_wconf 89' lang='lat' dir='ltr'><strong>plenam</strong></span> <span class='ocrx_word' id='word_1_656' title='bbox 1842 4883 1940 4938; x_wconf 91' lang='lat' dir='ltr'><strong>per</strong></span> <span class='ocrx_word' id='word_1_657' title='bbox 1982 4871 2136 4941; x_wconf 79' lang='lat' dir='ltr'><strong>ipso-</strong></span> 
     </span>
    </p>
   </div>
   <div class='ocr_carea' id='block_1_97' title="bbox 552 4960 2138 5034">
    <p class='ocr_par' dir='ltr' id='par_1_97' title="bbox 552 4960 2138 5034">
     <span class='ocr_line' id='line_1_97' title="bbox 552 4960 2138 5034; baseline 0.003 -19"><span class='ocrx_word' id='word_1_658' title='bbox 552 4977 677 5015; x_wconf 88' lang='lat' dir='ltr'><strong>rum</strong></span> <span class='ocrx_word' id='word_1_659' title='bbox 726 4974 923 5013; x_wconf 85' lang='lat' dir='ltr'><strong>manus</strong></span> <span class='ocrx_word' id='word_1_660' title='bbox 969 4960 1374 5027; x_wconf 89' lang='lat' dir='ltr'><strong>impositionem</strong></span> <span class='ocrx_word' id='word_1_661' title='bbox 1432 4961 1840 5029; x_wconf 84' lang='lat' dir='ltr'><strong>remissionem,</strong></span> <span class='ocrx_word' id='word_1_662' title='bbox 1885 4964 1980 5032; x_wconf 91' lang='lat' dir='ltr'><strong>qui</strong></span> <span class='ocrx_word' id='word_1_663' title='bbox 2016 4979 2138 5034; x_wconf 88' lang='lat' dir='ltr'><strong>per-</strong></span> 
     </span>
    </p>
   </div>
   <div class='ocr_carea' id='block_1_98' title="bbox 554 5050 2138 5124">
    <p class='ocr_par' dir='ltr' id='par_1_98' title="bbox 554 5050 2138 5124">
     <span class='ocr_line' id='line_1_98' title="bbox 554 5050 2138 5124; baseline 0.003 -17"><span class='ocrx_word' id='word_1_664' title='bbox 554 5068 745 5107; x_wconf 85' lang='lat' dir='ltr'><strong>sonam</strong></span> <span class='ocrx_word' id='word_1_665' title='bbox 799 5050 1035 5107; x_wconf 90' lang='lat' dir='ltr'><strong>tollentis</strong></span> <span class='ocrx_word' id='word_1_666' title='bbox 1086 5059 1309 5122; x_wconf 89' lang='lat' dir='ltr'><strong>peccata</strong></span> <span class='ocrx_word' id='word_1_667' title='bbox 1355 5063 1541 5109; x_wconf 87' lang='lat' dir='ltr'><strong>nostra</strong></span> <span class='ocrx_word' id='word_1_668' title='bbox 1593 5065 1987 5124; x_wconf 65' lang='lat' dir='ltr'><strong>repraesentare</strong></span> <span class='ocrx_word' id='word_1_669' title='bbox 2015 5071 2138 5112; x_wconf 83' lang='lat' dir='ltr'><strong>cre-</strong></span> 
     </span>
    </p>
   </div>
   <div class='ocr_carea' id='block_1_99' title="bbox 482 5147 780 5201">
    <p class='ocr_par' dir='ltr' id='par_1_99' title="bbox 482 5147 780 5201">
     <span class='ocr_line' id='line_1_99' title="bbox 482 5147 780 5201; baseline 0 0"><span class='ocrx_word' id='word_1_670' title='bbox 482 5194 485 5195; x_wconf 38' lang='grc' dir='ltr'>ν</span> <span class='ocrx_word' id='word_1_671' title='bbox 552 5147 780 5201; x_wconf 84' lang='lat' dir='ltr'><strong>duntur.</strong></span> 
     </span>
    </p>
   </div>
   <div class='ocr_carea' id='block_1_100' title="bbox 623 5323 2139 5394">
    <p class='ocr_par' dir='ltr' id='par_1_100' title="bbox 623 5323 2139 5394">
     <span class='ocr_line' id='line_1_100' title="bbox 623 5323 2139 5394; baseline -0.001 -15"><span class='ocrx_word' id='word_1_672' title='bbox 623 5326 677 5379; x_wconf 72' lang='grc'><strong>4.</strong></span> <span class='ocrx_word' id='word_1_673' title='bbox 718 5324 829 5379; x_wconf 85' lang='grc' dir='ltr'><strong>Ιηι.</strong></span> <span class='ocrx_word' id='word_1_674' title='bbox 864 5324 923 5379; x_wconf 89' lang='lat' dir='ltr'><strong>Si</strong></span> <span class='ocrx_word' id='word_1_675' title='bbox 954 5324 1078 5394; x_wconf 88' lang='lat' dir='ltr'><strong>quis</strong></span> <span class='ocrx_word' id='word_1_676' title='bbox 1130 5324 1437 5394; x_wconf 80' lang='lat' dir='ltr'><strong>peccaverit</strong></span> <span class='ocrx_word' id='word_1_677' title='bbox 1487 5323 1571 5379; x_wconf 90' lang='lat' dir='ltr'><strong>vel</strong></span> <span class='ocrx_word' id='word_1_678' title='bbox 1627 5337 1884 5379; x_wconf 87' lang='lat' dir='ltr'><strong>sermone</strong></span> <span class='ocrx_word' id='word_1_679' title='bbox 1936 5323 2139 5391; x_wconf 87' lang='lat' dir='ltr'><strong>otioso,</strong></span> 
     </span>
    </p>
   </div>
   <div class='ocr_carea' id='block_1_101' title="bbox 553 5415 2137 5488">
    <p class='ocr_par' dir='ltr' id='par_1_101' title="bbox 553 5415 2137 5488">
     <span class='ocr_line' id='line_1_101' title="bbox 553 5415 2137 5488; baseline -0.001 -14"><span class='ocrx_word' id='word_1_680' title='bbox 553 5420 637 5474; x_wconf 84' lang='lat' dir='ltr'><strong>vel</strong></span> <span class='ocrx_word' id='word_1_681' title='bbox 670 5418 1050 5488; x_wconf 87' lang='lat' dir='ltr'><strong>improbando,</strong></span> <span class='ocrx_word' id='word_1_682' title='bbox 1103 5418 1188 5473; x_wconf 89' lang='lat' dir='ltr'><strong>vel</strong></span> <span class='ocrx_word' id='word_1_683' title='bbox 1217 5417 1629 5487; x_wconf 81' lang='lat' dir='ltr'><strong>interrOgando,</strong></span> <span class='ocrx_word' id='word_1_684' title='bbox 1658 5415 1741 5471; x_wconf 83' lang='lat' dir='ltr'><strong>vel</strong></span> <span class='ocrx_word' id='word_1_685' title='bbox 1773 5416 2137 5488; x_wconf 89' lang='lat' dir='ltr'><strong>stultiloquio,</strong></span> 
     </span>
    </p>
   </div>
   <div class='ocr_carea' id='block_1_102' title="bbox 627 5532 1217 5600">
    <p class='ocr_par' dir='ltr' id='par_1_102' title="bbox 627 5532 1217 5600">
     <span class='ocr_line' id='line_1_102' title="bbox 627 5532 1217 5600; baseline -0.002 -10"><span class='ocrx_word' id='word_1_686' title='bbox 627 5533 744 5565; x_wconf 80' lang='grc'>¹⁰·¹¹</span> <span class='ocrx_word' id='word_1_687' title='bbox 776 5532 914 5590; x_wconf 84' lang='lat' dir='ltr'><strong>Gen.</strong></span> <span class='ocrx_word' id='word_1_688' title='bbox 942 5548 1092 5600; x_wconf 64' lang='grc' dir='ltr'>χιιι,</span> <span class='ocrx_word' id='word_1_689' title='bbox 1128 5532 1217 5589; x_wconf 72' lang='grc'><strong>10.</strong></span> 
     </span>
    </p>
   </div>
   <div class='ocr_carea' id='block_1_103' title="bbox 2240 4587 3773 4664">
    <p class='ocr_par' dir='ltr' id='par_1_103' title="bbox 2240 4587 3773 4664">
     <span class='ocr_line' id='line_1_103' title="bbox 2240 4587 3773 4664; baseline -0.006 -17"><span class='ocrx_word' id='word_1_690' title='bbox 2240 4591 2540 4664; x_wconf 85' lang='grc' dir='ltr'>ἀφορῶμεν</span> <span class='ocrx_word' id='word_1_691' title='bbox 2569 4592 2618 4645; x_wconf 79' lang='grc' dir='ltr'>οἱ</span> <span class='ocrx_word' id='word_1_692' title='bbox 2652 4590 2932 4663; x_wconf 82' lang='grc' dir='ltr'>ἄνθρωποι</span> <span class='ocrx_word' id='word_1_693' title='bbox 2977 4592 3114 4662; x_wconf 73' lang='grc' dir='ltr'>πρὸς</span> <span class='ocrx_word' id='word_1_694' title='bbox 3142 4591 3203 4644; x_wconf 82' lang='grc' dir='ltr'>τὸ</span> <span class='ocrx_word' id='word_1_695' title='bbox 3248 4590 3454 4662; x_wconf 84' lang='grc' dir='ltr'>πλῆθος</span> <span class='ocrx_word' id='word_1_696' title='bbox 3482 4589 3580 4643; x_wconf 86' lang='grc' dir='ltr'><strong>τῶν</strong></span> <span class='ocrx_word' id='word_1_697' title='bbox 3602 4587 3773 4659; x_wconf 77' lang='grc' dir='ltr'>ἡμετέ-</span> 
     </span>
    </p>
   </div>
   <div class='ocr_carea' id='block_1_104' title="bbox 2242 4681 3773 4757">
    <p class='ocr_par' dir='ltr' id='par_1_104' title="bbox 2242 4681 3773 4757">
     <span class='ocr_line' id='line_1_104' title="bbox 2242 4681 3773 4757; baseline -0.005 -19"><span class='ocrx_word' id='word_1_698' title='bbox 2242 4702 2351 4757; x_wconf 90' lang='grc' dir='ltr'><strong>ρων</strong></span> <span class='ocrx_word' id='word_1_699' title='bbox 2388 4684 2771 4754; x_wconf 87' lang='grc' dir='ltr'>πταισμάτων,</span> <span class='ocrx_word' id='word_1_700' title='bbox 2800 4685 2897 4737; x_wconf 78' lang='grc' dir='ltr'>καὶ</span> <span class='ocrx_word' id='word_1_701' title='bbox 2928 4684 3095 4737; x_wconf 76' lang='grc' dir='ltr'>οἱονεὶ</span> <span class='ocrx_word' id='word_1_702' title='bbox 3118 4684 3178 4736; x_wconf 85' lang='grc' dir='ltr'><strong>ἐν</strong></span> <span class='ocrx_word' id='word_1_703' title='bbox 3212 4682 3499 4753; x_wconf 83' lang='grc' dir='ltr'>δισταγμῷ</span> <span class='ocrx_word' id='word_1_704' title='bbox 3523 4700 3621 4735; x_wconf 86' lang='grc' dir='ltr'>τινι</span> <span class='ocrx_word' id='word_1_705' title='bbox 3646 4681 3773 4749; x_wconf 79' lang='grc' dir='ltr'>εὑρι-</span> 
     </span>
    </p>
   </div>
   <div class='ocr_carea' id='block_1_105' title="bbox 2242 4770 3775 4847">
    <p class='ocr_par' dir='ltr' id='par_1_105' title="bbox 2242 4770 3775 4847">
     <span class='ocr_line' id='line_1_105' title="bbox 2242 4770 3775 4847; baseline -0.004 -18"><span class='ocrx_word' id='word_1_706' title='bbox 2242 4775 2487 4847; x_wconf 87' lang='grc' dir='ltr'>σκόμεθα</span> <span class='ocrx_word' id='word_1_707' title='bbox 2515 4776 2615 4847; x_wconf 81' lang='grc' dir='ltr'>τῆς</span> <span class='ocrx_word' id='word_1_708' title='bbox 2646 4774 2851 4845; x_wconf 82' lang='grc' dir='ltr'>πολλῆς</span> <span class='ocrx_word' id='word_1_709' title='bbox 2888 4776 3018 4846; x_wconf 74' lang='grc' dir='ltr'>περὶ</span> <span class='ocrx_word' id='word_1_710' title='bbox 3049 4775 3198 4846; x_wconf 80' lang='grc' dir='ltr'>ἡμᾶς</span> <span class='ocrx_word' id='word_1_711' title='bbox 3219 4772 3315 4828; x_wconf 80' lang='grc' dir='ltr'>τοῦ</span> <span class='ocrx_word' id='word_1_712' title='bbox 3349 4773 3484 4827; x_wconf 75' lang='grc' dir='ltr'><strong>Θεοῦ</strong></span> <span class='ocrx_word' id='word_1_713' title='bbox 3514 4770 3775 4843; x_wconf 80' lang='grc' dir='ltr'>φιλανθρω-</span> 
     </span>
    </p>
   </div>
   <div class='ocr_carea' id='block_1_106' title="bbox 2242 4862 3769 4937">
    <p class='ocr_par' dir='ltr' id='par_1_106' title="bbox 2242 4862 3769 4937">
     <span class='ocr_line' id='line_1_106' title="bbox 2242 4862 3769 4937; baseline -0.003 -17"><span class='ocrx_word' id='word_1_714' title='bbox 2242 4868 2414 4932; x_wconf 86' lang='grc' dir='ltr'>πίας,</span> <span class='ocrx_word' id='word_1_715' title='bbox 2460 4866 2552 4921; x_wconf 81' lang='grc' dir='ltr'>διὰ</span> <span class='ocrx_word' id='word_1_716' title='bbox 2596 4866 2754 4920; x_wconf 80' lang='grc' dir='ltr'>τοῦτο</span> <span class='ocrx_word' id='word_1_717' title='bbox 2787 4866 3217 4937; x_wconf 83' lang='grc' dir='ltr'>καταφεύγομεν</span> <span class='ocrx_word' id='word_1_718' title='bbox 3261 4866 3401 4937; x_wconf 78' lang='grc' dir='ltr'>πρὸς</span> <span class='ocrx_word' id='word_1_719' title='bbox 3446 4867 3566 4928; x_wconf 81' lang='grc' dir='ltr'>τοὺς</span> <span class='ocrx_word' id='word_1_720' title='bbox 3609 4862 3769 4916; x_wconf 81' lang='grc' dir='ltr'>ἀναδό-</span> 
     </span>
    </p>
   </div>
   <div class='ocr_carea' id='block_1_107' title="bbox 2241 4954 3773 5032">
    <p class='ocr_par' dir='ltr' id='par_1_107' title="bbox 2241 4954 3773 5032">
     <span class='ocr_line' id='line_1_107' title="bbox 2241 4954 3773 5032; baseline -0.008 -14"><span class='ocrx_word' id='word_1_721' title='bbox 2241 4977 2368 5031; x_wconf 81' lang='grc' dir='ltr'>χους</span> <span class='ocrx_word' id='word_1_722' title='bbox 2398 4960 2475 5032; x_wconf 81' lang='grc'><strong>(5)</strong></span> <span class='ocrx_word' id='word_1_723' title='bbox 2503 4959 2684 5031; x_wconf 79' lang='grc' dir='ltr'>ἡμῶν,</span> <span class='ocrx_word' id='word_1_724' title='bbox 2719 4959 3089 5027; x_wconf 80' lang='grc' dir='ltr'>ἐξαιτούμενοι</span> <span class='ocrx_word' id='word_1_725' title='bbox 3126 4959 3229 5031; x_wconf 82' lang='grc' dir='ltr'><strong>τὴν</strong></span> <span class='ocrx_word' id='word_1_726' title='bbox 3259 4958 3474 5013; x_wconf 88' lang='grc' dir='ltr'>τελείαν</span> <span class='ocrx_word' id='word_1_727' title='bbox 3502 4958 3679 5026; x_wconf 74' lang='grc' dir='ltr'>ἄφεσιν</span> <span class='ocrx_word' id='word_1_728' title='bbox 3701 4954 3773 5006; x_wconf 63' lang='grc' dir='ltr'>διὰ</span> 
     </span>
    </p>
   </div>
   <div class='ocr_carea' id='block_1_108' title="bbox 2238 5046 3773 5123">
    <p class='ocr_par' dir='ltr' id='par_1_108' title="bbox 2238 5046 3773 5123">
     <span class='ocr_line' id='line_1_108' title="bbox 2238 5046 3773 5123; baseline -0.007 -17"><span class='ocrx_word' id='word_1_729' title='bbox 2238 5052 2340 5123; x_wconf 84' lang='grc' dir='ltr'>τῆς</span> <span class='ocrx_word' id='word_1_730' title='bbox 2390 5051 2694 5115; x_wconf 86' lang='grc' dir='ltr'>ἐπιθέσεως</span> <span class='ocrx_word' id='word_1_731' title='bbox 2734 5051 2844 5105; x_wconf 93' lang='grc' dir='ltr'><strong>τῶν</strong></span> <span class='ocrx_word' id='word_1_732' title='bbox 2890 5051 3092 5123; x_wconf 83' lang='grc' dir='ltr'>χειρῶν</span> <span class='ocrx_word' id='word_1_733' title='bbox 3136 5051 3339 5117; x_wconf 78' lang='grc' dir='ltr'>αὐτῶν,</span> <span class='ocrx_word' id='word_1_734' title='bbox 3385 5046 3773 5119; x_wconf 82' lang='grc' dir='ltr'>ἀντιπροσώπων</span> 
     </span>
    </p>
   </div>
   <div class='ocr_carea' id='block_1_109' title="bbox 2239 5137 3772 5216">
    <p class='ocr_par' dir='ltr' id='par_1_109' title="bbox 2239 5137 3772 5216">
     <span class='ocr_line' id='line_1_109' title="bbox 2239 5137 3772 5216; baseline 0.001 -17"><span class='ocrx_word' id='word_1_735' title='bbox 2239 5140 2381 5199; x_wconf 78' lang='grc' dir='ltr'>εἶναι</span> <span class='ocrx_word' id='word_1_736' title='bbox 2444 5147 2877 5216; x_wconf 81' lang='grc' dir='ltr'>πεπιστωμένων</span> <span class='ocrx_word' id='word_1_737' title='bbox 2934 5142 3031 5197; x_wconf 83' lang='grc' dir='ltr'>τοῦ</span> <span class='ocrx_word' id='word_1_738' title='bbox 3088 5144 3338 5215; x_wconf 76' lang='grc' dir='ltr'>αἴροντος</span> <span class='ocrx_word' id='word_1_739' title='bbox 3391 5145 3487 5208; x_wconf 72' lang='grc' dir='ltr'><strong>τὰς</strong></span> <span class='ocrx_word' id='word_1_740' title='bbox 3539 5137 3772 5214; x_wconf 75' lang='grc' dir='ltr'>ἁμαρτίας</span> 
     </span>
    </p>
   </div>
   <div class='ocr_carea' id='block_1_110' title="bbox 2241 5235 2419 5306">
    <p class='ocr_par' dir='ltr' id='par_1_110' title="bbox 2241 5235 2419 5306">
     <span class='ocr_line' id='line_1_110' title="bbox 2241 5235 2419 5306; baseline 0.011 -19"><span class='ocrx_word' id='word_1_741' title='bbox 2241 5235 2419 5306; x_wconf 81' lang='grc' dir='ltr'>ἡμῶν.</span> 
     </span>
    </p>
   </div>
   <div class='ocr_carea' id='block_1_111' title="bbox 2309 5315 3766 5398">
    <p class='ocr_par' dir='ltr' id='par_1_111' title="bbox 2309 5315 3766 5398">
     <span class='ocr_line' id='line_1_111' title="bbox 2309 5315 3766 5398; baseline -0.001 -17"><span class='ocrx_word' id='word_1_742' title='bbox 2309 5327 2371 5382; x_wconf 88' lang='grc' dir='ltr'><strong>δ’.</strong></span> <span class='ocrx_word' id='word_1_743' title='bbox 2412 5326 2607 5395; x_wconf 83' lang='grc' dir='ltr'>Ἑρώτ.</span> <span class='ocrx_word' id='word_1_744' title='bbox 2644 5328 2771 5383; x_wconf 85' lang='grc' dir='ltr'><strong>Ἐάν</strong></span> <span class='ocrx_word' id='word_1_745' title='bbox 2795 5343 2883 5391; x_wconf 89' lang='grc' dir='ltr'><strong>τις</strong></span> <span class='ocrx_word' id='word_1_746' title='bbox 2909 5325 3197 5398; x_wconf 82' lang='grc' dir='ltr'>προσπέσῃ</span> <span class='ocrx_word' id='word_1_747' title='bbox 3223 5323 3317 5378; x_wconf 81' lang='grc' dir='ltr'>διά</span> <span class='ocrx_word' id='word_1_748' title='bbox 3337 5341 3396 5377; x_wconf 89' lang='grc' dir='ltr'>τε</span> <span class='ocrx_word' id='word_1_749' title='bbox 3421 5324 3576 5393; x_wconf 83' lang='grc' dir='ltr'>λόγου</span> <span class='ocrx_word' id='word_1_750' title='bbox 3602 5315 3766 5391; x_wconf 72' lang='grc' dir='ltr'><strong>ἀργοῦ.</strong></span> 
     </span>
    </p>
   </div>
   <div class='ocr_carea' id='block_1_112' title="bbox 2240 5407 3769 5492">
    <p class='ocr_par' dir='ltr' id='par_1_112' title="bbox 2240 5407 3769 5492">
     <span class='ocr_line' id='line_1_112' title="bbox 2240 5407 3769 5492; baseline -0.005 -18"><span class='ocrx_word' id='word_1_751' title='bbox 2240 5419 2276 5490; x_wconf 81' lang='grc' dir='ltr'>ἢ</span> <span class='ocrx_word' id='word_1_752' title='bbox 2306 5419 2396 5474; x_wconf 78' lang='grc' dir='ltr'>διὰ</span> <span class='ocrx_word' id='word_1_753' title='bbox 2427 5419 2833 5491; x_wconf 78' lang='grc' dir='ltr'>κατακρίσεως,</span> <span class='ocrx_word' id='word_1_754' title='bbox 2865 5420 2901 5492; x_wconf 78' lang='grc' dir='ltr'><strong>ἢ</strong></span> <span class='ocrx_word' id='word_1_755' title='bbox 2933 5417 3297 5489; x_wconf 81' lang='grc' dir='ltr'>ἀνακρίσεως,</span> <span class='ocrx_word' id='word_1_756' title='bbox 3329 5415 3367 5486; x_wconf 70' lang='grc' dir='ltr'><strong>ἢ</strong></span> <span class='ocrx_word' id='word_1_757' title='bbox 3398 5407 3769 5486; x_wconf 69' lang='grc' dir='ltr'>μωρολογίαςοη</span> 
     </span>
    </p>
   </div>
   <div class='ocr_carea' id='block_1_113' title="bbox 2051 5624 2289 5686">
    <p class='ocr_par' dir='ltr' id='par_1_113' title="bbox 2051 5624 2289 5686">
     <span class='ocr_line' id='line_1_113' title="bbox 2051 5624 2289 5686; baseline 0.013 -3"><span class='ocrx_word' id='word_1_758' title='bbox 2051 5624 2289 5686; x_wconf 64' lang='lat' dir='ltr'><strong>NOTAE.</strong></span> 
     </span>
    </p>
   </div>
   <div class='ocr_carea' id='block_1_114' title="bbox 622 5780 3669 5861">
    <p class='ocr_par' dir='ltr' id='par_1_114' title="bbox 622 5780 3669 5861">
     <span class='ocr_line' id='line_1_114' title="bbox 622 5780 3669 5861; baseline -0.001 -21"><span class='ocrx_word' id='word_1_759' title='bbox 622 5782 701 5857; x_wconf 72' lang='lat'><strong>(3)</strong></span> <span class='ocrx_word' id='word_1_760' title='bbox 743 5783 1015 5861; x_wconf 71' lang='grc' dir='ltr'><strong>Ἄνάδοχοι</strong></span> <span class='ocrx_word' id='word_1_761' title='bbox 1048 5784 1209 5855; x_wconf 81' lang='lat' dir='ltr'><strong>vulgo</strong></span> <span class='ocrx_word' id='word_1_762' title='bbox 1236 5783 1499 5843; x_wconf 86' lang='lat' dir='ltr'><strong>dicuntur</strong></span> <span class='ocrx_word' id='word_1_763' title='bbox 1540 5793 1862 5855; x_wconf 70' lang='lat' dir='ltr'><strong>susceptam</strong></span> <span class='ocrx_word' id='word_1_764' title='bbox 1910 5786 1967 5841; x_wconf 81' lang='lat' dir='ltr'><strong>in</strong></span> <span class='ocrx_word' id='word_1_765' title='bbox 1997 5785 2281 5853; x_wconf 70' lang='lat' dir='ltr'><strong>baptismo.</strong></span> <span class='ocrx_word' id='word_1_766' title='bbox 2322 5784 2423 5846; x_wconf 81' lang='lat' dir='ltr'><strong>Hic</strong></span> <span class='ocrx_word' id='word_1_767' title='bbox 2455 5796 2637 5848; x_wconf 87' lang='lat' dir='ltr'><strong>tamen</strong></span> <span class='ocrx_word' id='word_1_768' title='bbox 2668 5788 3007 5860; x_wconf 77' lang='lat' dir='ltr'><strong>intelligendi</strong></span> <span class='ocrx_word' id='word_1_769' title='bbox 3052 5789 3308 5847; x_wconf 87' lang='lat' dir='ltr'><strong>videntur</strong></span> <span class='ocrx_word' id='word_1_770' title='bbox 3333 5780 3669 5847; x_wconf 41' lang='lat' dir='ltr'><strong>coniessariiv</strong></span> 
     </span>
    </p>
   </div>
  </div>
