4122 6382
292 305 446 375 1733

1501 303 1977 370 311113013031
2023 263 2372 372 savum;
2413 317 2416 320 ’

3419 307 3556 374 1734

290 415 672 494 εὐτραπελίας
693 455 710 483 ,
741 416 778 491 ἢ
806 416 982 481 άλλως
1027 414 1116 471 διὰ
1148 413 1399 487 γλώττης
1428 413 1734 488 ἁμαρτίας,
1776 419 1872 473 καὶ

1992 421 2056 476 rel
2083 419 2294 488 jocosis
2334 416 2538 484 verbis,
2582 415 2664 472 vel
2705 415 2994 488 jactantia,
3047 425 3144 472 aut
3196 417 3304 474 alio
3355 419 3558 491 lingua:

291 512 515 584 ὲπιγνῷ
556 510 653 565 καὶ
706 509 965 580 καταγνῷ
1012 506 1232 572 ἑαυτοῦ,
1281 505 1336 561 τί
1395 506 1602 577 ὀφείλει
1649 510 1878 581 ποιῆσαι

289 604 634 677 ἁντισηκοῦν
664 606 746 668 είς
777 603 1070 675 μετάνοιαν
1092 600 1251 668 ἀξίαν
1275 601 1374 656 καὶ
1399 601 1481 666 είς
1499 600 1878 674 πληροφορίαν

291 697 395 752 τοῦ
435 697 571 752 ἰδίου
597 694 860 766 λογισμοῦ
881 711 897 761 ;

264 769 278 853 i
384 791 586 848 Ἄπόκ.
622 789 795 844 Τοῦτο
842 789 943 842 οὐκ
991 787 1112 842 ἐστι
1156 787 1557 858 νομοκανόνου,
1604 785 1743 842 ἀλλά
1782 787 1882 860 τῆς

269 870 274 875 ’
299 882 610 953 μοναχικῆς
635 919 651 944 ,
697 881 794 933 καὶ
835 879 910 942 ὡς
953 877 1020 932 ἂν
1044 879 1190 934 εῐποι
1219 896 1305 943 τις
1332 879 1683 951 κοινοϐιακῆς
1707 898 1882 936 κατα-

300 974 554 1036 στάσεως
593 970 852 1042 ὰκρίὸεια
877 1009 892 1038 ,
933 971 1311 1044 καθημερινὰς
1341 972 1535 1043 ἔχοντα.
1575 973 1675 1037 τὰς
1700 975 1882 1028 έπιτι-

305 1068 528 1137 μήσεις,
557 1064 592 1135 ἢ
619 1063 710 1118 καὶ
735 1063 1159 1133 ὲὸδομαδιαίας,
1188 1061 1374 1128 καθὼς
1401 1066 1653 1137 περιέχει
1682 1065 1754 1121 τὰ
1784 1065 1882 1120 τοῦ

304 1157 470 1226 ἁγίου
485 1153 770 1210 Βασιλείου
803 1155 1076 1226 ὲνκρυφῆ,
1094 1160 1190 1209 καὶ
1205 1155 1316 1209 τῶν
1345 1155 1486 1226 μετὰ
1507 1155 1686 1211 ταῦτα
1705 1156 1884 1226 ἁγίων

301 1249 592 1320 Πατέρων.
624 1243 750 1300 Οἶόν
783 1245 835 1299 τί
863 1261 1040 1317 φημιο
1075 1245 1430 1318 Ῥᾳθυμήσας
1450 1263 1535 1310 τις
1567 1247 1664 1302 καὶ
1683 1248 1886 1301 ἀπονυ-

304 1339 516 1403 στάξας
561 1336 824 1401 ἑκουσίως
868 1337 928 1390 ὲν
955 1336 1036 1404 τῷ
1079 1335 1263 1410 ὄρθρῳ
1305 1337 1404 1408 οὐχ
1450 1337 1687 1410 εὑρέθηο
1722 1337 1884 1392 τοῦτο

303 1428 852 1500 ὲξδμολογησάμενος
872 1426 950 1499 τῷ
978 1429 1156 1500 Πατρὶ
1183 1428 1577 1495 αὑτοῦ,έλα6εν
1603 1429 1885 1502 ἐπιτίμιον

304 1516 650 1590 ξηροφαγίαν
683 1518 850 1590 ἄρτου
883 1519 981 1574 καὶ
1009 1518 1221 1586 ὕδατος,
1257 1521 1354 1574 καὶ
1389 1521 1688 1592 μετανοιῶν
1717 1523 1884 1576 ποσό-

302 1628 478 1678 τητος
526 1611 700 1665 τόσων
747 1613 844 1667 καὶ
873 1612 1049 1666 τόσων
1082 1613 1225 1667 κατά
1255 1610 1354 1682 τὴν
1385 1612 1603 1684 ἡμέραν
1640 1614 1884 1684 ἐκείνην.

307 1700 503 1767 Οὕτως
527 1703 808 1774 νοήσωμεν
837 1705 934 1758 καὶ
969 1703 1040 1757 τὰ
1065 1703 1232 1757 λοιπὰ
1261 1702 1404 1757 κατὰ
1427 1705 1630 1776 τρόπον
1662 1705 1887 1762 παιδεύ-

309 1813 456 1860 σεως
485 1796 851 1868 εὑρισκόμενα
880 1795 1018 1868 πρὸς
1042 1795 1170 1860 τοὺς
1191 1794 1683 1867 καταδεχομένους.

1977 522 2202 586 peccato
2224 537 2255 579 ,-
2273 522 2330 570 et
2355 520 2538 567 tamen
2587 511 2871 582 resipiscat
2897 521 2953 566 et
2984 521 3159 566 semet
3188 513 3555 580 condemnet;

1979 604 2109 675 quid
2131 603 2182 659 ei
2203 603 2470 674 agendum
2497 612 2600 666 est,
2623 602 2770 671 quod
2813 601 2975 671 justas
3024 603 3358 671 paenitentiae
3383 607 3560 674 aequi-

1979 697 2202 768 polleat,
2231 706 2285 750 et
2310 694 2479 750 animi
2508 694 2594 751 sui
2631 695 2790 749 fidem
2821 693 3032 748 faciat?

2054 787 2214 858 Resp.
2248 785 2362 843 Hoc
2388 801 2498 872 non
2550 787 2788 857 pertinet
2829 785 2896 839 ad
2946 799 3422 852 nomocanonem;
3461 786 3562 842 sed

1980 888 2066 937 est
2093 880 2436 936 monacbalis
2464 894 2530 934 ac
2551 878 2718 934 veluti
2743 877 3088 934 ctenobiticae
3116 877 3244 932 vita:
3307 893 3559 934 severum

1983 972 2266 1038 cilicium,
2314 971 2690 1042 quotidianam
2767 984 2931 1041 agere
2986 968 3402 1039 paenitentiam,
3464 977 3563 1024 aut

1984 1065 2490 1131 hebdomadariam,
2537 1064 2682 1120 sicut
2717 1071 2804 1118 est
2842 1063 2897 1117 in
2944 1063 3120 1119 sancti
3171 1061 3356 1116 Basilii
3381 1076 3561 1116 secre-

1984 1153 2239 1219 tioribus,
2291 1163 2347 1209 et
2399 1135 2718 1210 sanctorum
2785 1154 3044 1224 deinceps
3096 1137 3338 1208 Patrum.
3396 1150 3562 1207 Verbi

1987 1245 2184 1316 gratia,
2214 1245 2371 1300 deses
2396 1244 2594 1315 aliquis
2623 1254 2678 1300 et
2712 1244 3014 1300 dormitans
3040 1253 3256 1312 sponte,
3292 1243 3563 1298 matutino

1985 1335 2164 1392 ofﬁcio
2216 1351 2327 1392 non
2387 1335 2776 1407 afl'uitzquam
2832 1351 2948 1391 rem
3003 1335 3151 1390 Patri
3195 1350 3296 1390 suo
3328 1335 3562 1405 spiritali

1986 1429 2292 1496 confessus,
2336 1428 2669 1500 poenitentia:
2689 1429 2811 1484 loco
2832 1427 3047 1498 aocepit
3073 1429 3358 1484 aridorum
3384 1443 3561 1492 esum,

1987 1520 2041 1575 id
2066 1529 2151 1576 est
2175 1521 2332 1590 panis
2367 1530 2421 1574 et
2455 1534 2630 1589 aquae,
2674 1529 2728 1574 et
2760 1529 2969 1574 certum
3020 1529 3420 1573 metanwarum
3458 1534 3563 1572 nu-

1990 1625 2201 1665 merum
2235 1611 2329 1666 illo
2357 1609 2446 1666 die
2476 1609 2870 1666 faciendarum.
2925 1610 3017 1665 Sic
3043 1610 3208 1664 etiam
3236 1610 3444 1680 reliqua
3476 1611 3564 1668 inv

1989 1702 2316 1773 telligemus,
2345 1717 2467 1766 qua;
2505 1703 2832 1758 emendandi
2877 1717 3045 1758 causa
3085 1711 3217 1758 sunt
3261 1705 3567 1774 excogitata

1987 1810 2114 1866 erga
2141 1795 2264 1851 illos
2291 1795 2385 1864 qui
2414 1808 2478 1850 ea
2517 1793 2819 1865 excipiunt.

1188 2194 1574 2289 PCENIE
1657 2191 2692 2289 MONASTEBIALES.

321 2547 407 2605 Ν.
459 2549 574 2605 Τοῦ
627 2552 805 2607 ὁσίου
865 2547 1099 2620 Πατρός
1149 2545 1323 2620 ἡμῶν
1369 2548 1469 2603 καὶ
1490 2619 1497 2620 γ
1519 2544 1896 2620 ὁμολοτῃτοῠ

398 2621 701 2696 Θεοδῴρορ
740 2615 1097 2696 ’ῆςχσουμέῇρύΔ
1119 2615 1239 2696 τῷν
1281 2615 1572 2696 Στουδιρὺ
1595 2615 1896 2696 ἐπιτίμια.

393 2689 730 2760 Κοινὰτῆς
769 2689 921 2760 ὅλης
952 2691 1365 2760 ἀδελφότητος
1410 2689 1510 2760 ἐπὶ
1548 2689 1898 2760 τῶνᾲπιιρα-

393 2758 730 2818 λειπόντων
745 2762 816 2816 ἐν
847 2758 922 2831 τῇ
949 2758 1281 2829 Ἐκκλησία
1299 2763 1386 2827 εὶς
1407 2759 1515 2813 τὸν
1545 2758 1796 2811 κανόνα.

398 2895 560 2971 [Cod.
592 2898 719 2954 Vat.
763 2895 892 2961 430,
945 2896 986 2952 r.
1031 2895 1106 2950 20
1158 2895 1216 2950 b.
1272 2891 1460 2950 Ottob.
1507 2892 1634 2958 550,
1682 2891 1722 2946 r.
1756 2891 1845 2946 μ.
1869 2889 1891 2963 ]

318 2996 392 3045 α’.
433 2991 492 3044 '0
526 2989 600 3062 μὴ
625 2989 1014 3060 εὑρισκόμενος
1039 2989 1120 3050 είς
1148 2987 1248 3058 τὴν
1294 2985 1500 3039 εῐσοδον
1526 2984 1621 3040 τοῦ
1645 2984 1802 3050 Δόξα
1823 2985 1897 3038 ἐν

317 3078 634 3147 ὑψίστοις,
657 3077 785 3131 ἄνευ
818 3074 1148 3146 ἀσθενείαςῆ
1165 3073 1356 3144 ἑτέρας
1383 3074 1610 3145 εὐλόγου
1635 3077 1892 3146 κατοχῆς,

317 3170 381 3222 ιν
417 3172 485 3241 τῇ
531 3167 751 3241 εὐλογίᾳ
793 3167 1004 3239 μενέτω
1034 3165 1290 3236 κεκυφὼς
1326 3165 1489 3238 μέχρι
1516 3165 1896 3238 παρελεύσεως

318 3261 436 3315 τῶν
483 3261 753 3328 ἀδελφῶν,
802 3257 1189 3330 ἐξαιτούμενος
1237 3257 1618 3330 συγχώρησινσ
1670 3258 1765 3311 καὶ
1797 3253 1896 3312 εἷθ’

321 3351 503 3415 οὕτως
529 3350 855 3421 λαμϐανέτω
886 3350 985 3420 τὴν
1013 3347 1286 3417 εὐλογίαν.

405 3444 472 3513 β’.
509 3439 570 3495 '0
618 3439 1015 3510 ὑστερούμενος
1056 3437 1150 3492 τοῦ
1195 3438 1510 3508 ὲξαψάλμου
1528 3452 1578 3503 ι,
1624 3456 1902 3510 παρεστη-

326 3535 479 3588 κέτω
517 3533 576 3586 ὲν
616 3533 684 3601 τῇ
728 3526 1011 3601 τραπέζῃ·
1051 3530 1101 3582 εί
1133 3527 1192 3580 δὲ
1221 3515 1623 3598 καθίσματοςδ,
1658 3529 1902 3599 βαλλέτω

327 3627 438 3680 ἀνὰ
473 3623 762 3696 μετανοίας
799 3620 880 3675 ιε’.
906 3621 1063 3676 Μετὰ
1089 3620 1186 3674 τὸν
1212 3619 1521 3690 ὲξάψαλμον
1547 3619 1904 3692 ἐξερχόμενος

324 3717 364 3786 ἢ
400 3715 823 3786 περιερχόμενος
854 3712 983 3767 ἄνευ
1014 3711 1396 3782 ὑπομνήσεως,
1421 3709 1822 3782 παραστηκέτω
1845 3712 1904 3763 ὲν

323 3811 402 3879 τῇ
437 3807 706 3880 τραπέζῃ.

406 3905 479 3968 γ’.
519 3900 586 3953 '0
623 3897 700 3969 μὴ
746 3895 1108 3968 ἀνιστάμενος
1129 3894 1236 3960 ἕως
1259 3893 1354 3949 τοῦ
1384 3891 1780 3963 πεντηκοστοῦ,
1809 3891 1905 3961 ξη-

334 3989 669 4067 ροφαγείτω.

406 4084 469 4138 δ’.
505 4084 564 4138 '0
593 4083 686 4138 τὸν
722 4082 844 4137 ὅλον
882 4080 1126 4136 κανόναο
1160 4078 1713 4150 ἅπολιμπανόμενος,
1743 4078 1907 4151 ξηρο-

337 4174 543 4246 φαγίαν
569 4174 868 4230 ἀκάθιστον
900 4171 1265 4243 ὲπιτιμὰσθω.

409 4275 475 4324 ε’.
515 4267 573 4321 '0
616 4267 691 4338 μὴ
721 4264 941 4336 φθάνων
966 4266 1047 4327 εἰς
1075 4264 1136 4318 τὺ
1163 4263 1444 4336 προοίμιον
1475 4263 1711 4332 ἑκάστης
1735 4259 1903 4334 ὥρας,

336 4359 418 4428 τῷ
454 4358 715 4428 ἐπιτιμίῳ
747 4353 1132 4410 ὑποόαλλέσθω
1155 4353 1251 4410 τοῦ
1287 4353 1364 4428 μὴ
1401 4354 1794 4426 εὑρισκομένου
1824 4356 1906 4417 εἰς

339 4450 402 4504 τὸ
429 4449 586 4514 Δόξα
615 4448 686 4503 ἐν
713 4447 1020 4518 ὑψίστοις.

1992 2543 2034 2600 1.
2095 2543 2282 2618 Sancti
2310 2542 2491 2618 Patris
2529 2544 2776 2618 nos!rt'__el
2816 2541 3127 2618 confessoris
3152 2531 3416 2618 Theodori
3435 2567 3574 2618 pra:-

2062 2616 2194 2670 sidis
2235 2614 2414 2670 Sludii
2465 2631 2648 2685 ρωιιιε.
2682 2613 2752 2666 Et
2810 2613 2980 2682 primo
3032 2617 3243 2682 quidem
3274 2613 3572 2674 communes

2064 2686 2522 2810 totiifraternilali
2551 2685 2802 2739 adversus
2841 2700 2928 2738 eos
2975 2686 3065 2753 qui
3113 2697 3299 2742 contra
3337 2693 3576 2762 regulam

2064 2757 2121 2810 in
2201 2755 2390 2810 cclesia
2420 2763 2658 2810 peccant.

2062 2757 2121 2810 in
2153 2755 2390 2811 Ecclesia
2419 2763 2658 2824 p’eccant.

2071 2890 2125 2946 1.
2173 2887 2279 2956 Qui
2304 2903 2412 2944 non
2436 2887 2742 2944 interfuerit
2780 2888 2938 2944 initio
2967 2898 3163 2948 cantus
3188 2891 3375 2947 Gloria
3405 2895 3460 2949 in
3479 2911 3574 2950 ca:-

2001 2983 2176 3049 cclsis,
2215 2984 2422 3054 absque
2451 2982 2768 3038 infirmitate
2795 2983 2880 3038 vel
2912 2983 3020 3039 alio
3049 2985 3316 3054 probabili
3343 2986 3576 3056 impedi-

2002 3085 2207 3141 mento,
2249 3077 2376 3131 dum
2425 3077 2588 3131 datur
2617 3077 2942 3141 benedictio,
3003 3086 3222 3132 maneat
3262 3078 3578 3135 incurvatus

2003 3167 2058 3222 in
2084 3167 2316 3222 transitu
2339 3167 2589 3233 fratrum,
2615 3169 2830 3222 veniam
2854 3177 3070 3238 petens;
3095 3179 3261 3241 atque
3285 3172 3357 3226 ita
3378 3171 3576 3230 deinde

2001 3259 2232 3330 accipiat
2268 3259 2721 3316 benedictionem.

2075 3439 2133 3494 2.
2166 3438 2270 3506 Qui
2301 3456 2408 3495 non
2451 3439 2668 3495 aufl'erit
2690 3441 3064 3512 hexapsalmo,
3083 3451 3190 3498 stet
3216 3442 3282 3496 ad
3309 3457 3578 3497 mensam.

2001 3529 2156 3597 Quod
2196 3531 2242 3586 si
2298 3533 2611 3586 cathismati
2665 3533 2924 3599 defuerit,
2975 3535 3244 3606 puniatur
3288 3535 3578 3589 metanmis

2002 3623 2334 3692 quindecim.
2407 3621 2464 3676 Si
2527 3633 2650 3694 post
2709 3626 3121 3695 hexapsalmum
3185 3627 3417 3681 exiverit
3485 3635 3580 3682 aut

2004 3715 2454 3780 obambulaverit,
2488 3717 2605 3770 sine
2636 3717 3028 3784 admonitione,
3067 3727 3176 3773 stet
3214 3734 3418 3774 mensae
3445 3729 3583 3774 tem-

2005 3821 2137 3876 pore
2480 3815 2484 3819 ‘

2075 3899 2128 3953 3.
2176 3895 2278 3965 Qui
2326 3911 2508 3957 rectus
2559 3917 2664 3955 non
2715 3901 2932 3956 steterit
2986 3917 3162 3973 usque
3197 3901 3265 3957 ad
3303 3902 3583 3973 psalmum

2006 3990 2544 4061 quinquagesimum,
2575 3993 2742 4048 aridis
2762 4002 3047 4048 vescatur.

2075 4083 2133 4137 4.
2173 4083 2275 4150 Qui
2315 4092 2492 4140 totum
2537 4100 2807 4141 canonem
2841 4086 3172 4154 deseruerit,
3225 4087 3400 4144 aridis
3432 4098 3587 4144 stans

2007 4171 2152 4224 vesci
2175 4169 2452 4234 iubeatur.

2080 4262 2134 4316 5.
2173 4261 2276 4329 Qui
2320 4280 2428 4318 non
2457 4262 2694 4320 adfuerit
2720 4265 2878 4322 initio
2915 4267 3182 4337 cujusque
3211 4268 3380 4334 horae.
3409 4269 3582 4325 eidem

2011 4365 2185 4420 pmnm
2231 4348 2555 4421 subjiciatur
2615 4365 2782 4427 atque
2829 4357 2917 4414 ille
2946 4359 3040 4426 qui
3079 4359 3266 4415 ca'ntui
3307 4359 3498 4416 (.loria
3531 4363 3590 4416 in

2007 4444 2227 4498 excelsis
2251 4445 2508 4518 defuerit.

415 4549 491 4608 ς’.
519 4542 578 4596 '0
607 4541 1124 4612 ἀπολιμπανόμενος
1153 4539 1248 4594 τοῦ
1277 4540 1643 4612 προκειμένου
1665 4539 1889 4612 ἑκάστης

2081 4537 2134 4590 6.
2173 4536 2283 4604 Qui
2329 4539 2618 4596 recesserit
2673 4551 2801 4597 ante
2869 4543 3279 4613 responsorium
3326 4543 3591 4613 cujusque

343 4630 514 4708 ὧρας,
537 4635 572 4706 ἢ
607 4635 700 4688 καὶ
721 4633 826 4697 ἕως
859 4633 1068 4697 τέλους,
1101 4631 1500 4703 ξηροφαγείτω.

414 4723 482 4790 ζ’.
520 4725 578 4778 '0
629 4725 704 4796 μὴ
747 4723 1136 4794 εὑρισκόμενος
1183 4723 1290 4776 ἀπὸ
1338 4723 1437 4793 τῆς
1479 4723 1788 4796 ὲνάρξεως,
1832 4723 1911 4794 τῷ

2015 4625 2183 4696 horae,
2217 4629 2302 4684 vel
2351 4632 2514 4686 etiam
2557 4640 2683 4687 ante
2707 4633 2828 4702 ejus
2890 4637 3074 4697 linem,
3101 4634 3272 4688 aridis
3316 4645 3588 4690 vescatur.

2087 4719 2140 4772 7.
2189 4719 2292 4786 Qui
2326 4721 2482 4775 initio
2519 4737 2626 4776 non
2656 4719 2987 4784 interfuerit,
3029 4722 3206 4776 eidem
3246 4735 3420 4790 pmna:
3456 4724 3591 4776 sul.—

348 4813 609 4884 ἐπιτιμίῳ
638 4812 1025 4866 ὑποϐαλλέσθω
1069 4809 1164 4866 τοῦ
1196 4811 1274 4884 μὴ
1305 4811 1698 4883 εὑρισκομένου
1732 4812 1812 4876 εἰς
1851 4811 1889 4864 τὶ

2013 4809 2236 4880 jiciatur
2279 4822 2441 4883 atque
2472 4812 2563 4868 ille
2593 4813 2687 4884 qui
2729 4812 2961 4868 defuerit
2986 4813 3171 4868 cautui
3205 4812 3390 4869 Gloria
3415 4815 3468 4867 in
3499 4829 3594 4868 ea:-

347 4906 504 4969 Δόεα
535 4907 606 4959 ἐν
630 4906 935 4974 ὑψίστοις.

417 5003 490 5068 η’.
528 4997 586 5050 '0
610 4995 704 5049 τοῦ
729 4998 1051 5066 μεγαλείου
1081 4998 1156 5070 μὴ
1182 4997 1494 5066 ὑπακούων,
1513 4997 1916 5070 παραστηκέτω

350 5090 409 5144 ὲν
435 5092 503 5162 τῇ
527 5088 793 5160 τραπέζῃ.

425 5178 490 5232 θ’.
532 5175 592 5231 '0
625 5177 976 5249 ὲναπομένων
1005 5178 1110 5244 ἔξω
1145 5180 1254 5235 τῶν
1285 5181 1486 5254 θυρῶν,
1515 5181 1917 5255 ξηροφαγείτω.

428 5275 486 5326 ιέ
519 5269 578 5324 '0
621 5270 696 5341 μὴ
731 5270 1004 5324 κοινωνῶν
1040 5272 1160 5325 κατ’
1196 5272 1332 5326 ἰδίαν
1377 5273 1626 5346 γνώμην,
1661 5275 1923 5346 ἀφοριζέ-

357 5359 470 5416 σθω
496 5362 708 5432 ἡμέραν
742 5361 892 5432 μίαν.

432 5457 518 5506 ια’.
547 5451 606 5504 '0
637 5453 694 5504 ὲν
715 5451 972 5524 ἐπιτιμία
1003 5451 1099 5520 ὢν,
1134 5452 1230 5510 καὶ
1261 5453 1334 5526 μὴ
1357 5453 1762 5526 παριστάμενος
1788 5456 1926 5524 μετὰ

2018 4901 2193 4958 celsis.

2090 4993 2144 5050 8.
2175 4996 2276 5062 Qui
2304 4995 2576 5066 psalmum
2605 4997 2914 5068 magniﬁcat
2947 5013 3057 5053 non
3089 4999 3349 5062 audierit,
3393 5008 3499 5055 stet
3525 4999 3595 5053 ad

2019 5104 2286 5144 mensam.

2091 5177 2146 5232 9.
2177 5175 2280 5243 Qui
2309 5177 2573 5233 manserit
2601 5186 2757 5233 extra
2786 5177 2958 5245 fores,
2991 5179 3158 5236 aridis
3180 5190 3453 5236 vescatur.

2095 5267 2182 5324 10.
2219 5267 2325 5336 Qui
2381 5283 2484 5324 sua
2538 5271 2821 5324 voluntate
2875 5287 3090 5326 sacram
3153 5271 3598 5326 communionem

2028 5363 2294 5428 omiserit,
2328 5371 2482 5417 extra
2509 5365 2848 5418 consortium
2884 5363 2979 5418 fiat
3007 5378 3116 5419 uno
3149 5364 3258 5418 die.

2104 5455 2191 5511 il.
2233 5453 2336 5520 Qui
2409 5469 2585 5525 pmnae
2658 5455 3015 5524 suppositus,
3108 5470 3216 5509 non
3286 5453 3602 5510 interfuerit

358 5539 468 5595 τῶν
497 5543 926 5612 κατηχουμένων
965 5545 1024 5598 ὲν
1057 5541 1136 5614 τῷ
1165 5543 1400 5615 νάρθηκι
1445 5545 1545 5616 τῆς
1585 5543 1889 5615 λειτουργία

2033 5564 2157 5605 cum
2225 5547 2632 5605 catechumenis
2693 5547 2750 5602 in
2801 5547 3067 5602 narthece
3128 5545 3260 5600 dum
3322 5546 3602 5618 peragitur

363 5633 808 5705 ἐπιτελουμένης,
842 5637 1132 5706 μετανοίας
1161 5635 1403 5707 βαλλέτω
1434 5636 1796 5707 πεντήκοντα.

2030 5637 2276 5709 liturgia,
2307 5638 2595 5694 metanmis
2623 5637 2944 5708 subjiciatur
2974 5637 3398 5709 quinquaginta.

437 5741 464 5774 α
499 5728 716 5789 Confer.
740 5729 902 5790 Guar.
936 5750 990 5805 p.
1021 5733 1112 5800 27,
1135 5733 1450 5806 dellexaps.
1525 5733 1556 5777 δ
1588 5733 1752 5793 Goar.
1776 5735 1906 5794 ibid.
1939 5735 2008 5797 de
2028 5734 2370 5798 cathismate.
2447 5745 2470 5776 ο
2503 5732 2736 5806 Goar.p.
2765 5734 2855 5802 ‘26,
2889 5734 2955 5792 dc
2975 5747 3201 5804 canone.
