4122 6382
445 375 578 446 1741

1668 379 1727 439 S.
1756 376 2149 441 THEODORI
2181 377 2530 442 STUDITE

3584 332 3732 452 ma

514 494 616 564 ξβ⁹ο
651 490 1065 566 ﬁrmamen
1110 491 1210 549 καὶ
1254 492 1318 549 τδ
1367 491 1533 566 τυχὸν
1598 492 1812 565 ῥάκιον,
1863 493 1901 565 ἢ
1957 492 2028 547 τὰ

2196 493 2289 550 62.
2317 493 2375 550 Si
2399 494 2484 550 vel
2513 492 2759 550 lacerum
2790 493 3042 567 quamvis
3075 493 3432 569 panniculum
3463 499 3719 569 neglexe-

443 586 801 658 ἡχρειωμένα
831 586 906 659 μὴ
950 586 1306 657 ἀνακαινίσῃ,
1355 586 1452 641 καὶ
1508 587 1891 658 προσεμπαλοῖ
1935 585 2033 641 καὶ

445 679 877 751 ἀποφθειργοῖί,
941 682 1034 733 καὶ
1070 679 1297 743 ἀπαθῶς
1342 680 1621 734 καταδιδοῖ
1659 680 1877 751 ἑκάστῳ
1920 679 2033 734 τῶν

442 771 693 842 ἀδελφῶν
741 771 841 836 τὰς
884 771 1008 827 καθ’
1034 771 1338 842 ἑϐδομάδας
1392 771 1749 841 ὑπαλλαγάς,
1793 771 2033 843 ξηροφα-

445 864 653 932 γείτω,
706 862 741 935 ἢ
815 863 1247 936 παραστηκέτω,
1302 862 1337 932 ἢ
1405 864 1754 936 ἀφοριζέσθω
1812 863 2031 936 ἡμέραν

448 955 599 1029 μίαν.

905 1086 1047 1157 Περὶ
1091 1086 1202 1143 τοῦ
1262 1087 1574 1155 ὀστιαροῦ.

512 1202 594 1274 ξγ’
628 1202 756 1258 Ἐἀν
779 1203 809 1258 ό
838 1202 1117 1276 ὀστιάριος
1147 1203 1207 1271 ἐξ
1250 1202 1518 1275 ἀμελείας
1560 1202 1698 1276 ἐάσῃ
1743 1202 1808 1257 τδ
1852 1201 2033 1277 θυρῶ-

444 1308 581 1364 ριον,
616 1293 708 1344 καὶ
738 1288 965 1362 γένηται
999 1290 1178 1357 ἔξοδος
1203 1291 1436 1362 ἀδελφοῦ
1476 1292 1735 1365 λαθραία,
1773 1292 2033 1365 ἀφοριζέ-

444 1382 557 1436 σθω
591 1381 869 1451 ἑϐδομάδα
902 1382 1055 1451 μίαν.

514 1474 609 1540 ξδ’.
674 1475 801 1528 Ἐὰν
850 1476 916 1529 ὲκ
969 1474 1439 1548 καταφρονήσεως
1489 1474 1626 1548 ἐάσῃ
1684 1477 2032 1549 είσέρχεσθαι

441 1567 719 1638 κοσμικὰς
767 1566 1098 1638 ἀποκρίσεις
1133 1570 1287 1641 παρά
1314 1567 1426 1625 τῶν
1454 1567 1912 1642 προσφοιτώντων
1942 1569 2032 1638 ξέ-

440 1678 551 1715 νων
576 1662 635 1714 ὲν
664 1662 732 1731 τῇ
764 1662 925 1731 μονῇ,
953 1661 1247 1730 μετανοίας
1279 1665 1347 1733 ρ’.

397 1775 404 1780 ·
518 1752 611 1817 Ea’.
654 1753 780 1808 Ἐὰν
810 1753 885 1825 μὴ
913 1753 1031 1825 μετ’
1064 1753 1357 1818 εὐλαϐείας
1378 1752 1514 1808 διδοί
1538 1752 1637 1809 καὶ
1662 1751 1918 1829 λαμϐάνῃ
1935 1753 2029 1809 λόο

2135 585 2228 653 rit,
2269 593 2363 641 aut
2407 583 2605 641 detrita
2657 600 2766 642 non
2814 587 3066 655 sarserit,
3116 602 3295 659 neque
3342 590 3630 648 invenerit
3663 601 3721 649 et

2124 678 2399 748 pediculis
2429 678 2828 744 emundaverit,
2858 688 2915 735 et
2945 680 3055 737 nisi
3075 680 3452 739 indiderenter
3484 683 3720 756 singulis

2130 768 2398 827 fratribus
2442 770 2656 826 dederit
2698 772 2998 828 mutatoria
3044 772 3477 831 hebdomadaria
3503 793 3520 841 ;
3548 778 3721 834 aridis

2131 869 2408 927 vescatur,
2439 870 2537 917 aut
2563 869 2674 919 stet
2708 862 2763 917 in
2799 863 2922 920 loco
2955 864 3218 931 convivii,
3252 874 3350 922 aut
3376 881 3483 923 una
3515 868 3607 924 die
3632 884 3722 925 se—

2130 960 2378 1023 paretur.

2749 1085 2831 1142 De
2850 1087 3094 1144 ostiario.

2207 1198 2300 1255 63.
2332 1199 2391 1256 Si
2434 1199 2702 1258 ostiarius
2752 1201 2981 1273 januam
3017 1204 3255 1271 deserat,
3290 1214 3347 1263 et
3378 1206 3717 1266 clandestina

2132 1289 2325 1348 fratris
2374 1291 2622 1362 egressio
2676 1293 2977 1364 contingat,
3029 1306 3316 1366 separetur
3371 1313 3478 1354 una
3510 1301 3717 1357 hebdo-

2131 1384 2320 1441 mada.

2205 1477 2303 1534 64.
2350 1476 2409 1534 Si
2469 1479 2811 1552 negligenter
2882 1479 3031 1538 sinat
3089 1481 3370 1540 introduci
3439 1485 3718 1542 mundana

2130 1580 2401 1638 responsa
2431 1582 2464 1624 a
2487 1570 3010 1640 supervenientibus
3067 1571 3379 1643 hospitibus
3434 1572 3491 1628 in
3531 1588 3722 1630 mona-

2166 1659 2395 1728 terium,
2441 1675 2750 1719 metanmas
2790 1672 3011 1720 centum
3036 1662 3223 1720 faciat.

2202 1749 2294 1807 65.
2322 1752 2381 1808 Si
2416 1754 2598 1809 minus
2635 1754 2725 1822 pie
2750 1756 2837 1812 vel
2867 1756 2985 1827 ipse
3015 1756 3282 1827 loquatur
3317 1758 3402 1814 vel
3434 1759 3722 1829 loquentes

443 1860 541 1912 γον
571 1843 722 1914 παρά
748 1843 859 1896 τῶν
884 1841 1316 1915 ὲπιξενομένων,
1345 1841 1404 1934 ﬂ;
1421 1841 1523 1934 τὰς
1544 1841 1740 1934 φάσεις
1769 1840 2031 1934 μὴᾼποιῆ-

2133 1852 2393 1900 externos
2420 1854 2518 1901 aut
2549 1846 2798 1934 hospites
2816 1849 3027 1915 audiat,
3045 1849 3132 1905 vel
3150 1865 3276 1906 cum
3310 1852 3543 1922 praeside
3556 1859 3723 1923 prout

442 1951 534 1987 ται
568 1932 705 2005 πρὸς
744 1932 838 1987 τὸν
877 1934 1182 2006 ἡγούμενον
1237 1932 1515 2006 ἁρμοδίως
1554 1933 1653 1988 καὶ
1690 1932 2027 2008 πρεπόντως,

443 2025 551 2078 ἀνά
583 2023 878 2094 μετανοίας
915 2022 981 2097 ρ’.

516 2115 626 2180 Eg’.
663 2114 792 2170 Ἐάν
823 2114 883 2183 ὲξ
913 2114 1245 2189 ἀπροσεξίας
1284 2116 1531 2191 ἀπολέσῃ
1567 2117 1829 2183 κλειδίον,
1867 2117 2034 2193 ξηρο-

446 2208 715 2279 φαγείτω.

900 2344 1042 2415 Περὶ
1068 2345 1179 2403 τοῦ
1213 2348 1579 2419 νοσοκόμου.

518 2455 617 2525 ac.
663 2454 792 2513 Ἐἀν
818 2456 894 2531 μὴ
928 2459 1261 2533 έπιμελῆται
1297 2460 1419 2517 καθ’
1448 2463 1575 2518 ὅσον
1616 2463 1843 2519 δυνατὸν
1898 2464 2033 2520 ἐκά-

448 2567 575 2604 στου
608 2550 717 2604 τῶν
754 2551 1081 2624 ἀρρώστων,
1107 2554 1205 2607 καὶ
1238 2553 1493 2628 προσάγῃ
1548 2553 1621 2610 τὰ
1650 2556 1796 2611 κατά
1843 2556 2034 2629 χρείαν

445 2642 742 2713 ἁρμοδίως,
770 2642 914 2698 κατὰ
946 2644 1014 2698 τά
1044 2643 1501 2718 διατετυπωμένα
1528 2646 1821 2720 ἐμμέτρως
1844 2664 1858 2679 ’
1880 2648 2031 2722 καὶῆ

446 2734 813 2806 ὑπερϐάλλοι,
835 2736 871 2807 ἢ
901 2738 997 2790 καὶ
1049 2736 1319 2807 ὲλλεὶψοι,
1352 2739 1636 2809 μετάνοιαι
1696 2746 1763 2807 ν’,
1816 2741 1910 2795 καὶ
1965 2738 2033 2813 ρ’,

449 2824 484 2895 ἢ
510 2826 893 2899 ξηροφαγείτω
918 2829 1015 2886 καὶ
1053 2828 1404 2902 ἀφοριζέσθω
1451 2832 1667 2906 ἡμέραν
1698 2833 1855 2914 μίαν.

517 3001 621 3073 ξην.
668 3000 799 3058 Ἐάν
828 3004 905 3076 μὴ
939 3006 968 3060 ὁ
992 3007 1450 3079 παρανοσοκόμος
1479 3010 1766 3085 στρωννύῃ
1788 3010 1886 3076 τὰς
1916 3011 2035 3067 κλί-

446 3111 544 3159 νας
567 3095 678 3151 τῶν
699 3098 958 3170 νοσερῶν,
977 3100 1070 3153 καὶ
1095 3099 1326 3174 διατηρῇ
1365 3103 1550 3169 καλῶς
1571 3105 1643 3158 τά
1661 3105 1837 3168 ἔλαια,
1862 3107 1957 3161 καὶ
1985 3108 2035 3161 εί

2131 1954 2234 2011 par
2252 1946 2337 1996 est
2362 1938 2630 2010 docetque
2650 1940 2820 1997 verba
2861 1956 2970 1998 non
3024 1940 3210 2010 faciat,
3242 1942 3533 2000 metanmis
3591 1958 3722 2000 cen-

2134 2040 2250 2088 tum
2277 2032 2561 2104 puniatur.

2202 2120 2295 2175 66.
2341 2121 2400 2177 Si
2436 2136 2535 2193 per
2566 2119 2840 2178 incuriam
2884 2119 3213 2178 claviculam
3244 2121 3518 2191 amiserit,
3548 2122 3720 2183 aridis

2131 2218 2412 2266 vescatur.

2555 2349 2634 2406 De
2661 2351 2952 2405 nosocomii
2995 2354 3263 2406 curatore.

2204 2462 2296 2520 67.
2324 2463 2380 2519 Si
2409 2463 2751 2537 singulorum
2777 2472 3113 2536 aegrotorum
3148 2480 3338 2522 curam
3367 2479 3470 2537 pro
3507 2464 3722 2532 viribus

2134 2568 2246 2611 non
2296 2560 2484 2626 gerat;
2551 2570 2675 2627 quae
2727 2568 2870 2626 opus
2914 2555 3093 2612 fuerit.
3134 2557 3525 2614 convenienter
3579 2572 3725 2628 prte-

2134 2647 2314 2704 bendo
2365 2657 2422 2703 et
2472 2663 2572 2718 pro
2618 2664 2879 2705 mensura
2926 2650 3269 2722 praescripta,
3309 2665 3474 2722 quam
3503 2651 3591 2706 vel
3624 2667 3723 2708 ex-

2135 2741 2295 2798 cedat
2316 2741 2402 2797 vel
2439 2734 2674 2805 minuat,
2706 2752 3017 2803 metanteas
3041 2743 3208 2800 faciat
3241 2746 3641 2817 quinquaginta
3667 2756 3723 2801 et

2135 2843 2395 2903 centum,
2448 2835 2537 2891 vel
2586 2837 2759 2894 aridis
2816 2847 3091 2905 vescatur,
3144 2847 3203 2895 et
3264 2846 3552 2910 separetur
3605 2852 3722 2897 uno

2134 2926 2244 2983 die.
3550 2952 3551 2955 ‘

2133 3055 2137 3059 ν
2206 3020 2297 3076 68.
2336 3018 2395 3077 Si
2433 3021 2739 3079 nosocomii
2770 3022 3183 3081 mansionarius
3213 3040 3324 3081 non
3363 3026 3722 3082 straveritaa-

2137 3122 2419 3182 grotorum
2452 3113 2646 3181 lectos,
2680 3128 2784 3170 nec
2811 3122 3062 3170 sanctum
3116 3116 3297 3171 oleum
3354 3116 3493 3173 bene
3527 3131 3719 3175 serva-

447 3188 525 3257 μῆ
553 3187 658 3263 ἔχῃ
689 3190 983 3263 ἀκρίϐειαν
1031 3193 1195 3266 μέχρι
1226 3199 1323 3251 καὶ
1347 3196 1467 3261 ὲνδς
1494 3197 1742 3266 κοκκίου,
1795 3199 2031 3274 ξηροφα-

2136 3204 2298 3270 verit,
2349 3220 2454 3263 nec
2499 3207 2837 3278 diligentiam
2894 3222 3072 3280 usque
3142 3211 3211 3266 ad
3271 3227 3436 3267 unam
3498 3224 3721 3285 quoque

444 3281 632 3351 γείτω,
706 3284 803 3338 καί
855 3284 1204 3358 ἀφοριζέσθω
1236 3288 1455 3365 ἡμέραν
1488 3289 1641 3362 μίαν.

523 3459 623 3528 ξθν.
668 3460 797 3517 Ἐάν
824 3480 907 3528 τις
932 3463 1030 3518 τοῦ
1069 3466 1374 3538 νοσοκόμου
1422 3469 1599 3542 χωρὶς
1632 3467 1900 3525 ἀναπέσοι
1954 3474 2036 3537 εἰς

446 3551 667 3624 κλίνην,
698 3553 732 3623 ἢ
762 3555 852 3607 καὶ
886 3554 1109 3623 ἀλλάεοι
1138 3558 1308 3632 ἀλλην
1333 3560 1492 3633 παρά
1516 3560 1621 3634 τὴν
1649 3562 1900 3618 δοθεῖσαν
1932 3565 2035 3619 αὐ-

448 3642 549 3715 τῷ,
584 3642 869 3714 μετάνοιαι
900 3656 963 3700 ν’.

520 3742 583 3791 ο’.
632 3737 758 3791 Ἐὰν
788 3740 1184 3812 παραχρῆσθαι
1212 3743 1329 3807 τοϊς
1360 3743 1713 3816 καρϐωνίοις,
1747 3746 1782 3819 ἢ
1816 3747 2035 3819 συντρί-

447 3828 527 3902 ψῃ
557 3830 622 3883 ἐκ
655 3830 935 3913 ῥᾳθυμίας
970 3850 1024 3887 τι
1052 3834 1161 3889 τῶν
1212 3837 1591 3907 χαλκευτικῶν
1644 3839 1966 3911 ἐργαλείων,
1998 3840 2033 3914 ἢ

451 3923 717 3995 ἀπολέσῃ,
749 3906 803 3996 ﬂ.
836 3926 965 3980 ἄνευ
998 3906 1352 3998 προστάξεως
1387 3929 1531 4001 λάϐῃ
1583 3930 1638 3984 τί
1658 3906 1812 4004 παρά
1865 3906 2033 4000 τινος,

449 4015 543 4066 καὶ
575 4014 876 4086 ἐργάσηται
908 4018 1212 4088 ἐργαλεῖον,
1247 4020 1314 4086 λ’,
1346 4020 1380 4092 ἢ
1410 4019 1475 4087 ν’,
1517 4021 1612 4076 καὶ
1641 4028 1688 4096 ρ’
1727 4023 2036 4096 μετάνοιαι,

448 4103 484 4176 ἢ
522 4106 619 4158 καί⁵
650 4104 1052 4178 ξηροφαγείτω.

940 4327 1081 4397 Περὶ
1120 4331 1550 4403 κανδηλαρίου.

518 4441 619 4490 οα¹.
664 4435 793 4492 Ἐὰν
828 4436 904 4511 μὴ
935 4442 1158 4513 ποιῆται
1193 4444 1293 4517 τὴν
1324 4447 1466 4521 ἁφὴν
1482 4449 1584 4520 τῆς
1612 4452 1907 4525 κανδήλας,
1936 4454 2033 4509 καὶ

2136 3296 2370 3366 pilulam
2405 3298 2773 3367 'adbibuerit,
2797 3302 2970 3358 aridis
3022 3315 3297 3370 vescatur,
3345 3314 3401 3362 et
3432 3314 3723 3378 separetur

2104 3384 2107 3391 ’
2138 3400 2251 3439 uno
2280 3386 2390 3441 die.

2212 3475 2305 3533 69.
2346 3476 2534 3549 Siquis
2555 3480 2674 3537 sine
2699 3484 3006 3539 nosocomii
3041 3495 3298 3544 curatore
3321 3488 3373 3544 in
3417 3489 3618 3546 lectum
3652 3506 3723 3546 se

2136 3570 2385 3639 recipiat,
2434 3569 2518 3627 vel
2570 3573 2718 3629 hunc
2768 3589 2894 3631 cum
2926 3576 3032 3631 sibi
3064 3577 3177 3648 jam
3206 3579 3337 3637 dato
3393 3591 3718 3647 commutet,

2136 3666 2440 3715 metantnas
2465 3662 2861 3736 quinquaginta
2882 3665 3069 3723 faciat.

2206 3749 2297 3805 70.
2327 3751 2386 3807 Si
2425 3753 2756 3812 carbonibus
2784 3756 3067 3833 abutatur,
3101 3770 3196 3817 aut
3224 3777 3322 3833 per
3346 3763 3617 3821 incuriam
3647 3782 3723 3822 m-

2137 3854 2302 3895 neum
2331 3841 2552 3913 aliquod
2573 3823 3002 3904 instrumentum
3018 3823 3348 3925 confringat,
3383 3866 3477 3910 aut
3506 3859 3719 3927 perdat,

2136 3937 2233 3984 aut
2263 3945 2372 3986 non
2396 3932 2591 4003 jussus
2647 3935 2946 4008 quidquam
2987 3939 3059 3996 ab
3095 3943 3285 4014 aliquo
3323 3947 3581 4017 accipiat,
3639 3951 3721 4005 fa-

2137 4022 2356 4093 ciatque
2381 4022 2808 4082 instrumentum
2857 4030 3099 4102 aliquod,
3157 4036 3378 4106 triginta
3429 4049 3526 4095 aut
3554 4043 3722 4112 quiu-

2135 4112 2396 4185 quaginta
2437 4123 2493 4169 et
2523 4126 2740 4172 centum
2777 4125 3064 4180 metanucis
3094 4127 3380 4198 puniatur,
3424 4131 3510 4186 vel
3551 4135 3718 4190 etiam

2137 4206 2308 4261 aridis
2339 4216 2614 4264 vescatur.

2712 4341 2789 4398 De
2806 4342 3134 4407 lucernario.

2209 4451 2296 4508 7t.
2336 4451 2390 4508 Si
2435 4454 2744 4528 lampadem
2787 4476 2897 4516 non
2956 4465 3291 4530 accenderit,
3337 4486 3442 4527 nec
3473 4474 3722 4534 ecclesiae

453 4527 547 4599 τῆς
580 4529 881 4603 ἐκκλησίας
907 4534 1207 4606 ἀξιολόγως
1246 4541 1341 4595 καὶ
1382 4543 1678 4617 ἐμμέτρως
1708 4546 1809 4613 τὰς
1861 4526 2030 4621 ἀρτύ-

2133 4545 2523 4601 convenienter
2547 4548 2987 4623 sullicienterque
3021 4556 3340 4615 conditurus
3377 4560 3588 4632 fecerit,
3625 4583 3723 4622 nc-

448 4636 582 4713 aeig,
618 4624 758 4695 μήτε
795 4625 1245 4699 ὑπερϐαλλούσας
1282 4635 1423 4705 μήτε
1465 4636 1844 4705 ἐλλειπούσας,
1898 4659 2033 4713 προ-

449 4710 795 4806 μύσσωνλκαὶ
827 4717 1223 4793 ἀποκαθαίρων
1270 4727 1339 4778 τὰ
1371 4727 1520 4800 ρύπη
1581 4730 1693 4784 τῶν
1750 4710 2031 4806 κανδήλων

447 4802 594 4895 κατά
645 4804 707 4858 τὸ
739 4806 936 4874 εἰωθὸς
996 4814 1097 4883 τῆς
1137 4813 1455 4886 ἑϐδομάδος,
1497 4822 1779 4889 μετάνοιαι
1804 4828 1873 4895 ρ’,
1905 4802 2032 4880 *καὶ

447 4893 512 4962 ξη
521 4897 853 4965 ροφαγείτω.
1806 4893 1815 4895 ἡ
1877 4931 1881 4935 ν

516 4984 614 5056 οβ’.
657 4987 788 5041 Ἐὰν
816 4992 1087 5068 συντρίψῃ
1116 4995 1405 5070 κανδήλαν,
1435 4999 1577 5056 κατά
1603 4999 1701 5075 τὴν
1726 5000 1888 5075 τιμὴν
1930 5001 2030 5073 τῆς

444 5076 717 5148 κανδήλας
736 5078 909 5150 ἐχέτω
935 5082 997 5137 τὸ
1018 5087 1317 5158 ἐπιτίμιον.

516 5166 617 5237 ογ’.
648 5170 775 5224 Ἐἀν
806 5172 1116 5247 ἀδιαφόρως
1132 5179 1351 5250 καίηται
1369 5178 1437 5234 τά
1456 5180 1730 5253 παπύρια,
1759 5184 2034 5259 ἥποιῆται

445 5260 606 5331 χύσιν
632 5263 1210 5339 ἀποκανδηλίσματος,
1239 5271 1273 5343 ἧ
1308 5274 1484 5347 ἐξάψῃ
1529 5275 1766 5348 λάϐρως,
1822 5280 1855 5352 ἢ
1893 5282 2021 5336 ὑποο

448 5355 726 5429 στυγνάσῃ
755 5357 911 5429 παρά
940 5359 1001 5412 τὸ
1032 5363 1334 5432 προσῆκον,
1364 5366 1468 5419 ἀνά
1504 5370 1799 5437 μετανοίας
1854 5370 1920 5425 λ’.

515 5441 610 5499 οϐ’.
644 5446 775 5500 Ἐἀν
807 5448 883 5519 μὴ
918 5448 1161 5523 καθαίρῃ
1190 5454 1259 5507 τά
1284 5455 1666 5522 πολυκάνδηλα
1709 5460 1742 5532 ἢ
1772 5460 1840 5514 τὰ
1900 5478 2029 5534 κρε-

447 5536 730 5610 μαστάρια
760 5537 797 5610 ἢ
822 5539 890 5593 τά
916 5540 1127 5608 τούϐια,
1151 5544 1294 5599 ὥστε
1324 5547 1400 5620 μὴ
1436 5550 1494 5616 ἐξ
1539 5550 1744 5617 ἱὼσεως
1794 5554 2027 5627 ἀχρείω-

445 5628 589 5701 οιίη,
627 5631 732 5685 ἀνά
755 5634 1045 5704 μετανοίας
1079 5635 1148 5710 ρ’.

565 5807 590 5849 ί
629 5806 789 5879 Puto,
818 5812 1219 5889 ἀποφθειρίζοι.

2105 4713 2111 4723 Ι
2137 4653 2245 4731 que
2276 4639 2603 4698 immodicas
2645 4658 2823 4716 neque
2871 4647 3192 4717 defectivas,
3222 4656 3493 4713 emunctis
3521 4674 3723 4731 purga-

2135 4730 2318 4802 tisque
2348 4731 2662 4803 lampadum
2697 4736 2974 4804 sordibus,
3004 4751 3170 4810 prout
3209 4760 3328 4800 mes
3356 4756 3440 4802 est
3476 4747 3532 4803 in
3587 4730 3723 4805 lteb-

2132 4819 2391 4887 domada,
2423 4834 2725 4884 metanmas
2773 4838 2994 4888 centum
3049 4831 3215 4893 faciat
3241 4847 3296 4894 et
3322 4848 3585 4910 praeterea
3617 4847 3722 4901 ari-

2131 4911 2217 4969 dis
2242 4926 2516 4971 vescatur.

2201 5005 2294 5062 72.
2335 5006 2391 5063 Si
2423 5008 2731 5080 lampadem
2764 5010 3011 5085 fregerit,
3066 5027 3230 5088 prout
3256 5017 3425 5078 fuerit
3448 5023 3719 5098 lampadis

2131 5103 2390 5175 pretium,
2430 5120 2650 5178 plenam
2682 5108 2905 5167 referat.

2205 5196 2296 5251 73.
2337 5194 2395 5251 Si
2425 5199 2726 5256 oscitanter
2779 5202 3079 5262 inﬂammet
3116 5210 3365 5282 papyria,
3405 5220 3504 5268 aut
3549 5212 3718 5271 faciat

2129 5286 2460 5359 lampadarii
2504 5291 2608 5347 olei
2643 5293 2989 5364 eli‘usionem,
3044 5308 3141 5356 aut
3189 5302 3400 5373 largius
3436 5305 3714 5378 incendat,

2134 5390 2230 5434 aut
2260 5382 2477 5438 exiliter
2501 5394 2699 5455 praeter
2730 5391 2976 5459 modum,
3015 5402 3321 5453 metanteas
3364 5399 3605 5470 triginta.

2205 5472 2296 5529 τι.
2325 5474 2382 5531 Si
2410 5476 2692 5549 lampades
2751 5498 2862 5539 non
2898 5487 3301 5554 cmundaverit,
3331 5492 3415 5547 vel
3447 5494 3716 5564 pendulas

2132 5578 2391 5634 coronas,
2415 5568 2500 5625 vel
2540 5582 2887 5643 ornamenta,
2939 5579 3240 5647 quominus
3281 5582 3533 5659 rubigine
3586 5602 3714 5645 cor-

2137 5668 2483 5730 rumpantur,
2520 5672 2822 5724 metanteas
2854 5677 3074 5727 centum
3105 5669 3292 5733 faciat.
