4122 6382
500 375 639 439 1⁸143

1669 365 1911 430 ῬωΝῶ
1949 363 2606 428 MONASTERIALES.

3607 365 3731 430 ιτιι

568 481 736 540 75.’8ί
759 481 946 537 minus
963 485 1063 535 aut
1089 475 1214 548 plus
1232 491 1396 546 qnam
1424 475 1474 531 ei
1496 476 1874 546 praescriptum
1908 475 2074 555 fuerit

2245 481 2337 532 oe'.
2380 477 2505 531 Ἐὰν
2527 475 2755 551 ἐκλείψῃ
2781 477 2817 548 ἢ
2869 473 3157 549 προσθήσῃ
3187 474 3344 546 παρᾶ
3392 475 3454 529 τὸ
3510 495 3729 551 προστα-

493 577 777 649 lampades
812 572 1089 636 incendat,
1123 571 1196 626 ita
1238 580 1298 624 ut
1335 570 1513 640 ipsum
1560 569 1832 637 signiﬁcet
1865 577 2077 638 tempus

495 669 862 728 solemnitatis
893 665 1150 729 Domini,
1180 673 1237 719 et
1265 662 1623 718 Dominiealis
1663 663 1794 730 diei,
1828 670 1886 718 et
1920 675 2077 717 com-

494 761 910 820 memorationis
955 766 1302 821 sanctorum;
1339 764 1394 810 et
1425 754 1532 810 nisi
1563 754 1648 809 bis
1679 761 1834 809 terve
1863 753 1919 807 in
1945 752 2079 808 heb-

496 857 730 914 domada
767 853 1032 925 templum
1045 850 1146 907 Dei
1167 859 1374 914 verrat,
1400 855 1705 903 metanmas
1726 845 1969 918 triginta.

1073 1053 1150 1117 De
1181 1051 1490 1106 hortulano.

569 1169 661 1228 76.
694 1170 752 1228 Si
781 1178 1030 1238 tempore
1075 1166 1274 1224 idoneo
1303 1181 1416 1222 non
1460 1162 1663 1220 severit
1685 1162 1859 1232 olera,
1901 1171 2080 1220 meta-

499 1279 652 1321 nmas
679 1261 1103 1334 quinquaginta.

568 1353 804 1412 77.Nisi
867 1353 1097 1424 pulchre
1152 1349 1479 1414 excoluerit,
1540 1359 1802 1419 tanquam
1859 1346 2082 1404 Domini

498 1448 836 1519 paradisum,
891 1443 1248 1502 commissum
1285 1440 1396 1496 sibi
1449 1440 1694 1509 hortum,
1734 1440 1811 1495 ita
1858 1449 1920 1498 ut
1959 1454 2075 1495 om-

499 1557 571 1596 ne
607 1555 784 1612 genus
849 1538 1059 1594 olerqu
1111 1531 1444 1596 fraternitati
1479 1532 1690 1588 affatim
1744 1533 2080 1604 suppeditet,

500 1641 805 1687 metanmas
833 1637 1073 1694 centum.

574 1723 662 1780 78.
693 1723 752 1778 Si
782 1723 1079 1778 oscitanter
1127 1721 1367 1794 negligat
1403 1719 1752 1790 rigationem,
1790 1730 1892 1773 nec
1919 1714 2079 1788 .justa

499 1831 761 1872 mensura
789 1817 1048 1886 adaquet,
1079 1825 1385 1872 metanmas
1417 1820 1663 1868 centum.

1111 1929 1188 1984 De
1219 1929 1466 1984 viuitore.

579 2016 668 2073 79.
692 2015 809 2073 Nisi
836 2017 973 2073 bene
999 2018 1237 2074 coluerit
1280 2017 1448 2072 vitem
1493 2015 1735 2083 Domini,
1766 2022 2080 2086 amputans.

499 2125 768 2182 purgans,
801 2109 1042 2178 fodiens,
1085 2108 1272 2166 foveas
1313 2124 1611 2174 excavans,
1637 2117 1696 2164 et
1722 2107 1874 2164 omni
1917 2107 2081 2162 modo

502 2220 623 2262 eain
645 2203 874 2275 pulchre
901 2203 1182 2270 excolens,
1209 2211 1513 2259 mctanmas
1551 2212 1797 2260 centum.

1124 2317 1206 2374 De
1233 2327 1466 2376 oratore.

529 2487 534 2494 .
573 2434 665 2492 80.
713 2433 775 2491 Si
833 2435 920 2494 ira
968 2435 1282 2507 impellente
1353 2435 1552 2493 bovem
1597 2435 1952 2508 percusserit,
1987 2442 2084 2489 ant

497 2525 849 2584 inconditum
879 2526 1109 2585 verbum
1157 2527 1213 2583 in
1236 2541 1364 2585 eum
1425 2526 1748 2596 intenderit,
1783 2535 2083 2582 metantes:

501 2619 713 2677 decem.

575 2708 666 2764 81.
697 2709 756 2766 Si
785 2708 944 2764 utilia
977 2707 1084 2766 sibi
1131 2723 1257 2766 vasa
1295 2717 1352 2766 et
1385 2707 1754 2766 instrumenta
1787 2706 2085 2779 prudenter

503 2808 562 2860 et
583 2810 844 2858 accurate
873 2815 984 2858 non
1017 2799 1346 2867 servaverit,
1378 2799 1549 2857 aridis
1575 2808 1848 2858 vescatur.

941 2991 1022 3050 De
1043 2992 1313 3062 hospitum
1339 3000 1640 3062 exceptare.

579 3083 670 3144 8%.
689 3081 804 3139 Nisi
839 3083 977 3140 bene
1004 3093 1207 3140 etcum
1239 3081 1558 3140 omnimoda
1585 3082 1785 3152 pietate
1839 3081 2083 3153 hospites

2177 567 2309 640 χθέν
2343 568 2492 639 αὐτῷ
2523 569 2721 641 μέτρον
2749 568 2850 639 τῆς
2879 568 3028 639 ἁφῆς
3082 569 3192 622 τῶν
3251 569 3550 641 κανδήλων,
3606 575 3736 630 ὥστε

2175 661 2470 731 γνωρίζειν
2501 661 2666 714 αὐτὸν
2683 660 2776 714 τὸν
2793 660 2988 732 καιρὸν
3005 660 3103 731 τῆς
3129 661 3468 732 Δεσποτικῆς
3495 664 3674 737 ἑορτῆς
3691 668 3734 734 ε,

2175 753 2274 805 καὶ
2306 753 2406 820 τῆς
2434 751 2744 822 Κυριακῆς,
2783 752 2889 821 τῆς
2918 753 3139 822 μνήμης
3161 751 3274 806 τῶν
3303 753 3496 821 ἁγίων,
3540 757 3628 808 xci
3650 759 3736 812 ἐὰν

2179 842 2258 914 μὴ
2284 843 2367 908 δὶς
2404 844 2497 897 καὶ
2515 843 2638 916 τρὶς
2663 844 2764 912 τῆς
2791 842 3088 914 ἑϐδομάδος
3116 843 3386 915 φιλοκαλῇ
3412 845 3503 897 τὸν
3518 847 3636 900 ναδν
3651 847 3733 902 τοῦ

2177 935 2335 1004 Θεοῦ,
2352 937 2458 992 άνά
2487 935 2780 1007 μετανοίας
2806 932 2872 990 λ’.

2637 1047 2799 1118 ,Περὶ
2823 1048 2933 1104 τοῦ
2976 1048 3285 1117 κηπωροῦ.

2217 1179 2220 1182 ’
2250 1163 2360 1224 ος⁹.
2407 1159 2535 1214 Ἐὰν
2575 1159 2650 1230 μὴ
2679 1161 2738 1216 ἐν
2791 1159 2970 1232 καιρῷ
2996 1158 3224 1230 ποιῆται
3256 1159 3358 1224 τὰς
3391 1163 3592 1233 σπορας
3635 1165 3734 1219 τῶν

2179 1252 2452 1324 λαχάνων,
2485 1253 2774 1324 μετάνοιαι
2803 1257 2869 1306 ν’.

2251 1339 2348 1408 οζθ,
2388 1343 2515 1398 Ἐὰν
2543 1343 2618 1415 μὴ
2643 1343 2942 1414 καλλιεργῇ
2973 1343 3052 1407 ὡς
3077 1341 3412 1414 παράδεισον
3433 1345 3628 1417 Κυρίου
3655 1349 3735 1402 τὸν

2181 1434 2618 1504 πεπιστευμένον
2648 1432 2799 1503 αύτῷ
2825 1433 3034 1504 κῆπον,
3067 1433 3213 1490 ὥστε
3278 1436 3534 1506 ἐπαρκεῖν
3591 1437 3736 1492 αὐτὸν

2182 1527 2250 1598 τῇ
2303 1524 2625 1596 ἀδελφότητι
2673 1525 2818 1580 κατά
2883 1526 2994 1580 πᾶν
3050 1520 3195 1589 εἶδος
3251 1524 3484 1596 λαχάνου
3511 1567 3527 1590 ,
3582 1547 3735 1599 μετα.

2181 1614 2329 1679 νοίας
2366 1620 2434 1686 pf.
2864 1669 2870 1676 .

2251 1714 2352 1786 oq’.
2393 1708 2520 1763 Ἐὰν
2548 1707 2858 1779 ἀδιαφόρως
2896 1709 3198 1780 παραμελῇ
3230 1708 3332 1773 τὰς
3372 1709 3607 1781 ἀρδείας,
3651 1714 3734 1768 καὶ

2109 1827 2156 1885 Β
2185 1802 2263 1874 μὴ
2294 1803 2590 1875 ἐμμέτρως
2616 1803 2837 1874 ποτίζῃ,
2875 1803 3160 1874 μετάνοιαι
3185 1809 3255 1875 pf.

2595 1915 2740 1986 Περί
2766 1913 2876 1971 τοῦ
2912 1916 3360 1986 ἁμπελουρτοῦ.

2251 2007 2352 2062 00'.
2392 2006 2522 2062 Ἐἄν
2553 2007 2630 2079 μὴ
2655 2006 2922 2078 φιλοκαλῇ
2945 2008 3045 2078 τὴν
3067 2007 3316 2078 ἄμπελον
3363 2007 3585 2079 Κυρίου,
3627 2007 3731 2062 δια·

2180 2098 2423 2170 τέμνων,
2455 2098 2756 2171 καθαίρων,
2791 2099 3071 2162 σκάπτων,
3123 2098 3422 2171 βοθρεύων,
3471 2102 3562 2161 καὶ
3608 2119 3729 2156 παν-

2179 2191 2347 2256 τοίως
2375 2190 2549 2264 αύτὴν
2580 2190 2948 2262 καλλιεργῶν,
2980 2191 3280 2262 μετανοίας
3312 2190 3378 2262 ρ’.

2601 2302 2744 2374 Περὶ
2782 2302 2894 2360 τοῦ
2931 2304 3354 2373 ἀροτριῶντος.

2253 2425 2329 2474 π’.
2361 2418 2488 2476 Ἐὰν
2515 2419 2626 2476 ἀπὸ
2657 2418 2832 2490 θυμοῦ
2868 2419 3050 2492 πλήξῃ
3083 2419 3179 2475 τὸν
3207 2417 3360 2493 βοῦν,
3414 2420 3448 2494 ἢ
3497 2421 3724 2494 προσενίο

2182 2526 2306 2580 γκοι
2331 2509 2486 2581 ῥῆμα
2519 2509 2775 2574 ἄτακτον,
2809 2509 3101 2580 μετανοίας
3125 2515 3180 2567 ι’.

2251 2697 2366 2747 πα’.
2411 2691 2539 2746 Ἐὰν
2579 2690 2654 2762 μὴ
2680 2691 2750 2744 τὰ
2799 2691 3214 2763 χρησιμεύοντα
3256 2691 3406 2764 αὑτῷ
3443 2693 3599 2763 σκεύη
3641 2695 3722 2749 καί

2181 2783 2442 2856 ἐργαλεῖα
2475 2783 2595 2854 μετ’
2620 2784 2938 2856 ἐπιστήμης
2962 2785 3060 2838 καὶ
3087 2783 3413 2856 ἐπιμελείας
3431 2787 3612 2857 κρατῇ,
3637 2785 3720 2855 ξη.

2184 2876 2518 2950 ροφαγείτω.

2703 2989 2844 3060 Περὶ
2890 2988 3243 3060 ξεινοδόκου.

2255 3081 2366 3152 πβ’.
2409 3080 2536 3136 Ἐάν
2567 3080 2643 3154 μὴ
2671 3081 3009 3154 ὑποδέχηται
3038 3081 3227 3147 καλῶς
3253 3083 3380 3147 τοὺς
3408 3081 3578 3147 ξένους
3604 3083 3718 3152 μετὰ

508 3175 1022 3244 :xceperit,lavans
1059 3173 1228 3244 pedes
1282 3173 1525 3239 illorum,
1564 3172 1619 3227 in
1653 3172 1921 3228 cubiculis
1948 3187 2083 3228 con-

2185 3172 2368 3243 πάσης
2404 3171 2714 3237 εὐλαϐείας,
2764 3173 2974 3227 νίπτων
3026 3174 3156 3238 τοὺς
3201 3173 3370 3238 πόδας
3418 3172 3600 3240 αὐτῶν,
3640 3173 3719 3227 καὶ

512 3267 793 3321 venienter
822 3267 1125 3331 collocans,
1156 3274 1464 3322 metanmas
1491 3275 1734 3321 centum.

582 3359 672 3413 83.
705 3355 762 3412 Si
810 3357 1013 3412 lectum
1067 3372 1178 3434 non
1230 3357 1507 3421 straverit,
1563 3370 1665 3410 nec
1689 3372 1812 3426 qua;
1854 3363 1983 3410 sunt
2031 3354 2085 3410 in

518 3451 655 3505 cella
685 3448 928 3518 stragula
964 3447 1276 3504 excusserit
1313 3456 1364 3502 et
1415 3448 1712 3514 curaverit,
1773 3447 1946 3503 aridis
1995 3462 2090 3502 ve-

514 3550 721 3602 scatur.

586 3629 677 3683 84.
704 3626 970 3683 Similiter
1001 3627 1048 3684 si
1080 3626 1396 3692 cubiculum
1439 3626 1579 3684 bene
1611 3641 1720 3686 non
1747 3629 2094 3687 mundaverit

516 3721 662 3776 intra
693 3720 1114 3776 hebdomadam.
1161 3783 1164 3786 ,

1149 3833 1228 3888 De
1250 3835 1470 3903 pistore.

592 3945 682 4004 85.
721 3945 782 4002 Si
840 3948 968 4018 quis
1018 3947 1074 4002 in
1117 3947 1334 4002 olllcina
1376 3946 1616 4017 paniﬁcii
1666 3949 1831 4004 verba
1880 3917 2112 4020 fecerit;

2187 3263 2457 3326 κοιτάζων
2484 3265 2684 3328 αὐτοὺς
2713 3265 3010 3337 ἁρμοδίως,
3048 3266 3336 3336 μετάνοιαι
3369 3273 3432 3337 ρ’.

2258 3363 2374 3427 πγ’.
2415 3358 2540 3412 Ἐὰν
2601 3358 2738 3430 ἐάσῃ
2800 3357 3080 3430 ἄστρωτον
3106 3357 3209 3429 τὴν
3240 3359 3444 3430 κλίνην,
3480 3358 3565 3412 καὶ
3583 3358 3647 3429 μὴ
3662 3359 3718 3416 τά

2187 3451 2247 3506 ἐν
2294 3453 2360 3523 τῇ
2390 3451 2641 3522 διακονίᾳ
2691 3453 3058 3524 σκεπάσματα
3107 3453 3464 3523 άνατινάσσῃ,
3511 3452 3593 3506 καὶ
3636 3469 3718 3506 πε-

2193 3547 2488 3617 ριποιῆται,
2515 3542 2578 3615 En
2589 3545 2916 3616 ροφαγείτω.

2262 3637 2370 3692 πδν.
2410 3637 2686 3701 Ὡσαύτως
2716 3638 2814 3692 καὶ
2859 3637 2958 3692 ἐὰν
2988 3636 3065 3710 μὴ
3085 3637 3355 3711 φιλοκαλῇ
3397 3637 3483 3692 τδν
3518 3635 3718 3691 κοιτῶνα

2188 3727 2282 3785 διὰ
2306 3730 2405 3800 τῆς
2441 3729 2763 3802 ἑϐδομάδος.

2721 3842 2858 3912 Περὶ
2879 3841 3207 3914 μάγκιπος.

2263 3955 2372 4012 πε’.
2399 3956 2468 4011 Εἴ
2489 3975 2574 4022 τις
2600 3956 2829 4029 λαλήσει
2855 3959 2914 4012 ἐν
2938 3958 3016 4028 τῷ
3066 3958 3426 4031 ἀρτοκοπείῳ,
3451 3957 3550 4012 τῶν
3592 3955 3718 4010 ἁδελο

513 4033 788 4091 ~fratribus
840 4049 1038 4106 panem
1121 4035 1570 4103 elaborantibus,
1653 4048 1954 4094 metanceas
1994 4039 2085 4096 tri-

2193 4047 2313 4119 φῶν
2339 4049 2467 4113 τοὺς
2496 4048 2698 4121 ἄρτους
2716 4049 3242 4121 ἁρτοκοποιούντων,
3258 4049 3521 4122 μετάνοιαι
3544 4047 3598 4099 λ’.

519 4132 692 4201 ginta.

590 4218 682 4274 86.
717 4217 775 4274 Si
829 4217 1008 4288 pistor
1080 4217 1433 4272 immodicam
1485 4225 1888 4274 sarmentorum
1939 4217 2097 4275 nam.

521 4324 668 4365 mam
711 4308 975 4382 subjiciat
1031 4319 1126 4364 aut
1168 4309 1464 4380 lignorum,
1489 4308 1577 4364 vel
1615 4310 1756 4364 male
1773 4325 1966 4380 panem
2001 4327 2097 4366 co-

432 4391 436 4396 ’
520 4411 678 4471 quat,
695 4409 1000 4456 metanmas
1032 4410 1162 4454 tres.

1035 4511 1116 4570 De
1145 4512 1297 4582 fabro
1336 4511 1590 4583 lignario.

594 4603 685 4660 87.
721 4601 776 4658 Si
831 4603 1036 4675 lignum
1077 4603 1258 4658 securi
1313 4605 1648 4674 pessumdet,
1693 4603 1778 4659 vel
1809 4603 2097 4661 abundan-

523 4696 634 4751 tius
671 4696 862 4761 ca'dat,
890 4695 974 4751 vel
1019 4704 1216 4766 praeter
1262 4695 1444 4751 datam
1477 4712 1794 4752 mensuram
1825 4697 2096 4764 concidat,

525 4788 611 4842 vel
643 4789 810 4842 etiam
841 4787 1002 4844 aliter
1030 4785 1228 4846 alliciat
1271 4785 1488 4852 inutile,
1537 4788 1706 4844 aridis
1733 4798 2007 4846 vescatur.

596 4877 686 4933 88.
716 4878 774 4932 Si
829 4879 955 4948 quis
1003 4878 1296 4934 abstulerit
1337 4877 1786 4946 instrumentum,
1835 4879 1996 4936 fabro
2031 4880 2114 4935 lie

527 4968 722 5039 gnario
757 4967 1088 5033 inconsulto,
1134 4966 1218 5022 vel
1277 4983 1344 5022 ex
1379 4968 1502 5024 alia
1532 4969 1746 5028 oiiicina
1779 4971 2093 5042 sumpserit,

529 5070 832 5117 metanmas
861 5058 1278 5131 quinquaginta.

599 5150 692 5205 89.
723 5149 782 5206 Si
825 5149 1253 5206 instrumentum
1307 5151 1742 5224 pessumdederit
1795 5153 1852 5212 in
1902 5152 2098 5226 quavis

2125 4505 2173 4566 D

2264 4237 2386 4300 πςό
2437 4231 2566 4286 Ἐὰν
2601 4231 2678 4302 μὴ
2709 4232 2739 4285 ὁ
2763 4230 2976 4302 μάγκιψ
3001 4230 3336 4304 συμμέτρως
3360 4226 3712 4296 ὕποδάλλοιτὴν

2194 4323 2393 4378 καῦσιν
2421 4323 2531 4378 τῶν
2559 4324 2850 4394 φρυγάνων
2882 4324 2915 4396 ἢ
2949 4323 3058 4377 τῶν
3085 4322 3282 4391 ξύλων,
3341 4322 3374 4396 ἦ
3422 4322 3515 4393 ἐφῇ
3559 4318 3711 4380 κακῶς

2195 4415 2290 4470 τὸν
2309 4415 2512 4504 θᾶρτον,
2539 4415 2821 4487 μετάνοιαι
2853 4420 2924 4483 γ’.

2678 4527 2818 4596 Περὶ
2844 4527 2954 4583 τοῦ
2983 4527 3287 4595 τέκτονος.

2265 4617 2376 4683 σις’.
2421 4619 2546 4674 Ἐὰν
2571 4620 2812 4694 ἀφανίσῃ
2839 4622 2898 4674 τὸ
2919 4620 3302 4692 πελεκώμενον
3338 4619 3499 4688 ξύλον,
3525 4615 3552 4684 ἢ
3574 4616 3708 4680 ὕπερ-

2194 4709 2358 4784 κόψῃ,
2405 4711 2501 4764 καὶ
2529 4711 2683 4781 παρὰ
2712 4712 2773 4764 τὸ
2802 4710 3000 4782 μέτρον
3025 4711 3345 4785 παρακύψῃ,
3371 4710 3402 4780 ἡ
3439 4707 3523 4762 καὶ
3567 4703 3708 4765 ἄλλως
3800 4751 3810 4763 ,

2193 4817 2313 4865 πως
2365 4799 2679 4872 ἁχρειώσει,
2710 4800 3116 4872 ξηροφαγείτω.

2263 4898 2380 4962 ιιι-η’.
2424 4893 2550 4948 Ἐάν
2580 4894 2761 4967 ἐπάρῃ
2787 4910 2872 4957 τις
2907 4892 3188 4964 ἐργαλεῖον
3223 4891 3350 4947 ἄνευ
3387 4887 3472 4945 τοῦ
3501 4885 3707 4944 τέκτονος

2199 4983 2234 5054 ἢ
2264 4983 2326 5049 ἐξ
2355 4984 2524 5057 ἄλλης
2565 4985 2862 5051 διακονίας,
2898 4986 3179 5056 μετάνοιαι
3205 4992 3271 5043 ν’.
3543 4996 3556 5012 ⁸

2273 5163 2385 5220 πθ.
2423 5163 2552 5218 Ἐὰν
2578 5162 2819 5236 ἀπολέσῃ
2847 5163 3131 5236 ἐργαλεῖον
3155 5167 3249 5220 ἐπὶ
3272 5165 3440 5236 πάσης
3459 5156 3703 5219 διακονίας.

527 5241 764 5311 ollicina,
825 5243 994 5302 aridis
1043 5253 1300 5302 vescatur
1353 5255 1410 5302 et
1454 5247 1819 5313 separationis
1875 5261 2085 5320 ptenam

2203 5255 2602 5328 ξηροφαγεετω,
2659 5255 2755 5310 καὶ
2793 5255 3102 5328 ἀφορισμοῦ
3159 5258 3423 5328 ἐπιτίμιον
3460 5253 3623 5323 ἐχέτω.

529 5335 668 5390 luat.

602 5425 691 5484 90.
731 5425 980 5506 Ruptura
1011 5427 1058 5484 si
1096 5428 1340 5485 evenerit
1399 5429 1585 5498 asciae,
1618 5428 1880 5495 terebelli,
1912 5444 2099 5494 serra,

529 5517 763 5586 securis,
804 5518 891 5574 vel
955 5517 1203 5590 cujusvis
1237 5517 1581 5584 ferramenti,
1631 5527 1934 5584 metanoaas
1970 5535 2102 5577 cen-

535 5623 672 5667 tum.

545 5881 550 5884 i
603 5810 631 5850 l
655 5806 790 5864 Vide
834 5807 1099 5881 Cangium
1153 5806 1208 5863 in
1237 5806 1565 5861 Δεσποτικαὶ
1585 5803 1791 5876 ἑορταί.

2267 5435 2338 5499 ῑιν.
2388 5431 2626 5502 κλάσμα
2672 5431 2772 5486 ἐὰν
2813 5430 3043 5505 γίνηται
3103 5432 3423 5504 σκεπάρνου,
3474 5425 3701 5495 τερέτρον,

2201 5523 2440 5596 πρίονβςο
2473 5525 2768 5592 πελέκεως.
2800 5525 2836 5596 ἢ
2867 5526 2961 5582 καὶ
2987 5526 3150 5584 ἄλλου
3179 5524 3338 5590 τινὸς,
3380 5519 3622 5594 μετάνοιαν.
3644 5516 3698 5583 ρ’.
