  <div class='ocr_page' id='page_1' title='image "/cluster/home/n/w/nwhite01/storage/ocr_20150623/99/hvd.32044024464356/880.png"; bbox 0 0 4122 6382; ppageno 0'>
   <div class='ocr_carea' id='block_1_1' title="bbox 440 364 579 428">
    <p class='ocr_par' dir='ltr' id='par_1_1' title="bbox 440 364 579 428">
     <span class='ocr_line' id='line_1_1' title="bbox 440 364 579 428; baseline -0.014 0"><span class='ocrx_word' id='word_1_1' title='bbox 440 364 579 428; x_wconf 64' lang='lat'><strong>1715</strong></span> 
     </span>
    </p>
   </div>
   <div class='ocr_carea' id='block_1_2' title="bbox 935 476 1569 545">
    <p class='ocr_par' dir='ltr' id='par_1_2' title="bbox 935 476 1569 545">
     <span class='ocr_line' id='line_1_2' title="bbox 935 476 1569 545; baseline 0 -12"><span class='ocrx_word' id='word_1_2' title='bbox 935 476 1079 545; x_wconf 77' lang='lat' dir='ltr'><strong>ﬂepl</strong></span> <span class='ocrx_word' id='word_1_3' title='bbox 1125 477 1233 533; x_wconf 82' lang='grc' dir='ltr'>τοῦ</span> <span class='ocrx_word' id='word_1_4' title='bbox 1263 476 1569 545; x_wconf 72' lang='grc' dir='ltr'>κτηγιτου.</span> 
     </span>
    </p>
   </div>
   <div class='ocr_carea' id='block_1_3' title="bbox 511 542 2026 642">
    <p class='ocr_par' dir='ltr' id='par_1_3' title="bbox 511 542 2026 642">
     <span class='ocr_line' id='line_1_3' title="bbox 511 542 2026 642; baseline 0.001 -18"><span class='ocrx_word' id='word_1_5' title='bbox 511 566 619 639; x_wconf 53' lang='grc' dir='ltr'>μα’.</span> <span class='ocrx_word' id='word_1_6' title='bbox 676 568 804 623; x_wconf 83' lang='grc' dir='ltr'><strong>Ἐὰν</strong></span> <span class='ocrx_word' id='word_1_7' title='bbox 841 567 919 641; x_wconf 81' lang='grc' dir='ltr'>μὴ</span> <span class='ocrx_word' id='word_1_8' title='bbox 950 542 1048 640; x_wconf 80' lang='grc' dir='ltr'><strong>τὴν</strong></span> <span class='ocrx_word' id='word_1_9' title='bbox 1083 542 1476 640; x_wconf 78' lang='grc' dir='ltr'>προσήκουσαν</span> <span class='ocrx_word' id='word_1_10' title='bbox 1509 569 1830 641; x_wconf 70' lang='grc' dir='ltr'>δπιμέλειαν</span> <span class='ocrx_word' id='word_1_11' title='bbox 1859 571 2026 642; x_wconf 83' lang='grc' dir='ltr'>ποιῆ-</span> 
     </span>
    </p>
   </div>
   <div class='ocr_carea' id='block_1_4' title="bbox 439 658 2027 732">
    <p class='ocr_par' dir='ltr' id='par_1_4' title="bbox 439 658 2027 732">
     <span class='ocr_line' id='line_1_4' title="bbox 439 658 2027 732; baseline -0.001 -19"><span class='ocrx_word' id='word_1_12' title='bbox 439 672 531 714; x_wconf 84' lang='grc' dir='ltr'><strong>ται</strong></span> <span class='ocrx_word' id='word_1_13' title='bbox 572 661 631 713; x_wconf 72' lang='grc' dir='ltr'>ὲν</span> <span class='ocrx_word' id='word_1_14' title='bbox 679 661 797 721; x_wconf 83' lang='grc' dir='ltr'>τοῖς</span> <span class='ocrx_word' id='word_1_15' title='bbox 848 659 1124 729; x_wconf 80' lang='grc' dir='ltr'><strong>κτήνεσιν,</strong></span> <span class='ocrx_word' id='word_1_16' title='bbox 1155 658 1333 713; x_wconf 85' lang='grc' dir='ltr'>εῐτουν</span> <span class='ocrx_word' id='word_1_17' title='bbox 1365 660 1427 712; x_wconf 82' lang='grc' dir='ltr'>τὸ</span> <span class='ocrx_word' id='word_1_18' title='bbox 1452 660 1511 711; x_wconf 81' lang='grc' dir='ltr'>ὲν</span> <span class='ocrx_word' id='word_1_19' title='bbox 1538 660 1715 732; x_wconf 80' lang='grc' dir='ltr'><strong>καιρῷ</strong></span> <span class='ocrx_word' id='word_1_20' title='bbox 1762 659 1905 732; x_wconf 81' lang='grc' dir='ltr'>ὕδωρ</span> <span class='ocrx_word' id='word_1_21' title='bbox 1946 660 2027 715; x_wconf 85' lang='grc' dir='ltr'>δι-</span> 
     </span>
    </p>
   </div>
   <div class='ocr_carea' id='block_1_5' title="bbox 439 750 2029 822">
    <p class='ocr_par' dir='ltr' id='par_1_5' title="bbox 439 750 2029 822">
     <span class='ocr_line' id='line_1_5' title="bbox 439 750 2029 822; baseline 0.001 -17"><span class='ocrx_word' id='word_1_22' title='bbox 439 751 592 806; x_wconf 82' lang='grc' dir='ltr'>δόναι</span> <span class='ocrx_word' id='word_1_23' title='bbox 618 750 714 804; x_wconf 71' lang='grc' dir='ltr'>καὶ</span> <span class='ocrx_word' id='word_1_24' title='bbox 753 751 854 822; x_wconf 79' lang='grc' dir='ltr'>τὴν</span> <span class='ocrx_word' id='word_1_25' title='bbox 877 750 1107 820; x_wconf 87' lang='grc' dir='ltr'>τροφὴν,</span> <span class='ocrx_word' id='word_1_26' title='bbox 1140 750 1236 803; x_wconf 64' lang='grc' dir='ltr'><strong>καὶ⁵</strong></span> <span class='ocrx_word' id='word_1_27' title='bbox 1260 750 1614 819; x_wconf 83' lang='grc' dir='ltr'>στρωννύειν,</span> <span class='ocrx_word' id='word_1_28' title='bbox 1647 751 1743 805; x_wconf 75' lang='grc' dir='ltr'>καὶ</span> <span class='ocrx_word' id='word_1_29' title='bbox 1771 750 2029 817; x_wconf 80' lang='grc' dir='ltr'><strong>ἀναξύειν</strong></span> 
     </span>
    </p>
   </div>
   <div class='ocr_carea' id='block_1_6' title="bbox 442 840 2027 918">
    <p class='ocr_par' dir='ltr' id='par_1_6' title="bbox 442 840 2027 918">
     <span class='ocr_line' id='line_1_6' title="bbox 442 840 2027 918; baseline 0.003 -23"><span class='ocrx_word' id='word_1_30' title='bbox 442 841 537 895; x_wconf 79' lang='grc' dir='ltr'>καὶ</span> <span class='ocrx_word' id='word_1_31' title='bbox 570 840 904 912; x_wconf 76' lang='grc' dir='ltr'>φιλοκαλεῖν,</span> <span class='ocrx_word' id='word_1_32' title='bbox 935 841 1031 896; x_wconf 74' lang='grc' dir='ltr'>καὶ</span> <span class='ocrx_word' id='word_1_33' title='bbox 1065 841 1489 915; x_wconf 78' lang='grc' dir='ltr'><strong>ἀποκαθαίρειν,</strong></span> <span class='ocrx_word' id='word_1_34' title='bbox 1543 846 1638 899; x_wconf 80' lang='grc' dir='ltr'>καὶ</span> <span class='ocrx_word' id='word_1_35' title='bbox 1682 845 2027 918; x_wconf 78' lang='grc' dir='ltr'>ψηκτρίζειν,</span> 
     </span>
    </p>
   </div>
   <div class='ocr_carea' id='block_1_7' title="bbox 446 937 821 1010">
    <p class='ocr_par' dir='ltr' id='par_1_7' title="bbox 446 937 821 1010">
     <span class='ocr_line' id='line_1_7' title="bbox 446 937 821 1010; baseline 0.003 -19"><span class='ocrx_word' id='word_1_36' title='bbox 446 938 730 1010; x_wconf 82' lang='grc' dir='ltr'>μετάνοιαι</span> <span class='ocrx_word' id='word_1_37' title='bbox 754 937 821 992; x_wconf 86' lang='grc' dir='ltr'>λ’.</span> 
     </span>
    </p>
   </div>
   <div class='ocr_carea' id='block_1_8' title="bbox 516 1028 2029 1105">
    <p class='ocr_par' dir='ltr' id='par_1_8' title="bbox 516 1028 2029 1105">
     <span class='ocr_line' id='line_1_8' title="bbox 516 1028 2029 1105; baseline 0.003 -21"><span class='ocrx_word' id='word_1_38' title='bbox 516 1028 625 1101; x_wconf 55' lang='grc' dir='ltr'>ιβ’.</span> <span class='ocrx_word' id='word_1_39' title='bbox 663 1029 789 1084; x_wconf 82' lang='grc' dir='ltr'><strong>Ἑάν</strong></span> <span class='ocrx_word' id='word_1_40' title='bbox 815 1029 951 1083; x_wconf 82' lang='grc' dir='ltr'>πολὺ</span> <span class='ocrx_word' id='word_1_41' title='bbox 1003 1030 1312 1103; x_wconf 80' lang='grc' dir='ltr'>κατελαύνῃ</span> <span class='ocrx_word' id='word_1_42' title='bbox 1335 1031 1394 1085; x_wconf 78' lang='grc' dir='ltr'>ὲν</span> <span class='ocrx_word' id='word_1_43' title='bbox 1420 1030 1499 1103; x_wconf 85' lang='grc' dir='ltr'>τῷ</span> <span class='ocrx_word' id='word_1_44' title='bbox 1548 1031 1755 1103; x_wconf 75' lang='grc' dir='ltr'>μύλωνι</span> <span class='ocrx_word' id='word_1_45' title='bbox 1775 1033 1810 1105; x_wconf 83' lang='grc' dir='ltr'>ἢ</span> <span class='ocrx_word' id='word_1_46' title='bbox 1857 1034 1918 1089; x_wconf 75' lang='grc' dir='ltr'>ὲν</span> <span class='ocrx_word' id='word_1_47' title='bbox 1932 1030 2029 1091; x_wconf 76' lang='grc' dir='ltr'><strong>ἄλ-</strong></span> 
     </span>
    </p>
   </div>
   <div class='ocr_carea' id='block_1_9' title="bbox 444 1119 2029 1199">
    <p class='ocr_par' dir='ltr' id='par_1_9' title="bbox 444 1119 2029 1199">
     <span class='ocr_line' id='line_1_9' title="bbox 444 1119 2029 1199; baseline 0.004 -24"><span class='ocrx_word' id='word_1_48' title='bbox 444 1119 512 1196; x_wconf 84' lang='grc' dir='ltr'>λῃ</span> <span class='ocrx_word' id='word_1_49' title='bbox 540 1123 666 1194; x_wconf 86' lang='grc' dir='ltr'>όδῷ,</span> <span class='ocrx_word' id='word_1_50' title='bbox 698 1122 732 1194; x_wconf 79' lang='grc' dir='ltr'>ἢ</span> <span class='ocrx_word' id='word_1_51' title='bbox 770 1123 1207 1199; x_wconf 76' lang='grc' dir='ltr'>καταρῤαϐδίζῃ,</span> <span class='ocrx_word' id='word_1_52' title='bbox 1264 1125 1299 1196; x_wconf 85' lang='grc' dir='ltr'><strong>ἦ</strong></span> <span class='ocrx_word' id='word_1_53' title='bbox 1352 1124 1680 1197; x_wconf 81' lang='grc' dir='ltr'>ὲπιφορτίζῃ</span> <span class='ocrx_word' id='word_1_54' title='bbox 1728 1127 1894 1182; x_wconf 81' lang='grc' dir='ltr'>πλέον</span> <span class='ocrx_word' id='word_1_55' title='bbox 1930 1126 2029 1182; x_wconf 77' lang='grc' dir='ltr'><strong>τοῦ</strong></span> 
     </span>
    </p>
   </div>
   <div class='ocr_carea' id='block_1_10' title="bbox 443 1211 2030 1357">
    <p class='ocr_par' dir='ltr' id='par_1_10' title="bbox 443 1211 2030 1357">
     <span class='ocr_line' id='line_1_10' title="bbox 443 1211 2030 1357; baseline 0.004 -90"><span class='ocrx_word' id='word_1_56' title='bbox 443 1213 678 1357; x_wconf 53' lang='grc' dir='ltr'>δῖοντος,</span> <span class='ocrx_word' id='word_1_57' title='bbox 742 1211 1145 1285; x_wconf 81' lang='grc' dir='ltr'>ξηροφαγείτω,</span> <span class='ocrx_word' id='word_1_58' title='bbox 1190 1213 1226 1287; x_wconf 79' lang='grc' dir='ltr'>ἢ</span> <span class='ocrx_word' id='word_1_59' title='bbox 1281 1215 1378 1270; x_wconf 76' lang='grc' dir='ltr'>καὶ</span> <span class='ocrx_word' id='word_1_60' title='bbox 1428 1217 1773 1289; x_wconf 80' lang='grc' dir='ltr'>ἀφοριζέσθω</span> <span class='ocrx_word' id='word_1_61' title='bbox 1817 1220 2030 1291; x_wconf 77' lang='grc' dir='ltr'><strong>ἡμέραν</strong></span> 
     </span>
     <span class='ocr_line' id='line_1_11' title="bbox 447 1320 599 1357; baseline 0 0"><span class='ocrx_word' id='word_1_62' title='bbox 447 1320 599 1357; x_wconf 67' lang='lat' dir='ltr'><strong>nev.</strong></span> 
     </span>
    </p>
   </div>
   <div class='ocr_carea' id='block_1_11' title="bbox 446 1320 599 1376">
    <p class='ocr_par' dir='ltr' id='par_1_11' title="bbox 446 1320 599 1376">
     <span class='ocr_line' id='line_1_12' title="bbox 446 1320 599 1376; baseline 0.013 -20"><span class='ocrx_word' id='word_1_63' title='bbox 446 1320 599 1376; x_wconf 84' lang='grc' dir='ltr'>μιαν.</span> 
     </span>
    </p>
   </div>
   <div class='ocr_carea' id='block_1_12' title="bbox 933 1397 1549 1467">
    <p class='ocr_par' dir='ltr' id='par_1_12' title="bbox 933 1397 1549 1467">
     <span class='ocr_line' id='line_1_13' title="bbox 933 1397 1549 1467; baseline 0.008 -16"><span class='ocrx_word' id='word_1_64' title='bbox 933 1397 1080 1467; x_wconf 71' lang='grc' dir='ltr'>Περὶ</span> <span class='ocrx_word' id='word_1_65' title='bbox 1106 1399 1213 1455; x_wconf 79' lang='grc' dir='ltr'>τοῦ</span> <span class='ocrx_word' id='word_1_66' title='bbox 1238 1399 1549 1456; x_wconf 81' lang='grc' dir='ltr'><strong>διακόνου.</strong></span> 
     </span>
    </p>
   </div>
   <div class='ocr_carea' id='block_1_13' title="bbox 514 1486 2032 1565">
    <p class='ocr_par' dir='ltr' id='par_1_13' title="bbox 514 1486 2032 1565">
     <span class='ocr_line' id='line_1_14' title="bbox 514 1486 2032 1565; baseline 0.005 -25"><span class='ocrx_word' id='word_1_67' title='bbox 514 1490 627 1554; x_wconf 65' lang='grc' dir='ltr'>ια’.</span> <span class='ocrx_word' id='word_1_68' title='bbox 670 1486 800 1541; x_wconf 84' lang='grc' dir='ltr'><strong>Ἐὰν</strong></span> <span class='ocrx_word' id='word_1_69' title='bbox 827 1488 1059 1562; x_wconf 76' lang='grc' dir='ltr'><strong>εἰσφέρῃ</strong></span> <span class='ocrx_word' id='word_1_70' title='bbox 1091 1490 1305 1560; x_wconf 86' lang='grc' dir='ltr'>λόγους,</span> <span class='ocrx_word' id='word_1_71' title='bbox 1341 1491 1375 1562; x_wconf 81' lang='grc' dir='ltr'>ἢ</span> <span class='ocrx_word' id='word_1_72' title='bbox 1405 1491 1523 1564; x_wconf 79' lang='grc' dir='ltr'>εἴδη</span> <span class='ocrx_word' id='word_1_73' title='bbox 1556 1491 1711 1565; x_wconf 88' lang='grc' dir='ltr'><strong>παρά</strong></span> <span class='ocrx_word' id='word_1_74' title='bbox 1746 1491 1858 1547; x_wconf 82' lang='grc' dir='ltr'><strong>τῶν</strong></span> <span class='ocrx_word' id='word_1_75' title='bbox 1924 1491 2032 1557; x_wconf 69' lang='grc' dir='ltr'><strong>ἔξω</strong></span> 
     </span>
    </p>
   </div>
   <div class='ocr_carea' id='block_1_14' title="bbox 443 1578 2033 1659">
    <p class='ocr_par' dir='ltr' id='par_1_14' title="bbox 443 1578 2033 1659">
     <span class='ocr_line' id='line_1_15' title="bbox 443 1578 2033 1659; baseline 0.004 -26"><span class='ocrx_word' id='word_1_76' title='bbox 443 1578 479 1650; x_wconf 73' lang='grc' dir='ltr'>ἢ</span> <span class='ocrx_word' id='word_1_77' title='bbox 510 1581 663 1651; x_wconf 87' lang='grc' dir='ltr'><strong>παρά</strong></span> <span class='ocrx_word' id='word_1_78' title='bbox 708 1581 818 1636; x_wconf 85' lang='grc' dir='ltr'><strong>τῶν</strong></span> <span class='ocrx_word' id='word_1_79' title='bbox 879 1582 1159 1653; x_wconf 76' lang='grc' dir='ltr'>συγγενῶν</span> <span class='ocrx_word' id='word_1_80' title='bbox 1204 1588 1325 1648; x_wconf 85' lang='grc' dir='ltr'>τοῖς</span> <span class='ocrx_word' id='word_1_81' title='bbox 1359 1584 1635 1655; x_wconf 76' lang='grc' dir='ltr'><strong>ἀδελφοῖς,</strong></span> <span class='ocrx_word' id='word_1_82' title='bbox 1684 1585 2033 1659; x_wconf 79' lang='grc' dir='ltr'>ἀφοριζέσθω</span> 
     </span>
    </p>
   </div>
   <div class='ocr_carea' id='block_1_15' title="bbox 443 1674 847 1745">
    <p class='ocr_par' dir='ltr' id='par_1_15' title="bbox 443 1674 847 1745">
     <span class='ocr_line' id='line_1_16' title="bbox 443 1674 847 1745; baseline 0.005 -19"><span class='ocrx_word' id='word_1_83' title='bbox 443 1674 661 1745; x_wconf 80' lang='grc' dir='ltr'><strong>ἡμέραν</strong></span> <span class='ocrx_word' id='word_1_84' title='bbox 697 1674 847 1744; x_wconf 89' lang='grc' dir='ltr'>μίαν.</span> 
     </span>
    </p>
   </div>
   <div class='ocr_carea' id='block_1_16' title="bbox 522 1765 2031 1840">
    <p class='ocr_par' dir='ltr' id='par_1_16' title="bbox 522 1765 2031 1840">
     <span class='ocr_line' id='line_1_17' title="bbox 522 1765 2031 1840; baseline 0.003 -23"><span class='ocrx_word' id='word_1_85' title='bbox 522 1767 618 1833; x_wconf 65' lang='grc' dir='ltr'>ιιδν.</span> <span class='ocrx_word' id='word_1_86' title='bbox 664 1765 788 1818; x_wconf 76' lang='grc' dir='ltr'>Ἐὰν</span> <span class='ocrx_word' id='word_1_87' title='bbox 816 1767 876 1818; x_wconf 82' lang='grc' dir='ltr'>ὲν</span> <span class='ocrx_word' id='word_1_88' title='bbox 909 1768 1031 1829; x_wconf 84' lang='grc' dir='ltr'>ταῖς</span> <span class='ocrx_word' id='word_1_89' title='bbox 1057 1766 1382 1838; x_wconf 76' lang='grc' dir='ltr'>ἀγορασίαις</span> <span class='ocrx_word' id='word_1_90' title='bbox 1427 1768 1461 1839; x_wconf 76' lang='grc' dir='ltr'>ἢ</span> <span class='ocrx_word' id='word_1_91' title='bbox 1516 1770 1575 1822; x_wconf 82' lang='grc' dir='ltr'>ὲν</span> <span class='ocrx_word' id='word_1_92' title='bbox 1610 1770 1730 1831; x_wconf 77' lang='grc' dir='ltr'>ταῖς</span> <span class='ocrx_word' id='word_1_93' title='bbox 1758 1768 2031 1840; x_wconf 80' lang='grc' dir='ltr'>πράσεσι,</span> 
     </span>
    </p>
   </div>
   <div class='ocr_carea' id='block_1_17' title="bbox 1640 365 2525 429">
    <p class='ocr_par' dir='ltr' id='par_1_17' title="bbox 1640 365 2525 429">
     <span class='ocr_line' id='line_1_18' title="bbox 1640 365 2525 429; baseline 0.001 -1"><span class='ocrx_word' id='word_1_94' title='bbox 1640 368 1701 428; x_wconf 76' lang='grc'><strong>8.</strong></span> <span class='ocrx_word' id='word_1_95' title='bbox 1738 365 2129 429; x_wconf 75' lang='lat' dir='ltr'><strong>THEODORI</strong></span> <span class='ocrx_word' id='word_1_96' title='bbox 2173 366 2525 429; x_wconf 49' lang='lat' dir='ltr'><strong>STUDITJI</strong></span> 
     </span>
    </p>
   </div>
   <div class='ocr_carea' id='block_1_18' title="bbox 3575 333 3730 432">
    <p class='ocr_par' dir='ltr' id='par_1_18' title="bbox 3575 333 3730 432">
     <span class='ocr_line' id='line_1_19' title="bbox 3575 333 3730 432; baseline -0.026 0"><span class='ocrx_word' id='word_1_97' title='bbox 3575 333 3730 432; x_wconf 56' lang='grc' dir='ltr'><strong>ηις</strong></span> 
     </span>
    </p>
   </div>
   <div class='ocr_carea' id='block_1_19' title="bbox 2699 476 3152 550">
    <p class='ocr_par' dir='ltr' id='par_1_19' title="bbox 2699 476 3152 550">
     <span class='ocr_line' id='line_1_20' title="bbox 2699 476 3152 550; baseline -0.002 -16"><span class='ocrx_word' id='word_1_98' title='bbox 2699 476 2775 536; x_wconf 77' lang='lat' dir='ltr'><strong>De</strong></span> <span class='ocrx_word' id='word_1_99' title='bbox 2800 480 3152 550; x_wconf 70' lang='lat' dir='ltr'><strong>jammtan‘o.</strong></span> 
     </span>
    </p>
   </div>
   <div class='ocr_carea' id='block_1_20' title="bbox 2198 570 3709 642">
    <p class='ocr_par' dir='ltr' id='par_1_20' title="bbox 2198 570 3709 642">
     <span class='ocr_line' id='line_1_21' title="bbox 2198 570 3709 642; baseline -0.003 -14"><span class='ocrx_word' id='word_1_100' title='bbox 2198 571 2290 628; x_wconf 71' lang='lat'><strong>91.</strong></span> <span class='ocrx_word' id='word_1_101' title='bbox 2321 570 2380 626; x_wconf 91' lang='lat' dir='ltr'><strong>Si</strong></span> <span class='ocrx_word' id='word_1_102' title='bbox 2405 572 2645 627; x_wconf 86' lang='lat' dir='ltr'><strong>debitam</strong></span> <span class='ocrx_word' id='word_1_103' title='bbox 2689 573 3071 640; x_wconf 65' lang='lat' dir='ltr'><strong>iumentorum</strong></span> <span class='ocrx_word' id='word_1_104' title='bbox 3102 587 3292 628; x_wconf 85' lang='lat' dir='ltr'><strong>curam</strong></span> <span class='ocrx_word' id='word_1_105' title='bbox 3323 585 3428 624; x_wconf 89' lang='lat' dir='ltr'><strong>non</strong></span> <span class='ocrx_word' id='word_1_106' title='bbox 3455 574 3709 642; x_wconf 73' lang='lat' dir='ltr'><strong>gesserit,</strong></span> 
     </span>
    </p>
   </div>
   <div class='ocr_carea' id='block_1_21' title="bbox 2127 662 3710 732">
    <p class='ocr_par' dir='ltr' id='par_1_21' title="bbox 2127 662 3710 732">
     <span class='ocr_line' id='line_1_22' title="bbox 2127 662 3710 732; baseline -0.002 -14"><span class='ocrx_word' id='word_1_107' title='bbox 2127 662 2243 718; x_wconf 76' lang='lat' dir='ltr'><strong>sive</strong></span> <span class='ocrx_word' id='word_1_108' title='bbox 2273 671 2517 732; x_wconf 88' lang='lat' dir='ltr'><strong>tempore</strong></span> <span class='ocrx_word' id='word_1_109' title='bbox 2563 663 2759 718; x_wconf 86' lang='lat' dir='ltr'><strong>idoneo</strong></span> <span class='ocrx_word' id='word_1_110' title='bbox 2796 670 2986 732; x_wconf 81' lang='lat' dir='ltr'><strong>potum</strong></span> <span class='ocrx_word' id='word_1_111' title='bbox 3039 671 3369 732; x_wconf 79' lang='lat' dir='ltr'><strong>pastumque</strong></span> <span class='ocrx_word' id='word_1_112' title='bbox 3396 662 3710 731; x_wconf 66' lang='lat' dir='ltr'><strong>praebendo,</strong></span> 
     </span>
    </p>
   </div>
   <div class='ocr_carea' id='block_1_22' title="bbox 2130 753 3701 825">
    <p class='ocr_par' dir='ltr' id='par_1_22' title="bbox 2130 753 3701 825">
     <span class='ocr_line' id='line_1_23' title="bbox 2130 753 3701 825; baseline -0.001 -15"><span class='ocrx_word' id='word_1_113' title='bbox 2130 755 2249 813; x_wconf 88' lang='lat' dir='ltr'><strong>sive</strong></span> <span class='ocrx_word' id='word_1_114' title='bbox 2282 755 2547 811; x_wconf 75' lang='lat' dir='ltr'><strong>stramine</strong></span> <span class='ocrx_word' id='word_1_115' title='bbox 2568 754 3015 825; x_wconf 50' lang='lat' dir='ltr'><strong>subjiciendahet</strong></span> <span class='ocrx_word' id='word_1_116' title='bbox 3046 753 3313 819; x_wconf 73' lang='lat' dir='ltr'><strong>fricando,</strong></span> <span class='ocrx_word' id='word_1_117' title='bbox 3342 762 3396 809; x_wconf 91' lang='lat' dir='ltr'><strong>et</strong></span> <span class='ocrx_word' id='word_1_118' title='bbox 3423 753 3701 824; x_wconf 86' lang='lat' dir='ltr'><strong>poliendo,</strong></span> 
     </span>
    </p>
   </div>
   <div class='ocr_carea' id='block_1_23' title="bbox 2129 843 3712 915">
    <p class='ocr_par' dir='ltr' id='par_1_23' title="bbox 2129 843 3712 915">
     <span class='ocr_line' id='line_1_24' title="bbox 2129 843 3712 915; baseline -0.001 -17"><span class='ocrx_word' id='word_1_119' title='bbox 2129 857 2196 898; x_wconf 89' lang='lat' dir='ltr'><strong>ac</strong></span> <span class='ocrx_word' id='word_1_120' title='bbox 2248 843 2563 898; x_wconf 85' lang='lat' dir='ltr'><strong>mandando</strong></span> <span class='ocrx_word' id='word_1_121' title='bbox 2623 850 2791 914; x_wconf 90' lang='lat' dir='ltr'><strong>atque</strong></span> <span class='ocrx_word' id='word_1_122' title='bbox 2826 843 3241 915; x_wconf 83' lang='lat' dir='ltr'><strong>destringendo,</strong></span> <span class='ocrx_word' id='word_1_123' title='bbox 3269 852 3573 901; x_wconf 71' lang='lat' dir='ltr'><strong>metanmas</strong></span> <span class='ocrx_word' id='word_1_124' title='bbox 3614 846 3712 898; x_wconf 83' lang='lat' dir='ltr'><strong>tri-</strong></span> 
     </span>
    </p>
   </div>
   <div class='ocr_carea' id='block_1_24' title="bbox 2130 932 2303 1004">
    <p class='ocr_par' dir='ltr' id='par_1_24' title="bbox 2130 932 2303 1004">
     <span class='ocr_line' id='line_1_25' title="bbox 2130 932 2303 1004; baseline 0.012 -17"><span class='ocrx_word' id='word_1_125' title='bbox 2130 932 2303 1004; x_wconf 80' lang='lat' dir='ltr'><strong>ginta.</strong></span> 
     </span>
    </p>
   </div>
   <div class='ocr_carea' id='block_1_25' title="bbox 2202 1024 3712 1099">
    <p class='ocr_par' dir='ltr' id='par_1_25' title="bbox 2202 1024 3712 1099">
     <span class='ocr_line' id='line_1_26' title="bbox 2202 1024 3712 1099; baseline -0.003 -14"><span class='ocrx_word' id='word_1_126' title='bbox 2202 1028 2293 1085; x_wconf 78' lang='lat'><strong>92.</strong></span> <span class='ocrx_word' id='word_1_127' title='bbox 2318 1027 2374 1083; x_wconf 89' lang='lat' dir='ltr'><strong>Si</strong></span> <span class='ocrx_word' id='word_1_128' title='bbox 2406 1027 2502 1083; x_wconf 85' lang='lat' dir='ltr'><strong>diu</strong></span> <span class='ocrx_word' id='word_1_129' title='bbox 2541 1026 2830 1099; x_wconf 88' lang='lat' dir='ltr'><strong>agitaverit</strong></span> <span class='ocrx_word' id='word_1_130' title='bbox 2862 1025 2918 1080; x_wconf 89' lang='lat' dir='ltr'><strong>in</strong></span> <span class='ocrx_word' id='word_1_131' title='bbox 2964 1025 3202 1096; x_wconf 86' lang='lat' dir='ltr'><strong>pistrino</strong></span> <span class='ocrx_word' id='word_1_132' title='bbox 3237 1024 3321 1080; x_wconf 85' lang='lat' dir='ltr'><strong>vel</strong></span> <span class='ocrx_word' id='word_1_133' title='bbox 3364 1026 3419 1080; x_wconf 90' lang='lat' dir='ltr'><strong>in</strong></span> <span class='ocrx_word' id='word_1_134' title='bbox 3464 1026 3579 1087; x_wconf 82' lang='lat' dir='ltr'><strong>via.</strong></span> <span class='ocrx_word' id='word_1_135' title='bbox 3616 1038 3712 1081; x_wconf 84' lang='lat' dir='ltr'><strong>aut</strong></span> 
     </span>
    </p>
   </div>
   <div class='ocr_carea' id='block_1_26' title="bbox 2131 1108 3716 1187">
    <p class='ocr_par' dir='ltr' id='par_1_26' title="bbox 2131 1108 3716 1187">
     <span class='ocr_line' id='line_1_27' title="bbox 2131 1108 3716 1187; baseline -0.001 -16"><span class='ocrx_word' id='word_1_136' title='bbox 2131 1116 2281 1187; x_wconf 81' lang='lat' dir='ltr'><strong>virga</strong></span> <span class='ocrx_word' id='word_1_137' title='bbox 2315 1117 2481 1173; x_wconf 88' lang='lat' dir='ltr'><strong>nimis</strong></span> <span class='ocrx_word' id='word_1_138' title='bbox 2521 1114 2849 1178; x_wconf 87' lang='lat' dir='ltr'><strong>contuderit,</strong></span> <span class='ocrx_word' id='word_1_139' title='bbox 2891 1114 2976 1168; x_wconf 86' lang='lat' dir='ltr'><strong>vel</strong></span> <span class='ocrx_word' id='word_1_140' title='bbox 3010 1108 3148 1184; x_wconf 64' lang='lat' dir='ltr'><strong>&#39;plus</strong></span> <span class='ocrx_word' id='word_1_141' title='bbox 3185 1128 3342 1183; x_wconf 76' lang='lat' dir='ltr'><strong>aequo</strong></span> <span class='ocrx_word' id='word_1_142' title='bbox 3370 1128 3510 1169; x_wconf 89' lang='lat' dir='ltr'><strong>onus</strong></span> <span class='ocrx_word' id='word_1_143' title='bbox 3541 1115 3716 1185; x_wconf 87' lang='lat' dir='ltr'><strong>impo-</strong></span> 
     </span>
    </p>
   </div>
   <div class='ocr_carea' id='block_1_27' title="bbox 2132 1202 3714 1274">
    <p class='ocr_par' dir='ltr' id='par_1_27' title="bbox 2132 1202 3714 1274">
     <span class='ocr_line' id='line_1_28' title="bbox 2132 1202 3714 1274; baseline -0.006 -12"><span class='ocrx_word' id='word_1_144' title='bbox 2132 1208 2337 1274; x_wconf 85' lang='lat' dir='ltr'><strong>suerit,</strong></span> <span class='ocrx_word' id='word_1_145' title='bbox 2393 1205 2562 1260; x_wconf 89' lang='lat' dir='ltr'><strong>aridis</strong></span> <span class='ocrx_word' id='word_1_146' title='bbox 2615 1213 2823 1270; x_wconf 88' lang='lat' dir='ltr'><strong>utatur,</strong></span> <span class='ocrx_word' id='word_1_147' title='bbox 2892 1202 2976 1257; x_wconf 82' lang='lat' dir='ltr'><strong>vel</strong></span> <span class='ocrx_word' id='word_1_148' title='bbox 3032 1203 3193 1257; x_wconf 89' lang='lat' dir='ltr'><strong>etiam</strong></span> <span class='ocrx_word' id='word_1_149' title='bbox 3254 1209 3539 1270; x_wconf 87' lang='lat' dir='ltr'><strong>separetur</strong></span> <span class='ocrx_word' id='word_1_150' title='bbox 3603 1216 3714 1254; x_wconf 90' lang='lat' dir='ltr'><strong>uno</strong></span> 
     </span>
    </p>
   </div>
   <div class='ocr_carea' id='block_1_28' title="bbox 2131 1300 2241 1356">
    <p class='ocr_par' dir='ltr' id='par_1_28' title="bbox 2131 1300 2241 1356">
     <span class='ocr_line' id='line_1_29' title="bbox 2131 1300 2241 1356; baseline 0 -1"><span class='ocrx_word' id='word_1_151' title='bbox 2131 1300 2241 1356; x_wconf 90' lang='lat' dir='ltr'><strong>die.</strong></span> 
     </span>
    </p>
   </div>
   <div class='ocr_carea' id='block_1_29' title="bbox 2725 1382 3170 1438">
    <p class='ocr_par' dir='ltr' id='par_1_29' title="bbox 2725 1382 3170 1438">
     <span class='ocr_line' id='line_1_30' title="bbox 2725 1382 3170 1438; baseline -0.002 0"><span class='ocrx_word' id='word_1_152' title='bbox 2725 1383 2803 1438; x_wconf 85' lang='lat' dir='ltr'><strong>De</strong></span> <span class='ocrx_word' id='word_1_153' title='bbox 2830 1382 3170 1437; x_wconf 76' lang='lat' dir='ltr'><strong>administro.</strong></span> 
     </span>
    </p>
   </div>
   <div class='ocr_carea' id='block_1_30' title="bbox 2206 1477 3715 1544">
    <p class='ocr_par' dir='ltr' id='par_1_30' title="bbox 2206 1477 3715 1544">
     <span class='ocr_line' id='line_1_31' title="bbox 2206 1477 3715 1544; baseline -0.003 -8"><span class='ocrx_word' id='word_1_154' title='bbox 2206 1480 2300 1535; x_wconf 73' lang='lat'><strong>95.</strong></span> <span class='ocrx_word' id='word_1_155' title='bbox 2327 1477 2384 1534; x_wconf 93' lang='lat' dir='ltr'><strong>Si</strong></span> <span class='ocrx_word' id='word_1_156' title='bbox 2414 1477 2624 1534; x_wconf 89' lang='lat' dir='ltr'><strong>deferat</strong></span> <span class='ocrx_word' id='word_1_157' title='bbox 2646 1490 2950 1539; x_wconf 89' lang='lat' dir='ltr'><strong>sermones,</strong></span> <span class='ocrx_word' id='word_1_158' title='bbox 3000 1485 3097 1529; x_wconf 81' lang='lat' dir='ltr'><strong>aut</strong></span> <span class='ocrx_word' id='word_1_159' title='bbox 3152 1490 3436 1544; x_wconf 84' lang='lat' dir='ltr'><strong>responsa,</strong></span> <span class='ocrx_word' id='word_1_160' title='bbox 3488 1484 3581 1528; x_wconf 81' lang='lat' dir='ltr'><strong>aut</strong></span> <span class='ocrx_word' id='word_1_161' title='bbox 3626 1490 3715 1531; x_wconf 75' lang='lat' dir='ltr'><strong>res</strong></span> 
     </span>
    </p>
   </div>
   <div class='ocr_carea' id='block_1_31' title="bbox 2134 1563 3711 1626">
    <p class='ocr_par' dir='ltr' id='par_1_31' title="bbox 2134 1563 3711 1626">
     <span class='ocr_line' id='line_1_32' title="bbox 2134 1563 3711 1626; baseline -0.006 0"><span class='ocrx_word' id='word_1_162' title='bbox 2134 1569 2466 1626; x_wconf 84' lang='lat' dir='ltr'><strong>aromaticas</strong></span> <span class='ocrx_word' id='word_1_163' title='bbox 2489 1569 2558 1621; x_wconf 88' lang='lat' dir='ltr'><strong>ab</strong></span> <span class='ocrx_word' id='word_1_164' title='bbox 2574 1565 2850 1621; x_wconf 79' lang='lat' dir='ltr'><strong>extraneis</strong></span> <span class='ocrx_word' id='word_1_165' title='bbox 2873 1576 2969 1620; x_wconf 87' lang='lat' dir='ltr'><strong>aut</strong></span> <span class='ocrx_word' id='word_1_166' title='bbox 3007 1564 3077 1619; x_wconf 88' lang='lat' dir='ltr'><strong>ab</strong></span> <span class='ocrx_word' id='word_1_167' title='bbox 3104 1563 3358 1618; x_wconf 83' lang='lat' dir='ltr'><strong>atlinibus</strong></span> <span class='ocrx_word' id='word_1_168' title='bbox 3382 1564 3449 1618; x_wconf 90' lang='lat' dir='ltr'><strong>ad</strong></span> <span class='ocrx_word' id='word_1_169' title='bbox 3497 1564 3711 1625; x_wconf 82' lang='lat' dir='ltr'><strong>fratres.</strong></span> 
     </span>
    </p>
   </div>
   <div class='ocr_carea' id='block_1_32' title="bbox 2134 1657 2685 1729">
    <p class='ocr_par' dir='ltr' id='par_1_32' title="bbox 2134 1657 2685 1729">
     <span class='ocr_line' id='line_1_33' title="bbox 2134 1657 2685 1729; baseline -0.007 -13"><span class='ocrx_word' id='word_1_170' title='bbox 2134 1670 2420 1729; x_wconf 84' lang='lat' dir='ltr'><strong>separetur</strong></span> <span class='ocrx_word' id='word_1_171' title='bbox 2442 1674 2550 1712; x_wconf 89' lang='lat' dir='ltr'><strong>uno</strong></span> <span class='ocrx_word' id='word_1_172' title='bbox 2578 1657 2685 1713; x_wconf 87' lang='lat' dir='ltr'><strong>die.</strong></span> 
     </span>
    </p>
   </div>
   <div class='ocr_carea' id='block_1_33' title="bbox 2206 1743 3717 1816">
    <p class='ocr_par' dir='ltr' id='par_1_33' title="bbox 2206 1743 3717 1816">
     <span class='ocr_line' id='line_1_34' title="bbox 2206 1743 3717 1816; baseline -0.005 -12"><span class='ocrx_word' id='word_1_173' title='bbox 2206 1749 2296 1805; x_wconf 64' lang='lat'><strong>94.</strong></span> <span class='ocrx_word' id='word_1_174' title='bbox 2324 1749 2382 1803; x_wconf 89' lang='lat' dir='ltr'><strong>Si</strong></span> <span class='ocrx_word' id='word_1_175' title='bbox 2416 1749 2468 1802; x_wconf 92' lang='lat' dir='ltr'><strong>in</strong></span> <span class='ocrx_word' id='word_1_176' title='bbox 2512 1745 2883 1816; x_wconf 85' lang='lat' dir='ltr'><strong>emptionibus</strong></span> <span class='ocrx_word' id='word_1_177' title='bbox 2910 1754 3007 1800; x_wconf 86' lang='lat' dir='ltr'><strong>aut</strong></span> <span class='ocrx_word' id='word_1_178' title='bbox 3034 1743 3445 1800; x_wconf 83' lang='lat' dir='ltr'><strong>venditionibus</strong></span> <span class='ocrx_word' id='word_1_179' title='bbox 3486 1753 3717 1800; x_wconf 69' lang='lat' dir='ltr'><strong>conten-</strong></span> 
     </span>
    </p>
   </div>
   <div class='ocr_carea' id='block_1_34' title="bbox 444 1836 2036 1933">
    <p class='ocr_par' dir='ltr' id='par_1_34' title="bbox 444 1836 2027 1933">
     <span class='ocr_line' id='line_1_35' title="bbox 444 1836 2027 1933; baseline 0.002 -23"><span class='ocrx_word' id='word_1_180' title='bbox 444 1856 804 1927; x_wconf 82' lang='grc' dir='ltr'>διαμάχηται,</span> <span class='ocrx_word' id='word_1_181' title='bbox 851 1858 885 1929; x_wconf 77' lang='grc' dir='ltr'>ἢ</span> <span class='ocrx_word' id='word_1_182' title='bbox 942 1836 1353 1929; x_wconf 80' lang='grc' dir='ltr'>παροξύνηται,</span> <span class='ocrx_word' id='word_1_183' title='bbox 1411 1836 1459 1932; x_wconf 17' lang='grc' dir='ltr'><strong>ἢή</strong></span> <span class='ocrx_word' id='word_1_184' title='bbox 1499 1836 1878 1933; x_wconf 78' lang='grc' dir='ltr'>ὀρκοποιῆται,</span> <span class='ocrx_word' id='word_1_185' title='bbox 1929 1859 2027 1915; x_wconf 80' lang='grc' dir='ltr'>καὶ</span> 
     </span>
    </p>
   </div>
   <div class='ocr_carea' id='block_1_35' title="bbox 2139 1836 3721 1933">
    <p class='ocr_par' dir='ltr' id='par_1_35' title="bbox 2142 1836 3721 1909">
     <span class='ocr_line' id='line_1_36' title="bbox 2142 1836 3721 1909; baseline -0.015 -10"><span class='ocrx_word' id='word_1_186' title='bbox 2142 1843 2305 1909; x_wconf 88' lang='lat' dir='ltr'><strong>derit,</strong></span> <span class='ocrx_word' id='word_1_187' title='bbox 2347 1850 2441 1894; x_wconf 88' lang='lat' dir='ltr'><strong>aut</strong></span> <span class='ocrx_word' id='word_1_188' title='bbox 2502 1837 2896 1899; x_wconf 82' lang='lat' dir='ltr'><strong>excanduerit,</strong></span> <span class='ocrx_word' id='word_1_189' title='bbox 2930 1844 3027 1891; x_wconf 88' lang='lat' dir='ltr'><strong>aut</strong></span> <span class='ocrx_word' id='word_1_190' title='bbox 3068 1836 3356 1907; x_wconf 75' lang='lat' dir='ltr'><strong>juravcrit,</strong></span> <span class='ocrx_word' id='word_1_191' title='bbox 3391 1843 3445 1889; x_wconf 89' lang='lat' dir='ltr'><strong>et</strong></span> <span class='ocrx_word' id='word_1_192' title='bbox 3470 1851 3577 1890; x_wconf 87' lang='lat' dir='ltr'><strong>n0n</strong></span> <span class='ocrx_word' id='word_1_193' title='bbox 3620 1851 3721 1907; x_wconf 80' lang='lat' dir='ltr'><strong>po-</strong></span> 
     </span>
    </p>
   </div>
   <div class='ocr_carea' id='block_1_36' title="bbox 451 1945 2027 2022">
    <p class='ocr_par' dir='ltr' id='par_1_36' title="bbox 451 1945 2027 2022">
     <span class='ocr_line' id='line_1_37' title="bbox 451 1945 2027 2022; baseline 0.004 -24"><span class='ocrx_word' id='word_1_194' title='bbox 451 1946 528 2017; x_wconf 78' lang='grc' dir='ltr'>μὴ</span> <span class='ocrx_word' id='word_1_195' title='bbox 561 1945 723 2017; x_wconf 78' lang='grc' dir='ltr'>μέχρι</span> <span class='ocrx_word' id='word_1_196' title='bbox 773 1946 840 2016; x_wconf 80' lang='grc' dir='ltr'><strong>β’,</strong></span> <span class='ocrx_word' id='word_1_197' title='bbox 870 1948 963 2000; x_wconf 76' lang='grc' dir='ltr'>καὶ</span> <span class='ocrx_word' id='word_1_198' title='bbox 991 1954 1038 2017; x_wconf 81' lang='grc' dir='ltr'>γ’</span> <span class='ocrx_word' id='word_1_199' title='bbox 1100 1948 1285 2017; x_wconf 85' lang='grc' dir='ltr'>φωνῆς</span> <span class='ocrx_word' id='word_1_200' title='bbox 1302 1949 1543 2017; x_wconf 61' lang='grc' dir='ltr'>’ποιῆται</span> <span class='ocrx_word' id='word_1_201' title='bbox 1576 1951 1676 2021; x_wconf 87' lang='grc' dir='ltr'>τήν</span> <span class='ocrx_word' id='word_1_202' title='bbox 1720 1966 1781 2003; x_wconf 90' lang='grc' dir='ltr'><strong>τε</strong></span> <span class='ocrx_word' id='word_1_203' title='bbox 1824 1949 2027 2022; x_wconf 84' lang='grc' dir='ltr'>πράσιν</span> 
     </span>
    </p>
   </div>
   <div class='ocr_carea' id='block_1_37' title="bbox 448 2036 1781 2112">
    <p class='ocr_par' dir='ltr' id='par_1_37' title="bbox 448 2036 1781 2112">
     <span class='ocr_line' id='line_1_38' title="bbox 448 2036 1781 2112; baseline 0.004 -22"><span class='ocrx_word' id='word_1_204' title='bbox 448 2036 547 2091; x_wconf 78' lang='grc' dir='ltr'>καὶ</span> <span class='ocrx_word' id='word_1_205' title='bbox 574 2036 671 2109; x_wconf 79' lang='grc' dir='ltr'>τὴν</span> <span class='ocrx_word' id='word_1_206' title='bbox 697 2038 1025 2110; x_wconf 87' lang='grc' dir='ltr'>ἀγορασίαν,</span> <span class='ocrx_word' id='word_1_207' title='bbox 1050 2037 1157 2093; x_wconf 81' lang='grc' dir='ltr'><strong>άνά</strong></span> <span class='ocrx_word' id='word_1_208' title='bbox 1182 2039 1473 2110; x_wconf 77' lang='grc' dir='ltr'>μετανοίας</span> <span class='ocrx_word' id='word_1_209' title='bbox 1507 2040 1571 2105; x_wconf 86' lang='grc' dir='ltr'>ν’,</span> <span class='ocrx_word' id='word_1_210' title='bbox 1601 2041 1697 2095; x_wconf 77' lang='grc' dir='ltr'>καὶ</span> <span class='ocrx_word' id='word_1_211' title='bbox 1715 2046 1781 2112; x_wconf 88' lang='grc' dir='ltr'>ρ’.</span> 
     </span>
    </p>
   </div>
   <div class='ocr_carea' id='block_1_38' title="bbox 520 2215 2033 2292">
    <p class='ocr_par' dir='ltr' id='par_1_38' title="bbox 520 2215 2033 2292">
     <span class='ocr_line' id='line_1_39' title="bbox 520 2215 2033 2292; baseline -0.008 -7"><span class='ocrx_word' id='word_1_212' title='bbox 520 2216 624 2285; x_wconf 60' lang='grc' dir='ltr'><strong>ιιέ·</strong></span> <span class='ocrx_word' id='word_1_213' title='bbox 670 2215 801 2272; x_wconf 73' lang='grc' dir='ltr'><strong>Ἒάν</strong></span> <span class='ocrx_word' id='word_1_214' title='bbox 831 2216 907 2290; x_wconf 69' lang='grc' dir='ltr'><strong>μὴ</strong></span> <span class='ocrx_word' id='word_1_215' title='bbox 937 2217 1080 2289; x_wconf 71' lang='grc' dir='ltr'><strong>μετά</strong></span> <span class='ocrx_word' id='word_1_216' title='bbox 1103 2220 1495 2292; x_wconf 77' lang='grc' dir='ltr'>πρυσηκούσης</span> <span class='ocrx_word' id='word_1_217' title='bbox 1525 2219 1812 2285; x_wconf 82' lang='grc' dir='ltr'>εὐλαϐείας</span> <span class='ocrx_word' id='word_1_218' title='bbox 1867 2220 2033 2291; x_wconf 81' lang='grc' dir='ltr'>ποιῆ-</span> 
     </span>
    </p>
   </div>
   <div class='ocr_carea' id='block_1_39' title="bbox 446 2308 2036 2383">
    <p class='ocr_par' dir='ltr' id='par_1_39' title="bbox 446 2308 2036 2383">
     <span class='ocr_line' id='line_1_40' title="bbox 446 2308 2036 2383; baseline 0.001 -22"><span class='ocrx_word' id='word_1_219' title='bbox 446 2320 541 2362; x_wconf 86' lang='grc' dir='ltr'><strong>ται</strong></span> <span class='ocrx_word' id='word_1_220' title='bbox 559 2308 658 2372; x_wconf 73' lang='grc' dir='ltr'><strong>τὰς</strong></span> <span class='ocrx_word' id='word_1_221' title='bbox 676 2308 784 2363; x_wconf 70' lang='grc' dir='ltr'><strong>ἀπὸ</strong></span> <span class='ocrx_word' id='word_1_222' title='bbox 806 2308 902 2363; x_wconf 82' lang='grc' dir='ltr'><strong>τοῦ</strong></span> <span class='ocrx_word' id='word_1_223' title='bbox 939 2311 1306 2383; x_wconf 83' lang='grc' dir='ltr'>μοναστηρίου</span> <span class='ocrx_word' id='word_1_224' title='bbox 1339 2312 1579 2377; x_wconf 75' lang='grc' dir='ltr'>ἐξόδους,</span> <span class='ocrx_word' id='word_1_225' title='bbox 1623 2310 1765 2365; x_wconf 83' lang='grc' dir='ltr'>ὥστε</span> <span class='ocrx_word' id='word_1_226' title='bbox 1799 2310 1916 2381; x_wconf 87' lang='grc' dir='ltr'>μετ’</span> <span class='ocrx_word' id='word_1_227' title='bbox 1946 2310 2036 2363; x_wconf 81' lang='grc' dir='ltr'><strong>εὑ-</strong></span> 
     </span>
    </p>
   </div>
   <div class='ocr_carea' id='block_1_40' title="bbox 450 2401 2035 2475">
    <p class='ocr_par' dir='ltr' id='par_1_40' title="bbox 450 2401 2035 2475">
     <span class='ocr_line' id='line_1_41' title="bbox 450 2401 2035 2475; baseline -0.008 -19"><span class='ocrx_word' id='word_1_228' title='bbox 450 2401 551 2471; x_wconf 82' lang='grc' dir='ltr'>χῆς</span> <span class='ocrx_word' id='word_1_229' title='bbox 579 2402 906 2472; x_wconf 74' lang='grc' dir='ltr'>περιπατεῖν</span> <span class='ocrx_word' id='word_1_230' title='bbox 937 2402 1033 2454; x_wconf 75' lang='grc' dir='ltr'>καὶ</span> <span class='ocrx_word' id='word_1_231' title='bbox 1079 2402 1443 2473; x_wconf 86' lang='grc' dir='ltr'>στιχολογίας,</span> <span class='ocrx_word' id='word_1_232' title='bbox 1499 2403 1574 2475; x_wconf 85' lang='grc' dir='ltr'>μὴ</span> <span class='ocrx_word' id='word_1_233' title='bbox 1628 2402 2035 2473; x_wconf 55' lang='lat' dir='ltr'><strong>ereptam-69,5-</strong></span> 
     </span>
    </p>
   </div>
   <div class='ocr_carea' id='block_1_41' title="bbox 450 2492 2038 2566">
    <p class='ocr_par' dir='ltr' id='par_1_41' title="bbox 450 2492 2038 2566">
     <span class='ocr_line' id='line_1_42' title="bbox 450 2492 2038 2566; baseline 0.002 -22"><span class='ocrx_word' id='word_1_234' title='bbox 450 2507 542 2556; x_wconf 86' lang='grc' dir='ltr'><strong>νος</strong></span> <span class='ocrx_word' id='word_1_235' title='bbox 594 2493 673 2555; x_wconf 79' lang='grc' dir='ltr'><strong>είς</strong></span> <span class='ocrx_word' id='word_1_236' title='bbox 701 2492 1021 2559; x_wconf 75' lang='grc' dir='ltr'>γυναικείας</span> <span class='ocrx_word' id='word_1_237' title='bbox 1058 2492 1298 2566; x_wconf 76' lang='grc' dir='ltr'>δψεις,ῆ</span> <span class='ocrx_word' id='word_1_238' title='bbox 1356 2495 1489 2549; x_wconf 78' lang='grc' dir='ltr'>ἄλλα</span> <span class='ocrx_word' id='word_1_239' title='bbox 1514 2495 1791 2565; x_wconf 79' lang='grc' dir='ltr'>ἀνωφελῆ,</span> <span class='ocrx_word' id='word_1_240' title='bbox 1831 2494 1920 2549; x_wconf 81' lang='grc' dir='ltr'>ἵνα</span> <span class='ocrx_word' id='word_1_241' title='bbox 1977 2493 2038 2547; x_wconf 75' lang='grc' dir='ltr'><strong>τὸ</strong></span> 
     </span>
    </p>
   </div>
   <div class='ocr_carea' id='block_1_42' title="bbox 454 2584 2041 2658">
    <p class='ocr_par' dir='ltr' id='par_1_42' title="bbox 454 2584 2041 2658">
     <span class='ocr_line' id='line_1_43' title="bbox 454 2584 2041 2658; baseline -0.001 -17"><span class='ocrx_word' id='word_1_242' title='bbox 454 2589 582 2641; x_wconf 82' lang='grc' dir='ltr'>ὅσον</span> <span class='ocrx_word' id='word_1_243' title='bbox 609 2587 699 2641; x_wconf 80' lang='grc' dir='ltr'><strong>ἐπ’</strong></span> <span class='ocrx_word' id='word_1_244' title='bbox 727 2586 893 2642; x_wconf 80' lang='grc' dir='ltr'>αὐτὸν</span> <span class='ocrx_word' id='word_1_245' title='bbox 914 2587 1208 2657; x_wconf 78' lang='grc' dir='ltr'><strong>δοξάζηται</strong></span> <span class='ocrx_word' id='word_1_246' title='bbox 1246 2590 1273 2641; x_wconf 87' lang='grc' dir='ltr'>ὁ</span> <span class='ocrx_word' id='word_1_247' title='bbox 1303 2587 1435 2651; x_wconf 85' lang='grc' dir='ltr'>Θεὸς</span> <span class='ocrx_word' id='word_1_248' title='bbox 1468 2587 1558 2640; x_wconf 90' lang='grc' dir='ltr'><strong>διά</strong></span> <span class='ocrx_word' id='word_1_249' title='bbox 1584 2586 1686 2657; x_wconf 77' lang='grc' dir='ltr'>τῆς</span> <span class='ocrx_word' id='word_1_250' title='bbox 1737 2585 1846 2642; x_wconf 82' lang='grc' dir='ltr'><strong>τῶν</strong></span> <span class='ocrx_word' id='word_1_251' title='bbox 1870 2584 2041 2658; x_wconf 81' lang='grc' dir='ltr'>ὁρών-</span> 
     </span>
    </p>
   </div>
   <div class='ocr_carea' id='block_1_43' title="bbox 450 2677 1720 2754">
    <p class='ocr_par' dir='ltr' id='par_1_43' title="bbox 450 2677 1720 2754">
     <span class='ocr_line' id='line_1_44' title="bbox 450 2677 1720 2754; baseline 0.002 -22"><span class='ocrx_word' id='word_1_252' title='bbox 450 2696 562 2734; x_wconf 86' lang='grc' dir='ltr'><strong>των</strong></span> <span class='ocrx_word' id='word_1_253' title='bbox 594 2678 887 2749; x_wconf 83' lang='grc' dir='ltr'>ὠφελείας,</span> <span class='ocrx_word' id='word_1_254' title='bbox 912 2677 1294 2751; x_wconf 83' lang='grc' dir='ltr'>ξηροφαγείτω</span> <span class='ocrx_word' id='word_1_255' title='bbox 1322 2679 1537 2754; x_wconf 76' lang='grc' dir='ltr'>ἡμέραν</span> <span class='ocrx_word' id='word_1_256' title='bbox 1571 2680 1720 2751; x_wconf 90' lang='grc' dir='ltr'>μίαν.</span> 
     </span>
    </p>
   </div>
   <div class='ocr_carea' id='block_1_44' title="bbox 696 2770 1810 2840">
    <p class='ocr_par' dir='ltr' id='par_1_44' title="bbox 696 2770 1810 2840">
     <span class='ocr_line' id='line_1_45' title="bbox 696 2770 1810 2840; baseline 0.002 -14"><span class='ocrx_word' id='word_1_257' title='bbox 696 2772 838 2840; x_wconf 70' lang='grc' dir='ltr'>Περὶ</span> <span class='ocrx_word' id='word_1_258' title='bbox 864 2771 972 2826; x_wconf 83' lang='grc' dir='ltr'>τοῦ</span> <span class='ocrx_word' id='word_1_259' title='bbox 1005 2771 1381 2827; x_wconf 70' lang='grc' dir='ltr'>διδασκάλου</span> <span class='ocrx_word' id='word_1_260' title='bbox 1415 2770 1535 2826; x_wconf 81' lang='grc' dir='ltr'><strong>τῶν</strong></span> <span class='ocrx_word' id='word_1_261' title='bbox 1557 2772 1810 2828; x_wconf 77' lang='grc' dir='ltr'>παίδων.</span> 
     </span>
    </p>
   </div>
   <div class='ocr_carea' id='block_1_45' title="bbox 526 2862 2043 2938">
    <p class='ocr_par' dir='ltr' id='par_1_45' title="bbox 526 2862 2043 2938">
     <span class='ocr_line' id='line_1_46' title="bbox 526 2862 2043 2938; baseline 0 -19"><span class='ocrx_word' id='word_1_262' title='bbox 526 2866 641 2933; x_wconf 52' lang='grc' dir='ltr'>ᾖς’.</span> <span class='ocrx_word' id='word_1_263' title='bbox 692 2862 820 2917; x_wconf 89' lang='grc' dir='ltr'>Ἐἀν</span> <span class='ocrx_word' id='word_1_264' title='bbox 859 2862 935 2934; x_wconf 80' lang='grc' dir='ltr'>μὴ</span> <span class='ocrx_word' id='word_1_265' title='bbox 980 2863 1267 2935; x_wconf 85' lang='grc' dir='ltr'>σπλάγχνα</span> <span class='ocrx_word' id='word_1_266' title='bbox 1298 2863 1603 2935; x_wconf 71' lang='grc' dir='ltr'>οἰκτιρμῶν</span> <span class='ocrx_word' id='word_1_267' title='bbox 1632 2868 1730 2920; x_wconf 76' lang='grc' dir='ltr'>καὶ</span> <span class='ocrx_word' id='word_1_268' title='bbox 1761 2866 2043 2938; x_wconf 84' lang='grc' dir='ltr'>πατρικὴν</span> 
     </span>
    </p>
   </div>
   <div class='ocr_carea' id='block_1_46' title="bbox 454 2956 2045 3029">
    <p class='ocr_par' dir='ltr' id='par_1_46' title="bbox 454 2956 2045 3029">
     <span class='ocr_line' id='line_1_47' title="bbox 454 2956 2045 3029; baseline 0 -19"><span class='ocrx_word' id='word_1_269' title='bbox 454 2957 695 3011; x_wconf 83' lang='grc' dir='ltr'>διάθεσιν</span> <span class='ocrx_word' id='word_1_270' title='bbox 727 2956 848 3029; x_wconf 74' lang='grc' dir='ltr'><strong>ἔχῃ,</strong></span> <span class='ocrx_word' id='word_1_271' title='bbox 873 2957 1016 3011; x_wconf 84' lang='grc' dir='ltr'>ὥστε</span> <span class='ocrx_word' id='word_1_272' title='bbox 1069 2958 1360 3028; x_wconf 72' lang='grc' dir='ltr'>ἐκτρέφειν</span> <span class='ocrx_word' id='word_1_273' title='bbox 1410 2957 1479 3011; x_wconf 90' lang='grc' dir='ltr'><strong>τά</strong></span> <span class='ocrx_word' id='word_1_274' title='bbox 1518 2959 1688 3029; x_wconf 87' lang='grc' dir='ltr'>νήπια</span> <span class='ocrx_word' id='word_1_275' title='bbox 1735 2961 1792 3012; x_wconf 80' lang='grc' dir='ltr'>ἐν</span> <span class='ocrx_word' id='word_1_276' title='bbox 1823 2956 2045 3029; x_wconf 77' lang='grc' dir='ltr'>παιδείᾳ</span> 
     </span>
    </p>
   </div>
   <div class='ocr_carea' id='block_1_47' title="bbox 455 3047 2045 3121">
    <p class='ocr_par' dir='ltr' id='par_1_47' title="bbox 455 3047 2045 3121">
     <span class='ocr_line' id='line_1_48' title="bbox 455 3047 2045 3121; baseline 0 -19"><span class='ocrx_word' id='word_1_277' title='bbox 455 3049 551 3102; x_wconf 77' lang='grc' dir='ltr'>καὶ</span> <span class='ocrx_word' id='word_1_278' title='bbox 579 3047 829 3121; x_wconf 81' lang='grc' dir='ltr'>νουθεσίᾳ</span> <span class='ocrx_word' id='word_1_279' title='bbox 861 3048 1093 3119; x_wconf 83' lang='grc' dir='ltr'>Κυρίου,</span> <span class='ocrx_word' id='word_1_280' title='bbox 1116 3048 1466 3118; x_wconf 81' lang='grc' dir='ltr'>ίμειρόμενος</span> <span class='ocrx_word' id='word_1_281' title='bbox 1522 3050 1702 3103; x_wconf 84' lang='grc' dir='ltr'>αὐτῶν</span> <span class='ocrx_word' id='word_1_282' title='bbox 1749 3049 1893 3115; x_wconf 74' lang='grc' dir='ltr'>κο.τά</span> <span class='ocrx_word' id='word_1_283' title='bbox 1936 3047 2045 3118; x_wconf 79' lang='grc' dir='ltr'>ψυ-</span> 
     </span>
    </p>
   </div>
   <div class='ocr_carea' id='block_1_48' title="bbox 454 3137 2047 3211">
    <p class='ocr_par' dir='ltr' id='par_1_48' title="bbox 454 3137 2047 3211">
     <span class='ocr_line' id='line_1_49' title="bbox 454 3137 2047 3211; baseline 0.003 -18"><span class='ocrx_word' id='word_1_284' title='bbox 454 3139 560 3211; x_wconf 80' lang='grc' dir='ltr'><strong>χὴν</strong></span> <span class='ocrx_word' id='word_1_285' title='bbox 605 3139 700 3193; x_wconf 79' lang='grc' dir='ltr'>καὶ</span> <span class='ocrx_word' id='word_1_286' title='bbox 742 3137 884 3193; x_wconf 84' lang='grc' dir='ltr'>κατὰ</span> <span class='ocrx_word' id='word_1_287' title='bbox 914 3139 1101 3209; x_wconf 85' lang='grc' dir='ltr'>σῶμα,</span> <span class='ocrx_word' id='word_1_288' title='bbox 1146 3139 1393 3205; x_wconf 83' lang='grc' dir='ltr'>θάλπων,</span> <span class='ocrx_word' id='word_1_289' title='bbox 1429 3140 1523 3194; x_wconf 80' lang='grc' dir='ltr'>καὶ</span> <span class='ocrx_word' id='word_1_290' title='bbox 1549 3142 1831 3209; x_wconf 71' lang='grc' dir='ltr'>περιέπων</span> <span class='ocrx_word' id='word_1_291' title='bbox 1861 3142 2047 3198; x_wconf 77' lang='grc' dir='ltr'>πόσαν</span> 
     </span>
    </p>
   </div>
   <div class='ocr_carea' id='block_1_49' title="bbox 454 3228 2040 3303">
    <p class='ocr_par' dir='ltr' id='par_1_49' title="bbox 454 3228 2040 3303">
     <span class='ocr_line' id='line_1_50' title="bbox 454 3228 2040 3303; baseline 0.001 -19"><span class='ocrx_word' id='word_1_292' title='bbox 454 3234 555 3303; x_wconf 81' lang='grc' dir='ltr'>τὴν</span> <span class='ocrx_word' id='word_1_293' title='bbox 601 3229 923 3302; x_wconf 80' lang='grc' dir='ltr'>σωματικὴν</span> <span class='ocrx_word' id='word_1_294' title='bbox 953 3228 1135 3285; x_wconf 80' lang='grc' dir='ltr'>αὐτῶν</span> <span class='ocrx_word' id='word_1_295' title='bbox 1190 3230 1530 3300; x_wconf 78' lang='grc' dir='ltr'>ἐπιμέλειαν,</span> <span class='ocrx_word' id='word_1_296' title='bbox 1583 3234 1688 3286; x_wconf 85' lang='grc' dir='ltr'><strong>ἀνά</strong></span> <span class='ocrx_word' id='word_1_297' title='bbox 1750 3232 2040 3303; x_wconf 83' lang='grc' dir='ltr'>μετανοίας</span> 
     </span>
    </p>
   </div>
   <div class='ocr_carea' id='block_1_50' title="bbox 459 3321 2042 3397">
    <p class='ocr_par' dir='ltr' id='par_1_50' title="bbox 459 3321 2042 3397">
     <span class='ocr_line' id='line_1_51' title="bbox 459 3321 2042 3397; baseline 0.002 -20"><span class='ocrx_word' id='word_1_298' title='bbox 459 3330 506 3394; x_wconf 89' lang='grc' dir='ltr'>ρ’</span> <span class='ocrx_word' id='word_1_299' title='bbox 539 3364 556 3391; x_wconf 95' lang='grc'><strong>,</strong></span> <span class='ocrx_word' id='word_1_300' title='bbox 603 3324 700 3377; x_wconf 75' lang='grc' dir='ltr'>καὶ</span> <span class='ocrx_word' id='word_1_301' title='bbox 752 3322 1132 3395; x_wconf 80' lang='grc' dir='ltr'>ξηροφαγείτω</span> <span class='ocrx_word' id='word_1_302' title='bbox 1165 3366 1181 3391; x_wconf 89' lang='grc'><strong>,</strong></span> <span class='ocrx_word' id='word_1_303' title='bbox 1242 3321 1279 3396; x_wconf 78' lang='grc' dir='ltr'><strong>ἢ</strong></span> <span class='ocrx_word' id='word_1_304' title='bbox 1348 3323 1697 3396; x_wconf 75' lang='grc' dir='ltr'>ἀφοριζέσθω</span> <span class='ocrx_word' id='word_1_305' title='bbox 1769 3324 2042 3397; x_wconf 76' lang='grc' dir='ltr'>ἑϐδομάδα</span> 
     </span>
    </p>
   </div>
   <div class='ocr_carea' id='block_1_51' title="bbox 462 3414 614 3485">
    <p class='ocr_par' dir='ltr' id='par_1_51' title="bbox 462 3414 614 3485">
     <span class='ocr_line' id='line_1_52' title="bbox 462 3414 614 3485; baseline 0.013 -20"><span class='ocrx_word' id='word_1_306' title='bbox 462 3414 614 3485; x_wconf 84' lang='grc' dir='ltr'>μίαν.</span> 
     </span>
    </p>
   </div>
   <div class='ocr_carea' id='block_1_52' title="bbox 530 3504 2041 3578">
    <p class='ocr_par' dir='ltr' id='par_1_52' title="bbox 530 3504 2041 3578">
     <span class='ocr_line' id='line_1_53' title="bbox 530 3504 2041 3578; baseline 0.001 -20"><span class='ocrx_word' id='word_1_307' title='bbox 530 3505 637 3573; x_wconf 60' lang='grc' dir='ltr'>ιιζν.</span> <span class='ocrx_word' id='word_1_308' title='bbox 666 3504 852 3558; x_wconf 83' lang='grc' dir='ltr'>Πάντα</span> <span class='ocrx_word' id='word_1_309' title='bbox 875 3504 1100 3576; x_wconf 73' lang='grc' dir='ltr'>αἰσχρὸν</span> <span class='ocrx_word' id='word_1_310' title='bbox 1120 3504 1281 3573; x_wconf 85' lang='grc' dir='ltr'>λόγον</span> <span class='ocrx_word' id='word_1_311' title='bbox 1333 3504 1369 3576; x_wconf 77' lang='grc' dir='ltr'>ἢ</span> <span class='ocrx_word' id='word_1_312' title='bbox 1418 3505 1799 3571; x_wconf 77' lang='grc' dir='ltr'>ὀνειδιστικὸν,</span> <span class='ocrx_word' id='word_1_313' title='bbox 1862 3505 2041 3578; x_wconf 79' lang='grc' dir='ltr'>πάρεξ</span> 
     </span>
    </p>
   </div>
   <div class='ocr_carea' id='block_1_53' title="bbox 458 3591 2041 3667">
    <p class='ocr_par' dir='ltr' id='par_1_53' title="bbox 458 3591 2041 3667">
     <span class='ocr_line' id='line_1_54' title="bbox 458 3591 2041 3667; baseline 0.003 -19"><span class='ocrx_word' id='word_1_314' title='bbox 458 3595 569 3648; x_wconf 86' lang='grc' dir='ltr'>τῶν</span> <span class='ocrx_word' id='word_1_315' title='bbox 601 3591 879 3667; x_wconf 83' lang='grc' dir='ltr'>ἀρχόντων</span> <span class='ocrx_word' id='word_1_316' title='bbox 903 3595 999 3647; x_wconf 76' lang='grc' dir='ltr'>καὶ</span> <span class='ocrx_word' id='word_1_317' title='bbox 1030 3595 1399 3658; x_wconf 84' lang='grc' dir='ltr'>παιδευτικῶς</span> <span class='ocrx_word' id='word_1_318' title='bbox 1433 3596 1607 3649; x_wconf 78' lang='grc' dir='ltr'>ταῦτα</span> <span class='ocrx_word' id='word_1_319' title='bbox 1647 3596 1981 3666; x_wconf 83' lang='grc' dir='ltr'>λαλούντων,</span> <span class='ocrx_word' id='word_1_320' title='bbox 2011 3599 2041 3652; x_wconf 83' lang='grc'>6</span> 
     </span>
    </p>
   </div>
   <div class='ocr_carea' id='block_1_54' title="bbox 460 3685 1845 3761">
    <p class='ocr_par' dir='ltr' id='par_1_54' title="bbox 460 3685 1845 3761">
     <span class='ocr_line' id='line_1_55' title="bbox 460 3685 1845 3761; baseline 0.001 -20"><span class='ocrx_word' id='word_1_321' title='bbox 460 3687 713 3761; x_wconf 72' lang='grc' dir='ltr'>ἐκφέρων</span> <span class='ocrx_word' id='word_1_322' title='bbox 750 3688 810 3740; x_wconf 82' lang='grc' dir='ltr'>ὲν</span> <span class='ocrx_word' id='word_1_323' title='bbox 842 3687 910 3758; x_wconf 78' lang='grc' dir='ltr'>τῇ</span> <span class='ocrx_word' id='word_1_324' title='bbox 934 3685 1282 3758; x_wconf 81' lang='grc' dir='ltr'>ἀδελφότητι,</span> <span class='ocrx_word' id='word_1_325' title='bbox 1328 3686 1434 3741; x_wconf 88' lang='grc' dir='ltr'><strong>ἀνά</strong></span> <span class='ocrx_word' id='word_1_326' title='bbox 1464 3688 1756 3756; x_wconf 86' lang='grc' dir='ltr'>μετανοίας</span> <span class='ocrx_word' id='word_1_327' title='bbox 1780 3693 1845 3744; x_wconf 87' lang='grc' dir='ltr'>ν’.</span> 
     </span>
    </p>
   </div>
   <div class='ocr_carea' id='block_1_55' title="bbox 917 3861 1596 3933">
    <p class='ocr_par' dir='ltr' id='par_1_55' title="bbox 917 3861 1596 3933">
     <span class='ocr_line' id='line_1_56' title="bbox 917 3861 1596 3933; baseline 0.004 -17"><span class='ocrx_word' id='word_1_328' title='bbox 917 3863 1062 3932; x_wconf 75' lang='grc' dir='ltr'>Περὶ</span> <span class='ocrx_word' id='word_1_329' title='bbox 1108 3862 1218 3918; x_wconf 84' lang='grc' dir='ltr'>τοῦ</span> <span class='ocrx_word' id='word_1_330' title='bbox 1265 3861 1596 3933; x_wconf 81' lang='grc' dir='ltr'>κοσμήτου.</span> 
     </span>
    </p>
   </div>
   <div class='ocr_carea' id='block_1_56' title="bbox 534 3956 2043 4031">
    <p class='ocr_par' dir='ltr' id='par_1_56' title="bbox 534 3956 2043 4031">
     <span class='ocr_line' id='line_1_57' title="bbox 534 3956 2043 4031; baseline 0.002 -22"><span class='ocrx_word' id='word_1_331' title='bbox 534 3960 644 4027; x_wconf 67' lang='grc' dir='ltr'>ιιηθ.</span> <span class='ocrx_word' id='word_1_332' title='bbox 688 3956 817 4009; x_wconf 74' lang='grc' dir='ltr'><strong>Ἐὰν</strong></span> <span class='ocrx_word' id='word_1_333' title='bbox 867 3956 943 4028; x_wconf 84' lang='grc' dir='ltr'>μὴ</span> <span class='ocrx_word' id='word_1_334' title='bbox 968 3957 1049 4019; x_wconf 75' lang='grc' dir='ltr'>δὶς</span> <span class='ocrx_word' id='word_1_335' title='bbox 1085 3957 1186 4024; x_wconf 81' lang='grc' dir='ltr'><strong>τῆς</strong></span> <span class='ocrx_word' id='word_1_336' title='bbox 1214 3956 1513 4028; x_wconf 76' lang='grc' dir='ltr'>ἑϐδομάδος</span> <span class='ocrx_word' id='word_1_337' title='bbox 1538 3958 1719 4011; x_wconf 74' lang='grc' dir='ltr'>πᾶσαν</span> <span class='ocrx_word' id='word_1_338' title='bbox 1749 3956 1851 4030; x_wconf 71' lang='grc' dir='ltr'>τὴν</span> <span class='ocrx_word' id='word_1_339' title='bbox 1874 3957 2043 4031; x_wconf 82' lang='grc' dir='ltr'>μονὴν</span> 
     </span>
    </p>
   </div>
   <div class='ocr_carea' id='block_1_57' title="bbox 463 4047 1668 4121">
    <p class='ocr_par' dir='ltr' id='par_1_57' title="bbox 463 4047 1668 4121">
     <span class='ocr_line' id='line_1_58' title="bbox 463 4047 1668 4121; baseline 0.002 -20"><span class='ocrx_word' id='word_1_340' title='bbox 463 4048 748 4121; x_wconf 75' lang='grc' dir='ltr'>φιλοκαλῇ,</span> <span class='ocrx_word' id='word_1_341' title='bbox 786 4047 1070 4116; x_wconf 79' lang='grc' dir='ltr'>μετάνοιαι</span> <span class='ocrx_word' id='word_1_342' title='bbox 1098 4048 1164 4114; x_wconf 85' lang='grc' dir='ltr'>ν’,</span> <span class='ocrx_word' id='word_1_343' title='bbox 1194 4048 1229 4120; x_wconf 82' lang='grc' dir='ltr'>ἢ</span> <span class='ocrx_word' id='word_1_344' title='bbox 1265 4048 1668 4121; x_wconf 82' lang='grc' dir='ltr'>ξηροφαγείτω.</span> 
     </span>
    </p>
   </div>
   <div class='ocr_carea' id='block_1_58' title="bbox 844 4221 1651 4293">
    <p class='ocr_par' dir='ltr' id='par_1_58' title="bbox 844 4221 1651 4293">
     <span class='ocr_line' id='line_1_59' title="bbox 844 4221 1651 4293; baseline 0.004 -16"><span class='ocrx_word' id='word_1_345' title='bbox 844 4222 987 4291; x_wconf 69' lang='grc' dir='ltr'>Περὶ</span> <span class='ocrx_word' id='word_1_346' title='bbox 1033 4221 1143 4277; x_wconf 78' lang='grc' dir='ltr'>τοῦ</span> <span class='ocrx_word' id='word_1_347' title='bbox 1196 4222 1578 4293; x_wconf 79' lang='grc' dir='ltr'>κανονάρχου</span> <span class='ocrx_word' id='word_1_348' title='bbox 1600 4224 1651 4281; x_wconf 73' lang='grc' dir='ltr'>ιι.</span> 
     </span>
    </p>
   </div>
   <div class='ocr_carea' id='block_1_59' title="bbox 533 4314 2041 4390">
    <p class='ocr_par' dir='ltr' id='par_1_59' title="bbox 533 4314 2041 4390">
     <span class='ocr_line' id='line_1_60' title="bbox 533 4314 2041 4390; baseline 0.001 -19"><span class='ocrx_word' id='word_1_349' title='bbox 533 4317 639 4386; x_wconf 46' lang='grc' dir='ltr'>ἥθ’.</span> <span class='ocrx_word' id='word_1_350' title='bbox 693 4315 822 4371; x_wconf 85' lang='grc' dir='ltr'><strong>Ἐἀν</strong></span> <span class='ocrx_word' id='word_1_351' title='bbox 853 4314 1007 4386; x_wconf 85' lang='grc' dir='ltr'><strong>παρά</strong></span> <span class='ocrx_word' id='word_1_352' title='bbox 1039 4315 1140 4386; x_wconf 83' lang='grc' dir='ltr'>τὴν</span> <span class='ocrx_word' id='word_1_353' title='bbox 1168 4315 1487 4388; x_wconf 79' lang='grc' dir='ltr'>ὡρισμένην</span> <span class='ocrx_word' id='word_1_354' title='bbox 1518 4316 1689 4390; x_wconf 78' lang='grc' dir='ltr'>ὥραν,</span> <span class='ocrx_word' id='word_1_355' title='bbox 1714 4319 1885 4390; x_wconf 71' lang='grc' dir='ltr'>ἤγουν</span> <span class='ocrx_word' id='word_1_356' title='bbox 1945 4318 2041 4373; x_wconf 80' lang='grc' dir='ltr'>τοῦ</span> 
     </span>
    </p>
   </div>
   <div class='ocr_carea' id='block_1_60' title="bbox 468 4407 2040 4481">
    <p class='ocr_par' dir='ltr' id='par_1_60' title="bbox 468 4407 2040 4481">
     <span class='ocr_line' id='line_1_61' title="bbox 468 4407 2040 4481; baseline 0.002 -18"><span class='ocrx_word' id='word_1_357' title='bbox 468 4409 823 4481; x_wconf 86' lang='grc' dir='ltr'>μεσονυκτίου</span> <span class='ocrx_word' id='word_1_358' title='bbox 853 4407 913 4460; x_wconf 80' lang='grc' dir='ltr'>τὸ</span> <span class='ocrx_word' id='word_1_359' title='bbox 946 4407 1293 4479; x_wconf 82' lang='grc' dir='ltr'>καθημέραν,</span> <span class='ocrx_word' id='word_1_360' title='bbox 1325 4410 1420 4461; x_wconf 76' lang='grc' dir='ltr'>καὶ</span> <span class='ocrx_word' id='word_1_361' title='bbox 1446 4408 1543 4462; x_wconf 83' lang='grc' dir='ltr'>τοῦ</span> <span class='ocrx_word' id='word_1_362' title='bbox 1569 4412 2040 4481; x_wconf 83' lang='grc' dir='ltr'>προμεσονυκτίου</span> 
     </span>
    </p>
   </div>
   <div class='ocr_carea' id='block_1_61' title="bbox 2133 1926 3712 2004">
    <p class='ocr_par' dir='ltr' id='par_1_61' title="bbox 2133 1926 3712 2004">
     <span class='ocr_line' id='line_1_62' title="bbox 2133 1926 3712 2004; baseline -0.008 -12"><span class='ocrx_word' id='word_1_363' title='bbox 2133 1940 2242 1993; x_wconf 91' lang='lat' dir='ltr'><strong>tius</strong></span> <span class='ocrx_word' id='word_1_364' title='bbox 2269 1942 2396 2004; x_wconf 87' lang='lat' dir='ltr'><strong>post</strong></span> <span class='ocrx_word' id='word_1_365' title='bbox 2447 1945 2618 1987; x_wconf 90' lang='lat' dir='ltr'><strong>unum</strong></span> <span class='ocrx_word' id='word_1_366' title='bbox 2656 1938 2750 1983; x_wconf 88' lang='lat' dir='ltr'><strong>aut</strong></span> <span class='ocrx_word' id='word_1_367' title='bbox 2790 1928 3021 1982; x_wconf 88' lang='lat' dir='ltr'><strong>alterum</strong></span> <span class='ocrx_word' id='word_1_368' title='bbox 3066 1927 3293 1981; x_wconf 82' lang='lat' dir='ltr'><strong>verbum</strong></span> <span class='ocrx_word' id='word_1_369' title='bbox 3342 1926 3712 1981; x_wconf 73' lang='lat' dir='ltr'><strong>venditionem</strong></span> 
     </span>
    </p>
   </div>
   <div class='ocr_carea' id='block_1_62' title="bbox 2130 2019 3721 2098">
    <p class='ocr_par' dir='ltr' id='par_1_62' title="bbox 2130 2019 3721 2098">
     <span class='ocr_line' id='line_1_63' title="bbox 2130 2019 3721 2098; baseline -0.009 -11"><span class='ocrx_word' id='word_1_370' title='bbox 2130 2028 2574 2098; x_wconf 86' lang='lat' dir='ltr'><strong>emptionemque</strong></span> <span class='ocrx_word' id='word_1_371' title='bbox 2623 2019 2838 2087; x_wconf 87' lang='lat' dir='ltr'><strong>fecerit,</strong></span> <span class='ocrx_word' id='word_1_372' title='bbox 2880 2026 3185 2075; x_wconf 75' lang='lat' dir='ltr'><strong>metanteas</strong></span> <span class='ocrx_word' id='word_1_373' title='bbox 3232 2019 3630 2090; x_wconf 88' lang='lat' dir='ltr'><strong>quinquaginta</strong></span> <span class='ocrx_word' id='word_1_374' title='bbox 3664 2026 3721 2074; x_wconf 85' lang='lat' dir='ltr'><strong>et</strong></span> 
     </span>
    </p>
   </div>
   <div class='ocr_carea' id='block_1_63' title="bbox 2132 2130 2351 2178">
    <p class='ocr_par' dir='ltr' id='par_1_63' title="bbox 2132 2130 2351 2178">
     <span class='ocr_line' id='line_1_64' title="bbox 2132 2130 2351 2178; baseline -0.023 0"><span class='ocrx_word' id='word_1_375' title='bbox 2132 2130 2289 2178; x_wconf 83' lang='lat' dir='ltr'><strong>centu</strong></span> <span class='ocrx_word' id='word_1_376' title='bbox 2300 2135 2351 2173; x_wconf 94' lang='lat' dir='ltr'><strong>m</strong></span> 
     </span>
    </p>
   </div>
   <div class='ocr_carea' id='block_1_64' title="bbox 2204 2202 3720 2284">
    <p class='ocr_par' dir='ltr' id='par_1_64' title="bbox 2204 2202 3720 2284">
     <span class='ocr_line' id='line_1_65' title="bbox 2204 2202 3720 2284; baseline -0.009 -14"><span class='ocrx_word' id='word_1_377' title='bbox 2204 2215 2295 2270; x_wconf 84' lang='lat'><strong>95.</strong></span> <span class='ocrx_word' id='word_1_378' title='bbox 2319 2214 2380 2269; x_wconf 91' lang='lat' dir='ltr'><strong>Si</strong></span> <span class='ocrx_word' id='word_1_379' title='bbox 2408 2213 2617 2283; x_wconf 82' lang='lat' dir='ltr'><strong>absque</strong></span> <span class='ocrx_word' id='word_1_380' title='bbox 2653 2227 2893 2284; x_wconf 87' lang='lat' dir='ltr'><strong>congrua</strong></span> <span class='ocrx_word' id='word_1_381' title='bbox 2913 2208 3268 2281; x_wconf 82' lang='lat' dir='ltr'><strong>religiositate</strong></span> <span class='ocrx_word' id='word_1_382' title='bbox 3296 2206 3363 2260; x_wconf 90' lang='lat' dir='ltr'><strong>de</strong></span> <span class='ocrx_word' id='word_1_383' title='bbox 3386 2202 3720 2260; x_wconf 82' lang='lat' dir='ltr'><strong>monasterio</strong></span> 
     </span>
    </p>
   </div>
   <div class='ocr_carea' id='block_1_65' title="bbox 2134 2294 3721 2374">
    <p class='ocr_par' dir='ltr' id='par_1_65' title="bbox 2134 2294 3721 2374">
     <span class='ocr_line' id='line_1_66' title="bbox 2134 2294 3721 2374; baseline -0.008 -15"><span class='ocrx_word' id='word_1_384' title='bbox 2134 2304 2481 2374; x_wconf 86' lang='lat' dir='ltr'><strong>egressiones</strong></span> <span class='ocrx_word' id='word_1_385' title='bbox 2520 2303 2728 2369; x_wconf 82' lang='lat' dir='ltr'><strong>faciat,</strong></span> <span class='ocrx_word' id='word_1_386' title='bbox 2772 2301 3029 2357; x_wconf 84' lang='lat' dir='ltr'><strong>videlicet</strong></span> <span class='ocrx_word' id='word_1_387' title='bbox 3094 2297 3369 2369; x_wconf 88' lang='lat' dir='ltr'><strong>precative</strong></span> <span class='ocrx_word' id='word_1_388' title='bbox 3429 2294 3721 2351; x_wconf 89' lang='lat' dir='ltr'><strong>ambulan—</strong></span> 
     </span>
    </p>
   </div>
   <div class='ocr_carea' id='block_1_66' title="bbox 2136 2383 3724 2461">
    <p class='ocr_par' dir='ltr' id='par_1_66' title="bbox 2136 2383 3724 2461">
     <span class='ocr_line' id='line_1_67' title="bbox 2136 2383 3724 2461; baseline -0.007 -15"><span class='ocrx_word' id='word_1_389' title='bbox 2136 2392 2227 2459; x_wconf 89' lang='lat' dir='ltr'><strong>do,</strong></span> <span class='ocrx_word' id='word_1_390' title='bbox 2274 2392 2518 2461; x_wconf 86' lang='lat' dir='ltr'><strong>psalmos</strong></span> <span class='ocrx_word' id='word_1_391' title='bbox 2569 2390 2873 2453; x_wconf 86' lang='lat' dir='ltr'><strong>recitando,</strong></span> <span class='ocrx_word' id='word_1_392' title='bbox 2909 2388 3202 2443; x_wconf 88' lang='lat' dir='ltr'><strong>muliebres</strong></span> <span class='ocrx_word' id='word_1_393' title='bbox 3223 2394 3477 2456; x_wconf 90' lang='lat' dir='ltr'><strong>aspectus</strong></span> <span class='ocrx_word' id='word_1_394' title='bbox 3506 2383 3724 2451; x_wconf 87' lang='lat' dir='ltr'><strong>aliaque</strong></span> 
     </span>
    </p>
   </div>
   <div class='ocr_carea' id='block_1_67' title="bbox 2137 2475 3725 2554">
    <p class='ocr_par' dir='ltr' id='par_1_67' title="bbox 2137 2475 3725 2554">
     <span class='ocr_line' id='line_1_68' title="bbox 2137 2475 3725 2554; baseline -0.006 -16"><span class='ocrx_word' id='word_1_395' title='bbox 2137 2499 2278 2538; x_wconf 89' lang='lat' dir='ltr'><strong>vana</strong></span> <span class='ocrx_word' id='word_1_396' title='bbox 2309 2485 2552 2547; x_wconf 87' lang='lat' dir='ltr'><strong>vitando,</strong></span> <span class='ocrx_word' id='word_1_397' title='bbox 2585 2495 2643 2538; x_wconf 90' lang='lat' dir='ltr'><strong>ut</strong></span> <span class='ocrx_word' id='word_1_398' title='bbox 2665 2492 2933 2554; x_wconf 88' lang='lat' dir='ltr'><strong>quantum</strong></span> <span class='ocrx_word' id='word_1_399' title='bbox 2973 2481 3026 2533; x_wconf 94' lang='lat' dir='ltr'><strong>in</strong></span> <span class='ocrx_word' id='word_1_400' title='bbox 3060 2479 3181 2550; x_wconf 88' lang='lat' dir='ltr'><strong>ipso</strong></span> <span class='ocrx_word' id='word_1_401' title='bbox 3201 2488 3284 2532; x_wconf 89' lang='lat' dir='ltr'><strong>est</strong></span> <span class='ocrx_word' id='word_1_402' title='bbox 3309 2475 3451 2531; x_wconf 89' lang='lat' dir='ltr'><strong>Deus</strong></span> <span class='ocrx_word' id='word_1_403' title='bbox 3485 2478 3725 2530; x_wconf 85' lang='lat' dir='ltr'><strong>honore-</strong></span> 
     </span>
    </p>
   </div>
   <div class='ocr_carea' id='block_1_68' title="bbox 2141 2567 3723 2645">
    <p class='ocr_par' dir='ltr' id='par_1_68' title="bbox 2141 2567 3723 2645">
     <span class='ocr_line' id='line_1_69' title="bbox 2141 2567 3723 2645; baseline -0.007 -17"><span class='ocrx_word' id='word_1_404' title='bbox 2141 2584 2250 2638; x_wconf 88' lang='lat' dir='ltr'><strong>tur,</strong></span> <span class='ocrx_word' id='word_1_405' title='bbox 2278 2590 2402 2628; x_wconf 88' lang='lat' dir='ltr'><strong>cum</strong></span> <span class='ocrx_word' id='word_1_406' title='bbox 2440 2576 2807 2645; x_wconf 88' lang='lat' dir='ltr'><strong>spectantium</strong></span> <span class='ocrx_word' id='word_1_407' title='bbox 2843 2570 3099 2637; x_wconf 89' lang='lat' dir='ltr'><strong>utilitate,</strong></span> <span class='ocrx_word' id='word_1_408' title='bbox 3131 2567 3299 2623; x_wconf 86' lang='lat' dir='ltr'><strong>aridis</strong></span> <span class='ocrx_word' id='word_1_409' title='bbox 3328 2573 3585 2621; x_wconf 82' lang='lat' dir='ltr'><strong>vescatur</strong></span> <span class='ocrx_word' id='word_1_410' title='bbox 3609 2577 3723 2618; x_wconf 91' lang='lat' dir='ltr'><strong>uno</strong></span> 
     </span>
    </p>
   </div>
   <div class='ocr_carea' id='block_1_69' title="bbox 2141 2666 2250 2721">
    <p class='ocr_par' dir='ltr' id='par_1_69' title="bbox 2141 2666 2250 2721">
     <span class='ocr_line' id='line_1_70' title="bbox 2141 2666 2250 2721; baseline -0.028 0"><span class='ocrx_word' id='word_1_411' title='bbox 2141 2666 2250 2721; x_wconf 92' lang='lat' dir='ltr'><strong>die.</strong></span> 
     </span>
    </p>
   </div>
   <div class='ocr_carea' id='block_1_70' title="bbox 2584 2754 3281 2828">
    <p class='ocr_par' dir='ltr' id='par_1_70' title="bbox 2584 2754 3281 2828">
     <span class='ocr_line' id='line_1_71' title="bbox 2584 2754 3281 2828; baseline -0.007 -18"><span class='ocrx_word' id='word_1_412' title='bbox 2584 2756 2662 2811; x_wconf 88' lang='lat' dir='ltr'><strong>De</strong></span> <span class='ocrx_word' id='word_1_413' title='bbox 2692 2772 2974 2828; x_wconf 83' lang='lat' dir='ltr'><strong>puerorum</strong></span> <span class='ocrx_word' id='word_1_414' title='bbox 3005 2754 3281 2824; x_wconf 79' lang='lat' dir='ltr'><strong>magistro.</strong></span> 
     </span>
    </p>
   </div>
   <div class='ocr_carea' id='block_1_71' title="bbox 2215 2836 3723 2913">
    <p class='ocr_par' dir='ltr' id='par_1_71' title="bbox 2215 2836 3723 2913">
     <span class='ocr_line' id='line_1_72' title="bbox 2215 2836 3723 2913; baseline -0.006 -11"><span class='ocrx_word' id='word_1_415' title='bbox 2215 2847 2305 2903; x_wconf 86' lang='lat'><strong>96.</strong></span> <span class='ocrx_word' id='word_1_416' title='bbox 2332 2847 2387 2900; x_wconf 89' lang='lat' dir='ltr'><strong>Si</strong></span> <span class='ocrx_word' id='word_1_417' title='bbox 2421 2847 2634 2900; x_wconf 88' lang='lat' dir='ltr'><strong>viscera</strong></span> <span class='ocrx_word' id='word_1_418' title='bbox 2666 2845 3060 2900; x_wconf 69' lang='lat' dir='ltr'><strong>misericordia:</strong></span> <span class='ocrx_word' id='word_1_419' title='bbox 3076 2854 3129 2898; x_wconf 88' lang='lat' dir='ltr'><strong>et</strong></span> <span class='ocrx_word' id='word_1_420' title='bbox 3152 2851 3438 2913; x_wconf 87' lang='lat' dir='ltr'><strong>paternum</strong></span> <span class='ocrx_word' id='word_1_421' title='bbox 3470 2836 3723 2893; x_wconf 81' lang='lat' dir='ltr'><strong>affectum</strong></span> 
     </span>
    </p>
   </div>
   <div class='ocr_carea' id='block_1_72' title="bbox 2153 2930 3727 3008">
    <p class='ocr_par' dir='ltr' id='par_1_72' title="bbox 2153 2930 3727 3008">
     <span class='ocr_line' id='line_1_73' title="bbox 2153 2930 3727 3008; baseline -0.008 -14"><span class='ocrx_word' id='word_1_422' title='bbox 2153 2955 2263 2995; x_wconf 89' lang='lat' dir='ltr'><strong>non</strong></span> <span class='ocrx_word' id='word_1_423' title='bbox 2308 2940 2527 3003; x_wconf 78' lang='lat' dir='ltr'><strong>habeat,</strong></span> <span class='ocrx_word' id='word_1_424' title='bbox 2551 2949 2610 2992; x_wconf 90' lang='lat' dir='ltr'><strong>ut</strong></span> <span class='ocrx_word' id='word_1_425' title='bbox 2642 2954 2842 3008; x_wconf 85' lang='lat' dir='ltr'><strong>pueros</strong></span> <span class='ocrx_word' id='word_1_426' title='bbox 2861 2937 3154 3007; x_wconf 87' lang='lat' dir='ltr'><strong>disciplina</strong></span> <span class='ocrx_word' id='word_1_427' title='bbox 3188 2945 3241 2988; x_wconf 88' lang='lat' dir='ltr'><strong>ct</strong></span> <span class='ocrx_word' id='word_1_428' title='bbox 3268 2933 3491 3007; x_wconf 77' lang='lat' dir='ltr'><strong>monitis</strong></span> <span class='ocrx_word' id='word_1_429' title='bbox 3512 2930 3727 2985; x_wconf 85' lang='lat' dir='ltr'><strong>Domini</strong></span> 
     </span>
    </p>
   </div>
   <div class='ocr_carea' id='block_1_73' title="bbox 2147 3024 3725 3101">
    <p class='ocr_par' dir='ltr' id='par_1_73' title="bbox 2147 3024 3725 3101">
     <span class='ocr_line' id='line_1_74' title="bbox 2147 3024 3725 3101; baseline -0.008 -16"><span class='ocrx_word' id='word_1_430' title='bbox 2147 3032 2366 3098; x_wconf 90' lang='lat' dir='ltr'><strong>cducct,</strong></span> <span class='ocrx_word' id='word_1_431' title='bbox 2402 3031 2636 3101; x_wconf 85' lang='lat' dir='ltr'><strong>diligens</strong></span> <span class='ocrx_word' id='word_1_432' title='bbox 2688 3043 2878 3083; x_wconf 89' lang='lat' dir='ltr'><strong>eorum</strong></span> <span class='ocrx_word' id='word_1_433' title='bbox 2912 3027 3127 3081; x_wconf 88' lang='lat' dir='ltr'><strong>animas</strong></span> <span class='ocrx_word' id='word_1_434' title='bbox 3157 3024 3323 3079; x_wconf 89' lang='lat' dir='ltr'><strong>simul</strong></span> <span class='ocrx_word' id='word_1_435' title='bbox 3378 3032 3433 3079; x_wconf 91' lang='lat' dir='ltr'><strong>et</strong></span> <span class='ocrx_word' id='word_1_436' title='bbox 3470 3035 3725 3091; x_wconf 83' lang='lat' dir='ltr'><strong>corpora,</strong></span> 
     </span>
    </p>
   </div>
   <div class='ocr_carea' id='block_1_74' title="bbox 2149 3115 3724 3190">
    <p class='ocr_par' dir='ltr' id='par_1_74' title="bbox 2149 3115 3724 3190">
     <span class='ocr_line' id='line_1_75' title="bbox 2149 3115 3724 3190; baseline -0.004 -16"><span class='ocrx_word' id='word_1_437' title='bbox 2149 3120 2362 3187; x_wconf 83' lang='lat' dir='ltr'><strong>fovens,</strong></span> <span class='ocrx_word' id='word_1_438' title='bbox 2410 3135 2741 3190; x_wconf 78' lang='lat' dir='ltr'><strong>omnemque</strong></span> <span class='ocrx_word' id='word_1_439' title='bbox 2782 3118 3120 3188; x_wconf 87' lang='lat' dir='ltr'><strong>corporalem</strong></span> <span class='ocrx_word' id='word_1_440' title='bbox 3156 3132 3344 3171; x_wconf 89' lang='lat' dir='ltr'><strong>curam</strong></span> <span class='ocrx_word' id='word_1_441' title='bbox 3380 3115 3724 3186; x_wconf 88' lang='lat' dir='ltr'><strong>impendens,</strong></span> 
     </span>
    </p>
   </div>
   <div class='ocr_carea' id='block_1_75' title="bbox 2147 3211 3727 3280">
    <p class='ocr_par' dir='ltr' id='par_1_75' title="bbox 2147 3211 3727 3280">
     <span class='ocr_line' id='line_1_76' title="bbox 2147 3211 3727 3280; baseline -0.003 -12"><span class='ocrx_word' id='word_1_442' title='bbox 2147 3224 2453 3269; x_wconf 69' lang='lat' dir='ltr'><strong>mctanoeas</strong></span> <span class='ocrx_word' id='word_1_443' title='bbox 2484 3224 2703 3268; x_wconf 88' lang='lat' dir='ltr'><strong>centum</strong></span> <span class='ocrx_word' id='word_1_444' title='bbox 2746 3212 2932 3279; x_wconf 86' lang='lat' dir='ltr'><strong>faciat,</strong></span> <span class='ocrx_word' id='word_1_445' title='bbox 2984 3221 3039 3266; x_wconf 91' lang='lat' dir='ltr'><strong>et</strong></span> <span class='ocrx_word' id='word_1_446' title='bbox 3083 3211 3363 3266; x_wconf 87' lang='lat' dir='ltr'><strong>aridorum</strong></span> <span class='ocrx_word' id='word_1_447' title='bbox 3416 3226 3514 3265; x_wconf 86' lang='lat' dir='ltr'><strong>esu</strong></span> <span class='ocrx_word' id='word_1_448' title='bbox 3560 3222 3727 3280; x_wconf 87' lang='lat' dir='ltr'><strong>atque</strong></span> 
     </span>
    </p>
   </div>
   <div class='ocr_carea' id='block_1_76' title="bbox 2143 3302 3399 3375">
    <p class='ocr_par' dir='ltr' id='par_1_76' title="bbox 2143 3302 3399 3375">
     <span class='ocr_line' id='line_1_77' title="bbox 2143 3302 3399 3375; baseline -0.006 -15"><span class='ocrx_word' id='word_1_449' title='bbox 2143 3306 2307 3360; x_wconf 89' lang='lat' dir='ltr'><strong>unius</strong></span> <span class='ocrx_word' id='word_1_450' title='bbox 2357 3305 2709 3359; x_wconf 59' lang='lat' dir='ltr'><strong>hebdomadas</strong></span> <span class='ocrx_word' id='word_1_451' title='bbox 2742 3303 3087 3374; x_wconf 85' lang='lat' dir='ltr'><strong>separatione</strong></span> <span class='ocrx_word' id='word_1_452' title='bbox 3120 3302 3399 3375; x_wconf 86' lang='lat' dir='ltr'><strong>puniatur.</strong></span> 
     </span>
    </p>
   </div>
   <div class='ocr_carea' id='block_1_77' title="bbox 2211 3480 3725 3552">
    <p class='ocr_par' dir='ltr' id='par_1_77' title="bbox 2211 3480 3725 3552">
     <span class='ocr_line' id='line_1_78' title="bbox 2211 3480 3725 3552; baseline -0.007 -11"><span class='ocrx_word' id='word_1_453' title='bbox 2211 3484 2303 3542; x_wconf 88' lang='lat'><strong>97.</strong></span> <span class='ocrx_word' id='word_1_454' title='bbox 2348 3482 2663 3551; x_wconf 87' lang='lat' dir='ltr'><strong>Quemlibet</strong></span> <span class='ocrx_word' id='word_1_455' title='bbox 2711 3489 2925 3552; x_wconf 88' lang='lat' dir='ltr'><strong>turpem</strong></span> <span class='ocrx_word' id='word_1_456' title='bbox 2974 3491 3068 3535; x_wconf 90' lang='lat' dir='ltr'><strong>aut</strong></span> <span class='ocrx_word' id='word_1_457' title='bbox 3100 3480 3555 3535; x_wconf 88' lang='lat' dir='ltr'><strong>contumeliosum</strong></span> <span class='ocrx_word' id='word_1_458' title='bbox 3608 3492 3725 3534; x_wconf 84' lang='lat' dir='ltr'><strong>scr-</strong></span> 
     </span>
    </p>
   </div>
   <div class='ocr_carea' id='block_1_78' title="bbox 2135 3564 3723 3645">
    <p class='ocr_par' dir='ltr' id='par_1_78' title="bbox 2135 3564 3723 3645">
     <span class='ocr_line' id='line_1_79' title="bbox 2135 3564 3723 3645; baseline -0.004 -13"><span class='ocrx_word' id='word_1_459' title='bbox 2135 3564 2385 3643; x_wconf 48' lang='lat' dir='ltr'><strong>&#39;monem,</strong></span> <span class='ocrx_word' id='word_1_460' title='bbox 2429 3574 2674 3645; x_wconf 79' lang='lat' dir='ltr'><strong>exceptis</strong></span> <span class='ocrx_word' id='word_1_461' title='bbox 2722 3573 3051 3644; x_wconf 66' lang='lat' dir='ltr'><strong>praesulibus</strong></span> <span class='ocrx_word' id='word_1_462' title='bbox 3095 3580 3151 3627; x_wconf 92' lang='lat' dir='ltr'><strong>et</strong></span> <span class='ocrx_word' id='word_1_463' title='bbox 3203 3572 3270 3626; x_wconf 91' lang='lat' dir='ltr'><strong>iis</strong></span> <span class='ocrx_word' id='word_1_464' title='bbox 3298 3570 3723 3642; x_wconf 84' lang='lat' dir='ltr'><strong>quicorrigcndi</strong></span> 
     </span>
    </p>
   </div>
   <div class='ocr_carea' id='block_1_79' title="bbox 2143 3661 3724 3736">
    <p class='ocr_par' dir='ltr' id='par_1_79' title="bbox 2143 3661 3724 3736">
     <span class='ocr_line' id='line_1_80' title="bbox 2143 3661 3724 3736; baseline -0.004 -11"><span class='ocrx_word' id='word_1_465' title='bbox 2143 3685 2311 3725; x_wconf 85' lang='lat' dir='ltr'><strong>causa</strong></span> <span class='ocrx_word' id='word_1_466' title='bbox 2352 3669 2433 3723; x_wconf 89' lang='lat' dir='ltr'><strong>sic</strong></span> <span class='ocrx_word' id='word_1_467' title='bbox 2462 3664 2760 3734; x_wconf 86' lang='lat' dir='ltr'><strong>aliquando</strong></span> <span class='ocrx_word' id='word_1_468' title='bbox 2781 3665 3103 3734; x_wconf 87' lang='lat' dir='ltr'><strong>loquuntur,</strong></span> <span class='ocrx_word' id='word_1_469' title='bbox 3131 3664 3177 3718; x_wconf 91' lang='lat' dir='ltr'><strong>si</strong></span> <span class='ocrx_word' id='word_1_470' title='bbox 3220 3667 3345 3736; x_wconf 87' lang='lat' dir='ltr'><strong>quis</strong></span> <span class='ocrx_word' id='word_1_471' title='bbox 3375 3680 3559 3719; x_wconf 88' lang='lat' dir='ltr'><strong>coram</strong></span> <span class='ocrx_word' id='word_1_472' title='bbox 3612 3661 3724 3718; x_wconf 79' lang='lat' dir='ltr'><strong>fra-</strong></span> 
     </span>
    </p>
   </div>
   <div class='ocr_carea' id='block_1_80' title="bbox 2147 3760 3721 3833">
    <p class='ocr_par' dir='ltr' id='par_1_80' title="bbox 2147 3760 3721 3833">
     <span class='ocr_line' id='line_1_81' title="bbox 2147 3760 3721 3833; baseline 0 -17"><span class='ocrx_word' id='word_1_473' title='bbox 2147 3763 2405 3819; x_wconf 89' lang='lat' dir='ltr'><strong>ternitate</strong></span> <span class='ocrx_word' id='word_1_474' title='bbox 2424 3761 2737 3833; x_wconf 88' lang='lat' dir='ltr'><strong>protulerit,</strong></span> <span class='ocrx_word' id='word_1_475' title='bbox 2770 3771 3072 3815; x_wconf 73' lang='lat' dir='ltr'><strong>metanmas</strong></span> <span class='ocrx_word' id='word_1_476' title='bbox 3110 3760 3505 3833; x_wconf 76' lang='lat' dir='ltr'><strong>quinquaginta</strong></span> <span class='ocrx_word' id='word_1_477' title='bbox 3538 3760 3721 3817; x_wconf 87' lang='lat' dir='ltr'><strong>faciat.</strong></span> 
     </span>
    </p>
   </div>
   <div class='ocr_carea' id='block_1_81' title="bbox 2760 3850 3106 3905">
    <p class='ocr_par' dir='ltr' id='par_1_81' title="bbox 2760 3850 3106 3905">
     <span class='ocr_line' id='line_1_82' title="bbox 2760 3850 3106 3905; baseline 0 -1"><span class='ocrx_word' id='word_1_478' title='bbox 2760 3850 2837 3905; x_wconf 80' lang='lat' dir='ltr'><strong>De</strong></span> <span class='ocrx_word' id='word_1_479' title='bbox 2866 3852 3106 3904; x_wconf 79' lang='lat' dir='ltr'><strong>atriensi.</strong></span> 
     </span>
    </p>
   </div>
   <div class='ocr_carea' id='block_1_82' title="bbox 2214 3942 3720 4001">
    <p class='ocr_par' dir='ltr' id='par_1_82' title="bbox 2214 3942 3720 4001">
     <span class='ocr_line' id='line_1_83' title="bbox 2214 3942 3720 4001; baseline -0.003 0"><span class='ocrx_word' id='word_1_480' title='bbox 2214 3944 2306 4001; x_wconf 90' lang='lat'><strong>98.</strong></span> <span class='ocrx_word' id='word_1_481' title='bbox 2338 3943 2568 4001; x_wconf 82' lang='lat' dir='ltr'><strong>Nisibis</strong></span> <span class='ocrx_word' id='word_1_482' title='bbox 2620 3943 2676 3998; x_wconf 90' lang='lat' dir='ltr'><strong>in</strong></span> <span class='ocrx_word' id='word_1_483' title='bbox 2702 3942 3043 3997; x_wconf 85' lang='lat' dir='ltr'><strong>hebdomada</strong></span> <span class='ocrx_word' id='word_1_484' title='bbox 3093 3952 3267 3997; x_wconf 88' lang='lat' dir='ltr'><strong>totum</strong></span> <span class='ocrx_word' id='word_1_485' title='bbox 3323 3943 3720 3998; x_wconf 87' lang='lat' dir='ltr'><strong>monasterium</strong></span> 
     </span>
    </p>
   </div>
   <div class='ocr_carea' id='block_1_83' title="bbox 2145 4034 3723 4104">
    <p class='ocr_par' dir='ltr' id='par_1_83' title="bbox 2145 4034 3723 4104">
     <span class='ocr_line' id='line_1_84' title="bbox 2145 4034 3723 4104; baseline -0.001 -11"><span class='ocrx_word' id='word_1_486' title='bbox 2145 4036 2515 4104; x_wconf 79' lang='lat' dir='ltr'><strong>mandaverit,</strong></span> <span class='ocrx_word' id='word_1_487' title='bbox 2550 4042 2840 4092; x_wconf 72' lang='lat' dir='ltr'><strong>metanmts</strong></span> <span class='ocrx_word' id='word_1_488' title='bbox 2872 4034 3287 4104; x_wconf 79' lang='lat' dir='ltr'><strong>quinquaginta,</strong></span> <span class='ocrx_word' id='word_1_489' title='bbox 3327 4036 3410 4090; x_wconf 85' lang='lat' dir='ltr'><strong>vel</strong></span> <span class='ocrx_word' id='word_1_490' title='bbox 3439 4035 3723 4091; x_wconf 85' lang='lat' dir='ltr'><strong>aridorum</strong></span> 
     </span>
    </p>
   </div>
   <div class='ocr_carea' id='block_1_84' title="bbox 2144 4128 2544 4201">
    <p class='ocr_par' dir='ltr' id='par_1_84' title="bbox 2144 4128 2544 4201">
     <span class='ocr_line' id='line_1_85' title="bbox 2144 4128 2544 4201; baseline -0.003 -16"><span class='ocrx_word' id='word_1_491' title='bbox 2144 4145 2241 4185; x_wconf 89' lang='lat' dir='ltr'><strong>esu</strong></span> <span class='ocrx_word' id='word_1_492' title='bbox 2263 4128 2544 4201; x_wconf 90' lang='lat' dir='ltr'><strong>puniatur.</strong></span> 
     </span>
    </p>
   </div>
   <div class='ocr_carea' id='block_1_85' title="bbox 2696 4218 3168 4276">
    <p class='ocr_par' dir='ltr' id='par_1_85' title="bbox 2696 4218 3168 4276">
     <span class='ocr_line' id='line_1_86' title="bbox 2696 4218 3168 4276; baseline 0.006 -3"><span class='ocrx_word' id='word_1_493' title='bbox 2696 4218 2774 4273; x_wconf 83' lang='lat' dir='ltr'><strong>De</strong></span> <span class='ocrx_word' id='word_1_494' title='bbox 2815 4218 3168 4276; x_wconf 80' lang='lat' dir='ltr'><strong>canonarclta.</strong></span> 
     </span>
    </p>
   </div>
   <div class='ocr_carea' id='block_1_86' title="bbox 2215 4309 3722 4384">
    <p class='ocr_par' dir='ltr' id='par_1_86' title="bbox 2215 4309 3722 4384">
     <span class='ocr_line' id='line_1_87' title="bbox 2215 4309 3722 4384; baseline -0.001 -15"><span class='ocrx_word' id='word_1_495' title='bbox 2215 4313 2305 4371; x_wconf 88' lang='lat'><strong>99.</strong></span> <span class='ocrx_word' id='word_1_496' title='bbox 2336 4312 2394 4369; x_wconf 90' lang='lat' dir='ltr'><strong>Si</strong></span> <span class='ocrx_word' id='word_1_497' title='bbox 2429 4322 2626 4384; x_wconf 67' lang='lat' dir='ltr'><strong>praeter</strong></span> <span class='ocrx_word' id='word_1_498' title='bbox 2661 4309 2941 4367; x_wconf 78' lang='lat' dir='ltr'><strong>definitam</strong></span> <span class='ocrx_word' id='word_1_499' title='bbox 3000 4311 3215 4376; x_wconf 89' lang='lat' dir='ltr'><strong>horam,</strong></span> <span class='ocrx_word' id='word_1_500' title='bbox 3268 4310 3323 4366; x_wconf 90' lang='lat' dir='ltr'><strong>id</strong></span> <span class='ocrx_word' id='word_1_501' title='bbox 3367 4319 3452 4366; x_wconf 87' lang='lat' dir='ltr'><strong>est</strong></span> <span class='ocrx_word' id='word_1_502' title='bbox 3502 4320 3722 4367; x_wconf 87' lang='lat' dir='ltr'><strong>noctem</strong></span> 
     </span>
    </p>
   </div>
   <div class='ocr_carea' id='block_1_87' title="bbox 2148 4400 3722 4472">
    <p class='ocr_par' dir='ltr' id='par_1_87' title="bbox 2148 4400 3722 4472">
     <span class='ocr_line' id='line_1_88' title="bbox 2148 4400 3722 4472; baseline -0.001 -13"><span class='ocrx_word' id='word_1_503' title='bbox 2148 4404 2433 4459; x_wconf 88' lang='lat' dir='ltr'><strong>dimidiam</strong></span> <span class='ocrx_word' id='word_1_504' title='bbox 2467 4402 2732 4472; x_wconf 88' lang='lat' dir='ltr'><strong>quotidie,</strong></span> <span class='ocrx_word' id='word_1_505' title='bbox 2764 4410 2963 4456; x_wconf 86' lang='lat' dir='ltr'><strong>etante</strong></span> <span class='ocrx_word' id='word_1_506' title='bbox 2991 4400 3275 4456; x_wconf 89' lang='lat' dir='ltr'><strong>dimidium</strong></span> <span class='ocrx_word' id='word_1_507' title='bbox 3297 4403 3475 4458; x_wconf 89' lang='lat' dir='ltr'><strong>noctis</strong></span> <span class='ocrx_word' id='word_1_508' title='bbox 3493 4403 3581 4458; x_wconf 92' lang='lat' dir='ltr'><strong>die</strong></span> <span class='ocrx_word' id='word_1_509' title='bbox 3608 4403 3722 4458; x_wconf 88' lang='lat' dir='ltr'><strong>Do-</strong></span> 
     </span>
    </p>
   </div>
   <div class='ocr_carea' id='block_1_88' title="bbox 461 4493 2036 4574">
    <p class='ocr_par' dir='ltr' id='par_1_88' title="bbox 461 4499 2036 4574">
     <span class='ocr_line' id='line_1_89' title="bbox 461 4499 2036 4574; baseline -0.003 -18"><span class='ocrx_word' id='word_1_510' title='bbox 461 4503 524 4556; x_wconf 79' lang='grc' dir='ltr'>τὸ</span> <span class='ocrx_word' id='word_1_511' title='bbox 548 4501 688 4556; x_wconf 86' lang='grc' dir='ltr'><strong>κατά</strong></span> <span class='ocrx_word' id='word_1_512' title='bbox 714 4501 998 4572; x_wconf 77' lang='grc' dir='ltr'>Κυριακὴν</span> <span class='ocrx_word' id='word_1_513' title='bbox 1022 4500 1121 4553; x_wconf 78' lang='grc' dir='ltr'>ὐπε</span> <span class='ocrx_word' id='word_1_514' title='bbox 1132 4499 1421 4572; x_wconf 80' lang='grc' dir='ltr'>ρϐἀλλωνῆ</span> <span class='ocrx_word' id='word_1_515' title='bbox 1452 4501 1734 4567; x_wconf 70' lang='grc' dir='ltr'>ἐλλείπων,</span> <span class='ocrx_word' id='word_1_516' title='bbox 1763 4504 1862 4574; x_wconf 82' lang='grc' dir='ltr'>τὴν</span> <span class='ocrx_word' id='word_1_517' title='bbox 1887 4521 2036 4559; x_wconf 88' lang='grc' dir='ltr'>πνευ.</span> 
     </span>
    </p>
   </div>
   <div class='ocr_carea' id='block_1_89' title="bbox 2139 4493 3720 4574">
    <p class='ocr_par' dir='ltr' id='par_1_89' title="bbox 2156 4493 3720 4563">
     <span class='ocr_line' id='line_1_90' title="bbox 2156 4493 3720 4563; baseline -0.001 -11"><span class='ocrx_word' id='word_1_518' title='bbox 2156 4498 2383 4559; x_wconf 90' lang='lat' dir='ltr'><strong>minico,</strong></span> <span class='ocrx_word' id='word_1_519' title='bbox 2430 4495 2704 4551; x_wconf 83' lang='lat' dir='ltr'><strong>excedens</strong></span> <span class='ocrx_word' id='word_1_520' title='bbox 2736 4503 2830 4549; x_wconf 89' lang='lat' dir='ltr'><strong>aut</strong></span> <span class='ocrx_word' id='word_1_521' title='bbox 2869 4493 3145 4557; x_wconf 86' lang='lat' dir='ltr'><strong>minuens,</strong></span> <span class='ocrx_word' id='word_1_522' title='bbox 3194 4495 3495 4563; x_wconf 83' lang='lat' dir='ltr'><strong>spiritalem</strong></span> <span class='ocrx_word' id='word_1_523' title='bbox 3532 4496 3720 4551; x_wconf 89' lang='lat' dir='ltr'><strong>tubam</strong></span> 
     </span>
    </p>
   </div>
   <div class='ocr_carea' id='block_1_90' title="bbox 466 4592 2037 4667">
    <p class='ocr_par' dir='ltr' id='par_1_90' title="bbox 466 4592 2037 4667">
     <span class='ocr_line' id='line_1_91' title="bbox 466 4592 2037 4667; baseline 0 -18"><span class='ocrx_word' id='word_1_524' title='bbox 466 4595 702 4666; x_wconf 85' lang='grc' dir='ltr'>ματικὴν</span> <span class='ocrx_word' id='word_1_525' title='bbox 729 4593 1122 4665; x_wconf 82' lang='grc' dir='ltr'>καταφρονήσῃ</span> <span class='ocrx_word' id='word_1_526' title='bbox 1151 4592 1446 4661; x_wconf 80' lang='grc' dir='ltr'>σάλπιγγα,</span> <span class='ocrx_word' id='word_1_527' title='bbox 1480 4593 1583 4648; x_wconf 84' lang='grc' dir='ltr'><strong>ἀνά</strong></span> <span class='ocrx_word' id='word_1_528' title='bbox 1634 4596 1923 4667; x_wconf 84' lang='grc' dir='ltr'>μετανοίας</span> <span class='ocrx_word' id='word_1_529' title='bbox 1969 4598 2037 4666; x_wconf 81' lang='grc' dir='ltr'>λ’,</span> 
     </span>
    </p>
   </div>
   <div class='ocr_carea' id='block_1_91' title="bbox 462 4686 880 4757">
    <p class='ocr_par' dir='ltr' id='par_1_91' title="bbox 462 4686 880 4757">
     <span class='ocr_line' id='line_1_92' title="bbox 462 4686 880 4757; baseline 0.002 -15"><span class='ocrx_word' id='word_1_530' title='bbox 462 4689 558 4742; x_wconf 75' lang='grc' dir='ltr'>καὶ</span> <span class='ocrx_word' id='word_1_531' title='bbox 587 4694 653 4755; x_wconf 85' lang='grc' dir='ltr'>ν’,</span> <span class='ocrx_word' id='word_1_532' title='bbox 680 4686 773 4742; x_wconf 71' lang='grc' dir='ltr'><strong>καὶ</strong></span> <span class='ocrx_word' id='word_1_533' title='bbox 812 4694 880 4757; x_wconf 85' lang='grc' dir='ltr'>ρ’.</span> 
     </span>
    </p>
   </div>
   <div class='ocr_carea' id='block_1_92' title="bbox 536 4776 2036 4851">
    <p class='ocr_par' dir='ltr' id='par_1_92' title="bbox 536 4776 2036 4851">
     <span class='ocr_line' id='line_1_93' title="bbox 536 4776 2036 4851; baseline -0.001 -18"><span class='ocrx_word' id='word_1_534' title='bbox 536 4784 603 4849; x_wconf 85' lang='grc' dir='ltr'>ρ’.</span> <span class='ocrx_word' id='word_1_535' title='bbox 641 4779 767 4832; x_wconf 75' lang='grc' dir='ltr'>Ἐὰν</span> <span class='ocrx_word' id='word_1_536' title='bbox 798 4780 872 4848; x_wconf 76' lang='grc' dir='ltr'>μὴ</span> <span class='ocrx_word' id='word_1_537' title='bbox 909 4779 1090 4833; x_wconf 77' lang='grc' dir='ltr'>πᾶσαν</span> <span class='ocrx_word' id='word_1_538' title='bbox 1116 4776 1269 4849; x_wconf 84' lang='grc' dir='ltr'>ὥραν</span> <span class='ocrx_word' id='word_1_539' title='bbox 1320 4776 1704 4849; x_wconf 84' lang='grc' dir='ltr'>λειτουργικὴν</span> <span class='ocrx_word' id='word_1_540' title='bbox 1761 4779 2036 4851; x_wconf 77' lang='grc' dir='ltr'>ὲγκαίρως</span> 
     </span>
    </p>
   </div>
   <div class='ocr_carea' id='block_1_93' title="bbox 467 4864 1879 4943">
    <p class='ocr_par' dir='ltr' id='par_1_93' title="bbox 467 4864 1879 4943">
     <span class='ocr_line' id='line_1_94' title="bbox 467 4864 1879 4943; baseline -0.001 -18"><span class='ocrx_word' id='word_1_541' title='bbox 467 4870 729 4943; x_wconf 77' lang='grc' dir='ltr'>σημαίνῃ,</span> <span class='ocrx_word' id='word_1_542' title='bbox 761 4871 860 4940; x_wconf 81' lang='grc' dir='ltr'>τὴν</span> <span class='ocrx_word' id='word_1_543' title='bbox 898 4870 1237 4941; x_wconf 84' lang='grc' dir='ltr'>ἀδελφότητα</span> <span class='ocrx_word' id='word_1_544' title='bbox 1264 4864 1466 4932; x_wconf 86' lang='grc' dir='ltr'>καλῶν,</span> <span class='ocrx_word' id='word_1_545' title='bbox 1498 4869 1779 4939; x_wconf 87' lang='grc' dir='ltr'>μετάνοιαι</span> <span class='ocrx_word' id='word_1_546' title='bbox 1810 4867 1879 4940; x_wconf 87' lang='grc' dir='ltr'>ρ’.</span> 
     </span>
    </p>
   </div>
   <div class='ocr_carea' id='block_1_94' title="bbox 538 5041 2043 5117">
    <p class='ocr_par' dir='ltr' id='par_1_94' title="bbox 538 5041 2043 5117">
     <span class='ocr_line' id='line_1_95' title="bbox 538 5041 2043 5117; baseline -0.003 -18"><span class='ocrx_word' id='word_1_547' title='bbox 538 5050 643 5117; x_wconf 85' lang='grc' dir='ltr'>ρα’.</span> <span class='ocrx_word' id='word_1_548' title='bbox 683 5043 810 5097; x_wconf 83' lang='grc' dir='ltr'>Ἐὰν</span> <span class='ocrx_word' id='word_1_549' title='bbox 838 5043 1163 5115; x_wconf 79' lang='grc' dir='ltr'>καταληφθῇ</span> <span class='ocrx_word' id='word_1_550' title='bbox 1190 5042 1333 5097; x_wconf 84' lang='grc' dir='ltr'><strong>κατά</strong></span> <span class='ocrx_word' id='word_1_551' title='bbox 1351 5041 1687 5114; x_wconf 85' lang='grc' dir='ltr'>πρόσκλησιν</span> <span class='ocrx_word' id='word_1_552' title='bbox 1717 5043 1751 5115; x_wconf 77' lang='grc' dir='ltr'>ἢ</span> <span class='ocrx_word' id='word_1_553' title='bbox 1794 5041 2043 5114; x_wconf 84' lang='grc' dir='ltr'>προσπά-</span> 
     </span>
    </p>
   </div>
   <div class='ocr_carea' id='block_1_95' title="bbox 466 5135 2040 5207">
    <p class='ocr_par' dir='ltr' id='par_1_95' title="bbox 466 5135 2040 5207">
     <span class='ocr_line' id='line_1_96' title="bbox 466 5135 2040 5207; baseline -0.003 -15"><span class='ocrx_word' id='word_1_554' title='bbox 466 5137 615 5192; x_wconf 84' lang='grc' dir='ltr'>θειαν</span> <span class='ocrx_word' id='word_1_555' title='bbox 644 5135 941 5190; x_wconf 74' lang='grc' dir='ltr'>εἰσϐάλλων</span> <span class='ocrx_word' id='word_1_556' title='bbox 979 5136 1231 5206; x_wconf 75' lang='grc' dir='ltr'>ἀδελφὺν,</span> <span class='ocrx_word' id='word_1_557' title='bbox 1267 5138 1321 5191; x_wconf 82' lang='grc' dir='ltr'>εἷ</span> <span class='ocrx_word' id='word_1_558' title='bbox 1373 5153 1434 5190; x_wconf 92' lang='grc' dir='ltr'><strong>τε</strong></span> <span class='ocrx_word' id='word_1_559' title='bbox 1497 5135 1635 5207; x_wconf 81' lang='grc' dir='ltr'>πρὸς</span> <span class='ocrx_word' id='word_1_560' title='bbox 1697 5135 2040 5205; x_wconf 87' lang='grc' dir='ltr'>κατάγνωσιν</span> 
     </span>
    </p>
   </div>
   <div class='ocr_carea' id='block_1_96' title="bbox 464 5226 2040 5301">
    <p class='ocr_par' dir='ltr' id='par_1_96' title="bbox 464 5226 2040 5301">
     <span class='ocr_line' id='line_1_97' title="bbox 464 5226 2040 5301; baseline -0.002 -19"><span class='ocrx_word' id='word_1_561' title='bbox 464 5231 498 5301; x_wconf 77' lang='grc' dir='ltr'>ἢ</span> <span class='ocrx_word' id='word_1_562' title='bbox 558 5229 654 5282; x_wconf 77' lang='grc' dir='ltr'>καὶ</span> <span class='ocrx_word' id='word_1_563' title='bbox 679 5228 1024 5299; x_wconf 84' lang='grc' dir='ltr'>ἀποστερῶν,</span> <span class='ocrx_word' id='word_1_564' title='bbox 1056 5227 1091 5299; x_wconf 73' lang='grc' dir='ltr'>ἢ</span> <span class='ocrx_word' id='word_1_565' title='bbox 1121 5228 1217 5282; x_wconf 64' lang='grc' dir='ltr'><strong>καὶ⁹</strong></span> <span class='ocrx_word' id='word_1_566' title='bbox 1266 5227 1741 5300; x_wconf 76' lang='grc' dir='ltr'>ὑπερπλεονάζων,</span> <span class='ocrx_word' id='word_1_567' title='bbox 1797 5226 2040 5298; x_wconf 68' lang='grc' dir='ltr'>ξηροφαο</span> 
     </span>
    </p>
   </div>
   <div class='ocr_carea' id='block_1_97' title="bbox 465 5320 651 5391">
    <p class='ocr_par' dir='ltr' id='par_1_97' title="bbox 465 5320 651 5391">
     <span class='ocr_line' id='line_1_98' title="bbox 465 5320 651 5391; baseline 0.016 -18"><span class='ocrx_word' id='word_1_568' title='bbox 465 5320 651 5391; x_wconf 88' lang='grc' dir='ltr'>γείτω.</span> 
     </span>
    </p>
   </div>
   <div class='ocr_carea' id='block_1_98' title="bbox 540 5408 2039 5485">
    <p class='ocr_par' dir='ltr' id='par_1_98' title="bbox 540 5408 2039 5485">
     <span class='ocr_line' id='line_1_99' title="bbox 540 5408 2039 5485; baseline -0.004 -17"><span class='ocrx_word' id='word_1_569' title='bbox 540 5412 642 5485; x_wconf 82' lang='grc' dir='ltr'>ρβ’.</span> <span class='ocrx_word' id='word_1_570' title='bbox 684 5410 809 5467; x_wconf 81' lang='grc' dir='ltr'>Ἐὰν</span> <span class='ocrx_word' id='word_1_571' title='bbox 841 5409 917 5483; x_wconf 79' lang='grc' dir='ltr'>μὴ</span> <span class='ocrx_word' id='word_1_572' title='bbox 950 5410 1052 5478; x_wconf 80' lang='grc' dir='ltr'><strong>τὴν</strong></span> <span class='ocrx_word' id='word_1_573' title='bbox 1072 5410 1302 5465; x_wconf 82' lang='grc' dir='ltr'>δέουσαν</span> <span class='ocrx_word' id='word_1_574' title='bbox 1347 5409 1666 5481; x_wconf 73' lang='grc' dir='ltr'>ἑπιμὲλειαν</span> <span class='ocrx_word' id='word_1_575' title='bbox 1717 5411 1811 5465; x_wconf 76' lang='grc' dir='ltr'>καὶ</span> <span class='ocrx_word' id='word_1_576' title='bbox 1869 5408 2039 5463; x_wconf 79' lang='grc' dir='ltr'>καθα-</span> 
     </span>
    </p>
   </div>
   <div class='ocr_carea' id='block_1_99' title="bbox 470 5501 2041 5578">
    <p class='ocr_par' dir='ltr' id='par_1_99' title="bbox 470 5501 2041 5578">
     <span class='ocr_line' id='line_1_100' title="bbox 470 5501 2041 5578; baseline -0.001 -21"><span class='ocrx_word' id='word_1_577' title='bbox 470 5506 722 5578; x_wconf 83' lang='grc' dir='ltr'>ρειότητα</span> <span class='ocrx_word' id='word_1_578' title='bbox 754 5503 1092 5560; x_wconf 74' lang='grc' dir='ltr'>ἐνδείκνυται</span> <span class='ocrx_word' id='word_1_579' title='bbox 1122 5504 1181 5556; x_wconf 69' lang='grc' dir='ltr'>ἐν</span> <span class='ocrx_word' id='word_1_580' title='bbox 1202 5503 1317 5564; x_wconf 84' lang='grc' dir='ltr'>τοῖς</span> <span class='ocrx_word' id='word_1_581' title='bbox 1346 5502 1751 5571; x_wconf 84' lang='grc' dir='ltr'>πρωτολογίοις,</span> <span class='ocrx_word' id='word_1_582' title='bbox 1786 5501 1871 5565; x_wconf 79' lang='grc' dir='ltr'><strong>είς</strong></span> <span class='ocrx_word' id='word_1_583' title='bbox 1889 5519 1949 5554; x_wconf 90' lang='grc' dir='ltr'><strong>τε</strong></span> <span class='ocrx_word' id='word_1_584' title='bbox 1970 5501 2041 5555; x_wconf 75' lang='grc' dir='ltr'><strong>τὰ</strong></span> 
     </span>
    </p>
   </div>
   <div class='ocr_carea' id='block_1_100' title="bbox 467 5591 2038 5668">
    <p class='ocr_par' dir='ltr' id='par_1_100' title="bbox 467 5591 2038 5668">
     <span class='ocr_line' id='line_1_101' title="bbox 467 5591 2038 5668; baseline -0.002 -19"><span class='ocrx_word' id='word_1_585' title='bbox 467 5596 731 5652; x_wconf 87' lang='grc' dir='ltr'>κοντάκια</span> <span class='ocrx_word' id='word_1_586' title='bbox 764 5598 844 5659; x_wconf 86' lang='grc' dir='ltr'><strong>είς</strong></span> <span class='ocrx_word' id='word_1_587' title='bbox 875 5595 1110 5649; x_wconf 69' lang='grc' dir='ltr'>ἕκαστον</span> <span class='ocrx_word' id='word_1_588' title='bbox 1144 5592 1348 5668; x_wconf 83' lang='grc' dir='ltr'>βιϐλίον</span> <span class='ocrx_word' id='word_1_589' title='bbox 1375 5591 1405 5645; x_wconf 80' lang='grc' dir='ltr'>ὂ</span> <span class='ocrx_word' id='word_1_590' title='bbox 1450 5594 1760 5665; x_wconf 69' lang='grc' dir='ltr'>ἐπικρατεῖ,</span> <span class='ocrx_word' id='word_1_591' title='bbox 1790 5594 1939 5655; x_wconf 86' lang='grc' dir='ltr'>ὅπως</span> <span class='ocrx_word' id='word_1_592' title='bbox 1964 5592 2038 5663; x_wconf 84' lang='grc' dir='ltr'>μὴ</span> 
     </span>
    </p>
   </div>
   <div class='ocr_carea' id='block_1_101' title="bbox 2140 4586 3721 4660">
    <p class='ocr_par' dir='ltr' id='par_1_101' title="bbox 2140 4586 3721 4660">
     <span class='ocr_line' id='line_1_102' title="bbox 2140 4586 3721 4660; baseline -0.002 -15"><span class='ocrx_word' id='word_1_593' title='bbox 2140 4588 2462 4660; x_wconf 81' lang='lat' dir='ltr'><strong>neglexerit,</strong></span> <span class='ocrx_word' id='word_1_594' title='bbox 2495 4595 2796 4642; x_wconf 73' lang='lat' dir='ltr'><strong>mctanmas</strong></span> <span class='ocrx_word' id='word_1_595' title='bbox 2852 4586 3075 4656; x_wconf 79' lang='lat' dir='ltr'><strong>triginta</strong></span> <span class='ocrx_word' id='word_1_596' title='bbox 3115 4594 3169 4641; x_wconf 91' lang='lat' dir='ltr'><strong>et</strong></span> <span class='ocrx_word' id='word_1_597' title='bbox 3216 4586 3617 4658; x_wconf 81' lang='lat' dir='ltr'><strong>quinquaginta</strong></span> <span class='ocrx_word' id='word_1_598' title='bbox 3666 4596 3721 4644; x_wconf 90' lang='lat' dir='ltr'><strong>et</strong></span> 
     </span>
    </p>
   </div>
   <div class='ocr_carea' id='block_1_102' title="bbox 2141 4691 2385 4738">
    <p class='ocr_par' dir='ltr' id='par_1_102' title="bbox 2141 4691 2385 4738">
     <span class='ocr_line' id='line_1_103' title="bbox 2141 4691 2385 4738; baseline -0.016 0"><span class='ocrx_word' id='word_1_599' title='bbox 2141 4691 2385 4738; x_wconf 87' lang='lat' dir='ltr'><strong>centum.</strong></span> 
     </span>
    </p>
   </div>
   <div class='ocr_carea' id='block_1_103' title="bbox 2215 4767 3718 4842">
    <p class='ocr_par' dir='ltr' id='par_1_103' title="bbox 2215 4767 3718 4842">
     <span class='ocr_line' id='line_1_104' title="bbox 2215 4767 3718 4842; baseline 0 -14"><span class='ocrx_word' id='word_1_600' title='bbox 2215 4773 2339 4829; x_wconf 75' lang='grc'>100.</span> <span class='ocrx_word' id='word_1_601' title='bbox 2370 4771 2486 4827; x_wconf 86' lang='lat' dir='ltr'><strong>Nisi</strong></span> <span class='ocrx_word' id='word_1_602' title='bbox 2522 4786 2742 4827; x_wconf 87' lang='lat' dir='ltr'><strong>omnem</strong></span> <span class='ocrx_word' id='word_1_603' title='bbox 2771 4771 2962 4825; x_wconf 88' lang='lat' dir='ltr'><strong>horam</strong></span> <span class='ocrx_word' id='word_1_604' title='bbox 2995 4769 3306 4840; x_wconf 84' lang='lat' dir='ltr'><strong>liturgicam</strong></span> <span class='ocrx_word' id='word_1_605' title='bbox 3337 4767 3581 4842; x_wconf 76' lang='lat' dir='ltr'><strong>tempore</strong></span> <span class='ocrx_word' id='word_1_606' title='bbox 3614 4789 3718 4828; x_wconf 85' lang='lat' dir='ltr'><strong>suo</strong></span> 
     </span>
    </p>
   </div>
   <div class='ocr_carea' id='block_1_104' title="bbox 2146 4860 3722 4933">
    <p class='ocr_par' dir='ltr' id='par_1_104' title="bbox 2146 4860 3722 4933">
     <span class='ocr_line' id='line_1_105' title="bbox 2146 4860 3722 4933; baseline 0.001 -16"><span class='ocrx_word' id='word_1_607' title='bbox 2146 4862 2539 4933; x_wconf 85' lang='lat' dir='ltr'><strong>designaverit,</strong></span> <span class='ocrx_word' id='word_1_608' title='bbox 2623 4860 3023 4917; x_wconf 81' lang='lat' dir='ltr'><strong>fraternitatem</strong></span> <span class='ocrx_word' id='word_1_609' title='bbox 3102 4861 3373 4927; x_wconf 90' lang='lat' dir='ltr'><strong>vocando,</strong></span> <span class='ocrx_word' id='word_1_610' title='bbox 3416 4872 3722 4918; x_wconf 75' lang='lat' dir='ltr'><strong>metanmas</strong></span> 
     </span>
    </p>
   </div>
   <div class='ocr_carea' id='block_1_105' title="bbox 2142 4964 2383 5013">
    <p class='ocr_par' dir='ltr' id='par_1_105' title="bbox 2142 4964 2383 5013">
     <span class='ocr_line' id='line_1_106' title="bbox 2142 4964 2383 5013; baseline -0.017 0"><span class='ocrx_word' id='word_1_611' title='bbox 2142 4964 2383 5013; x_wconf 89' lang='lat' dir='ltr'><strong>centum.</strong></span> 
     </span>
    </p>
   </div>
   <div class='ocr_carea' id='block_1_106' title="bbox 2219 5045 3717 5118">
    <p class='ocr_par' dir='ltr' id='par_1_106' title="bbox 2219 5045 3717 5118">
     <span class='ocr_line' id='line_1_107' title="bbox 2219 5045 3717 5118; baseline -0.001 -16"><span class='ocrx_word' id='word_1_612' title='bbox 2219 5046 2345 5103; x_wconf 76' lang='grc'>101.</span> <span class='ocrx_word' id='word_1_613' title='bbox 2389 5046 2447 5102; x_wconf 88' lang='lat' dir='ltr'><strong>Si</strong></span> <span class='ocrx_word' id='word_1_614' title='bbox 2493 5047 2542 5102; x_wconf 86' lang='lat' dir='ltr'><strong>is</strong></span> <span class='ocrx_word' id='word_1_615' title='bbox 2591 5045 3033 5116; x_wconf 86' lang='lat' dir='ltr'><strong>deprehendatur</strong></span> <span class='ocrx_word' id='word_1_616' title='bbox 3080 5047 3267 5102; x_wconf 84' lang='lat' dir='ltr'><strong>favore</strong></span> <span class='ocrx_word' id='word_1_617' title='bbox 3301 5057 3395 5102; x_wconf 89' lang='lat' dir='ltr'><strong>aut</strong></span> <span class='ocrx_word' id='word_1_618' title='bbox 3456 5048 3717 5118; x_wconf 89' lang='lat' dir='ltr'><strong>peculiari</strong></span> 
     </span>
    </p>
   </div>
   <div class='ocr_carea' id='block_1_107' title="bbox 2147 5138 3719 5210">
    <p class='ocr_par' dir='ltr' id='par_1_107' title="bbox 2147 5138 3719 5210">
     <span class='ocr_line' id='line_1_108' title="bbox 2147 5138 3719 5210; baseline -0.001 -16"><span class='ocrx_word' id='word_1_619' title='bbox 2147 5138 2347 5194; x_wconf 84' lang='lat' dir='ltr'><strong>affectu</strong></span> <span class='ocrx_word' id='word_1_620' title='bbox 2380 5138 2605 5194; x_wconf 81' lang='lat' dir='ltr'><strong>fratrem</strong></span> <span class='ocrx_word' id='word_1_621' title='bbox 2637 5138 2934 5208; x_wconf 84' lang='lat' dir='ltr'><strong>prosequi,</strong></span> <span class='ocrx_word' id='word_1_622' title='bbox 2972 5139 3052 5193; x_wconf 88' lang='lat' dir='ltr'><strong>vel</strong></span> <span class='ocrx_word' id='word_1_623' title='bbox 3077 5139 3241 5193; x_wconf 87' lang='lat' dir='ltr'><strong>etiam</strong></span> <span class='ocrx_word' id='word_1_624' title='bbox 3273 5139 3591 5210; x_wconf 83' lang='lat' dir='ltr'><strong>improbare</strong></span> <span class='ocrx_word' id='word_1_625' title='bbox 3616 5140 3719 5194; x_wconf 84' lang='lat' dir='ltr'><strong>nti-</strong></span> 
     </span>
    </p>
   </div>
   <div class='ocr_carea' id='block_1_108' title="bbox 2143 5230 3244 5300">
    <p class='ocr_par' dir='ltr' id='par_1_108' title="bbox 2143 5230 3244 5300">
     <span class='ocr_line' id='line_1_109' title="bbox 2143 5230 3244 5300; baseline 0 -15"><span class='ocrx_word' id='word_1_626' title='bbox 2143 5246 2250 5288; x_wconf 90' lang='lat' dir='ltr'><strong>nus</strong></span> <span class='ocrx_word' id='word_1_627' title='bbox 2279 5238 2375 5286; x_wconf 91' lang='lat' dir='ltr'><strong>aut</strong></span> <span class='ocrx_word' id='word_1_628' title='bbox 2408 5230 2533 5300; x_wconf 92' lang='lat' dir='ltr'><strong>plus</strong></span> <span class='ocrx_word' id='word_1_629' title='bbox 2554 5244 2732 5300; x_wconf 71' lang='lat' dir='ltr'><strong>aequo,</strong></span> <span class='ocrx_word' id='word_1_630' title='bbox 2764 5230 2936 5286; x_wconf 89' lang='lat' dir='ltr'><strong>aridis</strong></span> <span class='ocrx_word' id='word_1_631' title='bbox 2972 5239 3244 5286; x_wconf 85' lang='lat' dir='ltr'><strong>vescatur.</strong></span> 
     </span>
    </p>
   </div>
   <div class='ocr_carea' id='block_1_109' title="bbox 2220 5399 3719 5459">
    <p class='ocr_par' dir='ltr' id='par_1_109' title="bbox 2220 5399 3719 5459">
     <span class='ocr_line' id='line_1_110' title="bbox 2220 5399 3719 5459; baseline -0.003 0"><span class='ocrx_word' id='word_1_632' title='bbox 2220 5404 2345 5459; x_wconf 74' lang='grc'>102.</span> <span class='ocrx_word' id='word_1_633' title='bbox 2383 5402 2440 5459; x_wconf 92' lang='lat' dir='ltr'><strong>Si</strong></span> <span class='ocrx_word' id='word_1_634' title='bbox 2463 5403 2696 5459; x_wconf 89' lang='lat' dir='ltr'><strong>debitam</strong></span> <span class='ocrx_word' id='word_1_635' title='bbox 2730 5417 2921 5457; x_wconf 89' lang='lat' dir='ltr'><strong>curam</strong></span> <span class='ocrx_word' id='word_1_636' title='bbox 2947 5410 3001 5457; x_wconf 90' lang='lat' dir='ltr'><strong>et</strong></span> <span class='ocrx_word' id='word_1_637' title='bbox 3041 5400 3364 5456; x_wconf 82' lang='lat' dir='ltr'><strong>munditiem</strong></span> <span class='ocrx_word' id='word_1_638' title='bbox 3401 5415 3513 5456; x_wconf 90' lang='lat' dir='ltr'><strong>non</strong></span> <span class='ocrx_word' id='word_1_639' title='bbox 3562 5399 3719 5456; x_wconf 86' lang='lat' dir='ltr'><strong>adhi-</strong></span> 
     </span>
    </p>
   </div>
   <div class='ocr_carea' id='block_1_110' title="bbox 2146 5493 3828 5567">
    <p class='ocr_par' dir='ltr' id='par_1_110' title="bbox 2146 5493 3828 5567">
     <span class='ocr_line' id='line_1_111' title="bbox 2146 5493 3828 5567; baseline -0.003 -15"><span class='ocrx_word' id='word_1_640' title='bbox 2146 5497 2330 5552; x_wconf 86' lang='lat' dir='ltr'><strong>buerit</strong></span> <span class='ocrx_word' id='word_1_641' title='bbox 2363 5497 2416 5551; x_wconf 87' lang='lat' dir='ltr'><strong>in</strong></span> <span class='ocrx_word' id='word_1_642' title='bbox 2467 5496 2811 5567; x_wconf 86' lang='lat' dir='ltr'><strong>protologiis,</strong></span> <span class='ocrx_word' id='word_1_643' title='bbox 2857 5504 2911 5550; x_wconf 88' lang='lat' dir='ltr'><strong>et</strong></span> <span class='ocrx_word' id='word_1_644' title='bbox 2958 5510 3083 5565; x_wconf 84' lang='lat' dir='ltr'><strong>erga</strong></span> <span class='ocrx_word' id='word_1_645' title='bbox 3135 5494 3409 5561; x_wconf 87' lang='lat' dir='ltr'><strong>contacia,</strong></span> <span class='ocrx_word' id='word_1_646' title='bbox 3465 5503 3524 5549; x_wconf 88' lang='lat' dir='ltr'><strong>et</strong></span> <span class='ocrx_word' id='word_1_647' title='bbox 3568 5493 3717 5549; x_wconf 83' lang='lat' dir='ltr'><strong>circa</strong></span> <span class='ocrx_word' id='word_1_648' title='bbox 3822 5540 3828 5547; x_wconf 84' lang='lat'><strong>.</strong></span> 
     </span>
    </p>
   </div>
   <div class='ocr_carea' id='block_1_111' title="bbox 2149 5587 3716 5662">
    <p class='ocr_par' dir='ltr' id='par_1_111' title="bbox 2149 5587 3716 5662">
     <span class='ocr_line' id='line_1_112' title="bbox 2149 5587 3716 5662; baseline -0.003 -17"><span class='ocrx_word' id='word_1_649' title='bbox 2149 5589 2400 5662; x_wconf 87' lang='lat' dir='ltr'><strong>quemvis</strong></span> <span class='ocrx_word' id='word_1_650' title='bbox 2430 5589 2627 5644; x_wconf 91' lang='lat' dir='ltr'><strong>librum</strong></span> <span class='ocrx_word' id='word_1_651' title='bbox 2662 5589 2958 5658; x_wconf 89' lang='lat' dir='ltr'><strong>possideat,</strong></span> <span class='ocrx_word' id='word_1_652' title='bbox 3005 5587 3300 5658; x_wconf 86' lang='lat' dir='ltr'><strong>quominus</strong></span> <span class='ocrx_word' id='word_1_653' title='bbox 3345 5587 3597 5658; x_wconf 74' lang='lat' dir='ltr'><strong>depereat</strong></span> <span class='ocrx_word' id='word_1_654' title='bbox 3633 5602 3716 5659; x_wconf 62' lang='lat' dir='ltr'><strong>vel</strong></span> 
     </span>
    </p>
   </div>
   <div class='ocr_carea' id='block_1_112' title="bbox 537 5748 2697 5860">
    <p class='ocr_par' dir='ltr' id='par_1_112' title="bbox 537 5748 2697 5860">
     <span class='ocr_line' id='line_1_113' title="bbox 537 5748 2697 5860; baseline -0.005 -9"><span class='ocrx_word' id='word_1_655' title='bbox 537 5794 567 5837; x_wconf 75' lang='grc' dir='ltr'>ιι</span> <span class='ocrx_word' id='word_1_656' title='bbox 600 5793 801 5851; x_wconf 85' lang='lat' dir='ltr'><strong>Confer</strong></span> <span class='ocrx_word' id='word_1_657' title='bbox 834 5792 1061 5851; x_wconf 74' lang='lat' dir='ltr'><strong>Studiue</strong></span> <span class='ocrx_word' id='word_1_658' title='bbox 1076 5808 1295 5850; x_wconf 83' lang='lat' dir='ltr'><strong>carmen</strong></span> <span class='ocrx_word' id='word_1_659' title='bbox 1328 5789 1408 5858; x_wconf 82' lang='lat' dir='ltr'><strong>X;</strong></span> <span class='ocrx_word' id='word_1_660' title='bbox 1446 5790 1521 5847; x_wconf 87' lang='lat' dir='ltr'><strong>De</strong></span> <span class='ocrx_word' id='word_1_661' title='bbox 1546 5790 1890 5848; x_wconf 84' lang='lat' dir='ltr'><strong>canonarclta</strong></span> <span class='ocrx_word' id='word_1_662' title='bbox 1920 5791 2087 5855; x_wconf 86' lang='lat' dir='ltr'><strong>Goar,</strong></span> <span class='ocrx_word' id='word_1_663' title='bbox 2128 5805 2185 5860; x_wconf 87' lang='lat' dir='ltr'><strong>p.</strong></span> <span class='ocrx_word' id='word_1_664' title='bbox 2214 5788 2307 5857; x_wconf 71' lang='lat'><strong>23,</strong></span> <span class='ocrx_word' id='word_1_665' title='bbox 2336 5788 2697 5859; x_wconf 76' lang='lat' dir='ltr'><strong>ctCangium.</strong></span> 
     </span>
    </p>
   </div>
  </div>
