4122 6382
509 335 645 419 ιτιι

1701 338 1761 402 SL
1800 338 2198 403 THEODORI
2226 343 2578 406 S‘TUDl‘l‘AQ

3616 351 3733 418 1:48

504 452 803 523 iactatione
852 460 1277 527 praecentorum,
1317 453 1405 510 vel
1451 469 1521 511 ex
1578 453 1927 526 impendente
1954 455 2088 510 lam-

2198 456 2466 531 ἀχρειωθῇ
2479 458 2513 530 ἦ
2527 460 2592 513 ἐκ
2603 456 2768 513 σάλου
2781 456 2894 513 τῶν
2905 458 3403 533 κανοναρχοὺντων,
3418 460 3453 534 ἢ
3472 461 3529 530 ἐξ
3542 464 3743 520 tutata.

506 543 665 611 pade,
694 542 780 600 vel
818 544 1116 601 ceromatis
1154 544 1442 614 eﬂ‘usione,
1477 545 1567 602 vcl
1612 546 1871 602 sordibus
1901 554 1959 602 et
1994 560 2090 603 su-

503 635 637 691 dore
666 652 889 717 manus,
915 646 1096 693 rectus
1127 646 1235 694 stet
1256 650 1411 694 extra
1432 639 1661 710 januam
1695 638 1945 696 triclinii.

592 728 717 783 105.
746 728 805 783 Si
846 728 1115 783 lecturum
1148 728 1232 783 vel
1283 730 1525 799 psalmos
1574 738 1924 785 cantaturum
1975 744 2086 786 non

505 824 924 895 praemonuerit,
973 832 1034 878 ιιι
1057 832 1284 893 paratus
1333 823 1740 894 meditatusque
1772 824 1841 879 ad
1880 821 2091 879 altera;

505 928 641 972 Iram
673 931 789 972 rem
818 915 1061 982 accedat,
1093 926 1396 971 metanteas
1425 916 1639 987 viginti,

577 1008 703 1065 104.
740 1007 798 1063 Si
824 1008 951 1078 quis
984 1022 1162 1062 canon
1189 1023 1296 1064 non
1343 1007 1513 1064 fuerit
1561 1015 1820 1064 cantatus
1865 1007 2091 1080 proprio

504 1100 612 1166 die,
642 1107 945 1156 metanmas
962 1108 1218 1161 centum.

1096 1189 1176 1244 De
1205 1190 1505 1246 taxiarclta.

578 1286 704 1342 l05.
724 1282 842 1341 Nisi
870 1291 1078 1340 rectum
1107 1281 1359 1337 ordinem
1384 1283 1514 1353 ,ipse
1549 1283 1763 1353 primus
1791 1284 2091 1350 custodiat,

506 1379 706 1435 deinde
760 1390 862 1447 pro
918 1375 1005 1431 sui
1044 1372 1206 1430 cilicii
1272 1383 1539 1445 potestate
1575 1376 1832 1432 eumdem
1881 1377 1936 1431 in
1969 1377 2093 1432 uni-

508 1487 666 1529 versa
702 1468 1050 1525 fraternitate
1097 1468 1352 1533 retineat,
1380 1474 1437 1523 et
1492 1468 1600 1523 nisi
1649 1484 1843 1526 omnes
1886 1485 2091 1525 conve-

509 1563 731 1618 nienter
770 1560 825 1615 in
852 1558 1023 1614 choro
1047 1557 1330 1629 disponat,
1357 1569 1412 1613 et
1440 1557 1495 1613 in
1532 1558 1726 1629 primis
1756 1571 2091 1631 opportune,

508 1670 605 1724 pro
622 1659 801 1717 aetate,
840 1649 1057 1720 peritia,
1098 1656 1154 1705 et
1201 1649 1354 1704 vocis
1390 1649 1724 1714 harmonia;
1790 1660 2092 1709 metanams

508 1745 673 1801 faciat
703 1740 953 1814 triginta,
985 1751 1041 1797 et
1076 1741 1500 1812 quinquaginta,
1539 1750 1852 1797 etcentum.

2197 547 2317 613 σίας
2330 548 2618 622 κανδήλας,
2629 550 2665 622 ἢ
2682 549 2744 615 ἐξ
2756 549 3038 621 ἑκχύσεως
3047 567 3117 621 κη
3125 550 3343 624 ραψιας,
3361 551 3394 623 ἢ
3407 554 3470 607 ὲκ
3490 553 3649 626 ῥύπου
3659 559 3744 613 καὶ

2197 628 2518 712 ίδρωμάτων
2529 642 2733 714 χειρὸς,
2748 630 3166 715 παραστάσιμον
3177 646 3353 715 ἐν’τῇτ
3378 647 3583 719 ραπέζῃ
3595 648 3703 712 ἔξω.

2266 737 2375 803 ργ’.
2430 732 2557 786 Ἐἀν
2585 730 2711 804 [μὴ]
2729 732 2973 806 προλέγῃ
2993 733 3072 805 τῷ
3104 733 3354 804 μέλλοντι
3382 736 3744 804 ἀναγινώσκειν

2196 821 2231 894 ἢ
2265 822 2515 893 ψάλλειν,
2543 822 2620 887 ὡς
2646 824 3197 895 προκατηρτισμένον
3222 820 3366 879 εἶναι
3393 827 3485 881 καὶ
3519 827 3745 900 διεσκεμ-

2200 915 2363 987 μένον
2394 915 2477 978 εἰς
2503 916 2765 988 ἑκάτερα,
2798 916 2904 970 ἀνά
2935 916 3226 985 μετανοίας
3246 916 3315 973 κ’.

2273 1000 2368 1075 ρδ’.
2410 1004 2539 1059 Ἐἀν
2563 1004 2843 1077 ἀπομείνῃ
2888 1002 3073 1059 κανὼν
3114 1005 3191 1078 μὴ
3222 1004 3451 1076 ψαλθεὶς
3500 1008 3633 1064 κατὰ
3661 1012 3746 1083 τὴν

2196 1094 2423 1150 δέουσαν
2446 1094 2689 1168 ἡμέραν,
2724 1094 3008 1167 μετάνοιαι
3037 1101 3102 1168 ρ’.
3330 1123 3340 1133 ·

2628 1186 2773 1257 Περὶ
2813 1187 2923 1243 τοῦ
2944 1187 3273 1259 ταξιάρχου
3306 1191 3356 1246 ί.

2270 1275 2371 1350 ρε⁰.
2405 1279 2596 1333 Πᾶσαν
2618 1278 2875 1347 εὐταξίαν
2901 1280 2952 1333 εί
2999 1279 3075 1353 μὴ
3108 1282 3391 1350 φυλάττοι,
3428 1284 3631 1356 πρῶτον
3658 1289 3746 1344 αὖ.

2197 1372 2312 1437 τὸς,
2335 1371 2532 1427 ἔπειτα
2556 1371 2624 1427 δι’
2648 1371 2898 1437 ἐξουσίας
2921 1374 3023 1443 τῆς
3046 1373 3260 1439 οίκείας
3290 1375 3556 1441 διακονίας
3587 1397 3747 1453 παρα.

2197 1465 2339 1535 τηρῇ
2370 1465 2468 1518 καὶ
2500 1464 2559 1519 ὲν
2592 1464 2744 1538 πάσῃ
2779 1467 2846 1536 τῇ
2876 1464 3226 1537 ἀδελφότητι,
3252 1464 3393 1519 ὥστε
3431 1475 3747 1541 χοροστατεῑν

2198 1556 2402 1621 αὐτοὺς
2422 1558 2699 1629 ἁρμοδίως
2714 1598 2731 1624 ,
2766 1557 2865 1612 καὶ
2892 1557 3127 1630 μάλιστα
3148 1559 3209 1612 ἑν
3234 1560 3413 1631 καιρῷ
3430 1563 3747 1633 καταλλήλως

2201 1648 2339 1720 πρὸς
2374 1649 2590 1720 ἡλικίαν
2617 1649 2717 1705 καὶ
2742 1650 2842 1714 τάς
2864 1650 3101 1721 εἰδήσεις
3136 1650 3238 1705 καὶ
3259 1650 3360 1715 τὰς
3415 1653 3746 1728 εὐφωνήσεις,

2198 1741 2308 1796 ἀνά
2338 1742 2404 1808 λ’,
2433 1742 2529 1797 καὶ
2559 1747 2625 1808 ν’,
2660 1741 2756 1797 καὶ
2785 1748 2832 1815 ρ’
2862 1742 3175 1813 μετανοίας.

578 1837 707 1894 106.
744 1835 862 1892 Nisi
913 1833 1264 1889 matriculam
1320 1834 1513 1889 sedulo
1567 1840 1777 1895 teneat,
1836 1842 1898 1889 ut
1959 1833 2101 1890 sciat

2237 1866 2251 1884 .
2275 1839 2387 1907 ρς’.
2429 1834 2556 1888 Ἐἀν
2588 1833 2748 1906 μὴτὸ
2773 1833 3063 1905 ματρίκιον
3123 1838 3307 1908 κρατῇ
3358 1837 3633 1906 ἐπιπόνως,
3677 1839 3747 1905 είς

509 1928 965 1999 uniuscujusque
992 1927 1247 1998 gradum,
1293 1934 1350 1981 et
1396 1924 1566 1980 totius
1602 1924 1963 1981 fraternitatis
1996 1942 2100 1981 nu-

511 2036 746 2088 merum,
770 2021 1008 2091 ideoque
1028 2018 1264 2090 negligat
1282 2016 1571 2073 defunctos
1589 2016 1898 2089 signiﬁcare
1914 2027 2101 2089 proto-

508 2114 744 2170 diacono
777 2115 869 2183 qui
903 2117 1074 2184 ponat
1118 2110 1173 2166 in
1223 2108 1499 2182 diptycltis
1558 2123 1574 2163 :
1623 2118 1679 2164 et
1727 2110 1776 2164 si
1824 2109 1920 2180 qui
1962 2109 2101 2165 insi-

512 2208 727 2278 pienter
760 2203 1106 2277 diﬂ'ugerint,
1127 2217 1226 2259 eos
1274 2201 1572 2273 qumrendo
1614 2216 1723 2257 non
1753 2211 1937 2259 teneat
1966 2219 1982 2271 ;
2015 2202 2102 2259 vel

510 2303 557 2356 si
589 2299 722 2372 quid
756 2298 908 2355 aliud
956 2293 1283 2369 huiusmodi
1309 2293 1586 2360 inciderit,
1621 2302 1930 2352 metanteas
1968 2311 2101 2352 cen-

510 2405 626 2449 tum
655 2391 840 2449 iaciat.

583 2484 711 2541 107.
730 2483 790 2540 Si
816 2497 976 2540 sacra
995 2480 1169 2538 divini
1186 2479 1443 2539 sacriﬁcii
1456 2479 1827 2537 instrumenta
1846 2494 1954 2535 non
1972 2494 2100 2535 cum

514 2579 715 2633 timore
742 2585 800 2633 et
827 2585 1068 2632 tremore
1121 2581 1452 2641 contrectet,
1486 2574 1560 2630 ita
1606 2586 1670 2630 ut
1706 2587 1808 2629 suo
1856 2581 2104 2644 tempore

512 2667 890 2724 venerabilem
921 2682 1172 2723 mensam
1220 2667 1442 2732 vestiat,
1472 2681 1577 2722 nec
1613 2680 1721 2721 non
1750 2673 1949 2723 caetera
1990 2665 2105 2735 spi-

513 2760 701 2816 titalia
753 2759 990 2831 liturgim
1047 2757 1289 2824 cimelia,
1339 2768 1396 2813 et
1440 2757 1547 2814 nisi
1605 2758 1773 2830 plicet
1822 2773 2104 2830 superque

515 2851 769 2924 imponat
825 2859 1162 2923 tegumenta,
1200 2857 1509 2908 metautcas
1562 2851 1813 2919 triginta,
1847 2862 1902 2907 et
1938 2851 2104 2923 quin-

512 2947 798 3018 quaginta.

1134 3036 1213 3093 De
1258 3045 1479 3094 textore.

590 3129 716 3185 108.
749 3126 870 3185 Nisi
899 3129 1018 3201 ipse
1050 3130 1265 3202 primus
1292 3146 1453 3186 mane
1476 3129 1772 3188 distribuat
1808 3129 2105 3202 unicuique

516 3234 775 3293 pensum,
809 3224 1014 3293 detque
1034 3237 1257 3294 operam
1288 3238 1358 3279 ne
1380 3222 1507 3295 quis
1533 3224 1630 3279 liat
1666 3223 1878 3279 abusus
1913 3222 1969 3277 in
1992 3223 2109 3278 vel-

518 3314 730 3371 leribus
759 3324 816 3371 et
860 3314 1038 3371 laneis
1083 3314 1442 3384 staminibus,
1495 3326 1803 3372 metanaaas
1834 3315 2110 3386 quinqua-

517 3404 688 3475 ginta.

589 3494 711 3551 109.
747 3494 804 3551 Si
829 3511 925 3568 per
944 3495 1213 3551 incuriam
1238 3495 1547 3568 praeciderit
1587 3497 1895 3566 subtemen,
1922 3500 2005 3556 vel
2030 3501 2110 3558 ira

518 3598 827 3643 commotus
845 3587 1112 3659 pectinem
1128 3588 1677 3661 fregerit,metanmas
1690 3593 2108 3666 quinquaginta.

590 3680 718 3736 110.
772 3679 891 3735 Nisi
935 3680 1191 3736 decenter
1245 3690 1507 3737 texantur
1548 3684 1770 3752 tunicae,
1799 3696 2015 3741 servata
2053 3687 2108 3742 in

518 3772 756 3828 texendo
810 3781 867 3828 et
916 3771 1145 3829 ﬁmbriae
1174 3773 1472 3839 densitate,
1523 3783 1580 3830 et
1649 3775 1723 3830 ﬁli
1767 3778 2106 3848 aequalitate,

516 3877 572 3922 et
600 3880 800 3923 manus
830 3866 1089 3939 puritate,
1129 3876 1434 3925 rnetanmas
1484 3868 1887 3942 quinquaginta
1918 3871 2108 3928 faciat.

517 4042 590 4101 ιι.
645 4043 992 4118 Quotidiana:
1045 4045 1421 4118 monachorum
1472 4064 1637 4118 paena:
1694 4067 1728 4105 α
1773 4051 2109 4108 sanctissimo

749 4114 917 4170 Patre
954 4127 1133 4171 nostra
1166 4116 1438 4174 Theodoro
1470 4114 1817 4191 praescriptas.

629 4274 683 4329 1.
717 4273 798 4331 οε
823 4276 1083 4332 monacho
1110 4293 1324 4333 carnem
1353 4279 1493 4335 clam
1524 4281 1824 4338 comedente
1849 4296 2007 4340 extra

1126 4349 1330 4419 inﬁrmi
1338 4360 1518 4406 tatem.

592 4439 695 4505 Qui
732 4454 955 4497 carnem
977 4439 1120 4497 clam
1147 4441 1450 4499 comederit
1470 4445 1679 4515 alisque
1709 4447 2034 4504 necessitate
2050 4460 2107 4505 et

2200 1924 2265 1980 τὸ
2292 1925 2491 1980 ειδέναι
2518 1924 2640 1990 ἑνὸς
2670 1926 2907 1982 ἑκάστου
2935 1925 3031 1980 τὸν
3057 1924 3294 1998 βαθμὸν,
3314 1929 3515 1983 καὶτὸν
3541 1930 3747 2002 ἀριθμὸν

2199 2018 2302 2089 τῆς
2349 2015 2479 2088 ὅλης
2516 2017 2900 2090 ἀδελφότητος,
2937 2017 3026 2072 ἵνα
3048 2019 3179 2082 τοὺς
3200 2020 3621 2091 κεκοιμημένους
3652 2038 3748 2075 πα-

2206 2108 2497 2182 ραπέμψαι
2519 2111 2898 2182 ἐγγράφεσθαι
2915 2111 2994 2181 τῷ
3023 2112 3448 2183 πρωτοδιακόνῳ
3471 2115 3527 2167 ὲν
3557 2116 3659 2179 τοῖς
3683 2116 3749 2169 δι-

2202 2200 2431 2274 πτύχοις
2455 2217 2472 2235 ⁸
2499 2202 2626 2267 τοὺς
2657 2203 2703 2258 δ’
2734 2202 2795 2269 ἐξ
2826 2201 3086 2267 ἀϐουλίας
3113 2203 3525 2275 ὑποδράσαντας
3562 2205 3643 2260 διά
3666 2207 3747 2281 ζη-

2200 2294 2415 2366 τήσεως
2442 2295 2688 2367 κατέχοι,
2711 2294 2811 2351 καὶ⁸
2837 2296 2893 2350 et
2913 2311 2969 2349 τι
2994 2295 3124 2351 ἀλλο
3184 2296 3481 2363 ἐπιϐάλλοι,
3522 2300 3615 2353 ἀνά
3663 2318 3748 2371 με-

2200 2386 2423 2452 τανοίας
2460 2392 2528 2458 ρ’.
2954 2428 2957 2431 ι
3826 2444 3829 2451 ς

2276 2477 2381 2551 ρξ’.
2421 2478 2550 2534 Ἐἀν
2578 2477 2656 2552 μὴ
2680 2478 2749 2534 τὰ
2780 2479 2904 2552 ίερά
2935 2478 3035 2534 καὶ
3058 2479 3181 2535 θεῖα
3213 2476 3531 2555 ἀναθῦματα
3562 2483 3576 2535 ι
3628 2485 3747 2556 μετά
3798 2498 3807 2539 ξι

2204 2568 2373 2640 φόϐου
2402 2570 2498 2626 καὶ
2529 2571 2735 2644 τρόμου
2765 2571 3191 2645 διαχειρίζηται,
3215 2573 3360 2627 ὥστε
3391 2576 3488 2639 τάς
3506 2578 3632 2629 κατὰ
3650 2594 3748 2630 και-

2208 2663 2301 2735 ρὸν
2332 2663 2655 2730 ὑπενδύσεις
2681 2664 2953 2720 ποιεῖσθαι
2998 2665 3101 2737 τῆς
3157 2665 3315 2730 θείας
3360 2667 3618 2740 τραπέζης
3666 2670 3746 2723 καὶ

2203 2752 2315 2808 τῶν
2374 2753 2551 2810 ἄλλων
2587 2754 2976 2827 πνευματικῶν
3032 2755 3395 2828 ίερουργικῶν
3447 2759 3743 2829 κειμηλίων·

2204 2846 2304 2899 καὶ
2340 2846 2391 2899 εί
2437 2845 2516 2918 μὴ
2545 2845 2728 2901 διπλοῖ
2752 2846 2848 2901 καὶ
2880 2844 3101 2918 τίθησιν
3151 2847 3554 2920 ὲπισπάστρας,
3600 2851 3743 2920 μετά·

2204 2954 2345 2993 νοιαι
2379 2939 2448 3006 λ’,
2479 2938 2578 2994 καὶ
2600 2937 2667 2994 ν’.

2662 3030 2807 3101 Περὶ
2864 3030 2977 3088 τοῦ
3030 3032 3334 3103 ὑφάντου.

2282 3126 2388 3195 ρην.
2434 3121 2562 3179 Ἐὰν
2591 3122 2665 3197 μὴ
2696 3125 2726 3178 ό
2755 3123 2976 3197 πρῶτος
3024 3126 3277 3199 ἐπιδιδῷ,
3305 3127 3535 3198 πρωῖθεν
3563 3128 3744 3198 ἑκάστῳ

2211 3211 2275 3267 τδ
2296 3213 2477 3286 ἔργον,
2495 3215 2591 3269 καὶ
2615 3213 2872 3284 φυλάττοι
2886 3215 3046 3270 τοῦτο
3065 3216 3142 3289 μὴ
3162 3216 3422 3286 γενέσθαι
3447 3218 3745 3291 παράχρησίν

2209 3323 2335 3363 τινα
2381 3305 2440 3361 εν
2464 3323 2525 3361 τε
2555 3309 2668 3372 τοῖς
2700 3307 2869 3378 ἐρίοις
2900 3307 3128 3373 καὶτοῖς
3148 3308 3545 3382 ἐριουργηθεῖσι
3572 3314 3744 3381 στημοο

2212 3413 2321 3462 σιν,
2367 3396 2472 3451 ἀνὰ
2532 3397 2824 3468 μετανοίας
2875 3402 2944 3452 ν’.

2284 3488 2386 3560 ρθν.
2404 3488 2530 3544 Ἐἀν
2550 3488 2611 3555 ἐξ
2626 3488 2887 3560 ἀμελείας
2904 3488 3136 3563 διακόψῃ
3152 3491 3404 3564 τροιάν,ἥ
3419 3493 3479 3546 ὲκ
3495 3492 3647 3563 θυμοῦ
3660 3509 3746 3547 κα-

2210 3580 2282 3636 τά
2301 3580 2403 3652 τῆς
2414 3580 2666 3653 κερκίδος
2680 3580 2925 3652 κινηθεὶς
2942 3598 3069 3636 συντ
3079 3582 3214 3655 ρίψῃ
3234 3583 3679 3655 αὑτὴν,μετάνοιαι
3691 3588 3745 3639 ν’.

2285 3679 2373 3746 ρι’.
2418 3674 2547 3728 Ἐάν
2579 3674 2657 3747 μὴ
2690 3673 3014 3746 πρεπόντως
3042 3675 3359 3745 ὑφαίνοιντο
3373 3679 3419 3730 oi
3448 3675 3646 3748 χιτῶνες
3662 3692 3747 3729 πα-

2214 3764 2639 3836 ρατηρουμένης
2682 3766 2741 3818 ὲν
2775 3767 2843 3837 τῇ
2873 3766 3116 3840 ὑφανσίᾳ
3158 3768 3261 3822 καὶ
3319 3767 3552 3839 λώματος
3598 3766 3748 3822 «L60.-

2213 3856 2437 3928 ρότητος
2484 3856 2579 3911 καὶ
2633 3857 2926 3929 ίσονημίας
2975 3859 3071 3912 καὶ
3124 3859 3559 3933 κάθαροχειρίας,
3605 3860 3746 3930 μετά-

2213 3965 2355 4003 νοιαι
2409 3947 2489 4021 (5)
2542 3949 2906 4021 πεντήκοντα.

2212 4062 2290 4118 B'.
2324 4061 2402 4118 Τὰ
2435 4063 2802 4133 καθημερινὰ
2833 4064 3097 4144 ἐπιτίμια
3119 4064 3195 4191 (εἰ)
3230 4064 3353 4121 τῶν
3381 4064 3637 4137 μοναχῶν
3665 4066 3746 4144 ἐξι-

2281 4132 2528 4189 τεθέντα
2585 4134 2747 4191 παρὰ
2802 4150 2911 4188 του
2965 4138 3146 4189 ὀσιωτ
3192 4154 3303 4191 του
3351 4140 3564 4191 [lambe
3604 4136 3745 4191 riuo»-

2281 4132 2528 4207 τεθέντα
2585 4134 2747 4202 παρὰ
2802 4132 2911 4188 τοῦ
2965 4132 3303 4192 ὀσιωὲάτου
3351 4132 3564 4207 Harpag-
3604 4133 3745 4207 ἡμῶν

2283 4202 2609 4273 Θεοδώρου.

2209 4302 2283 4352 α’.
2329 4295 2470 4366 Περὶ
2487 4294 2765 4366 μοναχοῦ
2803 4296 3120 4367 ἐσθίοντος
3177 4297 3327 4367 κρέα
3352 4297 3551 4367 λάθρα.
3596 4295 3743 4363 ἐκτὸς

2824 4366 3167 4435 ἀσθενείας.

2294 4460 2355 4514 Ὀ
2386 4460 2528 4532 κρέα
2564 4458 2994 4533 λαθροφαγήσας
3036 4461 3195 4525 ἐκτὸς
3228 4462 3472 4533 ἀνάγκης
3516 4462 3595 4515 καὶ
3617 4460 3740 4513 εὐλο-

519 4532 741 4588 abbatis
779 4532 1176 4597 benedictione.
1210 4536 1258 4591 is
1290 4536 1585 4593 obsonium
1619 4548 1718 4594 aut
1766 4554 1869 4595 ova
1892 4551 1989 4597 aut
2015 4559 2102 4600 ra-

2211 4550 2338 4621 γίας
2360 4524 2457 4605 toi)
2487 4524 2724 4621 Πατρὸς,
2750 4524 3000 4620 όψάριον,
3032 4549 3209 4620 ἢὼὺν,
3230 4551 3265 4624 ἢ
3286 4524 3536 4623 copam;
3555 4547 3740 4603 ἐσθιέτω

521 4640 676 4680 scum
738 4639 836 4695 per
859 4624 978 4681 dies
1008 4626 1372 4697 quadraginta
1392 4642 1501 4682 non
1529 4630 1797 4684 comedat.
1827 4631 2104 4702 Scriptum

520 4728 605 4773 est
630 4717 813 4773 enim:
850 4717 921 4773 Et
976 4719 1160 4773 carnis
1184 4735 1372 4775 curam
1415 4736 1477 4775 ne
1500 4720 1734 4791 feceritis
1758 4722 1830 4777 ad
1859 4727 2107 4796 concupi-

518 4807 776 4861 scentiam
799 4807 843 4840 ⁸⁸
874 4806 976 4879 (8).

587 4899 632 4932 ⁸⁸
674 4897 839 4955 Rom.
870 4916 992 4963 xm,
1028 4899 1122 4962 ﬂ.

526 5017 543 5057 ί
582 4990 788 5046 Confer
828 4989 1061 5048 Studita
1081 5006 1252 5047 carm.
1284 5006 1359 5045 τι.
1437 4988 1455 5041 ι
1488 4988 1563 5044 lta
1588 4991 1772 5057 codd.,
1802 4992 1867 5047 θυ
1902 5009 2008 5051 non
2037 4995 2113 5056 θε.

2211 4642 2428 4713 ἡμέρας
2457 4648 2531 4713 μ”
2550 4642 2860 4712 γέγραπται
2877 4642 3010 4712 γάρ’
3022 4644 3133 4698 Kal
3144 4642 3260 4715 τῆς
3270 4646 3487 4716 σαρκὸς
3500 4644 3743 4714 πρόνοιαν

2209 4734 2296 4805 μὴ
2318 4732 2543 4789 ποιεῖτε
2568 4735 2658 4801 εις
2677 4734 3000 4804 ἐπιθυμίαν
3014 4734 3116 4807 (7).

2035 5091 2271 5152 ΝΟΤΛΕ.

594 5178 673 5250 (5)
712 5177 854 5247 Quid
910 5179 982 5236 sit
1038 5187 1333 5244 metanma,
1370 5178 1524 5250 satis
1570 5178 1731 5250 docet
1774 5181 2013 5241 Goarius
2043 5186 2100 5243 in

522 5247 878 5325 Euchologio
908 5266 971 5325 p.
1002 5250 1093 5325 l_0,
1128 5264 1325 5325 nempe
1366 5247 1515 5325 illam
1547 5264 1588 5325 a_
1614 5248 1840 5325 Graecis,
1869 5269 2101 5325 praeser-

520 5321 624 5376 tim
666 5318 976 5384 monachis.
1018 5321 1222 5392 duplici
1255 5318 1592 5392 inodowiieri
1620 5338 1637 5373 :
1672 5323 1755 5377 vel
1815 5318 1985 5389 enim,
2018 5328 2104 5382 in-

524 5392 666 5464 quit,
692 5406 789 5447 ore
813 5388 1177 5463 manibusque
1200 5388 1576 5464 terraeailixis,
1604 5407 1726 5447 cum
1751 5410 1987 5464 genuum
2020 5399 2106 5452 in-

524 5459 762 5518 ﬂexione
785 5459 1218 5536 profundissime
1248 5459 1591 5536 inclinantur
1615 5471 1672 5516 et
1705 5459 2101 5535 procumbunt,

521 5542 582 5609 et
623 5541 761 5588 tunc
788 5531 873 5609 est
916 5531 1461 5609 paraverapgvﬂ'q,
1496 5546 1625 5609 quae
1646 5531 1814 5589 etiam
1864 5531 2104 5609 στρῳτή.

525 5601 584 5657 Si
603 5618 733 5678 vero
757 5601 937 5662 minus
965 5620 1167 5678 corpus
1194 5601 1498 5678 inﬂectant,
1516 5601 1723 5658 dicitur
1749 5601 1944 5678 ptatde
1967 5601 2105 5664 Cum

522 5675 867 5755 veroplures
881 5746 902 5755 _
923 5672 1293 5755 persolvunt,_
1321 5672 1553 5755 ultimas
1564 5742 1577 5754 _
1607 5672 1824 5755 semper
1852 5672 2109 5755 minores

521 5753 574 5817 et
602 5742 841 5871 minores
874 5742 1107 5815 faciunt,
1132 5742 1408 5818 simulque
1437 5742 1841 5805 oratiunculam
1869 5749 2105 5821 aliquam

522 5828 623 5871 pro
647 5831 780 5871 crun
806 5856 822 5871 .

522 5828 822 5884 proterunt.

2282 5188 2318 5243 6
2349 5188 2431 5245 De
2459 5189 2776 5264 Graecorum
2810 5194 3079 5264 epitimiis
3120 5206 3299 5255 exstat
3334 5198 3395 5255 L.
3443 5196 3606 5252 Allatii
3651 5207 3738 5248 non

2208 5260 2377 5331 longa
2425 5262 2662 5331 epistola
2699 5264 2766 5318 ad
2796 5260 2925 5321 Joh.
2954 5265 3225 5324 Morinum
3251 5273 3393 5324 inter
3434 5266 3737 5324 miscellanea

2210 5330 2543 5407 Baiuaij_egl.
2579 5347 2709 5389 nov.
2741 5342 2782 5389 t.
2814 5333 2905 5407 llrl,
2928 5352 2984 5407 p.
3017 5338 3142 5394 115.

2285 5401 2363 5471 (7)
2400 5399 2564 5475 Vides
2598 5418 2826 5475 novum,
2854 5399 3026 5463 immo
3052 5409 3311 5475 alienum,
3354 5408 3552 5464 Paulini
3596 5416 3739 5459 tellus

2213 5472 2559 5540 propositum
2588 5488 2620 5527 a
2642 5474 2855 5529 Studita
2875 5493 3120 5535 sensum.
3151 5472 3327 5540 (Cani.
3353 5483 3416 5536 ad
3438 5479 3548 5536 Gal.
3577 5476 3627 5530 V.
3649 5474 3735 5532 l6.)

2213 5542 2390 5597 Graeci
2416 5544 2942 5622 quidettt_objiciuttt
2964 5552 3131 5622 nobis
3151 5542 3377 5615 Latinis,
3407 5551 3543 5621 quod
3591 5545 3732 5622 nos_l_ri

2214 5614 2476 5688 monachi
2495 5614 2756 5688 carnibus
2782 5621 3338 5688 vescantur._Marten.
3358 5614 3555 5678 Co'mm.
3573 5614 3735 5688 p:53l-

2290 5684 2368 5755 (8)
2392 5683 2594 5740 Confer
2611 5687 3043 5747 constitutiones
3070 5682 3379 5749 S'tuditauas
3408 5710 3462 5747 ιι.
3491 5682 3733 5746 22ίΕιίκιιι

2214 5754 2586 5878 ἓ⁰⁸ίί³¹ί⁰ξιεε
2616 5759 2949 5815 ωοιιεειιιιιιι
2976 5764 3163 5821 abbati
3181 5778 3281 5822 suo
3304 5765 3534 5823 revelare
3550 5758 3739 5820 mandat

2263 5864 2275 5878 ι
2310 5822 2587 5885 Benedicti
2615 5825 2820 5901 Regula
2846 5844 2967 5905 cap.
2998 5835 3051 5892 ι.
3082 5842 3138 5893 et
3162 5836 3215 5893 Ἰ.
