4122 6382
558 286 689 363 1751

629 400 720 468 13.
748 409 854 479 Qui
887 416 1180 482 pastquam
1212 409 1266 466 itt
1294 417 1486 468 sancta
1537 411 1956 482 quadragesima
1985 410 2132 480 jeju-
2160 416 2213 478 Α

555 505 788 569 naverit,
827 503 960 559 feria
1009 519 1206 575 magna
1257 505 1473 575 quinta,
1521 503 1894 562 distinctionis
1937 518 2124 570 causa,

553 598 828 668 jejunium
882 597 1128 665 solverit,
1181 597 1230 652 is
1272 606 1440 652 totam
1500 593 1826 653 dehonestat
1883 603 2135 652 sanctam

552 689 1048 760 quadragesltnam.

627 782 714 840 Η.
748 780 806 835 Si
855 782 1178 852 ignoranler
1205 781 1592 836 antimensiutn
1617 780 1788 837 lotum
1817 780 2132 848 fuerit,n0'n

552 873 859 946 polluitur;
896 874 1024 946 quia
1056 874 1109 928 in
1150 874 1272 944 ipso
1303 865 1670 932 sanctificatio
1705 881 1925 944 manet:
1957 891 2134 948 neque

552 982 641 1022 res
663 981 845 1030 sacra,
875 966 934 1020 tit
961 956 1210 1035 profana.
1925 1022 1939 1039 ,

621 1053 712 1114 15.
750 1056 806 1111 Si
832 1059 958 1128 quis
1013 1056 1278 1112 sacerdos
1330 1065 1454 1127 post
1490 1059 1716 1114 missam
1756 1061 2046 1121 vomuerit.
2083 1058 2130 1115 si

551 1151 652 1205 hoc
695 1149 767 1203 ob
791 1148 1071 1218 crapulam
1095 1149 1147 1204 ei
1173 1150 1422 1220 contigit.-
1467 1151 1663 1206 diebus
1693 1151 1926 1222 integris
1967 1163 2130 1207 sexa-

547 1241 694 1310 ginta
727 1240 800 1295 sit
830 1248 1007 1294 'extra
1037 1244 1506 1302 communionem.
1557 1241 1841 1312 jejunaus,
1893 1251 1947 1297 et
1981 1243 2129 1298 mille

547 1331 795 1401 quotidie
840 1335 1143 1387 metanmas
1185 1331 1415 1387 faciens:
1465 1333 1551 1388 sin
1593 1341 1785 1389 contra
1833 1349 1899 1388 ex
1941 1335 2127 1406 aliqua

543 1421 862 1476 valetudine
909 1421 959 1476 id
1018 1437 1215 1491 passus
1261 1422 1352 1486 sit,
1413 1421 1610 1476 diebus
1675 1433 1882 1492 septem
1948 1433 2126 1494 prauae

542 1509 773 1570 Buberit.
815 1508 1090 1580 facietque
1113 1520 1415 1566 metanoeas
1439 1511 1629 1582 viginti
1659 1513 1925 1582 quinque.

617 1603 706 1658 16.
737 1601 792 1656 Si
816 1603 942 1672 quis
975 1603 1170 1657 canoni
1207 1603 1462 1668 defuerit,
1509 1603 1680 1660 aridis
1728 1615 1985 1660 vescatur
2015 1613 2126 1661 uno

543 1693 653 1759 die,
683 1703 737 1747 et
765 1692 930 1747 faciat
969 1703 1275 1748 metanteas
1309 1705 1553 1749 centum.

1743 295 1806 356 ε.
1846 291 2239 359 THEODORI
2265 291 2614 353 STUDITE

3697 287 3842 360 1752

2311 413 2400 476 ιγ’.
2438 407 2498 462 '0
2525 410 2593 480 τῇ
2633 407 2766 480 ἁγίᾳ
2789 408 3216 482 Τεσσαρακοστῇ
3258 409 3570 480 νηστεύων,
3617 413 3723 467 καὶ
3771 418 3840 486 τῇ

2247 501 2460 572 μεγάλῃ
2491 501 2722 573 πέμπτῃ
2773 501 2918 555 λύων
2977 500 3121 572 λόγῳ
3175 494 3534 573 διακρίσεως,
3577 503 3839 576 ἀτιμάζει

2232 594 2364 668 ὅλην
2393 595 2491 666 τὴν
2529 584 2694 664 ἁγίαν
2718 595 3201 668 Τεσσαρακοστήν.

2311 772 2392 826 ιδ’.
2434 771 2561 826 Ἐὰν
2589 772 2733 826 κατὰ
2761 773 2988 842 ἄγνοιαν
3015 774 3191 846 πλυθῇ
3223 774 3601 846 ἁντιμίνσιον,
3641 776 3704 830 οὗ
3740 795 3838 846 μο-

2230 863 2451 920 λύνεται
2474 879 2489 894 ο
2517 866 2546 918 ὀ
2565 864 2676 936 γὰρ
2707 865 2980 936 ἁγιασμὸς
3005 868 3063 920 ὲν
3091 867 3241 939 αὐτῷ
3267 869 3417 924 latr
3440 868 3509 922 τὸ
3534 868 3649 940 γὰρ
3674 871 3836 942 ἱερὸν,

2235 957 2433 1027 μιαρὸν
2459 956 2519 1011 οὐ
2560 957 2796 1024 γίνεται.

2308 1055 2392 1102 ιε’.
2438 1049 2496 1103 '0
2523 1049 2634 1104 ἀπὸ
2654 1049 3004 1122 λειτουργίας
3032 1052 3210 1123 ἱερεὺς
3241 1053 3477 1122 ὲμέσας,
3516 1054 3568 1108 ει
3599 1053 3706 1125 μιν
3730 1054 3836 1109 ἀπὸ

2239 1143 2685 1218 γαστριμαργίας
2713 1143 2877 1198 τοῦτο
2905 1143 3191 1208 πέπονθεν,
3219 1146 3441 1217 ἡμέρας
3481 1144 3530 1212 ξ’
3546 1147 3834 1217 πληρώσει

2237 1235 2412 1308 μένων
2431 1236 2818 1308 ἀκοινώνητος,
2838 1235 3118 1309 νηστεύων
3137 1240 3230 1292 καὶ
3253 1238 3488 1310 πληρῶν
3550 1239 3680 1293 καθ’
3704 1240 3835 1295 ἑκά-

2231 1342 2365 1396 στην
2395 1327 2610 1398 ἡμέραν
2631 1329 2924 1398 μετανοίας
2953 1329 3155 1400 χιλίαςο
3177 1331 3228 1384 εί
3250 1330 3307 1384 δὲ
3333 1332 3449 1386 ἀπὸ
3462 1329 3680 1403 βλάϐης
3711 1334 3830 1401 ιγέ·

2228 1432 2370 1481 νετο,
2390 1417 2606 1488 ἡμέρας
2657 1418 2702 1484 ζ’
2727 1419 2840 1486 ’ἐξει
2867 1419 2928 1474 τὸ
2953 1420 3251 1491 ἐπιτίμιον,
3285 1422 3461 1476 ποιῶν
3509 1424 3611 1476 καὶ
3663 1441 3830 1494 μετα-

2227 1509 2379 1571 νοίας
2412 1515 2514 1564 κε’.

2302 1608 2398 1668 ις’.
2424 1602 2492 1656 Εἴ
2510 1611 2595 1666 τις
2615 1603 2932 1675 καταλείψει
2954 1605 3048 1659 τὸν
3071 1607 3271 1661 κανόνα
3283 1607 3330 1674 (1
3341 1607 3456 1679 0“),
3483 1608 3828 1681 ξηροφαγίαν

2229 1691 2448 1766 ἡμέραν
2484 1695 2613 1765 μίαν
2636 1695 2880 1758 ποιείτω,
2915 1698 3014 1750 καὶ
3042 1701 3331 1768 μετανοίας
3360 1708 3430 1772 ρ’.

615 1786 703 1840 17.
740 1784 798 1840 Si
824 1785 950 1855 quis
979 1785 1232 1857 lycltnico
1265 1773 1376 1840 non
1407 1786 1720 1842 interfuerit
1759 1797 1855 1842 aut
1877 1787 2120 1857 comple-

2296 1785 2382 1850 ιζ’.
2435 1785 2501 1838 Εἴ
2540 1803 2624 1849 τις
2672 1786 2960 1858 ἀπολείψει
3004 1789 3100 1843 τοῦ
3136 1790 3418 1862 λυχνικοῦ,
3455 1789 3492 1866 ἢ
3537 1794 3650 1848 τῶν
3694 1795 3826 1850 ἀπο-

545 1877 706 1943 torio,
737 1877 922 1932 vinum
957 1893 1066 1932 una
1091 1877 1180 1932 die
1209 1892 1319 1932 non
1344 1878 1516 1946 bibat,
1539 1889 1593 1934 et
1633 1879 1796 1935 faciat
1827 1882 2125 1936 metante‘as

543 1969 962 2040 quinquaginta.

613 2062 701 2116 1-8.
739 2061 795 2116 Si
829 2061 959 2132 quis
985 2062 1148 2130 hora,
1191 2075 1300 2134 qua
1335 2061 1552 2134 eulogia
1583 2062 1768 2128 datur,
1791 2065 2129 2135 negligenter

543 2155 798 2221 abfuerit,
814 2155 1026 2226 jejunet
1049 2171 1224 2226 usque
1257 2155 1326 2211 ad
1356 2164 1670 2227 vesperam,
1688 2171 1814 2212 cum
1838 2158 2126 2214 metauoeis

543 2247 960 2318 quinquaginta.

620 2337 704 2392 i9.
753 2335 811 2391 Si
853 2338 979 2408 quis
1005 2337 1340 2394 monasterio
1374 2338 1711 2409 egrediatur,
1747 2339 1953 2410 absque
1985 2354 2126 2410 prae-

547 2431 707 2498 positi
755 2429 1034 2494 facultate,
1086 2441 1309 2486 maneat
1361 2442 1514 2486 extra
1540 2432 1980 2487 communionem
2015 2445 2126 2486 una

545 2511 906 2584 hebdomada,
943 2534 1067 2574 cum
1101 2520 1392 2576 metanteis
1426 2521 1811 2591 quadraginta.

611 2610 702 2666 20.
738 2610 793 2666 Si
824 2611 950 2682 quis
979 2611 1183 2682 aliquid
1227 2611 1540 2683 possederit
1582 2613 1758 2668 inscio
1807 2613 2125 2684 praeposito,

543 2703 615 2756 sit
667 2713 823 2757 extra
860 2703 1310 2759 communionem
1345 2704 1540 2759 diebus
1583 2705 1918 2775 quindecim,
1955 2707 2128 2763 aridis

545 2811 772 2850 sescena
791 2795 927 2850 hora
948 2809 1118 2862 nona,
1146 2812 1272 2852 cum
1301 2801 1594 2856 metanmis
1617 2801 2039 2871 quinquaginta.

611 2886 704 2943 2|.
749 2886 806 2941 Si
867 2887 992 2957 quis
1018 2903 1142 2942 cunt
1176 2888 1363 2959 aliquo
1390 2892 1808 2962 conspiraverit,
1857 2901 1951 2947 aut
1987 2893 2126 2948 clam

541 2979 610 3033 de
646 2980 983 3034 tuonasterio
1025 2981 1337 3047 recesserit,
1367 2981 1441 3038 sit
1469 2994 1621 3039 extra
1683 2985 2126 3040 communionem

544 3073 738 3130 diebus
773 3075 1023 3144 triginta,
1056 3075 1295 3149 ciboque
1323 3077 1478 3134 arido
1501 3088 1681 3146 utens,
1711 3090 2011 3136 metanmas
2043 3081 2126 3136 fa-

540 3168 650 3223 ciat
672 3177 914 3226 centum.

613 3261 708 3316 22.
737 3262 795 3319 Si
822 3265 950 3334 quis
977 3263 1291 3336 imposrtam
1334 3279 1367 3320 a
1411 3266 1706 3336 praeposito
1750 3281 1969 3338 pinnam
2015 3283 2125 3322 nctt

543 3354 941 3422 observaverit,
961 3367 1247 3427 separetur
1272 3357 1613 3414 hebdomada
1632 3374 1740 3412 una
1775 3373 1805 3412 a
1836 3357 2123 3426 fratribus,

543 3455 669 3501 eum
708 3447 834 3503 cibo
889 3448 1080 3514 arido,
1122 3458 1177 3504 et
1237 3449 1575 3520 quotidianis
1641 3451 1933 3507 metanmis
1998 3467 2128 3506 cen-

541 3538 678 3591 tum.

609 3628 704 3683 23.
741 3628 799 3682 Si
835 3629 963 3699 quis
1018 3628 1204 3706 fratris
1253 3630 1481 3687 alterius
1510 3640 1739 3700 vestem,
1784 3641 1880 3688 aut
1909 3632 2126 3703 quidvis

547 3721 694 3775 aliud
725 3729 929 3792 praeter
964 3721 1111 3776 illius
1136 3722 1474 3778 voluntatem
1498 3724 1707 3793 tulerit,
1751 3725 1936 3781 triduo
1957 3725 2125 3782 aridis

541 3824 797 3869 vescatur
829 3831 952 3870 cum
981 3825 1200 3869 centum
1230 3817 1540 3872 metanmis.

611 3905 705 3960 24.
761 3905 820 3961 Si
860 3909 986 3978 quis
1017 3908 1463 3978 deprehendatur
1511 3917 1678 3966 noctu
1727 3909 1868 3965 clam
1915 3911 2124 3968 versari

539 4009 666 4054 cum
696 3999 900 4070 aliquo,
959 4008 1054 4055 aut
1085 4001 1286 4056 cubilis
1314 4002 1492 4056 locum
1557 4011 1793 4068 mutare,
1843 4011 1938 4057 aut
1989 4003 2124 4060 foris

545 4103 790 4156 tnanere,
823 4088 946 4144 sine
976 4089 1256 4159 praapositi
1287 4099 1447 4156 nutu,
1479 4099 1764 4160 separetur
1787 4107 1892 4145 una
1919 4091 2125 4147 hebdo-b

543 4180 726 4244 tnada,
765 4181 939 4237 aridis
965 4189 1150 4245 utens,
1190 4195 1314 4237 cum
1343 4183 1689 4252 septuaginta
1719 4185 2033 4239 metanoeis.

611 4269 706 4325 25.
737 4269 1036 4342 Praeposito
1083 4287 1193 4326 non
1223 4280 1521 4338 annuente,
1553 4274 1597 4327 si
1621 4273 1746 4342 quis
1782 4271 1954 4328 frater
1985 4288 2124 4343 opus

540 4376 704 4415 suum
731 4361 984 4416 manuale
1000 4363 1316 4427 mutaverit,
1333 4363 1525 4418 diebus
1545 4363 1908 4435 quadraginta
1934 4378 2124 4420 vesca-

544 4453 632 4508 tur
652 4453 848 4518 aridis,
881 4469 1006 4508 cum
1047 4453 1338 4509 metanaeis
1358 4455 1657 4524 octoginta.

2227 1877 2482 1939 δείπνων,
2529 1876 2743 1950 ἡμέραν
2795 1882 2926 1951 μίαν
2973 1877 3116 1938 οἶνον
3161 1884 3236 1958 μὴ
3290 1887 3493 1954 πιέτω,
3529 1891 3820 1958 μετανοίας

2229 1968 2406 2022 ποιῶν
2436 1975 2500 2024 ν.
2765 1967 2770 1970 ’

2302 2058 2392 2133 ιη’.
2425 2062 2614 2126 Ὅστις
2636 2063 2694 2116 ἐν
2718 2066 2785 2136 τῇ
2807 2064 2927 2137 ὥρᾳ
2954 2065 3054 2136 τῆς
3076 2063 3277 2132 δόσεως
3304 2069 3412 2138 τῆς
3436 2069 3689 2138 εὐλογίας
3710 2071 3817 2125 λεία»

2226 2149 2319 2219 ψει
2371 2151 2516 2206 κατά
2556 2153 2837 2223 ἀμέλειαν,
2871 2157 3181 2228 νηστευέτω
3222 2159 3326 2222 ἓως
3365 2159 3495 2230 ὀψὲ,
3533 2162 3626 2214 καὶ
3655 2179 3816 2233 μετα.

2226 2241 2374 2305 νοίας
2400 2244 2622 2298 ποιείτω
2644 2241 2708 2300 ν’.

2300 2332 2388 2389 ιϐ’.
2419 2335 2488 2389 Et’
2511 2353 2596 2400 τις
2617 2329 2823 2401 ἐξέλθοι
2849 2337 2944 2391 τοῦ
2981 2340 3348 2411 μοναστηρίου
3393 2341 3568 2412 χωρὶς
3596 2342 3695 2408 τῆς
3717 2333 3807 2396 τοῦ

2225 2426 2535 2498 ἡγουμένου
2559 2430 2935 2500 παραθέσεως,
2962 2433 3173 2502 μενέτω
3194 2433 3568 2506 ἀκοινώνητος
3585 2435 3806 2508 ἑϐδομή.

2226 2517 2294 2572 δα
2321 2518 2472 2588 μίαν,
2504 2521 2795 2590 μετανοίας
2823 2523 2995 2576 ποιῶν
3019 2521 3094 2594 μ’.

2299 2613 2369 2662 κ’.
2405 2607 2470 2662 Εἰ
2495 2626 2580 2673 τις
2605 2612 2866 2681 κτήσεται
2894 2614 3127 2686 πρᾶγμα
3154 2614 3326 2686 χωρὶς
3351 2613 3454 2669 τοῦ
3485 2617 3800 2688 ἡγουμένου,

2231 2700 2445 2772 μενέτω
2475 2702 2840 2774 ἀκοινώνητος
2883 2705 3097 2778 ἡμέρας
3125 2713 3208 2774 ιε’,
3237 2707 3570 2780 ξηροφαγιῖη
3591 2711 3704 2783 ὥρα
3734 2711 3798 2780 0',

2227 2794 2322 2848 καὶ
2351 2793 2642 2864 μετανοίας
2667 2797 2834 2849 ποιῶν
2858 2791 2922 2852 ν’.

2297 2890 2404 2937 κα’.
2435 2882 2505 2937 Et'
2531 2902 2616 2949 τις
2649 2888 2934 2942 συνδυάσει
2991 2889 3132 2960 μετᾶ
3169 2902 3336 2958 τινος,
3394 2893 3428 2965 ἤ
3469 2895 3793 2967 ἀναχωρήσει

2227 2975 2320 3030 τοῦ
2351 2995 2592 3050 μοναστη
2603 2979 2718 3050 ρίου
2743 2982 2948 3052 κρύφα,
2978 2985 3190 3051 μενέτω
3211 2985 3578 3059 ἀκοινώνητος
3597 2990 3792 3061 ἡμέρας

2227 3066 2294 3135 λ’,
2320 3067 2666 3140 ξηροφαγῶν,
2693 3077 2789 3124 καὶ
2820 3073 3112 3142 μετανοίας
3139 3075 3310 3129 noqu
3337 3082 3405 3148 ρ’.

2298 3251 2403 3322 κβ’.
2454 3251 2525 3306 Εἴ
2555 3272 2639 3318 τις
2669 3251 2851 3308 λαϐὼν
2887 3257 3162 3328 ἐπιτίμιον
3192 3261 3346 3331 παρὰ
3381 3263 3477 3316 τοῦ
3504 3264 3786 3334 ἡγουμένου

2231 3341 2308 3412 μὴ
2341 3343 2590 3412 φυλάξει,
2619 3346 2965 3417 ἀφοριζέσθω
2991 3349 3263 3420 ἑϐδομάδα
3299 3353 3436 3422 μίαν
3459 3355 3555 3423 τῆς
3579 3355 3786 3426 11651396-

2225 3443 2410 3577 ⁴ζητοιὲ
2449 3434 2797 3508 ξηροφαγῶν,
2827 3440 2924 3494 καὶ
2955 3444 3247 3512 μετανοίας
3282 3446 3459 3499 ποιῶν
3486 3448 3787 3520 καθημέραν

2260 3543 2360 3577 κατ
2396 3544 2444 3577 ν.

2260 3525 2444 3580 κατόν.

2297 3623 2405 3686 κγ’.
2443 3619 2513 3672 Εἴ
2535 3637 2620 3682 τις
2645 3609 2877 3691 ἀδελφοῦ
2905 3623 3138 3694 ἱμάτιον,
3235 3625 3368 3680 ἄλλο
3394 3646 3448 3682 τι
3482 3629 3624 3700 παρὰ
3657 3629 3784 3699 γνώδ

2229 3719 2339 3778 μην
2365 3707 2532 3764 αὑτοῦ
2562 3713 2804 3782 φορέσει,
2842 3715 3056 3788 ἡμέρας
3086 3722 3238 3791 τρεῖς
3269 3717 3661 3793 ξήροφαγείτω,
3686 3741 3776 3795 με-

2226 3801 2446 3864 τανοίας
2483 3802 2655 3857 ποιῶν
2689 3805 2906 3860 ἑκατόν.

2297 3891 2396 3945 κδ’.
2438 3883 2507 3945 Εἴ
2536 3910 2620 3957 τις
2660 3894 2856 3966 εὑρεθῇ
2890 3893 2956 3968 τῇ
2985 3901 3141 3953 νυκτὶ
3180 3897 3398 3968 ίδιάζων
3445 3905 3618 3976 κρύφα
3647 3903 3776 3974 μετά

2224 3998 2389 4048 τινος,
2419 3983 2452 4054 ἢ
2483 3983 2768 4040 ἅλλάσσων
2802 3987 2893 4040 τὸν
2915 3989 3081 4044 τόπον
3106 3991 3202 4045 τοῦ
3232 3996 3528 4064 κοιταρίου.
3556 3995 3584 4065 ῆ
3615 3998 3774 4064 μένων

2225 4072 2331 4138 ἔξω
2368 4075 2538 4144 χωρὶς
2575 4076 2678 4146 τῆς
2707 4077 2802 4130 τοῦ
2833 4080 3137 4151 ἡγουμένου
3172 4085 3419 4158 γνώμης,
3463 4088 3771 4158 ἀφοριζέσθω

2224 4165 2522 4238 ἑϐδομάδα,
2554 4168 2904 4242 ξηροφαγῶν,
2937 4177 3229 4244 μετανοίας
3258 4180 3432 4233 ποιῶν
3457 4187 3515 4234 ο¹.

2295 4266 2394 4314 κε’.
2423 4261 2528 4314 Τοῦ
2558 4263 2867 4333 ἡγουμένου
2905 4265 2980 4338 μὴ
3007 4261 3422 4340 ἐπιτρέψαντος,
3447 4273 3538 4327 ἐὰν
3567 4270 3770 4340 ἀδελφὸς

2223 4352 2428 4425 ἀλλάξῃ
2459 4353 2520 4408 τὸ
2547 4355 2884 4427 ὲργόχειρον,
2909 4359 3124 4432 ἡμέρας
3166 4361 3220 4432 μ’
3255 4361 3636 4436 ξηροφαγείτω,
3675 4379 3762 4434 μοι

2222 4445 2440 4510 τανοίας
2470 4446 2641 4499 ποιῶν
2678 4451 2754 4502 it’.

614 4545 708 4600 26.
761 4545 816 4601 Si
851 4547 978 4618 quis
1013 4560 1128 4601 rem
1165 4563 1322 4602 suam
1368 4547 1609 4618 aliquam
1660 4561 1786 4602 cum
1816 4545 1926 4601 alio
1955 4545 2122 4602 fratre

2295 4541 2410 4600 xg".
2446 4535 2514 4588 Εῖ
2543 4553 2628 4599 τις
2660 4538 2896 4608 πρᾶγμα
2940 4539 3136 4594 ἑαυτοῦ
3185 4541 3404 4609 ἀλλάξει
3456 4545 3581 4614 μετά
3614 4553 3756 4610 τινος,

544 4639 996 4705 (ommtttaverit,
1029 4639 1350 4694 inconsulto
1377 4638 1696 4710 praposito,
1722 4639 1809 4694 vel
1860 4639 1976 4709 ipse
2028 4653 2127 4709 per

542 4744 601 4788 se
633 4733 1008 4802 acquisiverit,
1063 4742 1158 4786 aut
1197 4733 1266 4785 ab
1296 4732 1484 4802 aliquo
1508 4731 1800 4801 acceperit,
1839 4741 2127 4800 separetur

543 4827 742 4882 diebus
771 4826 1086 4891 duodecim,
1115 4836 1170 4880 et
1200 4836 1506 4880 metanmas
1539 4825 1814 4893 octoginta
1850 4823 2035 4879 faciat.

611 4918 703 4972 27.
737 4916 796 4972 Si
854 4919 981 4988 quis
1028 4928 1182 4972 extra
1233 4931 1481 4972 mensam
1528 4915 1864 4979 comederit,
1917 4915 2128 4983 absque

543 5007 824 5080 praepositi
859 5008 1261 5073 benedictione,
1295 5009 1379 5062 vel
1396 5018 1553 5063 extra
1587 5006 1983 5072 inlirmitatem,
2013 5005 2126 5059 ario

541 5106 628 5162 dis
652 5103 838 5160 triduo
864 5111 1144 5168 vescatur,
1169 5117 1293 5156 cum
1323 5101 1614 5157 metanmis
1629 5099 1902 5156 ducentis.

609 5277 702 5336 28.
727 5275 786 5334 Si
809 5277 933 5348 quis
951 5283 1074 5347 post
1089 5274 1500 5345 campletorium
1519 5275 1803 5329 comedere
1819 5270 2122 5342 deprehen»

540 5371 722 5436 datur,
753 5369 925 5424 aridis
963 5369 1241 5423 nutriatur
1287 5381 1394 5420 una
1451 5365 1815 5420 hebdomada.
1845 5363 1902 5418 Si
1937 5373 2119 5419 autem

542 5463 730 5519 ridens
769 5461 1167 5532 comperiatur,
1205 5467 1508 5512 metanazas
1542 5456 1708 5510 faciat
1740 5453 2025 5511 ducentas.

2221 4628 2394 4698 χωρὶς
2438 4628 2532 4682 τοῦ
2584 4632 2916 4701 ἡγουμένου,
2969 4631 3001 4703 ἢ
3053 4635 3148 4704 ἀφ’
3196 4636 3391 4691 ἑαυτοῦ
3437 4638 3689 4706 κτήσεται.
3725 4635 3755 4704 ἢ

2221 4718 2364 4793 λάϐῃ
2393 4721 2548 4792 παρά
2575 4739 2743 4790 τινος,
2775 4723 3120 4796 ἀφοριζέσθω
3150 4727 3368 4799 ἡμέρας
3395 4728 3480 4800 ιβ’,
3508 4728 3757 4801 μετανοίας

2223 4813 2392 4866 ποιῶν
2415 4819 2489 4868 π’.

2294 4906 2398 4971 κζ’.
2447 4906 2519 4960 Εἴ
2563 4924 2650 4972 τις
2703 4908 2810 4974 ἔξω
2860 4909 2964 4980 τῆς
2993 4912 3276 4984 τραπέζης
3320 4913 3508 4978 ἐσθίει,
3549 4913 3636 4979 τῆς
3676 4907 3752 4963 τοῦ

2231 4999 2539 5070 ἡγουμένου
2579 5003 2749 5072 χωρὶς
2794 4997 3128 5077 εὐλογίας,ἢ
3176 5005 3485 5076 ἀρρωστίας
3525 5005 3649 5074 δίχα,
3679 5002 3753 5070 ξη-

2230 5091 2540 5162 ροφαγείτω
2593 5093 2816 5167 ἡμέρας
2854 5099 3022 5167 τρεῖς,
3070 5097 3242 5151 ποιῶν
3289 5097 3567 5168 μετανοίας
3607 5095 3753 5148 διακο-

2227 5182 2351 5246 σίας
2356 5213 2370 5240 ι

2297 5273 2406 5347 κη’.
2445 5275 2516 5331 Et
2561 5293 2648 5342 τις
2705 5279 2844 5348 μετὰ
2887 5279 2956 5334 τὰ
2998 5279 3298 5334 ἀπόδειπνα
3341 5281 3528 5354 εὑρεθῇ
3571 5276 3751 5337 ἐσθίων.

2230 5361 2613 5436 ξηροφαγείτω
2636 5366 2906 5441 ἑϐδομάδα
2929 5386 2944 5402 ο
2973 5371 3022 5424 εἰ
3046 5371 3102 5426 δὲ
3128 5371 3324 5445 εὑρεθῇ
3356 5371 3538 5442 γελῶν,
3568 5365 3753 5422 ποιείτω

2230 5458 2517 5529 μετανοίας
2547 5463 2614 5516 o'.

2008 5638 2246 5699 nom.
2284 5593 2292 5596 ’

611 5734 748 5808 (10⁵)
777 5735 960 5794 Ganon
987 5747 1073 5795 est
1122 5751 1251 5809 pars
1295 5734 1454 5793 cilicii
1495 5731 1830 5791 Grteeorum.
1879 5721 1885 5726 ’
