4122 6382
327 347 465 424 i753

1237 344 1778 424 MONACHORUM
1837 351 2078 424 ΡίεΝΑι
2142 349 2638 435 QUOTIDIANE

3429 349 3564 420 175$

386 473 492 528 κθ¹.
522 471 592 527 Εἴ
624 487 709 536 τις
741 471 801 526 ἐν
837 471 1086 546 τραπέζῃ
1118 473 1491 544 συντυγχάνει,
1525 473 1560 545 ἢ
1592 472 1887 544 γελοιάζει,

2059 472 2152 530 99.
2199 473 2257 530 Si
2291 473 2417 545 quis
2457 473 2514 528 in
2543 487 2734 529 mensa
2762 471 2980 529 locutus
3021 469 3184 527 fuerit
3237 479 3332 526 aut
3355 469 3564 530 riserit,

313 559 616 632 ἑγειρέσθω
636 561 819 625 εὐθὺς,
848 563 1019 616 ποιῶν
1043 563 1331 634 μετανοίας
1361 568 1429 636 ρ’.

387 651 450 707 λ’.
483 653 548 706 Et
571 670 654 717 τις
693 652 926 724 λυπήσει
964 653 1054 706 τὸν
1091 651 1319 721 ἀδελφὸν
1358 651 1546 717 αὑτοῦ,
1577 652 1674 707 καὶ
1715 669 1889 707 κατα-

313 747 593 815 φρονήσας
647 744 722 814 μὴ
758 744 1040 813 διαλλαγῇ,
1087 743 1204 798 ἀλλ’
1250 744 1344 798 ἐπὶ
1394 743 1474 815 τῷ
1521 742 1888 816 παροργισμῷ

317 835 499 909 μείνῃ,
546 835 890 907 άφοριζέσθω
925 836 1228 906 ἑϐδομάδας
1270 835 1388 905 δύο,
1434 835 1758 908 ξηροφαγῶν
1793 835 1889 889 καὶ

313 927 487 981 ποιῶν
524 927 815 998 μετανοίας
847 934 912 983 ν’.

382 1010 484 1071 λα’.
526 1019 592 1072 Εἰ
615 1035 699 1080 τις
728 1019 787 1069 ὲν
814 1016 997 1088 ἡμέρᾳ
1019 1018 1120 1088 της
1141 1016 1488 1088 λειτουργίας
1516 1017 1579 1072 οὐ
1605 1019 1888 1092 μεταλαμ-

313 1109 486 1172 ϐάνει,
511 1111 719 1164 εἰπάτω
741 1109 802 1162 τὸ
831 1111 1004 1163 αἰτιον
1023 1126 1039 1141 ο
1086 1111 1135 1164 εί
1177 1111 1236 1165 δὲ
1273 1112 1348 1182 μὴ
1385 1111 1553 1178 εῐποι,
1580 1111 1888 1184 νηστευέτω

311 1202 415 1266 ἕως
436 1202 555 1274 ὀψὲ,
581 1201 752 1255 ποιῶν
787 1200 1078 1272 μετανοίας
1101 1200 1167 1257 \/.

383 1295 484 1366 λβ’.
517 1285 708 1358 Ὅστις
739 1295 822 1348 ἑνὶ
843 1294 955 1347 τῶν
987 1295 1235 1364 ἀδελφῶν
1261 1294 1600 1364 προσπαθῶς
1645 1293 1766 1366 μετ’
1789 1295 1888 1350 αὐ·

307 1387 404 1442 τοῦ
446 1385 746 1457 ψιθυρίζει,
792 1385 1244 1458 άφοριζέσθωσαν
1285 1387 1336 1440 oi
1372 1385 1488 1452 δύο,
1518 1389 1624 1451 ἕως
1650 1387 1717 1441 ἂν
1747 1389 1886 1442 ἀπο·-

311 1478 508 1534 στῶσιν
538 1477 806 1550 ἀλλήλων,
838 1477 1120 1541 ποιοῦντες
1155 1477 1261 1532 ἀνὰ
1303 1479 1592 1550 μετανοίας
1629 1486 1694 1550 ρ’.

377 1659 481 1729 λγ’.
508 1653 702 1724 Ὅστις
725 1657 1008 1727 ἀπολείψει
1032 1658 1113 1720 είς
1133 1655 1230 1728 τὴν
1252 1653 1428 1727 ἀρχὴν
1451 1655 1886 1728 ἑκάστης-ψαλμο

307 1752 495 1824 ῳδίας,
546 1752 715 1823 χωρὶς
767 1750 1046 1814 διακονίας
1098 1749 1133 1820 ἦ
1181 1746 1510 1820 προφάσεως
1555 1749 1884 1818 ἀναγκαίας.

309 1845 534 1900 ποιείτω
564 1845 853 1915 μετανοίας
881 1851 949 1914 ρ’.

378 1938 472 1994 λδν.
505 1939 695 2002 Ὅστις
723 1939 788 1992 ἐκ
819 1937 1091 2010 ῥᾳθυμίας
1111 1938 1286 2011 λείψοι
1313 1937 1410 1994 τοῦ
1437 1937 1682 2000 κανόνος,
1717 1933 1752 2006 ἢ
1777 1934 1886 1988 ἀπὸ

307 2030 584 2106 λυχνικοῦ,
623 2030 657 2102 ἢ
688 2031 858 2101 ἄλλης
883 2029 1226 2102 ψαλμῳδίας,
1257 2029 1638 2104 ξηροφαγείτω
1669 2025 1886 2098 ἡμέραν

311 2129 463 2203 μίαν,
490 2125 662 2181 ποιῶν
692 2124 980 2196 μετανοίας
1008 2131 1076 2196 ρ’.

376 2220 473 2276 λε’.
519 2218 711 2280 Ὅστις
756 2216 900 2270 κατὰ
939 2216 1201 2286 ἀμέλειαν
1238 2215 1298 2269 οὐ
1341 2213 1556 2270 καθίσει
1601 2209 1741 2280 μετὰ
1775 2209 1888 2262 τῶν

307 2309 556 2383 ἀδελφῶν
606 2310 688 2373 είς
731 2308 833 2380 τὴν
873 2307 1180 2380 τράπεζαν,
1217 2306 1528 2379 νηστευέτω
1569 2303 1752 2358 λοιπὸν
1777 2301 1886 2368 ἕως

378 2403 425 2459 έ.

512 2490 704 2554 Ὅστις
734 2487 864 2544 ἄνευ
905 2487 1156 2559 ἀνάγκης
1197 2486 1509 2560 προεγερθῇ
1545 2484 1646 2556 τῆς
1675 2481 1888 2556 τραπέ-

307 2585 429 2658 ζης,
475 2585 626 2657 τρεῖς
670 2581 884 2654 ἡμέρας
929 2577 1070 2635 οἶνον
1107 2580 1182 2652 μὴ
1217 2579 1477 2645 πινέσθω,
1510 2577 1680 2632 ποιῶν
1716 2591 1886 2647 μετα-

307 2681 457 2739 νοίας
485 2673 552 2746 ρ’.
827 2685 830 2690 ’

375 2769 475 2834 λζ’.
497 2770 686 2829 Ὅστις
713 2765 1024 2838 ὰργολογεῖ,
1050 2762 1084 2836 ἢ
1107 2763 1416 2836 εὐτράπελα
1439 2762 1734 2833 φθέγγεται
1750 2759 1886 2830 (Η),

308 2859 453 2916 οἶνον
498 2859 574 2933 μὴ
609 2859 813 2914 πινέτω
845 2857 944 2929 τὴν
978 2857 1195 2929 ⁴ἡμέραν
1230 2857 1470 2929 ἐκείνην,
1511 2853 1682 2908 ποιῶν
1719 2866 1888 2923 μετα-

307 2955 455 3016 νοίας
483 2951 557 3024 μ’.

377 3045 481 3116 λη’.
509 3042 576 3097 Et
603 3059 688 3108 τις
710 3041 820 3096 τῶν
848 3039 1257 3109 παιδευομένων
1284 3037 1410 3094 τινὰ
1437 3039 1526 3095 διὰ
1551 3043 1776 3115 σφάλμα
1797 3046 1891 3100 ἐκ·

305 3139 541 3207 δικήσει,
589 3134 970 3209 ξηροφαγείτω
1025 3132 1298 3204 ἑϐδομάδα
1345 3135 1501 3205 μίαν,
1550 3139 1722 3192 ποιῶν
1765 3139 1886 3194 καθ’
1917 3179 1959 3220 ρ

307 3230 522 3301 ἡμέραν
556 3228 846 3300 μετανοίας
875 3233 942 3300 ρ’.

378 3320 478 3376 λθ’.
515 3323 580 3374 Et
612 3337 694 3384 τις
733 3321 1050 3390 πολεμεῖται
1080 3321 1161 3384 είς
1191 3319 1472 3391 πορνείαν,
1504 3319 1890 3393 ξηροφαγείτω

308 3412 523 3482 ἡμέρας
558 3415 608 3479 μ’
634 3427 648 3442 ·
684 3411 730 3461 εί
765 3409 822 3460 δὲ
857 3408 932 3478 μὴ
956 3408 1224 3463 παύσεται
1273 3413 1301 3462 ὁ
1331 3410 1590 3480 πόλεμος,
1623 3411 1728 3474 ἕως
1760 3411 1891 3465 ἀνα-

311 3501 581 3556 παύσεται
631 3499 1035 3572 ξηροφαγείτω,
1076 3499 1245 3553 ποιῶν
1280 3500 1568 3572 μετανοίας
1609 3502 1701 3556 τὸν
1729 3503 1892 3574 νυχθδ

310 3595 517 3666 ήμερον
548 3599 616 3647 τ’.

386 3693 461 3756 μ’.
486 3685 552 3738 Et
575 3702 660 3749 τις
696 3680 982 3755 χαρίζεταί
1019 3695 1128 3736 τινι
1175 3681 1238 3736 τδ
1278 3682 1512 3738 παλαιὸν
1554 3683 1720 3738 αὑτοῦ
1761 3684 1891 3755 ίμά-

311 3797 446 3844 τιον,
472 3779 640 3849 χωρὶς
670 3775 975 3847 ὲπιτροπῆς
999 3775 1094 3828 τοῦ
1125 3775 1456 3846 ἡγουμένου,
1507 3775 1894 3849 ξηροφαγείτω

312 3868 580 3938 ἐσδομάδα
608 3866 758 3937 μίαν,
784 3864 955 3918 ποιῶν
985 3866 1272 3936 μετανοίας
1302 3865 1364 3930 ξ’.

384 3969 493 4033 μα’.
551 3961 618 4015 Εἴ
647 3975 732 4023 τις
777 3958 1106 4030 ὲνυπνιασθῇ
1143 3959 1223 4021 είς
1271 3958 1552 4029 πορνείαν,
1593 3957 1893 4036 ἀκοινώνη-

308 4071 400 4117 τος
442 4053 596 4106 ἔσται
636 4051 734 4123 τὴν
767 4051 986 4122 ἡμέραν
1021 4050 1260 4120 ἐκείνην.
1291 4050 1460 4104 ποιῶν
1496 4052 1783 4122 μετανοίας
1814 4051 1889 4123 μ’,

309 4143 487 4210 λέγων
512 4141 604 4194 τὸν
631 4139 675 4193 ν’
699 4139 938 4211 ψαλμὸν,
968 4140 1064 4193 καὶ
1091 4139 1174 4204 τὸ,
1197 4141 1397 4210 Κύριε,
1429 4141 1716 4212 ἐλέησον,
1755 4145 1890 4198 ἑκα-

307 4234 418 4288 τόν.

384 4323 493 4396 μβ⁹-
535 4323 594 4378 ὀ
621 4322 865 4395 μαλακὸς
893 4323 1107 4396 ἡμέρας
1139 4323 1194 4396 μ’
1227 4323 1593 4397 ἀκοινώνητος
1622 4325 1786 4384 ἔστω.

385 4507 496 4572 μγ’.
533 4500 592 4555 '0
622 4499 861 4571 ψεύστης
891 4499 1032 4554 ἔστω
1065 4499 1430 4570 ἀκοινώνητος
1456 4502 1669 4574 ἡμέρας
1708 4510 1782 4572 μ’.

388 4593 493 4664 μδ’.
541 4592 599 4644 Ὁ
629 4590 932 4655 κατάλαλος
956 4591 1160 4662 ὁμοίως
1189 4593 1293 4663 ήμέ
1304 4610 1401 4662 ρας
1426 4601 1500 4662 μ’.
1567 4614 1570 4618 '

389 4687 491 4752 με’.
531 4680 589 4734 '0
619 4680 936 4750 βλάσφημος
969 4681 1112 4734 κατὰ
1134 4683 1310 4736 πάντα
1339 4685 1542 4756 τρόπον
1575 4685 1669 4740 καὶ
1705 4689 1888 4742 ὁπωσ-

311 4771 534 4840 δήποτε,
591 4770 784 4834 άλαλος
831 4772 974 4825 έστω
1015 4772 1230 4843 ἡμέρας
1272 4777 1346 4843 μ’,
1395 4775 1566 4829 ποιῶν
1603 4779 1890 4848 μετανοίας

311 4863 436 4916 καθ’
463 4861 677 4932 ἡμέραν
701 4859 765 4915 ν’.

1988 565 2173 622 statim
2207 579 2439 634 surgens
2465 563 2636 620 faciat
2669 571 2971 618 metanmas
2997 571 3242 617 centum.

2058 656 2149 712 50.
2183 654 2242 710 Si
2283 656 2411 726 quis
2481 655 2637 710 fratri
2691 669 2794 711 suo
2825 653 3130 722 molestiam
3190 653 3476 717 creaverit,
3512 661 3567 708 et

1988 745 2186 802 deinde
2213 745 2562 800 reconciliari
2587 744 2911 815 neglexerit,
2943 744 3036 800 sed
3072 743 3124 797 in
3145 744 3422 798 simultate
3447 759 3567 812 pcr-

1992 837 2282 900 manserit,
2323 844 2618 905 separetur
2644 836 2858 890 duabus
2887 834 3449 898 Itebdomadis,aridis
3477 850 3566 888 κε-

1988 943 2170 992 scens,
2205 943 2329 982 cum
2365 928 2652 983 metanmis
2681 927 3097 998 quinquaginta.
3454 981 3456 984 ,

2057 1019 2147 1074 51.
2179 1017 2238 1072 Si
2260 1017 2384 1088 quis
2410 1018 2500 1072 die
2527 1017 2781 1088 liturgico
2801 1015 3204 1072 Eucharistiam
3231 1031 3340 1070 non
3361 1024 3566 1082 sumat,

1987 1110 2066 1167 rei
2097 1126 2322 1166 causam
2369 1111 2535 1165 dicat.
2574 1110 2630 1163 Si
2667 1125 2775 1164 non
2801 1109 3020 1174 dixerit,
3050 1108 3265 1179 jejunet
3295 1124 3468 1179 usque
3499 1110 3567 1163 ad

1986 1218 2292 1274 vesperam,
2316 1218 2443 1258 cum
2477 1203 2762 1257 metanmis
2791 1201 3215 1272 quinquaginta.

2059 1293 2152 1350 52.
2205 1291 2262 1347 Si
2317 1293 2443 1362 quis
2496 1306 2563 1348 ex
2607 1293 2869 1363 peculiari
2892 1307 3020 1362 erga
3061 1290 3288 1346 fratrem
3331 1293 3567 1361 aliquem

1987 1385 2206 1450 alfectu,
2239 1401 2366 1441 cum
2395 1401 2462 1442 eo
2490 1387 2763 1447 mussitet,
2793 1393 3118 1455 separentur
3175 1387 3361 1450 ambo,
3393 1387 3570 1440 donec

1987 1477 2336 1533 sodalitatem
2369 1475 2655 1544 dirimant,
2716 1475 3031 1547 faciantque
3085 1485 3387 1532 metattmas
3439 1491 3571 1532 cen-

1984 1576 2126 1623 tum.

2053 1659 2146 1715 55.
2188 1657 2246 1713 Si
2272 1659 2395 1730 quis
2417 1659 2860 1731 uniuscujusque
2903 1642 3226 1730 psalmodiae
3281 1660 3440 1716 initio
3475 1661 3572 1715 de-

1987 1752 2168 1818 fuerit,
2211 1769 2390 1825 neque
2441 1755 2778 1821 ministerio,
2814 1771 2992 1826 neque
3039 1771 3207 1812 causa
3261 1759 3572 1814 necessaria

1993 1846 2312 1917 impeditus,
2343 1858 2564 1903 centum
2606 1848 2772 1904 faciat
2798 1857 3124 1905 metanteas.

2060 1940 2154 1996 54.
2176 1939 2232 1994 Si
2256 1942 2382 2012 quis
2415 1939 2486 1995 ob
2514 1939 2792 2011 pigritiam
2855 1943 3051 1996 canoni
3086 1957 3194 1996 non
3238 1941 3570 2007 interfuerit,

1991 2039 2085 2086 aut
2113 2030 2402 2102 lychnico,
2453 2042 2550 2087 aut
2577 2032 2671 2087 alii
2719 2031 3040 2103 psalmodia:
3080 2033 3243 2103 parti,
3275 2031 3446 2089 aridis
3480 2041 3574 2088 Ve—

1992 2131 2181 2177 scalur
2209 2138 2320 2177 uno
2359 2123 2468 2187 die,
2506 2138 2632 2176 cum
2665 2124 2956 2179 metanatis
2988 2135 3232 2178 centum.

2062 2211 2152 2266 55.
2179 2211 2238 2267 Si
2265 2213 2392 2282 quis
2425 2213 2496 2267 ob
2520 2212 2828 2268 socordiam
2853 2229 2962 2268 non
2993 2213 3198 2269 sederit
3221 2227 3346 2268 cum
3385 2213 3575 2269 fratria-

1991 2302 2095 2359 bus
2156 2304 2223 2359 ad
2279 2319 2548 2374 mensam,
2597 2304 2811 2377 jejunet
2849 2304 3049 2360 deinde
3081 2319 3256 2376 usque
3277 2303 3344 2358 ad
3375 2319 3570 2375 vespe-

1990 2411 2135 2452 ram.
2947 2453 2954 2462 ,
3173 2401 3177 2408 ’

2064 2484 2155 2540 56.
2181 2485 2237 2540 Si
2268 2486 2396 2557 quis
2445 2486 2565 2542 sine
2597 2487 2927 2542 necessitate
2979 2497 3106 2542 ante
3137 2485 3276 2540 alios
3305 2501 3337 2541 a
3380 2497 3572 2541 mensa
3664 2478 3667 2480 ’

1993 2579 2318 2644 surrexerit,
2352 2577 2538 2634 triduo
2558 2578 2746 2633 vinum
2782 2593 2892 2634 non
2933 2577 3106 2643 bibat,
3143 2575 3354 2634 faciens
3406 2577 3573 2633 simul

1993 2676 2300 2723 melauueas
2336 2680 2580 2723 centum.

2061 2762 2150 2816 57.
2177 2760 2282 2827 Qui
2303 2761 2480 2816 otiosa
2498 2762 2662 2816 verba
2695 2769 2792 2816 aut
2802 2759 2992 2830 joeosa
3029 2757 3350 2824 eﬁ‘utiverit,
3385 2759 3569 2817 vinum

1993 2867 2061 2907 ne
2097 2853 2252 2909 bibat
2283 2853 2373 2908 die
2409 2853 2528 2920 illo,
2577 2854 2674 2910 sed
2725 2851 3092 2924 quadraginta
3145 2861 3446 2907 ntetanmas
3486 2850 3572 2907 fa-

1992 2946 2121 3002 ciat.

2063 3037 2154 3094 58.
2208 3037 2268 3094 Si
2313 3037 2453 3110 'quis
2482 3039 2743 3110 aliquem,
2778 3041 2872 3111 qui
2924 3042 2994 3097 ob
3045 3040 3262 3112 culpam
3289 3047 3573 3097 correctus

1996 3130 2182 3197 fuerit,
2213 3129 2493 3200 defendat,
2551 3132 2720 3190 aridis
2769 3146 3026 3189 vescatur
3058 3148 3165 3189 una
3205 3132 3570 3199 hebdomada,

1997 3237 2120 3279 cum
2163 3225 2451 3280 metaamis
2483 3226 2818 3296 quotidianis
2840 3235 3088 3283 centum.

2068 3316 2159 3372 59.
2194 3316 2252 3372 Si
2289 3318 2415 3388 quis
2456 3327 2700 3380 tentatur
2733 3320 2798 3374 ad
2831 3318 3240 3387 fornicandum,
3289 3320 3442 3375 arida
3479 3333 3578 3376 co-

1998 3410 2180 3464 medat
2224 3409 2418 3465 diebus
2463 3411 2850 3482 quadraginta.
2889 3411 3049 3478 Quod
3104 3413 3149 3470 si
3185 3414 3412 3468 tentatio
3464 3428 3574 3467 non

1996 3501 2232 3569 desinat,
2278 3503 2467 3558 taudiu
2508 3505 2680 3562 aridis
2722 3516 2977 3560 vescatur
3003 3505 3182 3561 donec
3203 3522 3266 3561 ea
3302 3507 3572 3578 quiescat,

2000 3593 2274 3664 faciatque
2302 3598 2396 3652 diu
2433 3608 2710 3669 noctuque
2741 3608 3047 3655 metanmas
3069 3608 3363 3656 trecentas.

2069 3683 2160 3739 40.
2197 3685 2253 3741 Si
2281 3687 2406 3756 quis
2429 3686 2594 3741 alicui
2617 3699 2854 3743 veterem
2879 3703 3034 3742 suam
3063 3699 3267 3744 vestem
3291 3689 3574 3761 largiatur,

1999 3777 2118 3832 sine
2141 3779 2414 3848 praepositi
2445 3779 2688 3846 licentia,
2727 3779 2896 3836 aridis
2923 3789 3180 3836 vescatur
3210 3796 3318 3837 una
3364 3783 3577 3839 hebdo-

2004 3871 2186 3938 mada,
2221 3886 2346 3925 cum
2377 3874 2673 3928 metauazis
2705 3875 3012 3942 sexaginta.

2071 3955 2162 4010 4'1.
2214 3956 2271 4012 Si
2323 3960 2446 4030 quis
2506 3961 2742 4016 somniet
2807 3960 3250 4032 fornicationem,
3303 3961 3581 4018 abstineat—

1999 4050 2385 4104 communione
2415 4049 2502 4104 die
2527 4049 2642 4113 illo,
2675 4048 2840 4104 faciat
2869 4061 3166 4106 metanmas
3191 4053 3572 4124 quadraginta,

2001 4141 2304 4211 recitetque
2333 4143 2605 4212 psalmum
2627 4143 3168 4214 quinquagesimum,
3202 4162 3325 4200 cum
3353 4145 3580 4202 Domine

1999 4243 2242 4282 miserere
2269 4243 2496 4285 centies.

2069 4317 2160 4372 42.
2206 4317 2384 4374 Mollis
2421 4320 2631 4392 absque
2679 4321 3066 4377 communione
3096 4322 3168 4378 sit
3217 4322 3411 4380 diebus
3441 4338 3549 4396 qua

1997 4405 2268 4478 draginla.

2067 4500 2159 4553 45.
2191 4498 2420 4555 Mendax
2451 4499 2580 4556 item
2613 4501 2808 4559 diebus
2847 4502 3232 4573 quadraginta.

2071 4589 2156 4645 u.
2195 4592 2548 4647 Obtrectator
2569 4595 2828 4650 similiter
2859 4595 3052 4652 diebus
3083 4599 3466 4670 quadraginta.

2063 4678 2156 4733 45.
2207 4679 2572 4752 Blaspltemus
2622 4687 3036 4754 quomodolibet
3083 4697 3138 4742 et
3194 4691 3575 4758 quamlulibet,

1994 4780 2180 4827 mutus
2217 4775 2290 4826 sit
2321 4774 2514 4830 diebus
2548 4777 2934 4849 quadraginta,
2967 4793 3092 4834 cum
3123 4781 3414 4835 metanwis
3437 4797 3575 4849 quo-

1993 4861 2126 4916 tidie
2157 4864 2575 4936 quinquaginta.

385 4955 504 5025 μς’.
549 4954 673 5007 Ἐὰν
702 4955 874 5009 θέλων
913 4973 999 5019 τις
1039 4961 1452 5034 μιαροφαγήσῃ,
1484 4960 1622 5016 ἔστω
1654 4963 1885 5017 ἀκοινώ-

2067 4953 2160 5009 46.
2198 4955 2257 5009 Si
2287 4958 2414 5026 quis
2445 4958 2581 5013 cibis
2615 4961 2798 5018 vetitis
2830 4974 3105 5032 vescatur,
3133 4966 3204 5021 sit
3238 4976 3390 5022 extra
3422 4983 3570 5021 com-

308 5063 470 5116 νητος
499 5044 593 5118 ἔτη
625 5051 666 5098 ε’
692 5061 708 5077 ·
740 5047 792 5099 εί
815 5045 872 5100 δὲ
900 5048 965 5101 ἐκ
988 5048 1109 5119 βίας
1139 5051 1298 5106 τοῦτο
1323 5052 1492 5126 πάθῃ,
1523 5055 1735 5126 ἡμέρας
1757 5073 1884 5110 τεσ-

312 5138 644 5209 σαράκοντα.

385 5229 492 5299 μζκ
541 5230 668 5283 Ἐὰν
714 5229 947 5300 μοναχὸς
977 5231 1396 5304 μεγαλόσχημος
1421 5235 1566 5306 πέσῃ
1588 5237 1668 5299 εἰς
1693 5237 1911 5302 πάθος,-

309 5321 450 5376 ἔστω
480 5322 846 5394 ἀκοινώνητος
879 5322 975 5395 ἐτη
1019 5329 1059 5377 ε’
1087 5340 1101 5355 ·
1144 5326 1194 5378 εί
1239 5326 1298 5378 δὲ
1346 5328 1742 5400 μικρὸσχημος,
1791 5329 1884 5401 ετη

1993 5047 2308 5101 munionetn
2337 5052 2496 5105 annis
2523 5051 2788 5125 quinque.
2813 5055 2967 5124 Quod
2999 5058 3046 5114 si
3081 5068 3304 5116 coactus
3341 5061 3443 5116 hoc
3490 5061 3573 5116 fed

1991 5140 2150 5204 cerit,
2185 5140 2381 5196 diebus
2404 5145 2788 5216 quadraginta,

2067 5233 2160 5288 Π.
2199 5234 2258 5290 Si
2284 5238 2593 5293 monachus
2625 5239 2806 5310 magni
2838 5241 3136 5298 schematis
3167 5243 3381 5298 labatur
3414 5244 3464 5296 in
3490 5245 3570 5297 lum

1996 5329 2238 5392 auriam,
2275 5329 2348 5383 sit
2374 5338 2535 5386 extra
2579 5333 3028 5394 communionem
3073 5337 3491 5408 quinquennio:
3525 5337 3570 5390 si

1828 5507 2062 5569 NOTzE.

381 5656 492 5722 (ll)
525 5655 761 5730 Sanctus
793 5655 1120 5714 Benedictus
1150 5661 1283 5730 Reg.
1315 5675 1436 5730 cap.
1470 5660 1504 5714 6
1535 5679 1549 5715 :
1584 5679 1602 5713 ι
1633 5660 1892 5717 Scurrili-

313 5735 448 5782 tates
472 5727 550 5780 vel
575 5731 728 5782 verba
756 5731 929 5784 otiosa
958 5741 1008 5784 et
1030 5732 1197 5784 risum
1220 5727 1502 5793 utouetitia.
1525 5742 1720 5787 wtema
1743 5733 1894 5787 clau-

307 5813 438 5852 um
467 5799 520 5853 in
543 5799 782 5856 omnibus
808 5800 940 5856 locis
973 5801 1288 5857 damnamus
1310 5817 1331 5866 ,'
1352 5812 1402 5858 et
1429 5803 1500 5858 ad
1521 5804 1656 5858 talia
1685 5805 1894 5871 eloquia

1999 5667 2568 5744 discipulumuaperire
2605 5686 2662 5725 os
2705 5687 2809 5744 non
2849 5673 3224 5744 permittimus.
3277 5692 3297 5726 ι
3339 5672 3574 5744 Legatur

2002 5737 2076 5817 ibi
2120 5738 2371 5817 Mar_t_en_ii
2400 5737 2877 5817 gemmentarius'.
2909 5741 3114 5817 Eadem
3151 5754 3316 5817 porro
3347 5737 3571 5802 senteno

2001 5809 2077 5862 tia
2107 5819 2192 5865 est
2228 5810 2284 5866 ὃ.
2318 5807 2504 5866 Basilii
2537 5812 2726 5868 Const.
2761 5830 2882 5885 cap.
2922 5814 3005 5870 fit.
