4122 6382
648 363 786 432 i755

1839 359 1903 423 S.
1936 356 2330 420 THEODORI
2371 356 2719 421 STUDIT/E

3759 348 3875 415 1756

645 496 776 537 vero
814 476 969 551 parvi
997 473 1319 542 schematis,
1363 471 1607 531 biennio.
1634 469 1841 531 Eadem
1871 473 1961 529 lex
2006 471 2076 530 de
2104 482 2273 532 mo-J

2255 471 2461 532 Δδὺοο
2520 474 2550 528 ὁ
2595 472 2759 538 αὐτὸς
2803 468 2864 527 δὲ
2915 467 3045 544 ὄρος
3094 464 3373 541 κρατείτω
3456 461 3555 518 καὶ
3590 461 3682 517 ἐπὶ
3735 481 3873 535 μονα-

643 570 885 626 nialibus
914 582 1139 640 quoque
1163 567 1366 623 valeat.

718 664 810 719 48.
855 663 911 718 Si
943 662 1248 717 monachus
1272 659 1463 716 ebrius
1489 658 1604 723 ﬁat,
1641 656 1912 713 habeatur
1942 665 2005 711 ut
2052 652 2228 711 forni-

646 754 851 815 carius,
881 764 937 809 et
958 753 1028 809 sit
1053 762 1205 806 extra
1230 748 1673 805 communionem
1713 748 1953 804 biennio.

723 848 814 902 49.
840 846 899 900 Si
933 846 985 899 in
1020 844 1239 916 publico
1268 842 1471 910 riserit,
1515 842 1588 897 sit
1614 852 1767 897 extra
1782 839 2227 896 communionem

647 935 845 989 diebus
876 930 1266 1002 quadraginta.

718 1022 810 1077 50.
848 1018 906 1076 Si
951 1021 1023 1075 ob
1053 1018 1333 1090 crapulam
1372 1016 1670 1082 vomuerit,
1704 1016 1777 1071 sit
1822 1015 2035 1087 pariter
2072 1022 2231 1070 extra

647 1114 1096 1172 communionem
1127 1112 1323 1167 diebus
1348 1110 1734 1181 quadraginta.

721 1207 812 1263 5i.
847 1205 906 1261 Si
934 1202 1118 1276 magni
1168 1200 1469 1259 schematis
1500 1201 1805 1256 monachus
1836 1201 1958 1257 sine
2013 1199 2233 1256 cucullo

649 1314 754 1357 suo
789 1295 1178 1362 ambulaverit,
1236 1295 1309 1351 sit
1339 1303 1496 1349 extra
1548 1292 1990 1349 communionem
2039 1290 2235 1347 diebus

649 1391 1035 1464 quadraginta.
1080 1386 1268 1459 Neque
1304 1386 1453 1442 enim
1489 1384 1544 1440 in
1581 1385 1702 1455 ejus
1743 1391 2017 1454 potestate
2038 1389 2144 1448 est,
2174 1390 2237 1438 ut

649 1484 773 1541 sine
806 1480 1102 1540 schematis
1118 1480 1204 1536 sui
1221 1478 1533 1550 insignibus
1561 1484 1837 1549 operetur,
1866 1485 1959 1531 aut
1973 1474 2233 1542 dormiat,

649 1587 746 1633 aut
774 1575 1218 1649 quandocunque
1252 1574 1336 1629 vel
1360 1573 1604 1645 quolibet
1635 1570 1904 1627 ambulet.

724 1670 815 1726 52.
848 1667 905 1725 Si
936 1670 1063 1739 quis
1092 1665 1499 1722 contradixerit
1534 1660 1759 1736 praesidi
1792 1675 1919 1728 suo,
1952 1657 2039 1714 vel
2068 1655 2236 1714 alicui

652 1760 836 1831 fratri,
857 1761 927 1817 sit
952 1768 1110 1816 extra
1142 1757 1590 1816 communionem
1622 1753 1818 1811 diebus
1846 1748 2234 1823 quadraginta.

728 1940 818 1996 55.
846 1939 1149 1996 Monachus
1176 1939 1273 2009 qui
1312 1952 1437 1993 cum
1501 1932 1861 1992 saecularibus
1891 1931 1949 1987 in
1986 1929 2241 1987 convivio

658 2034 884 2101 sederit,
924 2034 1001 2091 sit
1058 2045 1213 2090 extra
1244 2030 1695 2089 communionem
1760 2025 1955 2084 diebus
2002 2023 2243 2098 quadra-

657 2126 832 2200 ginta.
1252 2184 1256 2188 Α

731 2220 823 2277 54.
878 2219 936 2276 Si
975 2218 1283 2275 monachus
1310 2225 1408 2273 aut
1450 2214 1708 2272 mouialis
1774 2211 2111 2269 monasterio
2142 2222 2246 2266 suo

660 2312 973 2383 ditl‘ugiant,
1010 2325 1228 2382 pinnam
1256 2306 1847 2364 excommunicationis
1871 2304 2243 2362 duodecennis

661 2401 973 2456 incurrunt.
1000 2396 1057 2453 Si
1090 2412 1221 2452 vero
1270 2396 1458 2451 vitiata
1493 2394 1676 2449 anima
1714 2395 1853 2448 clam
1907 2391 2245 2448 monasterio

660 2488 1134 2555 sesuhduxerint,
1175 2501 1316 2557 opus
1345 2494 1431 2540 est
1476 2492 1537 2538 ut
1583 2484 1636 2538 hi
1677 2484 1916 2554 aliquem
1952 2482 2242 2551 probatum

662 2580 995 2636 monachum
1023 2578 1326 2642 inveniant,
1358 2575 1519 2647 eique
1548 2590 1725 2646 pauca
1752 2590 1817 2630 ex
1857 2575 2045 2630 multis
2071 2575 2245 2647 signi-

663 2673 849 2738 ﬁcent,
902 2687 1026 2742 quae
1088 2672 1157 2725 ad
1209 2671 1287 2726 rei
1340 2668 1781 2724 emendationem
1816 2668 2141 2735 conferant;
2187 2675 2248 2723 ut

664 2777 761 2833 per
787 2761 1090 2819 sacerdotis
1125 2760 1470 2832 prudentiam
1528 2759 1877 2816 reconciliari
1919 2759 2248 2831 praesidibus

664 2856 783 2912 suis
849 2856 1082 2928 possint,
1142 2864 1196 2912 et
1246 2855 1303 2910 in
1366 2854 1587 2927 propria
1613 2854 1974 2921 monasteria,
2038 2852 2250 2910 sanatis

665 2947 867 3004 animae
893 2947 1094 3019 culpis,
1129 2947 1350 3003 reverti.

740 3124 831 3180 55.
862 3124 1281 3219 hlonachus‘qui
1312 3125 1614 3219 comederit
1649 3134 1746 3181 aut
1796 3125 1995 3181 biberit
2028 3124 2250 3219 ante‘ti-
2276 3159 2320 3219 ο

1439 3125 1614 3182 ederit
1649 3134 1746 3181 aut
1796 3125 1995 3181 biberit
2028 3133 2153 3179 ante
2186 3124 2250 3179 ti-
2276 3159 2320 3219 ο
2423 3134 2517 3184 ve‘.
2558 3125 2810 3197 Μοναχὺς
2872 3123 3067 3219 «patqu

667 3232 794 3272 nem
823 3230 1115 3289 synaxeos,
1157 3215 1323 3272 faciat
1349 3217 1418 3272 ad
1468 3232 1714 3273 mensam
1758 3227 2060 3273 metanmas
2083 3216 2247 3288 quin-

670 3309 955 3380 quaginta.

743 3398 904 3455 56.Si
936 3399 1060 3468 quis
1082 3399 1385 3455 monachus
1409 3399 1603 3470 synaxi
1628 3400 1682 3454 in
1702 3398 1936 3455 ecclesia
1961 3398 2253 3464 assistens,

670 3488 820 3544 haud
854 3505 1028 3560 usque
1054 3490 1121 3544 ad
1165 3489 1327 3545 tinem
1372 3490 1445 3544 ibi
1484 3489 1811 3560 reperiatur,
1838 3498 2064 3559 excepto
2091 3503 2255 3559 supe-

674 3580 839 3635 rioris
862 3579 1045 3650 jussu,
1088 3591 1183 3637 aut
1230 3596 1428 3653 magna
1474 3581 1818 3647 necessitate,
1868 3581 2031 3637 faciat
2076 3591 2250 3636 meta-

676 3685 831 3726 urnas
852 3671 1232 3743 quadraginta,
1256 3672 1529 3743 totiesque
1548 3671 1696 3727 dicat
1724 3671 1969 3740 Domine,
1987 3674 2253 3728 miserere.

748 3765 837 3821 57.
872 3764 928 3820 Si
949 3767 1250 3824 monachus
1276 3782 1403 3824 cum
1419 3768 1543 3823 aliis
1568 3768 1856 3824 monachis
1882 3768 1953 3823 ob
1978 3767 2259 3839 quodlibet

676 3862 960 3929 negotium
1023 3862 1489 3933 conspirationem
1535 3858 1746 3928 fecerit,
1807 3870 2026 3917 centum
2093 3860 2262 3917 faciat

677 3962 1002 4020 metaumas,
1039 3962 1094 4009 et
1121 3953 1289 4009 biduo
1329 3964 1585 4011 vescatur
1619 3954 1790 4010 aridis
1831 3968 2077 4024 vespere.

751 4040 841 4095 58.
885 4040 1095 4115 Siquis
1157 4044 1462 4100 monachus
1493 4043 1799 4101 discinctus
1856 4044 1912 4099 in
1965 4043 2107 4099 lecto
2157 4057 2261 4100 suo

678 4133 982 4199 dortnierit,
1011 4145 1313 4194 metanmas
1342 4135 1510 4192 faciat
1542 4136 1963 4207 quinquaginta.

750 4226 842 4283 59.
871 4228 927 4283 Si
968 4229 1094 4300 quis
1135 4230 1444 4286 monachus
1474 4230 1529 4284 in
1558 4230 1756 4286 balneo
1812 4229 2128 4285 unctionem
2178 4226 2260 4285 fe-

680 4321 838 4389 cerit,
874 4332 1178 4380 metanteas
1201 4330 1327 4396 agat
1376 4332 1673 4379 trecentas.
1704 4320 1997 4379 Secularis
2048 4327 2261 4389 autem,

2264 1814 2314 1876 B

2333 581 2556 637 στριων.

2406 664 2519 730 μην.
2572 657 2699 712 Ἐὰν
2728 654 2963 728 μοναχδς
2993 651 3223 725 μεθύση,
3258 650 3614 721 ἑπόρνευσεν,
3645 647 3735 701 καὶ
3761 648 3877 704 ἔστω

2332 749 2703 820 ἀκοινώνητος
2732 748 2828 819 ἔτη
2853 749 2968 801 δύο.

2407 840 2515 913 μθ⁸.
2560 840 2688 896 Ἐὰν
2735 840 2831 894 ἐπὶ
2872 838 3045 910 δήμου
3090 834 3325 907 γελάσῃ,
3367 832 3511 889 ἔστω
3555 832 3877 905 ἀκοινώνητος

2333 933 2550 1006 ἡμέρας
2584 939 2658 1005 μό

2403 1030 2469 1079 ν’.
2506 1023 2635 1078 Ἐάν
2662 1022 2773 1077 ἀπὸ
2803 1018 3257 1094 γαστριμαργίας
3297 1015 3497 1091 ὲμέσῄ,
3530 1016 3720 1089 ὁμοίως
3749 1017 3876 1071 ἀκοι-

2334 1114 2572 1189 νώνητος
2593 1114 2734 1170 ἔστω
2754 1114 2970 1187 ἡμέρας
2990 1111 3065 1184 μ’.

2406 1216 2509 1264 ναν.
2547 1208 2673 1264 Ἐάν
2701 1207 3053 1281 περιπατήσῃ
3080 1202 3501 1276 μεγαλόσχημος
3525 1202 3650 1257 ἀνευ
3669 1201 3756 1256 τοῦ
3777 1218 3878 1256 κου.

2335 1301 2587 1358 κουλλίου
2618 1300 2807 1366 αὐτοῦ,
2842 1299 2985 1354 έστω
3031 1296 3402 1368 ἀκοινώνητος
3440 1294 3648 1365 ἡμέρας
3678 1301 3752 1366 μ’·
3796 1296 3875 1350 οὐκ

2336 1391 2454 1463 εχει
2486 1390 2598 1463 γάρ
2626 1389 2879 1457 ἐξουσίαν
2909 1386 3154 1450 τοιοῦτος
3189 1386 3324 1441 ἄνευ
3370 1383 3480 1438 τῶν
3509 1383 3775 1454 συμϐόλων
3798 1386 3874 1440 τοῦ

2335 1483 2496 1555 ἀγίου
2529 1483 2808 1556 σχήματος
2835 1476 3203 1552 ἐργάσασθαι,
3233 1476 3271 1548 ἢ
3306 1475 3651 1549 κοιμηθῆναι,
3679 1477 3710 1548 ἢ
3741 1493 3872 1551 περι-

2338 1572 2585 1645 πατῆσαί
2606 1588 2739 1628 ποτε
2772 1569 3033 1627 πούποτε.

2407 1662 2509 1735 νβ’.
2552 1661 2678 1716 Ἐάν
2702 1659 3127 1732 ἀντιλογήσηταί
3148 1675 3237 1723 τις
3257 1656 3339 1729 τῷ
3364 1655 3657 1731 προεστῶτι
3671 1656 3873 1733 aitait}

2338 1771 2445 1810 τινι
2474 1753 2692 1827 ἀδελφῷ
2722 1751 2911 1820 αὐτοῦ,
2938 1752 3084 1808 ἔστω
3130 1749 3498 1822 ἀκοινώνητος
3548 1749 3746 1821 ἡμέρας
3771 1767 3873 1804 τισ-

2342 1848 2676 1922 σαράκοντα.

2411 1937 2516 2009 νγ⁹.
2552 1938 2681 1993 Ἐὰν
2711 1936 2850 2010 μετά
2880 1935 3167 2007 κοσμικῶν
3197 1934 3405 2008 καθίσῃ
3433 1936 3652 2008 μοναχδς
3670 1936 3742 2000 είς
3762 1953 3874 2007 συμ-

2343 2030 2557 2100 πόσιον,
2586 2029 2729 2085 ἔστω
2755 2028 3125 2102 ἀκοινώνητος
3152 2026 3371 2101 ἡμέρας
3401 2033 3475 2100 μ’.

2415 2204 2510 2260 νδ’.
2558 2202 2684 2258 Ἐάν
2713 2201 2947 2275 μοναχδς
2986 2200 3022 2272 ἢ
3055 2200 3269 2274 μοναχῆ
3305 2198 3399 2256 τοῦ
3433 2200 3765 2275 μοναστηρίου
3789 2202 3871 2256 ati-

2345 2296 2456 2351 τῶν
2505 2294 2910 2364 ἀποδράσωσιν,
2948 2291 3169 2363 ἔχουσιν
3207 2291 3597 2363 ἀκοινωνησίας
3637 2292 3872 2360 ἐπιτίμιον

2347 2388 2442 2461 ἔτη
2476 2386 2544 2457 ιβ’
2567 2404 2580 2417 ·
2623 2388 2671 2440 εἰ
2702 2387 2760 2440 δέ
2799 2402 2864 2455 γε
2897 2386 3041 2440 κατὰ
3075 2383 3261 2457 ψυχὴν
3286 2383 3614 2454 βλάπτωνται
3640 2384 3723 2437 καὶ
3747 2383 3872 2449 ὲξέλ·

2347 2479 2483 2534 θωσι
2512 2477 2787 2547 λαθραίως
2814 2476 2924 2532 τῶν
2957 2475 3367 2548 μοναστηρίων,
3397 2474 3474 2528 δεῖ
3502 2473 3700 2535 τούτους
3720 2475 3869 2545 εὑρεῖν

2346 2570 2569 2641 δόκιμον
2602 2569 2859 2641 μοναχὸν,
2889 2567 2989 2623 καὶ
3012 2569 3078 2621 ὲκ
3107 2564 3223 2621 τῶν
3252 2565 3462 2620 πολλῶν
3481 2565 3625 2635 ὀλίγα
3647 2565 3867 2634 ἀναγγεῖ-

2348 2663 2439 2717 λαι
2461 2661 2613 2735 αὑτῷ
2636 2661 2774 2733 πρὸς
2804 2661 3096 2733 διόρθωσιν
3124 2660 3229 2729 τῆς
3257 2659 3441 2722 αἰτίας
3457 2657 3545 2712 τοῦ
3570 2657 3864 2730 πράγματος,

2350 2754 2439 2810 ἵνα
2469 2755 2558 2809 διά
2585 2758 2685 2825 τῆς
2711 2754 2981 2818 συνέσεως
3009 2751 3106 2807 τοῦ
3138 2753 3334 2823 ἱερέως
3362 2751 3614 2823 δυνηθῶσι
3645 2749 3867 2803 καταλλα-

2348 2846 2650 2918 γῆναιτοτς
2687 2845 3030 2920 προεστῶσιν
3052 2843 3261 2907 αὐτῶν,
3289 2844 3382 2898 καὶ
3411 2842 3777 2912 ὑποστρέψωσιν
3798 2841 3863 2902 είς

2349 2938 2420 2995 τὰ
2472 2939 2582 2994 ῐδια
2637 2940 2999 3012 μοναστήρια,
3059 2937 3461 3011 διορθουμένων
3508 2933 3608 2989 τῶν
3658 2930 3863 3004 ψυχικῶν

2355 3033 2710 3105 σφαλμάτων.
3003 3086 3151 3125 ,νγ
3303 3121 3315 3125 Α
3498 3122 3508 3125 Α
3608 3121 3629 3125 Δ
3704 3070 3733 3125 Δ,

3126 3123 3163 3197 ἢ
3227 3121 3375 3179 πιὼν
3420 3122 3523 3195 πρὸ
3576 3121 3665 3191 τῆς
3697 3117 3860 3176 ἀπολύ-

2354 3236 2494 3284 σεως
2524 3218 2625 3288 τῆς
2659 3217 2953 3286 συνάξεως,
2995 3210 3227 3271 ποιείτω
3270 3215 3329 3270 ὲν
3360 3218 3426 3288 τῇ
3461 3210 3688 3288 τραπέζῃ
3725 3227 3856 3282 μετασ

2352 3313 2504 3373 νοίας
2529 3316 2593 3367 ν’.

2424 3399 2532 3470 νς’.
2575 3402 2701 3456 Ἐάν
2728 3400 2961 3473 μοναχὸς
2989 3401 3215 3456 ἵσταται
3251 3401 3335 3465 είς
3363 3399 3571 3466 σύναξιν
3587 3395 3674 3466 τῆς
3697 3393 3853 3460 ἔκκλη-

2355 3495 2499 3563 σίας,
2532 3496 2628 3551 καὶ
2657 3498 2739 3560 είς
2766 3494 2829 3550 τὸ
2856 3494 3008 3559 τέλος
3031 3495 3131 3564 οὐχ
3159 3493 3361 3567 εὑρεθῇ
3391 3492 3549 3565 χωρὶς
3575 3488 3855 3562 προστάξεως

2355 3588 2451 3643 τοῦ
2484 3586 2823 3660 μειζοτέρου.
2850 3586 2883 3659 ἢ
2914 3587 3084 3658 χωρὶς
3112 3587 3362 3657 μεγάλης
3391 3588 3634 3656 ἀνάγκης,
3679 3580 3850 3634 ποιείτω

2359 3679 2651 3751 μετανοίας
2683 3684 2758 3751 μ’,
2787 3678 2991 3748 λεγέτω
3009 3678 3091 3743 τὸ,
3112 3679 3314 3748 Κύριε,
3331 3677 3593 3746 ἐλέησον,
3623 3674 3686 3746 μ’.

2428 3771 2526 3835 νζθ.
2560 3770 2628 3825 Et
2652 3788 2736 3835 τις
2762 3770 2995 3843 μοναχὸς
3026 3770 3309 3842 φρατρίας
3338 3770 3477 3823 ποιεί
3527 3764 3649 3840 μετὰ
3694 3760 3852 3831 ἑτέρων

2361 3862 2611 3935 μοναχῶν
2660 3863 2739 3927 είς
2801 3862 3116 3932 οἱονδήποτε
3163 3863 3423 3933 πρᾶγμα,
3484 3855 3677 3912 ποιείτω
3726 3864 3854 3920 μεταο

2358 3954 2509 4018 νοίας
2553 3959 2621 4027 ρ’,
2687 3951 3017 4026 ξηροφαγῶν
3040 3953 3147 4018 ἕως
3171 3953 3414 4025 ἑσπέρας
3439 3950 3626 4023 ἡμέρας
3650 3943 3744 4000 δύο.

2430 4054 2535 4118 νηό
2564 4047 2636 4103 Et
2656 4064 2742 4112 τις
2769 4045 3001 4118 μοναχδς
3041 4045 3292 4111 ἄζωστος
3319 4044 3557 4117 κοιμᾶται
3597 4040 3664 4103 είς
3680 4036 3762 4105 τὴν
3777 4033 3851 4086 αὖ·

2362 4139 2461 4195 τοῦ
2502 4139 2716 4211 κοίτην,
2748 4139 2975 4194 ποιείτω
3002 4139 3300 4211 μετανοίας
3327 4144 3392 4193 ν’.

2432 4231 2531 4288 νϐ’.
2563 4232 2633 4287 Εἰ
2660 4249 2746 4296 τις
2779 4232 3012 4305 μοναχδς
3039 4234 3097 4286 ὲν
3126 4231 3393 4303 βαλανείῳ
3437 4228 3620 4301 χρίσμα
3658 4220 3845 4289 ποιήσει.

2363 4327 2589 4381 ποιείτω
2617 4324 2907 4396 μετανοίας
2934 4331 3001 4390 τ’,
3030 4324 3061 4378 ὁ
3090 4324 3151 4378 δὲ
3206 4322 3467 4394 κοσμικὸς
3489 4324 3532 4394 ρ’
3553 4315 3780 4370 ’ἔστωσαν
3801 4307 3845 4359 δὲ

684 4424 903 4470 centum
923 4455 937 4477 .
969 4424 1198 4487 uterque
1228 4432 1357 4472 vero
1382 4414 1455 4473 sit
1479 4424 1635 4471 extra
1664 4413 2109 4471 communionem
2136 4411 2268 4470 heb-

1912 4413 2109 4470 tionem
2136 4411 2268 4470 heb-
2364 4419 2669 4493 ἀμφότεροι
2697 4417 3073 4491 ἀφωρισμένοι
3105 4416 3376 4489 ὲδδομάδα
3408 4414 3540 4485 μίαν.

684 4505 916 4559 dotnada
952 4522 1081 4560 una.

755 4595 845 4652 60.
877 4595 1174 4652 Monachus
1215 4597 1308 4669 qui
1348 4595 1404 4653 in
1460 4611 1601 4669 pago
1657 4596 1746 4653 vel
1779 4596 1944 4653 etiam
1983 4593 2260 4661 ccenobio,

685 4688 812 4744 siue
838 4690 1113 4759 prazpositi
1141 4689 1227 4746 sui
1278 4689 1663 4746 benedictione
1694 4704 1805 4745 uno
1856 4704 2088 4760 vespere
2133 4689 2264 4744 dor-

685 4782 891 4850 mierit,
950 4782 1191 4851 vigilabit
1217 4790 1381 4838 nocte
1436 4782 1647 4855 integra
1692 4781 1903 4840 faciens
1960 4791 2267 4839 metanteas

686 4885 908 4932 centum
940 4876 1358 4949 quinquaginta.

758 4969 848 5025 61.
888 4968 1187 5025 Monachus
1214 4971 1311 5041 qui
1345 4970 1399 5026 in
1440 4969 1634 5044 synexi
1658 4969 1869 5037 riserit,
1902 4971 2268 5045 quadraginta

687 5072 995 5121 metanoeas
1018 5061 1206 5119 faciat.

758 5157 849 5213 62.
891 5155 1189 5212 Monachus
1216 5164 1312 5212 aut
1340 5156 1645 5224 saecularis,
1685 5155 1779 5228 qui
1823 5172 1931 5212 non
1962 5156 2068 5213 Sub
2105 5172 2266 5229 pcena

687 5250 953 5309 canonica
983 5248 1336 5318 constitutus,
1366 5265 1461 5320 per
1480 5250 1842 5323 quadraginta
1864 5249 1987 5307 dies
2018 5267 2270 5308 commu-

688 5348 907 5401 nionem
941 5342 1276 5416 negligenter
1301 5344 1575 5409 omiserit,
1620 5358 1767 5400 anno
1810 5358 1923 5400 uno
1981 5355 2271 5416 separetur

685 5438 756 5490 ab
785 5435 1041 5493 ecclesia.

758 5518 848 5583 65.
891 5525 1189 5583 Monachus
1217 5527 1313 5598 qui
1355 5541 1483 5582 cum
1520 5526 1746 5582 moniali
1790 5541 1906 5581 rem
1969 5526 2265 5593 habuerit,

688 5628 979 5688 postquam
1043 5616 1098 5671 hi
1159 5631 1192 5671 a
1254 5625 1477 5687 peccato
1529 5617 1902 5683 cessaverint,
1964 5617 2267 5688 puniantur

688 5708 949 5766 triennali
986 5707 1579 5766 excommunicatione.

768 5798 860 5857 6i.
893 5798 1186 5857 Saecularis
1230 5797 1488 5858 sacerdos
1516 5797 1611 5871 qui
1642 5797 2067 5869 sacriﬁcaverit,
2102 5807 2157 5858 ct
2203 5814 2269 5858 ex

2284 4503 2340 4566 D

2437 4600 2502 4670 ξ’.
2527 4600 2778 4673 Μοναχδς
2797 4602 2858 4655 ὲν
2878 4598 3035 4672 χώρα
3060 4600 3095 4673 ἢ
3120 4597 3370 4668 κοινοὸίῳ
3388 4596 3503 4652 ἄνευ
3518 4590 3601 4662 τῆς
3615 4584 3693 4640 τοῦ
3709 4583 3842 4653 ἡγου-

2368 4694 2533 4767 μένου
2570 4694 2736 4765 εὐχῆς
2755 4691 3042 4765 κοιμηθεὶς
3069 4690 3201 4762 μίαν
3233 4689 3483 4758 ἑσπέραν,
3511 4682 3628 4737 ἔστω
3662 4674 3841 4745 ἱστάμε-

2364 4802 2456 4851 νος
2474 4784 2645 4840 νύκτα
2673 4783 2989 4855 όλόκληρον,
3014 4781 3185 4836 ποιῶν
3225 4777 3503 4853 μετανοίας
3530 4769 3613 4844 ρνί.

2441 4966 2541 5037 εαὀ
2567 4965 2817 5039 Μοναχδς
2847 4965 2906 5020 ἒν
2939 4962 3158 5031 συνάξει
3204 4960 3431 5033 γελάσας
3449 4995 3465 5025 ,
3493 4949 3681 5008 ποιείτω
3714 4955 3840 5016 μετα·

2370 5061 2815 5224 νοιέἱξ-Ἥοναχδς
2851 5148 2885 5221 ἢ
2919 5145 3184 5218 κοσμικδς
3235 5143 3309 5216 μὴ
3344 5141 3415 5196 ὢν
3448 5126 3838 5224 ὲπιτετιμημὲνοιεν

2371 5213 2488 5303 καί.
2521 5213 2804 5315 ἀμελήσας
2836 5213 3052 5313 ἡμέρας
3108 5245 3161 5310 μ’
3201 5213 3841 5309 μὴ’κοινωνῆσαιήνιαυτδν

2372 5336 2687 5413 χωριζέσθω
2710 5336 2812 5403 τῆς
2842 5331 3160 5405 ἐκκλησίας.

2443 5515 2543 5586 ξγ¹ι
2574 5510 2823 5583 Μοναχδς
2855 5508 3157 5583 μοναστρίᾳ
3174 5500 3513 5577 συμφθαρεὶς,
3532 5493 3646 5569 μετὰ
3666 5489 3716 5545 rb
3732 5482 3841 5586 παύ-

2375 5580 2573 5666 σασθαι
2624 5580 2821 5670 αὐτοὺς
2857 5580 2963 5675 τῆς
3008 5580 3300 5676 ἁμαρτίας,
3345 5597 3592 5669 ἐχέτωσαν
3629 5580 3845 5651 ἐπιτίμιον

2372 5700 2769 5773 ἀκοινωνησίας
2792 5698 2888 5771 ἔτη
2911 5704 2982 5769 γ.

2445 5793 2536 5863 ξδ’.
2580 5793 2779 5866 Ἱερεὺς
2806 5790 3067 5863 κοσμικδς
3093 5786 3458 5859 ἱερουργήσας,
3488 5775 3638 5834 καὶὲκ
3674 5776 3843 5837 vim?
