4122 6382
221 285 358 354 1⁸157

1146 286 1397 353 CANON
1436 288 1520 360 IN
1557 287 2113 355 ADORATIONEM
2153 290 2221 358 S.
2256 290 2556 363 CRUCIS.

3350 292 3487 361 i758

221 400 463 478 μαργίας
498 397 706 473 ἑμέσας
745 400 813 471 τῇ
857 401 997 475 αὐτῇ
1046 400 1252 475 ἡμέρα,
1300 401 1474 475 ιχέτω
1526 402 1832 474 ἐπιτίμιον,

1934 404 2125 476 rapula
2177 403 2266 460 die
2317 405 2510 461 eadem
2542 404 2857 474 vomuerit,
2893 403 3000 462 bac
3036 419 3196 477 poena
3226 407 3488 465 multetur

218 494 436 569 ἡμέρας
469 500 523 564 μ’
555 491 651 548 τοῦ
682 491 758 564 μὴ
790 492 1165 567 ἱερουργῆσαι.

290 588 384 655 ξεν.
410 585 480 641 Εἴ
502 604 588 651 τις
637 586 740 641 ὑπὸ
775 587 871 641 τοῦ
914 587 1161 643 διαϐόλου
1208 587 1619 661 πολεμούμενος
1663 589 1800 645 ἀπο-

221 680 531 752 σκιρτήσει,
567 677 664 731 καὶ
695 677 860 732 πάλιν
890 682 1128 750 πραφῇ,
1159 680 1274 751 ἔχει
1306 681 1584 751 ἐπιτίμιον
1607 682 1799 753 χρόνον

218 772 335 825 ινα.
369 769 431 824 Et
451 770 510 824 δὲ
539 770 632 822 καὶ
662 770 742 833 είς
772 769 872 841 τὴν
894 768 1042 840 ὥραν
1060 768 1155 825 τοῦ
1186 770 1419 826 θανάτου
1449 770 1617 825 αὐτοῦ
1643 788 1803 842 μετα-

221 864 427 932 νοήσει,
462 861 677 933 δέχεται
703 860 865 915 αὑτὸν
906 862 936 915 6
974 862 1143 927 Θεός·
1176 863 1378 937 ἠλέησε
1419 862 1527 936 γὰρ
1574 864 1736 918 αὑτὸν
1772 864 1803 919 6

223 955 461 1027 Χριστὸς
510 954 703 1008 εἰπών’
749 954 909 1025 Χαρά
959 956 1169 1025 γίνεται
1207 957 1268 1012 ἐν
1322 957 1537 1030 ούρανῷ
1584 957 1678 1013 ἐπὶ
1723 957 1805 1011 ἐνὶ

207 1050 261 1123 ,ἀ
268 1065 342 1118 μα
348 1045 536 1120 ρτωλῷ
572 1043 941 1117 μενανοοῦντι.

1908 506 1967 553 ut
1992 496 2354 569 quadraginta
2384 495 2579 553 diebus
2604 498 2971 554 sacriﬁcando
3000 499 3074 554 sit
3104 498 3450 557 interdictus.

1976 590 2066 646 65.
2102 589 2162 645 Si
2208 591 2335 662 quis
2387 600 2734 663 oppugnatus
2781 606 2812 646 a
2854 590 3073 646 diabolo
3101 592 3490 661 pt'azvaricatus

1907 682 2095 749 fuerit,
2136 684 2232 740 sed
2276 692 2468 755 postea
2504 684 2817 754 resipuerit,
2843 683 2973 738 anni
3010 682 3172 737 unius
3212 684 3487 752 paeniten-

1910 776 1983 832 tia
2010 775 2290 831 multetur.
2327 774 2485 842 Quod
2506 777 2553 831 si
2586 787 2769 832 tamen
2800 776 2852 830 in
2879 775 3001 845 ipso
3035 774 3230 829 mortis
3257 774 3489 827 arlit'ttio

1909 868 2245 940 pmnituerit,
2295 867 2490 938 recipit
2521 884 2645 922 eunt
2697 866 2864 922 Deus.
2902 865 3146 936 Namque
3174 865 3223 919 ei
3273 867 3485 919 veniam

1911 961 2140 1017 contulit
2161 959 2414 1016 Christus
2443 959 2628 1015 verbis
2665 959 2773 1015 illis
2803 978 2818 1015 :
2850 957 3119 1014 Gaudium
3159 966 3242 1012 est
3272 956 3326 1012 in
3349 957 3490 1012 coelo

1913 1067 2081 1123 super
2113 1067 2224 1107 uno
2257 1060 2546 1123 peccatore
2583 1050 2961 1123 posnitentiam
2999 1057 3216 1118 agente.

434 1233 3482 1274 ῃ

1502 1395 1642 1451 ΤΟΥ
1685 1395 1893 1450 ΑΓῙΟΥ
1951 1394 2224 1449 ΠΑΤΡΟΣ

805 1566 1618 1687 ΘΕΟΔΩΡΟΥ
1688 1565 1991 1682 ΤΟΥ
2048 1565 2892 1685 ΣΤΟΥΔΙΤΟΥ

778 1792 1166 1881 ΚΑΝΩΝ
1220 1790 1393 1880 ΕΙΣ
1420 1791 1651 1879 ΤΗΝ
1688 1788 2941 1883 ΣΤΑΥΡΟΠΡΟΣΚΥΝΗΣΙΝ.

877 2145 997 2260 S.
1109 2149 1237 2260 P.
1353 2145 2094 2262 THEODORI
2188 2146 2866 2265 STUDlT/E

814 2385 1208 2482 CANON
1286 2388 1416 2479 IN
1490 2384 2372 2478 ADORATIONEM
2449 2386 2905 2478 CRUCIS.

1309 2581 1609 2656 (Gss'rssn.
1648 2582 1722 2639 De
1762 2581 1952 2648 Cruce,
1989 2591 2032 2639 t.
2076 2581 2168 2650 Ill,
2199 2598 2258 2655 p,
2289 2582 2441 2655 52L)

918 2888 1052 2963 om
1088 2890 1163 2947 A'.

312 2983 692 3059 Πανηγύρεως
718 2982 923 3056 ἡμέρα.
969 2984 1048 3055 Τῇ
1080 2984 1296 3056 ὲγίρσει
1325 2986 1564 3058 Χριστοῦ
1600 2988 1829 3056 θάνατος

235 3077 482 3151 φροῦδος
539 3075 717 3147 ὤφθη,
781 3074 929 3146 ζωῆς
988 3074 1263 3129 ἀνέτειλεν
1326 3077 1491 3149 αὐγὴ,
1559 3080 1588 3134 6
1657 3080 1831 3154 Ἀδάμ

230 3167 551 3237 ἐξαναστὰς
581 3165 796 3241 χορεύει
834 3167 1003 3239 χαρᾷ,
1038 3164 1120 3219 διὸ
1162 3165 1521 3240 ἀλαλάζωμεν
1563 3170 1832 3227 ἐπινίκιον

225 3261 421 3336 ᾇδοντε
438 3276 488 3324 ς.

300 3355 423 3426 Προ
445 3350 760 3421 σκυνὴσεως
800 3350 986 3421 ἡμέρα
1031 3350 1123 3407 τοῦ
1163 3352 1346 3423 τιμίου
1381 3353 1639 3425 σταυροῦ,
1670 3354 1831 3411 δεῦτε

230 3446 375 3517 πρὸς
405 3440 614 3498 τοῦτον
640 3441 863 3504 πάντες.
887 3442 1000 3513 Τῆς
1027 3442 1136 3513 γὰρ
1157 3444 1432 3515 ὲγέρσεως
1460 3445 1698 3517 Χριστοῦ
1731 3445 1831 3511 τὰς

238 3536 421 3605 αὐγὰς
448 3532 774 3605 φαηούολῶν
799 3533 1117 3605 προτίθεται
1136 3534 1255 3601 νῦν,
1273 3534 1437 3590 αὑτὸν
1456 3535 1834 3607 ἀσπασώμεθα

237 3629 504 3704 ψυχικῶς
534 3626 914 3697 ἀγαλλόμενοι.

330 3719 692 3790 Ἐπιφάνηθι,
712 3720 743 3772 6
781 3719 956 3790 μέγας
1003 3718 1100 3774 τοῦ
1124 3719 1332 3791 Κυρίου
1365 3720 1617 3793 σταυρός.
1651 3719 1835 3786 Δεῖξόν

245 3830 341 3884 μοι
408 3811 540 3881 ὄψιν
592 3810 744 3864 θείαν
802 3804 902 3879 τῆς
958 3808 1291 3882 ὡραιότητός
1352 3826 1446 3863 σου
1512 3809 1629 3877 νῦν,
1686 3810 1837 3877 ἄξιον

244 3898 541 3976 [ἀξίωσον]
575 3900 960 3971 προσκυνητὴν
1012 3898 1272 3965 αίνέσεώς
1321 3917 1439 3956 σου.
1482 3902 1593 3956 Καὶ
1620 3903 1730 3973 γὰρ
1761 3902 1840 3969 ὡς

242 3995 489 4068 ἐμψύχῳ
516 4009 622 4055 σοι,
650 3994 745 4047 καὶ
772 3991 960 4062 φωνῶ,
989 3991 1085 4046 καὶ
1109 3991 1587 4063 προσπτύσσομαι.

318 4087 713 4144 Δίνεσάτωσαν
764 4082 1069 4156 συμφώνως
1108 4084 1358 4156 οὐρανὸς,
1412 4085 1506 4139 καὶ
1544 4086 1579 4157 ὴ
1629 4085 1723 4157 γῆ,
1755 4085 1840 4141 ὅτι

2598 2890 2737 2948 ODA
2774 2892 2819 2950 1.

1998 2985 2125 3043 Dies
2153 2985 2356 3042 laetitia
2386 2995 2489 3043 est.
2513 2986 2718 3043 Christi
2751 2986 3170 3044 resuscitatione
3194 3003 3343 3045 mors
3372 3005 3506 3047 eva-

1928 3081 2067 3143 nuit,
2103 3079 2224 3134 vitaa
2253 3078 2513 3149 splendor
2539 3078 2788 3146 exstitit;
2825 3079 2999 3134 Adam
3034 3096 3327 3151 resurgens
3373 3097 3503 3137 cum

1930 3169 2129 3241 gaudio
2149 3169 2381 3224 choreas
2403 3168 2571 3232 ducit,
2615 3177 2899 3240 propterea
2919 3169 3219 3241 jubilemus
3256 3171 3504 3230 victricia

1930 3262 2178 3319 carmina
2200 3261 2578 3316 concinentes.

1998 3354 2233 3412 Advenit
2266 3354 2383 3409 dies
2412 3352 2678 3409 adorandi
2708 3353 3008 3424 pretiosam
3033 3338 3254 3407 crucem
3281 3368 3298 3419 ;
3322 3352 3511 3409 adeste

1932 3460 2144 3503 omnes.
2172 3445 2396 3501 Jaciens
2429 3443 2576 3500 enim
2610 3442 3039 3499 resurrectionis
3061 3441 3265 3497 Christi
3300 3442 3513 3498 lucidos

1936 3541 2149 3605 radios,
2178 3555 2326 3597 nunc
2363 3546 2607 3612 prostat;
2636 3553 2758 3593 eam
2783 3536 3015 3608 proinde
3045 3535 3276 3607 spiritali
3313 3536 3513 3607 gaudio

1934 3630 2082 3703 pleni
2109 3631 2504 3701 amplectamur
2535 3637 2590 3684 et
2614 3628 3024 3683 exosculemur.

2006 3721 2306 3795 Appareto,
2332 3737 2366 3776 o
2390 3721 2658 3776 immensa
2698 3718 2916 3774 Domini
2945 3733 3103 3782 crux,
3126 3717 3354 3773 ostende
3379 3715 3516 3772 mihi

1938 3828 2090 3871 nunc
2122 3813 2363 3868 divinam
2394 3811 2590 3866 faciem
2616 3807 2923 3865 venustatis
2949 3815 3075 3861 tute.
3110 3807 3346 3878 Dignare
3384 3807 3518 3860 ado-

1940 3910 2207 3965 ratorem,
2235 3906 2295 3955 ut
2318 3898 2592 3969 praeconia
2619 3905 2717 3951 tua
2740 3896 3014 3951 decantet.
3055 3892 3190 3948 Nam
3224 3903 3282 3949 ut
3310 3909 3433 3948 cum
3460 3908 3519 3947 re

1942 3995 2186 4051 animata
2208 4001 2388 4049 tecum
2416 3991 2638 4063 loquor,
2672 3997 2838 4059 teque
2871 3988 3196 4059 amplector.

2015 4084 2229 4141 Laudes
2257 4098 2497 4139 consona
2530 4095 2667 4137 voce
2701 4080 2993 4137 decantent
3017 4078 3217 4133 coelum
3263 4085 3318 4133 et
3351 4086 3518 4142 terra,

244 4182 553 4255 πρόκειται
580 4179 745 4233 πᾶσιν
768 4180 797 4233 6
818 4177 1280 4248 παμμακάριστος
1302 4177 1552 4249 σταυρὸς,
1577 4169 1621 4245 ᾧ
1641 4177 1832 4247 παγεὶς

1946 4175 2075 4244 quia
2098 4172 2356 4229 omnibus
2386 4186 2524 4227 crux
2540 4170 2858 4227 beatissima
2893 4168 3173 4240 proposita
3207 4176 3313 4234 est,
3343 4167 3398 4220 in
3415 4180 3522 4235 qua

251 4243 596 4348 σωματικῶς
628 4270 795 4340 ἐτύθη
833 4243 1283 4343 Χριστδςίαύτὸν
1316 4243 1695 4342 ἀσπασώμεθα
1733 4243 1832 4341 ⁷ψυε

1945 4267 2202 4325 Christus
2237 4281 2340 4321 suo
2378 4278 2611 4335 corpore
2665 4263 2809 4320 fixus
2850 4260 3165 4317 immolatus
3205 4268 3309 4325 est,
3348 4258 3522 4329 ipsam

250 4367 432 4442 χικῶς
456 4362 846 4436 ἀγαλλόμενοι.

904 4453 1231 4524 τριαδικόν.

322 4551 399 4607 *Ω
429 4551 608 4623 Τριάς
636 4551 747 4611 τοῖς
787 4530 1185 4623 χαρακτῆρσιν,
1228 4540 1274 4600 ὦ
1319 4543 1486 4617 μονὰς
1525 4548 1595 4619 τῇ
1637 4546 1844 4619 μορφῇ,

250 4647 468 4717 Πάτερ,
522 4642 620 4697 Υἱὲ
676 4643 774 4698 καὶ
822 4643 1065 4714 Πνεῦμα.
1107 4641 1176 4695 Ἡ
1229 4638 1568 4711 ὁμοδύναμος
1620 4638 1745 4705 ἑνάς
1789 4640 1849 4694 ὲν

255 4737 459 4813 βουλῇ,
489 4736 587 4790 καὶ
622 4735 861 4807 θελήσει,
906 4736 1003 4791 καὶ
1042 4735 1279 4807 κράτους
1327 4732 1493 4803 ἀρχῇ,
1523 4729 1616 4786 τὸν
1641 4729 1849 4804 κόσμον

256 4847 358 4885 σου
388 4828 661 4899 φύλαττε,
686 4827 787 4899 τὴν
816 4828 1043 4899 εἰρήνην
1071 4822 1439 4897 βραϐεύουσα.

893 4916 1229 4972 Θεοτόκιον.

334 5011 553 5082 Πεῖραν
581 5008 719 5074 ὅλως
750 5009 785 5080 ἡ
805 5008 1079 5081 Παρθένος
1116 5008 1192 5080 μὴ
1223 5007 1399 5061 εἰδυῖα
1423 5001 1636 5077 ἀνδρὸς,
1676 5002 1852 5058 iam-=-

260 5121 359 5179 ρον
408 5102 624 5167 τίκτεις
678 5100 899 5172 βρέφος,
936 5099 1206 5171 ἄχραντον
1255 5099 1441 5170 φέρεις
1486 5094 1728 5159 τοκετδν,
1762 5092 1856 5148 τὸν

258 5197 377 5251 τῶν
429 5194 576 5249 ὅλων
618 5190 848 5264 ποιητὴν
883 5190 1117 5264 Χριστὸν
1148 5190 1240 5243 τὸν
1269 5188 1423 5254 Θεὸν,
1471 5186 1634 5241 αὑτὸν
1663 5185 1856 5240 ἔκδυσ-

259 5289 498 5360 ὠπησον
526 5283 844 5355 είρηνεῦσαι
867 5282 938 5337 τά
968 5281 1279 5353 σύμπαντα.

887 5376 1250 5433 Καταόασία.

347 5471 413 5527 ὐ
440 5469 723 5529 θειότατος
748 5469 1104 5543 προετύπωσε
1123 5467 1291 5522 πάλαι
1310 5465 1515 5535 Μωσῆς
1538 5465 1596 5518 ἐν
1624 5461 1863 5535 Ἐρυθρᾷ

1947 4359 2091 4417 latis
2128 4356 2406 4413 mentibus
2430 4354 2765 4413 osculemur.

2570 4444 2898 4502 Triadicum.

2011 4538 2058 4601 0
2106 4542 2350 4599 Trinitas
2387 4538 2661 4612 personis,
2732 4550 2767 4593 ο
2816 4535 2998 4592 unitas
3064 4540 3285 4597 natura,
3345 4528 3526 4593 Pater,

1947 4637 2075 4702 Fili,
2108 4645 2164 4693 et
2192 4636 2429 4708 Spiritus
2452 4639 2661 4690 sancte.
2686 4628 2881 4686 Unitas
2905 4629 3150 4700 ejusdem
3178 4634 3233 4681 et
3304 4623 3530 4693 aequalis

1948 4730 2207 4804 potentiae
2280 4726 2538 4794 consilio,
2609 4723 2916 4790 voluntate,
2954 4726 3242 4792 potestate,
3301 4716 3531 4787 imperio

1950 4821 2217 4881 mundum
2249 4827 2407 4877 tuum
2449 4816 2692 4883 custodi,
2720 4829 3021 4885 pacemque
3058 4810 3322 4868 concede.

2571 4908 2934 4965 Theotocium.

2027 5004 2268 5063 Omnino
2302 5016 2502 5073 expers
2525 4999 2654 5065 viri,
2686 4999 2806 5055 sine
2828 4996 3037 5053 semine
3054 4994 3206 5067 paris
3242 4991 3535 5052 infantem,

1953 5108 2283 5172 partumque
2328 5094 2475 5168 geris
2505 5092 2943 5154 immaculatum,
2972 5087 3236 5160 {omnium
3282 5084 3531 5139 coutiiln-

1960 5206 2074 5245 rem
2089 5188 2370 5245 Christum
2391 5186 2586 5252 Deum,
2610 5182 2791 5255 ipsum
2808 5195 2999 5248 exora,
3023 5187 3083 5234 ut
3103 5177 3317 5234 cunctis
3349 5188 3535 5243 pacem

1957 5281 2246 5354 largiatur.

2582 5365 2897 5424 Catabasia.

2032 5465 2176 5521 Olim
2205 5448 2425 5521 divinus
2449 5458 2666 5533 Moyses
2722 5456 3089 5530 praeﬁguravit
3118 5468 3333 5509 crucem
3367 5459 3538 5514 tuam,

263 5568 524 5635 θαλάσσῃ
557 5540 887 5629 διαϐιϐάσας
929 5560 1146 5634 Ἰσραὴλ
1194 5558 1285 5613 τὸν
1334 5556 1564 5628 σταυρόν
1605 5572 1724 5621 σου,
1758 5556 1832 5626 τὴε

1934 5600 1940 5636 ,
1966 5554 2261 5609 traducens
2288 5550 2557 5623 populum
2580 5547 2944 5604 lsraeliticutn
2968 5559 3066 5615 per:
3096 5558 3245 5597 mare
3268 5540 3539 5601 Rubrum,

263 5658 450 5731 ὑγρὰν
479 5658 551 5727 τῇ
578 5655 760 5725 ῥάϐδῳ
787 5653 993 5729 τεμὼν,
1018 5653 1163 5727 ᾠδήν
1181 5668 1265 5706 σοι
1291 5648 1491 5716 ἐξόδιον
1511 5647 1861 5720 ἀναμέλπων,

264 5750 484 5821 Χριστὲ
512 5750 543 5804 6
572 5748 729 5813 Θεός.

1970 5648 2121 5719 virga
2154 5644 2313 5718 aquis
2332 5642 2556 5709 divisis;
2589 5640 2863 5696 canticum
2885 5637 3068 5694 exitus
3088 5631 3395 5694 celebrandi
3419 5643 3546 5702 gra-

1968 5740 2045 5797 tia
2074 5737 2193 5801 tibi.
2234 5735 2449 5795 Christe
2477 5732 2639 5796 Deus,
2666 5731 2990 5789 decantatis.
