4122 6382
683 345 824 417 I759

1369 457 1508 517 ODA
1545 457 1613 517 Π.

750 553 972 616 Adeste,
1008 567 1212 607 novum
1244 553 1522 608 canticum
1579 561 1888 618 cantemus,
1927 552 2266 608 destructio-

681 663 804 702 nem
831 645 1026 702 inferni
1058 645 1416 702 celebrantes.
1452 643 1589 700 Nam
1619 643 1874 700 Christus
1909 659 1976 699 ex
2015 642 2268 714 sepulcro

681 740 916 806 exstitit,
949 739 1162 794 devicta
1185 745 1387 803 morte,
1419 737 1788 808 omnibusque
1820 737 2064 792 salvatis.

751 838 954 891 Adeste
993 835 1197 900 ﬁdeles,
1249 833 1574 889 hanriamus
1613 850 1680 890 ex
1728 833 1877 889 fonte
1932 834 2269 892 scaturiente

678 942 792 981 non
824 941 1022 996 aquam
1054 925 1498 994 corruptibilem,
1541 925 1634 979 sed
1669 921 1871 980 fontem
1901 924 2268 983 illuminatio-

682 1019 790 1083 nis,
825 1017 1147 1072 adoratione
1173 1017 1379 1078 crucis.
1405 1017 1458 1072 in
1481 1032 1590 1087 qua
1613 1025 1667 1072 et
1695 1016 2019 1088 gloriamur.

742 1106 916 1173 Quam
940 1107 1072 1161 olim
1101 1105 1315 1178 Moyses
1340 1107 1598 1164 matribus
1633 1108 2018 1180 przeligurabat
2044 1125 2264 1165 crucem

681 1201 834 1250 tuam
869 1210 1014 1250 nunc
1034 1195 1372 1260 osculantes,
1397 1195 1624 1249 Amalec
1653 1196 1953 1266 spiritalem
1997 1197 2050 1251 in
2083 1196 2265 1266 fugam

677 1283 971 1349 Vertimus,
1003 1282 1257 1347 Domine,
1290 1298 1388 1354 per
1413 1299 1577 1354 quam
1604 1286 1768 1339 etiam
1820 1285 2016 1340 salvati
2047 1299 2263 1342 sumus.

748 1376 936 1434 Oculis
979 1387 1034 1433 et
1068 1377 1229 1434 labiis
1257 1378 1412 1448 puris
1449 1378 1831 1434 exsultationis
1868 1380 2038 1435 melos
2069 1381 2264 1436 modu-

681 1470 860 1527 lantes
889 1470 1104 1526 Domini
1135 1485 1356 1528 crucem
1391 1487 1520 1527 cum
1551 1473 1752 1544 gaudio
1791 1473 2085 1531 adoremus
2111 1476 2267 1547 plau-

681 1559 875 1616 dentes
903 1560 960 1614 in
997 1559 1250 1616 canticis.

1296 1647 1625 1704 Triadicum.

1873 354 1936 414 S.
1973 349 2372 415 THEODORI
2409 349 2764 417 STUDITR

2300 462 2355 524 A

3833 356 3970 424 1760

3049 459 3183 534 om
3217 459 3289 519 tr.

2439 552 2634 619 Δεῦτε,
2665 549 2822 626 ᾆσμα
2845 551 3069 624 ᾀσωμεν
3112 553 3301 607 καινὸν
3346 551 3450 619 τὴν
3489 553 3795 608 κατάλυσιν
3839 555 3970 626 ᾅδου

2370 645 2862 718 πανηγυρίζοντες.
2919 645 3016 698 Ἐκ
3065 645 3176 715 γὰρ
3219 644 3317 699 τοῦ
3369 645 3545 714 τάφου
3575 645 3821 717 Χριστὸς
3873 649 3970 702 άν-

2370 738 2526 811 έστη,
2556 739 2650 792 τὸν
2675 737 2911 793 θάνατον
2942 735 3080 790 ἐλὼν
3110 737 3207 790 καὶ
3242 736 3425 802 σώσας
3445 739 3516 792 τά
3538 738 3861 808 σύμπαντα.

2439 829 2604 886 Δεῦτε
2637 828 2990 901 ἀρυσώμεθα,
3012 827 3218 891 πιστοὶ,
3249 829 3426 882 οὐκέκ
3447 829 3655 899 κρήνης
3690 828 3967 900 βρυούσης

2369 922 2514 995 ὓδωρ
2549 923 2926 995 φθειρόμενον,
2952 919 3093 975 ἀλλὰ
3138 921 3328 994 πηγὴν
3369 921 3682 992 φωτισμοῦ,
3727 923 3967 993 σταυροῦ

2369 1017 2740 1089 προσκυνήσει
2761 1014 2858 1070 τοῦ
2883 1013 3146 1087 Χριστοῦ,
3181 1016 3240 1068 ὲν
3273 1008 3319 1084 ᾧ
3349 1015 3448 1069 καὶ
3479 1015 3844 1087 καυχώμεθα.

2439 1108 2617 1164 Πάλαι
2645 1108 2705 1162 ὃν
2737 1109 2938 1164 ὶτύπου
2972 1107 3224 1178 Μωῦσῆς
3249 1109 3373 1172 ταῖς
3407 1108 3698 1178 παλάμαις
3729 1112 3968 1180 σταυρόν

2368 1215 2464 1254 σου
2492 1198 2588 1254 νῦν
2617 1200 3151 1272 προσπτυσσόμενοι,
3205 1199 3298 1254 τὸν
3329 1201 3520 1273 νοητὸν
3561 1202 3821 1273 Ἀμαλὴκ
3847 1220 3971 1275 τρο-

2367 1291 2645 1362 πούμεθα,
2667 1293 2913 1346 Δέσποτα
2943 1291 3139 1364 Κύριε,
3161 1291 3232 1346 δι’
3256 1283 3320 1346 οὗ
3349 1294 3444 1346 καὶ
3471 1291 3824 1362 σεσὼσμεθα.

2441 1385 2694 1453 Ὄμμασι
2737 1383 2836 1437 καὶ
2871 1383 3112 1454 χείλεσιν
3141 1385 3329 1453 ἁγνοῖς
3356 1385 3758 1454 άνακρούοντες
3804 1384 3969 1459 μέλρς

2364 1473 2762 1542 ἀγαλλιάσεως,
2783 1473 2878 1529 τὸν
2906 1473 3002 1528 τοῦ
3034 1475 3244 1547 Κυρίου
3274 1475 3508 1544 σταυρὸν
3542 1476 3690 1547 χαρᾷ
3717 1493 3968 1548 προσκυ-

2366 1566 2621 1637 νήσωμεν
2649 1566 2832 1620 πιστοὶ
2860 1565 3184 1638 κροτοῦντες
3211 1568 3271 1620 ἐν
3301 1566 3565 1640 ᾅσμασιν.

2951 1657 3282 1726 Τριαδικόν.

752 1740 934 1798 Unum
961 1741 1014 1798 in
1046 1741 1222 1798 tribus
1244 1742 1632 1814 hypostasibus
1676 1741 1848 1798 Deum
1884 1743 2140 1816 principii
2165 1758 2262 1800 ex-

2359 1722 2370 1795 Ι
2437 1746 2576 1802 Ἕνα
2606 1747 2941 1804 ὑποστάσεσι
2970 1722 3122 1820 τρισὶ
3146 1748 3280 1803 Θεὸν
3309 1749 3547 1820 ἄναρχον
3580 1749 3751 1813 σέϐω,
3779 1751 3862 1822 μὴ
3892 1750 3971 1803 διο

675 1839 888 1901 pertem
923 1831 1066 1896 colo,
1112 1845 1218 1902 non
1255 1812 1552 1885 discretum
1607 1831 1847 1888 essentia
1879 1812 2121 1898 Patrem,
2173 1831 2262 1889 Fi-

2367 1838 2695 1910 αιρούμενον
2733 1841 2800 1912 τῇ
2831 1843 2931 1912 τῆς
2957 1812 3148 1906 οὗσίας
3177 1841 3360 1912 μορφῇ
3407 1812 3651 1913 Πατέρα,
3687 1812 3971 1906 flammat

675 1919 842 1989 lium,
885 1935 939 1978 et
982 1923 1246 1993 Spiritum
1294 1922 1596 1992 viviﬁcum,
1649 1924 1704 1978 in
1753 1939 1989 1996 quorum
2041 1925 2262 1984 nomine

2366 1929 2598 2002 Πνεῦμα
2627 1931 2760 1998 ζῶν,
2793 1933 2854 1986 ἐν
2879 1927 2962 1996 οἷς
2996 1931 3432 2004 βεϐαπτίσμεθα.

680 2016 942 2086 haptizati
972 2030 1170 2072 sumus

1288 2109 1652 2169 Theotocium.

752 2203 812 2258 ln
836 2203 974 2258 rubo
1023 2203 1152 2259 olim
1217 2203 1434 2276 Moyses
1499 2202 1820 2275 mysterium
1878 2209 2030 2257 tuum
2083 2199 2265 2272 typiee

676 2291 837 2358 vidit,
878 2311 911 2350 ο
941 2296 1272 2351 veneranda.
1314 2294 1382 2351 Ut
1407 2296 1553 2350 enim
1592 2296 1743 2349 illum
1771 2294 2014 2360 ﬂamma,
2042 2293 2122 2351 sic
2143 2300 2266 2350 ute-

675 2395 803 2442 rum
839 2396 992 2444 tuum
1027 2391 1168 2462 ignis
1199 2390 1510 2447 Divinitatis
1549 2407 1658 2446 non
1689 2390 1925 2448 adussit.

1312 2481 1626 2537 Catabasia.

743 2571 1020 2628 Conﬁrma
1042 2590 1148 2642 me,
1186 2574 1438 2640 Domine,
1466 2590 1632 2630 cruce
1661 2584 1753 2630 tua
1777 2575 1831 2629 in
1853 2582 2005 2645 petra
2028 2571 2173 2642 ﬁdei,
2191 2588 2262 2631 ne

676 2681 833 2722 inens
872 2682 990 2722 mea
1031 2667 1398 2738 impressione
1437 2667 1648 2723 inimici
1683 2668 2052 2724 concutiatur.
2099 2667 2260 2728 Bolus

672 2759 823 2815 enim
859 2768 1085 2816 sanctus
1114 2775 1195 2816 es.

1339 2870 1479 2932 ODA
1515 2871 1612 2932 ΠΙ.

741 2990 881 3046 Ecce
911 2989 1152 3046 surrexit
1181 2990 1458 3058 Christus,
1495 2992 1574 3046 ait
1613 2990 1855 3062 Angelus
1879 2991 1946 3046 ad
1973 2991 2254 3059 mulieres,

675 3097 797 3152 quae
825 3093 1099 3153 unguenta
1123 3082 1423 3138 aﬂ'erebant
1448 3100 1463 3138 :
1488 3082 1563 3138 Ne
1583 3083 1827 3153 ploretis.
1855 3082 2063 3140 Euntes
2087 3083 2256 3140 dicite

2989 2113 3329 2169 Θεοτόκιον.

2447 2207 2538 2261 Ἕν
2571 2205 2721 2279 βάτῳ
2759 2205 2969 2278 Μωσῆς
3008 2225 3106 2262 σου
3133 2208 3382 2272 τυπικῶς
3418 2211 3480 2262 τό
3517 2209 3816 2279 μυστήριον
3851 2206 3962 2260 πάι

2363 2297 2477 2364 λαι,
2513 2297 2710 2368 σεμνὴ,
2746 2297 3014 2370 ἑώρακεν.
3061 2298 3152 2364 Ὠς
3201 2300 3314 2372 γάρ
3360 2299 3576 2370 ἐκείνην
3619 2302 3653 2370 ἠ
3705 2298 3871 2368 φλὸξ,
3906 2299 3972 2350 τὸ

2362 2387 2478 2461 πῦρ
2506 2387 2765 2459 θεότητος
2793 2388 2896 2460 τὴν
2930 2389 3032 2460 σὴν
3055 2389 3225 2458 νηδὺν
3245 2391 3309 2444 οὑ
3338 2390 3685 2461 κατέφλεξεν.

2977 2483 3345 2538 Καταϐασία.

2433 2573 2767 2646 Στερέωσον,
2795 2573 3048 2628 Δέσποτα
3070 2574 3265 2644 Κύριε,
3289 2573 3371 2644 τῷ
3398 2573 3618 2645 σταυρῷ
3647 2591 3744 2629 σου
3776 2576 3834 2628 ὲν
3859 2573 3970 2626 πέ-

2358 2682 2466 2740 τρᾳ
2489 2683 2558 2736 με
2577 2669 2644 2738 τῇ
2663 2667 2760 2738 τῆς
2773 2667 3035 2732 πίστεως,
3053 2668 3128 2737 μὴ
3147 2666 3476 2738 σαλευθῆναι
3491 2667 3584 2719 τὸν
3605 2665 3734 2720 νοῦν
3755 2665 3970 2736 ἐχθροῦ

2359 2759 2694 2831 προσϐολαῖς
2723 2758 2818 2814 τοῦ
2840 2757 3163 2832 δυσμενοῦς.
3200 2758 3379 2824 Μόνος
3407 2759 3520 2832 γὰρ
3545 2754 3597 2814 εἷ
3627 2759 3806 2828 ἅγιος.

3013 2873 3149 2945 nan
3191 2872 3268 2928 ιν.

2438 2980 2571 3037 ’ἰδοὺ
2596 2981 2798 3054 άνέστη
2825 2985 2854 3036 ὁ
2873 2983 3134 3053 Χριστὸς,
3162 2985 3284 3048 ταῖς
3328 2983 3664 3057 μυροφόροις
3705 2984 3968 3055 γυναιξὶν

2357 3073 2589 3144 ἄγγελός
2625 3086 2780 3146 φησι⁶
2810 3073 2902 3146 Μή
2933 3075 3204 3146 θρηνεῖτε,
3235 3077 3565 3150 πορεύθητε,
3599 3079 3796 3132 εῖπατε
3841 3079 3966 3142 τοῖς

674 3175 938 3245 apostolis
965 3193 978 3230 :
1007 3174 1272 3242 Gaudete,
1301 3175 1464 3230 hodie
1499 3176 1649 3230 salus
1684 3176 1890 3230 mundo
1923 3176 2126 3232 accidit
2156 3195 2170 3232 :
2201 3185 2256 3233 et

2359 3168 2694 3233 ἀποστόλοις
2729 3167 2990 3241 Χαίρετε,
3019 3169 3261 3241 σήμερον
3293 3171 3542 3243 σωτηρία
3565 3171 3645 3244 τῷ
3679 3172 3897 3243 κόσμῳ,
3921 3172 3960 3244 ὴ

675 3268 924 3339 tyrannis
959 3267 1166 3322 inimici
1215 3283 1311 3338 per
1341 3275 1573 3321 mortem
1596 3267 1864 3323 dissoluta
1889 3277 1993 3322 est.

742 3357 982 3414 Vivilicte
1021 3359 1205 3414 crucis
1263 3368 1371 3414 tua:
1431 3358 1697 3414 hodierna
1754 3360 1843 3415 die
1889 3361 2258 3418 celebritatem
2313 3429 2326 3440 κ

673 3450 960 3513 obeuntes.
1005 3451 1375 3522 prolusionem
1397 3452 1694 3523 quamdam
1738 3451 2078 3510 instituimus
2129 3469 2262 3510 san-

673 3543 936 3598 ctissima‘.
965 3544 1238 3613 passionis
1261 3553 1386 3611 tuae,
1412 3559 1576 3615 quam
1607 3552 1668 3600 ut
1694 3545 2060 3617 omnipotens,
2083 3545 2141 3602 in
2165 3563 2262 3604 sa-

668 3637 840 3692 lutem
873 3637 1061 3692 mundi
1096 3647 1358 3709 operatus
1383 3652 1468 3695 es.

736 3788 911 3852 llodie
954 3795 1212 3867 gaudium
1256 3795 1474 3852 exsistit
1513 3794 1567 3850 in
1611 3795 1754 3853 coelo
1807 3803 1864 3852 et
1919 3805 2086 3863 terra,
2124 3797 2258 3870 quia

665 3889 853 3945 crucis
890 3889 1110 3960 signum
1153 3887 1362 3944 mundo
1405 3888 1699 3953 illucescit,
1759 3903 1896 3944 crux
1935 3896 2017 3944 ter
2068 3889 2256 3958 beata;

664 3999 792 4055 qua:
818 3981 1100 4052 proposita
1123 3981 1356 4052 gratiam
1388 3995 1685 4052 perennem
1722 3981 1913 4038 stillat.

743 4159 884 4228 Quid
937 4159 1055 4224 tibi,
1101 4160 1351 4226 Christe,
1409 4161 1802 4227 retribnemus,
1839 4160 1986 4232 quod
2040 4161 2256 4232 copiam

673 4253 833 4308 nobis
873 4249 1052 4308 fecisti
1094 4253 1463 4308 venerandam
1501 4268 1724 4309 crucem
1767 4262 1916 4308 tuam
1965 4253 2254 4321 adorandi,

673 4345 726 4398 in
773 4358 880 4413 qua
922 4344 1305 4399 sanctissimus
1340 4353 1467 4399 tuus
1505 4346 1731 4415 sanguis
1781 4343 1993 4401 ellusus
2027 4354 2131 4412 est,
2165 4346 2255 4401 cui

669 4439 834 4494 ctiam
871 4454 1000 4496 caro
1040 4447 1132 4494 tua
1162 4439 1334 4495 clavis
1380 4448 1465 4496 est
1497 4440 1701 4495 allisa?
1733 4455 1900 4512 quam
1935 4440 2255 4497 osculantes

670 4533 878 4604 gratias
908 4531 1002 4588 tibi
1034 4532 1422 4604 persolvimus.

1303 4625 1637 4681 Triadicum.

739 4714 916 4775 Unius
939 4718 1157 4775 deitatis
1190 4727 1302 4774 tres
1333 4720 1658 4792 hypostases
1687 4720 2090 4778 indivisihiliter
2117 4723 2256 4780 sim-

2274 4515 2330 4578 D

2362 3261 2622 3332 τυραννὶς
2642 3259 2738 3314 τοῦ
2767 3259 2967 3332 ἐχθροῦ
2998 3259 3231 3316 θανάτου
3263 3262 3506 3317 λέλυται.

2433 3353 2542 3408 Τοῦ
2586 3353 2873 3426 ζωηφόρου
2922 3372 3016 3408 σου
3070 3353 3307 3426 σταυροῦ
3354 3355 3454 3428 τὴν
3504 3358 3959 3428 προσκυνήσιμον

2360 3447 2537 3520 χαρὰν
2584 3448 2846 3519 σήμερον,
2898 3447 3128 3518 Χριστὲ,
3199 3447 3551 3512 ὑπαντῶντες
3615 3450 3955 3521 προπομπήν

2359 3535 2665 3608 ποιούμεθα
2703 3535 2798 3590 τοῦ
2843 3535 3116 3606 παναγίου
3147 3536 3358 3602 πάθους
3392 3555 3513 3600 σου,
3543 3538 3684 3609 ὅπερ
3735 3542 3818 3602 εἰς
3843 3556 3946 3593 σω·-

2358 3630 2555 3702 τηρίαν
2575 3629 2672 3683 τοῦ
2702 3629 2908 3701 κόσμου
2925 3628 3336 3701 ὲναπειργάσω,
3353 3630 3569 3703 Σωτὴρ,
3595 3631 3673 3695 ὡς
3698 3630 3945 3686 παντεδῦ-

2356 3738 2555 3793 ναμος.

2429 3817 2677 3888 Σήμερον
2725 3815 2933 3886 γίνεται
2988 3815 3135 3888 χαρὰ
3183 3817 3243 3872 ιν
3283 3816 3500 3889 οὐρανῷ
3530 3817 3630 3870 καὶ
3695 3815 3792 3870 ἐπὶ
3826 3815 3949 3887 γῆς.

2355 3906 2442 3962 ὅτι
2496 3907 2589 3961 τοῦ
2645 3906 2882 3978 σταυροῦ
2931 3906 2992 3962 τὸ
3040 3909 3272 3978 σημεῖον
3326 3907 3520 3976 κόσμῳ
3563 3905 3951 3977 ἐμφανίζεται.

2357 3999 2598 4072 Σταυρδς
2621 4000 2652 4053 ό
2681 3999 3177 4073 τρισμακάριστος,
3207 3993 3366 4064 οὗτος
3388 3999 3674 4072 προτεθεὶς
3701 3997 3951 4053 ἀναϐλύ-

2355 4091 2442 4158 ζει
2469 4093 2630 4165 χάριν
2658 4091 2910 4151 ἀένναον.

2425 4185 2493 4238 Τί
2515 4202 2599 4240 σοι
2622 4185 3012 4258 προσάξωμεν.
3033 4187 3261 4259 Χριστι,
3287 4187 3371 4240 ὅτι
3397 4185 3488 4240 τὸν
3509 4185 3692 4255 τίμιον
3713 4182 3956 4255 σταυρὸν

2354 4275 2593 4342 δέδωκας
2618 4279 2752 4350 ἡμῖν
2775 4279 3174 4350 προσκυνῆσαι,
3197 4282 3254 4334 ὲν
3283 4273 3329 4348 ᾧ
3353 4278 3414 4333 τὸ
3433 4278 3696 4347 πανάγιον
3717 4292 3955 4330 κατεκε-

2354 4365 2501 4438 νώθη
2550 4359 2693 4439 αἷμά
2731 4385 2848 4432 σου,
2879 4363 2924 4437 ᾧ
2953 4369 3048 4422 καὶ
3084 4371 3120 4440 ή
3149 4369 3288 4442 σάρξ
3331 4386 3426 4422 σου
3455 4368 3602 4440 ἥλοις
3630 4368 3848 4439 suam;
3885 4367 3954 4423 ὃν

2355 4455 2728 4530 ἀσπαζόμενοι
2759 4458 2857 4513 νῦν
2892 4459 3326 4532 εὐχαριστοῦμεν
3359 4477 3463 4516 σοι.

2993 4637 3326 4709 Τριαδικόν.

2424 4726 2576 4790 Μιᾶς
2621 4725 2878 4799 θεότητος
2922 4729 3078 4801 ὑμῶν
3135 4733 3289 4802 τρεῖς
3336 4729 3661 4794 ὑποστάσεις
3717 4726 3949 4800 άμερῶς

670 4813 829 4884 plicis
859 4823 1067 4868 natura:
1102 4813 1338 4883 praedico
1367 4823 1419 4868 et
1446 4830 1708 4884 agnosco,
1745 4815 1966 4871 Patrem
1999 4816 2254 4887 principii

2359 4816 2573 4888 φύσεως
2592 4817 2770 4891 ἁπλῆς
2793 4819 3128 4891 δογματίζω,
3149 4821 3241 4875 τδν
3262 4821 3482 4892 Πατέρα
3505 4823 3764 4892 ἄναρχον,
3787 4819 3943 4884 Tios,

671 4883 975 4972 expertem,
1013 4903 1235 4970 Filium,
1285 4913 1341 4960 et
1365 4883 1628 4976 Spiritum
1667 4919 1953 4974 .sanctum,
2000 4883 2253 4978 ejusdem

2359 4883 2450 4970 καὶ
2474 4913 2700 4983 Πνεῦμα
2727 4883 2910 4981 emi,
2939 4883 3256 4986 σύνθρονον,
3289 4883 3588 4986 κυριότητα
3614 4883 3775 4986 μίαν,
3802 4912 3944 4983 ὀμο-

670 4995 798 5050 ‘s’olii
834 4997 1264 5052 dominationem
1296 5012 1486 5063 unam,
1514 4997 1742 5069 aequalis
1767 4999 2057 5070 potestatis
2089 5015 2252 5056 unam

670 5085 971 5156 potentiam
1003 5087 1415 5157 sempiternam.

1274 5179 1636 5237 Theotocium.

741 5269 868 5324 Sola
901 5278 958 5326 tu
981 5272 1288 5328 castissima
1329 5276 1471 5330 inter
1501 5277 1762 5334 mulieres
1820 5277 2151 5333 miraculum
2192 5291 2254 5334 es

669 5359 986 5418 admirabile
1039 5372 1096 5418 et
1127 5365 1495 5420 tremendum.
1525 5364 1788 5422 Naturam
1837 5368 1982 5423 enim
2031 5368 2249 5425 novasti

666 5452 789 5504 sine
811 5452 1021 5508 semine
1053 5454 1391 5525 concipiens,
1436 5463 1491 5511 et
1520 5465 1644 5527 post
1699 5466 1915 5528 partum
1947 5458 2124 5530 virgo,
2192 5467 2255 5516 ut

669 5551 851 5609 antea,
890 5559 1239 5614 permanens.
1283 5548 1458 5604 Verus
1495 5549 1644 5604 enim
1687 5547 1830 5607 Deus
1855 5563 1960 5618 est,
1982 5553 2076 5624 qui
2105 5568 2173 5608 ex
2200 5561 2253 5609 te

669 5644 833 5692 natus
854 5645 958 5692 est.

1275 5801 1278 5804 ξ
1307 5730 1613 5788 Catabasia.

741 5813 884 5872 Cum
920 5824 996 5877 te.
1026 5834 1061 5875 ο
1093 5826 1286 5890 potens
1342 5811 1423 5876 Sol
1447 5819 1502 5877 in
1525 5833 1690 5880 cruce
1725 5821 2086 5893 conspiceret,
2116 5824 2246 5882 hor-

2353 5005 2628 5062 ϐασίλειον
2652 5002 2711 5058 ἓν
2742 5003 2949 5077 κράτος
2971 5005 3165 5062 ἀΐδιον.

2986 5180 3318 5235 Θεοτόκιον.

2422 5270 2574 5342 Μόνη
2601 5271 2809 5345 ἐφάνης
2834 5271 3111 5344 γυναικῶν
3134 5271 3322 5344 χρῆμα
3347 5267 3772 5338 πανθαύμαστον
3795 5267 3942 5339 ἁγνὴ

2353 5362 2590 5431 πρᾶγμα
2622 5362 2874 5436 φοϐερόν.
2918 5363 3030 5434 Τὴν
3066 5362 3176 5433 γάρ
3207 5361 3368 5430 φύσιν
3404 5361 3470 5414 σὺ
3503 5359 3942 5428 ἐκαινοτόμησας

2352 5453 2480 5508 ἄνευ
2506 5447 2715 5526 σπορᾶς
2745 5457 3022 5527 κυήσασα,
3050 5454 3284 5526 μείνασα
3311 5453 3476 5507 πάλιν
3503 5453 3576 5518 ὡς
3603 5454 3735 5525 πρὶν
3787 5468 3908 5522 παρ

2353 5544 2524 5610 θένος.
2575 5543 2633 5599 ’0
2679 5545 2960 5617 γεννηθεὶς
3008 5545 3117 5616 γὰρ
3171 5548 3237 5598 ὲκ
3281 5543 3378 5598 σοῦ
3428 5544 3562 5609 Θεός
3606 5546 3753 5597 ἐστιν
3799 5543 3914 5610 άλη

2353 5637 2474 5711 θής.

2956 5734 3320 5790 Καταϐασία.

2437 5823 2560 5882 Ἐπὶ
2598 5824 2832 5899 σταυροῦ
2884 5845 2964 5895 σε,
2995 5826 3208 5893 δυνατὶ,
3251 5827 3475 5899 φωστὴρ
3509 5827 3537 5880 ό
3570 5823 3742 5896 μέγας
3793 5838 3942 5878 κατε

4095 2225 4101 2290 l
