4122 6382
160 386 288 454 1761

1112 386 1361 451 CANON
1386 386 1471 450 IN
1508 381 2062 447 ADORATIONEM
2096 382 2157 443 S.
2187 380 2482 443 CRUCIS.

3290 377 3432 448 i762

160 505 282 560 ιδὼν
339 502 530 573 τρόμῳ
593 499 857 572 ὶπαρθεὶς
921 500 1022 565 τὰς
1085 502 1313 567 ἀκτῖνας
1376 499 1736 559 συνέστειλεν.

1852 511 1970 552 rore
1999 497 2285 566 perculsus
2317 493 2499 548 radios
2520 491 2795 549 contraxit
2816 498 2870 549 ot
2891 489 3214 548 abscondit:
3247 496 3431 550 omnis

159 598 381 671 εκρυψε,
409 598 561 652 πᾶσα
588 596 645 650 δὲ
674 597 853 661 κτίσις
897 595 1140 668 ὕμνησεν
1184 597 1245 649 ὲν
1296 594 1448 665 φόϐῳ
1498 595 1598 663 τὴν
1638 597 1741 662 σὴν

162 689 571 764 μακροθυμίαν.
606 690 718 743 Καὶ
745 688 855 761 γάρ
884 687 1128 760 ἐπλήσθη
1155 688 1189 761 ἡ
1216 687 1292 758 γῆ
1319 686 1425 758 τῆς
1454 685 1561 757 σῆς
1591 683 1741 741 alve-

162 801 321 848 σεως.

822 914 957 986 om
995 911 1072 969 A'.

14 1056 15 1135 ξ
128 1074 133 1099 :
196 1055 209 1121 ι
245 1049 548 1113 Ἐνέτειλας
588 1047 697 1103 ἀπὸ
736 1047 837 1102 τοῦ
875 1046 1071 1117 τάφου,
1098 1046 1294 1103 ἄδυτον
1330 1046 1505 1117 φάοςο
1536 1044 1619 1119 τῷ
1645 1045 1742 1101 κό-

164 1161 287 1214 σμῳ
334 1144 663 1213 ἀστράπτων
712 1140 811 1209 τὴν
872 1139 1221 1212 ἀφθαρσίαν,
1267 1138 1599 1209 ὲκμειώσας,
1628 1136 1746 1194 Κύ-

166 1254 271 1309 ριε.
299 1234 532 1291 θανάτου
556 1232 656 1305 τὴν
688 1234 995 1306 κατήφειαν
1027 1235 1094 1288 ὲκ
1120 1232 1230 1288 τῶν
1251 1234 1506 1305 περάτων
1541 1232 1619 1297 ὡς
1651 1230 1745 1286 εὕ-

165 1330 492 1396 σπλαγχνος.

233 1418 632 1491 Προσέλθωμεν
659 1416 1060 1486 κεκαθαρμένοι
1088 1418 1153 1487 τῇ
1179 1415 1495 1488 ἐγκρατείᾳ,
1521 1414 1743 1487 θερμῶς

162 1511 672 1583 προσπτυσσόμενοι
740 1511 799 1562 ὲν
853 1508 1059 1565 αἰνέσει
1108 1507 1267 1575 ξύλον
1327 1508 1388 1561 τὸ
1448 1508 1739 1577 πανάγιον,

162 1608 223 1660 ἐν
270 1598 314 1672 ᾧ
350 1604 584 1674 Χριστὸς
632 1601 1037 1673 σταυρούμενος
1077 1600 1248 1655 ἔσωσε
1279 1601 1504 1673 κόσμον,
1534 1601 1611 1665 ὡς
1652 1599 1743 1655 εῦ-

163 1696 493 1765 σπλαγχνος.

236 1788 567 1860 Χορεύουσιν
596 1788 655 1842 ὲν
690 1785 1000 1860 εὐφροσύνῃ
1027 1785 1272 1854 ἀγγέλων
1294 1784 1479 1852 τάξεις
1502 1784 1742 1856 σήμερον

166 1880 404 1949 σταυροῦ
431 1898 525 1933 σου
556 1882 623 1951 τῇ
651 1878 1040 1950 προσκυνήσει.
1085 1878 1173 1931 Ἐν
1201 1875 1349 1946 αὐτῷ
1378 1876 1487 1947 γὰρ
1513 1875 1768 1995 religat»)

166 1990 271 1995 μ..-
300 1972 397 1995 _L-
426 1971 532 1995 -3.-.
563 1970 773 1995 2..-..1...
789 1986 835 1995 ...
866 1968 964 1995 “Id
980 1985 1157 1995 --.μ-,Α
1206 1967 1389 1995 -.1.-.η
1434 1967 1636 1995 ν-.--ι
1683 1968 1743 1995 ..λ

165 1990 271 2034 κας
298 1972 397 2035 τὰς
425 1971 532 2025 τῶν
560 1970 836 2041 δαιμόνων
864 1968 1177 2041 φάλαγγας,
1205 1967 1411 2035 σώσας,
1433 1967 1658 2039 Χριστὲ,
1682 1968 1745 2021 τὸ

164 2061 534 2133 ἀνθρώπινον.

239 2153 576 2224 Παράδεισος
601 2150 764 2215 ἀλλος
792 2150 1042 2224 ἐγνώσθη
1080 2151 1115 2223 ἠ
1158 2147 1477 2223 Ἐκκλησία,
1503 2148 1581 2214 ὡς
1618 2148 1748 2221 πρὶν

169 2241 328 2308 ξύλον
357 2242 558 2313 ἔχουσα
589 2241 873 2314 ζωηφόρον
901 2242 994 2296 τὸν
1016 2241 1249 2313 σταυρόν
1280 2239 1624 2313 σουνιίύριε.
1658 2237 1752 2304 Ἐξ

165 2327 232 2389 οὗ
266 2332 354 2387 διά
383 2331 800 2404 προσψαύσεως,
834 2331 1137 2397 ἀθανασίας
1169 2332 1489 2403 μετέγομεν.

798 2508 1130 2578 Τριαδικόν.

242 2596 563 2672 Συνάναρχα
583 2597 709 2672 τρία
729 2599 938 2665 δοξάζω
966 2601 1096 2671 μιᾶς
1122 2598 1333 2665 οὐσίας,
1363 2597 1495 2653 Θεὸν
1520 2591 1612 2654 τὸν
1643 2600 1756 2653 Πα-

169 2691 328 2761 τέρα,
352 2691 479 2745 Υίὸν
500 2691 594 2745 καὶ
619 2692 864 2763 Πνεῦμα,
891 2692 1007 2762 φῶς
1028 2692 1087 2747 ἓν
1107 2692 1610 2764 τριλαμπέστατον,
1626 2690 1756 2764 ὁμο-

173 2782 378 2853 κρατὲς
405 2782 694 2855 βασίλειον,
725 2786 785 2840 ὲν
817 2784 1109 2857 ἀσυγχύτῳ
1134 2785 1445 2857 ταυτότητι.

310 2992 311 2995 η
799 2965 1133 3022 Θεοτόκιον.

258 3055 533 3127 Ἐκύησας
565 3054 782 3125 φύσεως
832 3057 1006 3129 νόμῳ,
1070 3056 1187 3111 ἀλλ’
1232 3056 1373 3128 ὑπὲρ
1421 3056 1606 3127 νόμον.
1652 3053 1757 3111 Σοῦ

169 3147 286 3220 γὰρ
323 3149 492 3220 μόνης
519 3149 754 3218 ἄσπορος
788 3150 821 3219 ἡ
848 3147 1035 3219 λοχεία
1066 3148 1296 3219 φρικτὸς
1334 3150 1429 3203 καὶ
1467 3147 1759 3220 νοούμενος

171 3241 203 3295 ὁ
253 3241 459 3311 τρόπος
518 3239 613 3293 καὶ
670 3237 964 3311 λεγόμενος
1023 3239 1120 3294 τοῦ
1176 3238 1401 3295 τοκετοῦ
1453 3257 1572 3306 σου,
1620 3257 1759 3295 παν-

171 3335 403 3407 άμωμε.

782 3427 1145 3481 Καταϐασία.

260 3517 643 3593 Ὀρθρίξοντὲς
660 3534 720 3571 σε
760 3518 1132 3588 ἀνυμνοῦμεν,
1160 3517 1353 3587 Σωτὴρ
1396 3516 1493 3571 τοῦ
1527 3517 1758 3586 κόσμου,

170 3614 408 3685 εἰρήνην
440 3610 731 3680 εὑράμενοι
761 3608 842 3679 τῷ
881 3608 1100 3682 σταυρῷ
1134 3626 1249 3673 σου,
1289 3608 1356 3661 δι’
1387 3600 1449 3662 οῦ
1483 3609 1763 3662 ἀνεκαίνιο

174 3723 278 3770 σας
335 3702 399 3757 τὸ
429 3702 587 3771 γένος
632 3700 693 3755 τὸ
730 3699 1096 3774 ἀνθρώπινον,
1126 3700 1242 3771 φῶς
1291 3700 1428 3781 πρὸς
1460 3699 1763 3773 ἀνέσπερον

171 3801 329 3869 ἄγων
363 3797 535 3869 ἡμᾶς.

813 3931 947 4004 ςιΔη
984 3930 1057 3985 E'.

275 4064 529 4135 Ἅνέστης
578 4065 671 4117 τὸν
720 4063 950 4119 θάνατον
994 4063 1258 4135 θραύσας,
1302 4062 1527 4135 Χριστὲ,
1572 4061 1763 4134 ὥσπερ

176 4158 360 4230 μέγας
400 4155 670 4227 βασιλεὺς,
706 4157 771 4210 ὲκ
801 4157 911 4210 τῶν
952 4156 1079 4228 ᾅδου
1122 4155 1367 4225 ταμείων
1419 4156 1764 4219 ἀνακαλέσας

172 4252 331 4323 ἡμᾶς
364 4251 444 4315 εἰς
468 4248 767 4303 ἀπόλαυσιν
791 4248 1069 4320 βασιλείας
1100 4248 1370 4320 οὐρανῶν,
1397 4249 1478 4312 είς
1501 4248 1609 4319 γῆν
1631 4248 1766 4303 ἀθα-

176 4343 397 4405 νασίας.

254 4432 597 4504 Κροτοῦντες
648 4431 707 4486 ὲν
753 4431 964 4506 ᾆσμασι
1019 4431 1185 4496 θείοις
1238 4431 1423 4486 πιστοὶ
1483 4430 1765 4498 άλαλάξω-

1839 602 1973 641 vero
1994 595 2247 645 creatura
2283 584 2581 640 celebravit
2609 599 2737 640 cum
2781 593 2929 640 metu
2959 582 3431 655 longanimitatem

1842 687 2014 736 tuam.
2045 679 2260 736 Etenim
2297 680 2460 735 laude
2492 689 2581 733 tua
2605 686 2748 733 terra
2781 677 3004 749 impleta
3033 684 3142 734 est.

2492 895 2626 953 ODA
2670 895 2767 953 IV.

1912 1030 2274 1088 Exstitistiex
2321 1031 2597 1101 sepulcro,
2627 1047 2662 1087 ο
2704 1032 2887 1087 lumen
2942 1046 3223 1102 nunquam
3277 1031 3431 1086 oeci.

1840 1125 2015 1189 dens;
2049 1124 2254 1179 mundo
2287 1124 2755 1180 immortalitatem
2790 1124 3089 1187 irradians,
3124 1126 3431 1193 mortisque

1842 1230 2160 1281 maerorem,
2200 1226 2464 1286 tanquam
2504 1215 2848 1284 misericors,
2896 1230 2967 1271 es
3030 1226 3194 1274 terra:
3225 1217 3433 1271 ﬁnibus

1841 1307 2120 1379 expulisti.

1904 1402 2247 1457 Accedamus
2290 1400 2579 1473 expurgati
2630 1400 2996 1467 continentia,
3060 1410 3112 1456 et
3156 1399 3432 1456 ferventer

1843 1497 2241 1567 amplectamur
2271 1496 2710 1551 sacratissimum
2741 1496 2949 1566 lignum
2979 1511 3088 1550 non
3106 1494 3225 1550 sine
3252 1493 3430 1548 laudiq

1840 1588 1965 1654 bus,
1998 1588 2051 1641 in
2081 1601 2193 1658 quo
2242 1584 2500 1641 Christus
2536 1586 2839 1641 crucilixus
2868 1585 3136 1640 mundum
3167 1583 3426 1648 servavit,

1841 1687 2102 1749 tanquam
2133 1678 2470 1733 misericors.

1908 1768 2079 1824 llodie
2109 1770 2343 1824 choreas
2366 1783 2490 1822 cum
2525 1767 2718 1823 laetitia
2744 1768 2956 1822 ducunt
2982 1766 3305 1837 angelorum
3339 1780 3434 1821 or.

1774 1852 1816 1907 Β
1841 1864 1998 1920 dines
2026 1863 2097 1918 ob
2133 1861 2311 1917 crucis
2339 1872 2445 1916 tua:
2472 1861 2888 1927 adorationem;
2918 1859 2971 1913 in
3004 1859 3095 1915 illa
3137 1858 3282 1912 enim
3315 1857 3429 1911 da:-

1845 1969 2070 2010 monum
2104 1964 2353 2008 catervas
2397 1942 2721 2018 vulnei‘asti,
2766 1948 3010 2016 Christe,
3061 1948 3306 2003 bumano
3338 1961 3433 2015 ge—

1847 2061 1978 2103 nere
2012 2053 2249 2101 servato.

1906 2140 2070 2194 Alter
2102 2139 2390 2209 paradisus
2408 2137 2598 2195 eﬂ'eota
2626 2145 2713 2193 est
2730 2134 2999 2197 Ecclesia.
3024 2149 3150 2205 quae
3175 2142 3234 2189 ut
3256 2133 3433 2201 prius,

1846 2228 2121 2284 viviﬂcum
2150 2229 2359 2301 lignum
2396 2228 2661 2299 possidet,
2696 2228 2985 2289 nimirum,
3005 2241 3227 2281 crucem
3254 2235 3427 2285 tuam,

1850 2321 2103 2377 Domine.
2119 2322 2202 2377 Ex
2222 2322 2382 2394 cujus
2400 2330 2662 2378 contactu
2689 2319 3121 2376 immortalitatis
3139 2317 3437 2389 participes

1849 2414 2140 2473 efﬁcimur.

2478 2506 2809 2562 Triadicum.

1920 2597 2058 2653 Tres
2113 2614 2378 2669 personas
2426 2598 2568 2654 initii
2613 2608 2890 2669 expertes,
2967 2597 3133 2652 unius
3183 2593 3440 2651 essentia;

1852 2689 2119 2763 gloriﬂco,
2146 2690 2316 2747 Deum
2334 2689 2579 2756 Patrem,
2627 2690 2849 2757 Filium,
2920 2698 2975 2745 et
3003 2688 3264 2759 Spiritum
3306 2701 3429 2742 san-

1852 2790 2025 2848 ctum,
2042 2782 2226 2839 lumen
2252 2800 2420 2838 unum
2442 2783 2903 2854 fulgentissimum
2922 2782 3166 2852 ejusdem
3186 2784 3441 2852 patentia

1853 2882 1910 2932 et
1933 2878 2085 2946 regni
2120 2876 2406 2933 inconfusa
2436 2877 2644 2932 unitate
2669 2892 2769 2932 seu
2809 2876 3118 2932 identitate.

2465 2966 2832 3025 Theotocium.

1921 3055 2154 3117 Uterum
2187 3060 2409 3132 gestasti
2437 3072 2649 3116 naturae
2688 3060 2828 3131 lege,
2878 3058 2975 3116 sed
3042 3072 3209 3128 supra
3242 3056 3437 3128 legem.

1860 3147 2015 3206 Tuus
2043 3152 2189 3206 enim
2214 3152 2562 3207 solummodo
2591 3161 2786 3221 partus
2824 3159 2910 3205 est
2964 3151 3177 3219 absque
3210 3149 3435 3204 semine.

1859 3242 2200 3298 Tremendns
2236 3253 2292 3299 et
2326 3243 2566 3314 cogitatu
2603 3250 2658 3297 et
2694 3240 2847 3296 dictu
2870 3247 2956 3296 est
2999 3249 3198 3311 partus
3230 3248 3388 3307 tuus,
3412 3253 3447 3292 ο

1861 3333 2238 3391 immaculata.

2507 3422 2820 3480 Catabasia.

1932 3514 2183 3571 Diluculo
2204 3515 2548 3573 celebramus
2578 3526 2652 3582 te,
2681 3514 2936 3570 Salvator
2961 3513 3179 3579 mundi,
3201 3527 3334 3584 pace
3352 3527 3449 3582 per

1862 3626 2077 3666 crucem
2122 3619 2272 3665 tuam
2313 3610 2554 3671 inventa,
2584 3624 2691 3679 qua
2735 3624 2911 3679 genus
2943 3607 3250 3667 humanum
3283 3620 3447 3676 repa-

1862 3703 2019 3765 rasti,
2045 3718 2257 3774 nosque
2282 3700 2354 3756 ad
2403 3701 2591 3758 lumen
2635 3698 2822 3757 omnis
2858 3713 3092 3756 occasus
3117 3712 3317 3775 expers
3359 3696 3451 3759 adv

1861 3797 2087 3855 duxisti.

2536 3930 2677 3988 ODA
2732 3930 2796 3987 ν.

1934 4068 2326 4135 Resurrexisti,
2368 4068 2608 4137 Christe,
2642 4068 2930 4126 vulnerata
2952 4073 3151 4134 morte,
3183 4075 3451 4137 tanquam

1863 4173 2060 4237 potens
2093 4179 2208 4232 rex,
2237 4163 2418 4229 nobis,
2448 4178 2517 4218 ex
2550 4162 2669 4218 orci
2714 4160 3023 4221 recessibus
3049 4159 3117 4215 ad
3141 4161 3449 4231 voluptates

1864 4258 2016 4330 regni
2043 4259 2331 4326 emlorum,
2359 4267 2671 4329 terramque
2690 4256 3123 4319 immortalitatis
3152 4255 3446 4312 revocatis.

1940 4435 2273 4493 Plaudentes
2334 4436 2390 4492 in
2441 4436 2674 4493 canticis
2721 4435 2912 4496 ﬁdeles
2957 4435 3258 4506 jubilemus
3314 4433 3446 4505 Deo,

182 4543 290 4599 μεν
306 4524 458 4612 ΔΘεῷ,
492 4525 583 4579 τὸν
623 4525 857 4597 σταυρὸν
890 4523 983 4580 τοῦ
1022 4524 1227 4594 Κυρίου
1258 4522 1757 4596 κατασπαζόμενοι.

1865 4544 2087 4585 crucem
2131 4528 2350 4583 Domini
2392 4528 2730 4586 osculantes.
2767 4528 3038 4587 Omnibus
3068 4529 3216 4587 enim
3257 4527 3446 4593 mundi

191 4617 515 4688 ’Δγιότητος
549 4616 842 4683 ἀναϐλύζει
882 4617 993 4690 γὰρ
1029 4615 1212 4689 πηγὴν
1255 4617 1389 4671 πᾶσι
1427 4618 1543 4682 τοῖς
1590 4618 1649 4669 ὲν
1686 4614 1757 4688 τῷ

1870 4620 2065 4677 incolis
2092 4618 2298 4676 ﬂuenta
2326 4621 2635 4679 sanctitatis
2667 4622 2916 4678 scaturit.

182 4710 403 4781 κόσμῳ.

261 4801 575 4874 Πληροῦται
605 4804 639 4875 ἡ
673 4802 1101 4881 ᾁσματογράφος
1134 4804 1311 4876 φωνή.
1347 4800 1770 4879 Προσκυνοῦμεν

180 4893 298 4963 γάρ
337 4892 447 4944 ἰδοὺ
494 4891 603 4945 τῶν
632 4891 918 4991 ἀχράντων
966 4894 1144 4955 ποδῶν
1192 4911 1288 4949 σου
1353 4892 1414 4946 τὸ
1455 4891 1766 4958 ὑποπόδιον,

183 4985 598 5055 παντοδύναμε,
624 4984 717 5040 τὸν
746 4984 978 5059 σταῦρόν
1007 5006 1102 5042 σου
1134 4987 1227 5043 τὸν
1252 4986 1472 5054 σεπτὸν,
1494 4985 1556 5041 τό
1575 4986 1768 5056 τριπό-

182 5077 354 5147 θητον
390 5077 564 5142 ξύλον.

264 5169 334 5221 Ὅ
386 5166 493 5222 εἶδε
542 5169 700 5236 ξύλον
745 5168 825 5241 τῷ
860 5170 939 5242 σῷ
970 5170 1119 5244 ἄρτῳ
1160 5172 1371 5247 βληθὲν,
1408 5168 1704 5247 προφητῶν
1742 5170 1771 5224 ὁ

185 5259 503 5331 Θρηνητὴς,
522 5260 611 5314 τδν
634 5260 865 5333 σταυρόν
896 5278 1010 5327 σου,
1030 5263 1334 5333 οἱκτίρμον,
1351 5260 1773 5333 κατασπαζόμε-

185 5368 295 5407 νοι.
322 5351 668 5421 ἀνυμνοῦμέν
701 5368 794 5405 σου
827 5351 897 5405 τὰ
917 5351 1093 5425 δεσμά
1118 5354 1212 5408 καὶ⁸
1232 5354 1329 5425 τὴν
1348 5353 1544 5426 ταφὴν,
1571 5353 1772 5424 λόγχην

183 5459 247 5496 τε
272 5444 367 5495 καὶ
400 5443 526 5505 τοὺς
559 5442 742 5514 ἥλους.

273 5534 398 5588 Ἐπ’
420 5534 609 5608 ὤμων,
643 5537 809 5610 ὅνπερ
830 5536 1123 5603 κατεδέξω,
1152 5536 1376 5609 Χριστὲ,
1407 5537 1594 5609 φέρειν
1616 5536 1772 5606 ἅγιον

186 5624 450 5696 σταυρὸν,
497 5628 591 5681 καὶ
646 5628 705 5681 ὲν
748 5627 923 5699 τούτῳ
965 5626 1201 5700 ἀρθῆναι
1250 5626 1345 5680 καὶ
1391 5626 1771 5697 σταυρωθῆναι

188 5720 400 5790 σαρκὶ,
460 5719 968 5792 προσπτυσσόμενοι
1038 5717 1380 5792 κομιζόμεθα
1440 5718 1595 5789 ἰσχὺν
1648 5717 1769 5774 κατ’

189 5810 412 5883 ἐχθρῶν
441 5811 708 5882 ἀοράτων.
928 5800 931 5803 Ἴ

1938 4796 2202 4871 Impletur
2223 4797 2531 4855 Psalmista‘.
2550 4800 2859 4856 oraculum.
2896 4797 3038 4861 Ecce
3068 4796 3215 4853 enim
3246 4794 3448 4853 adora.

1869 4906 1994 4948 mus
2051 4891 2524 4947 immaculatorum
2584 4893 2784 4963 pedum
2841 4900 3063 4946 tuorum
3121 4888 3448 4955 scabellum,

1870 4998 2091 5040 crucem
2131 4992 2282 5043 tuam
2310 4985 2698 5052 venerandam,
2722 4983 3256 5045 desideratissimam
3304 4982 3438 5047 illud

1869 5074 2101 5146 lignum.

1940 5163 2197 5240 Lignum.
2229 5167 2375 5240 quod
2407 5167 2462 5223 in
2492 5182 2692 5243 panem
2715 5176 2872 5225 tuum
2911 5168 3168 5235 missum,
3196 5165 3336 5224 vidit
3359 5163 3451 5222 ιον

1870 5265 2336 5333 remias,crucem
2380 5266 2590 5324 scilicet
2627 5280 2800 5335 tuam,
2836 5283 2871 5325 ο
2911 5268 3250 5326 misericors.
3288 5280 3453 5321 oscu-

1870 5354 2066 5422 lantcs,
2130 5357 2472 5414 celebramus
2532 5359 2749 5415 vincula
2800 5366 2915 5427 tua,
2972 5367 3029 5414 et
3083 5356 3448 5427 sepulturam,

1870 5446 2118 5503 lanceam
2146 5459 2201 5504 et
2224 5449 2431 5505 clavos.

1945 5536 2065 5593 Vim
2094 5547 2146 5595 et
2168 5542 2338 5596 robur
2373 5542 2639 5599 adversus
2682 5538 3102 5612 inaspectabiles
3140 5536 3330 5591 hostes
3358 5548 3447 5588 rc-

1870 5644 2174 5704 portamus,
2204 5636 2422 5706 quando
2459 5637 2839 5707 amplectimur
2870 5646 3115 5695 crucem,
3148 5643 3312 5701 quam
3348 5626 3449 5683 hu-

1871 5726 2039 5781 meris
2075 5727 2183 5781 tuis
2222 5739 2458 5798 gestare,
2508 5740 2566 5787 et
2609 5729 2817 5795 subire,
2870 5734 2927 5783 et
2970 5724 3026 5781 in
3080 5738 3147 5780 ea
3203 5718 3449 5792 erucitigi

1872 5815 2125 5886 dignatus
2156 5832 2238 5873 es.
