4122 6382
699 371 836 440 1763

1316 475 1653 535 Triadicum.

773 572 1047 628 Unilatem
1067 571 1245 627 tribus
1265 569 1845 642 personisdistinctam
1868 575 1925 623 et
1948 566 2277 623 Trinitatem

699 666 752 717 in
783 678 890 717 una
914 671 1106 717 natura
1133 661 1418 716 adoratam
1439 660 1680 723 celebro,
1697 666 1810 713 tres
1831 659 1928 728 qui
1956 659 2122 713 simul
2151 666 2282 714 sunt

699 759 793 810 lux
821 755 980 822 trina,
1007 754 1252 817 Patrem,
1283 762 1339 808 et
1359 751 1581 818 Filium,
1624 759 1679 806 et
1703 749 1971 822 Spiritum
2003 758 2277 805 sanctum.

1315 927 1681 984 Theotocium.

764 1023 1148 1079 Miraculorum
1171 1021 1416 1076 omnium
1450 1021 1750 1076 maximum
1781 1019 2108 1075 miraculum
2141 1018 2198 1075 in
2231 1027 2285 1075 te

701 1114 978 1184 apparuit,
1029 1112 1232 1166 intacta
1269 1108 1458 1182 Virgo.
1499 1109 1717 1181 Agnum
1765 1109 1938 1174 enim.
1987 1109 2086 1178 qui
2141 1109 2286 1163 tollit

702 1217 924 1279 peccata
945 1204 1154 1266 mundi.
1187 1213 1244 1259 tu
1275 1205 1328 1258 in
1365 1213 1520 1258 utero
1551 1202 1776 1273 gestasti
1807 1221 1822 1256 :
1867 1217 2028 1272 quem
2070 1201 2283 1258 indesi-

703 1308 897 1355 nenter
918 1313 1017 1368 pro
1039 1295 1224 1362 nobis,
1257 1294 1350 1365 qui
1391 1295 1584 1350 laudes
1625 1304 1748 1349 tuas
1773 1293 2142 1358 concinimus,
2188 1293 2283 1349 de-

701 1407 950 1464 precare.

1323 1477 1642 1534 Catabasia.

772 1574 982 1647 Typnm
1002 1571 1410 1627 divimeCrncis
1435 1565 1984 1640 pmﬁguravitlonas
2009 1565 2064 1620 in
2095 1573 2287 1621 ventre

703 1666 831 1726 ceti.
878 1664 1134 1734 expansis
1183 1662 1458 1735 manibus,
1494 1659 1828 1729 exsiluitque
1875 1655 2167 1713 incolumis
2216 1671 2285 1712 ex

705 1759 908 1824 bellua,
933 1759 1138 1811 virtute
1177 1765 1296 1820 tua,
1347 1751 1608 1809 Verbum.

1320 1931 1666 1986 Idiomelum.

775 2026 1049 2082 Flammea
1077 2026 1392 2094 rnomphma
1417 2037 1523 2076 non
1535 2020 1778 2076 custodit
1798 2017 2035 2089 amplius
2065 2025 2284 2090 portam

705 2118 975 2190 paradisi;
1019 2115 1220 2170 etenim
1263 2115 1602 2183 inopinatum
1635 2110 1954 2181 supervenit
1980 2109 2288 2178 vinculum,

706 2207 890 2264 crucis
910 2205 1162 2260 videlicet
1188 2204 1426 2273 lignum.
1456 2201 1649 2258 Mortis
1683 2201 1966 2267 stimulus,
2011 2209 2068 2257 et
2096 2201 2292 2258 mortis

706 2300 942 2355 victoria
983 2297 1210 2368 depulsa
1259 2305 1366 2352 est.
1431 2293 1672 2350 Astitisti
1742 2303 1952 2359 autem,
1997 2291 2280 2358 Servator,

706 2391 836 2458 illis,
883 2390 978 2460 qui
1028 2388 1172 2458 apud
1231 2386 1439 2444 inferos
1493 2392 1676 2453 erant,
1717 2385 1965 2442 clamans
2016 2402 2033 2442 :
2089 2384 2294 2442 Intrate

707 2483 906 2539 iterum
940 2481 996 2536 in
1016 2479 1362 2550 paradisum.

1411 2569 1612 2627 (Ecus.

781 2666 920 2724 Tres
945 2683 1137 2724 cruces
1163 2665 1284 2722 ﬁxit
1309 2663 1528 2721 Pilatus
1557 2665 1613 2720 in
1636 2663 1934 2735 Golgotha.
1959 2662 2103 2718 Duas
2121 2662 2296 2720 latro-

711 2759 899 2826 nibus,
933 2769 989 2816 et
1011 2775 1173 2816 unam
1200 2759 1326 2814 vitae
1358 2758 1631 2828 largitori,
1670 2773 1835 2828 quam
1862 2767 1920 2812 ut
1944 2756 2078 2813 vidit
2099 2759 2295 2824 Orcus,

711 2850 850 2906 dixit
873 2849 1069 2905 inferni
1105 2848 1334 2905 incolis:
1358 2847 1591 2904 Sodales
1621 2849 1724 2904 mei
1757 2857 1812 2903 et
1846 2848 2150 2918 adjutores,
2169 2848 2296 2919 quis

711 2951 815 3005 est,
842 2941 936 3012 qui
959 2941 1180 2996 clavum
1215 2941 1268 2996 in
1297 2949 1486 3009 pectus
1516 2952 1698 2994 meum
1731 2939 1943 3010 adigit?
1985 2937 2297 3011 Derepente

709 3029 1020 3086 vulneravit
1045 3046 1132 3086 me
1147 3029 1364 3094 lancea,
1382 3038 1438 3085 et
1458 3027 1794 3099 disrumpar.
1820 3027 2086 3085 Interiora
2111 3029 2294 3098 doleo,

709 3132 952 3178 ventrem
985 3136 1165 3179 meum
1204 3122 1385 3179 doleo.
1418 3121 1626 3178 Sensus
1659 3137 1816 3178 meus
1833 3132 1888 3178 et
1915 3122 2143 3188 Spiritus
2178 3133 2295 3178 tur-

708 3217 930 3279 bantur,
966 3232 1242 3288 cogorque
1277 3217 1476 3286 ejicere
1504 3218 1684 3272 denuo
1715 3217 1984 3272 Adamum
2013 3226 2068 3272 et
2089 3216 2287 3272 Adami

709 3321 958 3382 posteros
990 3311 1122 3365 milii
1151 3327 1246 3382 per
1273 3311 1481 3382 lignum
1514 3311 1713 3378 datos;
1762 3327 1884 3367 nam
1915 3311 2124 3382 lignum
2159 3313 2300 3369 istos

711 3403 912 3460 iterum
949 3403 1007 3472 in
1027 3403 1348 3476 paradisum
1378 3404 1619 3460 inducit.

1380 3640 1520 3700 00A
1547 3641 1642 3701 Vl.

789 3793 1181 3863 Resurrexisti,
1224 3794 1475 3862 Domine,
1510 3813 1578 3854 ex
1645 3797 1900 3870 sepulcro
1961 3799 2122 3856 tertia
2187 3801 2298 3868 die,

715 3895 978 3955 tanquam
1013 3885 1318 3955 dormiens,
1352 3888 1632 3960 percussis
1652 3890 1837 3946 divina
1866 3890 2069 3949 virtute
2097 3893 2301 3950 inferni

715 3978 1059 4035 custodibus.
1091 3967 1467 4053 Excitatisque
1490 3998 1684 4039 rursus
1711 3998 1743 4039 a
1780 3992 1834 4038 te
1864 3983 2059 4056 primis
2093 4001 2300 4056 paren-

715 4070 888 4137 tibus,
919 4070 1013 4142 qui
1047 4071 1200 4128 solus
1225 4087 1286 4128 es
1306 4072 1641 4141 benedictus
1674 4081 1731 4130 et
1773 4073 2046 4146 gloriosus
2069 4074 2298 4133 Patrum

716 4159 885 4217 Deus.

789 4249 846 4308 in
883 4253 1115 4311 canticis
1139 4254 1509 4325 tripudiantes
1532 4257 1876 4316 exsultemus
1893 4259 2054 4318 hodie
2081 4260 2298 4333 populi,

717 4345 901 4401 crucis
925 4345 1250 4402 adoratione
1269 4346 1424 4404 illum
1447 4386 1464 4412 ,
1492 4349 1588 4420 qui
1644 4351 1699 4406 in
1725 4367 1790 4408 ea
1832 4351 1978 4410 lixns
2001 4361 2112 4419 est,
2139 4353 2302 4411 Chri-

720 4444 838 4491 tum
862 4435 1254 4506 gloriﬁcantes,
1285 4439 1380 4508 qui
1407 4438 1560 4494 solus
1573 4437 1720 4497 Dens
1741 4441 1963 4498 Patrum
1981 4450 2296 4500 nostrorum

720 4528 1042 4585 benedictus
1071 4539 1154 4585 est
1180 4537 1236 4585 et
1254 4529 1569 4601 gloriosus.

791 4619 898 4688 Qui
958 4620 1181 4686 fecisti,
1233 4629 1296 4676 ut
1345 4635 1482 4678 crux
1527 4631 1619 4679 tua
1687 4624 2038 4684 mortalitatis
2091 4626 2300 4685 instrn-

723 4722 965 4769 mentnm
1035 4712 1192 4770 ﬁeret
1235 4713 1410 4778 vitae,
1467 4717 1627 4786 quasi
1678 4717 1914 4786 oliicina,
1966 4719 2064 4776 toti
2097 4721 2304 4777 mundo

723 4805 1144 4872 desiderabilis,
1203 4813 1476 4878 quotquot
1555 4823 1679 4864 eam
1757 4809 2028 4879 adorant,
2098 4811 2305 4868 sancti-

727 4902 850 4966 lica,
891 4899 984 4971 qui
1051 4899 1203 4957 solus
1258 4915 1322 4958 es
1359 4899 1504 4958 Deus
1543 4900 1770 4959 Patrum
1795 4942 1812 4970 ,
1873 4903 2200 4963 benedictus
2245 4914 2304 4962 et

723 4991 1021 5062 gloriosus.

795 5082 900 5150 Qui
923 5083 1074 5140 solus
1100 5099 1161 5140 es
1182 5083 1500 5141 misericors
1522 5095 1578 5142 et
1603 5085 2144 5157 clemens,illumina,
2170 5104 2303 5146 san-

729 5174 873 5230 tilica
904 5187 1021 5238 eos,
1051 5175 1146 5244 qui
1176 5189 1394 5230 crucem
1421 5184 1568 5230 tuam
1601 5176 1954 5248 divinamque
1983 5179 2298 5248 passionem

726 5273 1041 5320 reverenter
1066 5265 1462 5337 adorant,"qui
1493 5267 1645 5325 solus
1671 5284 1733 5326 es
1761 5268 1907 5328 Deus
1935 5271 2164 5328 Patrum
2210 5272 2304 5330 be-

728 5357 980 5414 nedictus
1003 5364 1062 5413 et
1091 5357 1385 5428 gloriosus.
2183 5383 2186 5386 ~

1357 5447 1686 5508 Triadicum.

803 5537 978 5597 Unam
1028 5540 1082 5596 in
1123 5540 1300 5596 tribus
1351 5540 1736 5613 hypostasibus
1768 5557 2003 5600 veneror
2047 5544 2303 5602 divinita-

1886 364 1949 430 S.
1986 360 2382 427 THEODORI
2420 359 2772 427 STUDITE

2305 481 2356 535 Α

3770 371 3885 437 1768

3004 471 3334 544 Τριαδικόν.

2451 565 2674 622 Μονὰδα
2703 563 2854 638 τρισὶ
2896 566 3274 638 χαρακτῆρσιν
3309 563 3479 636 ὕμνῶ,
3519 566 3608 620 καὶ
3630 567 3808 638 Τριάδα
3842 576 3887 627 ιν

2385 661 2485 732 μιᾷ
2514 657 2675 729 φύσει
2705 657 3210 729 προσκυνουμένην,
3242 656 3376 711 Θεὸν
3421 657 3486 710 τὰ
3512 658 3630 729 τρία
3657 660 3775 731 6μοῦ
3799 663 3888 732 φῶς

2419 750 2681 822 ρισῄλιον,
2740 747 2832 802 τὸν
2882 747 3129 819 Πατέρα,
3186 749 3280 803 καὶ
3333 747 3482 813 Υίὸν,
3526 749 3614 803 καὶ
3664 751 3717 804 τὸ
3767 754 3890 824 ἅγιον

2385 840 2637 913 Πνεῦμα.

3010 933 3348 990 Θεοτόκιον.

2463 1030 2769 1102 Θαυμάτων
2795 1027 2856 1082 τὸ
2890 1026 3148 1098 μέγιστον
3169 1023 3356 1092 θαῦμα
3381 1023 3439 1075 ὲν
3466 1021 3547 1075 σοὶ
3575 1020 3732 1094 ὤφθη,
3759 1023 3890 1080 iam.

2385 1124 2446 1179 λε
2507 1124 2728 1194 Ἀμνάς.
2769 1121 2876 1174 Τὸν
2907 1119 3021 1190 γὰρ
3061 1117 3289 1189 αἴροντα
3322 1113 3523 1183 κόσμου
3550 1115 3641 1182 τὴν
3668 1117 3892 1186 ἁμαρτίαν

2385 1214 2582 1286 ’Δμνὸν
2615 1211 2958 1283 άπεκύησας,
2986 1208 3048 1264 ὃν
3067 1205 3308 1262 δυσὼπει
3343 1205 3568 1269 ἐκτενῶς
3592 1205 3718 1278 ὑπὲρ
3737 1206 3826 1261 τῶν
3845 1224 3892 1262 σι

2387 1304 2725 1378 ὑμνούντων.

2993 1475 3366 1532 Καταϐασία.

2461 1571 2569 1626 Τὸν
2599 1569 2771 1625 τύπον
2820 1569 2917 1624 τοῦ
2946 1568 3095 1622 θείου
3144 1564 3383 1638 σταυροῦ
3435 1565 3630 1632 Ἰωνᾶς,
3665 1568 3716 1620 ἐν
3752 1567 3895 1641 κοιλίᾳ

2385 1663 2484 1719 τοῦ
2545 1665 2768 1734 κήτους,
2817 1659 3142 1732 τεταμέναις
3191 1657 3486 1728 παλάμαις,
3537 1657 3893 1730 προδιεχάραξι,

2389 1755 2486 1811 καὶ
2505 1753 2731 1827 ἅνὲθορε
2766 1750 3111 1821 σεσωσμένος
3147 1749 3246 1803 τοῦ
3281 1747 3444 1820 θηρὸς
3479 1749 3544 1820 τῇ
3573 1748 3774 1818 δυνάμει
3799 1767 3890 1816 σου,

2325 1838 2372 1897 Β
2395 1848 2562 1934 Λύγε.

2840 1934 3180 1992 Κοντάκιον
3207 1932 3524 2004 16wqu.

2459 2029 2660 2086 οὐκέτι
2686 2027 2915 2100 φλογίνη
2957 2026 3209 2099 ῥομφαία
3239 2025 3494 2095 φυλάττει
3529 2024 3622 2095 τὴν
3647 2024 3799 2097 πύλην
3817 2027 3898 2099 τῆς

2401 2123 2587 2196 ’Βὲρη
2624 2123 2764 2194 αὐτῇ
2791 2120 2904 2194 γὰρ
2929 2117 3133 2190 ἐπῆλθε
3176 2116 3478 2190 παράδοξος
3503 2117 3657 2181 δὲσις,
3691 2120 3744 2173 τὸ
3773 2117 3899 2185 ξύλον

2389 2216 2486 2273 τοῦ
2519 2213 2776 2289 σταυροῦ.
2803 2212 3047 2269 Θανάτου
3079 2209 3143 2265 τὸ
3167 2209 3420 2282 κέντρον,
3444 2209 3536 2264 καὶ
3557 2209 3691 2282 ᾅδου,
3707 2209 3760 2264 τὸ
3780 2212 3900 2274 νῖκος

2390 2309 2670 2382 ἐλήλαται.
2705 2306 2974 2377 Ἐπέστης
2991 2303 3294 2374 δὲ,ζΣωτήρ
3323 2319 3444 2374 μου,
3465 2301 3593 2372 βοῶν
3614 2302 3714 2366 τοῖς
3731 2302 3783 2355 ἓν
3798 2301 3899 2374 ᾅδῃ,

2391 2397 2693 2471 Είσάγεσθε
2713 2397 2877 2454 πάλιν
2903 2397 2986 2462 είς
2999 2394 3093 2470 τὸν
3113 2394 3464 2466 παράδεισον.

3067 2575 3132 2630 '0
3160 2569 3337 2643 οἶκος

2463 2671 2630 2746 Τρεῖς
2683 2666 2954 2740 σταυροὺς
2981 2665 3254 2736 ιπήξατο,
3285 2665 3344 2718 ὲν
3377 2661 3599 2735 Γολγοθᾷ
3631 2663 3659 2716 6
3690 2661 3897 2726 Πιλᾶτος,

2394 2763 2490 2820 δύο
2519 2765 2634 2828 τοῖς
2665 2760 3024 2838 λῃστεύσασι,
3047 2757 3148 2812 καὶ
3174 2757 3278 2812 ἕνα
3297 2755 3391 2810 τοῦ
3418 2753 3675 2819 ζωοδότου,
3708 2753 3759 2806 ὃν
3784 2747 3901 2806 ιῐδιν

2395 2858 2426 2911 6
2451 2855 2605 2928 ᾅδης,
2630 2854 2726 2908 καὶ
2759 2849 2883 2908 εἷπε
2923 2853 3036 2916 τοῖς
3079 2850 3263 2906 κάτωο
3297 2845 3370 2902 Ὃ
3393 2844 3673 2919 λειτουργοί
3698 2862 3803 2916 μου,
3826 2843 3901 2896 καὶ

2395 2946 2653 3018 δυνάμεις
2685 2961 2811 3016 μου,
2850 2942 2935 3008 τίς
2975 2943 3006 2996 6
3049 2939 3308 3014 ἐμπήξας
3345 2935 3553 3012 ἧλοντῇ
3585 2935 3752 3008 καρδία
3781 2947 3896 3006 μου;

2401 3038 2584 3110 ξυλίνη
2616 3053 2685 3106 με
2715 3036 2884 3108 λόγχη
2911 3034 3209 3104 ὲκέντησεν
3232 3031 3408 3102 ἄφνω,
3429 3029 3518 3084 καὶ
3543 3026 3896 3100 διαρρήσσομαι.

2400 3127 2485 3182 Τὰ
2540 3125 2690 3181 ἔνδον
2750 3141 2852 3196 μου
2905 3122 3074 3188 πονῶ,
3122 3121 3230 3194 τὴν
3268 3119 3472 3176 κοιλίαν
3515 3133 3604 3189 μου
3644 3112 3802 3181 ἀλγῶ.
3831 3110 3899 3164 Τὰ

2396 3217 2728 3292 αίσθητήριά
2784 3233 2886 3290 μου
2936 3215 3247 3288 μαιμάσσει
3299 3213 3362 3267 τὸ
3415 3208 3610 3280 πνεῦμά
3655 3221 3762 3277 μου,
3821 3201 3900 3292 καλ

2396 3291 2782 3382 ἀναγκάζομαι
2814 3307 3211 3382 ἑξερεύξασθαι
3259 3305 3351 3360 τὸν
3391 3301 3568 3372 ’Δδᾶρη
3607 3296 3818 3358 καὶτοὺς
3847 3291 3896 3358 ιε

2411 3404 2584 3475 Ἀδὰμ
2612 3402 2755 3476 ξύλῳ
2784 3401 3039 3465 δοθέντας
3073 3415 3190 3471 μοι.
3222 3395 3393 3452 Ξύλον
3421 3392 3524 3465 γάρ
3544 3389 3734 3452 τούτους
3767 3383 3895 3439 πάλιν

2398 3495 2611 3566 εἰσάγει
2640 3493 2724 3560 είς
2745 3493 2840 3549 τὸν
2861 3490 3218 3561 παράδεισον.

3047 3644 3188 3717 nan
3227 3643 3322 3711 ς’.

2481 3803 2739 3874 Ἀνέστης
2781 3801 2849 3857 ικ
2883 3799 2980 3856 τοῦ
3023 3797 3205 3870 τάφου
3249 3793 3556 3868 τριήμερος,
3585 3791 3654 3856 ὡς
3679 3790 3706 3844 6
3732 3782 3891 3848 ὑπνῶν.

2399 3897 2597 3970 Κύριε.
2631 3897 2761 3969 ᾅδου
2806 3892 3092 3967 πυλωροὺς
3135 3893 3390 3960 πατάξας
3434 3889 3546 3961 θείᾳ
3573 3883 3785 3954 δυνάμει,
3821 3875 3896 3970 καὶ

2399 3967 2525 4054 τοὺς
2550 3967 2719 4044 πάλαι
2747 3985 2972 4059 ἐγείρας
3002 3985 3388 4057 προπάτορας,
3419 3983 3447 4036 6
3476 3981 3619 4054 μόνος
3643 3967 3896 4041 εὺλστητδςν

2398 4085 2513 4141 τῶν
2539 4084 2800 4154 πατέρων
2823 4079 2979 4146 Θεὸς,
3011 4077 3110 4134 καὶ
3143 4074 3514 4149 ὕπερένδοξος.

2467 4266 2550 4338 Τῇ
2570 4262 2714 4337 λύρᾳ
2735 4260 2845 4317 τῶν
2874 4260 3138 4334 ᾀσμάτων
3157 4255 3492 4332 χορεύοντες,
3516 4237 3900 4338 ἀγαλλιασιῖιμιδα

2402 4332 2808 4430 σήμερον-λαοὶ,
2945 4332 3042 4408 τοῦ
3079 4350 3324 4424 σταυροῦ
3369 4342 3717 4419 προσκυνήσει,
3742 4332 3900 4430 τὸνᾳὲν

2400 4423 2576 4521 τούτῷ
2607 4447 2853 4519 παγέντα
2877 4423 3124 4517 ριστὸν
3153 4443 3487 4512 δοξάζοντες,
3512 4437 3594 4492 τὸν
3617 4430 3752 4504 μόνον
3769 4423 3898 4479 εὐλο-

2321 4541 2377 4603 D
2399 4541 2566 4614 γητὸν
2593 4540 2702 4594 τῶν
2733 4537 2990 4612 πατέρων
3013 4535 3166 4604 Θεὸν,
3204 4537 3305 4591 καὶ
3333 4527 3669 4604 ὕπερένδοξον.

2483 4631 2546 4688 '0
2571 4631 2753 4698 δείξας
2785 4629 2848 4684 τὸ
2879 4603 3230 4701 ’θνητότητος
3253 4625 3500 4698 ὄργανον,
3530 4615 3658 4686 ζωῆς
3675 4603 3901 4701 trra-ffli-

2405 4740 2521 4796 ριον
2548 4693 2746 4792 κόσμῳὝ
2780 4693 3084 4785 ἀσπαστὸν,
3114 4693 3232 4771 ⁷τὸν
3274 4693 3366 4769 σὸν
3390 4709 3617 4783 σταυρὸν,
3635 4693 3899 4796 πανοικτίρ·

2407 4786 2530 4886 μον,
2561 4786 2691 4876 τοὺ-ς
2710 4786 2888 4866 *αὐτὸν
2921 4807 3366 4882 προσκυνοῦντας
3386 4803 3614 4875 ἁγίασον,
3635 4799 3661 4850 6
3682 4792 3812 4864 μόνος
3824 4786 3898 4841 εὖ·

2403 4903 2633 4978 λογητὸς
2656 4903 2767 4959 τῶν
2810 4901 3065 4976 πατέρων
3087 4900 3226 4965 Θεὸς
3249 4899 3349 4954 καὶ
3368 4888 3703 4968 ύπερένδοξοςυ

2486 5085 2544 5142 Ὀ
2569 5086 2728 5159 μόνος
2757 5086 3008 5160 ἐλεήμων
3036 5084 3132 5140 καὶ
3156 5082 3215 5138 εὖ
3223 5081 3522 5152 σπλαγχνος
3539 5072 3756 5148 φώτισον,
3769 5060 3898 5164 svi?-

2405 5196 2521 5248 σον,
2561 5178 2693 5251 μόνε
2734 5177 2935 5250 Ἰησοῦ,
2963 5177 3093 5241 τοὺς
3109 5171 3549 5249 προσκυνοῦντας
3591 5180 3674 5219 σου
3732 5167 3899 5251 πισξως

2403 5243 2778 5342 τὸννσταυρὸν,
2798 5243 3008 5324 ,καὶτὰ
3031 5243 3169 5323 θεῖα.⁷
3191 5266 3512 5338 παθήματα,
3555 5259 3582 5313 6
3607 5253 3744 5328 μόνος
3781 5243 3899 5300 εὖλο·

2403 5362 2568 5436 γητος
2595 5361 2705 5418 τῶν
2734 5361 2993 5436 πατέρων
3017 5360 3152 5424 Θεὸς
3183 5359 3280 5413 καὶ
3317 5349 3667 5429 summa“.

3021 5451 3350 5524 Τριαδικόν.

2473 5545 2694 5602 Μονάδα
2718 5546 2778 5600 ὲν
2808 5545 2987 5619 τρισὶν
3017 5547 3378 5600 ὐποστάσεσιν
3409 5533 3554 5609 ὗμνῶ
3579 5532 3664 5601 τὴν
3681 5525 3898 5619 Cum“:

732 5638 864 5686 tem.
889 5630 1008 5687 Lux
1035 5630 1183 5686 enim
1213 5631 1376 5687 Pater
1399 5641 1522 5699 est;
1555 5631 1647 5687 lux
1681 5629 1878 5698 Filius,
1901 5633 1993 5690 lux
2018 5635 2300 5708 Spiritus;

2282 5655 2300 5708 ;
2363 5636 2523 5710 καινῶς
2549 5636 2660 5709 γὰρ
2689 5639 2719 5692 6
2744 5618 2957 5712 Πατὴρ,
2989 5637 3105 5708 φῶς
3128 5637 3158 5690 6
3189 5633 3342 5700 Υιδς,
3371 5626 3553 5702 φῶςτδ
3580 5618 3794 5714 Πνεῦμα.
3819 5625 3899 5714 τοις

741 5733 866 5790 qua
889 5719 985 5778 lux
1013 5719 1353 5778 indivisibilis
1376 5736 1704 5793 permanens
1734 5723 1790 5780 in
1823 5739 1934 5781 una
1963 5707 2165 5787 natura
2195 5729 2299 5786 tri-

2283 5757 2299 5771 -
2369 5707 2383 5810 ξ
2403 5728 2581 5807 φωτὸς
2631 5707 3294 5802 άμεροῦςπδιαμένοντος,
3357 5721 3561 5793 δνότητι
3608 5707 3787 5784 vim“
3831 5707 3911 5756 ³⁸⁸

733 5810 948 5882 basque
984 5825 1342 5883 personarum
1366 5813 1526 5882 quasi
1557 5813 1724 5871 radiis
1757 5816 2027 5888 splendet.

2377 5813 2585 5878 ⁷ὰκτῐσι
2615 5821 2766 5894 τρισὶ
2791 5821 3099 5897 προσώπων
3130 5820 3199 5878 λά
3217 5829 3468 5890 μωντοςο
