4122 6382
242 357 382 426 1765

874 476 1212 536 θεοτόκιογ.

307 569 384 624 Τὸ
416 567 640 622 πάντων
682 567 983 640 προφητῶν
1029 571 1389 645 πολυώνυμον
1443 577 1514 632 σὺ
1569 578 1841 653 ὑπάρχεις

239 663 527 733 κήρυγμα.
583 657 740 729 Πύλη
773 659 888 731 γάρ
922 659 1084 724 Θεοῦ,
1119 663 1361 736 στάμνος
1398 671 1592 743 χρυσῆ,
1613 671 1685 743 γῆ
1707 672 1841 741 ἁγία

241 750 578 822 ἁνεδείχθης.
610 748 857 820 Παρθένε
915 748 1227 823 θεόνυμφε,
1282 758 1536 828 κυήσασα
1584 761 1646 814 ἐν
1673 762 1840 834 σαρκὶ

253 842 460 913 Ἰησοῦν
490 840 586 895 τὸν
646 840 908 913 Χριστὸν,
973 842 1071 898 τὸν
1109 844 1222 901 τῶν
1252 848 1514 922 πατέρων
1547 850 1704 921 Θεὸν,
1741 854 1840 910 καὶ

242 937 623 1012 ύπερένδοξον.

867 1034 1236 1089 Καταόασία.

311 1125 643 1195 Φλογῶσεως
716 1126 747 1182 6
775 1126 974 1192 παῖδας
1008 1126 1339 1199 ῥυσάμενος,
1375 1130 1559 1203 σάρκα
1600 1133 1841 1205 προσλα-

244 1215 494 1286 ϐόμενος,
523 1213 690 1288 ἦλθεν
718 1217 814 1273 επὶ
840 1219 968 1290 γῆς,
992 1217 1091 1274 καὶ
1150 1220 1371 1296 σταυρῷ
1426 1226 1837 1297 προσηλωθεὶς,

244 1308 520 1379 σωτηρίαν
558 1309 691 1391 ἡμῖν
722 1309 1058 1381 ἐδωρήσατο,
1093 1313 1127 1366 6
1156 1313 1320 1385 μόνος
1380 1316 1677 1392 εὐλογητὸς
1728 1319 1839 1375 τῶν

242 1402 505 1470 πατέρων
524 1398 682 1468 Θεὸς,
712 1400 810 1457 καὶ
831 1401 1213 1473 ὑπερένδοξος.

905 1513 1041 1586 om
1088 1512 1166 1571 κ’.

311 1622 480 1697 Μύρα
494 1625 554 1679 έν
566 1625 726 1698 χερσὶ
750 1624 805 1679 τί
819 1626 1080 1697 κατέχετε
1096 1626 1233 1693 ὅλως
1252 1644 1270 1695 ;
1297 1614 1424 1684 τίνα
1435 1629 1495 1684 δὲ
1510 1629 1793 1702 έκζητεῖτε
1819 1648 1837 1702 ;

240 1717 356 1772 Νῦν
385 1717 414 1771 6
461 1718 652 1791 φανεὶς
686 1716 946 1782 νεανίαις,
985 1717 1045 1771 ἐν
1072 1717 1151 1789 τῷ
1173 1719 1332 1791 τάφῳ
1368 1719 1531 1791 βοῶν,
1575 1722 1838 1795 ἐξανέστη

1262 363 1512 430 CANON
1558 369 1641 434 ΙΝ
1680 364 2232 430 ADORATIONEM
2252 365 2313 428 S.
2342 365 2638 431 CRUCIS.

1850 488 1915 549 ’Δ

3391 366 3531 435 1766

2546 481 2915 557 Neoterium.

2008 573 2270 629 Omnium
2327 573 2716 645 prophetarum
2777 582 2836 629 tu
2895 575 3416 633 decantatissimum
3470 595 3533 636 es

1938 665 2298 737 praeconium.
2331 663 2492 720 Porta
2521 665 2668 720 enim
2699 663 2795 720 Dei
2828 681 2923 732 es,
2964 682 3103 722 urna
3138 682 3346 735 aurea;
3384 679 3531 726 terra

1939 765 2155 819 sancta,
2207 770 2242 810 ο
2289 752 2457 824 Virgo
2510 753 2601 809 Dei
2646 752 2897 824 Sponsa,
2948 770 3073 825 qua:
3116 758 3418 825 concepisti
3472 758 3527 811 in

1939 862 2108 903 carne
2139 845 2328 904 Jesum
2356 845 2645 902 Christum
2670 886 2688 914 ,
2724 844 2821 916 qui
2866 857 2951 902 est
2982 846 3259 917 gloriosus
3302 846 3530 904 Patrum

1938 936 2108 997 Deus.

2574 1028 2892 1088 Catabasia.

2010 1122 2118 1191 Qui
2160 1133 2275 1180 tres
2309 1137 2512 1194 pueros
2555 1122 2625 1179 de.
2666 1123 2888 1179 camino
2923 1121 3069 1193 ignis
3107 1122 3405 1187 liberavit,
3438 1123 3531 1181 ille

1939 1224 2220 1286 assumpta
2250 1230 2421 1272 carne
2447 1214 2692 1280 advenit,
2727 1223 2782 1271 et
2807 1214 2963 1270 cruci
2997 1214 3171 1270 clavis
3214 1215 3408 1271 aﬁixus
3437 1232 3528 1272 sa-

1938 1305 2108 1363 lutem
2141 1307 2302 1362 nobis
2348 1306 2567 1370 reddit,
2612 1305 2708 1377 qui
2756 1305 2915 1363 solus
2968 1314 3056 1366 est
3106 1306 3431 1365 benedictus
3471 1318 3531 1364 et

1937 1399 2213 1471 gloriosus
2243 1397 2470 1456 Patrum
2501 1398 2671 1455 Deus.

2584 1510 2725 1570 ODA
2762 1510 2879 1570 VII.

2008 1626 2125 1684 Cur
2156 1633 2434 1697 unguenta
2472 1625 2628 1681 fertis
2678 1625 2736 1681 in
2770 1625 2987 1681 manu?
3022 1624 3198 1694 Quem
3238 1627 3532 1699 quaeritis?

1938 1718 2045 1787 Qui
2078 1718 2258 1773 tribus
2298 1716 2491 1789 pueris
2519 1715 2815 1787 apparuit,
2856 1715 3130 1771 clamabat
3163 1716 3218 1771 in
3272 1717 3530 1788 sepulcro

240 1811 270 1863 6
304 1810 540 1882 Χριστὸς
568 1809 663 1864 καὶ
693 1808 827 1872 Θεὸς
857 1807 1037 1880 ήμῶν,
1063 1811 1381 1884 ἀναστήσας
1422 1812 1587 1883 φύσιν
1625 1813 1833 1888 βροτῶν

1940 1811 2194 1883 angelus,
2228 1814 2275 1867 is
2303 1809 2613 1867 resurrexit
2639 1808 2898 1865 Christus
2927 1807 3075 1864 Deus
3102 1818 3315 1873 noster,
3338 1809 3535 1865 simul-

243 1902 372 1973 ᾅδου
402 1899 761 1973 κευθμὼνων.

312 1992 563 2089 Χσιερθιςἶ
597 1992 660 2046 τὸ
688 1990 999 2089 τρισόλϐιον
1031 1991 1211 2061 ξύλον,
1241 1996 1339 2051 καλ⁵
1387 1996 1557 2061 θεῖον.
1601 1998 1830 2071 σταυρὲ,

243 2083 360 2149 φῶς
397 2084 512 2145 τοῖς
546 2082 603 2135 έν
620 2081 828 2148 σκότει,
858 2083 1296 2158 δτετραπεράτῳ
1324 2087 1519 2160 κόσμῳ
1538 2092 1607 2161 τῇ
1634 2089 1836 2163 ἐλλάμ-

238 2174 332 2245 ψει
360 2176 427 2245 τῇ
466 2175 534 2245 σῇ
560 2172 831 2243 έγέρσεως
850 2174 1090 2246 Χριστοῦ
1130 2178 1457 2250 προδεικνὺς
1481 2181 1585 2246 τάς
1619 2183 1818 2254 αὐγάς.

254 2262 511 2329 Ἀξίωσον
541 2264 753 2330 πάντας
777 2265 1006 2331 πιστοὺς
1032 2265 1240 2336 φθάσαι
1268 2268 1333 2324 τὸ
1372 2270 1589 2343 Πάσχα.

311 2438 498 2513 Ταύτῃ
542 2440 611 2512 τῇ
641 2441 825 2513 ἡμέρα
857 2440 1074 2515 μυρίζει
1100 2442 1170 2498 τά
1218 2444 1369 2517 μύρα
1395 2445 1497 2519 τῆς
1525 2447 1680 2515 θείας
1726 2468 1835 2523 μυ..

245 2533 505 2605 ροθήκης,
538 2532 600 2587 τὸ
634 2530 1014 2605 ζωομύριστον
1043 2534 1204 2603 ξύλον
1249 2539 1279 2593 6
1308 2541 1548 2613 σταυρὸς
1575 2542 1674 2598 τοῦ
1694 2544 1833 2618 Χρι-

241 2623 392 2679 στοῦ.
435 2622 863 2695 Ὀσφρανθῶμεν
890 2625 990 2697 τῆς
1032 2625 1200 2681 αὐτοῦ
1227 2627 1591 2687 θεοπνεύστου
1635 2634 1832 2707 ὀδμῆς,

240 2717 407 2771 αὐτὸν
459 2716 895 2788 προσκυνοῦντες
943 2719 1157 2786 πιστῶς
1186 2722 1267 2784 είς
1293 2722 1424 2788 τοὺς
1461 2725 1687 2791 αίῶνας.

313 2807 508 2882 Δεῦρο,
554 2809 831 2865 Ἐλισσαῖε
889 2811 1168 2884 προφῆτα.
1208 2814 1331 2868 είπὲ
1373 2817 1657 2887 ἐμφανῶς,
1690 2819 1745 2875 τί
1770 2820 1834 2876 τὸ

240 2897 398 2966 ξύλον
427 2901 625 2965 έκεῖνο,
643 2899 673 2954 6
701 2902 782 2966 είς
800 2900 862 2955 τὸ
891 2900 1037 2975 ὕδωρ
1070 2903 1354 2975 καθῆκες;
1402 2908 1460 2960 ’0
1491 2910 1833 2982 σταυρὸςτοῦ

238 2993 501 3062 Χριστοῦ,
530 2993 599 3048 δι’
632 2986 695 3049 οὗ
727 2992 927 3064 βάθους
975 2995 1079 3066 τῆς
1132 2996 1341 3070 φθορᾶς
1371 3000 1831 3076 άνειλκύσθημεν,

236 3086 406 3141 αὐτὸν
429 3086 871 3157 προσκυνοῦντες
898 3087 1110 3154 πιστῶς
1131 3090 1214 3154 είς
1245 3090 1376 3155 τοὺς
1407 3092 1635 3159 αἰῶνας.

1936 1917 2047 1975 que
2071 1900 2389 1958 mortalium
2419 1909 2675 1956 naturam
2700 1914 2768 1955 ex
2800 1898 3001 1956 inferni
3030 1901 3208 1956 antris
3233 1900 3458 1973 eripuit.

2011 1991 2207 2058 Salve,
2252 2006 2288 2048 ο
2320 2000 2405 2048 ter
2435 1990 2660 2047 beatum
2687 1989 2923 2062 lignum,
2958 2001 3017 2047 et
3040 1990 3323 2058 divinum,
3352 2007 3488 2047 crux
3509 2030 3527 2052 .

1935 2084 2123 2142 lumen
2171 2084 2298 2151 his,
2346 2083 2440 2156 qui
2472 2082 2530 2139 in
2557 2082 2805 2139 tenebris
2878 2082 3107 2154 degunt,
3148 2098 3271 2155 quae
3322 2084 3530 2138 mundo

1934 2189 2167 2251 quatuor
2197 2177 2398 2233 ﬁnibus
2441 2176 2721 2233 constanti
2770 2176 3149 2233 illuStratione
3207 2185 3301 2231 tua
3341 2175 3529 2231 radios

1933 2270 2359 2329 resurrectionis
2399 2269 2607 2327 Christi
2658 2270 3128 2341 prmmonstrasti.
3167 2267 3423 2341 Dignare,
3468 2277 3532 2324 ut

1933 2378 2129 2421 omnes
2154 2362 2341 2419 ﬁdeles
2372 2361 2440 2418 ad
2475 2360 2691 2418 Pascha
2724 2360 3063 2435 pertingant.

2009 2455 2123 2511 Hac
2156 2454 2247 2510 die
2286 2453 2511 2511 odorem
2545 2454 2734 2509 halant
2764 2462 3053 2523 unguenta
3084 2467 3153 2508 ex
3184 2450 3388 2507 divinis
3414 2467 3531 2524 my-

1934 2538 2221 2617 rotheciis,
2255 2563 2390 2606 crux
2420 2547 2686 2603 nimirum
2724 2546 2881 2603 vitali
2926 2552 3212 2618 unguento
3262 2544 3527 2600 delibuta.

1936 2642 2246 2700 Odoremur
2278 2641 2587 2706 caelestem,
2624 2654 2791 2711 quam
2828 2638 3002 2704 halat,
3035 2652 3266 2706 auram;
3294 2652 3530 2709 eamque

1934 2751 2061 2794 cum
2092 2735 2197 2790 ﬁde
2234 2733 2529 2790 adoremus
2569 2732 2628 2787 in
2662 2730 2882 2787 saecula.

2006 2826 2234 2893 Adesto,
2268 2825 2488 2893 Elisae,
2518 2824 2610 2881 dic
2640 2824 2823 2895 palam
2852 2863 2871 2893 ,
2895 2823 3157 2895 quidnam
3204 2821 3413 2893 lignum
3457 2819 3528 2878 ιι-
3646 2894 3649 2897 Α

1933 2921 2051 2989 lud,
2080 2920 2231 2994 quod
2277 2922 2331 2977 in
2367 2935 2571 2992 aquam
2612 2919 2931 2976 demisisti?
2965 2918 3113 2975 Crux
3144 2917 3384 2985 Christi,
3416 2933 3528 2990 qua

1933 3025 2001 3066 ex
2035 3010 2311 3081 profundo
2345 3009 2606 3066 interitus
2635 3010 2873 3067 extracti
2907 3024 3151 3067 sumus:
3179 3023 3304 3066 eam
3333 3012 3534 3066 adora-

1935 3115 2062 3155 mus
2092 3100 2325 3155 ﬁdeliter
2354 3099 2410 3154 in
2441 3099 2663 3159 saecula.

312 3176 487 3232 Πάλαι
503 3175 721 3242 Ἰακὼϐ,
756 3177 1058 3250 προτυπῶν
1073 3179 1169 3235 τὸν
1189 3184 1426 3254 σταυρόν
1452 3201 1569 3250 σου,
1596 3185 1826 3258 Χριστὲ,

2002 3189 2174 3247 Jacob
2207 3192 2339 3248 olim
2376 3191 2742 3264 praeﬁgurans
2777 3206 3000 3248 crucem
3047 3200 3196 3247 tuam
3223 3230 3241 3257 ,
3280 3190 3527 3258 Christe,

249 3271 452 3342 Ἰωσὴφ
486 3272 813 3343 προσεκύνει
845 3272 946 3345 τῆς
981 3272 1133 3339 θείας
1194 3274 1395 3347 ῥάϐδου
1450 3276 1545 3331 τὸν
1611 3280 1783 3351 ἄκρον
1813 3319 1831 3346 ,

238 3363 524 3434 σκῆπτρον
551 3363 758 3434 ταύτην
815 3364 1066 3437 φρικτὸν,
1138 3365 1421 3439 βασιλείας
1467 3386 1529 3424 τε
1578 3370 1680 3442 τῆς
1731 3371 1834 3445 σῆς

234 3452 650 3525 προορώμενος,
679 3453 742 3509 ὸν
765 3453 861 3510 νῦν
890 3457 1329 3530 προσκυνοῦντες
1356 3460 1568 3527 πιστῶς
1597 3462 1677 3529 εἰς
1702 3463 1833 3530 τοὺς

234 3546 471 3611 αίῶνας.

845 3635 1189 3707 Τριαδικόν.

314 3734 460 3789 Μίαν
492 3735 552 3788 tv
582 3734 733 3807 τρισὶ
770 3739 1150 3811 χαρακτῆρσιν
1172 3739 1367 3795 ούσίαν
1395 3738 1610 3806 δοξάζω
1655 3741 1832 3811 άσυγ-

236 3827 442 3900 χύτως,
477 3829 920 3902 μονοπροσώπως
942 3832 1013 3886 τά
1042 3832 1195 3903 τρία.
1228 3832 1364 3888 Οὐδὲ
1405 3833 1591 3905 τέμνω
1644 3836 1831 3907 μορφῇ

234 3921 335 3975 τὸν
361 3921 580 3993 Πατέρα
609 3926 702 3978 καὶ
730 3922 861 3978 Υίὸν
898 3924 997 3979 σὺν
1025 3924 1104 3996 τῷ
1136 3925 1439 3997 Πνεύματι.
1470 3919 1569 3990 Εἷς
1594 3925 1706 3998 γάρ
1736 3927 1834 3981 ἐπὶ

239 4013 466 4067 πάντων
493 4013 627 4078 Θεὸς
665 4016 748 4079 είς
773 4016 901 4078 τοὺς
926 4015 1149 4080 αἰῶνας.

859 4108 1201 4164 Θεοτόκιον.

312 4195 464 4267 Μόνη
496 4196 556 4250 ὲν
606 4198 878 4269 μητράσιν
919 4199 1186 4273 ὲδείχθης,
1224 4200 1501 4271 Παρθένος
1560 4201 1832 4274 θεόνυμφε

240 4291 454 4362 Μαρία,
486 4291 616 4345 ἄνευ
657 4292 849 4365 ἀνδρὸς
890 4298 1144 4349 τετοκυῖα
1180 4296 1272 4350 τὸν
1300 4297 1530 4366 Σωτῆρα
1594 4298 1833 4370 Χριστὸν

240 4384 346 4454 τῆς
378 4384 601 4455 ἁγνείας
628 4386 727 4455 τὴν
758 4388 1035 4458 σφραγίδα
1062 4389 1369 4459 φυλάξασα.
1406 4390 1476 4445 Σὲ
1522 4391 1831 4465 μακαριοῦ-

245 4490 348 4545 μεν
403 4475 587 4529 πιστοὶ
611 4477 693 4540 είς
720 4477 846 4540 τοὺς
885 4476 1111 4541 αἰῶνας.

844 4570 1211 4626 Καταὸασία.

313 4657 516 4730 Χεῖρας
550 4658 610 4712 ὲν
638 4656 718 4731 τῷ
750 4659 941 4734 λάκκῳ
970 4661 1189 4733 βληθεὶς
1210 4662 1319 4716 τῶν
1340 4662 1576 4717 λεόντων
1623 4664 1774 4728 ποτὲ.
1801 4666 1831 4719 6

250 4752 422 4816 μέγας
456 4752 515 4804 έν
542 4752 853 4822 προφήταις
896 4754 1261 4826 σταυροειδῶς
1290 4755 1603 4819 ἐκπετάσας
1629 4756 1831 4828 Δανιὴλ

250 4839 510 4912 ἀϐλαϐὴς,
544 4842 609 4895 ὲκ
633 4844 730 4913 τῆς
753 4843 960 4898 τούτων
988 4846 1393 4918 καταϐρώσεως
1417 4849 1710 4919 σέσωσται,
1738 4851 1831 4905 εύ-

245 4932 420 5003 λογῶν
452 4932 711 5002 Χριστὸν,
742 4934 835 4989 τὸν
869 4936 1002 4991 Θεὸν
1038 4940 1119 5003 είς
1140 4940 1266 5005 τοὺς
1289 4939 1511 5005 αίῶνας.

910 5070 1042 5141 om
1090 5070 1171 5127 tr.

329 5179 418 5233 Ἐν
447 5179 606 5253 τάφῳ
637 5179 929 5252 κατῆλθες,
950 5184 979 5236 6
1003 5184 1273 5258 ζωοδότης
1293 5186 1564 5257 καὶξΘεὸς,
1587 5187 1683 5243 καὶ
1709 5205 1835 5244 συν-

248 5269 475 5341 έτριψας
528 5272 730 5336 πάντα.
765 5271 993 5344 κλείθρά
1025 5291 1084 5328 τε
1128 5277 1221 5328 κοιλ⁵
1261 5278 1387 5340 τοὺς
1438 5276 1692 5348 μοχλοὺς,
1738 5280 1835 5334 καὶ

244 5365 373 5426 τοὺς
405 5365 633 5435 νεκροὺς
661 5364 1049 5437 ὲξανέστησας,
1076 5366 1203 5433 δόξα
1226 5370 1293 5440 τῇ
1312 5371 1379 5441 σῇ
1401 5368 1639 5440 ἐγέρσει,
1664 5368 1832 5442 βοῶν-

246 5471 368 5520 τας,
397 5454 603 5526 Χριστὲ
632 5454 823 5528 Σωτὴρ
856 5457 1237 5531 παντοδύναμε

329 5544 389 5602 ’0
412 5548 581 5619 τάφος
649 5548 796 5621 ζωήν
825 5566 939 5620 μοι,
975 5551 1200 5623 Χριστὲ,
1236 5550 1530 5607 ἀνέϐλυσεν
1563 5555 1593 5608 6
1622 5553 1733 5620 σός.
1773 5554 1835 5610 '0

248 5638 470 5709 κρατῶν
508 5642 609 5712 τῆς
639 5641 784 5713 ζωῆς
815 5642 947 5712 γὰρ,
976 5642 1206 5708 ἐπιστάς
1244 5643 1477 5715 ἐϐόησας
1504 5646 1619 5709 τοῖς
1644 5662 1832 5701 κατοι-

253 5728 442 5786 κοῦσιν
472 5734 530 5788 έν
557 5733 857 5805 μνήμασιν·
881 5736 943 5789 Ol
964 5736 1023 5789 εν
1048 5736 1296 5809 δεσμοῖς,
1328 5736 1549 5809 λύθητε.
1567 5737 1708 5811 Ἐγὼ
1723 5737 1834 5813 γὰρ

252 5819 350 5875 τοῦ
380 5822 588 5894 κόσμου
630 5824 827 5897 λύτρον
851 5824 1108 5898 ὶλήλυθα.

1858 4541 1907 4603 D

1934 3284 2198 3342 adorabat
2244 3284 2528 3357 fastigium
2574 3285 2778 3341 divinat
2826 3285 2993 3356 virgae
3022 3285 3232 3356 Ioseph
3261 3322 3278 3349 ,
3334 3283 3529 3355 praevi-

1933 3377 2072 3433 dens
2119 3394 2241 3433 eam
2283 3393 2408 3434 esse
2453 3377 2607 3450 regni
2666 3377 2746 3433 tui
2799 3388 3077 3448 sceptrum
3128 3377 3479 3434 tremendum
3508 3416 3527 3445 ,

1934 3482 2100 3538 quam
2138 3481 2289 3523 nunc
2312 3465 2550 3523 ﬁdeliter
2583 3465 2640 3522 in
2668 3464 2872 3522 saecula
2904 3464 3230 3521 adoramus.

2555 3643 2886 3701 Triadicum.

2006 3736 2182 3795 Unam
2212 3739 2268 3794 in
2313 3737 2491 3794 tribus
2526 3736 2781 3808 personis
2819 3736 3189 3793 substantiam
3240 3735 3531 3794 inconfuse

1935 3828 2201 3900 glorilico.
2224 3825 2412 3898 Neque
2436 3837 2549 3883 tres
2580 3821 2777 3881 natura
2806 3826 2993 3881 divido
3022 3826 3267 3894 Patrem,
3297 3826 3524 3895 Filium,

1934 3930 1991 3978 et
2023 3919 2287 3993 Spiritum
2316 3930 2594 3977 sanctum.
2641 3918 2794 3975 Unus
2837 3919 2987 3974 enim
3014 3917 3162 3975 Deus
3197 3928 3283 3976 est
3318 3919 3375 3975 in
3406 3936 3527 3976 om-

1934 4013 2122 4070 nibus.

2549 4101 2915 4158 Theotoct'um.

2005 4196 2131 4251 Sola
2161 4196 2303 4251 inter
2331 4202 2538 4250 matres
2570 4191 2740 4264 Virgo
2770 4206 2833 4248 es
2853 4231 2871 4258 ,
2927 4190 3022 4247 Dei
3064 4205 3269 4262 sponsa
3314 4189 3487 4247 Maria
3508 4233 3525 4259 ,

1934 4304 2056 4361 quae
2083 4289 2204 4345 siue
2227 4287 2347 4342 viro
2379 4285 2642 4358 peperisti
2683 4282 3027 4340 Salvatorem
3060 4282 3347 4339 Christum
3371 4321 3389 4348 ,
3423 4297 3529 4355 pu-

1932 4382 2135 4438 dicitia:
2172 4388 2278 4435 tum
2308 4378 2595 4452 signaculo
2626 4376 2931 4434 custodito.
2967 4371 3049 4433 Te
3090 4390 3192 4432 nos
3245 4374 3435 4433 ﬁdeles
3469 4376 3526 4431 in

1934 4474 2135 4531 saecula
2170 4473 2389 4530 beatam
2419 4471 2873 4545 praedicabimus.

2565 4560 2888 4617 Calabasia.

2002 4656 2232 4729 Magnus
2262 4655 2528 4730 propheta
2566 4654 2756 4710 Daniel
2782 4654 2991 4710 missus
3028 4652 3310 4723 quondam
3356 4666 3413 4706 tn
3438 4649 3526 4705 la-

1930 4767 2053 4809 cum
2102 4752 2320 4805 leonum
2342 4791 2359 4818 ,
2390 4748 2651 4805 manibus
2680 4748 2866 4805 crucis
2900 4746 2957 4803 in
2994 4746 3234 4817 speciem
3267 4745 3526 4815 expansis

1932 4846 2222 4901 incolumis
2267 4860 2335 4898 ex
2383 4842 2638 4898 faucibus
2687 4841 2997 4897 bestiarum
3042 4836 3252 4905 evasit,
3299 4835 3525 4892 benedi-

1930 4956 2062 4998 cens
2089 4938 2375 4995 Christum
2402 4937 2575 4993 Deum
2617 4936 2673 4992 in
2705 4934 2928 4993 saecula.

2564 5068 2706 5126 ODA
2744 5067 2885 5125 Vlll.

2006 5185 2090 5243 'l‘u
2128 5184 2223 5256 qui
2256 5183 2379 5240 vita:
2405 5183 2635 5255 largitor
2666 5198 2729 5239 es
2769 5192 2827 5238 et
2865 5181 3044 5248 Deus,
3098 5181 3153 5237 in
3206 5182 3519 5253 sepulcrum

1934 5280 2306 5345 descendisti,
2359 5288 2415 5333 et
2462 5277 2647 5333 omnia
2682 5277 2920 5334 claustra
2965 5285 3258 5345 vectesque
3301 5274 3521 5329 confre-

1935 5374 2085 5445 gisti,
2109 5381 2165 5428 et
2189 5371 2390 5427 mortui
2419 5379 2873 5436 resurrexerunt,
2921 5369 3098 5441 gloria
3126 5365 3521 5423 resurrectioui

1936 5475 2064 5530 tum,
2094 5464 2310 5521 Christe
2346 5461 2597 5519 Salvator
2629 5464 3002 5532 omnipotens.

2010 5556 2331 5628 Sepulcrum
2363 5567 2542 5619 tuum.
2595 5555 2840 5622 Christe,
2871 5553 3043 5608 vitam
3077 5550 3212 5607 mihi
3238 5549 3518 5623 produxit.

1937 5648 2203 5707 Dominus
2226 5650 2370 5706 enim
2397 5650 2542 5716 vitae,
2562 5648 2935 5704 habitantibus
2955 5647 3010 5701 in
3038 5644 3519 5717 sepulcrisﬁmagna

1938 5755 2073 5797 voce
2106 5740 2443 5797 acclamasti.
2482 5740 2770 5797 Solvitttitti
2794 5780 2812 5804 ,
2844 5737 2937 5808 qui
2977 5737 3032 5792 in
3076 5735 3315 5791 vinculis
3358 5733 3519 5792 estis.

1942 5831 2056 5903 Ege
2085 5833 2253 5899 enim,
2285 5833 2378 5903 qui
2416 5831 2601 5888 mundi
2637 5845 2760 5886 sum
2793 5829 3012 5891 solutio,
3044 5829 3157 5900 jam
3190 5826 3405 5892 adveni.
