4122 6382
309 440 444 506 1769

1229 436 1476 499 CANON
1527 435 1607 495 IN
1647 427 2078 494 ERECTIO‘NE
2121 425 2226 488 SS.
2266 421 2687 484 IMAGINUM.

3467 425 3569 485 770

388 551 664 622 Ἐπεφάνη
692 549 909 622 ἀληθῶς
948 551 980 620 ἠ
1008 548 1128 603 Θεία
1158 547 1314 619 χάρις
1344 548 1409 618 τῇ
1439 545 1734 615 οἰκουμένῃ
1755 539 1878 606 δόξα

2057 530 2320 604 Apparuit
2349 533 2536 585 revera
2564 527 2746 583 divina
2787 525 2956 596 gratia
2979 569 2994 592 ,
3036 525 3090 582 et
3136 528 3393 586 universo
3428 534 3546 588 orbi

308 648 401 701 καὶ
427 645 561 717 τιμὴ
593 644 1000 714 πεφανέρωται·
1039 642 1238 712 σκιρτᾷ
1279 637 1576 710 Ἐκκλησία
1609 633 1881 706 δεξαμένη

305 744 404 813 τὴν
433 739 644 809 στολὴν,
677 737 774 806 τῆς
805 735 1007 802 ἑαυτῆς
1033 733 1388 803 γυμνώσεως.
1756 769 1761 774 .

375 916 480 970 Τὸν
511 912 715 986 χιτῶνα
757 912 851 966 τοῦ
899 909 1137 984 Χριστοῦ
1186 911 1585 984 διερρηγμένον
1639 909 1744 964 ὑπὸ
1785 909 1881 964 τοῦ

307 1005 510 1059 πλάνου
562 1003 657 1058 καὶ
711 998 1146 1073 φαρμακουργοῦ
1215 999 1464 1055 Ἰωάννου
1511 999 1572 1053 τὸ
1621 999 1770 1071 πρὶν,
1834 1001 1884 1052 οἱ

307 1098 442 1152 θεῖοι
493 1091 736 1173 Πατέρες
783 1091 1148 1163 ὲξυφάναντες
1191 1091 1403 1162 σαφῶς,
1457 1093 1524 1162 τῇ
1583 1090 1882 1162 Ἐκκλησία

306 1188 597 1244 δεδώκασι.

375 1281 483 1334 Τοῦ
511 1278 720 1350 Κυρίου
762 1277 863 1350 τὴν
915 1277 1128 1350 μορφὴν
1173 1275 1524 1332 ἀπολαϐοῦσα
1573 1278 1608 1349 ἡ
1651 1276 1883 1344 Ἐκκλης

311 1374 418 1438 σία,
449 1374 629 1444 χαίρει
681 1371 777 1426 καὶ⁸
811 1372 1005 1443 σκιρτᾷ
1035 1371 1132 1424 σὺν
1173 1373 1288 1434 τοῖς
1334 1371 1545 1432 τέκνοις
1587 1370 1776 1440 αὐτῆς,
1808 1369 1883 1431 ὡς

305 1467 466 1538 νίκης
493 1462 720 1538 βραὸεἴα
741 1464 1007 1536 δεξαμένη
1039 1463 1166 1536 παρ’
1194 1462 1382 1528 αὐτοῦ,
1411 1461 1718 1534 όρθοδοξίας
1743 1461 1882 1531 σύμ-

308 1557 464 1612 ϐολα.

377 1641 834 1718 Αίσχυνθήτωσαν
877 1645 1083 1712 λοιπὸν,
1115 1645 1212 1700 καὶ
1249 1645 1678 1716 ὲντραπήτωσαν
1711 1661 1883 1715 μεμη⁹

307 1741 463 1805 νότες
483 1755 497 1769 ³
531 1740 702 1810 Λήζιξ
725 1740 754 1792 ὁ
780 1740 972 1804 δεινὸς,
998 1739 1095 1792 καὶ
1134 1737 1440 1802 Ἀντώνιος,
1463 1737 1562 1790 σὺν
1579 1735 1659 1809 τῷ
1695 1737 1880 1791 Ἰωάν-

307 1849 396 1904 νῃ,
430 1833 525 1886 καὶ
570 1832 841 1903 Θεόδωρος
867 1833 1091 1904 ἀμφοῖν,
1124 1831 1176 1885 οἱ
1212 1832 1444 1904 ἀρνητα)⁸
1473 1831 1571 1900 τῆς
1617 1829 1873 1893 πίστεως.

387 2014 648 2078 Ἶωαννὶς,
681 2015 777 2070 καὶ
802 2013 1049 2086 ’Ῑαμϐρὶς
1073 2014 1462 2084 ἀνθεστηκότες
1482 2016 1561 2088 τῷ
1590 2015 1879 2088 νομοθέτῃ,

306 2107 474 2160 πάλαι
529 2108 738 2176 Μωῦσῇ
790 2105 1265 2180 κατῃσχύνθησαν.
1304 2108 1443 2161 Νυνὶ
1501 2108 1559 2162 δὲ
1601 2110 1630 2162 ὁ
1680 2108 1883 2172 πλάνος

317 2195 572 2266 Ἰωάννης
598 2195 834 2266 ἀληθῶς,
869 2199 966 2252 σὺν
1005 2196 1278 2268 Ἀντωνίῳ
1301 2196 1630 2252 δείκνυνται.

375 2372 447 2426 Σὺ
485 2372 796 2446 διέρῤηξας,
829 2375 1052 2444 Χριστὲ,
1086 2377 1185 2448 τὴν
1219 2377 1484 2450 ξυνωρίδα
1523 2379 1632 2434 τῶν
1681 2380 1881 2450 θεομά-

299 2477 431 2532 χων,
465 2461 559 2515 καί⁹
594 2463 686 2550 τὸν
717 2462 1008 2536 στολισμὸν
1050 2465 1396 2531 ἀποδέδωκας
1442 2471 1509 2539 τῇ
1550 2472 1616 2540 σῇ
1657 2470 1884 2550 Ἐκκλητ

302 2552 416 2624 σία,
448 2553 592 2624 ὑπὲρ
627 2549 696 2626 ἧς
723 2554 800 2619 ὡς
829 2556 1052 2623 ἀγαθὸς,
1081 2556 1143 2610 τὺ
1178 2553 1319 2629 αἶ’μά
1353 2577 1447 2614 σου
1487 2560 1732 2633 ἐξέχεας.

373 2731 402 2786 θ
450 2733 548 2806 (2).
588 2735 656 2788 Σὲ
699 2736 893 2808 Τριάς,
929 2738 1198 2808 Θεολογῶ,
1230 2742 1324 2795 καὶ⁸
1354 2745 1648 2812 προσκυνῶ
1699 2765 1794 2802 σου
1823 2751 1884 2802 τδ

298 2824 445 2878 θεῖον
483 2825 704 2898 κράτος·
731 2827 893 2897 ῥῦσαι
927 2831 1251 2903 πειρασμῶν
1275 2835 1338 2886 ὲκ
1367 2826 1638 2890 παντοίων
1667 2855 1754 2906 με.
1784 2840 1878 2903 Εἰς

299 2917 362 2970 σὲ
408 2917 517 2990 γάρ
548 2919 790 2974 πιστεύω
818 2921 908 2976 τὸν
939 2923 1182 2995 Πατέρα,
1215 2927 1310 2980 κα)⁸
1341 2927 1487 2994 Υίὸν,
1524 2929 1620 2984 καὶ
1663 2931 1884 3003 Πνεῦμα

293 3010 359 3062 τὸ
393 3012 682 3080 πανάγιον.

362 3182 412 3237 θ’
449 3183 548 3256 (3).
572 3186 684 3256 Τὴν
704 3187 972 3258 βασίλειον
997 3193 1190 3262 στολὴν
1217 3196 1280 3249 ὲκ
1313 3197 1430 3265 σοῦ,
1459 3199 1724 3270 Παρθένε,
1749 3203 1882 3268 Θείς

1989 627 2166 682 honor
2189 632 2243 678 et
2271 622 2441 692 gloria
2471 629 2557 676 est
2588 618 2966 674 manifestata.
2996 620 3250 675 Exsultat
3279 633 3567 694 propterea

1987 715 2193 774 Christi
2227 713 2470 770 Ecclesia
2497 753 2514 777 ,
2561 721 2780 782 recepta
2832 712 2971 767 stola
2994 754 3008 778 ,
3043 727 3150 782 qua
3190 712 3370 770 fuerat
3408 726 3568 771 antea

1986 818 2173 865 exuta.

2056 899 2262 956 Christi
2309 907 2518 954 vestem
2577 907 2733 952 antea
2790 897 3120 966 discerptam
3181 913 3211 952 a
3279 899 3568 954 seductorn,

1987 1001 2040 1046 et
2070 993 2491 1062 pharmacorum
2536 989 2934 1044 concinnatore
2965 987 3177 1042 Joanne
3227 990 3405 1045 sancti
3462 990 3567 1044 Pa—

1986 1096 2098 1140 tres
2128 1085 2325 1138 iterum
2358 1087 2716 1136 contexentes
2741 1123 2756 1147 ,
2805 1081 3066 1136 Ecclesia:
3111 1081 3258 1135 illam
3309 1083 3569 1137 restitue-

1986 1186 2133 1231 τυιη.

2058 1269 2274 1324 Domini
2323 1269 2556 1340 ﬁguram
2601 1281 2892 1322 resumens
2937 1265 3184 1322 Ecclesia
3211 1308 3226 1331 ,
3268 1267 3469 1348 gaudet
3511 1281 3570 1322 et

1985 1361 2220 1417 exsultat
2265 1376 2375 1417 una
2407 1366 2544 1417 cum
2586 1359 2712 1414 ﬁliis
2750 1359 2866 1415 suis
2893 1400 2908 1425 ,
2955 1375 3080 1414 cum
3137 1359 3204 1412 ah
3251 1359 3346 1414 illo
3393 1360 3566 1416 victo-

1987 1453 2084 1508 riae
2114 1451 2364 1508 bravium
2397 1451 2670 1523 acceperit
2713 1460 2875 1507 rectae
2906 1451 3162 1507 v—ideliCet
3209 1450 3336 1507 ﬁdei
3378 1467 3566 1508 sacra-

1986 1554 2190 1600 menta.

2056 1636 2484 1694 Confundantur
2525 1636 2580 1690 in
2615 1643 2900 1707 posterum
2927 1677 2942 1701 ,
2989 1645 3044 1690 et
3094 1644 3448 1690 revereantur
3481 1635 3567 1688 in-

1985 1732 2111 1787 sani
2144 1731 2255 1800 illi,
2307 1727 2502 1786 Lezius
2532 1728 2608 1800 (l)
2650 1729 2861 1785 scilicet
2889 1727 3078 1784 furens
3104 1769 3120 1792 ,
3173 1736 3227 1782 et
3254 1726 3524 1782 Antonius
3549 1768 3564 1789 ,

1985 1838 2092 1876 una
2114 1837 2236 1877 cum
2256 1820 2487 1887 Joanne,
2505 1831 2561 1875 et
2581 1820 2891 1886 Theodoro,
2921 1819 3190 1875 ambobus
3218 1818 3340 1873 ﬁdei
3367 1819 3555 1874 deser—

1917 1933 1958 1988 Β
1990 1911 2222 1978 toribus,

2052 2003 2294 2061 Joannes
2342 2016 2397 2062 et
2433 2005 2676 2061 Mamhre
2716 2003 3018 2073 legislatori
3049 2003 3183 2060 Mosi
3210 2003 3339 2058 olim
3367 2003 3567 2057 adver-

1984 2097 2125 2162 sati,
2177 2097 2246 2153 ab
2294 2099 2416 2168 ipso
2455 2098 2610 2154 fuere
2649 2095 2912 2152 confusi:
2956 2095 3104 2150 nune
3134 2109 3266 2149 vero
3310 2094 3567 2149 seductor

1981 2185 2222 2242 Joannes
2262 2203 2372 2243 una
2411 2203 2536 2244 cum
2575 2187 2818 2242 Antonio
2844 2224 2861 2254 ,
2905 2186 3094 2243 eadem
3122 2186 3271 2257 passi
3311 2197 3557 2242 noscun-

1986 2288 2095 2334 ιυΓ.
2401 2293 2406 2298 ’

2069 2372 2176 2438 Το,
2220 2370 2473 2438 Christe,
2526 2371 2622 2426 Dei
2669 2371 2859 2426 hostes
2889 2369 3191 2440 dissipasti,
3232 2379 3287 2425 et
3317 2380 3422 2426 tua:
3461 2368 3570 2425 Ec-

1983 2463 2164 2519 clesiae
2221 2477 2380 2518 suum
2443 2464 2701 2520 decorem
2753 2461 3084 2529 reddidisti,
3141 2478 3240 2532 pro
3299 2479 3449 2535 qua,
3506 2474 3567 2518 ut

1983 2562 2159 2613 bonus
2215 2565 2449 2628 pastor,
2503 2559 2829 2629 sanguinem
2884 2567 3037 2612 tuum
3092 2555 3303 2613 l‘udisti.
3365 2556 3553 2612 Gloria

1985 2649 2156 2704 Patri.

2054 2741 2132 2798 Te
2183 2741 2508 2798 Trinitatem
2537 2781 2554 2806 ,
2602 2758 2776 2797 unum
2819 2731 2992 2798 Deum
3046 2757 3286 2816 agnosco
3333 2751 3388 2798 et
3430 2757 3566 2798 con-

1985 2835 2184 2901 ﬁteor,
2236 2844 2290 2890 et
2328 2843 2479 2890 tuam
2526 2834 2768 2890 divinam
2815 2836 3113 2906 petentiam
3164 2836 3352 2899 adoro,
3395 2835 3566 2890 libera

1984 2943 2092 2992 me,
2129 2943 2336 2998 quaeso,
2371 2929 2438 2983 ab
2489 2928 2748 2984 omnibus
2790 2928 3206 2984 tentationibns.
3245 2927 3300 2982 ln
3335 2936 3387 2983 te
3419 2925 3566 2982 enim

1985 3021 2148 3075 credo
2173 3060 2188 3084 ,
2223 3021 2437 3076 Patrem
2459 3061 2475 3087 ,
2507 3035 2563 3076 et
2591 3021 2794 3076 Filium
2818 3063 2833 3088 ,
2863 3030 2920 3078 et
2945 3021 3357 3078 sanctissimum
3397 3018 3570 3090 Spiri-

1989 3126 2130 3170 tum.
3222 3133 3223 3136 ‘

2070 3206 2292 3278 Regiam
2327 3208 2546 3272 stolam,
2581 3223 2649 3262 ex
2680 3215 2755 3269 te,
2784 3205 2945 3280 Virgo
2966 3208 3109 3263 Deus
3137 3215 3357 3276 gestans
3390 3206 3570 3260 homi-

289 3279 564 3350 φορὲαας,
582 3279 736 3353 ὤφθη
761 3285 881 3370 Δτοῖς
904 3283 1116 3356 βροτοῖς
1143 3287 1636 3363 ἀνθρωπόμορφος,
1665 3294 1878 3350 διπλοῦς

1997 3272 2462 3370 nibnsvapparuit,
2496 3300 2549 3353 in
2581 3299 2865 3354 hominum
2878 3272 3078 3355 'forma
3098 3341 3112 3364 ,
3141 3272 3346 3369 duplex
3382 3313 3570 3354 secun-

288 3372 415 3424 κατ’
447 3371 634 3426 οὐσίαν
657 3389 670 3402 ·
710 3367 775 3428 οὗ
796 3377 857 3430 τὸ
881 3372 1020 3442 εἶδος
1041 3377 1162 3449 ,τῆς
1195 3383 1409 3453 μορφῆς
1438 3385 1497 3438 ἐν
1519 3388 1882 3459 προσκυνήσει

287 3463 384 3535 ἔχο
390 3481 521 3536 μεν.

967 3563 1102 3634 om
1143 3556 1218 3620 r'.

364 3647 772 3718 Εὕφραίνεσθε,
826 3653 1069 3719 ἅπαντες
1117 3659 1270 3728 χοροὶ
1308 3651 1574 3732 Πατέρων
1621 3666 1713 3719 καὶ
1747 3667 1882 3720 ἀπο-

285 3739 528 3806 στόλων,
557 3739 902 3812 καθορῶντες
949 3743 1047 3817 τὴν
1089 3749 1460 3822 προσκύνησιν
1481 3753 1590 3806 τῶν
1633 3757 1877 3824 εἰκόνων,

283 3833 430 3902 ἤνπε
440 3852 478 3902 ρ
509 3833 768 3904 ἐμφανῶς
797 3837 1172 3906 παρεδώκατε.

359 4010 439 4064 Τὸ
478 4010 675 4075 κάλλος
701 4030 802 4083 μου
829 4013 1043 4082 ἔλαϐον,
1087 4017 1182 4070 καὶ
1210 4018 1312 4090 τὴν
1350 4023 1547 4094 στολήν
1571 4041 1673 4092 μου
1699 4027 1880 4080 ἐνεδυ-

290 4103 508 4173 σάμην,
559 4103 808 4158 ἐκὸοάτω
850 4107 883 4176 ή
931 4108 1271 4178 πανάμωμος
1338 4111 1671 4187 Ἐκκλησία,
1703 4118 1880 4190 ἥνπερ

303 4194 568 4264 Ἰωάννης
592 4194 858 4262 ὲξέδυσεν.

364 4285 729 4357 Αίσχύνθητε,
779 4288 970 4361 ἄνομοι
991 4293 1432 4364 αἱρεσχελοῦντες
1466 4299 1608 4354 κατά
1635 4303 1839 4374 Κυρίου
1861 4321 1876 4338 ο

289 4380 588 4452 ὲσαρκὼθη
621 4383 718 4435 καὶ
755 4383 928 4457 ἐφάνη
964 4387 1072 4456 γὰρ
1098 4390 1158 4440 ὲν
1176 4391 1346 4446 εἰκόνι
1365 4409 1379 4422 ο
1405 4393 1580 4467 ἥνπερ
1610 4399 1876 4468 σχετικῶς

287 4472 677 4544 ἀσπαζόμεθα.

362 4649 448 4702 Τά
485 4649 689 4722 βέϐηλα
729 4654 993 4727 δόγματα,
1040 4660 1134 4712 καὶ
1177 4661 1275 4725 τὰς
1312 4661 1581 4732 ἀθέσμους
1623 4665 1875 4720 διδασκα-

285 4736 412 4801 λίας
461 4739 707 4795 Ἰωάννου
737 4744 832 4797 τοῦ
860 4747 1212 4820 παράφρονος
1261 4751 1344 4815 τίς
1363 4752 1567 4819 ἐξείποι
1591 4793 1605 4818 ,
1636 4757 1872 4826 τρόπους

283 4831 583 4898 δελφικοὺς
605 4835 981 4909 ὲκτιθέμενος;

373 4924 654 4998 Ἀνάθεμα
673 4929 891 5000 Λήζικι,
915 4935 1009 4987 κα)⁸
1041 4936 1263 5011 Ἰωάννῃ
1285 4938 1381 4993 σὺν
1421 4940 1712 5012 Ἀντωνίῳ,
1736 4941 1868 4994 Θεο-

281 5017 453 5088 δώρῳ
476 5018 557 5089 τῷ
589 5021 734 5092 ἀθέῳ
762 5040 822 5076 τε
871 5027 966 5078 καὶ
994 5026 1319 5101 βλασφήμῳ,
1346 5030 1464 5102 ἅμα
1487 5031 1728 5104 Θεοδότῳ
1758 5050 1868 5087 πα-

283 5112 552 5182 ράφρονι.

357 5205 404 5258 Τ
407 5205 444 5258 ἀ
474 5205 684 5276 αἵματα
699 5209 982 5279 κράζουσι,
1012 5214 1080 5268 τά
1111 5216 1412 5286 ἐκχυθέντα
1432 5219 1571 5289 ὑπὲρ
1593 5221 1690 5292 τῆς
1720 5219 1872 5285 θείας

282 5299 644 5371 σαρκοφόρου
681 5303 994 5373 ὁμοιώσεως
1039 5306 1136 5360 τοῦ
1171 5311 1467 5378 Δεσπὸτου,
1498 5312 1650 5382 ἅπερ,
1684 5312 1869 5366 Ἰωάν-

278 5411 382 5464 νης
414 5391 656 5462 ἐξέχεεν.
939 5385 945 5392 ’

1984 3391 2115 3446 dum
2151 3391 2448 3446 essentiam
2471 3430 2487 3455 ,
2519 3389 2680 3460 cujus
2709 3389 2940 3462 eilig‘ient
2988 3401 3052 3460 et.
3085 3390 3312 3461 ﬁguram
3344 3403 3571 3445 venera-

1986 3498 2134 3538 mur.

2647 3571 2782 3628 ODA
2835 3574 2900 3630 II.

2054 3669 2322 3736 Gaudete,
2367 3677 2560 3724 omnes
2627 3678 2944 3724 sanctorum
3005 3666 3228 3722 Patrum
3287 3676 3462 3723 coetus
3517 3675 3571 3721 et

1983 3763 2359 3834 apostolorum
2402 3763 2645 3824 chorus,
2704 3760 3063 3830 respicientes
3121 3759 3424 3830 imaginum
3477 3776 3570 3812 vn-

1983 3854 2366 3919 neratiouem,
2412 3863 2577 3923 quam
2633 3865 2732 3907 vos
2785 3851 2888 3922 ipsi
2939 3851 3097 3906 nobis
3159 3861 3348 3919 aperte
3401 3853 3570 3905 tradi-

1985 3943 2168 3999 distis.
3335 3931 3344 3937 ’

2053 4033 2524 4090 Pulchritudinem
2577 4047 2759 4088 meam
2811 4032 3017 4101 accepi,
3053 4041 3110 4086 et
3142 4031 3310 4086 decus
3355 4043 3562 4095 meum,

1983 4143 2045 4192 ac
2076 4143 2195 4183 mea
2240 4128 2378 4182 stola
2419 4141 2540 4182 sum
2576 4125 2792 4190 induta,
2835 4126 3035 4180 clamet
3078 4125 3432 4181 immaculata
3465 4123 3561 4178 Dei

1980 4219 2244 4282 Ecclesia,
2271 4235 2380 4290 qua
2411 4219 2560 4275 illam
2581 4218 2822 4274 Joannes
2845 4230 3094 4275 exuerat.

2049 4311 2463 4366 Confundim‘ini
2518 4310 2672 4381 impii
2719 4311 3008 4364 adversum
3072 4309 3366 4364 Dominum
3410 4308 3566 4363 obla-

1980 4413 2186 4458 trantes
2225 4417 2491 4471 ;carnem
2539 4403 2684 4458 enim
2747 4405 3069 4473 assumpsit.
3128 4413 3182 4458 et
3231 4404 3565 4474 apparuitin

1979 4495 2233 4566 imagine,
2279 4511 2446 4567 quam
2497 4511 2600 4552 nos
2651 4495 2718 4551 ad
2756 4496 2940 4567 ipsum
2986 4495 3306 4560 referentes,
3337 4511 3566 4550 veneras-

1907 4617 1952 4673 Ι)
1985 4603 2128 4640 mur.

2050 4678 2218 4749 impia
2265 4680 2540 4748 degmata,
2593 4687 2648 4734 et
2709 4678 2933 4733 insanas
2987 4678 3281 4732 doctrinas
3335 4679 3568 4734 amentis

1975 4770 2205 4826 Joannis
2261 4773 2388 4841 quis
2417 4771 2670 4827 enarret?
2719 4770 2844 4841 quis
2878 4770 2998 4840 ejus
3047 4779 3259 4840 tropos,
3288 4780 3342 4824 et
3373 4784 3569 4824 versu-

1978 4863 2082 4918 tias
2109 4864 2387 4933 delphicas
2411 4863 2688 4932 exlionet?

2044 4956 2347 5010 Anathema
2374 4957 2624 5010 dicamus
2659 4953 2846 5019 Lezio,
2885 4963 2935 5010 et
2971 4953 3191 5020 Joanni,
3236 4969 3360 5009 cum
3394 4955 3565 5009 Anto-

1976 5050 2089 5106 nio.
2119 5059 2174 5104 et
2227 5049 2394 5118 impio
2443 5049 2739 5104 Theodoro
2797 5055 2856 5103 et
2939 5048 3284 5118 blasphemo,
3353 5062 3564 5103 necnon

1976 5142 2170 5196 insano
2199 5140 2504 5197 Theodoto.

2050 5233 2285 5304 Sanguis
2327 5235 2546 5300 clamat,
2606 5235 2701 5304 qui
2750 5233 2960 5289 eﬁ'usus
3015 5241 3101 5290 est
3131 5251 3160 5288 a
3212 5232 3423 5287 Joanne
3465 5247 3566 5300 pro

1977 5325 2160 5379 divina
2185 5322 2560 5391 similitudine,
2587 5335 2640 5380 et
2669 5326 2909 5396 imagine
2941 5325 3150 5381 Christi
3192 5323 3413 5379 Domini
3441 5339 3566 5378 car-

1979 5431 2104 5470 nem
2137 5417 2425 5485 gestantis.

1800 5516 2036 5577 ΝΟΤᾹΞ.

356 5605 438 5677 (1)
489 5601 652 5677 Hunc
686 5605 836 5661 illum
869 5605 1134 5677 perﬁdum
1168 5614 1334 5675 puto,
1384 5607 1476 5676 qui
1527 5624 1556 5661 a
1585 5607 1874 5664 Theodoro

281 5676 510 5732 Sttidita
538 5676 590 5730 in
625 5677 741 5730 suis
764 5678 1007 5745 epistolis
1029 5676 1290 5732 Leontius
1314 5679 1648 5746 nominatur,
1677 5694 1873 5735 corru-

277 5747 868 5827 ‘ptojeronvocahulo
901 5747 1105 5827 Leuius
1122 5749 1336 5827 llictus.

361 5818 447 5889 (2)
476 5817 535 5891 0._
563 5814 678 5870 Hoc
709 5818 922 5891 signum
949 5818 1089 5885 apud
1117 5817 1336 5891 Graecos
1358 5819 1559 5876 dicitur
1577 5821 1873 5891 τριαδικόν,

289 5891 345 5946 id
375 5887 486 5955 est,
521 5887 763 5959 hymnus
813 5889 881 5943 de
928 5899 1114 5944 sancta
1157 5888 1442 5958 Trinitale,
1489 5902 1543 5949 et
1593 5887 1878 5964 propterea

622 5982 893 6042 Pamon.
941 5985 1056 6044 Gn.
1101 5984 1313 6073 XCIX.

1981 5627 2111 5671 autc
2134 5617 2309 5687 ipsum
2333 5625 2588 5672 cantatur
2616 5617 2744 5684 δόξα
2771 5618 2966 5689 Πατρί,
3001 5627 3106 5674 etc.
3193 5619 3198 5624 ’

2055 5689 2131 5757 (5)
2166 5689 2227 5742 δ’.
2262 5689 2377 5744 Ηοο
2404 5703 2532 5760 vero
2561 5689 2762 5743 dicitur
2783 5689 3091 5753 Θεοτόκιον,
3117 5689 3169 5744 id
3197 5701 3301 5755 est,
3325 5691 3566 5760 hymnus

1983 5757 2051 5812 de
2074 5759 2698 5829 sanctissima‘Deipara
2749 5761 2837 5814 cui
2873 5759 3138 5829 praecedit
3183 5764 3278 5816 καὶ
3308 5757 3425 5825 νῦν,
3478 5759 3566 5812 mi.

1985 5829 2093 5900 ἀεί,
2115 5839 2223 5887 etc.
2251 5830 2358 5887 Pro
2387 5830 2544 5887 beata
2579 5829 2816 5903 Virgine.

3070 5988 3149 6050 56
