4122 6382
595 429 728 496 1771

656 537 875 608 Expulit
934 533 1203 588 Dominus
1275 529 1720 602 alienigenarum
1787 539 2042 594 turmas,

583 630 828 684 restituit
869 642 968 682 sua
1016 625 1135 683 suis
1165 643 1180 681 :
1232 623 1406 694 gloria
1441 623 1517 678 sit
1542 632 1832 694 propterea
1865 621 1987 692 ejus
2012 621 2172 676 boni-

586 723 704 777 tati.
732 719 920 775 Gloria
951 717 1120 773 Patri.

659 813 1006 869 Voluntatem
1043 809 1314 880 principio
1343 817 1621 864 carentem
1651 816 1705 862 et
1749 807 2073 878 potentiam,
2119 815 2174 861 et

583 921 815 977 regnum
843 903 1129 958 Trinitatis
1154 901 1450 956 adoremus
1501 909 1652 955 recta
1679 899 1804 956 ﬁde.
1821 900 2012 955 Arium
2027 914 2173 955 sem-

588 1016 706 1068 per,
745 1007 806 1054 ut
832 1013 929 1068 par
957 1004 1061 1060 est,
1103 994 1373 1049 conviciis
1402 993 1759 1048 insectantes.

655 1090 794 1146 Vere
831 1099 884 1144 te
929 1088 1217 1143 Dominam
1263 1086 1617 1150 conﬁtemur,
1648 1099 1772 1154 qua:
1804 1084 1978 1140 Deum
2004 1099 2172 1155 pepe-

581 1183 722 1248 risti,
755 1179 991 1236 Nestorii
1019 1179 1180 1249 nugis
1203 1177 1491 1249 neglectis,
1521 1185 1578 1232 et
1601 1183 1922 1233 sanctorum
1945 1176 2170 1232 Patrum

581 1273 930 1346 dogmatibus
961 1273 1315 1328 inhaeremus.

1245 1361 1386 1418 ODA
1414 1363 1510 1421 IV.

655 1457 884 1522 Laztare,
930 1454 1218 1520 Ecclesia,
1291 1462 1346 1510 et
1421 1469 1766 1526 unaquaeque
1849 1454 2044 1510 civitas
2118 1460 2173 1508 et

582 1549 753 1620 regio,
811 1563 937 1603 cum
985 1547 1353 1604 exsultatione
1408 1547 1611 1617 templa
1662 1562 1809 1602 nunc
1839 1547 2072 1617 aperiat,
2117 1553 2172 1600 et

582 1639 856 1710 virginum
895 1639 1200 1706 domicilia,
1254 1654 1444 1695 sacras
1475 1638 1760 1709 reliquias,
1814 1649 2168 1702 venerentur,

581 1742 637 1788 et
694 1731 961 1804 imagines
1018 1741 1344 1806 martyrum,
1404 1731 1590 1803 dignis
1649 1731 1954 1788 honoribus
2009 1746 2170 1786 exor-

581 1829 735 1878 ncnt.

1783 425 1843 486 S.
1879 422 2270 484 THEODORI
2313 419 2659 482 STUDIT/E

2128 534 2255 588 οιΑ

2365 526 2582 593 Ἐδίωξε
2610 522 2816 594 Κύριος
2863 523 2960 593 τὴν
2987 522 3253 593 ξυνωρίδα
3281 523 3388 576 τῶν
3410 522 3730 594 ἀλλοτρίων,
3757 529 3858 581 καὶ

2273 616 2525 670 ἀπέδωκε
2573 615 2642 668 τὰ
2669 615 2776 668 ἴδια
2800 616 2915 677 τοῖς
2947 613 3096 678 ἰδίοις
3134 629 3148 642 ⁸
3183 613 3310 678 δόξα
3333 616 3399 685 τῇ
3442 615 3608 668 αὑτοῦ
3657 615 3866 683 ἁγαθό-

2272 724 2417 777 τητι.
2451 704 2612 771 Δόξα.

2344 800 2456 868 Τὴν
2487 797 2723 866 ἄναρχον
2757 794 3002 866 θέλησιν,
3029 795 3126 848 καὶ
3156 793 3429 859 ἐξουσίαν,
3460 795 3554 848 καὶ
3579 796 3866 865 βασιλείαν

2271 892 2371 963 τῆς
2425 890 2658 964 Τριάδος
2733 891 3211 960 προσκυνήσωμεν
3267 887 3592 959 ὀρθοδόξως,
3639 893 3868 962 Ἄρειον

2272 985 2362 1038 ἀεὶ
2391 979 2832 1052 στηλιτεύοντες.
2870 981 2938 1036 θ’.

2343 1073 2566 1145 Κυρίως
2590 1071 2671 1137 σὲ,
2701 1073 2993 1138 Δέσποινα,
3027 1071 3395 1144 ὁμολογοῦμεν
3415 1071 3549 1126 Θεὸν
3575 1073 3869 1138 τεκοῦσαν,

2275 1167 2351 1238 μὴ
2401 1167 2762 1238 προσέχοντες
2807 1168 2919 1229 τοῖς
2955 1157 3161 1237 ῥήμασι
3187 1167 3512 1237 Νεστορίου,
3581 1167 3722 1224 ἀλλὰ
3758 1170 3871 1222 τῶν

2273 1260 2418 1316 Πατέ
2426 1278 2534 1332 ρων
2566 1261 2681 1322 τοῖς
2709 1258 2999 1328 δόγμασιν.
3171 1312 3179 1320 ,

2947 1351 3082 1422 ῼΔῐί
3120 1354 3196 1406 Δ’.
3645 1413 3648 1416 ἥ

2353 1445 2640 1514 ’Λγάλλου,
2667 1446 2701 1516 ή
2742 1443 3065 1514 Ἐκκλησία,
3096 1443 3192 1498 καὶ
3221 1445 3369 1498 πᾶσα
3395 1445 3548 1510 πόλις
3595 1445 3694 1499 καὶ
3716 1445 3876 1517 χώρα

2270 1539 2330 1591 ὲν
2359 1537 2691 1608 εὐφροσύνῃ·
2732 1537 3038 1604 ἀνοιγέσθω
3062 1535 3157 1590 νῦν
3181 1535 3252 1590 τὰ
3278 1537 3612 1608 ἀσκητήρια·
3643 1537 3763 1602 καὶ,
3813 1547 3870 1596 ot

2271 1623 2645 1694 παρθενῶνες,
2672 1623 3085 1689 καλλωπίζεσθε
3118 1625 3186 1679 τὰ
3229 1625 3456 1696 λείψανα
3477 1642 3491 1655 ·
3543 1627 3640 1680 καὶ
3671 1627 3875 1682 εἰκονι-

2273 1731 2458 1787 σματα
2486 1713 2596 1768 τῶν
2629 1714 2926 1786 μαρτύρων
2959 1715 3128 1782 ἀξίως
3159 1715 3706 1788 προσκυνείσθωσαν.

650 1914 908 1972 Christus
935 1929 1036 1970 vos
1068 1922 1231 1970 vocat
1258 1929 1273 1968 :
1321 1912 1628 1969 Convenite
1656 1927 1806 1968 nunc
1856 1912 2024 1968 alacri
2059 1912 2176 1967 ani-

2346 1892 2585 1965 Χριστὺς
2630 1893 2776 1964 ὑμᾶς
2822 1892 3244 1964 προσκαλεῖταν
3280 1893 3563 1948 συνέλθετε
3597 1893 3694 1947 νῦν
3730 1912 3872 1965 προ-

583 2023 696 2074 mo,
753 2007 926 2063 divini
973 2006 1187 2074 Patres,
1239 2013 1295 2060 et
1350 2014 1710 2074 conspectum
1757 2006 1876 2072 ejus
1923 2005 2176 2059 incarna-

584 2101 792 2168 tionis,
842 2099 1219 2170 apostolorum
1282 2111 1480 2164 more,
1535 2097 1811 2152 celebrate
1868 2096 2174 2176 miracula,

582 2193 747 2247 etiam
780 2198 835 2246 et
863 2190 1202 2261 passionem,
1237 2203 1364 2259 qua:
1399 2203 1618 2244 sacrum
1647 2201 1748 2243 nos
1773 2185 1962 2242 docuit
2000 2185 2178 2241 Evan-

591 2284 820 2354 gelium.
1791 2270 1796 2274 ⁵

654 2373 1080 2448 Congregamini
1146 2373 1451 2444 gaudentes
1521 2370 1921 2427 monachorum
1976 2380 2178 2435 coetus,

585 2479 643 2526 et
669 2471 828 2526 hilari
855 2470 1042 2524 animo
1075 2486 1088 2523 :
1123 2468 1171 2524 si
1203 2468 1351 2523 enim
1384 2465 1525 2522 male
1569 2467 1963 2537 praevaluerint
1991 2466 2181 2522 hostes

588 2563 745 2628 fidei,
805 2563 1000 2618 iterum
1051 2561 1220 2616 etiam
1278 2561 1573 2615 vincentur
1627 2558 1840 2622 miseri,
1889 2567 1945 2614 et
1995 2557 2179 2614 consi-

588 2659 742 2719 lium,
783 2655 926 2723 quod
965 2653 1280 2725 huiusmodi
1339 2653 1591 2708 homines
1622 2650 1870 2718 inierint,
1913 2649 2180 2706 Dominus

587 2745 896 2815 dissipabit.

659 2837 883 2892 Patrum
940 2834 1188 2900 verbera,
1237 2845 1292 2891 et
1351 2835 1645 2889 vulnerum
1703 2833 1932 2905 sanguis
1984 2849 2176 2890 revera

589 2931 888 2995 desierunt,
946 2927 1261 2997 frequentia
1330 2926 1527 2981 exsilia
1584 2929 1935 2996 quieverunt,
1990 2933 2045 2980 et
2073 2941 2180 2994 pax

589 3022 848 3077 ntnnibus
873 3033 1225 3091 procuratur.
1267 3017 1384 3074 Non
1437 3018 1753 3088 praevalebit
1796 3018 2035 3086 amplius
2065 3033 2183 3072 ma-

590 3113 724 3180 gicae
756 3113 892 3168 artis
923 3111 1218 3178 industria,
1257 3111 1402 3165 Deus
1432 3110 1637 3164 etenim
1671 3117 1757 3164 est
1787 3109 2104 3165 nobiscum.

660 3201 975 3272 lniquitatis
1030 3202 1192 3258 vinea
1244 3201 1547 3271 impietatis
1591 3201 1845 3271 palmites
1910 3199 2178 3265 extendit,

588 3306 644 3350 et
709 3311 959 3350 amarum
1015 3295 1237 3349 botrum
1287 3293 1582 3363 produxit,
1635 3302 1689 3347 et
1749 3293 1832 3346 ira
1878 3293 2184 3348 draconum

589 3397 674 3442 est
717 3387 904 3441 vinum
958 3387 1228 3456 ipsorum,
1275 3401 1386 3454 quo
1433 3384 1651 3439 Domini
1679 3386 1941 3455 populum
1992 3401 2184 3442 revera

594 3478 960 3544 inebriarunt,
985 3491 1087 3530 sua
1118 3491 1284 3545 prava
1313 3485 1368 3530 et
1405 3476 1764 3530 obtenebrata
1803 3484 2007 3532 mente.

663 3565 952 3636 Templum
1003 3574 1157 3620 tuum
1208 3566 1730 3621 contaminaverunt
1796 3566 1990 3636 impii,
2067 3567 2185 3623 suis

592 3659 841 3731 profanis
893 3673 1156 3712 manuum
1208 3658 1681 3728 impositionibus,
1714 3670 1768 3712 et
1805 3659 2128 3714 simoniacis
2159 3676 2174 3714 :

592 3760 648 3804 et
685 3750 790 3806 hac
837 3751 905 3804 de
939 3765 1106 3805 causa
1136 3749 1292 3818 juxta
1315 3764 1504 3805 sacros
1544 3766 1786 3806 canones
1815 3768 1829 3804 :
1869 3751 2183 3806 istiusmodi

593 3844 869 3905 homines,
911 3859 942 3897 a
987 3843 1168 3897 divina
1221 3843 1392 3912 gloria
1433 3854 1561 3898 sunt
1586 3842 1804 3910 dejecti,
1850 3843 2182 3913 quibuscum

592 3938 760 3992 etiam
795 3935 985 3990 Simon
1043 3935 1252 4006 Magus,
1304 3943 1360 3991 et
1404 3933 1645 3992 Joannes
1675 3943 1734 3991 et
1776 3935 2052 3992 Antonius
2097 3937 2179 3991 in-

594 4045 788 4085 sanus.

666 4121 834 4179 Feras
871 4123 1017 4190 illas,
1045 4131 1100 4177 et
1133 4121 1226 4177 Dei
1253 4121 1465 4186 hostes,
1496 4121 1786 4192 profanum
1821 4123 2035 4180 scilicet
2067 4126 2183 4179 An-

593 4217 807 4272 tonium
831 4227 884 4272 et
911 4227 1343 4286 trangressorem
1389 4213 1660 4271 Joannem
1689 4215 1906 4272 Satanae
1939 4227 2181 4273 mentem

596 4310 874 4380 adeptum.
905 4320 960 4364 et
989 4307 1249 4364 Ecclesiae
1291 4310 1732 4378 perturbatores,
1762 4319 1820 4365 ut
1845 4310 2008 4381 lupos
2042 4309 2183 4366 infe—

595 4412 711 4456 stus
735 4417 925 4457 omnes
956 4401 1140 4456 tideles
1180 4401 1600 4470 convenientes,
1649 4402 2000 4459 anathemate
2028 4403 2184 4458 dam-

597 4509 814 4549 nemus.
857 4492 1043 4548 Gloria
1071 4493 1239 4549 Patri.

2277 1984 2489 2056 θύμως,
2523 1985 2658 2038 θεῖοι
2683 1985 2948 2058 Πατέρες·
2984 1985 3081 2038 καὶ
3109 1985 3206 2055 τὴν
3237 1983 3393 2038 θείαν
3413 1985 3514 2055 τῆς
3537 1985 3706 2038 αὐτοῦ
3734 2002 3872 2056 σαρ-

2277 2077 2522 2144 κώσεως,
2571 2078 2948 2142 ἀποστολικῶς
3004 2079 3404 2150 ἁνιστορήσατε
3483 2079 3554 2132 τὰ
3607 2079 3874 2149 θαύματα

2278 2173 2373 2225 καὶ
2403 2171 2471 2225 τὰ
2499 2170 2823 2243 παθήματα,
2861 2170 3047 2236 καθὼς
3100 2171 3305 2243 γράφει
3350 2171 3412 2226 τὸ
3443 2172 3585 2226 θεῖον
3614 2171 3874 2243 Εὐαγγέ-

2277 2263 2411 2318 λιον.

2361 2352 2715 2425 Ἀθροίσθητε
2761 2352 3084 2424 γεγηθότες,
3130 2355 3202 2408 τὰ
3250 2355 3432 2426 πλήθη
3470 2355 3580 2408 τῶν
3612 2356 3876 2426 μοναζόν-

2279 2464 2388 2499 νων
2422 2447 2479 2499 ὲν
2524 2447 2842 2518 παρρησίᾳο
2875 2447 2970 2498 ἐὰν
2999 2447 3109 2518 γὰρ
3143 2447 3330 2511 κακῶς
3383 2447 3667 2517 ἰσχύσωσι,
3703 2449 3875 2501 πάλιν

2266 2541 2677 2614 ’ἡττηθήσονται
2710 2544 2758 2595 οἱ
2787 2542 3032 2596 δείλαιοι.
3068 2543 3180 2596 Καὶ
3207 2545 3272 2613 ἣν
3308 2543 3375 2596 ἂν
3402 2543 3597 2614 βουλὴν
3648 2543 3877 2613 βουλεύ-

2283 2649 2487 2686 σωνται
2516 2634 2566 2687 οἱ
2595 2633 2853 2710 τοιοῦτοι,
2880 2633 3228 2688 διασκεδάσει
3252 2633 3482 2706 Κύριος.

2352 2809 2420 2861 Ai.
2458 2810 2722 2880 μάστιγες
2769 2810 2879 2864 τῶν
2925 2811 3211 2882 Πατέρων,
3243 2813 3313 2866 τὰ
3355 2813 3562 2884 αἵματα
3605 2814 3713 2867 τῶν
3745 2832 3866 2885 μω-

2281 2899 2479 2956 λὼπων
2507 2902 2760 2973 ἑλλειψαν
2787 2903 2957 2967 ὅντως
2981 2920 2996 2934 ο
3019 2903 3228 2976 ὲξορίαι
3259 2909 3503 2975 συνεχεῖς
3517 2905 3832 2959 ἐπαύσαντο
3853 2923 3868 2937 ο

2283 2994 2383 3046 καὶ·
2431 2995 2624 3065 εἰρήνη
2677 2996 2812 3048 πᾶσι
2867 2995 3234 3059 πολιτεύεται,
3256 2998 3356 3051 οὐκ
3409 2997 3489 3049 ἔτι
3539 2995 3754 3067 ίσχῦσεί
3806 2997 3872 3051 τὺ

2284 3084 2467 3157 δράμα
2495 3086 2595 3154 τῆς
2627 3087 2882 3157 γοητείας
2905 3102 2920 3118 ⁸
2951 3087 3086 3150 Θεὸς
3111 3088 3221 3157 γὰρ
3259 3090 3377 3158 μεθ’
3401 3091 3559 3160 ἡμῶν
3588 3093 3760 3144 ἐστιν.

2366 3173 2428 3226 Ἥ
2459 3173 2704 3244 ἄμπελος
2737 3175 2838 3245 τῆς
2885 3175 3084 3239 κακίας
3118 3175 3350 3241 ἐξέτεινε
3384 3179 3452 3232 τὰ
3482 3179 3739 3250 κλήματα
3769 3179 3870 3248 τῆς

2285 3266 2567 3334 ἀσεϐείας,
2611 3267 2707 3321 καὶ
2737 3268 2830 3322 τὸν
2866 3267 3059 3338 βότρυν
3081 3270 3174 3323 τὸν
3203 3271 3402 3343 πικρὸν
3443 3271 3711 3343 ἐξήνθησε
3770 3273 3868 3327 καὶ

2287 3359 2458 3430 θυμὸς
2503 3360 2821 3432 δρακόντιος
2848 3362 2876 3413 ὁ
2907 3357 3054 3425 οἶνος
3083 3363 3262 3416 αὐτῶν
3286 3381 3301 3394 ο
3327 3363 3386 3428 ἐξ
3407 3360 3470 3419 οὗ
3500 3364 3594 3418 τὸν
3618 3365 3746 3420 λαὸν
3769 3365 3865 3420 τοῦ

2287 3454 2491 3523 Κυρίου
2523 3455 2778 3508 ὲπότισαν
2804 3453 2995 3521 ὅντως,
3023 3455 3124 3527 τὴν
3157 3456 3385 3527 θολερὰν
3415 3459 3729 3512 κακόνοιαν.

2368 3543 2632 3613 Ἐμίαναν
2664 3544 2757 3598 τὸν
2788 3545 2915 3598 ναόν
2943 3563 3039 3599 σου
3100 3545 3363 3617 ἀθέσμοις
3400 3549 3762 3619 χειροτονίαις
3781 3548 3863 3602 διὰ

2284 3637 2613 3707 χρημάτων·
2650 3638 2746 3690 καὶ
2791 3637 3096 3702 κανονικῶς
3129 3630 3278 3692 οὗτοι
3326 3640 3711 3711 ἐκϐέϐληνται.
3759 3642 3863 3695 Καὶ

2283 3729 2382 3799 τῆς
2399 3729 2550 3792 θείας
2575 3728 2732 3800 δόξης
2758 3729 3206 3794 ὲκπεπτώκασιν,
3232 3734 3260 3785 ὁ
3283 3733 3464 3802 Σίμων
3489 3734 3517 3785 ὁ
3539 3734 3750 3802 Μάγος,
3771 3735 3864 3786 σὺν

2283 3817 2458 3891 τούτῳ
2485 3819 2582 3874 καὶ
2621 3820 2882 3891 Ἰωάννης
2903 3821 2996 3875 καὶ
3026 3823 3054 3874 ὁ
3081 3821 3258 3885 δεινὸς
3293 3823 3600 3887 Ἀντώνιος.

2354 4114 2495 4181 Τοὺς
2527 4115 2702 4188 θῆρας
2729 4117 2824 4172 καὶ
2874 4116 3201 4190 θεομάχους,
3244 4118 3537 4175 ’Λντώνιον
3583 4121 3678 4173 τὸν
3705 4121 3868 4192 βέϐη-

2282 4206 2393 4271 λον,
2429 4209 2527 4262 καὶ
2571 4209 2902 4281 παραϐάτην
2947 4211 3204 4282 Ἰωάννην
3253 4212 3342 4265 τὸν
3388 4212 3861 4282 σατανογνὼμονα,

2283 4300 2505 4372 καὶτῆς
2545 4299 2878 4370 Ἐκκλησίας
2918 4301 3296 4374 πολεμήτορα,
3329 4303 3406 4366 ὡς
3450 4303 3648 4368 λύκους
3673 4303 3866 4374 βαρεξ

2286 4391 2650 4458 συνελθόντες,
2677 4393 3057 4464 ἀναθεμάτους
3088 4395 3274 4448 πιστοὶ⁵
3297 4394 3712 4466 ἀναϐοήσωμεν.
3733 4396 3788 4452 θ.

676 4587 928 4642 lucreata
985 4586 1306 4640 monarchia
1337 4584 1518 4648 Pater,
1551 4595 1605 4640 et
1629 4584 1825 4651 Filius,
1855 4595 1910 4642 et
1941 4585 2179 4657 Spiritus

2365 4596 2434 4651 Ἦ
2449 4597 2704 4663 ἄκτιστος
2728 4598 3023 4670 μοναρχία,
3058 4599 3263 4674 Πάτερ,
3287 4599 3386 4652 Υἱὲ
3412 4597 3503 4652 καὶ
3525 4595 3772 4665 Πνεῦμα,
3801 4596 3867 4650 σε

597 4690 846 4742 sanctus.
877 4687 930 4734 te
962 4679 1280 4743 adoramus,
1307 4695 1470 4749 quam
1491 4677 1812 4746 Cherubim,
1840 4681 2029 4737 multis
2055 4696 2185 4737 ocu-

597 4772 666 4826 lis
728 4779 990 4826 exornata
1018 4810 1034 4837 ,
1086 4778 1140 4824 et
1187 4769 1498 4839 Seraphim,
1554 4783 1649 4825 sex
1692 4770 1798 4824 alis
1843 4771 2182 4826 circumdata

599 4863 824 4917 laudant
883 4861 1178 4917 clamantia
1209 4879 1224 4917 :
1277 4861 1538 4926 Sanctus,
1571 4875 1818 4927 sancws,
1852 4873 2074 4918 sanctus
2099 4879 2180 4929 es,

596 4973 630 5010 υ
659 4956 872 5010 excelse
901 4965 956 5010 et
984 4955 1356 5025 omnipotens.

673 5046 892 5102 Sanctis
952 5047 1216 5112 sanctior,
1269 5055 1324 5102 et
1357 5046 1616 5101 omnibus
1674 5047 1946 5102 creaturis
2007 5048 2186 5103 excel-

602 5137 736 5202 sior,
777 5146 836 5190 tu
873 5135 993 5192 sola
1019 5137 1324 5207 apparuisti
1368 5135 1537 5189 Mater
1572 5135 1738 5189 simul
1771 5145 1824 5190 et
1876 5134 2040 5207 Virgo
2089 5135 2185 5191 Dei

598 5228 880 5295 tienitrix,
941 5243 1069 5284 cum
1125 5229 1308 5298 ipsum
1363 5236 1518 5282 tuum
1569 5226 1887 5282 Creatorem
1955 5243 2186 5298 pepere-

598 5323 700 5386 ris,
740 5323 1078 5393 quapropter
1127 5329 1278 5376 tuam
1324 5331 1572 5376 sanctam
1617 5321 1913 5393 imaginem
1959 5337 2188 5378 venera-

603 5431 748 5480 mur.

1262 5501 1398 5562 ODA
1445 5503 1514 5560 ν.

670 5601 928 5659 Christus
959 5600 1111 5668 vicit,
1134 5599 1376 5658 exsultet
1409 5608 1577 5664 terra,
1629 5600 1840 5672 quievit
1893 5601 2182 5668 tumultus,

601 5697 930 5767 quieverunt
985 5694 1040 5750 et
1069 5695 1324 5767 lacrymze
1380 5710 1664 5751 servorum
1729 5696 1848 5763 Dei,
1893 5697 2026 5754 ﬁdes
2057 5714 2185 5755 vero

603 5788 808 5857 ubique
839 5803 936 5857 per
970 5787 1287 5844 universum
1315 5787 1499 5843 orbem
1533 5798 1616 5844 est
1643 5789 2000 5860 promulgata.

2285 4690 2722 4762 προσκυνοῦμεν,
2754 4691 2820 4762 ἣν
2851 4691 2918 4744 τὰ
2939 4691 3222 4762 Χερουϐὶμ
3251 4693 3319 4746 τὰ
3360 4690 3738 4761 πολυόμματα,
3765 4687 3870 4742 καὶ

2281 4782 2351 4836 τὰ
2385 4782 2640 4854 Σεραφὶμ
2674 4783 2742 4836 τὰ
2769 4783 3140 4853 ὲξαπτέρυγα,
3166 4783 3398 4854 ὑμνοῦσι
3435 4781 3822 4853 κραυγάζοντα
3847 4794 3864 4810 ο

2285 4875 2495 4944 Ἀγιος,
2528 4876 2702 4946 ἅγιος,
2734 4878 2889 4946 ἅγιος
2917 4873 2989 4942 εἷ,
3018 4871 3062 4930 ὦ
3091 4877 3489 4948 παντοκράτωρ
3520 4875 3774 4945 ”1’ψιστε.
3792 4873 3864 4926 θ’.

2369 5057 2574 5126 Ἀγίων
2625 5058 2928 5131 άγιωτέρα,
2976 5059 3070 5113 καὶ
3132 5060 3352 5114 πάντων
3393 5055 3700 5128 ὑψηλοτέρα
3753 5051 3868 5105 τῶν

2285 5152 2627 5221 ποιημάτων,
2684 5151 2818 5222 μόνη
2862 5150 3205 5222 ἀνεδείχθης,
3259 5146 3722 5220 Μητροπάρθενε·
3785 5143 3868 5206 ὼς

2283 5244 2447 5299 αὐτὸν
2481 5245 2733 5315 κυήσασα
2765 5245 2859 5298 τὸν
2884 5245 3141 5317 Πλάστην
3171 5262 3285 5310 σου,
3305 5243 3385 5297 διὸ
3406 5241 3507 5314 τὴν
3542 5239 3699 5308 ἁγίαν
3731 5253 3866 5309 μορ-

2284 5336 2392 5408 φήν
2433 5353 2549 5403 σου,
2577 5335 2971 5407 Θεογεννῆτορ,
3009 5337 3068 5390 ὲν
3099 5335 3475 5409 προσκυνήσει
3503 5332 3719 5403 ἔχομεν.

2989 5513 3076 5566 ΔΗ
3119 5513 3195 5566 Ε’.

2989 5514 3076 5566 ΔΗ
3119 5514 3195 5566 E'.

2352 5601 2588 5672 Χριστὸς
2643 5604 2904 5675 νενίκηκε
2929 5514 2986 5636 '9
3005 5605 3284 5672 σκιρτάτω
3332 5607 3367 5675 ή
3425 5604 3534 5674 γῆ·
3590 5605 3872 5658 πέπαυται

2284 5691 2514 5762 θόρυϐος
2533 5709 2550 5726 ο
2583 5695 2860 5748 πέπαυται
2890 5695 2986 5749 καὶ
3013 5698 3042 5748 ὁ
3069 5695 3368 5766 κλαυθμὸς,
3404 5696 3512 5750 τῶν
3533 5695 3627 5751 τοῦ
3655 5695 3875 5767 Κυρίου

2281 5784 2522 5838 δούλων
2573 5789 2607 5859 ή
2664 5789 2848 5852 πίστις
2909 5789 2967 5842 δὲ
3059 5789 3340 5860 πανταχοῦ
3393 5789 3470 5861 τῷ
3537 5790 3726 5861 κόσμῳ
3772 5791 3878 5856 ἐφ-

2283 5881 2528 5954 ηπ).ὡθη.
