4122 6382
387 399 526 466 1773
1401 395 1650 458 CANON
1689 396 1774 456 IN
1817 391 2250 456 ERECTIONE
2287 391 2392 452 ss.
2424 387 2842 456 IMAGINUM.
3085 349 3090 352 ’
3535 343 3671 454 rm

465 517 556 571 Ἐν
611 512 782 569 εἰκόνι
836 512 1135 584 βλέποντες
1183 507 1282 576 τὴν
1347 508 1655 579 σταύρωσιν
1711 505 1967 569 σέϐοντες

2141 503 2199 558 ln
2231 502 2474 573 imagine
2521 511 2814 557 cernentes
2856 499 3012 557 cruci
3065 499 3379 557 aﬂixionem
3425 501 3670 566 Domini,

385 611 715 682 στέργομεν,
771 603 1142 673 ἀσπαζόμενοι
1201 600 1440 671 Χριστὸν
1505 600 1600 652 καὶ
1673 601 1743 653 τὰ
1799 597 1965 652 αὐτοῦ

385 705 612 776 σημεῖα,
642 700 739 755 καὶ
765 694 1179 770 προσκυνοῦμεν
1231 693 1372 748 αὐτά
1393 710 1409 725 ο
1441 693 1539 764 οὐχ
1563 693 1639 757 ὡς
1691 691 1848 756 θεοὺς
1879 709 1966 745 τι·-

376 799 623 870 μῶγιες.

456 888 684 958 Πνεῦμα
715 883 776 938 τδ
819 880 1176 954 πολύρῤημον
1231 879 1329 935 καὶ
1377 877 1699 952 βλάσφημον
1726 873 1968 947 Λήζικος

384 982 688 1044 πέπαυται,
717 976 779 1030 τὸ
822 973 1019 1030 λαλοῦν
1072 972 1387 1036 διαπαντὸς,
1419 970 1635 1042 ἡμέραν
1685 967 1808 1022 καθ’
1838 965 1971 1038 ἡμέ-

386 1093 490 1149 ραν
521 1074 660 1129 κατὰ
687 1071 786 1139 τῆς
817 1069 970 1134 θείας
1008 1068 1222 1141 μορφῆς
1243 1063 1483 1140 Χριστοῦ
1513 1070 1608 1117 καὶ
1632 1060 1740 1116 τῶν
1771 1061 1964 1130 ἁγίων.

455 1251 578 1304 Ἵνα
597 1247 673 1312 τί,
711 1240 1340 1318 τρισάθλιε,μεμίσηκας
1373 1238 1655 1312 μόρφωσιν
1679 1236 1965 1308 ἄχραντον,

383 1345 481 1415 τῆς
539 1337 871 1410 σαρκώσεως
916 1333 1178 1407 Χριστοῦ,
1217 1331 1312 1386 καὶ
1349 1331 1460 1386 τῶν
1501 1330 1673 1399 ἁγίων
1713 1328 1966 1396 πάντων;

387 1433 462 1506 μὴ
487 1432 598 1504 γὰρ
623 1430 866 1494 εἰδώλοις
897 1430 1102 1498 κωφοῖς
1161 1427 1210 1481 οἱ
1242 1425 1426 1479 πιστοὶ
1449 1422 1894 1496 προσκυνοῦμεν;

462 1607 747 1672 Ἀσεὸείας
771 1607 981 1679 ὄργανα
1013 1601 1402 1673 τυγχάνοντες,
1455 1597 1724 1669 ἥθροισαν
1753 1593 1970 1649 σύνοδον

385 1705 578 1778 ἱερέων
608 1701 843 1767 ἀσεϐῶν,
871 1699 1014 1754 κατὰ
1055 1697 1192 1751 Θεοῦ
1231 1695 1493 1766 ὑψίστουο
1524 1692 1602 1757 ὡς
1639 1690 1882 1745 Ἰουδαῖοι
1910 1688 1971 1742 τὸ

381 1797 535 1869 πρὶν,
573 1796 774 1858 Ἀννας
807 1793 901 1847 καὶ
935 1790 1213 1858 Καϊάφας.

2067 596 2219 651 illam
2273 611 2644 660 \eneramur,
2700 593 2985 648 Christum
3041 601 3097 649 et
3140 594 3262 666 ejus
3319 596 3478 667 signa
3528 600 3667 655 ado-

2069 700 2296 756 rantes;
2356 705 2465 745 non
2524 697 2711 745 tamen
2755 687 2829 744 ila
2874 702 3202 743 veneramur
3258 697 3318 744 ut
3376 691 3664 761 gentilium

2067 783 2226 838 deos.
2281 773 2287 778 ’

2143 874 2384 946 Spiritus
2433 875 2528 930 ille
2580 876 2784 948 loquax
2833 883 2888 930 et
2932 875 3286 946 blasphemus
3317 872 3517 930 Lezius
3555 876 3672 931 sci-

2068 965 2216 1032 licet,
2259 967 2373 1037 jam
2406 968 2635 1038 quievit,
2684 966 2781 1038 qui
2814 965 3130 1037 frequenter
3175 967 3422 1036 quotidie
3463 966 3662 1021 adver-

2069 1075 2194 1115 sus-
2223 1059 2468 1114 divinam
2499 1059 2723 1130 {Christi
2765 1057 3021 1128 efﬁgiem,
3065 1066 3120 1114 et
3149 1067 3470 1114 sanctorum
3510 1058 3670 1114 obla-

2068 1153 2268 1208 trahat.

2142 1241 2397 1308 Quanam
2430 1241 2498 1297 de
2526 1256 2717 1304 causa,
2751 1241 3062 1298 miserrime
3110 1242 3428 1309 homuncio,
3475 1243 3670 1300 imma-

2069 1333 2306 1388 culatam
2340 1331 2569 1404 eiligiem
2623 1333 3027 1388 incarnationis
3069 1332 3278 1389 Christi
3316 1333 3562 1401 Domini,
3610 1345 3667 1391 et

2071 1433 2388 1481 sanctorum
2417 1426 2662 1480 omnium
2695 1440 2754 1481 es
2785 1426 2912 1481 odio
2934 1427 3302 1496 prosecutus?
3332 1423 3475 1481 Num
3499 1428 3668 1484 surda

2070 1507 2218 1574 idola
2257 1532 2360 1572 nos
2395 1517 2585 1573 ﬁdeles
2621 1517 2997 1572 veneramur?

2142 1607 2446 1678 lmpietatis
2491 1609 2856 1664 instrumenta
2915 1624 3041 1663 cum
3073 1610 3482 1680 convenissent,
3521 1629 3662 1672 con-

2070 1701 2392 1756 ciliabulum
2421 1709 2740 1772 coegerunt,
2780 1699 3076 1771 impiorum
3103 1702 3361 1760 videlicet
3396 1708 3660 1762 sacerdo-

2073 1802 2212 1857 tum,
2260 1793 2531 1848 adversus
2575 1791 2747 1846 Deum
2799 1793 3104 1859 excelsum,
3148 1795 3295 1864 quod
3341 1797 3507 1852 etiam
3535 1797 3666 1852 olim

2075 1885 2324 1941 fecerunt
2351 1883 2550 1950 Judaai,
2580 1883 2738 1938 Anna
2767 1885 2978 1940 scilicet
2998 1894 3053 1940 et
3095 1884 3356 1954 Caiphas.

462 1975 554 2030 Ἐν
600 1971 784 2044 ἡμέρᾳ
811 1969 1072 2040 κρίσεως,
1114 1962 1404 2027 πανάθλιε,
1437 1945 1726 2032 στήσονται
1765 1957 1967 2045 ἔλεγχοι

2147 1977 2207 2032 In
2239 1978 2328 2033 die
2367 1977 2459 2032 illa
2486 1976 2715 2032 extremi
2757 1975 2974 2045 jndicii,
3022 1991 3055 2031 ο
3088 1934 3490 2042 infeiicissime,
3535 1977 3670 2032 ade-

380 2070 482 2140 τῆς
505 2042 668 2121 ἀθέοῦ
701 2042 795 2117 σου
824 2059 1028 2132 ψυχῆς,
1054 2060 1084 2112 ὁ
1111 2058 1282 2126 δῆμος
1324 2057 1436 2108 τῶν
1471 2052 1754 2124 Πατέρων,
1783 2042 1971 2120 ὦνπερ

383 2159 646 2232 ἀμέτροις
671 2154 910 2224 πληγαῖς
938 2145 1263 2220 ἐγύμνωσας
1283 2144 1382 2209 τὰς
1415 2143 1648 2216 σάρκας.

464 2331 787 2402 Ἐκκλησίαι
835 2328 1046 2384 ἅπασαι
1078 2323 1354 2396 βοῆσουσι,
1403 2318 1704 2392 κράζουσαι
1735 2318 1968 2378 ἅπασαι,

382 2425 732 2497 στερηθεῖσαι
775 2421 880 2474 ὑπὸ
923 2418 1041 2482 σοῦ,
1087 2417 1188 2489 τῆς
1237 2416 1453 2487 μορφῆς
1488 2413 1584 2468 τοῦ
1613 2411 1820 2483 Κυρίου
1874 2409 1972 2462 καὶ

380 2520 490 2573 τῶν
529 2518 702 2586 ἁγίων
734 2512 897 2567 αὑτοῦ
922 2512 1022 2573 τὰς
1055 2509 1206 2580 ἱερὰς
1228 2510 1466 2571 είκόνας.

457 2611 508 2665 θ.
572 2611 638 2663 Ἦ
674 2607 734 2662 τὸ
763 2608 873 2660 πᾶν
903 2605 1209 2674 συνέχουσα
1240 2601 1316 2673 τῷ
1345 2601 1536 2672 κράτει
1563 2616 1680 2664 σου,
1711 2595 1837 2663 δόξα
1864 2611 1968 2660 σοι,

387 2703 516 2768 δόξα
539 2721 644 2769 σοι,
676 2702 1076 2774 τρισυπόστατε
1103 2697 1292 2770 μονὰς,
1319 2697 1524 2765 Πάτερ,
1558 2693 1656 2774 Υξὲ
1681 2692 1776 2744 καὶ
1798 2686 1972 2743 Πνεῦ-

391 2812 490 2868 μα,
543 2796 672 2859 τοὺς
729 2790 1060 2855 πεποιθότας
1095 2791 1181 2852 εἰς
1235 2789 1297 2842 σὲ
1339 2787 1500 2861 ῥῦσαι
1544 2783 1807 2846 παντοίας
1838 2780 1968 2853 βλά-

387 2890 510 2958 6ης.

455 3103 507 3158 θ.
526 3103 614 3167 Ὠς
634 3097 1184 3175 χρυσοκαλλὼπιστον
1199 3097 1420 3168 λυχνίαν
1439 3093 1803 3159 σε,δέσποινα,
1819 3089 1970 3144 σέϐο-

387 3217 508 3270 μεν,
558 3197 657 3268 τὴν
698 3195 760 3249 τὸ
807 3195 922 3264 φῶς
963 3193 1024 3247 τὸ
1051 3191 1242 3263 νοητὸν
1280 3189 1623 3260 γεννήσασαν
1647 3185 1726 3258 τῷ
1753 3185 1966 3255 κόσμῳ,

383 3290 478 3342 καὶ
506 3289 606 3359 τὴν
634 3287 848 3359 ζοφώδη
883 3284 1050 3358 ἀχλὺν
1071 3283 1375 3356 μειώσασα,
1422 3280 1684 3353 Παρθένε.

1023 3447 1156 3518 pan
1197 3448 1289 3514 cr.

468 3605 735 3676 Ἐὁόησαν
794 3606 842 3657 οἱ
887 3603 1160 3676 ἄγρυπνοι
1207 3603 1448 3674 φύλακες
1496 3603 1595 3672 τῆς
1637 3600 1965 3670 Ἐκκλησίας

385 3701 480 3756 τοῦ
510 3698 749 3772 Χριστοῦ
786 3697 923 3768 πρὸς
964 3695 1126 3750 αὐτὸν
1161 3696 1460 3759 αἰτοῦντες,
1493 3694 1710 3762 δοθῆναι
1754 3693 1852 3763 τὴν
1887 3692 1964 3744 ei:

394 3793 586 3862 ρήνην,
615 3791 710 3843 καὶ
743 3789 1059 3858 εἰσήκουσε,
1089 3786 1187 3840 καὶ
1220 3787 1493 3857 προσέσχε
1523 3786 1591 3855 τῇ
1617 3783 1824 3855 δεήσει.

457 3881 786 3952 Διήλεγκται
838 3879 934 3934 τοῦ
997 3880 1202 3933 πλάνου
1264 3878 1335 3932 τὰ
1392 3876 1661 3948 θύρατρα,
1690 3877 1810 3939 ταῖς
1855 3873 1967 3927 τῶν

391 3973 654 4045 Πατέρων
682 3972 924 4042 διδαχαῖς
943 3986 958 4002 ⁶
986 3971 1080 4024 καὶ
1108 3968 1240 4032 Θεὸς
1285 3969 1540 4040 ὑμνεῖται
1571 3967 1738 4038 σαρκὶ
1769 3981 1968 4038 μεμορ-

391 4067 668 4138 φωμένος,
691 4067 720 4118 ό
745 4065 1180 4138 ’ἀπεριγράπτως
1207 4063 1422 4134 θεότητι
1447 4061 1731 4132 ὑπάρχων.

458 4239 522 4291 Θὶ
553 4238 807 4311 συνεργοὶ
863 4240 964 4310 τῆς
989 4237 1220 4308 πλάνης,
1261 4235 1586 4308 αἰσχύνεσθε
1605 4251 1619 4266 ⁸
1649 4235 1743 4290 καὶ¹
1767 4234 1967 4289 ἀπολέ-

392 4329 608 4384 σθωσαν
635 4329 794 4401 όμοῦ,
830 4332 926 4384 σὺν
945 4329 1023 4400 τῷ
1061 4331 1354 4400 Ἀντωνίῳ,
1384 4329 1640 4392 Θεόδοτος
1661 4327 1753 4382 καὶ
1774 4325 1966 4398 magis,

390 4420 486 4475 κάὶ
508 4420 804 4492 Θεόδωρος,
840 4423 868 4473 ὁ
892 4419 1052 4490 βυθὸς
1077 4420 1177 4490 τῆς
1207 4421 1500 4483 ἀπωλείας.

459 4537 535 4590 Τὸ
563 4536 738 4608 στόμα
767 4553 861 4590 σου
897 4537 1190 4608 διήνοιξας,
1209 4537 1381 4602 ἄθλιε,
1401 4537 1502 4591 οὐκ
1536 4537 1594 4590 ὲν
1615 4535 1780 4608 ᾠδαῖς
1809 4551 1971 4588 πνευ-

391 4638 670 4705 ματικαῖς,
719 4635 836 4688 ἀλλ’
865 4635 924 4689 ἐν
961 4634 1353 4706 βλασφημίαις,
1387 4633 1530 4688 κατά
1571 4633 1664 4687 τοῦ
1721 4631 1814 4686 σοῦ
1875 4634 1960 4684 Δε-

388 4725 610 4790 σπότου,
640 4725 1031 4796 ἀπωθούμενος
1052 4726 1148 4796 τὴν
1190 4725 1394 4797 σεπτὴν
1424 4725 1819 4796 είκονουργίαν.

461 4837 796 4910 Διέστρεψας
849 4841 1112 4912 Πατέρων
1159 4841 1228 4894 τά
1279 4840 1566 4911 δόγματα,
1607 4839 1702 4893 καὶ
1730 4839 1968 4893 ἀποστό-

387 4930 494 4984 λων
543 4931 789 5001 διδαχὰς,
843 4931 1012 5004 ἄλλην
1052 4933 1229 4997 άλλως
1287 4935 1534 5004 γράφων,
1571 4934 1712 4987 κατὰ
1740 4934 1838 5006 τὴν
1867 4935 1968 5007 σὴν

390 5025 687 5097 θρησκείαν
716 5024 1056 5096 παράνομον,
1091 5026 1314 5097 Ἰωάννη
1340 5027 1384 5079 Χ
1395 5027 1712 5098 ριστομάχε.

457 5203 561 5258 Σοῦ
594 5205 622 5258 ὁ
651 5203 857 5267 καπνὸς
902 5203 1155 5275 δακρύων
1204 5205 1470 5278 ἐνέπλησε
1520 5207 1629 5261 τῶν
1683 5207 1966 5262 εὐσεϐούν-

387 5314 496 5351 των
553 5296 899 5368 ὀφθαλμούς·
953 5295 1091 5350 ἀλλὰ
1139 5296 1218 5367 τῷ
1274 5300 1462 5371 ἀνέμῳ
1489 5299 1598 5352 τῶν
1633 5300 1792 5354 θείων
1815 5301 1965 5355 διδα-

391 5386 606 5443 σκάλων
646 5386 1049 5453 διεσκέδασται,
1090 5389 1442 5460 ματαιόφρων
1479 5391 1721 5461 Ἰωάννη.

456 5503 533 5556 Σὺ
561 5503 662 5574 τὴν
691 5501 888 5574 στολὴν
926 5503 1025 5571 τὴν
1076 5502 1227 5558 θείαν
1248 5503 1558 5577 διέῤῥηξας,
1593 5505 1782 5578 ὥσπερ
1807 5508 1836 5560 ό
1865 5507 1964 5560 Ἀ-

389 5611 534 5664 ρειος
572 5593 634 5648 τὺ
675 5594 804 5663 πρὶν
843 5593 934 5646 τὸν
960 5592 1053 5648 τοῦ
1084 5593 1321 5665 Χριστοῦ
1352 5595 1554 5664 χιτῶνα
1575 5611 1590 5625 ο
1621 5595 1702 5648 διὸ
1727 5595 1822 5667 τὴς
1846 5595 1966 5651 Ἐκ·

387 5685 615 5757 κλησίας
630 5687 818 5758 πόρρω
839 5683 1002 5757 βέὁλη
1011 5701 1121 5753 σαι,
1145 5685 1429 5758 ἐκϐληθεὶς
1446 5686 1697 5761 καθάπερ
1715 5687 1882 5747 κύων.

418 5860 471 5918 θ.
490 5863 637 5918 Μίαν
657 5861 831 5936 ἀρχὴν
852 5859 1058 5928 δοξάζω
1082 5859 1355 5931 θεότητος,
1392 5864 1450 5918 ὲν
1477 5862 1809 5919 ὑποστάσεσι
1838 5881 1953 5936 τρια

2071 2079 2226 2133 runt,
2276 2066 2372 2138 qui
2423 2076 2573 2122 tuam
2621 2065 2846 2136 impiam
2883 2067 3124 2120 animam
3164 2077 3416 2137 argnent,
3446 2076 3672 2122 sancto-

2073 2176 2194 2214 rum
2233 2159 2487 2214 videlicet
2535 2156 2763 2212 Patrum
2808 2161 3035 2224 chorus,
3080 2173 3320 2228 quorum
3393 2159 3672 2215 denudata
3717 2189 3732 2200 κ

2071 2267 2304 2323 corpora
2333 2251 2834 2306 innumerabilibus
2869 2251 3329 2322 plagisoalllixisti.

2142 2344 2346 2400 Omnes
2371 2344 2628 2400 Ecclesiae
2657 2343 2902 2398 clamare
2945 2358 3055 2398 non
3079 2343 3354 2408 desinent,
3388 2358 3514 2398 cum
3550 2359 3582 2398 a
3615 2351 3669 2400 te

2074 2435 2280 2493 fuerint
2324 2437 2534 2492 orbatae
2567 2437 2773 2492 Christi
2819 2435 3034 2490 Domini
3069 2435 3326 2506 imagine,
3377 2444 3430 2490 et
3455 2445 3677 2492 sancto-

2031 2533 2034 2536 ’
2073 2543 2196 2582 rum
2227 2527 2348 2597 ejus
2375 2528 2552 2582 sacris
2583 2525 2798 2595 ﬁguris.
2834 2525 3020 2582 Gloria
3053 2524 3227 2580 Patri.

2143 2619 2326 2675 Gloria
2359 2619 2479 2682 tibi,
2542 2627 2597 2674 et
2643 2618 2841 2672 iterum
2875 2617 3048 2688 gloria
3097 2618 3196 2672 tibi
3236 2618 3329 2685 sit,
3365 2618 3512 2673 trina
3542 2619 3669 2673 uni-

2073 2721 2178 2776 tas,
2219 2711 2382 2766 Pater
2439 2720 2493 2766 et
2517 2711 2691 2766 Filius
2722 2718 2778 2765 et
2813 2708 3051 2778 Spiritus
3087 2720 3341 2775 sanctus,
3381 2725 3506 2780 quae
3537 2712 3670 2764 uni-

2074 2819 2294 2859 versum
2348 2803 2540 2858 orbem
2569 2802 2813 2873 potentia
2852 2813 2943 2856 tua
2977 2803 3270 2856 contines:
3325 2811 3375 2856 te
3406 2804 3668 2872 depreca-

2074 2914 2220 2959 mur,
2263 2905 2323 2952 nt
2363 2898 2432 2952 ab
2475 2897 2624 2952 omni
2659 2895 2803 2951 malo
2836 2910 2956 2961 eos,
3011 2895 3107 2966 qui
3150 2895 3206 2950 in
3257 2905 3312 2950 te
3350 2895 3664 2960 contidunt,

2076 2992 2316 3048 liberare
2340 2991 2608 3061 digneris.

2144 3107 2324 3160 Instar
2369 3103 2668 3159 lucernarii
2711 3117 2848 3158 auro
2902 3102 3178 3168 exornati,
3217 3111 3270 3158 te
3309 3117 3666 3180 veneramur,

2073 3209 2261 3255 sancta
2293 3198 2385 3252 Dei
2422 3197 2694 3262 Genitrix,
2725 3213 2847 3268 quae
2876 3198 3061 3252 lumen
3096 3197 3464 3252 intellectuale
3496 3213 3660 3252 mun-

1993 3300 2038 3362 ρ
2071 3292 2144 3347 do
2181 3290 2463 3362 peperisti,
2493 3297 2548 3344 et
2584 3292 2932 3346 tenebrosam
2977 3291 3235 3347 nebulam
3288 3290 3594 3361 dissipasti.

2759 3437 2900 3495 ODA
2929 3437 3022 3494 VI.

2141 3590 2434 3648 Vociferati
2456 3603 2586 3648 sunt
2609 3594 2803 3664 vigiles
2857 3593 3118 3651 Ecclesia}
3151 3595 3360 3652 Christi
3391 3599 3668 3670 custodes,

2069 3685 2139 3739 ab
2163 3685 2282 3754 ipso
2311 3694 2576 3755 petentes,
2610 3695 2671 3740 ut
2705 3689 2809 3741 sibi
2847 3704 2950 3758 pax
2984 3689 3302 3759 largiretur,
3329 3707 3471 3761 quos
3497 3710 3668 3748 exau-

2070 3777 2225 3839 divit,
2265 3783 2319 3830 et
2346 3792 2538 3832 eorum
2571 3778 2830 3846 precibus
2861 3789 3100 3834 mentem
3132 3782 3410 3838 adhibuit.

2144 3866 2375 3924 Detectae
2417 3879 2548 3925 sunt
2587 3872 2899 3927 seductoris
2934 3873 3082 3929 illius
3111 3883 3259 3930 artes
3300 3885 3355 3930 et
3385 3875 3496 3948 doli
3531 3893 3663 3932 san-

2069 3969 2283 4016 ctorum
2323 3961 2547 4016 Patrum
2597 3963 2982 4032 dogmatibus;
3039 3975 3095 4020 et
3131 3965 3278 4022 Deus
3301 3983 3466 4024 carne
3505 3969 3666 4023 indn-

2071 4062 2162 4108 tus
2192 4054 2262 4108 ah
2308 4054 2566 4110 omnibus
2610 4055 2942 4124 celebratur,
2982 4059 3074 4127 qui
3116 4073 3216 4128 pro
3244 4073 3342 4113 sua
3377 4059 3666 4116 divinitate

2071 4145 2590 4216 incircumscriptus
2619 4147 2856 4202 exsistit.
3352 4212 3381 4226 _

2143 4237 2288 4292 Socii
2317 4239 2650 4294 seductionis
2703 4231 2912 4310 pudore
2963 4239 3406 4309 confundantur,
3456 4251 3509 4298 et
3537 4258 3663 4314 per—

2071 4340 2201 4386 eant
2267 4348 2376 4387 una
2443 4348 2568 4387 cum
2613 4317 2860 4388 Antoriio
2913 4332 3233 4391 TheodOtus
3281 4345 3336 4392 et
3370 4335 3568 4392 Lezius
3607 4347 3662 4393 et

2072 4425 2415 4492 Theodorus,
2444 4427 2778 4497 profundum
2810 4428 3160 4499 perditionis.

2147 4518 2221 4573 Os
2259 4527 2414 4573 tuum
2454 4522 2739 4590 aperuisti,
2773 4537 2809 4576 ο
2848 4522 3036 4588 miser,
3063 4537 3173 4576 non
3208 4520 3262 4576 in
3300 4524 3530 4581 canticis
3554 4525 3664 4596 spi-

2072 4611 2386 4676 ritualibus,
2433 4612 2527 4666 sed
2562 4613 2618 4666 in
2659 4612 3017 4683 blasphemiis
3057 4613 3325 4670 adversus
3362 4615 3658 4671 Dominum

2074 4713 2251 4771 tuum,
2278 4707 2620 4761 venerandas
2655 4705 2926 4776 imagines
2955 4707 3299 4763 insectando.

2139 4808 2462 4870 Pervertisti
2498 4826 2816 4872 sanctorum
2849 4817 3076 4871 Patrum
3122 4817 3399 4886 dogmata,
3435 4830 3656 4889 aposto—

2067 4908 2248 4962 lorum
2301 4907 2566 4963 doctrinis
2612 4909 2889 4964 contraria
2935 4910 3246 4976 scribendo,
3293 4911 3454 4981 juxta
3503 4921 3656 4970 tuam

2071 4994 2268 5049 falsam
2322 4996 2648 5066 religionem
2695 5005 2752 5052 et
2796 4999 3042 5070 impiam,
3085 5015 3118 5055 ο
3147 4999 3390 5058 Joannes
3447 5002 3656 5061 Christi

2070 5102 2308 5140 Hllllllce.

2140 5199 2351 5255 Fumus
2380 5208 2508 5256 tuus
2534 5202 2750 5272 piorum
2773 5206 2964 5262 oculos
2993 5206 3253 5279 lacrymis
3278 5208 3525 5276 replevit,
3559 5209 3656 5265 sed

2069 5302 2238 5346 vento
2274 5308 2558 5348 sacrorum
2587 5296 2872 5352 doctorum
2914 5298 3218 5370 dissipatus
3253 5309 3358 5365 est,
3389 5315 3424 5356 ο
3464 5302 3659 5357 insane

2070 5380 2331 5438 Joannes.

2141 5496 2225 5554 Tu
2284 5515 2500 5555 sacram
2571 5501 2766 5558 stolam
2822 5503 3122 5571 dilaniasti,
3189 5506 3652 5576 quemadmodum

2073 5591 2201 5645 olim
2233 5591 2398 5648 Arius
2428 5593 2634 5649 Christi
2685 5605 2894 5652 vestem
2922 5614 2937 5664 ;
2967 5608 3302 5668 quapropter
3355 5600 3551 5654 merito
3585 5602 3656 5656 ab

2072 5682 2316 5741 Ecclesia
2345 5687 2559 5756 procul,
2605 5688 2782 5744 instar
2819 5689 2974 5747 canis
3009 5729 3026 5755 ,
3075 5705 3136 5746 es
3179 5691 3407 5762 eiectus.
3467 5692 3652 5749 Gloria

2070 5774 2242 5830 Patri.

2147 5868 2328 5926 Unum
2357 5871 2579 5929 deitatis
2610 5871 2944 5944 principium
2980 5873 3159 5934 tribus
3205 5876 3462 5948 personis
3492 5875 3654 5949 glori-
