4122 6382
491 446 627 512 1775
1671 431 1740 492 S.
1779 429 2175 492 THEODORI
2217 431 2562 494 STUDITIE
3616 426 3768 491 1775

484 559 612 614 lico.
653 555 806 612 Unus
847 527 992 608 enim
1042 547 1186 603 Deus
1215 555 1319 612 est,
1373 542 1557 607 Pater,
1589 538 1790 606 Filius,
1821 549 1876 596 et
1907 539 2084 611 Spiri-

2187 544 2292 608 clv,
2323 539 2404 605 εἷς
2431 541 2565 606 Θεὸς
2597 543 2704 614 γάρ
2739 543 2877 607 ἐστι,
2906 543 3119 614 Πατὴρ,
3149 542 3274 608 Υἱὸς
3305 543 3400 597 καὶ
3421 542 3670 613 Πνεῦμα,
3691 544 3770 596 δι-

488 661 578 704 tus
607 655 854 711 sanctus,
883 643 1011 698 licet
1037 637 1391 695 idiomatibus
1415 635 1847 704 distinguantur,
1878 641 1932 688 et
1953 647 2080 703 per-

2181 635 2384 710 ᾕρηται
2415 636 2761 709 χαρακτῆρσι
2793 637 2891 691 καὶ
2920 635 3254 709 προσώποις.

488 756 667 798 501118.

557 831 602 888 Ο
631 828 934 902 purissima
955 825 1124 897 Virgo
1167 838 1196 879 a
1244 821 1355 877 Deo
1389 817 1718 890 gloriﬁcata,
1757 813 1957 870 civitas
1988 811 2082 866 Dei

2253 817 2304 870 θ.
2345 816 2710 888 Προφητικῶς
2727 817 2868 889 ἁγνὴ
2894 817 3208 882 θεοδόξαστε
3232 812 3388 882 πόλις
3409 817 3656 889 ὲδείχθης
3675 817 3770 871 ’τοῦ

486 941 516 980 a
545 924 823 996 prophetis
866 921 1062 977 merito
1099 935 1160 974 es
1212 912 1603 988 praenuntiata,
1644 927 1709 967 ex
1761 926 1872 982 qua
1925 918 2083 964 ortus

2181 909 2340 975 Θεοῦ,
2369 909 2430 974 ἐξ
2453 903 2521 981 ἦς
2543 909 2810 981 ἐγεννήθη
2851 909 3016 972 αὐτὸς
3046 911 3074 964 ὀ
3106 907 3345 981 Ποιητής
3371 926 3489 974 σου,
3515 911 3654 981 μετά
3681 911 3770 963 τό·

485 1028 570 1073 est
601 1019 830 1088 ipsemet
853 1013 932 1068 tui
953 1013 1199 1077 Creator,
1233 1007 1327 1079 qui
1357 1017 1408 1063 te
1433 1014 1562 1077 post
1585 1012 1828 1076 partum,
1849 1011 1912 1058 ut
1932 1009 2078 1077 ante,

2181 1019 2278 1056 κον
2309 1019 2370 1056 σε
2402 1001 2478 1067 ὡς
2508 1003 2570 1056 τὸ
2596 1001 2728 1074 πρὶν
2753 1001 3111 1074 διαφυλάξας.

486 1107 771 1180 Virginem
809 1102 1181 1161 conservavit.

1163 1206 1304 1262 ODA
1328 1203 1444 1261 vn.
2874 1197 3006 1269 om
3033 1194 3110 1254 z'.

557 1325 791 1382 Ilaeresis
837 1323 1121 1379 fornacem
1162 1327 1402 1392 quatuor
1427 1316 1508 1390 (4)
1549 1329 1824 1374 annorum
1871 1313 2082 1369 hebdo-

2253 1307 2364 1380 Τὴν
2390 1307 2624 1378 κάμινον
2651 1307 2751 1379 τῆς
2782 1309 3074 1379 αἱρέσεως,
3098 1310 3194 1364 νῦν
3222 1311 3553 1367 κατέσϐεσεν
3585 1315 3619 1387 ἡ
3645 1313 3769 1369 θεία

469 1422 677 1474 dnadas
711 1416 1222 1488 praedominantem,
1251 1411 1429 1485 gratia
1458 1424 1609 1466 nunc
1640 1407 1907 1464 exstinxit
1931 1405 2078 1460 divi-

2183 1402 2362 1473 χάρις,
2400 1400 2680 1470 φλέγουσα
2727 1402 3058 1472 νοουμένους
3098 1402 3423 1468 Χαλδαίους,
3463 1407 3554 1459 κει)⁸
3579 1407 3768 1478 δροσί-

487 1528 578 1574 na,
626 1510 825 1564 ardens
872 1508 1096 1578 quidem
1139 1505 1454 1570 Chaldaeos,
1487 1510 1544 1559 et
1590 1500 1926 1570 refrigerans
1960 1498 2080 1569 pios

2182 1493 2353 1558 ζουσα
2378 1494 2608 1567 Τριάδος
2632 1493 2973 1564 θεράποντας
2995 1509 3012 1523 ⁸
3047 1496 3378 1566 τετραπλαῖς
3409 1498 3769 1570 ἐΰδομάσεσιν

487 1603 774 1658 Trinitatis
804 1602 1066 1658 cultores.

2190 1585 2330 1638 ὲτῶν
2355 1584 2523 1656 αὐτὴν
2548 1584 3016 1656 διακρατήσασαν.

559 1696 836 1750 Exornata
885 1702 991 1758 est,
1040 1701 1095 1748 et
1131 1690 1364 1762 pulchra
1409 1688 1600 1746 eﬂ‘ecta
1657 1685 1754 1742 Dei
1809 1683 2078 1748 Ecclesia,

2256 1675 2636 1744 Πεποίκιλται,
2664 1677 3079 1750 περιϐέϐληται,
3110 1680 3550 1736 κεκαλλώπισται
3574 1683 3609 1754 ἡ
3644 1683 3771 1738 Ἐκ-

391 1783 398 1788 ’
486 1797 704 1858 recepta
750 1787 1054 1842 Dominicae
1093 1783 1496 1840 incarnationis
1525 1795 1682 1837 sacra
1723 1778 1984 1848 imagine,
2027 1786 2082 1830 et

2183 1765 2415 1837 κλησία·
2451 1766 2736 1837 μόρφωσιν
2760 1765 2854 1820 τοῦ
2891 1767 3164 1822 Δεσπότου
3195 1770 3304 1824 τῶν
3344 1771 3480 1826 ὅλων
3502 1773 3601 1844 τῆς
3630 1791 3767 1846 σαρ-

487 1881 608 1951 cjus
640 1880 939 1950 passionis,
984 1893 1050 1934 ac
1098 1877 1335 1932 aliorum
1370 1873 1784 1946 mysteriorum,
1813 1871 1970 1942 juxta
1995 1868 2080 1924 di-

2183 1858 2424 1924 κώσεως,
2456 1857 2686 1913 καὶτῶν
2750 1857 3092 1930 παθημάτων
3139 1862 3305 1916 αὐτοῦ
3360 1863 3455 1916 καὶ
3511 1864 3579 1919 τὰ
3620 1866 3765 1937 σύμο

487 1974 645 2028 vinas
681 1973 850 2044 leges.

555 2149 872 2206 Christiane
915 2147 1006 2202 Dei
1048 2145 1266 2216 pupule,
1304 2142 1538 2204 exsulta,
1589 2150 1645 2196 et
1690 2140 1923 2212 hymnos
1974 2139 2081 2194 Deo

489 2239 740 2305 concine,
768 2237 898 2290 dum
938 2237 1091 2290 vides
1149 2233 1456 2289 Ecclesiam
1506 2232 1707 2285 iterum
1755 2231 2080 2285 illustratatn

488 2332 688 2386 divinze
745 2329 1002 2399 imaginis
1054 2324 1486 2398 pulchritudine,
1533 2338 1699 2393 quam
1760 2337 1887 2377 cum
1937 2319 2082 2376 Deus

489 2434 656 2487 esset,
712 2423 965 2495 gestavit,
1007 2431 1067 2476 ut.
1117 2421 1305 2483 homo,
1355 2427 1415 2472 ut
1460 2431 1562 2472 nos
1603 2414 1860 2470 homines
1901 2413 2082 2470 salvos

488 2521 712 2574 laceret.

559 2611 883 2682 Panperieni
937 2621 1135 2679 passus
1180 2614 1284 2671 est,
1337 2611 1392 2659 et
1449 2602 1675 2668 famem,
1745 2608 1801 2656 et
1844 2599 1994 2655 sitim
2026 2600 2081 2653 in

489 2721 658 2760 carne
713 2701 859 2758 Deus
913 2699 1173 2765 Verbum,
1211 2697 1329 2752 haec
1355 2695 1627 2766 siquidem
1659 2693 1918 2747 humanae
1956 2699 2085 2746 sunt

491 2805 704 2853 natura:
749 2794 1032 2859 idiomata,
1084 2806 1182 2862 per
1243 2803 1364 2859 quae
1409 2785 1918 2843 circumscribitur:
1967 2785 2084 2854 ipse

490 2903 622 2942 vero
649 2885 859 2940 Deitale
907 2882 1139 2953 simplex
1185 2879 1426 2944 exsistit,
1459 2885 1514 2932 et
1545 2875 2082 2944 incircumscriptus.

561 2978 840 3042 Portenta,
900 2983 954 3030 et
1005 2989 1159 3028 vana:
1206 2971 1590 3043 praedictiones
1653 2966 1886 3023 Joatmis
1936 2967 2084 3021 illius

492 3072 714 3128 Christo
741 3070 938 3125 infensi
964 3075 1090 3122 sunt
1122 3066 1422 3135 dissipalze,
1459 3063 1554 3134 qui
1589 3075 1669 3128 se,
1695 3061 1871 3117 instar
1910 3060 2085 3130 genti-

493 3167 650 3227 lium,
679 3162 924 3234 jactabat
977 3173 1171 3214 eorum
1236 3156 1483 3226 scriptis,
1528 3167 1649 3222 quae
1683 3149 1882 3206 merito
1905 3150 2084 3220 justo-

493 3273 616 3312 rum
644 3270 806 3312 voces
833 3262 884 3309 et
915 3266 1104 3323 preces
1140 3249 1500 3318 disiecerunt.

565 3345 816 3412 Occulta,
847 3351 900 3398 et
939 3341 1193 3413 profana,
1229 3347 1284 3392 ct
1327 3335 1620 3390 animabus
1646 3330 1956 3403 perniciosa
1989 3338 2083 3384 tua

497 3445 752 3510 dogmata
799 3449 1052 3507 quaenam
1112 3433 1301 3500 lingua
1371 3430 1575 3500 poterit
1640 3440 1947 3490 enarrare,
2003 3423 2086 3476 vel

496 3531 902 3604 praadiCIionem
929 3535 1038 3581 tua:
1076 3523 1437 3592 ventriloquaa
1466 3517 1830 3591 phytonissas,
1865 3530 1898 3569 ο
1923 3513 2083 3568 Joan-

497 3623 637 3680 nes?
667 3623 769 3678 hoc
802 3619 1025 3674 nomine
1051 3616 1278 3685 indigne
1309 3612 1499 3683 procul
1527 3610 1720 3672 dubio,
1754 3623 1878 3664 cum
1907 3607 2087 3677 potius

497 3715 720 3769 Satanae
751 3722 1078 3780 praecursor,
1105 3714 1162 3760 et
1193 3701 1521 3756 Antichristi
1551 3699 1807 3753 exsistas.

571 3802 690 3860 Non
737 3799 1033 3872 oportebat
1069 3806 1143 3860 te,
1178 3809 1212 3850 ο
1245 3791 1638 3848 scelestissime
1671 3789 1942 3851 omnium,
1984 3787 2089 3840 hoc

497 3883 746 3958 nomine,
784 3891 1020 3946 Joannes
1063 3887 1317 3942 videlicet
1370 3879 1701 3949 nuncupari,
1762 3877 1856 3933 sed
1905 3877 2086 3946 potius

501 3983 892 4055 Pythagoram,
924 3985 978 4033 et
1007 3975 1305 4030 Saturnum
1333 3969 1420 4026 vel
1446 3967 1772 4039 Apollinem,
1809 3965 1892 4019 vel
1918 3963 2089 4018 alium

503 4071 818 4145 quempiam
873 4068 1231 4140 profanorum
1287 4062 1508 4116 illorum
1549 4059 1802 4121 deorum,
1851 4069 2088 4126 quorum

505 4169 673 4222 vitam
711 4179 772 4220 es
803 4163 1074 4222 imitatus.
1124 4171 1317 4212 eorum
1361 4150 1722 4223 impudicitiis
1763 4148 2087 4204 delectatus.

499 4260 692 4317 Gloria
719 4255 892 4313 Patri.

580 4350 980 4422 Sempiternam
1009 4342 1443 4413 omnipotentem
1483 4331 2090 4407 incomprehensibilem

505 4444 832 4500 Trinitatem
863 4438 1049 4494 lideles
1077 4449 1269 4490 omnes
1285 4433 1598 4497 adoremus,
1617 4423 2090 4490 Patrem,Filium,

509 4548 564 4592 et
591 4533 856 4606 Spiritum
891 4537 1171 4592 sanctum,
1205 4535 1261 4580 et
1295 4523 1500 4580 divinis
1526 4520 1783 4577 laudibus
1809 4516 2062 4574 inconlus

509 4629 876 4694 celebremus,
900 4623 1204 4678 clamantes
1243 4636 1258 4673 :
1299 4615 1558 4680 Sanctus,
1595 4624 1842 4678 sanctus,
1870 4618 2094 4665 sanctus
2125 4645 2172 4701 Β

509 4739 572 4779 es
598 4722 760 4778 Deus.

586 4815 788 4872 Sancta
822 4811 918 4868 Dei
976 4805 1230 4866 Genitrix
1283 4801 1456 4857 Mater
1516 4810 1572 4854 et
1633 4795 1826 4867 Virgo,
1877 4791 2099 4866 hymnis

2182 1950 2314 2004 ὁολα
2363 1951 2627 2022 φέρουσα,
2661 1952 2743 2014 είς
2774 1951 2932 2017 τέλος
2958 1952 3097 2006 κατὰ
3155 1955 3218 2007 τὸ
3259 1957 3389 2020 τοὺς
3441 1957 3624 2022 θείους
3669 1959 3768 2012 θε-

2183 2041 2375 2114 σμούς.

2265 2132 2546 2202 Ἐόρταζε,
2578 2131 3003 2205 πανηγύριζε,ό
3056 2133 3434 2208 χριστώνυμος
3475 2139 3604 2202 λαὸς
3651 2142 3766 2195 Κυ-

2184 2223 2326 2295 ρίου,
2357 2222 2571 2293 βλέπων
2606 2223 2705 2296 τὴν
2741 2225 3073 2298 Ἐκκλησίαν
3122 2230 3216 2282 καὶ
3241 2230 3404 2284 πάλιν
3424 2232 3766 2303 διαλάμπου-

2185 2331 2304 2381 σαν,
2331 2315 2391 2368 τὸ
2417 2314 2614 2380 κάλλος
2639 2317 2738 2388 τῆς
2756 2318 2905 2381 θείας
2934 2320 3150 2391 μορφῆς
3170 2339 3183 2352 ·
3202 2321 3269 2392 ἢν
3313 2323 3446 2388 Θεὸς
3465 2323 3541 2379 ὣν
3569 2325 3768 2397 ἐφόρε-

2183 2421 2297 2469 σεν,
2334 2403 2410 2468 ὡς
2444 2403 2735 2478 ἄνθρωπος
2775 2406 2865 2461 διὰ
2894 2409 2957 2462 τὸ
2996 2409 3169 2464 σῶσαι
3211 2412 3380 2482 ἡμᾶς.

2266 2578 2630 2651 Ἐπτώχευσε,
2667 2580 2761 2635 καὶ
2792 2581 3072 2648 ὲπείνασε,
3111 2583 3206 2638 καὶ
3269 2585 3492 2658 ἐδίψησε
3553 2591 3768 2661 σαρκὶὸ

2181 2670 2389 2740 Λόγος·
2429 2671 2600 2724 ταῦτα
2639 2671 2742 2742 τῆς
2765 2672 3116 2746 ἀνθρωπίνης
3163 2675 3351 2740 οὐσίας
3377 2677 3657 2747 ἰδιώματα,
3695 2681 3766 2734 δι’

2183 2759 2258 2817 ὧν
2285 2764 2711 2834 περιγράφεται.
2751 2759 2920 2828 Οὗτος
2962 2764 3021 2818 δὲ
3056 2769 3121 2838 τῇ
3153 2766 3370 2841 θεότητι
3398 2770 3602 2837 ἁπλοῦς
3645 2773 3767 2826 ἐστι

2185 2853 2280 2908 καὶ¹
2307 2855 2412 2907 ἀπε
2419 2854 2744 2925 ρίγραπτος.

2255 2947 2620 3019 Κατήργηται
2645 2947 2712 3000 τά
2728 2947 2994 3020 τεράστια
3019 2949 3112 3003 καὶ
3143 2950 3501 3022 μαντεύματα
3525 2953 3619 3007 τοῦ
3634 2955 3770 3025 Χρι-

2186 3039 2481 3109 στομὰχου.
2523 3041 2665 3100 Ἰσος
2717 3039 2828 3108 γὰρ
2873 3041 2984 3094 τῶν
3025 3041 3293 3112 Ἑλλήνων
3339 3043 3552 3115 ἐδείχθη
3595 3046 3767 3117 ὑψαυο

2186 3131 2471 3203 χούμενος,
2493 3135 2603 3196 τοῖς
2618 3131 2822 3185 τούτων
2841 3134 3294 3204 συγγράμμασιν,
3323 3133 3360 3188 ἃ
3396 3137 3621 3202 δικαίως
3657 3140 3766 3193 ὲλί-

2187 3240 2408 3296 κμησαν
2440 3225 2498 3280 αί
2527 3225 2634 3278 τῶν
2659 3225 2884 3283 δικαίων
2910 3226 3104 3295 φωναί.

2109 3287 2155 3350 C
2369 3317 2576 3388 κρύφια
2602 3318 2697 3370 καὶ
2750 3287 3102 3390 παμδέὄηλα,
3132 3319 3229 3372 καὶ
3275 3319 3588 3392 ψυχὸλεθρα
3628 3323 3768 3377 διδά-

2188 3410 2376 3482 γματά
2399 3427 2518 3476 σου,
2549 3409 2681 3463 ποία
2709 3410 3372 3482 ὲκδιηγήσεταιγλῶσσα;
3405 3414 3438 3483 ἦ
3470 3415 3570 3486 τὴν
3599 3416 3770 3487 πρόρ-

2191 3507 2348 3575 ῥησιν
2368 3504 2466 3574 τῆς
2514 3503 2962 3574 ὲγγειστριμύθου
2985 3521 3103 3570 σου,
3149 3504 3374 3577 Ἰωάννη
3429 3506 3771 3578 ψευδὼνυμε,

2188 3599 2284 3650 καὶ
2317 3595 2593 3668 πρόδρομε
2619 3595 2714 3650 τοῦ
2741 3587 3087 3668 ἀντιχρίστου
3129 3597 3306 3652 Σατᾶν
3333 3615 3350 3666 ;

2241 3769 2356 3823 Οὐκ
2376 3769 2485 3822 ἔδει
2509 3785 2589 3834 σε,
2603 3769 2649 3823 ω
2664 3769 2972 3841 παράνομε,
2987 3770 3352 3841 ὀνομάζεσθαι
3369 3772 3623 3846 τοιαύτην
3637 3773 3772 3845 κλῆο

2191 3880 2297 3930 σιν,
2331 3860 2532 3932 μᾶλλον
2552 3860 2609 3914 δὲ
2659 3862 3006 3933 Πυθαγόραν,
3039 3865 3135 3917 καὶ
3174 3865 3406 3935 Κρόνον,
3439 3868 3534 3920 καὶ
3574 3866 3772 3920 Ἀπόλ-

2189 3958 2354 4024 λωνα,
2383 3955 2418 4026 ἥ
2449 3971 2573 4010 τινα
2615 3954 2724 4010 τῶν
2769 3953 2946 4010 ἄλλων
2995 3954 3154 4022 θεῶν,
3182 3950 3258 4010 ὧν
3297 3958 3388 4014 τὸν
3420 3958 3535 4031 βίον
3571 3959 3772 4030 ἐζήλω-

2193 4066 2314 4113 σας,
2345 4049 2687 4120 τερπόμενος
2708 4049 2829 4111 ταῖς
2857 4047 3142 4118 ἀσελγίαις
3172 4049 3372 4107 αὐτῶν.
3404 4065 3416 4084 ⁸

2225 4303 2273 4360 θ.
2295 4302 2491 4358 ’Λῒόιον
2521 4299 2822 4358 παντοδύνα
2829 4317 2929 4371 μον
2949 4299 3334 4372 ἀκατάληπτον
3350 4300 3552 4374 Τριάδα
3569 4303 3764 4366 πιστοὶ,

2195 4398 2398 4460 πάντες
2442 4395 2682 4466 Πατέρα,
2721 4393 2850 4448 Υίὸν
2882 4393 2973 4447 καὶ
3016 4392 3243 4464 Πνεῦμα
3271 4397 3762 4465 προσκυνήσωμεν,

2063 4486 2094 4571 ε
2194 4491 2291 4546 καὶ
2317 4490 2733 4560 θεολογήσωμεν
2764 4486 3086 4559 ἁσυγχύτως
3110 4488 3516 4559 κραυγάζοντες
3539 4504 3552 4516 °
3575 4488 3761 4556 Ἀγιος

2198 4584 2372 4654 ἆγιος,
2404 4582 2558 4652 ἅγιος
2583 4577 2634 4633 εἷ
2663 4583 2692 4634 ὁ
2719 4579 2874 4644 Θεός.

2269 4803 2318 4857 θ.
2353 4801 2681 4873 Πανύμνητε
2715 4799 3099 4868 πολυδόξαστε,
3119 4801 3529 4874 μητροπάρθενε
3546 4801 3772 4869 θεοκυῆ-

515 4905 863 4970 celebranda,
898 4913 954 4957 et
992 4894 1368 4971 gloriﬁcanda,
1406 4892 1576 4947 libera
1608 4903 1710 4944 nos
1741 4888 1809 4942 ab
1840 4884 2089 4941 omnibus

2195 4912 2310 4965 τορ,
2328 4893 2605 4965 λύτρωσαι
2634 4891 2886 4964 χαλεπῶν
2915 4892 3304 4966 ἐγκλημάτων,
3331 4895 3460 4956 τοὺς
3501 4891 3772 4963 τιμῶντας

516 4997 755 5064 delictis,
787 4994 881 5068 qui
910 5004 1066 5050 tuum
1111 4987 1524 5046 immaculatum
1581 4990 1802 5054 partum
1866 4993 2094 5033 venera-

517 5107 646 5149 mur
675 5109 691 5148 :
724 5089 936 5145 nullum
962 5085 1107 5141 enim
1140 5081 1292 5138 aliud
1319 5079 1586 5135 habemus
1608 5071 1926 5147 praesidium
1957 5083 2097 5140 pra:-

520 5196 604 5240 tcr
641 5191 717 5249 te,
747 5197 781 5239 ο
807 5179 906 5235 Dei
936 5190 1162 5249 sponsa.

1173 5291 1309 5347 ODA
1352 5289 1490 5344 VIII.

595 5393 716 5450 Una
745 5375 871 5446 eum
904 5387 1166 5460 propheta
1185 5382 1525 5439 exsultemus
1547 5384 1604 5432 et
1626 5375 1892 5437 laetemur,
1916 5369 2098 5426 ﬁdeles

2198 4993 2290 5041 σόυ
2322 4985 2421 5057 τὴν
2469 4984 2736 5055 ἄχραντον
2768 4983 2987 5054 κύησιν*
3021 4985 3084 5038 ού
3104 4985 3214 5056 γὰρ
3230 4985 3397 5057 ἄλλην
3419 4985 3668 5056 βοήθειαν
3680 5002 3773 5039 κε-

2196 5078 2451 5149 κτήμεθα
2489 5075 2630 5146 πλήν
2655 5091 2773 5140 σου,
2796 5072 3102 5144 Θεόνυμφε.

2915 5273 3006 5324 ΔΗ
3033 5273 3116 5327 H'.

2915 5273 3006 5324 ΔΗ
3033 5273 3116 5327 H'.

2276 5363 2636 5438 Προφητικῶς
2697 5271 3170 5435 ἀγαλλὲσὼμεθα,
3223 5363 3318 5418 καὶ
3388 5358 3779 5432 εὐφρανθῶμεν

1953 5532 1956 5533 ⁷
2021 5547 2254 5606 NOTAE.

595 5755 672 5826 (ι)
713 5752 970 5808 ALeonis
1005 5750 1225 5826 Armeni
1268 5757 1532 5826 tempore,
1579 5739 1672 5826 qu‘i
1696 5747 1844 5826 post
1877 5737 2086 5826 [ranam

527 5806 841 5894 Augustam
863 5806 1134 5894 regnavit,
1154 5806 1500 5874 manifestum
1532 5806 1760 5894 esidtos
1786 5806 2090 5894 computari

525 5879 750 5950 ann’os:
817 5879 1001 5962 viginti
1052 5879 1177 5946 octo
1234 5900 1470 5956 namque
1509 5882 1636 5938 anni
1688 5879 2029 5936 intercedunt
2061 5891 2090 5928 a

2198 5736 2375 5806 primo
2434 5749 2578 5788 anno
2633 5731 2830 5806 Leonis
2887 5746 3062 5802 usque
3117 5729 3186 5785 ad
3217 5727 3424 5806 obitum
3465 5724 3785 5796 Theophili.

2199 5799 2419 5877 quando
2451 5819 2620 5860 sacrae
2652 5805 2915 5872 imagines
2967 5799 3096 5858 sunt
3124 5799 3408 5855 restitutae.
