4122 6382
383 283 518 352 1777

1335 237 1580 340 CANDN
1622 274 1707 334 ΙΝ
1750 267 2180 332 ERECTIONE
2220 267 2325 327 SS.
2357 263 2776 326 IMAGINUM.

3503 254 3639 324 1778
3699 228 3703 232 ”

383 399 568 454 πιστοὶ
626 396 824 458 πάντες
881 394 1178 464 μυστικῶς.
1215 389 1364 459 Αὕτη
1397 386 1505 459 γὰρ
1541 387 1574 452 ή
1610 381 1814 454 ἡμέρα,
1841 383 1898 433 ἐν

2081 391 2253 430 imnes
2287 395 2300 430 :
2350 375 2467 428 haec
2506 373 2654 426 enim
2690 381 2773 426 est
2813 371 2951 434 dies,
2989 370 3043 423 in
3086 383 3192 439 qua
3221 366 3473 423 Christus
3497 366 3637 424 Ver-

380 489 617 560 Χριστὸς
647 487 677 540 ό
699 486 870 555 Λόγος
909 485 1006 556 τὴν
1036 483 1173 536 ἰδίαν
1226 480 1420 552 στολήν
1456 475 1704 530 ἀπέδωκε
1735 475 1803 544 τῇ
1844 471 1957 523 Ἐκ.

386 581 608 653 κλησίᾳ.

455 673 773 746 Πολεμικῶς
787 670 974 741 ὥσπερ
996 667 1398 741 παρετάξαντο,
1433 659 1580 716 κατὰ
1598 655 1836 732 Χριστοῦ
1858 655 1959 726 τῆς

388 767 626 840 μορφῆς,
657 765 1001 838 ὁμοθυμαδὸν
1035 760 1212 832 Λήζιξ
1245 758 1337 814 καὶ
1383 757 1658 826 Ἰωάννης,
1683 753 1745 806 τὸ
1768 750 1958 818 ζεῦγος

384 861 478 914 τοῦ
510 859 728 930 Βελίαρ,
749 856 969 910 πελέκει
998 853 1194 918 κακίας
1237 849 1570 921 ἐγκύψαντες
1601 845 1701 916 τήν
1735 843 1964 912 Ἐκκλη-

387 953 530 1008 σίαν.

461 1047 560 1108 Τίς
596 1044 672 1114 μὴ
733 1041 994 1114 θρηνήσει
1028 1037 1089 1092 τὸ
1155 1038 1303 1108 μέγα
1363 1031 1639 1103 τόλμημα,
1683 1027 1782 1100 τήν
1813 1025 1963 1078 θείαν

391 1138 608 1209 βλέπων
640 1133 875 1204 μορφὴν.
901 1134 1000 1200 τὴν
1025 1132 1084 1184 ὲν
1115 1132 1182 1201 τῇ
1199 1128 1375 1200 χαλκῇ
1399 1127 1544 1200 πύλῃ
1557 1123 1651 1178 τοῦ
1673 1119 1960 1179 παλατίου,

389 1230 494 1284 ὑπὸ
523 1227 732 1298 ἀνδρῶν
776 1226 994 1296 ἀνόμων
1041 1223 1210 1286 λίθοις
1253 1220 1614 1294 βαλλομένην,
1660 1217 1728 1287 τῇ
1775 1213 1962 1284 διδαχῇ

383 1322 480 1376 τοῦ
533 1320 812 1384 Ἰωάννου;

459 1411 582 1472 Πῶς
625 1411 685 1464 ού
740 1409 1018 1477 συνῆκας,
1060 1404 1228 1474 τυφλὲ
1273 1401 1560 1467 πανάθλιε,
1611 1394 1963 1466 ἐσκοτισμένε

390 1502 482 1556 τὸν
501 1499 648 1564 νοῦν,
668 1499 768 1568 τὴν
791 1497 882 1550 ὑπ’
899 1495 1129 1566 οὐρανὸν
1153 1492 1365 1564 βλέπων
1387 1488 1810 1561 κεκοσμημένην
1831 1487 1968 1557 Χρι-

390 1593 522 1647 στοῦ
551 1593 629 1665 τῷ
657 1589 989 1661 χαρακτῆρι,
1013 1585 1151 1641 ἀλλὰ
1200 1585 1359 1656 μόνος
1401 1582 1556 1653 ἔσχες
1601 1581 1665 1634 τὸ
1712 1579 1967 1650 φρόνημα

387 1686 500 1739 τῶν
541 1683 808 1737 Ἰουδαίων
833 1699 848 1747 ;

2060 468 2188 523 bum
2217 465 2472 522 Ecclesia:
2502 481 2614 521 sua:
2652 463 2926 534 propriam
2958 462 3198 518 restituit
3222 461 3438 516 stolam.

2132 648 2381 705 Hostium
2418 649 2590 704 instar
2629 647 2776 704 acies
2818 654 3140 703 struxerunt
3181 645 3450 700 adversus
3487 644 3644 700 Chri-

2062 743 2130 797 sti
2195 743 2510 814 imaginem,
2572 741 2765 796 eodem
2823 741 2991 795 animi
3052 739 3238 816 furore
3308 738 3530 803 Lezius,
3586 747 3642 792 et

2060 834 2320 900 Joannes,
2360 835 2494 890 socii
2519 833 2709 896 Belial,
2768 831 3078 904 iniquitatis
3134 831 3314 887 securi
3344 830 3642 886 Ecclesiam

2063 926 2474 982 abscindentes.
2893 969 2901 978 ,

2134 1014 2272 1082 Quis
2296 1030 2405 1070 non
2435 1015 2746 1084 deplorabit
2771 1029 3027 1085 magnam
3056 1013 3442 1068 lmreticorum
3477 1011 3645 1066 auda-

2065 1108 2232 1172 ciam,
2279 1108 2578 1177 respiciens
2622 1109 2864 1163 divinam
2909 1107 3225 1178 imaginem,
3295 1121 3420 1176 qua:
3478 1112 3565 1159 est
3592 1103 3646 1156 in

2063 1214 2216 1254 aenea
2254 1206 2412 1270 porta
2450 1200 2661 1268 palatii,
2701 1214 2730 1252 a
2766 1197 2992 1254 nefariis
3025 1197 3348 1252 hominibus
3369 1192 3666 1265 lapidibus.

2065 1305 2406 1362 percussam,
2441 1289 2670 1346 Joannis
2697 1291 2989 1360 exemplo?

2137 1383 2565 1450 Quomodonon
2594 1382 2935 1452 intellexisti,
2973 1397 3008 1436 ο
3040 1391 3199 1452 capte
3232 1380 3428 1444 oculis,
3463 1395 3516 1436 et
3545 1383 3647 1438 mi-

2066 1477 2320 1541 serrimo,
2351 1491 2416 1531 ac
2447 1485 2681 1530 mentem
2713 1477 3086 1534 obtenebrate,
3105 1473 3422 1528 universum
3463 1474 3652 1527 orbem

2069 1566 2274 1622 Christi
2299 1567 2617 1621 charactere
2651 1565 2994 1635 insignitum,
3023 1563 3118 1619 sed
3165 1563 3320 1618 solus
3371 1569 3424 1616 tu
3457 1566 3654 1616 nactus

2071 1675 2130 1714 es
2168 1658 2481 1713 Judmurum
2507 1659 2788 1712 mentem?

463 1779 534 1830 Σὺ
551 1774 826 1837 παντελῶς
848 1771 1094 1826 καθελεῖν
1126 1770 1382 1840 ἐνόμισας
1408 1767 1518 1821 τῶν
1561 1763 1720 1819 θείων
1769 1763 1965 1834 ἐκκλη-

2140 1751 2222 1805 Τιι
2243 1766 2274 1806 e
2303 1750 2485 1806 medio
2509 1752 2736 1822 omnino
2760 1750 2950 1805 tollere
2981 1750 3166 1804 animo
3186 1747 3446 1818 cogitasti
3463 1761 3529 1802 ex
3561 1744 3654 1798 Dei

395 1868 526 1920 σιῶν
598 1867 698 1935 τὴν
750 1861 1115 1934 σαρκολαμπῆ
1165 1860 1447 1930 μόρφωσιν
1477 1856 1572 1909 τοῦ
1603 1855 1835 1924 Κυρίου,
1871 1853 1966 1906 καὶ

393 1962 502 2014 τῶν
530 1958 701 2028 ἁγίων
735 1959 952 2012 πάντων
974 1973 988 1987 ·
1018 1953 1136 2009 ἀλλ’
1161 1955 1196 2024 ἡ
1245 1951 1364 2006 θεία
1416 1949 1579 2022 χάρις
1620 1945 1837 2002 καθεῖλέ
1871 1962 1966 1999 σου

393 2054 493 2126 τὴν
515 2049 830 2122 τυραννίδα.

466 2143 548 2197 Τὰ
578 2143 698 2214 ιερὰ
730 2139 838 2195 τῶν
867 2138 1040 2208 ἁγίων
1069 2135 1320 2206 λείψανα,
1357 2134 1451 2188 καὶ
1494 2132 1596 2195 τὰς
1626 2131 1843 2192 εἰκόνας
1868 2128 1970 2181 αὺ-

391 2237 503 2291 τῶν
529 2233 702 2305 Λήζιξ
747 2233 774 2285 ὁ
804 2231 996 2292 δεινὸς,
1022 2229 1136 2300 ἅμα
1157 2227 1490 2305 τῷΊωάρινῃ,
1513 2224 1622 2278 οὐδ’
1640 2223 1776 2284 ὅλως
1797 2236 1975 2292 προσ-ι

395 2302 678 2381 κυνεῖσθαι
753 2321 990 2390 ἔφασκον
1023 2319 1263 2390 ἀνόμως,
1321 2302 1385 2370 οἵ
1413 2314 1644 2386 ἁρνηταὶ
1693 2312 1790 2381 τῆς
1815 2310 1973 2362 εὐσε-

406 2417 581 2481 ϐείας.

471 2509 522 2565 θ.
565 2503 976 2579 Παντουργικὴν
996 2501 1252 2576 θεαρχίαν
1271 2500 1537 2566 σέϐοντες,
1557 2500 1615 2552 ὲν
1631 2495 1975 2569 χαρακτῆρσι

397 2597 568 2669 τρισὶ,
623 2597 828 2658 πάντες
877 2592 1148 2655 εὐσεϐῶς,
1180 2589 1414 2660 ἄναρχον
1447 2589 1539 2641 τὸν
1580 2587 1820 2657 Πατέρα,
1851 2601 1976 2638 συν-

403 2691 638 2760 άναρχον
664 2687 758 2740 τὸν
780 2686 976 2754 Λόγον,
1006 2678 1244 2754 Πνεῦμα⁹
1259 2680 1636 2752 συνεκλάμπον
1663 2677 1978 2747 δοξάσωμεν

403 2781 482 2842 εἰς
509 2779 636 2842 τοὺς
657 2775 882 2837 αἰῶνας.

438 2952 507 3009 θ’.
527 2949 874 3026 Χριστιανῶν
894 2951 926 3020 ή
947 2948 1141 3021 βεϐαία
1158 2946 1458 3019 γέφυρα,τὺ
1480 2946 1741 3017 καύχημα
1757 2942 1864 2997 τῶν
1891 2959 1984 2995 πι-

405 3046 566 3111 στῶν,
596 3045 692 3098 καὶ
712 3043 1000 3112 καταφυγή
1023 3057 1039 3074 ο
1067 3040 1340 3094 Δέσποινα
1357 3039 1610 3103 Θεοτόκε,
1633 3038 1774 3108 αὑτὴ
1797 3037 1979 3106 ὑπάρ-

407 3155 525 3210 χεις
555 3136 716 3208 μόνη,
747 3135 956 3197 πάντας
1005 3131 1310 3204 βοηθοῦσα,
1347 3132 1442 3186 καὶ
1491 3129 1740 3194 σώζουσα
1779 3130 1845 3182 ὲκ
1873 3127 1980 3183 τῶν

411 3230 692 3285 κινδύνων.

1101 3384 1236 3454 nan
1265 3381 1348 3436 e'.

487 3514 570 3568 Τὰ
597 3513 746 3583 ἔθνη,
780 3511 1105 3582 κρατήσατε·
1139 3511 1291 3580 χοροὶ
1315 3497 1593 3578 Πατέρων,
1613 3507 1905 3562 σπεύσατεο
1933 3507 1984 3560 οί

416 3602 651 3674 ἀσκηταί
679 3619 739 3655 τε
775 3603 870 3656 καὶ
897 3601 950 3652 οἱ
969 3601 1028 3653 ὲν
1050 3601 1163 3663 τοῖς
1189 3600 1361 3670 ὄρεσι,
1391 3598 1692 3652 συνέλθετε’
1723 3598 1908 3668 ἥκετε,
1935 3597 1985 3650 οί

416 3695 737 3768 διωχθέντες
777 3692 944 3748 πάλαι
1007 3689 1116 3744 ἀπὸ
1155 3689 1250 3744 τοῦ
1297 3688 1499 3742 πλάνου
1555 3689 1649 3741 καὶ
1694 3687 1986 3750 δυσσεϐοῦς

429 3789 674 3842 Ἰωάννου
703 3803 717 3818 ·
755 3781 1102 3856 στηλιτεῦσαι
1163 3782 1266 3846 τὰς
1303 3781 1535 3851 μαγείας
1602 3779 1696 3832 καὶ
1755 3777 1988 3850 μαντεύ-

418 3897 586 3950 ματα.

484 4056 599 4126 Εὑφ
609 4053 816 4126 ραίνου,
835 4054 869 4124 ἡ
891 4051 1095 4124 ἔρημος
1125 4053 1220 4105 καὶ
1249 4049 1540 4121 οἰκουμένη
1557 4048 1766 4112 ἅπασα,
1794 4048 1864 4102 τὰ
1883 4047 1983 4119 ὅρη

417 4148 618 4209 πάντα,
637 4144 953 4214 γλυκασμὸν
969 4142 1288 4208 σταλάξατε,
1314 4141 1514 4212 βουνοί,
1533 4139 1886 4210 ἀγαλλιᾶσθε,
1904 4141 1986 4194 ὅτι

414 4238 668 4310 Χριστὸς,
697 4239 726 4290 ὁ
755 4236 953 4304 Λόγος,
995 4235 1219 4307 εἰρήνην
1254 4234 1454 4287 δέδωκε
1504 4235 1619 4296 τοῖς
1675 4234 1735 4286 ὲν
1763 4234 1858 4304 γῇ,
1890 4233 1986 4286 καὶ⁴

413 4335 533 4396 ταῖς
600 4330 774 4394 θείαις
862 4327 1211 4399 Ἐκκλησίαις
1284 4327 1384 4398 τὴν
1447 4326 1673 4397 ἑνότητα
1729 4325 1830 4395 τῆς
1898 4326 1989 4380 πί-

416 4440 609 4486 στεως.

485 4514 628 4578 Θεὸς
673 4514 1007 4584 ὲκδικήσεων
1067 4512 1163 4566 νῦν
1238 4510 1705 4583 ἐπαρρησιάσατο,
1755 4511 1989 4583 Χριστὸς

423 4606 652 4674 ἐπέστη,
679 4605 944 4676 ἐνισχύων
979 4605 1215 4676 σήμερον
1248 4603 1372 4667 τοὺς
1408 4603 1588 4668 θείους
1613 4603 1987 4668 διδασκάλους,

414 4697 472 4747 ὲν
529 4697 815 4767 παρρησίᾳ
889 4695 1070 4765 λέγειν
1155 4698 1257 4765 τήν
1327 4693 1736 4763 συγκατάϐασιν
1781 4693 1985 4757 αὑτοῦ,

417 4787 510 4844 καὶ
542 4785 642 4856 τὴν
705 4786 982 4858 σάρκωσιν
1025 4785 1261 4855 βεϐαίως
1320 4787 1378 4838 ἐν
1424 4785 1596 4838 εἰκόνι
1652 4786 1990 4857 περιγράφε-

419 4878 564 4934 σθαι.

486 4972 824 5043 Μακρόθυμε
855 4971 1056 5042 Κύριε,
1075 4971 1159 5034 ’ὡς
1186 4970 1478 5041 θαυμαστὰ
1495 4972 1564 5024 τὰ
1587 4969 1723 5041 ἔργα
1747 4971 1872 5024 sou!
1905 4969 1990 5034 τίς

416 5065 712 5138 ἀριθμήσει
734 5065 833 5135 τὴν
856 5064 1270 5134 φιλανθρωπίαν
1298 5080 1394 5116 σου
1422 5079 1436 5128 ;
1461 5062 1588 5126 Πῶς
1610 5062 1820 5134 βλέπων
1847 5079 1990 5116 κτει-

418 5155 678 5226 νομένους
719 5154 801 5208 διὰ
849 5156 948 5225 τὴν
979 5154 1080 5223 σήν
1132 5154 1339 5222 εἰκόνα,
1377 5155 1505 5217 τοὺς
1553 5156 1716 5225 ἱερεῖς
1754 5170 1848 5206 σου
1897 5152 1992 5206 καὶ

417 5245 684 5313 ἀσκητάς,
720 5245 781 5297 οὐ
809 5241 1149 5314 κατέφλεξας
1176 5245 1302 5308 τοὺς
1330 5244 1587 5308 πλάνους,
1626 5243 1741 5298 ἀλλ’
1758 5244 1990 5314 ἠνέσχου

420 5334 778 5409 ὑϐριζόμενος
805 5355 821 5404 ;
920 5363 924 5368 -

504 5510 563 5564 '0
597 5512 775 5583 πήξας
799 5512 1098 5568 ἀσάλευτον
1141 5513 1239 5584 τὴν
1280 5513 1631 5585 Ἐκκλησίαν,
1662 5515 1856 5586 Κύριε,
1900 5516 1996 5570 καὶ

425 5602 590 5659 πύλαι
622 5603 750 5675 ᾅδου
782 5604 984 5675 ταύτης
1033 5603 1094 5657 οὐ
1144 5604 1500 5675 κατίσχυσαν,
1532 5606 1693 5669 αὐτὸς
1721 5607 1818 5677 τὴν
1839 5608 1992 5679 εἰρή-

2064 1843 2326 1899 Ecclesiis
2366 1843 2566 1897 Christi
2611 1841 2830 1898 Domini
2877 1841 3174 1911 imaginem
3213 1854 3378 1894 carne
3431 1834 3656 1907 praeful-

2067 1943 2301 2005 gentem,
2333 1944 2388 1989 et
2416 1944 2730 1990 sanctorum
2773 1933 3052 1999 omnium;
3099 1932 3194 1986 sed
3238 1929 3422 1984 divina
3478 1925 3658 1998 gratia

2068 2036 2220 2082 tuam
2251 2027 2596 2099 tyrannidem
2623 2026 2920 2081 destruxit.

2142 2120 2342 2176 Sacras
2367 2128 2684 2176 sanctorum
2707 2119 2994 2189 reliquias,
3025 2128 3082 2173 et
3109 2118 3356 2188 ipsorum
3386 2116 3658 2187 imagines

2071 2213 2402 2269 Lezius-ille
2451 2212 2624 2276 ferus,
2677 2227 2786 2266 una
2845 2225 2972 2265 cum
3006 2210 3255 2274 Joanne,
3303 2209 3457 2264 nullo
3494 2218 3658 2279 pacto

2071 2308 2434 2372 venerandas,
2473 2305 2641 2376 impie
2673 2305 3033 2372 asserebant,
3064 2312 3125 2358 ut
3167 2303 3388 2374 pietatis
3417 2302 3662 2357 deserto-

2075 2413 2186 2454 res.
2224 2396 2410 2452 Gloria
2445 2395 2618 2450 Patri.
3015 2432 3024 2443 .
3191 2419 3194 2423 η

2144 2488 2350 2545 Omnes
2385 2489 2476 2558 pie
2498 2495 2825 2544 venerantes
2867 2485 2963 2542 Dei
3000 2485 3367 2557 majestatem,
3406 2482 3669 2536 omniurn-

2076 2589 2382 2648 auctorem,
2436 2581 2492 2658 in
2538 2581 2712 2635 tribus
2770 2579 3063 2650 personis,
3129 2577 3342 2632 Patrem
3404 2574 3660 2630 videlicet

2077 2672 2348 2745 principio
2367 2681 2666 2733 carentem,
2681 2680 2735 2725 et
2759 2671 2994 2725 Verbum
3014 2678 3371 2724 coaeternum.
3399 2665 3666 2735 Spiritum

2079 2780 2299 2836 quoque
2336 2774 2585 2820 sanctum
2639 2763 2804 2818 simul
2855 2763 3244 2832 praelucentem
3293 2757 3668 2830 gloriﬁcemus

2081 2860 2136 2912 in
2167 2858 2390 2913 saecula.

2153 2949 2199 3005 Ο
2232 2949 2462 3006 Domina
2493 2948 2588 3002 Dei
2616 2946 2885 3011 Genitrix,
2915 2954 2972 3001 tu
3001 2947 3116 3001 sola
3145 2943 3370 3000 exsistis
3398 2939 3667 2996 Christia-

2087 3061 2282 3100 norum
2315 3059 2454 3114 pons
2489 3057 2738 3104 securus,
2783 3050 2838 3096 et
2883 3042 3121 3096 tidelium
3175 3039 3350 3110 gloria
3379 3045 3544 3107 atque
3575 3051 3667 3090 re-

2091 3137 2318 3207 fugium,
2353 3152 2383 3190 a
2407 3136 2664 3208 periculis
2691 3135 2927 3201 cunctis,
2959 3148 3153 3188 omnes
3181 3131 3450 3202 adiuvans
3505 3138 3674 3198 atque

2090 3230 2343 3284 liberans.

2760 3379 2898 3436 ODA
2935 3380 3028 3435 ΙΧ.

2162 3512 2366 3568 Gentes
2406 3527 2622 3579 omnes,
2672 3513 2911 3582 plaudite
2954 3513 3230 3578 manibus,
3277 3527 3331 3569 et
3358 3527 3693 3572 sanctorum.

2092 3605 2314 3660 Patrum
2352 3605 2506 3660 chori
2563 3605 2854 3669 accurrite,
2891 3615 2944 3659 et
2971 3607 3064 3676 qu-i
3093 3607 3335 3662 claustra
3371 3617 3424 3664 et
3459 3618 3675 3665 montes

2092 3697 2355 3759 incolitis,
2399 3698 2688 3751 convenite
2718 3712 2932 3762 omnes,
2967 3707 3021 3752 et
3049 3700 3310 3764 accedite.
3343 3718 3485 3772 quos
3512 3713 3674 3758 antea

2093 3789 2182 3843 ille
2209 3789 2468 3844 seductor
2494 3798 2549 3842 et
2603 3789 2804 3858 impius
2839 3788 3076 3845 Joannes
3112 3791 3288 3846 fuerat
3331 3805 3671 3862 persecutus.

2092 3886 2153 3932 ut
2205 3892 2299 3932 eas
2362 3877 2603 3947 magicas
2659 3887 2826 3942 artes,
2862 3888 2917 3934 et
2973 3879 3196 3936 fraudes
3233 3883 3590 3950 conculcetis,
3621 3893 3675 3938 et

2091 3967 2407 4040 proﬂigetis.

2161 4059 2391 4123 Lzetare,
2418 4076 2636 4117 eremus
2663 4072 2716 4116 ct
2746 4061 3032 4118 universus
3065 4063 3237 4129 orbis,
3265 4076 3482 4120 montes
3509 4067 3672 4120 etiam

2093 4169 2283 4210 omnes
2305 4154 2644 4209 dulcedinem
2687 4155 2907 4222 stillate,
2927 4168 2980 4211 et
3015 4157 3185 4212 valles
3214 4157 3504 4224 exsultate,
3539 4176 3677 4229 quo~

2092 4243 2240 4298 niam
2294 4243 2550 4298 Christus
2601 4245 2694 4299 Dei
2752 4245 2994 4300 Verbum
3055 4263 3242 4316 pacem
3293 4250 3550 4306 omnibus
3591 4265 3682 4308 est.

2094 4336 2342 4406 largitus,
2367 4343 2421 4391 et
2454 4337 2657 4392 sanctis
2693 4336 2953 4394 Ecclesiis
2983 4339 3108 4396 fidei
3157 4342 3442 4396 unitatem.

2163 4517 2307 4574 Deus
2337 4518 2606 4574 ultionum
2635 4535 2778 4574 nunc
2810 4518 2979 4574 libere
3006 4518 3135 4589 egit,
3194 4517 3448 4573 Christus
3478 4519 3694 4587 astitit,

2089 4613 2451 4668 corroborans
2475 4613 2637 4668 hodie
2668 4623 2888 4669 sanctos
2918 4612 3130 4678 Patres,
3156 4613 3350 4683 utejus
3377 4612 3669 4670 adventum

2091 4703 2262 4758 libere
2325 4705 2624 4774 praedicare
2676 4707 2915 4770 valeant,
2971 4715 3136 4777 atque
3187 4707 3521 4775 imaginibus
3552 4708 3674 4779 ejus

2092 4793 2530 4850 incarnationem
2559 4795 2869 4866 designare.

2162 4967 2540 5040 Longanimis.
2569 4970 2820 5037 Domine,
2855 4988 3022 5043 quam
3046 4971 3322 5027 mirabilia
3353 4981 3480 5028 sunt
3509 4990 3671 5045 opera

2091 5071 2184 5115 tua
2207 5061 2219 5114 l
2252 5062 2380 5132 quis
2406 5071 2551 5116 tuam
2572 5063 2914 5118 clementiam
2945 5064 3294 5120 recensebit?
3319 5073 3372 5119 et
3400 5067 3676 5135 quomodo

2093 5152 2314 5208 intuens
2351 5163 2472 5210 tuos
2501 5155 2813 5212 sacerdotes
2847 5165 2901 5212 et
2940 5159 3266 5224 monachos,
3311 5158 3439 5212 dum
3467 5159 3675 5212 interti-

2093 5255 2351 5300 cerentur
2390 5255 2612 5316 propter
2650 5257 2797 5302 tuam
2847 5249 3166 5321 imaginem,
3202 5252 3524 5306 seductores
3556 5252 3690 5307 illos,

2094 5337 2230 5390 tanti
2265 5337 2392 5391 mali
2426 5348 2676 5395 auctores
2711 5357 2819 5395 non
2846 5343 3225 5409 combussisti,
3252 5344 3348 5398 sed
3383 5352 3562 5399 tantas
3591 5343 3690 5398 int

2092 5427 2264 5499 jurias
2301 5444 2457 5498 aequo
2488 5431 2656 5485 tulisti
2676 5431 2900 5486 animo?

2167 5518 2211 5575 Ο
2265 5519 2514 5588 Domine,
2562 5526 2653 5594 qui
2717 5525 3017 5582 Ecclesiam
3081 5535 3226 5581 tuam
3285 5527 3674 5584 inconcussam

2097 5615 2443 5684 compegisti,
2474 5625 2532 5670 ut
2563 5625 2736 5686 por-tte
2764 5617 2922 5673 inferi
2951 5618 3214 5675 adversus
3234 5635 3352 5675 eam
3382 5623 3696 5690 praevalere

421 5715 520 5769 νην
551 5714 644 5752 σου
704 5697 984 5770 παράσχου
1027 5697 1102 5769 τῷ
1151 5697 1265 5770 λαῷ
1311 5715 1432 5768 σου,
1465 5697 1550 5754 ἴνα
1591 5714 1649 5751 σε
1699 5699 1896 5763 πάντες
1923 5701 1977 5753 εί·

2099 5715 2392 5774 nequeant,
2446 5706 2563 5776 ipse
2601 5723 2788 5778 pacem
2821 5717 2968 5764 tuam
3013 5711 3212 5782 populo
3250 5719 3341 5768 tuo
3367 5712 3592 5785 largire,
3618 5724 3696 5767 ut:
