4122 6382
515 317 618 382 779

1670 315 1730 374 S.
1771 309 2166 372 THEODORI
2206 309 2551 370 STUDITA!

3605 297 3751 362 1780

407 491 416 500 θ
477 439 531 483 te
555 437 744 479 omnes
773 421 941 477 alacri
972 421 1177 489 animo,
1212 437 1324 477 uno
1357 435 1452 476 ore
1478 419 1766 476 laudemus
1820 429 1873 474 et
1905 418 2044 473 cele-

2175 415 2426 487 .ικρινῶς,
2462 419 2520 469 ὲν
2554 415 2654 486 μιᾷ
2681 411 2963 482 δοξολογίᾳ
3011 406 3408 481 προσκυνῶμεν
3444 385 3555 464 Ικαὶ
3585 410 3754 475 δοξά-

479 520 724 574 bremus.

547 607 849 663 Anathema
880 607 952 662 sit
982 606 1111 670 illis,
1144 605 1390 672 Domine,
1414 605 1508 676 qui
1537 614 1643 659 tua;
1669 600 2070 658 incarnationis

479 700 776 769 imaginem
826 714 935 754 non
966 709 1313 760 venerantur,
1359 699 1413 752 in
1443 697 1637 767 primis
1687 711 1817 750 vero
1846 692 2066 757 Joanni,

479 801 536 846 et
554 791 816 856 Antonio,
851 802 906 846 et
933 790 1228 846 Theodoro
1259 790 1448 860 impio,
1475 805 1582 844 una
1606 803 1730 844 cum
1763 786 2070 854 Theodoto,

481 893 538 940 et
561 884 695 940 aliis
723 883 848 939 ﬁdei
875 881 1301 938 desertoribus.’

541 1061 600 1114 .0
635 1057 884 1122 Domine,
921 1057 1014 1126 qui
1064 1055 1327 1127 apostolis
1365 1055 1474 1110 tuis
1503 1069 1693 1125 pacem
1728 1061 1878 1106 tuam
1925 1049 2074 1106 dedi-

484 1152 574 1216 sti,
615 1149 812 1220 largire
867 1150 1034 1203 etiam
1084 1165 1230 1203 nunc
1273 1148 1532 1203 omnibus
1585 1145 2068 1214 tranquillitatem,

485 1251 578 1296 tua
613 1259 779 1297 manu
829 1243 953 1297 illos
1000 1255 1362 1312 congregans,
1406 1239 1500 1309 qui
1530 1247 1661 1292 sttnt
1703 1235 1988 1305 dissipati,
2017 1244 2072 1291 et

484 1345 744 1404 tanquam
771 1351 899 1390 oves
925 1335 1234 1396 rationales,
1263 1343 1466 1387 sanctae
1488 1342 1592 1386 tuae
1641 1330 1899 1386 Ecclesiae
1924 1327 2072 1400 gregi

487 1425 613 1479 illos
638 1441 892 1496 aggrega.
919 1425 1108 1480 Gloria
1145 1428 1314 1482 Patri.

557 1516 824 1572 Deitatem
884 1519 1132 1588 gloriﬁco
1177 1519 1378 1580 Patris.
1427 1529 1482 1575 et
1523 1519 1670 1584 Filii,
1732 1527 1786 1574 et
1833 1517 2072 1587 Spiritus

488 1609 687 1674 sancti,
715 1626 879 1664 unam
924 1612 1128 1666 scilicet
1174 1621 1425 1666 naturam
1473 1613 1526 1666 in
1577 1612 1751 1666 tribus
1799 1601 2092 1680 personis,

2172 505 2251 574 ξω
2256 524 2376 577 μεν.

2253 599 2524 669 Ἀνάθεμα
2567 599 2814 653 ἔστωσαν
2841 599 2890 652 oi
2939 596 3016 668 μὴ
3040 594 3331 668 τιμῶντες,
3357 595 3626 662 Δέσποτα,
3652 596 3755 650 τὸν

2170 691 2492 763 χαρακτῆρα
2516 692 2616 762 τῆς
2636 691 2738 761 σῆς
2756 689 3160 760 σωματώσεως,
3187 687 3293 758 πρὸ
3317 687 3533 742 πάντων
3563 689 3755 742 Ἰωάνο

2169 799 2288 853 νης,
2321 781 2438 853 ἅμα
2460 782 2557 834 σὺν
2603 780 2900 851 Ἀντωνίῳ,
2933 781 3026 833 καὶ
3048 778 3313 849 Θεοδώρῳ
3353 779 3432 849 τῷ
3471 780 3752 846 δυσσεϐεῖ,

2171 873 2410 944 Θεοδότῳ
2459 873 2555 926 καὶ
2604 875 2718 936 τοῖς
2766 871 2970 937 ἄλλοις,
3024 873 3138 934 τοῖς
3189 871 3487 942 ἁλάστορσι
3523 872 3624 943 τῆς
3655 872 3756 925 πί-

2172 984 2366 1030 στεως.

2253 1057 2313 1108 ’0
2341 1055 2464 1118 δοὺς
2493 1055 2592 1128 τὴν
2621 1056 2846 1126 εἰρήνην
2868 1071 2963 1108 σου
2981 1055 3093 1117 τοῖς
3114 1053 3459 1120 ἀποστόλοις,
3480 1055 3754 1120 Δέσποτα,

2171 1147 2268 1201 καὶ
2298 1147 2392 1201 νῦν
2416 1149 2702 1219 παράσχου
2739 1147 2838 1218 τὴν
2893 1145 3138 1216 γαλήνην
3184 1144 3378 1210 ἅπασι,
3411 1147 3656 1214 συνάγων
3682 1149 3756 1216 τῇ

2172 1238 2316 1308 χειρί
2349 1254 2464 1304 σου,
2507 1239 2635 1301 τοὺς
2667 1236 3190 1307 διεσκορπισμένους
3216 1251 3231 1264 ⁶
3265 1237 3360 1289 καὶ
3393 1235 3582 1308 ὥσπερ
3614 1237 3758 1308 πρό-

2173 1331 2313 1384 ϐατα
2362 1331 2578 1398 λογικά,
2631 1330 3042 1402 συναρίθμησον
3092 1332 3160 1400 τῇ
3194 1328 3411 1401 μάνδρᾳ
3461 1331 3562 1401 τῆς
3590 1331 3760 1399 ἁγίας

2111 1411 2120 1420 “
2184 1421 2514 1492 Ἐκκλησίας
2541 1439 2654 1476 σου.
2686 1422 2740 1476 θ.

2235 1516 2454 1583 Δοξάζω
2475 1515 2704 1586 θεότητα
2732 1514 2964 1584 Πατρός,
2996 1511 3129 1567 Υἱοῦ
3156 1514 3247 1567 καὶ
3279 1513 3620 1584 Πνεύματος,
3654 1516 3759 1585 τὴν

2176 1607 2305 1676 μίαν
2354 1605 2517 1675 φύσιν
2570 1607 2749 1677 τρισὶν
2797 1605 3148 1668 ὑποστάσεσι,
3187 1605 3374 1658 οὐσίαν
3429 1605 3754 1677 ἀμέριστον,

491 1701 784 1756 essentiam
830 1702 1118 1758 indivisam
1163 1705 1462 1774 suppositis
1510 1705 1848 1765 distinctam,
1903 1703 2069 1758 simul

2175 1699 2450 1770 διαιρετὴν
2507 1699 2843 1770 προσώποις,
2915 1697 3324 1768 ὁμοϐασίλειον,
3377 1699 3758 1770 παντουργδν,

491 1803 835 1863 regnantem,
885 1796 1066 1849 omnia
1110 1795 1421 1858 facientem,
1453 1797 1906 1865 omnipotentem,
1943 1810 2067 1864 per-

493 1886 696 1942 fectum
735 1887 1048 1956 imperium,
1082 1890 1263 1942 omnia
1292 1889 1530 1958 denique
1562 1887 1962 1943 continentem.

573 1973 664 2028 Dei
687 1973 936 2030 Geni-trix
962 1993 1082 2046 qua:
1099 1979 1344 2032 omnium
1368 1993 1426 2032 es
1452 1978 1740 2044 auxilium,
1800 1977 2080 2049 refugium

497 2077 553 2122 et
579 2069 865 2138 protectio,
897 2071 1144 2134 ostende,
1178 2085 1494 2139 quaesumus
1536 2082 1607 2136 te,
1637 2071 1784 2140 quod
1825 2087 1925 2140 pro
1952 2087 2074 2126 om-

499 2159 664 2214 nibus
693 2159 786 2228 qui
815 2161 881 2213 ad
910 2169 961 2214 te
988 2160 1332 2229 confugiunt,
1367 2161 1516 2214 vales
1556 2159 1910 2224 intercedere,
1933 2161 2079 2214 sicut

501 2267 534 2308 e
575 2261 766 2308 contra
817 2251 1011 2322 impios
1066 2253 1269 2322 rejicis,
1321 2253 1399 2306 tui
1443 2251 1566 2308 Filii
1602 2253 1862 2322 potentia;
1891 2253 2078 2308 omnia

505 2345 776 2416 siquidem
801 2353 978 2415 potes,
1017 2353 1076 2398 ut
1109 2344 1230 2416 ejus
1256 2344 1446 2400 Mater.

2185 1792 2484 1861 πανσΟενῆ,
2518 1790 2896 1862 τελεταρχίαν,
2943 1791 3042 1863 τὴν
3118 1793 3446 1863 συνέχουσαν
3495 1792 3566 1845 τὰ
3614 1792 3762 1862 σύμ-

2185 1901 2384 1937 παντα.
2413 1883 2478 1937 θ’.

2262 1977 2327 2030 Ἱί
2376 1977 2592 2030 πάντων
2650 1975 2888 2048 βοήθεια,
2919 1977 3017 2032 καλ⁵
3063 1977 3241 2048 σκέπη
3298 1978 3392 2031 καὶ
3448 1977 3758 2047 ἀντίληψις,

2178 2068 2370 2134 δεῖξον,
2411 2070 2494 2122 ὅτι
2520 2062 2746 2122 δύνασαι
2785 2070 3112 2140 πρεσϐεύειν
3141 2070 3280 2139 ὑπὲρ
3330 2071 3549 2123 πάντων
3582 2071 3662 2133 είς
3697 2071 3766 2123 σὲ

2181 2165 2658 2234 καταφευγόντων,
2708 2166 2802 2219 καὶ
2851 2166 3177 2229 ἀπελαύνεις
3212 2167 3338 2229 τοὺς
3379 2166 3659 2229 δυσσεϐεῖς
3688 2169 3762 2237 τῇ

2179 2256 2406 2326 δυνάμει
2462 2255 2558 2309 τοῦ
2611 2257 2742 2311 Υἱοῦ
2795 2275 2888 2312 σου
2913 2275 2930 2290 ·
2963 2260 3058 2330 ξώς
3087 2261 3196 2331 γὰρ
3243 2263 3424 2332 μήτηρ
3454 2259 3632 2314 πάντα
3663 2260 3760 2314 δύ-

2171 2363 2365 2401 τνασαι.

517 2557 3752 2590 Μ

1282 2735 1401 2848 s.
1500 2735 2235 2851 THEODORI
2317 2689 2994 2850 STUDITXE

984 2974 1400 3066 IAMBI
1482 2973 1642 3062 DE
1714 2972 2202 3065 VARIIS
2297 2967 3278 3062 ARGUMENTIS.

561 3328 966 3408 Sanctinl’alris
994 3331 1164 3408 nostri
1191 3328 1582 3408 etconfessoris
1615 3327 1873 3382 Theodori
1897 3340 2073 3408 pfpr

2223 3325 2338 3380 Τοῦ
2367 3329 2543 3408 ὁσίου
2567 3326 2799 3408 Πατρός
2830 3326 3000 3408 Qui)!
3029 3323 3131 3408 real
3144 3324 3523 3408 ομοέογηεοῦ
3549 3326 3769 3408 θεορώ-

621 3402 714 3454 siti
751 3398 1092 3456 Studitarum
1126 3401 1302 3455 Iambi
1350 3401 1414 3454 de
1441 3399 1602 3454 variis
1635 3399 1980 3465 argumentis.

2269 3414 2384 3465 ρου
2424 3395 2760 3467 ἡγουμένου
2789 3396 2910 3450 τῶν
2937 3395 3250 3461 Στουδίσυ,
3283 3396 3508 3465 ἰιιμϐοι
3535 3398 3621 3460 εἰς
3641 3395 3769 3448 δια-

2263 3469 2488 3538 φόρους
2513 3468 2852 3533 ὑποθέσεις.

1873 3572 2155 3644 (SIBMOND.
2191 3593 2245 3648 p.
2290 3579 2438 3648 597.)

729 3696 919 3756 l.—In
954 3694 1206 3765 reliquias
1236 3701 1543 3746 sanctorum
1573 3696 1889 3756 martyrum.

593 3794 745 3848 Diam
777 3791 834 3844 in
880 3787 1124 3858 reliquiis
1153 3785 1463 3840 aﬁluentem
1498 3781 1729 3851 gratiam
1764 3819 1784 3844 ,

517 3883 964 3944 Bazmorrhoisszc
991 3881 1082 3952 qui
1119 3879 1281 3934 ﬁdem
1315 3877 1468 3941 feret,
1510 3875 1739 3930 auferet.

518 3979 656 4035 Nam
699 3976 792 4046 qui
827 3975 927 4029 has
977 3972 1234 4040 tetigerit,
1272 3971 1416 4026 sicut
1451 3969 1537 4023 illa
1581 3967 1876 4030 ﬁmbriam,

516 4071 763 4142 Corpore
804 4065 1036 4121 validior
1061 4065 1170 4129 ﬁet,
1218 4064 1400 4118 anima
1445 4064 1708 4118 sanctior.

871 4159 935 4214 ll.
981 4188 1038 4200 ——
1072 4156 1139 4211 1η
1161 4156 1352 4210 cellam
1377 4155 1558 4209 Patris
1590 4156 1776 4211 nostri.

515 4254 626 4316 ille,
659 4253 818 4318 cella,
852 4251 995 4321 lnge,
1046 4263 1262 4318 segnem
1295 4247 1500 4302 habens
1521 4246 1858 4316 Operarium,
1924 4271 1928 4276 ν

516 4346 699 4402 linum
739 4345 880 4399 inter
903 4356 1119 4406 omnes,
1141 4354 1278 4410 quos
1307 4339 1515 4403 tulisti,
1539 4339 1864 4409 pessimum.

518 4438 638 4492 Non
666 4452 766 4506 ego
788 4449 1011 4506 precum
1051 4441 1105 4486 te
1140 4431 1454 4486 condecore
1482 4431 1712 4499 lumine,

518 4526 631 4582 Nec
654 4521 999 4595 pinguefacio
1025 4521 1389 4591 lacrymarum
1421 4519 1636 4583 rivulis,
1749 4523 1751 4528 '

518 4617 632 4672 Nec
664 4629 836 4685 purgo
863 4612 1100 4681 denique
1135 4610 1405 4666 castitatis
1438 4610 1707 4665 moribus.

522 4711 595 4763 At
622 4717 678 4761 tu
708 4705 953 4760 omnium
995 4703 1110 4767 lux,
1133 4709 1188 4757 et
1216 4701 1386 4767 salus,
1413 4715 1592 4755 rerum
1642 4712 1813 4770 sator,

525 4798 626 4853 Tui
658 4798 724 4852 ad
758 4797 1008 4851 timorem
1038 4795 1380 4866 expergefac,
1411 4796 1709 4849 exsuscita.

521 4892 741 4952 Annue,
772 4889 840 4943 ad
871 4904 1108 4945 amorem
1144 4888 1430 4943 cbaritatis
1461 4896 1522 4942 ut
1542 4895 1649 4942 tua:

525 4980 834 5035 Subvectus
868 4980 970 5036 alis
999 4981 1209 5035 evolem
1239 4981 1468 5036 aﬁ'ectus
1509 4995 1704 5050 supra,

525 5066 666 5121 Dum
706 5077 855 5122 recte
903 5067 1094 5136 agendi
1147 5080 1364 5138 tempus
1426 5084 1603 5138 usque
1649 5072 1923 5140 suppetit:

525 5157 600 5213 Ut
629 5158 931 5228 gratiarum
981 5157 1210 5226 gloriam
1245 5167 1301 5212 et
1329 5159 1545 5214 laudent
1595 5160 1819 5216 oﬁ‘erain

526 5249 669 5316 Tibi,
701 5249 796 5319 qui
827 5247 1060 5303 salutem
1103 5249 1448 5320 concupiscis
1489 5252 1758 5308 omnium.

987 5336 1146 5392 lll.—-
1177 5337 1242 5391 In
1271 5344 1630 5395 renuntiantes
1649 5381 1663 5395 .

525 5429 745 5494 Procul,
770 5443 803 5483 ο
831 5427 1026 5484 doloso
1057 5427 1392 5500 refugiamus
1424 5433 1650 5496 saeculo,

526 5519 776 5577 Christus
809 5529 990 5590 vocat,
1028 5538 1402 5593 properemus,
1435 5523 1550 5580 haec
1570 5533 1682 5580 tuta
1707 5510 1892 5581 estvia
1913 5565 1930 5592 ,

2267 3693 2350 3746 A'.
2371 3721 2444 3732 —
2467 3693 2571 3760 Εἰς
2603 3693 2677 3748 τὰ
2707 3695 2974 3762 λείψανα
2999 3695 3120 3749 τῶν
3146 3695 3334 3764 ἁγίων
3357 3694 3698 3764 μαρτύρων.

2197 3783 2370 3852 Χάριν
2405 3783 2678 3855 βρύουσαν
2707 3787 2857 3840 θείαν
2884 3789 2942 3840 ἐν
2971 3790 3085 3852 τοῖς
3108 3787 3384 3858 λειψάνοις

2199 3877 2314 3940 Πᾶς
2345 3894 2427 3940 τις
2455 3879 2671 3949 συλήσει
2705 3879 2888 3934 πίστιν
2913 3880 3180 3951 αἱμόρρου
3211 3880 3413 3950 φέρων.

2196 3967 2400 4021 ιι¹¹αύων
2429 3968 2536 4040 γάρ
2562 3971 2763 4037 αὐτῶν,
2801 3972 2876 4036 ὡς
2906 3974 3088 4044 ἐκείνη
3121 3972 3454 4044 κρασπέδου,

2209 4057 2432 4112 Ῥώσειε
2467 4059 2647 4130 σῶμα,
2680 4062 2774 4114 καὶ
2796 4062 2972 4134 ψυχὴν
3001 4063 3244 4130 ἁγιάσει.

2335 4155 2607 4222 Β’.-εις
2632 4155 2748 4224 τὴν
2770 4156 3001 4211 κόλλαν
3029 4157 3139 4211 τοῦ
3171 4156 3404 4224 Πατρός
3436 4155 3625 4225 ἡμῶν.

2197 4244 2396 4314 Θρήνει
2429 4263 2518 4318 με,
2554 4245 2737 4314 κέλλα,
2769 4247 2974 4318 σχοῦσα
2995 4248 3200 4320 νωθρὸν
3227 4249 3486 4318 ἐργάτην,

2198 4336 2376 4392 Μόνον
2410 4338 2670 4392 κάκιστον
2693 4333 2874 4410 ὧνπερ
2901 4339 3059 4410 ἔσχες
3087 4340 3390 4412 κτητόρων.

2198 4428 2273 4482 Ού
2301 4427 2604 4500 λαμπρύνω
2633 4447 2694 4484 σε
2721 4430 2831 4484 τῶν
2861 4431 3181 4502 προσευχῶν
3205 4433 3284 4502 τῷ
3314 4433 3463 4501 φάει,

2199 4523 2274 4576 Οὐ
2302 4523 2368 4593 δὴ
2396 4524 2597 4580 πιαίνω
2624 4528 2690 4596 τῇ
2718 4528 2814 4596 ῥοῇ
2847 4525 2956 4579 τῶν
2983 4525 3236 4595 δακρύων
3261 4567 3276 4593 ,

2198 4616 2323 4669 Οὐδ’
2352 4611 2419 4670 αὖ
2446 4617 2694 4689 καθαίρω
2718 4618 2817 4687 τῆς
2849 4617 3074 4684 ἁγνείας
3099 4619 3212 4681 τοῖς
3242 4618 3485 4690 τρόποις.

2212 4705 2352 4759 Ἀλλ’
2379 4702 2471 4760 οὖν
2500 4708 2564 4761 σὺ
2587 4747 2603 4770 ,
2639 4709 2844 4778 Σῶτερ,
2880 4708 3112 4772 Κτίστα,
3143 4709 3372 4779 Φωστὴρ
3397 4709 3503 4761 τῶν
3528 4709 3686 4772 ὅλων,

2203 4797 2483 4868 Ἔγειρον,
2515 4797 2806 4862 ὲξύπνισον
2835 4800 2914 4862 εἰς
2937 4799 3029 4852 τὸν
3058 4799 3148 4852 σὺν
3181 4799 3346 4866 φόϐον
3369 4819 3388 4834 ι

2204 4887 2548 4956 Πρόσγευσον
2569 4889 2596 4919 ⁸
2625 4890 2704 4952 εἰς
2732 4889 2914 4960 ἔρωτα
2938 4891 3038 4958 τῆς
3064 4888 3166 4957 σῆς
3189 4888 3432 4959 ἀγάπης.

2128 4961 2175 5016 ι)
2203 4977 2490 5048 Πτέρωσον
2515 4979 2748 5051 ἀρθῆναι
2780 4997 2849 5050 με
2878 4979 2985 5034 τῶν
3012 4980 3202 5034 παθῶν
3233 4982 3382 5048 ἄνω,

2201 5067 2347 5132 Ἕως
2373 5071 2605 5137 πάρεστι
2630 5072 2823 5142 καιρὸς
2849 5072 2930 5135 εἰς
2959 5072 3260 5142 εὐπραξίαν
3281 5088 3297 5103 ⁸

2122 5228 2134 5241 .
2201 5161 2319 5214 Ἵνα
2350 5163 2624 5232 προσοίσω
2657 5164 2813 5231 δόξαν
2842 5165 3192 5236 εὐχαριστίαν

2202 5251 2291 5304 Σοὶ
2323 5252 2400 5323 τῷ
2434 5253 2642 5309 θέλοντι
2667 5258 2803 5310 πᾶσι
2827 5257 3258 5328 τὴνρσωτηρίαν.

2541 5347 2580 5398 Γ
2581 5345 2615 5400 ’.
2647 5373 2716 5388 --
2738 5350 2844 5413 Εἰς
2871 5349 3432 5418 ἀποτασσομένους.

2211 5434 2434 5506 Ἄνδρες
2475 5436 2678 5508 βροτοὶ,
2706 5439 2968 5511 φύγωμεν
2999 5442 3063 5494 ὲκ
3092 5442 3298 5512 κόσμου
3328 5445 3559 5512 πλάνου,

2204 5527 2438 5598 Χριστός
2462 5530 2637 5596 καλεῖ,
2660 5531 2958 5604 δράμωμεν
2979 5533 3260 5607 χεῦπλους
3283 5537 3390 5610 γὰρ
3420 5537 3560 5610 βίος,

1805 5638 2032 5696 ΥΑΒΙΑΕ
2071 5640 2470 5702 LECTIONES.

601 5772 626 5800 τι
659 5759 732 5813 al.
770 5761 1119 5829 πρόσνιυσον.
