4122 6382
315 261 448 332 1781

311 375 510 446 Ζάλης,
546 369 826 445 μεριμνῶν
857 366 950 423 καὶ
982 365 1229 437 στροφῶν
1258 364 1360 418 ὑπε
1371 361 1583 434 ρπλέων

309 467 535 540 Φροντὶς
560 465 670 534 γὰρ
692 461 831 532 αῦτη
851 461 933 531 τῷ
956 461 1194 530 μοναστῇ
1223 460 1317 510 καὶ
1347 456 1528 528 μόνον,

312 559 509 627 Τυχεῖν
537 549 749 608 ἐκείνου
772 549 867 604 τοῦ
897 547 1132 618 γαληνοῦ
1164 546 1407 618 λιμένος,

325 650 414 704 Ἐν
443 642 487 716 ᾧ
514 647 794 700 πέπαυται
827 641 935 697 τῶν
959 639 1220 710 λυπηρῶν
1246 638 1355 701 πᾶς
1389 636 1570 700 πόνος.

315 743 382 795 Ὢ
407 739 524 802 πῶς
551 738 830 806 πάνυμνος
856 735 884 788 ὁ
915 734 1065 798 ξένος
1088 731 1294 785 τούτων
1331 729 1443 799 βίος
1479 731 1493 782 !

313 831 424 886 Καὶ
456 829 539 893 τίς
568 828 828 899 φρόνιμος
857 820 1288 894 πραγματευτὴς
1313 818 1606 888 κερδάνων,

319 926 416 988 Ὃς
438 921 596 977 πάντ’
629 921 789 990 ἀφεὶς
817 918 990 971 ἕλοιτο
1015 915 1106 969 τὸν
1140 903 1374 983 σταυρὸν
1403 911 1619 980 φέρειν;

751 1013 824 1065 Δ’.
853 1040 924 1052 ——
943 1011 1047 1074 Εἰς
1083 1008 1443 1078 ἡγούμενον.

317 1101 549 1176 Οἷόνπερ
580 1102 714 1172 ὕψος
743 1101 841 1167 τῆς
870 1100 1166 1170 προεδρίας
1197 1095 1432 1168 βλέπων,

316 1196 451 1250 Κατ’
487 1193 642 1260 ἀξίαν
672 1189 969 1262 πρόσϐαινε
993 1189 1073 1260 τῷ
1107 1186 1304 1258 βαθμῷ
1339 1186 1579 1257 τρέμων.

316 1288 478 1341 Εἵλου
505 1283 613 1355 γὰρ
641 1282 804 1354 ἔργον
833 1281 1095 1346 κινδύνων
1121 1278 1336 1333 πολλῶν
1363 1277 1556 1346 γέμον,

317 1375 527 1444 Πολλῆς
564 1372 857 1444 μερίμνης,
882 1371 1005 1424 οὐδὲ
1037 1370 1240 1441 μικρᾶς
1265 1365 1566 1439 φροντίδος.

317 1468 538 1530 Σκόπει,
569 1463 856 1538 προμηθοῦ
887 1463 1182 1535 γρηγόρως
1214 1458 1307 1522 οὓς
1332 1457 1574 1526 ἐξάγεις,

317 1561 411 1631 Μή
446 1577 540 1612 σου
577 1557 780 1627 συληθῇ
813 1555 1038 1626 θρέμμα
1069 1571 1186 1616 πως
1216 1550 1445 1623 ἀπειρίᾳ
1471 1565 1486 1580 ο

321 1655 526 1710 Σαυτδν
547 1651 810 1716 τεθεικὼς
845 1653 925 1715 είς
957 1648 1139 1703 καλῶν
1171 1647 1351 1719 ἔργων
1383 1642 1576 1699 τύπον.

323 1745 460 1817 Εἴσῃ
491 1743 600 1814 γὰρ
629 1741 806 1805 εἰδὼς,
839 1739 916 1803 ὡς
947 1737 1169 1808 ὑφέξεις
1199 1735 1294 1788 τὸν
1324 1734 1504 1803 λόγον,

324 1839 494 1892 Ὅταν
520 1833 762 1904 καθεσθῇ
793 1830 1025 1902 Χριστὸς
1055 1829 1138 1892 είς
1164 1827 1382 1882 πάντων
1407 1824 1611 1895 κρίσιν.

726 1925 800 1977 Ε’.
827 1949 899 1964 --
927 1923 1034 1987 Εἰς
1062 1917 1499 1976 ὐποτακτικόν.

325 2018 480 2090 Δεῦρ⁶
507 2016 653 2079 ἐλθὲ,
683 2015 886 2081 πύκτα,
919 2011 1079 2084 δεῦρό
1108 2029 1199 2083 μοι
1229 2009 1389 2081 στῆθι
1417 2008 1576 2074 ζέων,

325 2113 464 2174 Τοὺς
492 2107 727 2179 αὐχένας
751 2123 846 2160 σου
872 2105 1055 2158 κλῖνον
1087 2103 1424 2172 εὐεπηκόως,

327 2202 488 2266 Ὅλος
516 2197 790 2263 ταπεινὸς,
815 2195 1006 2268 νεκρὸς
1038 2192 1113 2247 ῶν
1148 2195 1205 2246 ὲν
1231 2193 1308 2261 τῷ
1342 2189 1516 2244 θέλειν
1539 2207 1554 2222 ·

327 2297 444 2351 Πᾶν
478 2292 768 2362 ἐνθύμημα
799 2286 1050 2359 φανερῶν
1075 2286 1176 2356 τῆς
1208 2282 1459 2355 καρδίας,

343 2388 430 2450 Ὠς
456 2385 522 2440 ἂν
547 2382 766 2444 τελείως
793 2378 1038 2452 ὲμμένῃς
1062 2375 1140 2448 τῷ
1170 2374 1391 2445 σταδίῳ.

329 2479 422 2547 Μή
453 2476 499 2529 σ⁹
526 2471 827 2544 ὲκφοὸείτω
864 2469 990 2540 μήτ’
1012 2468 1241 2540 ἕρημος,
1277 2466 1353 2537 μὴ
1382 2463 1596 2527 στύλος,

329 2567 470 2638 Μήτ’
499 2565 627 2621 ἄλλο
654 2562 845 2631 τάγμα
869 2559 979 2614 τῶν
1011 2556 1323 2629 θεοδρόμων
1355 2553 1508 2626 βίων.

333 2656 597 2730 Προῦχεις
625 2653 902 2716 ἁπάντων,
929 2651 1004 2714 ὡς
1033 2648 1356 2718 θεογρὰφως
1383 2645 1518 2717 ἔχει’

333 2750 440 2805 Τοῦ
475 2746 769 2821 μαρτύρων
793 2741 1013 2812 πρώτου
1047 2741 1157 2812 γὰρ
1185 2739 1339 2793 οὐδὸν
1367 2737 1574 2800 ἁνύεις.

553 2843 645 2908 εἷ’.
673 2869 744 2880 -
770 2838 876 2902 Εἰς
901 2835 1010 2888 τὸν
1029 2833 1102 2888 τὰ
1129 2832 1380 2906 δεύτερα
1399 2829 1686 2899 φέροντα.

333 2931 540 3001 Μωσῆς
571 2930 666 3000 μὲν
697 2927 902 2997 ἄρχων,
933 2922 1174 2992 Ναυῖδης
1197 2921 1254 2974 δὲ
1286 2920 1548 2985 συνθέων,

336 3024 513 3088 Εὐθὺς
543 3020 659 3092 μετ’
686 3017 871 3084 αὑτὸν,
890 3016 964 3079 ὼς
993 3014 1352 3086 παραστάτης
1386 3011 1553 3077 ξένος.

335 3119 446 3173 Καὶ
475 3119 540 3171 σὺ
571 3114 859 3187 πρόσωπον
882 3110 1135 3181 δεύτερον
1165 3108 1352 3162 στάσει
1383 3107 1583 3170 πέλων,

337 3211 463 3274 Πῶς
484 3210 582 3280 τὴν
612 3205 952 3276 ἀδελφότητα
979 3202 1332 3273 συγκρατεῖς,
1362 3198 1592 3252 σκόπει·

352 3302 540 3371 Ἦγοῦ,
566 3297 837 3369 καθηγοῦ,
864 3297 960 3350 καὶ⁵
989 3292 1324 3356 συνασπίζου
1352 3291 1515 3363 τόνῳ,

340 3392 645 3468 Εἰρηνικῶς
681 3407 763 3454 τε,
793 3386 1118 3460 συμπαθῶς,
1154 3385 1250 3440 καὶ
1280 3384 1523 3456 πραέως,

340 3488 560 3558 Νόμους
586 3483 872 3553 φυλάττων
897 3481 962 3531 ὲκ
987 3477 1122 3531 Θεοῦ
1151 3477 1276 3540 τοὺς
1304 3476 1614 3546 κειμένους,

341 3579 570 3652 Κρίσεις
599 3575 816 3635 δικαίας
841 3569 1090 3640 ἐκφέρων
1119 3567 1486 3638 ἁπροσκόπως
1507 3582 1524 3599 °

343 3673 458 3728 Νῦν
491 3671 589 3742 μὲν
623 3662 906 3734 συναλγῶν
933 3663 1046 3724 τοῖς
1083 3659 1385 3730 κάμνουσιν
1413 3659 1479 3713 ὲκ
1510 3657 1740 3721 πάθους,

344 3765 460 3820 Νῦν
489 3765 545 3816 δὲ
581 3756 879 3830 προθυμῶν
913 3755 1042 3819 τοὺς
1067 3751 1364 3824 τρέχοντας
1389 3752 1455 3805 ὲκ
1485 3749 1654 3803 πόθου
1677 3765 1695 3780 ο

349 3859 444 3912 Ἴν⁹
475 3853 711 3924 ἀξιωθῇς
745 3848 970 3918 ἐννόμου
994 3843 1327 3916 δημαρχίας,

359 3951 446 4016 Ὠς
474 3949 636 4011 αὐτὸς
666 3945 810 4010 ἄξων
841 3943 934 3996 τὸν
960 3937 1100 3992 λεὼν
1123 3937 1220 3991 τοῦ
1243 3935 1474 4007 Κυρίου.

735 4033 810 4088 Ζ’.
835 4062 904 4072 -
929 4032 1032 4095 Ek;
1057 4027 1164 4082 τὸν
1188 4027 1529 4096 οἰκονόμον.
1645 4059 1658 4068 ο

355 4136 556 4206 Ἔργον
587 4127 887 4196 Στεφάνου,
917 4121 1012 4176 τοῦ
1045 4120 1276 4190 στέφους
1307 4118 1416 4172 τῶν
1452 4116 1765 4188 μαρτύρων,

351 4223 566 4294 Λαχὼν,
599 4219 861 4290 ἐπάρχειν
890 4217 971 4278 εἱς
993 4213 1054 4266 τὸ
1082 4213 1180 4275 τὰς
1204 4209 1396 4282 χρείας
1425 4210 1637 4278 νέμειν,

352 4318 433 4387 τῇ
464 4309 850 4384 Χριστολέκτῳ
877 4306 986 4360 τῶν
1015 4303 1262 4376 ἀδελφῶν
1294 4299 1498 4372 πληθύῖ
1518 4314 1532 4328 .
1698 4307 1704 4314 .

352 4407 506 4460 Δίδου
536 4403 735 4465 κόπους
769 4415 864 4452 σου
890 4397 968 4468 τῷ
995 4395 1114 4466 Θεῷ
1142 4392 1486 4464 καθημέραν,

353 4494 552 4568 Τηρῶν
581 4494 811 4547 ἕκαστον
832 4489 908 4554 ὡς
935 4488 1094 4560 μέλος
1129 4484 1220 4540 σδν
1245 4485 1497 4555 ὲμπόνως
1517 4496 1534 4514 ⁶

355 4589 429 4641 Οὐ
460 4586 570 4657 γὰρ
596 4584 792 4654 σχέσει.
813 4581 925 4648 τδν,
949 4579 1042 4633 τδν
1069 4577 1126 4631 δὲ
1152 4577 1298 4648 μίσει
1327 4575 1420 4629 καὶ
1444 4572 1643 4644 φθόνῳ,

354 4678 581 4731 Πάντων
605 4673 650 4728 δ’
675 4673 876 4744 ὁμοίως
897 4669 1260 4742 προσϐλέπων
1282 4666 1345 4720 τὸ
1367 4665 1667 4738 συμφέρον,

373 4768 459 4831 Ὠς
499 4766 574 4836 μὴ
603 4764 873 4818 κινεῖσθαι
903 4763 992 4815 τόν
1018 4778 1142 4815 τινα
1165 4759 1304 4829 πρὸς
1337 4757 1374 4812 ὃ.
1397 4755 1573 4830 χρεών
1593 4773 1608 4788 ’

367 4856 507 4913 Ἀλλ’
535 4855 596 4922 ἐξ
625 4855 820 4912 ἑαυτοῦ
847 4855 909 4909 τὸ
933 4852 1212 4924 προσῆκον
1239 4850 1535 4922 εἰσφέροις.

366 4952 456 5016 Ὦς
478 4949 544 5004 ἂν
569 4948 887 5019 πρεπόντως
916 4944 1150 5000 ἐκτελῶν
1176 4961 1271 4996 σου
1298 4945 1390 4996 τὸν
1412 4941 1634 5014 δρόμον,

369 5041 761 5114 Ἀπροσκόπως
790 5056 871 5106 τε,
907 5036 1243 5101 πανσθενῶς,
1284 5035 1612 5106 θεοφρόνως,

359 5135 463 5190 Τὸν
497 5133 685 5206 μισθὸν
712 5131 895 5204 εῦροις
925 5126 1110 5201 ἧσπερ
1140 5128 1266 5182 εἴλω
1295 5127 1593 5198 φροντίδος.

622 5223 706 5278 Η⁹.
723 5254 794 5264 -
816 5221 920 5288 Εὶς
948 5219 1090 5284 τοὺς
1112 5218 1657 5288 ἐπιστημονάρχαςε,

360 5319 423 5374 οι
453 5317 554 5388 τῆς
579 5316 940 5386 ἀδελφότητος
967 5311 1332 5381 ἐξειληφότες,

359 5411 557 5481 Κρίσιν
583 5427 642 5464 τε
675 5409 900 5480 κρίνειν,
931 5407 1030 5460 καὶ
1066 5407 1272 5460 δίκαιον
1301 5403 1537 5472 ἐξάγειν,

359 5501 452 5571 Μὴ
478 5499 542 5571 δὴ
567 5498 688 5552 κατ’
717 5498 837 5568 ὄψιν
860 5497 1107 5566 ὲξάγοιτε
1139 5495 1239 5559 τὰς
1262 5494 1457 5563 φάσεις
1479 5510 1494 5525 ο

360 5593 452 5662 Μὴ
483 5590 847 5662 προσπαθεία,
875 5590 1010 5662 μηδὲ
1039 5587 1260 5660 μήνιδος
1286 5585 1467 5655 χάριν,

362 5683 457 5755 Μὴ
484 5682 773 5755 προσφιλεῖ
799 5699 878 5746 τε,
915 5682 1037 5754 μηδ’
1069 5679 1296 5753 ἀπεχθεϊ
1317 5677 1518 5751 καρδίᾳ
1541 5695 1555 5713 ·

1833 251 2071 312 ΙΑΜΒΙ.
3425 230 3561 296 1τ82

1911 369 1956 424 Α
1987 358 2174 423 Curis,
2202 353 2479 427 procellis,
2505 351 2790 407 fraudibus
2835 357 3216 419 supernatans.

1985 449 2117 505 Nam
2157 463 2288 503 cura
2313 445 2584 501 monacho
2616 443 2833 498 residua
2857 451 2941 496 est
2963 441 3078 494 haec
3106 439 3320 502 .unica,

1982 545 2206 599 Portum
2235 541 2435 610 quietis
2485 537 2702 593 tandem
2739 536 2808 589 ad
2842 535 2996 589 illum
3037 531 3336 602 appellere,

1985 634 2091 691 Ubi
2122 633 2278 687 labor
2303 629 2484 686 omnis
2529 639 2584 684 et
2613 627 2880 682 molestiae
2941 625 3125 688 silent,

1985 723 2250 796 Ubijugis
2278 723 2540 794 hymnus,
2566 721 2786 790 vitaque
2821 719 2905 773 his
2937 733 3132 772 carens
3171 718 3350 772 malis.
3405 782 3407 784 η

1987 816 2304 888 Negotiator
2331 829 2462 882 ergo
2491 813 2616 883 quis
2655 812 2898 882 prudens
2922 810 3046 870 erit,

1987 913 2092 981 Qui
2125 909 2399 968 derelictis
2429 909 2686 965 omnibus
2723 907 2878 962 tollat
2899 920 3118 961 crucem
3153 904 3177 956 ?

2339 1001 2432 1057 ιν.
2462 1030 2535 1042 -—
2579 999 2646 1054 In
2675 1000 3035 1070 praepositum.

1990 1099 2266 1166 Quantum
2295 1095 2536 1164 regentis
2567 1093 2640 1147 sit
2671 1107 2954 1154 cacumen,
2997 1089 3309 1160 pervidens,

1993 1189 2410 1245 Tremebundus
2439 1187 2616 1250 illum,
2653 1201 2754 1240 ceu
2777 1185 2952 1251 decet,
2976 1185 3202 1256 gradum
3231 1195 3373 1256 pete.

1993 1281 2166 1338 Vario
2182 1280 2373 1338 subisti
2407 1279 2627 1350 plenum
2650 1292 2790 1347 Opus
2827 1277 3169 1342 discrimine,

1994 1375 2314 1445 Magnisque
2355 1372 2527 1440 curis,
2571 1371 2933 1440 plurimisque
2968 1370 3286 1439 angoribus.

1995 1465 2294 1536 Vigilanter
2321 1465 2487 1527 insta,
2533 1478 2674 1534 quos
2699 1463 2842 1532 regis
2878 1462 3260 1531 circumSpice,

1998 1556 2158 1612 Nulla
2210 1565 2268 1611 ut
2295 1557 2413 1611 ovis
2452 1570 2686 1626 usquam
2716 1554 2812 1609 tibi
2846 1562 3036 1624 pereat
3066 1553 3292 1624 ignavia
3326 1571 3342 1607 :

2001 1649 2149 1704 Dans
2170 1647 2353 1717 operis
2381 1648 2439 1702 in
2498 1656 2550 1702 te
2570 1647 2850 1717 specimen
2883 1655 2937 1702 et
2967 1647 3200 1702 formam
3234 1647 3380 1701 boni.

1929 1717 1972 1772 Β
1999 1738 2292 1795 Reddenda
2328 1734 2469 1794 ratio
2495 1746 2550 1794 te
2579 1748 2761 1794 manet
2781 1739 3001 1809 quippe,
3023 1747 3079 1790 ut
3105 1739 3246 1794 scies

2000 1831 2250 1889 Christus
2284 1832 2375 1887 ubi
2404 1831 2574 1902 judex
2621 1832 2866 1886 omnium
2893 1831 3226 1886 consederit.

2532 1919 2670 1979 V.—
2699 1919 2766 1974 In
2797 1920 3092 1976 subditum.

2002 2015 2166 2081 Ades,
2201 2013 2372 2086 pugil,
2403 2013 2534 2069 ades
2558 2011 2780 2068 fervidis
2806 2013 2948 2066 votis
2983 2013 3222 2082 flagrans
3255 2031 3266 2063 :

2002 2107 2462 2178 Obtemperantes
2495 2105 2666 2160 subde
2687 2105 2931 2160 cervices
2967 2105 3122 2175 jugo,

2003 2198 2178 2255 Totus
2203 2197 2451 2263 humilis,
2474 2205 2626 2252 totus
2654 2196 2871 2252 volendi
2914 2197 3134 2251 nescius
3164 2216 3177 2251 :

2005 2291 2071 2346 Et
2095 2292 2365 2363 cogitatus
2410 2289 2594 2345 cordis
2636 2303 2830 2344 omnes
2897 2289 3130 2358 explica,

2005 2383 2180 2452 Quam
2215 2399 2312 2454 par
2353 2382 2553 2449 labori,
2595 2397 2762 2452 quam
2787 2380 2984 2446 libens,
3018 2383 3254 2436 stadium
3275 2391 3444 2438 teras.

2005 2475 2122 2531 Non
2151 2485 2202 2529 te
2219 2475 2500 2536 columna,
2529 2489 2641 2527 non
2673 2489 2893 2528 eremus
2928 2483 3151 2536 terreat,

2006 2567 2124 2623 Non
2149 2567 2256 2621 alia
2280 2566 2406 2620 vita:
2438 2565 2636 2631 forma,
2677 2565 2932 2636 quamvis
2961 2581 3192 2637 asperae,

2007 2661 2086 2717 Tu
2105 2659 2278 2716 vincis
2309 2674 2522 2723 omnes,
2548 2657 2765 2714 Litterae
2793 2668 2852 2714 ut
2886 2675 3056 2715 sacra:
3087 2659 3304 2722 daccnt,

2010 2753 2165 2808 Viam
2194 2753 2434 2824 supremi
2461 2761 2762 2824 martyrum
2787 2753 2944 2808 ducis
2969 2761 3182 2809 tenens.

2271 2844 2451 2899 VL—
2478 2843 2545 2898 In
2576 2861 2696 2899 eum
2726 2846 2817 2915 qui
2843 2845 3099 2899 secundas
3126 2845 3342 2899 obtinet.

2011 2939 2252 3010 Regente
2281 2937 2446 3003 Mose,
2471 2935 2704 2993 Navides
2724 2937 2911 2992 aderat
2939 2953 3150 3004 comes,

2016 3029 2308 3084 Proximus
2359 3028 2430 3082 ab
2478 3027 2592 3090 illo.
2632 3043 2731 3081 ceu
2764 3043 2942 3082 novus
2965 3035 3290 3096 parastates.

2021 3120 2112 3176 Sic
2133 3129 2190 3174 tu
2221 3118 2493 3175 secundas
2526 3119 2618 3188 qui
2652 3119 2822 3188 gradu
2855 3127 3040 3188 partes
3065 3119 3232 3188 geris,

2017 3212 2138 3280 Quo
2169 3226 2322 3266 more
2354 3209 2556 3265 fratres
2591 3221 2882 3280 temperes,
2916 3211 3229 3265 considera.

2017 3301 2178 3366 Praei,
2212 3301 2481 3372 guberna,
2515 3291 2776 3370 omnique
2809 3315 2942 3355 cura
2989 3310 3236 3372 protege,

2017 3394 2282 3460 Paciﬁce,
2318 3402 2587 3455 amanter,
2624 3393 3006 3458 condolenter,
3048 3395 3282 3448 comiter
3315 3414 3328 3449 :

2016 3485 2189 3556 Leges
2229 3500 2466 3555 superne
2494 3484 2724 3539 traditas
2747 3485 3084 3552 custodiens,

2019 3575 2186 3630 Casto
2211 3576 2531 3646 integroque
2557 3575 2816 3644 judicans
2848 3576 3100 3629 examine
3131 3593 3144 3628 :

2021 3666 2180 3722 Modo
2199 3667 2497 3737 languidis,
2527 3667 2799 3736 aegrisque
2815 3667 2884 3720 ab
2916 3665 3114 3721 affectu
3146 3666 3418 3734 indolens,

2023 3757 2186 3813 Modo
2214 3766 2460 3827 vegetos,
2489 3756 2813 3825 alacresque
2845 3773 3200 3826 peramorem
3228 3760 3466 3814 incitans
3495 3779 3536 3817 :.

2025 3848 2099 3904 Ut
2123 3849 2310 3919 populi
2338 3847 2568 3902 habenis
2605 3845 2828 3917 dignus,
2860 3864 2927 3903 ex
2963 3848 3079 3919 lege
3103 3850 3361 3919 imperes,

2025 3939 2308 4013 Tanquam
2331 3940 2687 4011 ipse-ducens
2721 3949 2779 3996 tu
2809 3956 3029 4011 quoque
3060 3943 3317 4012 populum
3348 3942 3461 3998 Dei.

2504 4028 2617 4085 νη.
2639 4060 2710 4072 -—
2747 4030 2814 4084 In
2845 4046 3194 4086 wconomum.

2028 4122 2312 4195 Stephani,
2343 4136 2564 4178 coronae
2589 4130 2916 4194 martyrum,
2953 4138 3156 4178 munus
3181 4139 3400 4194 gerens,

2029 4215 2196 4272 Hanc
2230 4225 2425 4271 nactus
2449 4229 2509 4271 es
2567 4229 2781 4282 curam,
2809 4224 2872 4270 ut
2900 4231 3022 4285 quae
3046 4231 3185 4286 opus
3223 4215 3608 4274 suntdividas.

2027 4307 2282 4363 Fratrum
2307 4317 2562 4373 catervze,
2591 4306 2817 4377 proprio
2848 4304 3052 4362 Christi
3079 4307 3249 4380 gregi.

1957 4409 2001 4464 ι)
2033 4400 2141 4457 Deo
2159 4401 2374 4456 labores
2401 4398 2537 4454 oll‘er
2571 4399 2627 4454 in
2661 4399 2805 4454 diem
2840 4408 2991 4463 tuos,

2027 4491 2144 4547 Tua
2172 4491 2333 4563 quasi
2354 4491 2600 4545 membra
2620 4491 2811 4546 sedqu
2832 4501 3062 4547 cunctos
3093 4490 3319 4548 fovens:

2026 4582 2144 4640 Non
2185 4584 2312 4638 huic
2351 4583 2644 4654 benignus,
2671 4583 2842 4638 durus
2876 4584 2975 4649 illi,
3022 4595 3119 4638 aut
3161 4585 3400 4650 invidus,

2030 4677 2134 4732 Sed
2168 4675 2369 4745 cuique
2391 4676 2598 4746 pariter
2622 4675 2918 4746 providens
2966 4677 3113 4746 quod
3135 4678 3406 4749 congruit,

2026 4767 2200 4822 Nemo
2237 4777 2294 4820 ut
2319 4766 2526 4821 laboret
2555 4781 2821 4837 quaerere,
2860 4768 3062 4837 quibus
3099 4767 3304 4840 indiget

2031 4855 2136 4912 Sed
2153 4857 2269 4927 ipse
2290 4866 2485 4927 sponte
2505 4857 2890 4913 subministres
2908 4859 3112 4914 omnia.

2035 4947 2104 5004 Ut
2131 4951 2233 5005 rite
2257 4964 2450 5004 cursus
2469 4949 2646 5020 spatia
2703 4965 2828 5004 cum
2877 4951 3178 5021 pcregcris,

2031 5040 2202 5104 Forti,
2225 5041 2426 5111 pioque
2455 5042 2662 5109 animo,
2706 5051 2761 5097 et
2791 5042 3058 5100 inoffenso
3083 5045 3238 5114 pede,

2034 5131 2235 5188 Sumas
2263 5132 2538 5198 laborum,
2569 5147 2708 5202 quos
2747 5133 2938 5198 tulisti,
2975 5135 3218 5205 praemia.

2390 5223 2530 5278 νιιῐ.
2569 5255 2638 5264 ——
2669 5223 2737 5278 In
2778 5227 3280 5296 epistemonarchas.

2031 5319 2285 5376 Fratrum
2321 5322 2374 5375 in
2405 5337 2607 5378 corona
2647 5323 2740 5392 qui
2788 5324 2990 5378 sedetis
3021 5323 3274 5393 judices,

2035 5410 2109 5466 Ut
2127 5429 2282 5483 aequa
2327 5422 2476 5478 recto
2505 5414 2762 5485 judieetis
2784 5415 3014 5481 calculo,

2031 5504 2211 5561 Nolite
2249 5521 2410 5562 voces
2445 5506 2513 5561 ad
2543 5507 2760 5562 oculum
2790 5506 3109 5577 depromere
3145 5523 3160 5561 :

2031 5595 2148 5653 Non
2202 5599 2312 5653 ullo
2354 5599 2583 5664 amoris,
2608 5615 2718 5656 non
2751 5599 2956 5655 furoris
2990 5600 3218 5671 impetu,
3247 5659 3251 5664 ς

2034 5689 2142 5748 Nec
2199 5702 2260 5748 ut
2289 5692 2465 5752 favori
2500 5693 2688 5764 dediti,
2719 5707 2817 5752 nec
2841 5701 2912 5750 ut.
2931 5693 3092 5764 odio,
