4122 6382
486 316 492 321 ·
565 298 702 365 1783

564 415 670 469 Sed
693 413 858 469 corde
887 412 1026 477 miti,
1062 409 1399 475 condolenti,
1425 407 1610 475 ﬂebili,

564 501 887 561 Deliberate,
914 500 1127 562 leniter,
1157 497 1389 552 viriliter
1411 514 1434 550 τ

562 592 818 646 Animum
858 597 1139 650 acuentes.
1173 602 1326 642 more
1363 586 1476 652 teli,
1511 585 1821 650 innoxium,

564 682 788 751 Dirigite
819 691 997 736 certas
1032 681 1084 734 in
1109 694 1336 748 scopum
1361 677 1706 732 sententias:

565 769 692 824 Veri
740 770 1061 824 incubantes
1093 782 1307 836 semper
1340 775 1400 819 ut
1431 765 1695 834 vestigiis,

564 862 777 917 Iudicia
797 862 1014 916 Christo
1060 858 1542 928 deieratisintegra
1577 875 1592 910 :

563 955 701 1009 Nam
727 970 847 1024 qua:
871 950 1048 1005 lacitis
1078 948 1324 1014 arbitria,
1358 963 1454 1026 vos
1482 950 1674 1002 eadem
1714 954 1954 1008 manent.

911 1041 1003 1097 IX.
1038 1071 1107 1081 —-
1135 1039 1201 1094 In
1229 1041 1607 1096 observatores.

569 1139 698 1203 Vos,
735 1138 905 1192 vicem
935 1131 1221 1188 oculorum
1264 1132 1523 1188 fratribus
1556 1134 1650 1204 qui
1695 1131 2034 1203 impenditis,

569 1229 956 1299 Speculamini,
979 1227 1278 1283 observate
1303 1237 1530 1282 cunctos
1564 1226 1784 1288 acriter,

566 1321 826 1383 Interdiu,
862 1329 1162 1388 noctuque,
1201 1335 1294 1373 seu
1321 1318 1565 1384 meridie,

567 1413 644 1468 Nc
673 1411 1131 1482 quandojuvenes
1158 1411 1369 1480 uspiam
1407 1426 1514 1464 una
1537 1409 1771 1466 sintduo
1800 1427 1814 1466 :

553 1507 643 1560 ~Ne
672 1506 961 1570 coitiones,
993 1519 1128 1558 neve
1175 1502 1558 1566 contubernia,

566 1599 930 1666 Licentiteque
951 1598 1135 1666 pestis,
1158 1605 1213 1649 et
1239 1596 1593 1649 tenebrarum
1629 1609 1788 1662 opus,

573 1691 734 1741 ttisus
768 1688 956 1750 soluti,
993 1686 1205 1754 injuria:
1229 1684 1573 1755 petulantia,

569 1777 802 1846 Malique
828 1776 1092 1847 quidquid
1125 1792 1155 1830 a
1186 1775 1296 1830 Deo
1348 1772 1749 1845 proculfugat:

569 1867 695 1921 Ilaec
719 1867 1030 1920 nuntiantes
1061 1865 1324 1934 pcrpetim
1355 1863 1681 1928 rectoribus,

571 1956 796 2010 Sincera
854 1964 1056 2023 apertae
1081 1955 1327 2008 veritatis
1367 1953 1583 2022 regula.

573 2048 664 2102 hic
695 2062 792 2101 vos
825 2061 1015 2116 reapse
1057 2061 1273 2114 semper
1311 2047 1544 2112 aspiciat
1576 2047 1740 2107 Deus,

570 2137 820 2208 Etdigna
863 2137 1072 2207 pulchri
1105 2137 1350 2190 muneris
1392 2136 1484 2190 det
1511 2137 1755 2206 praemia.

1030 2226 1100 2281 Χ.
1123 2256 1194 2267 -
1217 2225 1283 2280 In
1315 2228 1700 2282 canonarclteu.

572 2317 729 2389 Lyra;
753 2331 1035 2372 sacrorum
1058 2317 1319 2386 praesides
1358 2319 1449 2386 qui
1475 2319 1806 2380 carminum,

571 2408 742 2466 Tuba:
769 2409 943 2464 instar
956 2417 1075 2464 esto
1111 2418 1368 2462 cantuum
1395 2410 1785 2465 moderamine.

571 2502 650 2556 Da
688 2501 843 2572 signa
883 2502 1032 2571 ligno
1072 2501 1326 2570 tempori.
1361 2516 1462 2556 ceu
1498 2515 1586 2556 res
1612 2501 1794 2571 jubet,

571 2593 640 2649 Et
660 2593 861 2664 plectra
906 2594 1104 2664 Iingute
1127 2597 1336 2670 primus
1400 2594 1468 2648 ad
1503 2595 1674 2650 melos
1700 2610 1880 2660 move,

569 2687 811 2763 ,νει-δαιτὶ
848 2685 1108 2740 decenter
1144 2685 1547 2742 concinendum
1595 2685 1904 2756 proferens,

570 2777 754 2842 Clara,
786 2777 939 2831 suavi
963 2791 1115 2838 voce,
1141 2785 1196 2830 et
1225 2775 1396 2830 instar
1467 2777 1682 2847 organi,

575 2865 832 2924 Fratrum
857 2865 1077 2920 canoris
1110 2880 1206 2918 ora
1239 2865 1580 2920 concinnatis
1601 2865 1796 2920 modis.

575 2959 717 3014 Tum
759 2968 958 3014 cuncta
989 2959 1199 3013 cunctis
1225 2967 1589 3028 congruenter
1620 2959 1851 3028 impera,

573 3052 721 3106 Nihil
757 3051 957 3114 dolori,
987 3051 1148 3104 iraeve
1185 3051 1346 3113 dans,
1373 3059 1468 3106 aut
1499 3051 1686 3119 gratiae
1713 3069 1727 3104 :

577 3141 686 3198 Sed
719 3143 863 3198 sicut
895 3156 1048 3210 aequa
1080 3141 1219 3194 ratio
1253 3143 1447 3210 poscit,
1503 3155 1568 3194 ac
1599 3141 1816 3196 modus.

574 3233 692 3288 Tua
710 3234 909 3304 quippe
931 3230 1113 3285 cuncti
1145 3231 1391 3286 membra
1422 3241 1552 3286 sunt
1578 3247 1593 3296 ;
1620 3241 1750 3287 sunt
1770 3239 1824 3286 et
1842 3228 1954 3283 Dei.

575 3327 722 3382 Deus
746 3339 1001 3380 coronant
1031 3322 1111 3376 sic
1147 3324 1326 3392 agenti
1351 3321 1620 3377 conferet.

965 3418 1058 3472 XI.
1103 3447 1174 3456 —
1226 3415 1293 3468 In
1317 3415 1648 3469 taxiarchen.

575 3510 649 3566 At
671 3520 750 3578 tu,
783 3509 1072 3564 ordinandi
1116 3508 1204 3562 cui
1243 3517 1486 3578 potestas
1515 3507 1730 3580 obtigit,

580 3603 654 3658 Ut
681 3601 986 3656 taxiarches
1011 3600 1230 3654 additus
1272 3599 1471 3670 populo
1499 3597 1618 3663 Dei,

577 3693 820 3758 Modum,
850 3691 1210 3760 ordinemque
1241 3700 1489 3761 tempore
1528 3691 1759 3746 observa
1787 3700 1840 3746 et
1869 3690 2012 3756 loco,

581 3788 709 3840 Sive
735 3783 1092 3847 redeundum,
1137 3783 1250 3836 sive
1287 3783 1528 3838 eundum
1566 3791 1653 3838 est
1669 3782 1953 3853 quopiatn,

579 3878 720 3932 Dum
745 3878 1009 3946 dignitate
1045 3875 1285 3946 praeditis
1315 3875 1639 3943 occurritur,

581 3970 722 4025 Dum
757 3968 972 4024 Domini
1003 3968 1072 4021 ad
1091 3966 1262 4021 eadem
1294 3970 1588 4024 convenire
1614 3969 1899 4040 mosjubet
1928 3987 1943 4023 ε

580 4063 816 4118 Ratione
847 4072 1076 4118 cunctos
1102 4061 1424 4126 collocabis,
1453 4075 1516 4114 ac
1547 4060 1729 4124 modo,

581 4157 755 4211 Suum
785 4155 982 4222 cuique
1013 4154 1116 4210 rite
1150 4167 1452 4221 procurans
1488 4154 1743 4222 gradum,

580 4243 640 4296 In
669 4254 842 4307 veste,
872 4256 1179 4312 gressuque
1218 4242 1449 4310 exigens
1481 4241 1816 4308 decentiam,

580 4329 709 4391 IIan
736 4336 783 4391 si
831 4337 1002 4405 perite
1034 4333 1251 4398 feceris,
1279 4335 1326 4388 si
1361 4338 1529 4397 serio,

585 4429 642 4484 Si
669 4435 973 4490 mansuete,
1000 4424 1045 4478 si
1081 4425 1188 4494 pie,
1223 4425 1269 4477 si
1298 4424 1544 4494 provide,

583 4518 847 4574 Met-cedis
877 4517 1070 4586 ingens
1095 4531 1126 4568 a
1157 4514 1264 4569 lJco
1304 4523 1413 4568 stat
1437 4517 1630 4585 gratia.

1007 4604 1125 4671 XII.
1153 4633 1223 4643 —-
1246 4603 1313 4658 In
1361 4605 1657 4661 cellarium.

583 4702 720 4768 Quis
741 4709 792 4755 te
830 4698 1025 4770 magis,
1063 4697 1266 4764 (ili,l)ei
1291 4706 1378 4752 est
1404 4700 1736 4768 operarius?

583 4796 733 4863 Opus
768 4793 969 4846 laboris
984 4791 1204 4860 plenum
1241 4790 1409 4845 habes
1433 4807 1541 4860 prae
1563 4793 1777 4850 caeteris
1797 4834 1812 4860 ,

583 4882 966 4938 Fraternitatis
997 4882 1089 4951 qui
1118 4896 1291 4950 prmes
1319 4881 1562 4938 cibariis.

585 4976 843 5030 lncumbe
871 4975 998 5028 totis
1029 4975 1316 5044 diligenter
1339 4975 1567 5038 viribus,

583 5067 737 5134 Quod
766 5066 962 5134 cuique
980 5064 1165 5127 debes,
1195 5082 1432 5137 congrue
1453 5068 1797 5136 dispertiens.

581 5159 855 5211 Assuescc
877 5153 1059 5206 multis
1083 5155 1412 5222 postulatum
1445 5156 1695 5222 vocibus,

585 5249 698 5302 Ilnc
731 5247 906 5309 illum,
939 5255 992 5299 et
1021 5245 1113 5298 illo
1138 5249 1414 5303 sustinens
1445 5250 1595 5304 vultu
1619 5251 1870 5317 alterum,

582 5340 720 5400 Miti,
749 5352 965 5397 sereno,
1000 5337 1331 5404 condolenti,
1374 5338 1562 5395 ﬂebili.

585 5433 683 5490 Sic.
704 5431 800 5486 tibi
839 5443 1046 5485 corona
1076 5429 1274 5499 cinget,
1314 5443 1370 5485 ut
1400 5430 1700 5502 Stephano,
1723 5443 1904 5505 caput.

906 5520 1048 5575 XIII.
1084 5549 1152 5558 —
1187 5519 1252 5574 In
1277 5523 1494 5591 prandii
1523 5527 1846 5580 ministrum.

583 5614 834 5671 Fratrum
871 5629 1087 5669 coronae
1123 5615 1431 5684 prandium,
1460 5615 1558 5681 ﬁli,
1588 5633 1876 5690 apparatis,

583 5708 782 5763 Ordine
798 5708 1002 5762 locatas
1034 5708 1136 5763 rite
1165 5725 1382 5766 mensas
1416 5711 1654 5768 instrue.

652 5799 717 5830 ““
749 5799 834 5852 Al.
870 5799 1065 5866 πείρας

1750 4483 1760 4514 l

1745 299 1806 357 S.
1837 295 2227 357 THEODORI
2261 295 2608 356 STUDITIE

2158 417 2204 469 Α
2243 407 2388 460 Ἀλλ’
2423 407 2601 476 ἠπίως
2629 421 2710 469 τε,
2743 402 3064 474 συμπαθῶς,
3093 403 3472 472 οἱκτιρμόνως,

2231 497 2599 560 Βουλευτικῶς
2622 513 2704 560 τε,
2737 494 3128 566 μακροθύμως,
3159 495 3414 556 εὐτόνως

2232 591 2335 643 Τὸν
2361 591 2486 643 νοῦν
2508 587 2826 659 ἀκραιφνῶς
2851 587 3158 652 όξύναντες,
3182 586 3260 650 ὡς
3283 586 3460 656 βέλος,

2234 683 2390 736 Κατὰ
2415 680 2615 734 σκοπὸν
2643 679 2888 750 βάλλοιτε
2911 679 3040 741 τοὺς
3069 677 3246 742 εὐθεῖς
3273 678 3491 748 λόγους.

2235 772 2424 834 Ὅπως
2449 771 2496 824 τ’
2527 770 2725 842 ἀληθὲς
2757 771 2923 823 παντὶ
2950 769 3225 840 θηρῶντες
3261 770 3430 842 λόγῳ,

2233 863 2352 933 Θεῷ
2380 861 2593 925 δικαίας
2622 861 2986 934 προσφέροντε
3009 862 3110 925 τὰς
3133 863 3347 934 κρίσεις
3368 881 3383 895 ⁹

2236 949 2304 1026 ᾯ
2335 955 2443 1025 γάρ
2474 957 2732 1024 κρινεῖτε,
2757 956 2852 1008 καὶ
2889 954 3216 1024 κριθήσεσθε
3238 957 3446 1027 τρόπῳ.

2578 1043 2655 1099 θ’.
2681 1074 2751 1086 ——
2773 1047 2876 1110 Εἰς
2904 1044 3048 1110 τοὺς
3083 1046 3464 1114 ἑπιτηρητὰς.

2239 1137 2402 1203 Τάξει
2434 1137 2680 1200 τεθέντες
2707 1137 2970 1207 ὀμμάτων
2990 1141 3104 1201 τοῖς
3136 1138 3443 1206 συγγόνοις,

2253 1228 2468 1298 Ὁρᾶτε,
2495 1228 2592 1280 καὶ
2618 1231 2839 1298 τηρεῖτε
2872 1229 3082 1292 πάντας
3116 1229 3421 1294 εὑσκόπως,

2184 1375 2190 1380 ,
2254 1319 2340 1370 Ἐν
2364 1319 2620 1389 ἡμέραις,
2653 1321 2710 1372 ὲν
2737 1319 2909 1385 νυξὶν,
2939 1322 2999 1372 ὲν
3031 1321 3428 1394 μεσημϐρίαις,

2239 1412 2437 1481 Μήπου
2465 1411 2734 1482 πρόσωπα
2759 1411 2868 1466 τῶν
2895 1411 3033 1466 νέων
3059 1409 3172 1466 εἶεν
3193 1413 3309 1478 δύο,

2241 1503 2441 1572 Μήπσυ
2471 1502 2731 1568 γίνωνται
2760 1502 2988 1573 φατρίαι
3019 1505 3333 1576 συσκηνίαι.

2242 1592 2570 1664 Παρρησιῶν
2597 1591 2841 1662 ὄλεθρος,
2873 1593 3012 1665 ἔργα
3040 1595 3136 1647 τοῦ
3166 1596 3411 1660 σκότους,

2246 1684 2474 1755 Στρηνοὶ
2502 1683 2765 1752 γέλωτες,
2799 1683 3011 1755 ὕϐρεως
3045 1687 3282 1754 ἀταξίαι,

2172 1759 2214 1813 Β
2242 1773 2350 1824 Καὶ
2383 1773 2491 1826 πᾶν
2524 1773 2760 1844 πονηρὸν
2791 1773 2886 1828 τοῦ
2913 1775 3049 1828 Θεοῦ
3080 1777 3270 1849 πόρρω
3296 1778 3460 1850 φέρον
3479 1796 3494 1810 ο

2242 1864 2405 1917 Ταῦτ’
2441 1863 2798 1930 ὲκλαλοῦντες
2827 1867 3010 1920 πυκνὰ
3038 1871 3151 1932 τοῖς
3183 1871 3620 1939 πρωτοστάταις,

2255 1954 2685 2027 Ἀπροσπαθείᾳ,
2719 1957 2817 2027 τῆς
2854 1957 3107 2028 ἀληθείας
3144 1959 3318 2029 λόγῳο

2245 2046 2411 2116 Τύχοι
2441 2062 2499 2098 τε
2528 2044 2678 2108 θείας
2710 2047 2961 2117 ἀτρεκῶς
2989 2047 3242 2117 ὲποψίας.

2246 2139 2357 2210 Τὴν
2391 2137 2714 2208 ἀντάμειψιν
2739 2138 2850 2192 τῶν
2874 2140 3054 2194 καλῶν
3081 2143 3392 2212 ἐσχηκότες.

2603 2234 2658 2285 I'.
2681 2262 2749 2272 —
2767 2236 2874 2298 Είς
2907 2235 3014 2288 τὸν
3032 2234 3435 2304 κανονὰρχην.

2260 2325 2526 2395 Ἄρχηγδς
2557 2323 2727 2387 ἑστὼς
2760 2324 2860 2394 τῆς
2886 2323 3056 2396 λύρας
3088 2324 3196 2377 τῶν
3218 2325 3498 2396 ᾀσμάτων,

2251 2415 2492 2484 Σάλπιγξ
2520 2415 2720 2486 φάνηθι
2742 2419 2809 2487 τῇ
2836 2415 3138 2487 μελουργίᾳ
3165 2417 3312 2490 ξένῃ.

2217 2497 2226 2508 ’
2252 2507 2485 2572 Σάλπιζε
2516 2507 2692 2579 καιρῷ
2718 2508 2778 2562 τὸ
2805 2507 2981 2572 ξύλον,
3014 2507 3199 2570 καθὼς
3220 2508 3354 2572 δέοι,

2252 2602 2407 2654 Κίνει
2431 2600 2488 2653 δέ
2515 2617 2607 2652 σου
2635 2599 2732 2670 τὴν
2761 2599 3011 2668 γλῶτταν
3040 2599 3116 2662 ὡς
3147 2599 3425 2671 πλῆκτρον
3450 2600 3662 2673 φέρων,

2264 2690 2377 2744 Ἀεὶ
2408 2693 2728 2762 πρεπόντως
2752 2690 2844 2743 τὸν
2872 2689 3053 2760 στίχον
3081 2692 3416 2758 συνεισάγων

2263 2783 2614 2853 Ἀσύγχυτον,
2654 2783 2950 2854 κάλληχον,
2987 2783 3223 2852 ὀργάνου
3255 2783 3431 2854 δίκην,

2250 2873 2323 2926 Τὸ
2344 2875 2445 2944 τῆς
2467 2875 2830 2946 ἀδελφότητος
2859 2873 3151 2945 εὐρυθμῶν
3177 2875 3374 2944 στόμα.

2250 2965 2485 3028 Τάσσοις
2515 2967 2728 3020 ἅπαντα
2760 2966 2928 3018 πᾶσιν
2957 2965 3279 3036 άξιοχρέως,

2176 3095 2218 3148 C
2251 3056 2342 3126 Μὴ
2369 3056 2504 3126 πρὸς
2531 3057 2712 3127 χάριν,
2749 3057 2822 3127 μὴ
2850 3057 3033 3127 μῆνιν,
3066 3055 3100 3127 ἢ
3134 3057 3310 3128 λύπης
3339 3056 3507 3121 δόσιν,

2266 3149 2404 3204 Ἀλλ’
2433 3150 2491 3204 ὲν
2515 3150 2708 3220 δικαίῳ
2730 3149 2808 3220 τῷ
2840 3149 3001 3221 λόγῳ,
3037 3150 3132 3203 καὶ
3159 3149 3236 3217 τῷ
3269 3151 3472 3220 τρόπῳ.

2253 3243 2459 3304 Πάντες
2480 3241 2587 3313 γάρ
2610 3243 2716 3296 είσι
2738 3242 2834 3296 τοῦ
2863 3241 3000 3296 Θεοῦ
3034 3243 3130 3298 καὶ
3161 3242 3254 3296 σοῦ
3287 3242 3446 3312 μέλη.

2253 3333 2438 3398 Οὕτως
2467 3333 2678 3405 φρονῶν
2709 3333 2840 3402 γοῦν
2869 3335 2933 3386 ὲκ
2965 3333 3100 3386 Θεοῦ
3129 3333 3272 3404 λήψῃ
3305 3334 3525 3402 στέφος.

2606 3423 2709 3478 IA'.
2731 3455 2799 3464 --
2817 3427 2922 3490 Είς
2951 3424 3058 3478 τὸν
3083 3424 3431 3493 ταξιάρχην.

2253 3511 2361 3564 Τοῦ
2392 3511 2707 3583 ταξιαρχεῖν
2730 3511 3008 3580 τὸνλόγον
3037 3513 3382 3584 δεδεγμένος,

2269 3603 2354 3668 Ὠς
2382 3603 2676 3674 ταξίαρχος
2703 3604 2796 3658 τοῦ
2829 3603 2938 3657 λεὼ
2967 3602 3061 3657 τοῦ
3087 3605 3319 3675 Κυρίου,

2255 3695 2420 3760 Τάξιν
2451 3694 2690 3764 φύλαττε
2719 3695 2886 3750 παντὶ
2916 3695 3094 3767 καιρῷ
3125 3695 3220 3750 καὶ
3246 3695 3418 3767 τόπῳ,

2267 3785 2356 3837 Ἐν
2387 3784 2612 3848 εἰσόδοις
2637 3784 2774 3856 ὁμοῦ
2806 3801 2867 3838 τε
2889 3786 2984 3840 καὶ
3013 3785 3290 3852 διεξόδοις,

2267 3878 2355 3930 Ἐν
2385 3879 2506 3940 ταῖς
2542 3877 2807 3940 ὑπανταῖς
2837 3877 3013 3946 ὄψεων
3051 3878 3159 3932 τῶν
3197 3875 3418 3948 ὲξόχων,

2267 3968 2356 4019 Ἐν
2379 3969 2495 4030 τοῖς
2521 3965 2839 4037 ἁθροισμοῖς
2867 3968 2962 4022 τοῦ
2995 3966 3126 4021 ναοῦ
3148 3967 3244 4020 τοῦ
3276 3968 3574 4028 Δεσπότου.

2254 4061 2611 4134 Χοροστατῶν
2639 4061 2886 4125 ἅπαντας
2915 4061 3096 4133 εἱρμῷ
3129 4063 3226 4116 καὶ
3253 4063 3417 4132 λόγῳ,

2255 4153 2452 4223 Τηρῶν
2483 4152 2716 4208 ἑκάστου
2749 4153 2850 4224 τὴν
2882 4154 3223 4224 τεταγμένην
3257 4153 3412 4223 βάσιν
3439 4173 3454 4186 ·

2255 4241 2455 4312 Στολὴν
2483 4241 2751 4306 ἀπαιτῶν,
2783 4241 2878 4294 καὶ
2915 4241 3153 4313 βάδισμα
3177 4245 3236 4296 τὸ
3262 4245 3495 4313 πρέπον.

2257 4333 2320 4384 Εἰ
2343 4331 2516 4384 ταῦτα
2536 4334 2698 4402 ποιῇς
2721 4330 3033 4402 ἐμφρόνως,
3057 4332 3151 4386 καὶ
3181 4332 3469 4397 συντόνως,

2179 4432 2232 4492 1)
2257 4423 2589 4494 Θεοπρεπῶς
2618 4440 2700 4488 τε,
2733 4423 2974 4492 πραέως,
3006 4422 3366 4492 κεκριμένως,

2259 4515 2440 4581 ’Έξεις
2462 4515 2643 4585 χάριν,
2675 4516 2770 4566 καί
2806 4513 3000 4584 μισθὸν
3035 4515 3099 4568 ἐκ
3135 4515 3271 4568 Θεοῦ
3305 4515 3499 4584 μέγαν.

2609 4602 2708 4656 ΙΒ’.
2737 4604 2915 4668 ι-ςΕὶς
2943 4601 3052 4654 τὸν
3079 4605 3461 4672 κελλαρίτην.

2257 4710 2354 4774 Τίς
2380 4710 2459 4774 ὡς
2484 4712 2570 4776 σὺ,
2599 4711 2808 4776 τέκνον,
2839 4711 3079 4782 ἐργάτης
3108 4711 3244 4766 Θεοῦ
3281 4714 3471 4782 πέλει;

2261 4804 2447 4873 Ἔχεις
2475 4805 2583 4875 γὰρ
2611 4803 2770 4875 ἔργον
2805 4805 3012 4876 σφόδρα
3040 4806 3146 4859 τῶν
3175 4807 3350 4862 ἄλλων
3379 4809 3563 4875 πλέον,

2258 4892 2382 4948 Τῶν
2406 4897 2506 4966 τῆς
2531 4896 2898 4966 ἁδελφότητος
2930 4898 3112 4967 ἄρχων
3146 4899 3473 4970 βρωμάτων.

2258 4988 2419 5051 Ὅλος
2456 4986 2721 5058 πρόσελθε
2747 4988 3062 5051 πανσθενῶς
3091 4993 3156 5061 τῇ
3191 4993 3455 5062 φροντίδι,

2257 5077 2446 5140 Διδοῦς
2479 5078 2693 5148 ἑκάστῳ
2719 5078 2780 5131 τὸ
2811 5079 3085 5150 προσῆκον
3114 5083 3174 5133 ἐν
3203 5084 3400 5154 κρίσει.

2256 5168 2446 5248 Πύρὰς
2468 5171 2514 5210 ⁸⁸
2549 5168 2723 5239 δέχοιο
2744 5172 2844 5236 τῆς
2874 5170 3300 5242 πολυζητησίας.

2270 5259 2509 5313 Ἐκεῖνον
2537 5259 2732 5326 οὕτως,
2761 5260 2918 5313 ἄλλον
2945 5262 3171 5326 ἀλλοίως
3201 5263 3402 5335 φέρων,

2256 5349 2480 5426 Πράως,
2509 5354 2781 5423 γαληνῶς,
2819 5357 3141 5426 συμπαθῶς,
3175 5358 3558 5429 οίκτιρμόνως.

2257 5443 2447 5511 Οῦτως
2477 5445 2583 5517 γὰρ
2609 5446 2752 5511 ἕξεις
2787 5449 2884 5502 σὺν
2913 5448 3172 5519 Στεφάνῳ
3197 5449 3258 5500 τὸ
3283 5449 3494 5518 στέφος.

2578 5535 2673 5591 Il".
2696 5539 2880 5604 --Είς
2911 5539 3018 5592 τὸν
3046 5538 3488 5607 ἀριστητάριον.

2270 5626 2331 5679 ’Δ
2343 5625 2666 5697 ριστοποιῶν
2701 5629 2816 5690 τοῖς
2847 5625 3097 5696 ἀδελφοῖς
3121 5645 3235 5692 σου,
3261 5628 3440 5692 τέκος,

2261 5715 2336 5774 Εὖ
2367 5737 2455 5791 μοι
2491 5719 2724 5784 στύϐαζε
2747 5719 2865 5777 ’τῶν
2891 5721 3183 5791 τραπεζῶν
3203 5721 3298 5785 τὰς
3327 5719 3526 5788 θέσεις,

3662 282 3816 348 I78!-
