4122 6382
308 293 444 358 1785

303 399 538 473 Σταθμῷ
567 400 659 454 τὸν
693 401 878 472 ἄρτον,
908 397 964 452 εἴ
990 415 1043 452 τι
1068 398 1116 452 δ’
1143 398 1209 453 ἂν
1241 397 1449 468 βρωτδν
1482 396 1620 470 τύχη
1643 439 1656 461 ν

306 499 467 559 Ἴσως
497 491 759 566 μερίζων,
791 495 901 556 τοῖς
929 492 985 548 δὲ
1026 488 1240 562 μείζοσι
1267 489 1449 545 πλέον.

302 589 510 658 Διπλῆς
531 589 697 659 τιμῆς
725 586 834 655 γὰρ
861 583 1046 649 ἀξιοῦν
1077 582 1303 646 τούτους
1331 582 1508 654 λόγος.

299 684 485 736 Φείδου
514 682 560 734 δ’
588 680 794 751 ὁμοίως
819 682 915 734 καὶ
947 679 1039 732 τὸν
1069 676 1438 756 ὑστεροτάτην
1463 691 1480 708 ’
1589 682 1680 718 ῶν-

301 778 483 838 ’Δπας
506 773 612 845 γάρ
639 774 756 826 ἐστι
783 771 876 824 σὺν
903 770 1086 840 μέλος,
1119 769 1226 824 κᾶν
1252 757 1354 822 οὒκ
1381 770 1514 830 ῐσως
1531 784 1544 798 ·

297 870 409 923 Καὶ
443 867 550 938 μὴν
585 861 872 934 παρεστὼς
897 862 973 925 ὡς
1003 861 1252 935 τραπέζῃ
1289 861 1586 927 Δεσπότου,

309 957 652 1018 Ἀποστὸλοις
687 956 873 1025 νόμιζε
903 953 1146 1008 δουλείαν
1177 955 1390 1024 φέρειν.

213 1065 216 1068 ’
297 1050 561 1120 Στρέιρου,
597 1046 813 1116 θεώρει,
845 1044 1010 1114 νηρδν
1041 1044 1278 1114 ἄλλο-περ
1310 1046 1514 1112 νέμων.

296 1144 392 1196 "Iv‘
423 1138 482 1195 εὗ
511 1139 735 1210 γένηται
766 1139 859 1191 καὶ
886 1139 1045 1209 χάρις
1070 1155 1151 1194 σοι
1191 1137 1442 1192 πλουσία.

551 1303 562 1310 ⁴
684 1233 782 1286 IA'.
803 1261 874 1271 ——
891 1233 994 1298 Εἰς
1018 1231 1127 1285 τὸν
1161 1232 1480 1300 ὀψοποιόν.

293 1330 398 1381 Τὸν
427 1323 682 1396 ὀψοποιὸν
712 1324 795 1386 τίς
823 1340 905 1388 σε,
943 1322 1158 1386 τέκνον,
1185 1324 1246 1376 ού
1290 1323 1502 1393 στέφει,

293 1421 465 1473 Πολὺν
492 1419 726 1489 φέροντα
755 1415 848 1469 τὸν
879 1413 1047 1470 κόπον
1085 1414 1440 1486 καθημέραν;

289 1510 642 1584 Δουλευτικόν
679 1525 761 1562 σοι
791 1508 1003 1579 χρῆμα,
1039 1505 1230 1578 μισθὸς
1262 1505 1306 1558 δ’
1337 1503 1431 1560 οὖν
1457 1507 1656 1577 μέγας.

288 1607 331 1658 Χ
342 1605 498 1676 ρῆσις
532 1599 811 1674 ρυπώδης,
843 1598 983 1654 ἀλλὰ
1008 1599 1241 1668 πλυτρὶς
1267 1599 1650 1668 πταισμάτων.

287 1699 476 1766 Φὶέγει
508 1713 567 1749 σε
595 1695 690 1748 νῦν
721 1693 856 1764 πῦρ,
879 1692 941 1745 ού
971 1692 1030 1745 τὸ
1061 1690 1252 1762 μέλλον
1276 1690 1333 1744 δὲ
1367 1691 1545 1760 κρίνει
1567 1705 1582 1719 ·

291 1790 540 1860 Προσὸὰς
569 1786 838 1858 σταθηρὸς
866 1785 1053 1840 λοιπὸν
1075 1785 1153 1847 εἰς
1179 1783 1280 1856 τὴν
1312 1782 1492 1854 tam,

290 1884 498 1937 Ἕωθεν
531 1881 691 1943 εὐθὺς
718 1878 860 1934 κλῶν
890 1877 1102 1942 δαλοὺς,
1137 1878 1342 1948 χύτρας
1373 1875 1527 1940 κλύε,

287 1976 525 2046 Βρώσεις
557 1970 869 2042 προσεψῶν,
893 1969 968 2032 ὡς
991 1969 1149 2034 Θεοῦ,
1174 1970 1244 2023 τὰ
1275 1969 1386 2023 τῶν
1417 1969 1624 2025 τέκνων
1641 1987 1655 2000 ⁸

288 2070 487 2138 Εὑχαίς
516 2065 722 2129 ἁλίζοις
745 2063 918 2117 ταῦτα
949 2061 1140 2132 ὥσπερ
1163 2060 1444 2132 ἀρτύσεις,

289 2161 384 2214 ”Ιν’
407 2160 706 2229 εύλογηθῇς
739 2157 814 2218 ὼς
848 2153 1045 2208 Ἰακὼὸ
1075 2153 1154 2224 τῷ
1182 2153 1373 2220 πάλαι,

285 2255 397 2307 Καὶ
422 2254 575 2322 χαῖρε
600 2249 811 2312 τούτοις
846 2246 1084 2301 ἐκτελῶν
1111 2263 1204 2300 σου
1235 2245 1328 2299 τὸν
1355 2245 1578 2317 δρόμον.

391 2346 491 2398 1Ε’.
513 2373 582 2384 ——
605 2345 708 2408 Εἰς
737 2340 880 2405 τοὺς
900 2339 1138 2408 pugnate,
1165 2338 1299 2408 ἤτοι
1316 2333 1728 2408 βεστιαρίοὺς.

295 2440 481 2510 Ὑμεῖς
511 2437 760 2506 ἔπαρχοι,
788 2434 882 2488 καὶ
905 2433 1180 2505 διαιτηταὶ
1216 2433 1361 2503 μάλα

284 2534 405 2586 Τῶν
435 2532 532 2602 τῆς
567 2528 923 2598 ἀδελφότητος
950 2525 1380 2596 ἁμφιασμάτων,

297 2624 470 2692 Ἀγὼν
501 2625 630 2693 ύμῖν
655 2621 716 2674 ού
745 2618 938 2690 μικρὸς
964 2619 1022 2672 ὲν
1044 2618 1222 2688 τούτῳ
1254 2619 1435 2686 πέλει,

284 2718 508 2790 Φροντὶς
539 2715 594 2768 δὲ
628 2713 822 2784 πολλὴ,
852 2699 947 2765 καὶ
984 2711 1247 2782 μέριμνα,
1278 2711 1375 2764 καὶ
1401 2712 1592 2779 κόπος,

293 2812 573 2872 Ῥἁπτειν,
600 2809 900 2878 νεουργεῖν,
933 2803 1306 2874 ἐκκαθαίρειν,
1343 2805 1439 2858 καὶ⁹
1463 2805 1702 2872 πλύνειν,

284 2906 490 2975 Νέμειν
519 2901 732 2968 ἑκάστῳ
757 2898 820 2951 τὸ
849 2897 1230 2967 προσαρμόςον
1257 2896 1425 2967 λόγῳ,

206 3005 208 3007 ’
287 2999 447 3058 Ἴσως
479 2990 726 3064 μὲνόὒκ,
765 2990 900 3053 ἴσως
931 2989 989 3042 δὲ
1021 2989 1232 3059 φίλτρῳ
1260 2992 1354 3044 καὶ
1380 2991 1532 3060 πόθῳ
1557 3006 1573 3023 ο

287 3088 482 3142 Ἀλλου
512 3084 619 3156 γὰρ
649 3082 808 3146 ἄλλος
835 3079 1140 3149 ἀξιώτερος
1171 3083 1339 3154 πόνῳ.

283 3181 544 3234 Σκοπεῖτε
569 3176 753 3230 λοιπὸν
780 3175 952 3228 ταῦτα
983 3176 1160 3228 ποιεῖν
1187 3177 1504 3248 σωφρόνως,

284 3273 471 3332 Ὅπως
505 3266 748 3338 ἀμοιϐῶν
775 3265 1132 3334 ἁντιλήψεσθε
1159 3266 1342 3336 χρέος,

285 3362 428 3433 Πρὸς
451 3360 544 3413 τοῦ
575 3357 710 3410 Θεοῦ
733 3357 964 3420 διδόντος
987 3355 1146 3421 ἀξίας
1169 3357 1362 3421 δόσεις.

599 3452 716 3516 ις’.
733 3479 802 3488 —-
819 3452 925 3515 Εὶς
953 3449 1094 3515 τοὺς
1116 3449 1523 3520 ἀφυπνιστάς.

284 3543 430 3616 Πρὸς
460 3543 626 3594 πᾶσιν
652 3539 832 3604 ἄλλοις
858 3539 967 3592 οὐδ’
999 3540 1126 3609 ὑμῖν
1155 3539 1350 3610 μικρὸς
1379 3541 1572 3605 κόποςν

286 3634 635 3704 Διεξανιστᾷν
663 3633 789 3696 τοὺς
818 3631 1083 3695 ὑπνώδεις
1112 3632 1428 3700 συγγόνους,

285 3727 720 3782 Συνεισελαύνειν
743 3724 872 3786 τοὺς
901 3725 1169 3794 γυρευτὰς
1199 3724 1276 3786 είς
1312 3723 1500 3794 μέσον.

285 3817 478 3872 Τοίνυν
513 3815 732 3869 ἐπειδὰν
763 3814 1001 3886 σαλπίσῃ
1027 3831 1111 3875 τις
1137 3815 1198 3867 τὸ
1231 3813 1406 3882 ξύλον,

299 3908 387 3971 Ὠς
417 3907 639 3976 ἄγγελοι
674 3905 920 3977 παρευθὺ
954 3905 1378 3976 δεδραμηκότες,

283 3995 379 4057 Εἰς
408 3996 582 4048 πάντα
613 3993 985 4056 κοιτωνίσκον,
1013 3995 1092 4056 εἰς
1118 3993 1362 4065 κρυπτὸν
1386 3993 1571 4048 τόπον.

295 4085 569 4156 Ἐγείρετε
603 4084 740 4156 πρὸς
769 4083 938 4154 ὓμνον
969 4084 1256 4155 ἀχράντων
1289 4084 1486 4152 λόγων,

288 4175 738 4246 Συνεισφέροντες
764 4175 844 4238 είς
872 4173 1010 4228 νεὼν
1040 4175 1134 4228 τοῦ
1155 4175 1450 4242 Δεσπότου,

297 4267 384 4321 Ἐν
407 4267 664 4338 ἡμέραις,
696 4267 754 4320 ὲν
780 4263 952 4330 νυξὶν,
979 4268 1038 4320 ὲν
1073 4265 1465 4338 μεσημϐρίαις,

284 4361 556 4412 Ἕκαστον
579 4359 760 4412 αὐτῶν
788 4357 1222 4430 προσκαλοῦντες
1251 4359 1507 4422 εὐθέτως.

284 4452 472 4512 Ὅπως
505 4452 635 4521 ὑμῖν
665 4451 756 4504 τὸν
793 4449 982 4522 μισθὸν
1011 4449 1160 4514 ἄξιον
1197 4451 1371 4524 νέμῖἱν

293 4546 351 4598 '0
382 4544 558 4598 πάντα
587 4542 836 4618 μετρῶν,
861 4545 958 4598 καὶ
987 4543 1168 4612 νέμων
1199 4547 1319 4598 κατ’
1345 4544 1520 4609 ἀξίαν.

633 4639 733 4692 ΙΖ’.
754 4670 822 4680 --
838 4639 943 4702 Εὶς
967 4637 1074 4692 τὸν
1103 4641 1465 4708 νοσοκόμον.

281 4732 356 4785 Τὸ
383 4731 574 4802 χρῆμα
599 4733 764 4797 θεῖον,
795 4728 1040 4785 ἀσθενῶν
1075 4729 1215 4802 βάρη
1243 4731 1454 4802 φέρειν.

282 4822 486 4876 Τούτου
517 4821 698 4892 λαχὼν
731 4821 1055 4886 πύκτευσον,
1096 4815 1141 4875 ὦ
1177 4839 1268 4894 μοι
1291 4822 1526 4890 τεκνίον,

283 4914 535 4985 Θερμῶς,
565 4913 861 4984 προθύμως
889 4917 1127 4969 ἐκτελεῖν
1153 4932 1247 4968 σου
1273 4914 1366 4968 τὸν
1398 4915 1618 4988 δρόμον,

281 5005 494 5058 Ἔωθεν
527 5003 690 5068 εὐθὺς
716 5005 842 5068 τοὺς
871 5006 1147 5078 κλινήρεις
1179 5024 1274 5060 σου
1311 5006 1551 5077 βλέποις,

288 5095 482 5148 Ἀλλου
517 5094 625 5166 πρὸ
656 5095 856 5158 παντὸς
887 5097 1262 5166 φαρμακεύων
1293 5101 1405 5163 τοῖς
1436 5099 1636 5168 λόγοις,

284 5183 397 5240 Εἶτ’
431 5183 496 5240 αὖ
525 5179 844 5257 πρεπόντως
869 5188 1202 5259 προσφέροις
1229 5191 1393 5245 σίτων
1420 5191 1622 5259 δόσεις,

295 5279 384 5342 Ὠς
411 5278 518 5350 χρὴ
551 5278 595 5331 δ’
629 5279 866 5349 ἑκάστῳ,
896 5279 1265 5350 συνδιακρίσει
1293 5283 1476 5351 λόγου.

285 5371 458 5435 Μέλος
483 5371 591 5441 γάρ
621 5373 758 5432 ἐστι,
792 5375 866 5444 μὴ
895 5373 1171 5444 παρέρχου
1199 5375 1290 5427 τὸν
1322 5376 1510 5448 πέλας.

286 5463 470 5528 Οὕτως
502 5463 861 5534 ὑπηρετοῦντι
895 5465 1084 5536 μισθός
1111 5482 1194 5519 σοι
1233 5468 1426 5537 μέγας,

283 5555 404 5620 Φῶς
436 5557 746 5626 ἀπρόσιτον,
778 5559 1023 5630 οὐρανῶν
1053 5559 1338 5630 εὐκληρία.

620 5648 725 5702 lll'.
747 5677 814 5688 —
831 5652 932 5718 Εἰς
968 5650 1112 5717 τοὺς
1144 5652 1500 5720 νοσοῦντας.

288 5743 362 5800 Τὸ
383 5743 480 5815 τῆς
506 5744 662 5822 νόσου
701 5762 790 5818 μοι
815 5745 986 5818 δῶρον
1012 5743 1336 5814 εὗ,.τὲκνον,
1366 5747 1544 5818 δέχου.

1801 290 2042 372 IAMBI.

1897 410 1946 459 Α
1972 397 2173 452 Panem
2195 413 2263 452 ex
2289 396 2521 463 amussi,
2554 404 2609 452 et
2635 396 2683 454 si
2714 396 2846 466 quid
2875 405 2958 453 est
2983 397 3172 462 edulii,

1970 490 2178 544 Partire
2207 489 2275 544 ab
2299 503 2476 558 aequo.
2507 489 2630 558 plus
2664 498 2848 543 tamen
2880 489 3217 559 majoribus:

1969 580 2104 636 Nam
2140 581 2342 651 duplici
2372 581 2580 634 honore
2608 579 2710 634 hos
2733 577 2870 634 allici
2896 581 3036 634 ratio
3057 580 3235 650 jubet.

1970 673 2238 728 Reverere
2271 672 2474 742 pariter
2506 672 2693 726 inﬁmo
2712 671 2880 728 situm
2901 671 3095 741 gradu,

1968 763 2104 819 Nam
2137 765 2386 821 membra,
2443 763 2629 819 cuncti
2670 770 2799 818 sunt
2821 773 2936 828 tua,
2965 763 3274 834 haudaeque
3301 773 3481 820 tamen
3518 782 3530 818 :

1970 856 2284 926 Christique
2312 865 2574 926 tanquam
2604 871 2868 925 appareas
2893 855 3163 920 convivio,

1968 950 2246 1018 Apostolis
2265 958 2318 1003 te
2350 958 2481 1006 tunc
2510 946 2827 1004 ministrare
2844 947 3080 1003 aestima.

1970 1039 2212 1109 Appone,
2257 1039 2404 1102 tolle,
2435 1047 2585 1093 verte
2617 1047 2690 1106 te,
2726 1035 3130 1107 circumspice:

1975 1131 2042 1187 Ut
2068 1133 2288 1203 copiosa
2314 1131 2500 1186 redeat
2525 1131 2593 1185 ad
2621 1139 2672 1185 te
2698 1131 2894 1201 gratia.

2319 1220 2463 1278 XIV.
2499 1253 2570 1262 -—
2597 1220 2665 1274 In
2693 1237 2938 1292 coquunt.

1973 1318 2200 1388 Dignum
2230 1329 2433 1372 corona
2469 1322 2522 1372 te
2549 1329 2786 1386 coquum
2812 1315 2936 1384 quis
2955 1313 3184 1377 abnuat,

1965 1412 2137 1482 Cujus
2167 1409 2426 1482 perennis
2456 1409 2510 1464 in
2544 1409 2662 1466 dies
2691 1409 2852 1464 durat
2877 1410 3072 1464 labor?

1968 1507 2174 1562 Servile
2204 1523 2405 1563 munus
2435 1517 2542 1574 est,
2584 1518 2641 1564 at
2671 1508 2864 1576 ingens
2890 1505 3174 1576 praemium
3215 1524 3229 1561 :

1965 1600 2250 1654 Immunda
2279 1615 2387 1664 res,
2422 1601 2516 1656 sed
2547 1615 2655 1669 qua
2697 1599 2944 1656 lavantur
2973 1597 3226 1652 crimina.

1966 1693 2115 1748 Nunc
2144 1693 2284 1763 ignis
2334 1694 2467 1756 urit,
2515 1707 2584 1746 ne
2607 1690 2831 1747 futurus
2864 1689 3108 1745 devoret.

1893 1753 1936 1806 Β
1963 1788 2074 1859 Age
2112 1803 2262 1857 ergo,
2301 1787 2455 1840 laetus
2481 1786 2548 1842 ad
2571 1784 2866 1855 coquinam
2903 1785 3153 1850 convola,

1964 1879 2031 1933 Et
2065 1894 2224 1934 mane
2253 1888 2428 1936 torres
2465 1878 2719 1938 dissecta,
2747 1876 2884 1930 ollas
2907 1876 3046 1941 elue,

1964 1971 2215 2027 Fratrum
2245 1981 2609 2037 tuorum,ceu
2641 1969 2758 2035 Dei,
2813 1967 2965 2022 cibos
3002 1980 3200 2036 coque,

1963 2063 2218 2119 Precibus
2237 2063 2468 2118 subinde
2505 2061 2793 2124 condiens.
2831 2067 3094 2130 tanquam
3133 2057 3286 2116 sale:

1963 2151 2362 2208 Benedicuonis
2391 2149 2563 2206 Jacob
2592 2161 2654 2206 ut
2683 2151 2762 2205 sis
2784 2149 3061 2219 particeps
3085 2165 3099 2203 :

1963 2241 2194 2314 lstisque
2223 2241 2392 2297 vitam
2422 2241 2676 2297 claudere
2712 2239 2768 2293 in
2800 2239 2998 2294 studiis
3017 2237 3193 2306 juvet.

2243 2331 2362 2387 XV.
2384 2363 2454 2372 —
2482 2332 2551 2385 In
2573 2339 2804 2386 sanares
2831 2345 2922 2382 seu
2954 2328 3248 2382 vestiarios.

1966 2426 2074 2483 Vos
2104 2425 2414 2481 administri
2439 2433 2492 2479 et
2519 2421 2778 2494 praesides
2807 2419 3089 2491 potissimi

1963 2520 2160 2574 Cultus
2187 2519 2406 2582 domus,
2432 2516 2624 2586 reique
2658 2513 2929 2569 vestiariae
2948 2553 2964 2578 ,

1964 2609 2073 2666 Nec
2099 2609 2389 2664 dillicultas
2410 2621 2578 2680 parva
2599 2595 2782 2661 vestro
2812 2604 2866 2658 in
2901 2616 3145 2665 munere,

1967 2701 2074 2756 Sed
2101 2716 2230 2756 cura
2265 2707 2410 2754 certe
2451 2697 2706 2768 plurima,
2737 2705 2791 2752 et
2821 2694 3083 2758 studium,
3105 2700 3160 2746 et
3192 2689 3365 2756 labor,

1967 2793 2159 2858 Suere,
2189 2806 2413 2856 novare,
2435 2790 2694 2854 colluere,
2722 2788 3025 2859 detergere,

1967 2880 2216 2936 Dividere
2241 2881 2464 2948 cuique,
2523 2887 2672 2932 recta
2703 2877 2850 2947 quod
2907 2878 3048 2932 ratio
3079 2881 3284 2939 monet,

1966 2968 2085 3024 Non
2111 2979 2259 3024 sorte
2287 2967 2500 3034 eadem,
2536 2981 2724 3021 verum
2743 2981 2932 3020 amere
2957 2965 3104 3021 haud
3124 2961 3352 3031 dispari,

1967 3057 2175 3125 Quippe
2203 3055 2340 3109 alter
2363 3055 2536 3108 altero
2557 3053 2629 3107 ob
2657 3053 2898 3108 laborem
2930 3051 3267 3123 estdignior.

1883 3114 1928 3173 (ἶ
1965 3114 2150 3197 Videte
2180 3156 2345 3212 porro
2375 3140 2600 3211 provide
2629 3141 2717 3196 his
2744 3140 3050 3210 fungamini

1960 3235 2225 3292 Met-cedis
2256 3243 2315 3288 ut
2342 3235 2523 3289 abillo
2547 3233 2736 3290 feratis
2766 3235 3014 3305 gratiam,

1961 3329 2198 3400 Equata
2229 3326 2441 3382 meritis
2482 3326 2578 3396 qui
2599 3326 2850 3395 rependit
2878 3326 3123 3394 pnemia.

2154 3401 2174 3422 ¹
2402 3413 2541 3470 XVI.
2573 3443 2644 3454 —
2669 3414 2734 3468 In
2762 3415 3101 3468 cxcitatores.

1959 3531 2068 3586 Nec
2100 3546 2303 3601 parvus
2334 3530 2480 3584 inter
2508 3537 2735 3584 caeteros
2768 3528 2928 3582 vobis
2959 3527 3140 3592 labor,

1960 3625 2313 3680 Exsuscitare
2345 3623 2721 3678 somnolentos
2753 3636 3072 3691 congreges,

1957 3715 2272 3786 Locumque
2293 3715 2349 3769 in
2380 3732 2547 3769 unum
2576 3724 2728 3784 parte
2758 3715 2826 3768 ab
2858 3714 3008 3768 omni
3037 3729 3249 3784 cogere.

1961 3808 2138 3862 Simul
2185 3821 2316 3877 ergo
2347 3807 2482 3878 ligni
2513 3815 2644 3861 nota
2676 3807 2963 3876 personuit
2991 3807 3143 3868 tuba,

1957 3899 2084 3954 Mox
2113 3900 2434 3970 angelorum
2465 3914 2620 3954 more
2649 3913 2874 3952 cursum
2906 3897 3172 3952 intendite

1958 3992 2134 4046 Cellas
2170 4007 2266 4062 per
2298 4005 2515 4056 omnes,
2546 3999 2688 4045 tecta
2719 4005 2818 4060 per
2847 3990 3070 4046 cubilia.

1959 4084 2137 4140 Divini
2175 4085 2243 4139 ad
2277 4085 2511 4156 hymnos
2545 4085 2776 4140 excitate
2805 4084 3089 4148 carminis,

1957 4175 2026 4229 Et
2061 4175 2276 4230 Domini
2309 4175 2375 4230 ad
2405 4175 2576 4230 aedem
2609 4175 2804 4230 sedulo
2835 4177 3168 4246 compellite,

1957 4265 2220 4330 Interdiu,
2255 4276 2558 4338 noctuque,
2594 4282 2692 4324 seu
2734 4267 2984 4333 meridie,

1957 4357 2140 4414 Unum
2177 4369 2470 4417 evocantes
2501 4375 2776 4430 quemque
2805 4375 2970 4431 quam
3006 4361 3336 4418 scitissime:

1881 4445 1934 4505 D
1959 4449 2071 4506 Vos
2099 4451 2429 4522 congruenti
2455 4453 2681 4521 prmmio
2705 4460 2767 4505 ut
2797 4462 3132 4515 remuneret,

1959 4540 2065 4608 Qui
2103 4549 2304 4596 cuncta
2340 4540 2507 4610 justis
2530 4541 2638 4596 rite
2666 4543 2901 4610 partitur
2927 4542 3126 4600 modis.

2237 4631 2402 4688 XVII.
2433 4664 2503 4675 —
2532 4631 2600 4687 In
2635 4649 2898 4703 aegrorum
2929 4642 3250 4688 curatorem.

1959 4728 2150 4783 Divina
2181 4743 2270 4783 res
2298 4737 2384 4784 est
2413 4728 2651 4797 compati
2675 4743 2947 4799 aegrorum
2978 4727 3157 4782 malis.

1958 4823 2074 4896 Has
2097 4838 2228 4894 ergo
2259 4831 2440 4892 partes
2467 4822 2769 4887 sustinens,
2802 4821 2900 4885 ﬁli,
2931 4822 3110 4888 stude,

1958 4916 2218 4985 Prompte
2249 4930 2314 4970 ac
2343 4913 2602 4979 libenter,
2634 4929 2798 4982 quem
2825 4922 2998 4980 tenes,
3027 4930 3250 4972 cursum
3284 4915 3438 4986 sequi
3471 4933 3486 4968 :

1959 5007 2126 5062 Lecto
2152 5006 2402 5076 iacentes
2433 5005 2555 5060 luce
2599 5004 2779 5075 prima
2815 5005 3073 5070 invisere,

1955 5099 2317 5168 Primumque
2339 5097 2552 5152 blandis
2582 5096 2877 5158 confovere
2912 5096 3166 5158 affatibus
3196 5115 3210 5152 :

1957 5190 2089 5246 Post
2113 5191 2229 5244 haec
2254 5195 2441 5259 parata
2473 5187 2838 5242 condecenter
2876 5187 3139 5254 inferens,

1877 5325 1880 5328 .
1961 5283 2030 5339 Ut
2059 5283 2256 5353 cuique
2279 5281 2572 5352 quadrent,
2599 5281 2878 5338 esculenta
2901 5280 3105 5338 divide.

1957 5374 2103 5431 Cave
2133 5373 2412 5442 relinquas
2445 5371 2752 5441 proximum
2789 5391 2802 5426 :
2837 5387 2966 5442 pars
3001 5382 3087 5428 est
3113 5373 3214 5434 tui.

1957 5466 2100 5521 Dum
2125 5465 2204 5520 sic
2227 5463 2529 5529 ministras,
2557 5478 2750 5534 magna
2776 5478 2990 5520 merces
3025 5473 3078 5518 te
3113 5473 3316 5527 manet,

1960 5558 2078 5614 Lux
2108 5559 2458 5629 sempiterna,
2489 5572 2612 5614 sors
2643 5559 2798 5614 beata
2831 5557 3102 5614 coalitum.

2360 5651 2553 5708 XVIII.
2582 5682 2651 5692 —
2683 5650 2752 5705 1η
2778 5660 3118 5721 wgrotantu.

1960 5745 2088 5804 Mihi
2121 5748 2246 5815 rite,
2274 5746 2370 5814 Illi,
2401 5760 2606 5803 munus
2633 5745 2736 5802 hoc
2764 5745 2941 5804 morbi
2965 5759 3132 5814 cape:

3401 287 3534 355 1786
