4122 6382
523 293 659 360 1787
1703 287 1762 346 S.
1801 285 2192 345 THEODORI
2232 282 2577 344 STUDITIE

521 405 775 466 Caelestis
807 404 910 458 ista
943 411 1028 457 est
1057 417 1190 456 cura
1217 399 1596 471 providentiae.

524 501 626 556 Fer
659 495 942 555 aestuantis
977 495 1189 550 fortiter
1233 493 1507 548 ﬂammam
1543 491 1692 555 mali,

525 593 594 649 Et
629 591 776 646 molli
805 588 1068 644 habendae
1095 603 1220 642 rore
1248 587 1396 656 tinge
1429 585 1636 654 gratiae.

526 682 630 740 Job
659 680 939 746 atmulare,
965 679 1116 749 paria
1144 693 1266 732 cum
1294 677 1412 730 viro
1439 675 1688 743 loquens,

528 777 634 844 Qui
661 791 764 830 nec
797 773 1070 844 loquendo
1097 769 1274 838 decipi
1307 783 1366 824 se
1401 781 1598 837 passus
1622 779 1725 822 est.

531 869 591 924 Si
619 869 756 924 forte
788 867 986 922 transit
1011 863 1306 935 quispiam,
1335 861 1480 914 h'aud
1521 876 1686 916 cerne
1707 869 1760 916 et
1788 867 1926 926 tace,

532 965 836 1020 Contentus
871 961 983 1025 illa,
1015 973 1178 1029 quam
1209 957 1286 1012 tui
1319 971 1508 1012 curam
1537 963 1756 1026 gerunt,

535 1055 610 1112 Ut
649 1055 733 1112 sic
759 1055 815 1109 in
848 1067 990 1122 aegro
1035 1067 1132 1106 cor
1165 1051 1464 1106 hilarescat
1497 1064 1751 1120 corpore.

1015 1165 1159 1222 XIX.
1189 1195 1260 1205 —
1289 1163 1356 1218 In
1387 1174 1615 1219 sutores.

535 1261 582 1318 Ο
617 1269 858 1330 quantus
892 1259 1026 1314 artis
1065 1267 1145 1314 est
1179 1258 1356 1312 honos
1384 1256 1642 1312 sutoriae!

535 1352 640 1408 Ars
671 1367 867 1422 nempe
894 1351 1049 1405 Pauli
1079 1349 1304 1404 maximi
1345 1361 1427 1404 est
1462 1348 1722 1418 apostoli.

537 1443 672 1514 Ejus
700 1444 952 1499 laborum
981 1443 1259 1513 provocati
1292 1441 1583 1504 memoria,

536 1535 812 1602 Perferte,
837 1537 985 1590 velut
1015 1535 1297 1604 operarios
1320 1532 1524 1588 Christi
1555 1533 1733 1599 decet,

539 1627 688 1692 Quos
726 1626 840 1681 haec
870 1625 928 1680 in
959 1626 1124 1680 horas
1154 1639 1294 1679 cura
1322 1624 1556 1679 sudores
1587 1634 1759 1678 creat.

541 1719 717 1774 Sectis
748 1719 1008 1774 decenter
1043 1717 1296 1788 pellibus,
1333 1724 1600 1786 quantum
1625 1724 1710 1770 est
1740 1729 1900 1784 opus,

538 1810 742 1868 Vetera
775 1812 1054 1877 innovate,
1083 1811 1279 1866 deinde
1307 1825 1448 1864 nova
1475 1808 1832 1878 compingite,

546 1905 658 1960 Nec
685 1904 989 1976 quidquam
1018 1904 1182 1959 inerti
1217 1903 1472 1973 projicite
1504 1901 1780 1968 socordia,

543 1997 700 2064 Quod
738 1997 884 2051 velut
911 1997 1157 2066 ineptum
1197 1995 1394 2066 projici
1430 2010 1540 2048 non
1571 1994 1807 2048 debeat:

544 2091 623 2146 Ne
646 2091 778 2161 quid
810 2091 1054 2146 vicissim
1096 2090 1316 2159 parcius
1337 2087 1631 2144 concidite.

545 2183 684 2240 Nam
715 2193 909 2240 cuncta
940 2195 1089 2239 recte
1122 2183 1168 2237 si
1196 2182 1406 2252 geritis,
1453 2190 1617 2252 atque
1643 2180 1858 2247 ordine,

546 2279 658 2332 Par
689 2277 836 2334 lucta
859 2275 1018 2332 vobis
1057 2284 1361 2346 martyrum
1390 2282 1474 2329 est
1505 2273 1818 2330 certamini.

953 2389 1075 2447 XX.
1099 2421 1171 2432 ——-
1199 2390 1267 2445 In
1301 2389 1690 2444 dormitorium.

551 2484 818 2538 Somnum
849 2483 1098 2539 Ievandis
1127 2483 1219 2553 qui
1255 2483 1454 2538 dedisti
1485 2483 1766 2550 sensibus,

550 2577 753 2648 Longa:
780 2577 890 2632 diei
923 2593 1063 2648 quos
1086 2577 1304 2632 labores
1332 2585 1595 2641 atterunt,

551 2669 684 2725 Mihi
717 2685 994 2741 soporem,
1037 2670 1252 2725 Christe
1286 2671 1384 2734 mi,
1420 2669 1658 2724 Verbum
1690 2668 1806 2734 Dei,

555 2761 655 2829 Da,
688 2776 892 2832 quaeso,
935 2760 1174 2826 facilem,
1201 2762 1270 2816 da
1301 2761 1451 2816 brevi
1481 2777 1645 2816 cursu
1677 2759 1870 2824 levem,

557 2853 624 2907 Et
649 2853 982 2908 turbulentis
1011 2853 1244 2908 liberum
1275 2851 1703 2924 phantasmatis,

557 2943 947 2999 Desiderandis
985 2943 1294 2999 affluentem
1329 2944 1578 2998 somniis.

560 3035 699 3092 Tum
729 3053 816 3092 me
846 3038 1092 3093 vocantis
1119 3037 1323 3092 suscita
1368 3037 1436 3092 ad
1465 3035 1596 3106 ligni
1636 3051 1855 3102 sonum,

559 3127 1062 3200 Exspergefactum,
1097 3129 1332 3184 alacrem
1389 3137 1444 3184 et
1467 3138 1654 3198 aptum
1681 3129 1953 3195 cantibus,

563 3203 799 3278 Stabiles
826 3221 879 3276 in
903 3221 1124 3292 hymnis
1151 3222 1254 3276 rite
1276 3221 1610 3276 conﬁrmans
1631 3221 1818 3290 pedes,

561 3312 797 3368 Mentem
829 3329 861 3368 a
896 3313 1166 3383 protervis
1195 3314 1504 3368 daemonum
1536 3321 1718 3371 tutans
1748 3315 1922 3382 dolis,

564 3405 863 3475 Clarosque
895 3404 1096 3475 linguae
1135 3405 1272 3459 dans
1297 3404 1506 3471 modos,
1536 3406 1694 3475 queis
1729 3407 1976 3478 gloriam,

565 3495 804 3566 Tumque
835 3495 1025 3552 laudes
1047 3496 1258 3550 intonet
1279 3496 1534 3565 potentiae
1559 3513 1578 3554 :

567 3590 643 3646 Ut
679 3589 759 3644 sic
786 3598 1003 3660 peracta
1035 3597 1194 3644 nocte
1220 3604 1413 3659 purus,
1439 3589 1646 3645 lumine

567 3681 776 3753 Legum
808 3691 1025 3737 tuarum
1066 3679 1317 3750 perfruar
1345 3682 1611 3738 diluculo.

872 3794 1014 3850 XXI.
1039 3825 1110 3837 -—
1140 3795 1210 3849 In
1241 3795 1426 3850 divites
1468 3815 1530 3851 ac
1558 3815 1828 3869 pauperes.

567 3889 839 3946 Memento
873 3891 966 3958 qui
997 3890 1095 3953 sis,
1122 3904 1156 3944 ο
1179 3889 1362 3955 Ιιοηιο,
1399 3891 1531 3960 quid
1562 3892 1893 3961 impendeat,

570 3985 746 4051 Quam
779 3983 964 4040 sedem
994 3983 1286 4052 inhabites,
1311 4000 1422 4054 quo
1452 3986 1799 4057 migrandum
1834 3987 2090 4058 denique,

499 4078 506 4082 ’
569 4079 651 4132 Ad
681 4091 878 4147 supera
907 4092 1131 4146 prorsus
1182 4078 1344 4133 tende
1383 4079 1531 4134 curis
1565 4080 1842 4136 omnibus.

469 4173 472 4176 ’
570 4169 812 4224 Plurima
846 4168 922 4222 ibi
954 4169 1070 4231 lux,
1102 4178 1156 4224 at
1201 4184 1362 4238 paena
1391 4185 1555 4239 porro
1595 4171 1929 4226 iudesinens.

572 4262 669 4317 llic
697 4262 960 4333 quidquid
993 4270 1095 4327 est,
1134 4261 1188 4316 id
1224 4278 1382 4326 aura,
1421 4262 1638 4330 fluctus,
1669 4266 1967 4322 somnium.

571 4356 838 4426 Liquatur
865 4369 1083 4418 aurum,
1111 4354 1232 4410 laus
1258 4356 1416 4425 perit,
1443 4355 1549 4411 alia
1579 4357 1830 4424 efﬂuunt,

571 4447 934 4517 Planctuque,
967 4447 1332 4518 lacrymisque
1359 4447 1450 4503 hic
1473 4448 1782 4506 redundant
1807 4452 2014 4508 omnia.

574 4538 720 4594 Cave
739 4555 807 4594 ne
830 4539 992 4594 inane
1021 4548 1233 4610 tempus
1262 4539 1405 4595 elabi
1437 4541 1608 4608 sinas,

575 4631 733 4700 Quod
763 4648 864 4689 nec
887 4642 1032 4688 retro
1063 4634 1263 4700 redire,
1285 4620 1392 4690 nec
1421 4633 1535 4688 falli
1559 4643 1758 4706 potest.

1017 4744 1183 4800 XXII.
1204 4777 1275 4788 -—-
1295 4745 1355 4800 In
1387 4747 1703 4802 mundanas.

578 4831 784 4889 Christi
817 4847 1082 4904 sequaces
1114 4835 1385 4890 mansueti
1414 4844 1469 4890 et
1496 4835 1710 4905 optimi,

579 4924 693 4980 Cur
715 4924 970 4980 efferatos
998 4928 1204 4982 mutuis
1243 4927 1552 4994 discordiis,

579 5017 714 5088 Ejus
737 5019 1072 5074 tremendam
1101 5035 1210 5074 non
1240 5021 1406 5090 pudet
1438 5021 1659 5076 domum
1688 5021 1940 5091 ingredi?

583 5110 947 5165 Sacrosancta
972 5111 1116 5166 dona
1143 5115 1422 5182 quomodo
1450 5113 1730 5168 Iibabitis?

582 5204 654 5257 At
679 5202 824 5258 enim
861 5213 916 5259 et
947 5201 1120 5259 Judas
1149 5205 1317 5275 impio
1349 5208 1614 5261 accedens
1651 5206 1799 5271 dolo,

582 5294 744 5351 Foris
773 5295 1040 5360 salutans,
1075 5295 1166 5350 sed
1196 5295 1382 5351 furens
1415 5297 1765 5362 intrinsecus,

584 5387 749 5443 Dirus
772 5387 1020 5459 magistri
1049 5388 1304 5444 venditor
1343 5391 1520 5460 patuit
1554 5391 1662 5444 sui.

585 5479 706 5536 lIuc
725 5496 856 5551 ergo
889 5497 959 5537 ne
983 5481 1106 5552 quis
1132 5482 1342 5538 hostem
1372 5484 1580 5538 habens
1612 5484 1840 5554 gradum
1873 5483 2008 5540 ferat
2035 5502 2047 5537 :

587 5570 867 5628 Macronis
899 5575 1072 5630 aciem
1101 5575 1309 5645 pectori
1341 5575 1569 5646 inﬁgens
1605 5593 1728 5644 suo,

587 5663 864 5720 Flammas
896 5681 1160 5735 perennes
1190 5666 1398 5736 praemii
1430 5666 1624 5723 referet
1659 5669 1794 5724 loco.

593 5755 719 5814 Ilaec
744 5774 845 5816 nos
876 5759 1130 5826 scientes,
1165 5762 1317 5818 valde
1343 5776 1588 5820 amemus
1620 5761 1874 5845 invicem;

2123 405 2169 458 Α
2208 396 2512 466 Ἐπισκοπὴ
2539 395 2648 465 γάρ
2681 394 2799 446 ἐστι
2826 391 2979 455 θείας
3007 390 3312 462 φροντίδος.

2197 490 2389 560 Φέροις
2421 489 2662 551 ἀνεκτῶς
2683 487 2782 554 τῆς
2812 485 3044 556 καμίνου
3075 484 3175 554 τὴν
3199 483 3397 551 φλόγα,

2213 582 2303 636 Ἐν
2330 581 2409 653 τῷ
2437 579 2713 650 δροσισμῷ
2735 580 2836 649 τῆς
2857 574 3310 648 ἁπευχαριστίας.

2215 671 2334 726 Ἰὼϐ
2357 673 2557 743 γένοιο,
2588 673 2716 736 τοὺς
2741 671 2951 725 ἐκείνου
2982 669 3098 739 φῶν
3127 669 3346 738 λόγους,

2214 769 2330 839 Ἐφ’
2363 762 2444 832 οἷς
2477 769 2743 839 ἁμαρτεῖν
2776 767 2878 820 οὐκ
2910 765 3081 836 ἀνῆκε
3110 763 3216 816 κᾶν
3242 762 3410 832 λόγῳ.

2202 860 2321 916 Κᾶν
2349 861 2395 914 δ’
2425 857 2493 914 αὖ
2527 859 2770 930 παρέλθῃ
2792 858 2874 922 τίς
2905 875 2987 921 σε,
3023 857 3096 928 μὴ
3124 855 3348 926 βλέψας,
3380 853 3531 921 σίγα,

2216 953 2307 1005 Ἐν
2338 954 2506 1006 πᾶσιν
2530 951 2694 1005 αἰνῶν
2722 954 2787 1022 τῇ
2827 951 2968 1004 κατὰ
2994 950 3186 1021 χρείαν
3215 948 3392 1002 δόσει’

2207 1045 2304 1098 Ἰν⁹
2335 1039 2396 1099 εὖ
2430 1043 2680 1116 παθήσῃς
2707 1044 2923 1114 σώματι
2955 1043 3095 1113 πρὸς
3115 1042 3368 1113 καρδίαν.

2591 1154 2698 1210 ΙΘ’.
2718 1186 2786 1198 -——
2802 1155 2906 1221 Εἷς
2931 1155 3070 1221 τοὺς
3096 1153 3364 1221 σκυτεῖς.

2209 1249 2572 1306 Πεδιλοποιῶν
2597 1247 2673 1314 ὡς
2699 1249 2921 1320 ἄριστος
2955 1251 2990 1321 ἡ
3015 1249 3209 1320 τὲχνηῐ

2222 1335 2546 1396 ’Δποστόλου
2578 1344 2687 1412 γάρ
2715 1342 2833 1394 ὲστι
2867 1341 3104 1406 Παύλου,
3137 1339 3233 1393 τοῦ
3263 1341 3429 1394 πάνυ.

2213 1437 2506 1507 Ζηλοῦντες
2531 1436 2696 1491 αὑτοῦ
2723 1439 2853 1502 τοὺς
2889 1437 3119 1510 ἱδρῶτας
3146 1437 3256 1491 τῶν
3280 1436 3488 1502 κόπων,

2214 1524 2448 1591 Δέξασθε
2483 1525 2700 1597 θερμῶς
2727 1528 2855 1591 τοὺς
2889 1527 3085 1591 πόνους
3114 1526 3454 1598 καθημέραν,

2225 1618 2314 1683 Ὡς
2343 1620 2571 1688 ἐργάται
2605 1619 2883 1692 Χριποῖο,
2903 1619 3068 1690 τῆσδε
3095 1621 3395 1691 φροντίδος.

2216 1713 2438 1784 Δέῥρεις
2463 1730 2524 1766 τε
2555 1711 2784 1784 βύρσας,
2819 1713 2894 1778 ῶς
2923 1714 3062 1781 δέον,
3088 1718 3442 1787 τετμηκότες,

2221 1805 2436 1858 Παλαιὰ
2464 1807 2934 1877 θιαινουργοῦντες,
2964 1807 3083 1861 εἶτα
3115 1810 3210 1862 καὶ
3239 1811 3353 1874 νέα,

2218 1895 2310 1968 Μὴ
2341 1897 2638 1970 νωθρότητι
2668 1899 2804 1970 πρὸς
2842 1901 3190 1972 παράχρησιν
3219 1903 3400 1972 λόγου,

2230 1987 2599 2057 Ῥιπτοῢντες,
2635 1993 2689 2045 εἴ
2717 2010 2768 2046 τι
2797 1992 2906 2046 τῶν
2943 1994 3109 2065 ριφῆς
3139 1995 3239 2049 οὐκ
3269 1997 3456 2063 ἀξίων,

2225 2082 2296 2136 Ἦ
2320 2082 2418 2155 τὴν
2448 2085 2619 2155 τομὴν
2650 2085 2910 2158 φέροντες
2941 2087 3206 2152 ἐλλειπῶς
3232 2089 3392 2160 ὓπερ.

2223 2173 2474 2228 Ἀπαντα
2511 2176 2622 2247 γὰρ
2656 2177 2934 2242 ποιοῦντες
2964 2180 3285 2251 ἀξιοχρέως,

2224 2266 2347 2320 Τῶν
2374 2267 2798 2340 μαρτυρούντων
2832 2269 3121 2334 ὲξανύσετε
3155 2271 3372 2343 δρόμον.

2575 2387 2662 2440 Κ’.
2685 2417 2756 2427 -
2771 2388 2876 2453 Εἰς
2901 2387 2971 2442 τὸ
3011 2390 3420 2458 κοιμητήριον.

2239 2478 2296 2532 '0
2317 2478 2440 2543 δοὺς
2461 2478 2553 2533 τὸν
2583 2477 2752 2533 ὕπνον
2777 2481 2966 2545 πᾶσιν,
2984 2482 3066 2545 εἰς
3095 2480 3290 2552 λύτρον
3317 2483 3522 2550 πόνων,

2227 2561 2436 2640 Ὦνπερ
2461 2570 2737 2640 παρέσχεν
2763 2571 2796 2641 ἡ
2822 2570 3048 2644 διαυγὴς
3080 2573 3283 2644 ἡμέρα,

2229 2663 2414 2732 Κάμοὶ
2441 2663 2750 2733 παράσχου,
2780 2664 2986 2735 Χριστέ
3019 2682 3145 2734 μου,
3171 2665 3307 2719 Θεοῦ
3338 2667 3504 2736 Δότε,

2230 2755 2446 2823 Κοῦφον
2475 2756 2564 2811 τὸν
2599 2755 2785 2821 ὕπνον,
2815 2758 2914 2829 ἡδὺ
2947 2760 3042 2812 καὶ
3065 2763 3202 2830 ταχὺ
3241 2761 3463 2832 δρόμον,

2230 2849 2635 2919 Φαντασμάτων
2667 2851 2766 2920 μὲν
2788 2851 2898 2904 τῶν
2925 2853 3110 2906 κακῶν
3140 2853 3466 2924 ὲξωσμένον,

2246 2939 2570 3013 Ὀνειράτων
2598 2941 2655 2995 δὲ
2685 2942 2795 2996 τῶν
2822 2943 3001 2998 καλῶν
3027 2945 3429 3016 πεπλησμένον.

2235 3031 2345 3084 Καί
2377 3031 2432 3102 μ’
2465 3032 2761 3104 ἐξέγειρον,
2803 3036 3278 3106 κρουσματοῦντος
3308 3035 3402 3090 τοῦ
3437 3037 3619 3102 ξύλου,

2157 3109 2204 3170 c
2247 3124 2581 3190 Ἀνέκλυτον,
2614 3126 2882 3198 σταθηρὸν
2909 3129 3160 3198 εὐθύμως
3181 3129 3346 3200 ᾄδειν,

2245 3219 2431 3272 Ίστῶν
2463 3219 2627 3283 πόδας
2657 3237 2759 3289 μου
2796 3222 3082 3293 καρτερῶς
3113 3225 3171 3275 ὲν
3205 3225 3430 3289 αἰνέσει,

2234 3312 2495 3384 Φρουρῶν
2517 3312 2643 3376 νόας
2675 3330 2774 3383 μου
2805 3313 3078 3385 δαιμόνων
3107 3315 3466 3386 πανουργίας,

3642 267 3800 330 1⁵188

2235 3404 2496 3458 Γλῶσσαν
2517 3405 2728 3476 τρανῶν
2753 3423 2855 3476 μου
2893 3406 3030 3476 πρὸς
3056 3407 3114 3460 τὸ
3146 3407 3373 3478 μέλπειν
3401 3407 3666 3473 εὐτόνως,

2235 3498 2332 3560 Εἰς
2358 3496 2514 3562 δόξαν
2543 3497 2708 3551 αἵνων
2737 3499 2832 3552 τοῦ
2865 3499 3126 3568 μεγίστου
3155 3517 3249 3551 σου
3279 3499 3516 3570 κράτους
3536 3513 3552 3529 ⁶

2238 3589 2427 3656 Ὅπως
2449 3591 2655 3654 τέλειος
2683 3592 3072 3665 νυκτερεύσας,
3102 3591 3198 3664 ὀρθ
3210 3592 3383 3663 ρίσας,

2238 3682 2314 3737 Τὸ
2346 3684 2462 3754 φῶς
2491 3684 2585 3738 ῐδω
2617 3701 2708 3738 σου
2740 3686 2851 3738 τῶν
2882 3684 3114 3739 ἐντολῶν
3143 3686 3404 3758 πρωῖθεν.

2441 3795 2574 3853 KA'.
2598 3798 2785 3864 -Εὶς
2809 3799 3150 3866 πλουσίους
3185 3799 3286 3853 καὶ
3313 3798 3598 3866 πένητας.

2244 3888 2382 3944 Ἵσθι
2407 3890 2492 3952 τίς
2515 3889 2612 3956 ὢν,
2643 3890 2918 3960 ἄνθρωπε,
2942 3894 3036 3945 καὶ
3068 3893 3120 3944 τί
3153 3909 3233 3945 σοι
3263 3893 3432 3962 μένει,

2244 3983 2395 4052 Ὄπη
2428 3985 2734 4053 παροικεῖς,
2771 3985 2864 4035 καὶ
2893 3985 3236 4053 μετασταίειν
3271 3985 3439 4056 ἔχεις,

2243 4073 2404 4138 Ὅλος
2435 4074 2602 4142 γίνοιο
2635 4075 2772 4144 πρὸς
2793 4075 2839 4128 τ’
2871 4076 2982 4129 ἄνω
3009 4079 3072 4148 τῇ
3103 4078 3363 4148 φροντίδι.

2243 4165 2456 4237 Πλῆρές
2490 4166 2543 4236 γ’
2573 4169 2692 4222 ἐκεῖ
2715 4168 2851 4238 φῶς,
2880 4167 3017 4222 ἀλλὰ
3042 4169 3138 4221 καὶ
3168 4170 3348 4240 κρίσις
3379 4169 3534 4240 ἄληξ.

2244 4258 2336 4329 Τῷ
2360 4258 2476 4330 τῇδ’
2496 4260 2524 4313 ὅ
2556 4259 2605 4315 τ’
2629 4259 2825 4326 εἴποις,
2857 4258 3022 4329 αὖρα,
3050 4259 3196 4332 ῥοῦς.
3223 4263 3319 4315 καὶ
3345 4263 3620 4330 νυκτόναρ

2245 4353 2458 4420 Χρυσὸς
2489 4353 2724 4424 χοοῦται,
2752 4354 2858 4420 δόξ’
2889 4354 3144 4419 ἀπανθεῖ,
3178 4350 3348 4408 τᾶλλα
3386 4358 3493 4427 ῥεῖ,

2176 4473 2220 4526 D
2247 4445 2576 4510 Πολύστονα,
2608 4445 2779 4517 θρηνη
2790 4446 2856 4516 ρὰ
2885 4447 3062 4502 πάντα
3090 4447 3336 4513 τάνθάδε,

2251 4536 2382 4606 Ἔχε
2417 4535 2734 4608 προσεκτῶς
2767 4538 2840 4607 μή
2868 4553 2927 4588 σε
2957 4536 3153 4610 κυλίσῃ
3183 4537 3391 4607 χρόνος,

2249 4622 2326 4683 Οὗ
2358 4629 2434 4702 μὴ
2458 4629 2622 4684 πάλιν
2645 4629 2924 4701 ἀγραιτον,
2960 4630 2994 4700 ἦ
3028 4630 3258 4684 παικτὸν
3285 4631 3460 4684 πέλει.

2670 4747 2800 4801 ΚΒ’.
2822 4748 3006 4810 -Εὶς
3030 4747 3385 4815 κου-μικοὺς.

2249 4839 2488 4910 Χριστοῦ
2523 4839 2778 4910 μαθηταὶ,
2809 4838 2903 4892 τοῦ
2933 4838 3097 4892 καλοῦ
3123 4839 3220 4892 καὶ
3248 4839 3474 4908 πραέος,

2250 4933 2429 5002 Μῆνιν
2460 4933 2715 5004 φέροντες
2753 4934 2832 4997 εἰς
2865 4931 3092 4995 ἑαυτοὺς
3122 4935 3242 4994 ταῖς
3277 4933 3501 5002 μάχαις,

2257 5025 2376 5086 [Ιῶς
2407 5027 2486 5089 εἰς
2511 5025 2572 5078 τὸ
2600 5023 2764 5078 αὐτοῦ
2796 5022 3006 5093 βαίνετε
3043 5023 3272 5094 φρικτὸν
3300 5023 3497 5094 δόμονς

2253 5115 2452 5188 Δώρων
2478 5116 2769 5184 πανάγνων
2802 5114 2920 5177 πῶς
2956 5112 3208 5184 μεθέξετε
3246 5112 3452 5180 ξένως;

2255 5209 2366 5261 Καὶ
2392 5207 2498 5279 μὴν
2533 5206 2732 5270 Ἰούδας
2761 5208 2790 5260 ὁ
2823 5205 3139 5277 προσελθὼν
3165 5208 3221 5258 ἐν
3246 5205 3405 5275 δόλῳ,

2254 5298 2429 5352 Φιλῶν
2455 5298 2554 5369 μὲν
2585 5299 2709 5366 ἔξω,
2743 5299 2948 5368 μηνιῶν
2977 5297 3034 5351 δὲ
3059 5300 3171 5360 τοῖς
3200 5297 3331 5373 ἔσω,

2261 5389 2439 5460 Ὠφθη
2471 5389 2719 5461 μαθητὴς
2745 5391 3044 5461 πεπρακὼς
3076 5389 3166 5442 τὸν
3197 5388 3493 5458 Δεσπότην.

2257 5482 2463 5554 Μηδεὶς
2493 5482 2739 5553 παρείτω
2767 5482 2957 5535 λοιπὸν
2992 5481 3283 5552 ἐχθρωδῶς
3315 5479 3474 5550 ἔχων,

2259 5576 2421 5645 Ξίφος
2445 5576 2566 5628 κατ’
2592 5573 2760 5628 αὑτοῦ
2788 5572 3048 5646 πηγνύων
3076 5576 3143 5644 τῇ
3175 5572 3395 5643 καρδία,

2259 5668 2487 5720 Αἰώνιον
2512 5666 2621 5737 πῦρ
2653 5667 2946 5739 ἀντίδωρον
2973 5666 3288 5736 λαμϐάνων.
3393 5731 3400 5735 ⁹

2262 5759 2484 5824 Γνόντες
2515 5761 2584 5814 τὰ
2626 5759 2772 5831 τῇδε,
2800 5758 3110 5831 προσφιλῶς
3138 5756 3353 5830 σχῶμεν
3380 5754 3552 5810 πάνυ.
