4122 6382
212 314 346 379 1789

686 431 816 488 Kl".
839 464 908 477 —
927 437 1033 502 Εἰς
1060 437 1288 506 ὀδίτην.

218 516 421 572 Ἐλθὼν
448 521 680 587 καθέζου
710 527 818 589 πᾶς
847 543 934 592 τις
963 527 1174 600 ὓϐρεως
1200 531 1352 603 δίχαο

207 609 341 664 Θεοῦ
370 611 478 683 γάρ
506 614 654 669 ἐστιν
677 612 826 680 οἶκος
859 617 1120 693 ἔνθαπερ,
1153 621 1298 691 φίλε.

208 702 461 773 Κρούσας
487 705 565 772 δὲ,
601 705 752 773 λέξον
778 711 978 775 αίτίαν,
1009 715 1132 767 καθ’
1156 715 1224 786 ἢν
1249 715 1438 787 πάρει,

210 793 354 864 Πρὸς
382 797 582 869 μικρὸν
609 796 740 855 αὖτε
773 804 1142 876 μακροθυμῶν
1169 807 1268 880 τὴν
1300 809 1489 878 φάσιν.

212 887 353 940 Εῖσω
382 889 437 942 δὲ
471 890 671 961 βαίνων
705 895 804 948 σὺν
836 897 986 968 φόϐῳ
1015 917 1075 952 τε
1101 901 1197 955 καὶ
1227 901 1404 974 πόθῳ,

209 978 300 1049 Τῷ
325 983 570 1055 Δεσπότῃ
601 1003 695 1040 σου
723 988 824 1052 τὰς
866 994 1175 1064 προσευχάς
1205 1013 1298 1050 σου
1335 997 1501 1054 δίδου.

210 1072 396 1142 Μηδὲν
427 1075 483 1128 δὲ
515 1078 691 1145 φάσκε
718 1081 827 1134 τῶν
870 1087 1116 1152 ματαίων
1143 1088 1238 1142 τοῦ
1273 1087 1416 1160 βίου,

209 1163 603 1236 Συντυγχάνων
632 1187 696 1239 γε
724 1175 838 1236 τοῖς
877 1176 1112 1244 φυγοῦσι
1136 1180 1228 1234 τὸν
1254 1181 1368 1251 βίον
1392 1199 1406 1213 ⁸

222 1253 361 1308 Ἀλλ’
389 1257 445 1309 εί
470 1275 524 1310 τι
561 1262 784 1330 σεμνὸν,
819 1263 876 1316 ετ
898 1283 953 1320 τι
978 1271 1213 1341 τερπνὸν
1255 1275 1314 1326 ὲν
1346 1273 1548 1344 λόγοις,

212 1347 308 1401 Ἰν*
341 1349 556 1419 εὐαγῶς
592 1353 828 1420 ἐνθένδε,
861 1359 954 1413 καὶ
988 1363 1293 1434 σωτηρίως,

209 1441 382 1495 Πάλιν
413 1449 730 1524 στροφήσῃς
755 1452 835 1516 είς
865 1453 938 1507 τὰ
971 1455 1150 1509 οἰκεῖα
1171 1457 1405 1528 τρέχων.

561 1645 688 1701 ΚΔ’.
715 1677 788 1690 --
815 1652 921 1717 Εἰς
950 1652 1093 1719 τοὺς
1125 1655 1472 1723 παριόντας.

210 1729 338 1796 Πῶς
366 1750 462 1787 σου
507 1742 719 1812 πορεύῃ
756 1741 854 1813 τὴν
885 1743 1026 1809 ὁδὸν,
1053 1746 1197 1813 φίλε,
1240 1746 1455 1800 σκόπει⁹

212 1821 324 1894 Τὴν
353 1833 664 1901 πρακτικὴν
693 1833 748 1885 δὲ
775 1833 1018 1901 λεκτέον,
1052 1838 1144 1891 καὶ
1174 1839 1467 1908 γνωστέον.

211 1916 486 1988 Κρημνοὶ,
515 1921 681 1993 λόχοι,
720 1925 968 1998 θήρατρα
1007 1931 1179 1985 πολλὰ
1207 1932 1303 1986 τοῦ
1339 1933 1573 1999 Πλάνου,

213 2008 295 2061 Τὰ
321 2010 378 2062 δὲ
409 2011 616 2078 φθόνοι,
655 2016 912 2084 γέλωτες,
943 2018 1161 2092 ὕϐρεως
1186 2023 1362 2095 κόροι,

213 2099 468 2170 Πορνεία,
497 2104 640 2172 δόξα,
675 2111 974 2181 χρημάτων
1008 2112 1168 2184 ἔρως,
1198 2115 1372 2184 φόνοι,

213 2189 390 2261 Μέθη,
422 2193 616 2266 κλοπὴ,
652 2199 889 2268 μοιχεία,
919 2204 1012 2254 καὶ
1058 2206 1166 2256 πᾶν
1196 2205 1322 2258 ἄλλο
1365 2225 1438 2271 τι,

213 2282 306 2354 Μὴ
339 2291 661 2359 προσπαρῇς
692 2307 817 2356 που,
849 2291 924 2364 μὴ
953 2294 1130 2366 πέσῃς
1177 2297 1381 2366 πτῶμα
1418 2297 1563 2369 μέγα
1595 2299 1644 2354 ιι.

215 2374 334 2428 Κᾶν
359 2380 728 2452 συμϐέϐηκεν,
757 2383 1030 2450 ὲξανάστα
1075 2387 1154 2455 τῷ
1183 2390 1372 2459 τάχει⁶

228 2466 384 2521 Ἐπεὶ
413 2472 583 2543 πυρὸς
613 2474 734 2545 δίκη
762 2493 822 2529 σε
868 2479 1170 2549 παμφάγου
1207 2483 1378 2553 μένει.

430 2561 560 2620 KE'.
593 2594 665 2605 --
704 2566 1076 2640 Ἐπίγραμμα
1106 2574 1194 2638 εἰς
1227 2573 1343 2643 τὴν
1359 2575 1579 2646 μονήν.

219 2651 521 2723 Προαύλιον
539 2657 755 2729 πέφηνα
773 2662 1010 2732 ποίμνης
1042 2665 1251 2729 αίσίας.

221 2744 326 2797 Τοῦ
358 2751 692 2818 φεροταγοῦς
722 2762 744 2790 ο
774 2753 882 2824 γάρ
915 2756 1030 2824 εἰμι
1068 2758 1550 2829 φωτοπροδρόμου,

222 2837 359 2924 (lia;
384 2836 412 2877 (ι
435 2839 666 2909 λογικῶν
693 2844 1026 2915 θρεμμάτων
1070 2848 1488 2924 πεπλησμένης,

224 2919 328 2983 Ὧν
358 2931 473 3002 βίος
496 2933 653 3000 ἄζυξ,
687 2929 762 2990 ὧν
794 2937 950 3001 πόλις
979 2939 1150 3009 ὕψους
1192 2943 1375 3006 πόλος,

225 3013 326 3074 Ὠν
353 3024 459 3087 πᾶς
487 3025 715 3089 ἕκαστος
736 3029 830 3081 καὶ
857 3029 1049 3094 καθεὶς
1082 3029 1228 3098 ἅπαξ
1260 3033 1434 3104 πόθῳ,

225 3106 325 3166 Ὧν
354 3107 560 3181 οὗτινός
585 3135 638 3171 τι
669 3119 762 3172 τοῦ
801 3137 865 3190 γε
910 3123 1130 3178 πάντων
1159 3126 1478 3196 κτημάτων.

225 3206 444 3278 Κλῆρος
483 3209 591 3281 γὰρ
617 3213 804 3274 αὐτοῖς
832 3215 865 3283 ή
897 3214 1031 3268 Θεοῦ
1075 3217 1262 3287 σχέσις
1293 3217 1458 3289 μόνηέ

235 3295 327 3361 Ὠς
347 3299 612 3372 ἀσφαλὴς,
643 3302 719 3366 ὡς
747 3303 937 3368 ἐσθλὸς
984 3305 1213 3376 ἥνυσται
1241 3306 1462 3378 δρόμος,

226 3389 348 3443 Τῶν
376 3391 733 3456 κοινοϐιακῶς
767 3397 1063 3466 πανταχῶς
1110 3397 1408 3468 ὲζηκότων.

509 3563 515 3569 ⁸
595 3485 740 3552 KG".
772 3517 842 3528 —
864 3490 968 3553 Εἰς
998 3488 1107 3541 τὸν·
1127 3491 1429 3557 πυλωρόν.

230 3573 381 3626 Ἐσω
419 3579 711 3648 παρεστὼς
733 3575 993 3648 ἔνθαπερ,
1019 3571 1408 3651 τέκνον,⁴φόϐῳ
1432 3593 1446 3608 ·

227 3666 382 3737 Πύλη
415 3667 526 3738 γάρ
554 3669 674 3721 ἐστι
703 3668 856 3733 θείας
880 3670 1233 3734 είσοδεξόδου.

232 3758 408 3821 Δίδου,
439 3759 616 3829 δέχοιο
647 3760 747 3825 τὰς
768 3762 960 3831 φάσεις
987 3764 1046 3815 ὲν
1073 3763 1380 3834 συγκρίσει,

232 3849 496 3918 Ἀγγέλλε
517 3851 693 3906 ταῦτα
731 3852 840 3906 τῶν
867 3855 969 3908 ὅσα
997 3855 1208 3926 πρέπον
1236 3856 1420 3924 φάναι,

229 3941 364 4010 Σίγα
393 3941 437 3994 δ’
462 3944 650 3996 ἐκεῖνα
679 3944 788 3997 τῶν
821 3946 922 3999 ὅσα
955 3946 1161 4019 βλάϐην
1193 3947 1373 4019 φέρει,

229 4031 352 4096 Τοῖς
383 4033 552 4098 ἔνδον,
581 4033 706 4102 ἔξω,
739 4036 842 4091 κᾶν
879 4039 1152 4108 ἀδελφοῖς,
1190 4039 1293 4092 κᾶν
1331 4037 1522 4104 ξένοις,

228 4122 462 4190 Κλείιόν,
496 4125 729 4193 ἀνοίγων
759 4127 890 4197 πρὸς
918 4128 976 4182 δὲ
1015 4130 1224 4200 καιρὸν,
1252 4124 1333 4194 οἷς
1367 4130 1620 4199 πρέπειν.

228 4213 437 4286 Πτὼχῳ
459 4233 518 4268 τε
548 4217 738 4286 χρείαν
788 4222 974 4288 νεῖμον
998 4236 1013 4252 ’
1039 4221 1088 4274 εἰ
1117 4220 1173 4274 δὲ
1211 4221 1308 4292 μὴ,
1344 4221 1522 4291 λόγον.

227 4306 416 4371 Οὕτως
446 4310 558 4380 γὰρ
587 4309 728 4375 ἕξεις
757 4311 948 4380 μισθὸν
977 4315 1034 4366 ἐν
1072 4317 1437 4385 παραστάσει.

299 4396 425 4452 ΚΖ’.
455 4429 528 4440 --
549 4402 653 4469 Εἰς
683 4402 1098 4492 ἀπερχόμειγον
1137 4405 1404 4476 ἀδελφὸν
1418 4409 1504 4474 εἰς
1526 4407 1720 4462 6mm-

933 4491 1094 4529 νιαν.

226 4559 364 4630 Πρὶν
395 4560 706 4634 ὲκπορεύσῃ
734 4562 834 4636 τὴν
853 4564 1029 4638 πύλην
1049 4567 1286 4642 ταύτην,
1311 4568 1490 4633 τέκος,

228 4649 505 4720 Σφραγῖδα
537 4654 796 4724 προσθεὶς
833 4657 914 4720 είς
943 4657 1090 4712 ἅπαν
1126 4659 1323 4729 μέλους
1346 4662 1514 4715 τόπον
1533 4677 1547 4693 ο

233 4742 340 4796 Ἴθι
367 4743 504 4812 πρὸς
528 4745 710 4816 ἇσπερ
733 4747 1408 4821 ὲξεπέμφθηςφροντίδας,

230 4833 399 4888 Κάτω
428 4836 696 4901 νενευκὼς
722 4840 1093 4911 ἐξωθούμενος
1126 4841 1351 4912 βλάϐας,

229 4926 480 4996 Ψαλμδν,
515 4932 821 5003 προσευχὴν
854 4937 976 4988 ταῖν
1005 4936 1150 4990 δυοῖν
1188 4935 1245 4987 ἒν
1283 4934 1622 5007 προσλέγων,

230 5019 337 5082 Τὰς
363 5019 686 5084 ἀστικώδεις
715 5023 1082 5095 ὲξωθούμενος
1114 5027 1336 5098 βλάϐας.

228 5113 456 5180 Φεύγοις
483 5113 699 5181 γυναιξὶ
723 5119 1115 5188 συστραφῆναι,
1138 5120 1240 5176 κᾶν
1265 5121 1404 5194 τύχῃ
1430 5135 1446 5151 ⁸

231 5205 502 5275 Στραφεὶς
529 5205 586 5259 δὲ
614 5207 770 5278 τάχει
801 5209 901 5280 τῆς
925 5213 1092 5282 μονῆς
1133 5213 1264 5266 εἴσω
1292 5215 1442 5283 μένε,

230 5295 322 5365 Μὴ
343 5294 530 5368 ὥσπερ
570 5299 722 5368 ἰχθὺς
742 5299 900 5364 ἄλλος
935 5313 958 5340 ε
988 5301 1189 5369 ἔξωθεν
1228 5305 1415 5377 θάνῃς.

233 5382 367 5438 KH’.
395 5414 466 5428 —
493 5387 598 5454 Εἰς
626 5389 1088 5514 ὑποστρέφονὶτα
1127 5392 1394 5463 ἀδελφὸν
1435 5395 1552 5450 ἀπὸ
1597 5397 1800 5454 dumo-

962 5477 1000 5514 ν
1025 5478 1118 5514 ac.

962 5477 1118 5527 νιας.

233 5542 404 5598 Πάλιν
433 5548 764 5618 στροφήσας,
788 5548 998 5617 τέκνον,
1033 5551 1099 5604 ἐκ
1123 5553 1222 5624 τῆς
1253 5557 1552 5627 φροντίδος,

1718 335 1960 399 ΙΑΜΒΙ.

1807 448 1863 510 Α

3322 324 3455 391 1790

2330 445 2519 502 XXIll.
2545 475 2617 491 --
2644 443 2710 498 In
2742 445 3014 498 viatorem.

1884 540 2080 597 Procul
2109 539 2308 610 hospes
2337 553 2556 593 omnem
2584 537 2722 608 pelle
2747 533 3175 591 contumeliam:

1886 631 1982 686 Est
2001 646 2158 687 sacra
2183 632 2341 687 sedes
2369 645 2532 701 quam
2555 629 2714 700 petis,
2751 627 2948 682 domus
2981 625 3100 680 Dei.

1883 721 2181 788 Pulsando,
2211 737 2454 784 causam,
2488 736 2587 776 cur
2617 722 2794 785 venis,
2828 719 3092 783 edissere,

1885 812 2187 885 Responsa,
2213 823 2334 886 post
2361 816 2493 881 haec,
2527 813 2776 884 opperire
2800 812 3106 882 paululum.

1884 906 2021 962 Cum
2056 907 2222 962 limen
2256 907 2453 971 intras,
2484 906 2648 960 misto
2673 919 2862 958 amore
2885 919 3009 958 cum
3049 910 3216 968 metu,

1887 997 2157 1052 Solvenda
2189 997 2428 1067 primum
2460 1004 2583 1051 vota
2615 995 2696 1050 fer
2727 995 2957 1048 Domino
2988 994 3230 1048 omnium
3265 1012 3280 1049 :

1886 1087 2090 1144 Deinde
2117 1104 2252 1144 cave
2284 1090 2478 1144 inanes
2505 1087 2690 1143 saeculi
2735 1103 2909 1158 nugas
2947 1087 3094 1157 loqui
3127 1104 3142 1140 :

1886 1179 2071 1245 Nefas,
2103 1177 2322 1249 fugaces
2351 1194 2476 1233 cum
2508 1177 2809 1247 alloquaris
2837 1177 3022 1232 saeculi
3053 1194 3067 1230 :

1890 1274 1996 1328 Sed
2019 1288 2251 1344 qumque
2279 1273 2532 1337 honesta,
2555 1286 2786 1342 quaeque
2817 1270 2964 1326 dictu
3003 1270 3211 1335 suavia,

1887 1361 1984 1426 Da,
2016 1361 2204 1426 redde,
2229 1362 2395 1416 verba
2433 1362 2682 1432 singulis,
2725 1368 2787 1415 ut
2815 1361 3109 1416 convenit:

1888 1453 1961 1510 Ut
1990 1455 2301 1511 sanctitatis
2338 1470 2402 1510 ac
2429 1445 2621 1510 salutis
2643 1453 2869 1523 praemio

1885 1547 2120 1613 Auctus,
2148 1557 2372 1619 penates
2397 1548 2594 1602 melior
2628 1547 2758 1600 hinc
2781 1554 2999 1616 repetas
3033 1554 3179 1600 tuos.

2299 1639 2487 1696 XXIV.
2514 1639 2669 1693 -In
2697 1649 3092 1708 praetereuntes.

1888 1731 2138 1798 Attende,
2170 1731 2366 1797 amice,
2394 1731 2489 1801 qui
2519 1740 2666 1784 tuam
2693 1745 2884 1799 carpas
2905 1729 3071 1795 viam,

1814 1809 1862 1867 Β
1897 1828 2069 1896 Viam,
2093 1844 2161 1884 ne
2189 1828 2432 1893 aberres,
2464 1827 2740 1882 actionum
2776 1825 3036 1897 intelligo.

1888 1922 2154 1992 Abrupta,
2189 1921 2392 1992 laquei,
2428 1921 2676 1991 plurima:
2705 1919 2791 1973 hic
2817 1917 3034 1973 fraudes
3059 1917 3248 1972 Plani:

1888 2014 2118 2080 Invidia,
2148 2015 2313 2080 risus,
2340 2013 2630 2082 multiplex
2669 2011 2896 2082 injuria,

1889 2107 2102 2175 Libido,
2138 2108 2316 2164 laudis
2341 2118 2396 2162 et
2428 2123 2594 2176 opum
2631 2121 2805 2174 amor,
2829 2106 3028 2172 caedes,
3053 2120 3283 2165 merum,

1890 2203 2123 2273 Rapina,
2157 2201 2509 2266 adulterium,
2534 2209 2590 2256 et
2615 2201 2758 2270 quod
2786 2209 2870 2254 est
2899 2214 3132 2270 usquam
3170 2199 3320 2253 mali.

1891 2294 2127 2351 Deﬂecte
2161 2295 2353 2366 procul
2389 2294 2494 2357 his,
2523 2309 2592 2348 ne
2621 2293 2771 2365 gravi
2807 2293 2962 2362 lapsu
2998 2307 3146 2346 ruas.

1891 2387 1948 2444 Si
1977 2389 2168 2445 cadere
2195 2388 2444 2458 contigit,
2467 2387 2616 2457 erige
2640 2387 2912 2454 extemplo
2935 2385 3166 2456 gradum
3200 2402 3215 2438 :

1890 2481 2029 2538 Nam
2060 2493 2113 2538 te
2141 2481 2356 2536 voracis
2391 2479 2660 2550 supplicia
2694 2479 2927 2533 flammae
2957 2485 3197 2532 manent.

2090 2575 2260 2631 XXV.
2289 2605 2361 2616 —
2389 2573 2732 2644 Epigramma
2764 2573 2820 2625 in
2847 2571 3249 2624 monasterium.

1893 2670 2083 2742 Gregis
2123 2669 2387 2739 auspicati
2414 2668 2538 2738 jure
2577 2682 2663 2722 me
2695 2669 2906 2722 caulam
2934 2678 3120 2719 voces.

1896 2763 2029 2817 Sum
2053 2778 2292 2832 namque
2324 2761 2500 2816 lucem
2531 2757 2826 2830 praeeuntis
2853 2755 3161 2822 Prodromi,

1895 2853 2103 2910 Ovibus
2142 2853 2340 2909 referta
2371 2850 2572 2906 mentis
2592 2865 2698 2905 usu
2727 2847 2990 2920 praeditis,

1895 2946 2063 3014 Queis
2092 2945 2200 3000 vita
2230 2944 2446 3008 cwlebs,
2479 2942 2672 2997 civitas
2703 2955 2922 2996 sursum
2950 2944 3034 2992 est
3063 2935 3244 3007 polus.

1895 3037 2214 3094 Communis
2237 3049 2430 3091 omnes
2459 3035 2628 3088 nectit
2651 3047 2806 3086 amor
2833 3046 2896 3085 ac
2923 3028 3185 3098 singulas,

1825 3167 1868 3224 ο
1898 3129 2229 3200 Nullumque
2253 3128 2510 3196 cuiquam
2535 3125 2817 3194 proprium
2850 3131 2935 3176 est
2963 3119 3257 3190 peculium,

1904 3223 2007 3278 Sed
2049 3238 2154 3276 una
2183 3221 2396 3276 cunctis
2418 3233 2563 3282 sors,
2594 3216 2690 3270 Dei
2717 3213 3012 3284 possessio.

1901 3315 2075 3380 Quam
2107 3321 2258 3367 tutus
2289 3311 2420 3374 illis,
2456 3323 2623 3380 quam
2650 3307 2789 3361 levis
2809 3320 3004 3360 cursus
3049 3301 3192 3369 fluit,

1899 3403 2003 3471 Qui
2033 3403 2362 3459 cmnobiacis
2391 3401 2603 3470 legibus
2642 3398 2810 3453 vitam
2853 3403 3050 3466 regunt

2322 3491 2514 3547 XXVI.
2539 3522 2611 3534 -
2639 3489 2705 3544 In
2733 3489 3050 3559 janitorem.

1897 3583 2019 3654 Jugi
2047 3599 2144 3654 per
2175 3584 2339 3638 horas
2366 3580 2599 3644 excuba,
2631 3579 2730 3644 ﬁli,
2759 3585 2941 3632 metu:

1900 3675 2013 3730 Hac
2043 3688 2198 3728 sacer
2221 3671 2402 3726 aditus
2430 3678 2514 3724 est
2537 3668 2832 3736 exitusque
2863 3663 3050 3732 ianua.

1900 3764 2066 3833 Cape,
2100 3763 2264 3817 redde
2290 3777 2477 3825 voces,
2510 3775 2617 3830 qua
2644 3759 2800 3814 decet
2843 3755 3154 3826 prudentia,

1814 3896 1816 3899 -
1900 3855 2028 3910 llaec
2049 3854 2166 3910 sola
2188 3853 2450 3914 referens,
2483 3851 2730 3904 nuntiari
2771 3865 2893 3918 quae
2917 3849 3103 3919 juvet:

1900 3946 2123 4001 Diversa
2147 3943 2338 4008 retice,
2359 3943 2516 4013 queis
2547 3942 2735 3996 subest
2760 3941 3087 4010 periculum,

1899 4037 2074 4103 lntus,
2113 4038 2376 4107 forisque,
2409 4034 2747 4095 domesticis,
2774 4032 3081 4098 extraneis,

1899 4131 2188 4195 Claudens,
2220 4128 2470 4198 aperiens
2496 4125 2749 4196 tempori,
2778 4141 2878 4180 ceu
2917 4123 3190 4180 convenit.

1901 4224 2214 4293 Stipemque
2229 4236 2402 4291 egeno
2429 4219 2632 4284 divide,
2659 4227 2755 4273 aut
2784 4218 2965 4273 verbis
2998 4215 3142 4272 fave.

1900 4312 1996 4367 Sic
2021 4311 2114 4366 tibi
2138 4319 2328 4381 parata
2359 4318 2575 4364 mortuo
2603 4323 2812 4363 merces
2850 4308 2974 4362 erit.

1895 4403 2114 4458 XXVII.
2143 4435 2214 4446 —
2234 4401 2298 4457 In
2343 4401 2568 4472 fratrem
2595 4384 2685 4483 qui
2725 4399 3088 4468 proﬁciscitur
3115 4396 3184 4451 ad
3233 4398 3472 4453 ministe-

2603 4486 2764 4524 rtum.

1901 4566 2024 4630 Fili,
2061 4565 2378 4636 priusquam
2404 4562 2651 4634 proferas
2681 4562 2840 4618 tectis
2865 4559 3081 4632 pedem,

1897 4659 2089 4715 Crucis
2127 4659 2265 4724 adde
2294 4657 2557 4712 membris
2583 4656 2844 4710 omnibus
2870 4655 3210 4724 signaculum
3242 4671 3256 4708 :

1899 4746 2038 4804 Tum
2068 4763 2228 4819 perge
2257 4756 2408 4802 recta
2439 4745 2705 4816 quidquid
2737 4752 2821 4800 est
2844 4759 2956 4813 quo
2983 4745 3236 4808 mitteris,

1899 4839 2184 4909 llumoqne
2210 4841 2376 4895 fixum
2416 4855 2622 4911 pronus
2652 4837 2905 4892 obtutum
2941 4851 3087 4907 gere,

1897 4931 2162 4998 Psalmos,
2195 4947 2492 5002 precesque
2527 4938 2712 4984 mutua
2739 4929 3014 4984 alternans
3041 4929 3156 4984 vice
3182 4943 3198 4984 :

1898 5023 2164 5078 lmmunis
2192 5032 2252 5076 ut
2274 5023 2351 5078 sis
2383 5021 2588 5076 urbicis
2618 5021 2897 5090 periculis.

1897 5115 2045 5185 Fuge
2067 5115 2349 5169 obviantes
2370 5112 2663 5168 convenire
2696 5111 2930 5167 feminas
2959 5128 2973 5164 :

1896 5206 2028 5264 Post
2065 5209 2178 5262 haac
2207 5221 2459 5261 reversus
2486 5205 2662 5266 ocius,
2695 5204 2842 5259 domi
2878 5218 3057 5267 mane,

1899 5299 1976 5355 Ne
2006 5314 2160 5354 more
2195 5297 2361 5368 piscis
2391 5305 2544 5352 extra
2571 5311 2769 5365 aquam
2797 5311 2920 5350 mox
2944 5295 3183 5350 occidas.

1895 5389 2140 5446 XXVlll.
2189 5421 2258 5432 --
2299 5389 2363 5444 1η
2410 5389 2635 5459 fratrem
2684 5388 2774 5469 qui
2839 5388 3130 5442 revertitur
3162 5403 3192 5440 a
3228 5387 3455 5442 ministe-

2652 5474 2752 5513 ΠΟ.

1895 5551 2069 5624 Opere
2098 5561 2316 5623 peracto
2353 5567 2477 5608 cum
2519 5552 2682 5619 redis,
2716 5549 2814 5621 Illi,
2851 5551 3095 5620 domum,

1472 5667 1702 5723 νΑιιιΑς
1742 5661 2148 5722 LECTIONES.

306 5751 334 5792 δ
357 5751 488 5810 Cod.
521 5754 652 5826 Reg.
697 5754 867 5820 ξένον.

949 5770 970 5798 ο
1004 5758 1138 5815 Cod.
1166 5759 1297 5832 Reg.
1337 5761 1662 5835 προταγοῦς.
1737 5761 1764 5804 d
1785 5761 1917 5818 Cod.
1949 5758 2082 5830 Reg.
2117 5757 2286 5824 λείας.

2387 5769 2409 5797 ο
2452 5757 2492 5828 ί.
2523 5757 2670 5822 ἁλός.

4111 2281 4113 2368 l

4111 2443 4113 2518 ἰ

4111 2521 4113 2602 l
