4122 6382
651 259 782 324 1791

643 372 715 426 lit
745 369 1015 432 membra,
1047 379 1283 426 mentem
1315 370 1397 424 sic
1431 385 1623 440 vagam
1661 369 1942 440 recollige,

641 465 810 517 Inane
835 469 896 516 ut
921 461 1068 516 intro
1095 461 1172 516 nil
1206 462 1351 516 feras
1383 462 1752 529 extrinsecus,

642 555 747 609 Sed
779 553 965 625 gravia
995 562 1232 614 tantum.
1261 568 1362 608 nec
1399 553 1505 608 nisi
1533 553 1864 608 rectoribus.

639 649 784 702 Cave
813 662 942 718 ergo
983 646 1172 702 mundi
1197 646 1382 704 futiles
1409 663 1582 718 nugas
1621 646 1792 718 loqui,

641 739 787 805 Vidi,
819 741 1052 805 comedi,
1079 748 1193 793 tum
1223 739 1327 793 hoc
1353 748 1408 794 et
1443 740 1577 794 illud
1613 740 1826 808 incidit,

639 832 750 886 Aut
780 831 896 886 haec
926 841 981 886 et
1007 831 1098 888 illa
1137 830 1234 885 tihi
1257 830 1347 885 hic
1370 831 1454 886 vel
1480 831 1570 886 ille
1593 832 1831 886 nuntiat.

638 924 773 978 Nam
798 924 844 978 si
876 923 1034 978 hisce
1060 923 1224 978 dictis
1251 924 1559 993 proximum
1602 924 1965 991 subverteris,

641 1015 789 1070 Diris
821 1015 1103 1084 propheta!
1133 1014 1426 1080 obnoxius,
1450 1030 1640 1084 poenas
1665 1017 1841 1072 dabis.

932 1105 1122 1164 XXIX.
1152 1137 1224 1150 -—
1245 1105 1311 1161 1η
1343 1107 1656 1176 hospitalem
1694 1110 1908 1166 domum

636 1193 755 1263 Eia,
797 1196 1055 1266 hospitali
1088 1199 1289 1254 lectulo
1319 1201 1616 1266 succedite,

635 1287 775 1342 Boni
809 1289 1046 1353 viantes,
1076 1307 1218 1360 quos
1250 1292 1347 1346 via:
1375 1292 1540 1363 fregit
1571 1294 1726 1350 labor
1753 1311 1768 1350 :

635 1378 733 1434 llis
759 1394 857 1436 vos
893 1383 1097 1436 reiicite
1128 1383 1333 1438 lautius
1356 1400 1480 1454 qua:
1510 1384 1747 1454 praebeo,

633 1469 812 1541 Fruge
833 1474 1071 1543 expetita
1100 1475 1284 1530 cordis
1313 1477 1380 1530 ad
1407 1477 1691 1541 solatium,

640 1561 884 1633 Vinoque
912 1565 1060 1620 dulci
1094 1567 1397 1635 proﬂuente
1424 1568 1674 1639 largiter,

633 1654 702 1710 Et
724 1667 896 1723 veste,
917 1653 1083 1714 'vires
1112 1675 1236 1729 quae
1268 1661 1522 1716 retundat
1551 1661 1795 1732 frigoris.

633 1747 761 1805 llzec
783 1759 933 1814 sunt,
965 1751 1150 1816 amici,
1189 1768 1312 1822 qua:
1347 1751 1699 1823 Theognosto
1728 1757 1889 1821 mihi,

633 1840 715 1894 Ex
739 1841 980 1897 conditis
1007 1858 1233 1898 suarum
1262 1843 1609 1902 inexhaustis
1632 1861 1821 1917 apum,

631 1935 805 2004 Opum
835 1935 1071 1990 tributor
1096 1951 1192 1990 rex
1220 1952 1378 1993 meus
1404 1938 1660 1994 Christus
1682 1940 1855 2000 dedit.

631 2025 712 2078 Illi
739 2041 871 2097 ergo
902 2035 1084 2097 grates
1115 2028 1212 2098 qui
1242 2029 1432 2084 orbem
1465 2031 1562 2086 alit
1593 2033 1886 2101 persolvite
1912 2052 1927 2089 :

633 2117 763 2170 Mihi
794 2125 880 2172 sat
908 2133 1208 2188 superque,
1240 2119 1286 2174 si
1314 2135 1506 2190 preces
1534 2123 1854 2192 rcpenditis,

631 2204 702 2260 Ut
734 2206 1024 2277 hospitalis
1053 2225 1152 2280 pro
1183 2210 1389 2266 laboris
1416 2228 1666 2280 munere,

629 2300 689 2356 In
721 2302 1017 2358 Abrahami
1050 2319 1357 2376 consequar
1381 2309 1507 2363 sinu
1539 2309 1743 2365 locum.
1847 2307 1851 2310 λ

957 2395 1125 2452 XXX.
1160 2427 1232 2440 —
1260 2399 1328 2454 In
1359 2411 1576 2460 sanctas
1613 2405 1895 2475 imagines.

628 2482 829 2540 Christi
859 2499 944 2542 est
979 2489 1180 2560 imago,
1212 2504 1378 2561 quam
1410 2493 1583 2560 vides,
1616 2505 1782 2567 atque
1814 2498 1928 2554 haec
1972 2497 2069 2554 tibi

631 2575 866 2632 Dicenda
901 2578 1155 2638 Christus
1181 2582 1319 2652 ipsa,
1352 2600 1540 2640 verum
1575 2588 1923 2662 homonyme.

629 2666 832 2724 Natura
855 2670 1044 2741 dispar
1069 2682 1174 2738 est,
1202 2676 1346 2734 idem
1392 2679 1746 2738 vocabulum.

632 2763 921 2834 Utriusque
943 2767 1124 2824 cultus
1156 2769 1324 2834 idem,
1368 2772 1561 2828 eadem
1595 2775 1867 2833 adoratio.

627 2854 776 2910 Hanc
807 2872 938 2927 ergo
967 2859 1163 2915 adorat
1200 2862 1474 2933 quisquis,
1511 2875 1569 2923 et
1607 2867 1886 2928 Christum
1910 2874 2060 2930 colit.

625 2947 728 3012 Qui
758 2963 866 3002 non
894 2950 1106 3017 adorat,
1139 2951 1282 3008 idem
1311 2964 1365 3010 et
1392 2955 1513 3026 ejus
1538 2959 1716 3016 hostis
1742 2972 1847 3018 est.

624 3038 794 3108 Cujus
822 3040 1052 3112 ﬁguram
1076 3047 1282 3112 carnis,
1307 3061 1627 3118 expressam
1665 3061 1817 3125 typo,

623 3129 764 3200 Coli,
799 3131 988 3190 furore
1025 3138 1229 3194 mentis
1261 3139 1458 3200 insano
1493 3151 1661 3202 vetat.

1164 3229 1360 3286 XXXI.
1382 3266 1450 3278 -—-
1471 3234 1652 3292 AIiud.

620 3315 680 3373 Si
705 3333 906 3388 corpus
937 3322 1115 3391 ipsum
1147 3326 1350 3382 Christi
1374 3329 1648 3386 edendum
1673 3335 1966 3403 sumimus,

620 3407 758 3464 Vita:
786 3423 1076 3480 parentem
1095 3417 1475 3480 combibentes
1499 3425 1822 3494 sanguinem
1851 3445 1868 3495 ;

619 3499 828 3556 Pictum
863 3504 918 3558 in
950 3506 1142 3561 tabella
1171 3523 1272 3565 cur
1299 3511 1456 3569 nefas
1490 3518 1800 3585 ostendere,

619 3590 790 3662 Cujus
817 3595 997 3666 reipsa
1029 3613 1231 3670 corpus
1255 3602 1436 3674 eIIingi
1473 3609 1694 3676 potest?

618 3681 754 3780 11am
789 3695 1060 3780 quatenus
1094 3691 1330 3762 simplex
1356 3697 1610 3766 quidem,
1647 3717 1756 3758 non
1803 3707 2084 3780 pingitur:

620 3773 715 3831 Sic
747 3791 988 3848 namque
1018 3779 1160 3838 Deus
1190 3790 1294 3849 est,
1324 3787 1447 3855 capi
1475 3787 1597 3846 loco
1629 3773 1840 3864 nequit.

616 3865 688 3956 At
718 3879 992 3938 quatenus
1027 3884 1270 3930 nostram
1303 3876 1482 3936 induit
1517 3884 1907 3956 substantiam,

617 3955 796 4013 Homo
818 3969 922 4025 est,
951 3970 1006 4016 et
1031 3962 1121 4018 illa
1144 3973 1300 4034 parte
1321 3968 1826 4042 circumscribitur,

616 4045 878 4139 ljaturam
902 4061 1192 4126 utramque
1213 4058 1317 4114 rite
1337 4060 1630 4122 discretam
1663 4083 1878 4139 gerens,

618 4135 850 4210 Unaque
883 4151 1146 4201 constans
1175 4149 1512 4219 sempiterna
1547 4135 1848 4226 hypostasi.

615 4230 938 4303 Quicunque
968 4233 1149 4292 Verbo
1191 4242 1366 4298 reddit
1400 4245 1486 4301 his
1515 4249 1724 4305 cultum
1765 4254 1970 4320 modis,

613 4321 917 4380 Germanus
943 4327 1034 4383 ille
1062 4329 1227 4388 fanus
1266 4343 1349 4390 est
1378 4336 1653 4397 Ecclesiae.

614 4416 720 4482 Qui
753 4419 919 4474 sentit
944 4419 1121 4486 aliter,
1150 4437 1181 4477 a
1208 4422 1320 4480 Deo
1346 4442 1573 4487 aversus
1623 4448 1826 4492 manet.

1161 4512 1376 4572 XXXII.
1407 4551 1476 4562 —
1500 4523 1687 4582 Aliud.

611 4599 846 4658 Pictoris
869 4611 986 4660 arte
1015 4608 1336 4677 perpolitam
1366 4610 1681 4684 imaginem,

611 4693 774 4748 Omni
803 4695 1059 4752 decoram
1090 4699 1262 4770 gratia
1289 4707 1383 4773 qui
1409 4707 1658 4772 cernitis,

612 4784 919 4855 Spectando
945 4788 1181 4846 fructum
1202 4809 1363 4862 quem
1391 4796 1544 4853 decet
1575 4799 1870 4874 decerpite,

608 4877 978 4952 Animumque
1008 4898 1204 4940 causas
1225 4887 1352 4943 hinc
1373 4889 1442 4944 ad
1473 4891 1617 4960 ipsas
1637 4895 1828 4953 tollite.

609 4969 747 5026 Nam
784 4974 945 5030 clara:
977 4976 1156 5048 imago
1204 4982 1356 5037 vocis
1386 4984 1561 5040 instar
1605 5003 1902 5056 personat:

608 5063 762 5156 διευς
789 5066 967 5122 honor
988 5074 1188 5137 omnis,
1225 5075 1395 5143 gloria
1426 5088 1510 5133 est
1542 5081 1702 5149 primi
1732 5089 1837 5156 typi
1861 5129 1874 5152 ,

609 5151 779 5220 Quem
809 5167 1028 5227 propter
1049 5160 1175 5227 ista,
1207 5166 1480 5223 memoriae
1496 5185 1681 5238 causa,
1709 5151 1913 5245 eisuti,

607 5245 866 5318 Magistra
887 5259 1184 5323 custosque
1217 5259 1462 5314 omnium
1494 5264 1588 5333 qui
1615 5281 1702 5322 me
1732 5269 1918 5328 colunt
1955 5293 1968 5327 :

607 5341 698 5402 At,
750 5341 929 5396 colere
957 5344 1051 5413 qui
1077 5361 1167 5400 me
1203 5362 1468 5419 respuunt
1501 5357 1804 5429 analogicc,

608 5430 930 5492 Ilaereditate
961 5439 1152 5497 cmlica
1177 5447 1368 5512 procul
1399 5463 1644 5507 movens.

1119 5532 1357 5592 XXXIII.
1380 5545 1460 5580 ‘—
1485 5539 1671 5598 Aliud.

609 5619 746 5676 Sine
763 5638 928 5680 carne
958 5625 1211 5685 Christus
1236 5631 1366 5688 dum
1405 5634 1526 5699 fuit,
1560 5653 1668 5692 non
1706 5640 1793 5696 hic
1822 5656 1937 5704 erat
1966 5667 1979 5703 :

610 5710 782 5766 Ilomo
816 5717 1016 5784 nullus,
1048 5721 1224 5790 inquit
1251 5725 1479 5791 scilicet,
1509 5728 1642 5784 vidit
1672 5730 1838 5790 Deum
1872 5757 1883 5793 :

720 5800 738 5838 ί
766 5801 826 5856 F.
858 5805 1242 5882 λαμϐάνωμεν.
1349 5817 1372 5855 ⁸
1410 5815 1470 5873 F.
1503 5819 1768 5888 δείξομεν.

1834 259 1895 320 S.
1931 254 2322 317 THEODORI
2365 255 2722 317 STUDITIE,

2251 373 2300 428 Α
2330 367 2639 438 Σύστρεψον
2668 365 2828 429 εὐθὺς
2861 365 3028 436 σαρκὶ
3052 364 3146 418 καὶ
3174 362 3299 417 νοῦν
3327 379 3422 417 σου
3452 361 3684 424 πλάνον,

2328 461 2550 514 Εξκαῖον
2579 459 2733 513 οὐδὲν
2762 457 2911 510 ἔνδον
2941 455 3140 524 ἔξωθεν
3172 456 3377 527 φέρων,

2339 548 2480 602 Ἀλλ’
2501 550 2555 603 ετ
2579 566 2634 602 τι
2662 547 2880 619 σεμνὸν,
2907 548 3001 601 καὶ
3040 546 3101 599 τὸ
3135 549 3247 609 τοῖς
3283 545 3732 616 πρωτοστάταις.

2323 643 2497 712 Λόγον
2521 642 2632 714 γὰρ
2659 643 2720 695 οὐ
2743 643 2851 712 φὴς
2873 640 2974 710 τῆς
2999 638 3454 710 ματαιοκοσμίας,

2325 732 2500 801 Εἶδον,
2531 735 2784 806 βέϐρωκα
2807 749 2821 765 °
2851 735 2948 787 καὶ
2971 735 3052 796 τὸ,
3081 732 3178 787 καὶ⁵
3203 731 3267 784 τὺ
3301 731 3594 802 τυγχάνει⁶

2325 829 2434 882 Καὶ
2461 826 2593 896 γοῦν
2615 828 2740 902 ὅτις.
2767 827 2864 880 καὶ
2899 825 3045 878 τίσδε
3075 827 3242 894 φωνεί
3271 841 3354 876 σοι
3394 823 3542 879 τάδε.

2336 918 2673 990 Ἀνατροπὴν
2709 916 2818 988 γᾴρ
2846 916 3022 970 τοῖσδε
3048 915 3249 986 κιρνῶν
3278 915 3357 985 τῷ
3386 915 3577 979 πέλας,

2337 1015 2498 1084 Ἀρᾶς
2534 1013 2817 1084 προφήτου
2843 1010 3206 1082 χρηματίζεις
3229 1008 3402 1074 ἄξιος.

2651 1105 2785 1160 ΚΘ’.
2817 1135 2886 1146 --
2902 1105 3006 1169 Εἰς
3024 1103 3093 1157 τὸ
3118 1101 3516 1171 ξενοδοχεῒον.

2322 1197 2590 1269 Προῦᾶτε,
2620 1195 2796 1258 δεῦτε,
2821 1199 2889 1270 τῇ
2918 1195 3200 1266 ξενιζούσῃ
3228 1195 3418 1266 στέγῃ,

2323 1289 2551 1359 ’Λνδρες
2577 1289 2864 1359 πορευταὶ,
2892 1289 3006 1350 τοῖς
3045 1286 3226 1350 πόνοις
3253 1285 3624 1356 κεκμηκότες,

2319 1381 2725 1436 Μετεκλὰϐοιτε
2757 1382 2867 1434 τῶν
2899 1377 3053 1452 ὲμῶν
3088 1381 3451 1454 ξενισμὰπων,

2322 1479 2523 1547 Ἀρτου
2549 1475 2815 1544 ποθητοῦ,
2843 1474 2940 1529 τοῦ
2981 1475 3277 1546 τρέφοντος
3322 1467 3574 1545 καρδὶαν,

2318 1569 2492 1623 Ποτοῦ
2523 1567 2800 1638 γλυκείου,
2831 1571 2928 1622 τοῦ
2959 1569 3180 1638 ῥέοντος
3207 1567 3475 1637 ἀφθόνως,

2318 1660 2730 1732 Σκεπασμάτων
2784 1677 2844 1713 τε
2882 1659 2992 1713 τῶν
3021 1658 3227 1730 ψύχους
3253 1647 3572 1728 ἀλλοτρίων.

2244 1731 2290 1789 Β
2319 1754 2391 1806 "A
2421 1769 2511 1823 μοι
2541 1731 2785 1823 παρέσχε
2815 1750 2894 1824 τῷ
2922 1750 3275 1823 Θεογνώστῳ,
3315 1751 3478 1821 φίλοι,

2327 1845 2421 1898 Ἐκ
2451 1843 2562 1899 τῶν
2588 1845 2873 1898 πανόλκων
2905 1844 3125 1915 δωρεῶν
3159 1843 3325 1899 αὐτοῦ
3369 1843 3552 1914 χάριν,

2328 1938 2385 1990 Ὀ
2407 1935 2686 2007 Δεσπότης
2718 1954 2818 2006 μου
2851 1935 3112 2006 Χριστὸς,
3138 1937 3167 1988 ὁ
3193 1935 3631 2005 πλουτοδρύτης.

2325 2023 2780 2098 Ἐπευλογοῦντες
2814 2029 2999 2095 αὑτὸν,
3033 2028 3110 2092 ὡς
3138 2028 3529 2099 κοσμοτρόφον.

2313 2125 2498 2195 Κὰμοὶ
2533 2124 2842 2196 προσευχὴν
2867 2122 3272 2186 ἀντιποιοῦντες
3319 2121 3498 2193 μόνον,

2315 2217 2504 2280 Ὅπως
2541 2216 2754 2269 ἐκεῖθεν
2783 2214 2862 2286 τῷ
2887 2215 3154 2286 φιλοξένῳ
3181 2215 3390 2286 τρόπῳ,

2312 2308 2451 2373 Τοὺς
2489 2309 2744 2380 Ἀϐραὰμ
2771 2309 2992 2379 τύχοιμι
3023 2309 3260 2374 κόλπους
3290 2309 3550 2362 εἰσδῦναι.
3607 2347 3616 2354 -

2717 2402 2798 2455 Λ’.
2828 2433 2898 2442 —-
2927 2399 3030 2467 Εἰς
3051 2401 3227 2472 ἁγίας
3255 2401 3516 2468 εἰκόνας.

2311 2494 2526 2566 ’Ἡνπερ
2556 2492 2774 2564 βλέπεις
2799 2492 3004 2557 εἰκόνα,
3037 2491 3276 2564 Χριστοῦ
3319 2496 3602 2564 τυγχάνει,

2308 2587 2541 2658 Χριστὸν
2564 2586 2624 2641 δὲ
2656 2585 2864 2658 καύτὴν
2889 2584 3062 2650 λέξον,
3093 2584 3211 2640 ἀλλ’
3235 2586 3564 2656 ὁμωνύμως.

2309 2679 2514 2750 Κλήσει
2541 2669 2651 2750 γάρ
2681 2681 2797 2732 ἐστι
2839 2678 3130 2749 ταυτότης,
3159 2677 3274 2736 ἀλλ’
3307 2678 3367 2732 ού
3398 2676 3580 2747 φύσει.

2321 2770 2546 2843 Ἀμφοίν
2574 2771 2632 2824 δὲ
2661 2769 3036 2840 προσκύνησις
3059 2771 3333 2842 ὰσχίστως
3374 2771 3492 2842 μία.

2307 2865 2524 2934 Ταύτην
2555 2865 2586 2918 ό
2616 2863 2795 2919 τοίνυν
2834 2863 3178 2934 προσκυνῶν,
3212 2865 3447 2937 Χριστὸν
3479 2863 3632 2916 σέδει
3662 2883 3677 2895 ·

2307 2959 2398 3030 Μὴ
2434 2957 2760 3030 προσκυνῶν
2788 2957 2921 3028 γὰρ,
2965 2956 3162 3028 ἐχθρὸς
3200 2955 3365 3010 αὑτοῦ
3403 2955 3496 3009 καὶ
3538 2957 3722 3009 πάνυ.

2230 3070 2276 3131 C
2322 3051 2408 3113 Ὠς
2445 3049 2544 3121 τὴν
2567 3050 2979 3122 ἀναγραφείσαν
3013 3049 3281 3119 ἔνσαρκον
3305 3048 3456 3112 Θέαν.

2305 3141 2508 3197 Τούτου
2541 3141 2802 3214 μεμηνὼς
2842 3141 2919 3214 μὴ
2955 3141 3290 3211 σεϐασθῆναι
3331 3142 3523 3198 θέλων.

2847 3234 2975 3286 AA'.
3012 3262 3084 3275 —
3118 3233 3329 3286 Ἄλλο.

2303 3328 2364 3381 Εἰ
2392 3327 2552 3398 σῶμα
2573 3325 2812 3397 Χριστοῦ
2860 3324 3213 3396 λαμϐάνομεν
3245 3325 3344 3397 μὲν
3381 3323 3400 3363 τ
3434 3324 3667 3386 ἐσθιειν,

2302 3419 2506 3473 Τούτου
2541 3419 2788 3482 πίνοντες
2807 3413 2945 3490 αἷμα
2966 3417 3029 3470 τὸ
3051 3415 3338 3488 ζωηφόρον
3358 3434 3373 3448 ·

2301 3513 2425 3576 Πῶς
2453 3513 2555 3567 οὐκ
2583 3513 2648 3567 ἂν
2673 3511 2839 3566 αὑτὸν
2868 3511 3133 3582 δείξωμεν
3166 3513 3191 3552 ε
3219 3510 3636 3582 γεγραμμένον.

2300 3602 2376 3662 Οὔ
2411 3611 2508 3662 καὶ
2539 3607 2600 3660 τὸ
2653 3607 2813 3676 σῶμα
2854 3605 3350 3678 σχηματόγραπτον
3395 3604 3590 3671 πέλει;

2312 3702 2400 3766 Ὠς
2435 3701 2534 3773 μὲν
2562 3699 2673 3770 γὰρ
2702 3699 2932 3765 ἁπλοῦς,
2959 3698 3021 3752 ού
3052 3696 3405 3770 περιγραφὴν
3433 3696 3576 3767 ἔχει.

2297 3794 2431 3858 Θεὸς
2457 3794 2567 3866 γάρ
2607 3795 2748 3859 ἐστι,
2779 3791 2981 3855 παντὸς
3002 3791 3204 3858 ἔξωθεν
3226 3792 3410 3846 τόπου.

2312 3887 2401 3950 Ὠς
2433 3886 2677 3949 ὲνδυθεὶς
2703 3884 2761 3938 δὲ
2783 3884 2883 3956 τὴν
2907 3883 3031 3938 καθ’
3061 3885 3211 3954 ἡμᾶς
3234 3881 3442 3945 οὐσίαν,

2301 3979 2619 4050 ’Ἄνθρωπός
2644 3980 2786 4046 ἐστι,
2811 3975 3060 4030 συνθέσει
3103 3975 3512 4047 γεγραμμένος,

2298 4072 2480 4142 Ἐχων
2503 4069 2760 4139 ἀφύρτως
2789 4068 3017 4139 Θάτερον
3043 4068 3165 4121 κατ’
3199 4067 3409 4128 οὐσίαν,

2307 4163 2636 4216 Ὑποστάσει
2671 4163 2770 4232 μιᾷ
2791 4178 2852 4213 τε
2883 4159 3319 4232 συντεθειμένος.

2305 4254 2363 4308 '0
2391 4252 2482 4306 τὸν
2503 4252 2676 4320 Λόγον
2699 4249 2921 4304 τοιῶσδε
2945 4248 3183 4314 δοξάζων
3210 4249 3377 4318 μάλα,

2293 4345 2488 4399 ιιιστδν
2515 4345 2726 4416 πέφηνε
2749 4343 2976 4415 θρέμμα
2995 4343 3097 4412 τῆς
3127 4341 3476 4410 Ἐκκλησιας.

2221 4419 2270 4490 θ.
2297 4437 2506 4501 Ἄλλως
2536 4437 2746 4508 φρονῶν
2771 4436 2902 4506 γὰρ,
2928 4434 3028 4488 τοῦ
3046 4432 3183 4487 Θεοῦ
3205 4433 3395 4505 πόρρω
3422 4431 3554 4484 Θέει.

2844 4524 2968 4578 AB’.
3001 4551 3072 4563 -—
3103 4524 3316 4577 Άλλο.

2371 4616 2466 4668 Ἐκ
2504 4613 2840 4687 μορφοποιοῦ
2869 4615 3050 4686 χειρὸς
3069 4614 3438 4685 ὼραῐσμένην,

2361 4709 2660 4772 Βλέποντες
2679 4709 2870 4779 ἄνδρες
2898 4709 3266 4779 ὲγγραφεῖσαν
3296 4708 3503 4771 ἐνθάδε,

2355 4801 2636 4874 Δρέψασθε
2656 4802 2865 4872 καρπὸν
2895 4801 3163 4872 ὠφελείας
3189 4802 3376 4869 ἀξίως,

2365 4897 2467 4952 Τὸν
2506 4894 2630 4950 νοῦν
2659 4896 2891 4967 ἄραντες
2914 4895 2994 4959 εἰς
3024 4894 3123 4957 τὰς
3149 4894 3329 4948 αὐτῶν
3359 4892 3557 4954 αἰτίας.

2360 4992 2508 5045 "law
2540 4989 2700 5059 λόγου
2728 4989 2838 5061 γὰρ
2863 4990 2895 5060 ἠ
2921 4986 3107 5058 γραφὴ
3137 4985 3240 5057 βοᾷ
3269 4985 3436 5057 μέγα.

2366 5089 2454 5153 Ὠς
2504 5089 2570 5141 Ἡ
2595 5087 2729 5158 τιμή
2759 5103 2882 5158 μου,
2905 5084 3032 5150 δόξα
3057 5084 3158 5154 τῆς
3177 5082 3461 5150 αὑταψίας,

2355 5177 2432 5229 Δι’
2463 5177 2529 5248 ἢν
2555 5175 2850 5246 παρήχθην
2877 5174 2957 5236 εἰς
2986 5173 3294 5242 ὑπόμνησιν
3318 5171 3497 5240 μόνον.

2352 5270 2691 5343 Φρουροῦσα,
2714 5267 3022 5339 φωτίζουσα
3050 5267 3178 5327 τοὺς
3208 5265 3377 5335 ἐμοὺς
3401 5262 3610 5331 φίλους.

2353 5365 2491 5427 Τοὺς
2530 5362 2857 5434 προσκυνεῖν
2884 5359 2944 5413 δὲ
2975 5358 3051 5430 μὴ
3085 5355 3338 5418 θέλοντας
3363 5370 3433 5424 με
3459 5355 3676 5423 σχέσει,

2365 5456 2744 5526 Ἀλλοτριοῦσα
2769 5453 2869 5524 τῆς
2897 5452 3008 5507 ἄνω
3036 5451 3385 5522 κληρουχίας.

2840 5548 2962 5605 Al".
2982 5577 3050 5588 —
3077 5548 3286 5600 Ἀλλο.

2354 5647 2630 5717 ’Δσαρκος
2651 5643 2728 5698 ὣν
2755 5643 2884 5715 πρὶν
2913 5640 3168 5714 Χριστὸς,
3190 5639 3290 5693 οῦκ
3318 5633 3388 5711 ἦν
3414 5636 3622 5690 ἐνθάδε.

2351 5740 2483 5794 Θεὸν
2515 5739 2626 5810 γὰρ
2656 5737 2850 5804 οὐδεὶς,
2890 5735 3076 5808 φησιν,
3099 5733 3402 5806 ἀνθρώπων
3429 5731 3562 5786 ἴδεν.
3671 5767 3678 5772 -

3785 245 3925 308 I792
