4122 6382
206 424 338 490 1793

283 539 438 594 Ἐπεὶ
465 538 521 593 δὲ
547 537 750 608 σαρκὸς
769 538 1135 594 ὲνδιδύσκεται
1155 538 1349 610 πάχος,

281 639 342 692 '0
363 634 564 698 παντὸς
592 631 700 700 ἔξω
733 633 826 686 καὶ
857 633 1048 703 χρόνον
1076 650 1136 686 τε
1161 637 1257 686 καὶ
1282 633 1470 703 τόπου,

284 729 502 794 Ἀπτὸς,
535 725 779 797 παθητὸς
799 727 1007 794 γίνεται
1033 728 1100 798 τῇ
1131 726 1397 781 συνθέσει.

269 819 480 892 Βρέφος
510 818 736 889 κυηθεὶς
753 819 818 872 ὲκ
851 817 1042 888 κόρης,
1067 820 1272 891 σπορᾶς
1299 819 1450 882 ἄνευ,

272 910 458 978 Λύξει,
485 909 646 979 διψεῖ,
669 912 844 964 πεινεϊ
867 926 951 976 τε,
979 909 1076 964 καὶ
1102 909 1324 982 σύμπαν
1352 915 1532 983 φέρει,

277 1005 398 1058 Τῶν
427 1005 485 1057 ὲν
517 1002 662 1057 θέσει
687 1019 746 1054 τε
775 1003 870 1057 καὶ
897 1007 1082 1074 γραφῇ
1115 1003 1494 1075 δεδειγμένων.

276 1095 403 1159 Πῶς
427 1090 520 1149 οὖν
546 1095 611 1148 σὺ
639 1094 844 1160 λοιπὸν,
867 1088 914 1148 ὧ
941 1096 1251 1165 παράφρον,
1275 1089 1321 1149 ὧ
1343 1097 1499 1158 τάλα.

275 1188 350 1242 Οὐ
379 1188 541 1258 σαρκὶ
567 1186 780 1249 σεπτῶς
807 1187 1040 1258 Χριστὸν
1070 1189 1528 1260 ὲμπεριγράφεις,

283 1283 416 1335 Κατ’
447 1275 586 1345 εἶδος
610 1279 774 1333 αὐτοῦ
801 1279 900 1351 τὴν
933 1279 1061 1352 ὅλην
1085 1282 1419 1352 παρουσίαν;

289 1373 428 1426 Ἀλλ’
453 1372 485 1443 ἢ
515 1372 815 1442 μεταγνοὺς
838 1371 1029 1436 πιστὸς
1058 1374 1121 1426 ὲκ
1147 1373 1354 1444 πλάνης
1378 1373 1553 1442 γίνου,

275 1467 344 1519 Ἢ
381 1467 480 1536 τῆς
505 1463 642 1518 Θεοῦ
670 1465 956 1536 πόρρωθεν
990 1465 1158 1535 αὐλῆς
1187 1465 1442 1537 ὲκφέρου.

765 1556 889 1613 AA'.
906 1590 976 1600 —
994 1559 1207 1614 Ἄλλο.

283 1651 344 1704 '0
375 1647 610 1720 Χριστός
637 1649 756 1703 ἐστι
785 1650 848 1720 τῇ
879 1651 1064 1721 γραφῇ
1102 1649 1462 1720 δεδειγμένος,

287 1743 440 1796 Ἐπεὶ
467 1741 654 1813 βροτὸς
685 1741 950 1812 πέφηνεν,
980 1740 1056 1796 ὢν
1089 1742 1219 1807 Θεὸς
1242 1743 1423 1812 φύσει.
1504 1736 1513 1741 ’

287 1835 346 1887 Ὀ
370 1833 442 1904 μὴ
469 1834 578 1904 γὰρ
599 1833 769 1897 οὕτως
792 1833 1155 1904 προσϐλέπειν
1187 1835 1349 1888 αὐτὸν
1371 1834 1564 1888 θέλωνι

230 1955 242 1967 -
273 1927 752 1996 Φαντασματωδῶς
791 1928 1172 1998 συ›ματοῦσθαι
1203 1928 1512 2000 προσλέγει.

459 2021 582 2074 AE'.
619 2050 688 2061 —
712 2023 814 2087 Εἰς
841 2019 959 2089 τὴν
993 2021 1170 2091 ἁγίαν
1201 2023 1510 2077 Θεοτόκον.

286 2113 375 2165 Ἑν
412 2113 579 2167 εἰκόνι
611 2112 822 2183 βλέπων
844 2129 924 2178 σε,
955 2115 1128 2186 μῆτερ
1150 2113 1376 2184 Κυρίου,

275 2208 428 2277 Φόϐῳ
456 2207 718 2277 πρόσειμι
748 2208 1074 2278 προσκυνεῖν
1106 2224 1188 2270 σε,
1219 2208 1312 2262 καὶ
1345 2206 1516 2279 πόθῳ.

277 2297 449 2366 Χάρις
470 2295 582 2366 γὰρ
605 2293 774 2359 ὅντως
794 2293 1093 2366 τηλικαύτη
1125 2311 1210 2348 σοι
1232 2294 1406 2359 πέλει,

288 2387 375 2448 Ὡς
401 2387 468 2457 τῇ
501 2386 630 2456 σκιᾷ
662 2401 756 2438 σου
790 2382 1231 2455 θαυματουργίας
1257 2382 1463 2455 βρύειν.

764 2473 905 2543 AG”.
921 2503 993 2516 —
1010 2475 1222 2530 Ἀλλο.

289 2565 407 2621 Ἐπ’
441 2566 646 2638 ὠλένης
679 2583 780 2638 μου
810 2567 1142 2638 μητρόμοιόν
1172 2583 1261 2637 μοι
1293 2566 1511 2636 βρέφος,

277 2659 381 2714 Τὸν
409 2660 764 2714 παντάνακτα
792 2659 1028 2730 Χριστὸν
1061 2659 1354 2730 ἐγγράφως
1389 2659 1564 2728 φέρω,

277 2753 320 2804 Τ
323 2752 351 2804 ὸ
374 2751 489 2819 φῶς
515 2752 978 2822 ἀπαστράπτοντα
996 2752 1096 2822 τῆς
1119 2749 1448 2822 ἀφθαρσίας,

221 2875 228 2880 -
279 2842 387 2895 Καὶ
411 2842 616 2912 κόσμον
644 2840 929 2911 ἐξαίροντα
953 2839 1224 2910 δαιμόνων
1245 2839 1475 2908 πλάνης.

765 2934 888 2986 AZ'.
911 2963 982 2974 —
1005 2934 1216 2986 Άλλο.

279 3026 348 3078 Σὺ
377 3024 466 3078 τὸν
491 3023 622 3078 Θεὸν
649 3023 903 3088 τεκοῦσα,
932 3021 1188 3092 προύχεις
1213 3020 1482 3090 ἀγγέλων.

282 3119 376 3170 Ὃν
407 3116 468 3168 οὐ
494 3114 754 3168 δύνανται
809 3115 905 3169 καὶ
933 3113 1042 3185 γὰρ
1063 3115 1218 3166 αὐτοὶ
1251 3110 1637 3184 προσϐλέπειν,

287 3209 376 3272 Ὠς
405 3207 533 3262 Υἱὸν
565 3207 702 3279 αὐτὴ
727 3207 922 3278 χερσὶν.
949 3206 1244 3278 ἀκράντοις
1272 3206 1483 3276 φέρεις.

762 3301 893 3353 AH'.
924 3330 996 3342 —-
1025 3299 1238 3353 Ἄλλο.

278 3390 694 3464 Μητροπρεπῶς
711 3390 803 3444 τὸν
829 3390 958 3444 Υξὸν
987 3389 1298 3461 ἐγγραπτον
1328 3388 1499 3459 φέρω,

288 3487 376 3548 Ὠς
413 3484 478 3539 ἂν
513 3483 706 3554 φανείη
736 3483 956 3552 γνήσιον
985 3481 1191 3552 μητρὸς
1212 3481 1390 3543 τέκος⁶

287 3580 347 3630 '0
377 3577 723 3648 πατρομοίως
753 3575 849 3644 τῆς
877 3575 1096 3646 γραφῆς
1121 3573 1455 3645 ἐπηρμένος,

291 3669 552 3738 Ἐπείπερ
579 3667 696 3720 ἐστὶ
721 3665 896 3729 διττὸς
925 3664 1095 3736 ἀπρὶξ
1113 3665 1214 3734 τὴν
1243 3663 1424 3730 φύσιν.

414 3761 540 3814 ΛΘ¹.
565 3789 635 3799 —
663 3759 767 3822 Εὶς
794 3757 910 3825 τὴν
928 3757 1135 3811 εἰκόνα
1159 3755 1266 3808 τοῦ
1290 3755 1572 3823 Χριστοῦ.

289 3850 712 3921 Ἐξεικόνισμαι,
745 3849 851 3903 κᾶν
879 3848 1012 3912 Θεὸς
1041 3847 1189 3902 πέλω
1212 3845 1392 3916 φύσει,

291 3941 550 4013 Ἐπείπερ
567 3941 692 4012 ,εἰμὶ
720 3941 814 3994 καὶ
841 3939 1034 4012 βροτὸς
1065 3939 1187 3993 κατ’
1207 3938 1416 3993 οὐσίαν·

283 4031 393 4084 Καὶ
413 4033 478 4102 τῇ
505 4031 634 4102 σκιᾷ
657 4047 758 4102 μου
781 4029 1198 4102 προσκυνοῦμαι
1228 4028 1391 4082 παντί
1411 4046 1535 4091 που,

279 4123 463 4195 Μήπω
494 4122 758 4194 μερισμὸν
781 4121 877 4176 τοῦ
906 4122 1094 4185 κλέους
1125 4120 1580 4193 προσλαμϐάνων.

435 4238 527 4294 M'.
553 4265 624 4278 -
645 4239 748 4303 Ε’ὶς
775 4236 884 4291 τὸν
912 4235 1065 4290 ναὸν
1089 4235 1200 4304 τῆς
1226 4237 1543 4289 Θεοτόκου.

281 4331 391 4402 Τῆς
421 4329 697 4402 Παρθένου
728 4327 818 4383 τὸν
840 4323 987 4382 οἷκον
1007 4328 1036 4380 ὁ
1069 4327 1303 4398 βλέπων,
1336 4326 1465 4380 νόει.

283 4422 427 4487 Ναὸς
458 4423 566 4493 γάρ
588 4421 726 4488 αὕτη
748 4420 842 4475 τοῦ
868 4419 1002 4474 Θεοῦ
1033 4419 1393 4490 δεδειγμένος,

280 4516 460 4578 Ναοὺς
497 4515 695 4587 ἑαυτῆς
721 4512 998 4584 πανταχοῦ
1027 4513 1190 4583 γαίης
1222 4511 1356 4583 ἔχει.

747 4626 886 4682 MA'.
923 4657 994 4668 —
1029 4627 1240 4681 Ἀλλο.

282 4743 388 4798 Τὸν
416 4740 760 4814 Κοσμοποιὸν
782 4739 1037 4812 σωματού
1045 4755 1206 4811 μενον
1237 4738 1468 4809 βλέπων,

283 4837 387 4890 Σὺν
411 4838 478 4907 τῇ
511 4835 748 4908 τεκούσῃ
771 4837 837 4906 τῇ
863 4835 1048 4906 γραφῇ
1085 4832 1194 4886 τῶν
1217 4833 1462 4899 εἰκόνων,

287 4925 708 4995 Καταπλάγηθι,
733 4924 852 4988 πῶς
881 4923 1012 4988 Θεὸς
1035 4923 1234 4994 βρέφος
1259 4923 1432 4988 πέλει,

286 5018 537 5074 ’Ἂπαντά
555 5034 614 5070 τε
639 5016 743 5088 δρᾷ
774 5016 910 5087 πρὸς
943 5017 1147 5086 βροτῶν
1175 5017 1469 5088 σωτηρίανο

288 5110 384 5166 Ἲν’
409 5112 489 5174 εἰς
510 5109 704 5163 ἑαυτὸν
725 5108 825 5180 τὴν
858 5108 1063 5180 φθορὰν
1095 5110 1449 5180 κατακρίνας,

284 5201 358 5254 Τὸ
388 5199 614 5270 πλάσμα
638 5196 786 5270 σώσῃ
816 5197 1070 5268 θεότητος
1095 5198 1172 5270 τῷ
1192 5199 1406 5272 κράτει.

285 5291 359 5344 Τὸ
387 5290 451 5361 δὴ
481 5288 752 5363 φρονοῦσα
785 5291 852 5361 τῇ
873 5288 1120 5360 Θεοτόκῳ
1151 5289 1326 5360 φέρει,

286 5383 428 5455 Πρὸς
456 5381 652 5454 λύτρον
678 5382 850 5452 αὐτῆς
874 5381 922 5434 τ’
949 5380 1161 5453 ἀνδρὸς,
1195 5383 1462 5453 ἄχραντον
1481 5383 1638 5453 δόμα.

352 5500 486 5555 MB'.
521 5529 591 5540 —-
609 5500 711 5565 Εἰς
733 5497 802 5552 τὸ
824 5497 1122 5567 κιϐοὐριον
1145 5497 1252 5552 τοῦ
1275 5498 1638 5569 Προδρόμου.

282 5592 446 5657 Θείας
471 5593 756 5665 τραπέζης
781 5591 1206 5663 συγκαλύπτραν
1233 5609 1302 5662 με
1331 5592 1560 5662 βλέπων,

284 5685 625 5757 Χερου6ικὴν
653 5685 840 5758 νόμιζε
873 5684 1212 5756 ταξιαρχίανο

285 5779 522 5848 Χριστὸν
548 5778 656 5851 γὰρ
679 5779 825 5834 ἔνδον
855 5779 1329 5850 μυσταγωγεῖσθαι
1355 5779 1483 5844 νόει,

291 5872 391 5927 Τὸν
418 5873 524 5927 τῶν
546 5873 657 5928 ἄνω
690 5891 747 5928 τε
779 5875 1074 5944 Δεσπότην,
1107 5875 1200 5928 καὶ
1227 5875 1336 5929 τῶν
1357 5875 1524 5930 κάτω.

1699 433 1942 497 ΙΑΜΒῘ.

1797 562 1848 620 Α
1873 549 1942 606 At
1971 550 2114 606 mole
2139 557 2433 620 postquam
2466 551 2712 620 corporis
2739 538 2868 604 sese
2909 538 3115 618 induit,

1877 640 2050 708 Quem
2082 657 2181 698 nec
2197 642 2300 698 loci
2331 657 2432 698 nec
2469 642 2642 712 spatia
2681 641 2944 698 claudunt
2972 646 3255 715 temporis,

1876 731 2015 786 Exin
2053 731 2229 787 dolori
2265 731 2440 788 factus
2479 743 2562 787 est
2603 733 2895 790 obnoxius.

1875 823 2202 879 lntaminata
2228 831 2391 879 natus
2421 823 2602 878 infans
2641 822 2886 892 Virgine,

1874 915 2155 984 Augescit,
2180 917 2371 978 esurit,
2412 915 2549 978 sitit,
2577 914 2682 971 fert
2715 915 2920 982 omnia,

1875 1006 2008 1073 Quae
2038 1015 2377 1062 consuerunt
2409 1007 2670 1062 omnibus
2698 1007 2828 1078 tingi
2863 1008 3026 1079 typis.

1875 1099 2016 1165 Quid
2046 1115 2176 1170 ergo
2204 1114 2384 1155 causa!
2415 1109 2518 1163 est,
2545 1116 2578 1155 ο
2607 1102 2792 1167 miser,
2823 1117 2922 1156 cur
2955 1104 3168 1159 abnuas

1875 1189 2151 1246 Christum
2185 1193 2416 1248 verenda
2449 1193 2834 1262 comprehendi
2871 1195 3130 1264 imagine,

1876 1280 2178 1353 Totamque
2209 1283 2332 1337 vitae
2364 1285 2560 1339 seriem
2596 1293 2650 1338 et
2690 1285 2971 1340 historiam
3018 1302 3187 1341 sacrm
3216 1287 3240 1340 ?

1873 1375 1944 1429 At
1973 1385 2029 1429 tu
2056 1384 2150 1430 aut
2175 1377 2459 1446 profanum
2504 1378 2701 1432 mentis
2742 1393 2980 1434 errorem
3013 1380 3206 1450 abjice.

1875 1466 1984 1521 Aut
2018 1475 2071 1522 te
2100 1467 2328 1523 sacratis
2371 1468 2592 1538 proripe
2623 1483 2654 1522 a
2681 1470 2878 1524 castris
2903 1470 3020 1524 Dei.

2375 1559 2618 1616 XXXIV.
2651 1562 2918 1617 —Aliud.

1875 1649 1976 1704 Hic
2004 1649 2261 1707 Christus
2294 1658 2398 1714 est,
2433 1652 2645 1720 pictura
2668 1668 2827 1721 quem
2855 1652 3138 1707 denuntiat
3162 1668 3178 1705 :

1874 1741 2118 1796 Mortalis
2144 1758 2209 1796 ex
2239 1757 2351 1812 quo
2381 1741 2558 1798 factus
2581 1755 2664 1800 est
2686 1745 2779 1814 qui
2827 1758 2943 1799 erat
2968 1744 3132 1799 Deus.

1875 1832 2032 1886 Illum
2072 1832 2255 1888 videre
2283 1833 2378 1902 qui
2410 1844 2626 1888 recusat
2659 1835 2764 1890 hoc
2801 1838 2986 1906 modo,

1810 1919 1853 1974 Β
1881 1922 2294 1993 Incorporatum
2340 1925 2602 1995 praedicat
2629 1927 2992 1995 phantastice.

2141 2014 2361 2071 XXXV.
2388 2047 2457 2060 --
2488 2016 2555 2072 In
2585 2028 2824 2074 sanctam
2857 2022 3167 2092 Deiparam.

1877 2103 2082 2158 Pictam
2119 2106 2170 2160 in
2199 2107 2395 2162 tabella
2428 2117 2497 2175 te,
2529 2109 2622 2165 Dei
2645 2117 2841 2175 mater,
2880 2113 3064 2168 videns
3085 2154 3099 2179 ,

1878 2195 2054 2251 Venio
2077 2207 2138 2253 ut
2163 2198 2386 2255 adorem
2439 2213 2635 2256 amore
2665 2203 2858 2272 plenus
2885 2220 2949 2259 ac
2981 2214 3150 2260 metu.

1877 2290 2014 2346 Nam
2046 2300 2232 2348 tantus
2263 2294 2316 2346 in
2344 2300 2398 2349 te
2425 2296 2614 2364 gratim
2636 2301 2876 2350 exundat
2905 2296 3071 2363 latex,

1880 2382 1952 2438 Ut
1980 2384 2096 2454 ipsa
2127 2385 2196 2440 ab
2226 2385 2416 2440 umbra
2439 2385 2712 2455 proﬂuam
2733 2387 3021 2442 miracula.

2362 2476 2604 2535 XXXVI.
2635 2509 2707 2518 —
2734 2479 2918 2534 Aliud.

1878 2567 2230 2624 Consimilem
2273 2570 2326 2624 in
2349 2571 2493 2626 ulnis
2519 2583 2690 2627 mater
2721 2572 2979 2628 infantem
3006 2573 3158 2637 mihi,

1877 2660 2156 2718 Christum
2182 2663 2422 2719 universi
2461 2665 2786 2735 principem,
2831 2667 3037 2736 pictum
3080 2681 3232 2735 gero,

1879 2750 2224 2808 Eternitatis
2249 2755 2574 2809 emicantem
2599 2755 2824 2821 lumine,

1880 2841 2186 2915 Terrasque
2210 2845 2404 2902 fraude
2443 2847 2762 2903 liberantem
2798 2850 3128 2906 daemonum.

2377 2937 2642 2995 XXXVII.
2671 2971 2741 2980 —
2766 2940 2950 2997 Aliud.

1881 3033 2037 3102 Quod
2071 3042 2245 3089 mater
2282 3046 2342 3088 es
2372 3032 2489 3098 Dei,
2520 3035 2742 3104 angelos
2771 3035 3164 3104 superemines.

1879 3126 2015 3182 Nam
2047 3125 2296 3182 contueri
2326 3140 2488 3195 quem
2523 3137 2780 3181 verentur
2799 3129 2998 3198 angeli,

1802 3257 1847 3320 Ο
1882 3220 2038 3276 llunc
2063 3219 2177 3288 ipsa
2211 3218 2364 3289 puris
2395 3218 2588 3272 Filium
2626 3221 2874 3276 manibus
2898 3223 3064 3292 geris.

2336 3307 2626 3364 XXXVIII.
2653 3339 2724 3352 --
2745 3311 2930 3364 Aliud.

1876 3400 2041 3456 Gesto
2072 3400 2128 3456 in
2162 3400 2358 3456 tabella
2385 3399 2606 3467 Filium,
2635 3411 2693 3455 ut
2723 3412 2954 3456 matrem
2989 3403 3166 3469 decet,

1881 3491 1947 3547 Ut
1968 3501 2116 3548 certa
2155 3493 2372 3547 soboles
2402 3492 2591 3546 matris
2623 3491 2748 3547 hinc
2801 3493 3015 3548 eluceat
3045 3513 3059 3550 :

1876 3585 2002 3652 Qui,
2031 3601 2140 3656 qua
2169 3585 2309 3655 patri
2345 3585 2650 3640 consimilis
2680 3596 2785 3647 est,
2814 3586 2961 3655 pingi
2988 3588 3199 3657 nequit.

1876 3679 2080 3734 Natura
2115 3679 2311 3748 duplex
2350 3678 2550 3748 quippe
2576 3678 2632 3732 in
2664 3678 2755 3732 illo
2781 3679 3044 3733 cernitur.

2173 3768 2417 3824 XXXIX.
2439 3797 2509 3810 ——-
2537 3769 2605 3824 In
2654 3771 2881 3840 imagine
2923 3768 3143 3824 Christi.

1877 3861 2118 3926 Artiﬁce,
2149 3861 2400 3933 quamvis
2427 3877 2547 3917 sum
2583 3861 2745 3923 Deus,
2779 3862 2971 3931 piugor
3015 3879 3204 3927 manu,

1878 3953 2127 4007 Humana
2161 3952 2420 4022 quoniam
2449 3951 2584 4005 mihi
2611 3966 2827 4020 quoque
2848 3963 2932 4007 est
2979 3953 3282 4008 substantia
3310 3970 3328 4008 :

1879 4042 2194 4114 Umbraque
2220 4043 2422 4114 ubique
2453 4043 2533 4099 sic
2568 4043 2770 4098 adoror
2811 4045 2866 4098 in
2900 4059 3048 4112 mea,

1879 4137 2124 4210 Ugnulla
2149 4137 2374 4192 honoris
2401 4135 2670 4208 perferam
2701 4137 3038 4193 discrimina.

2228 4250 2343 4306 XL.
2365 4282 2435 4292 -ο
2458 4250 2527 4306 1η
2557 4250 2807 4321 templum
2835 4251 3107 4322 Deipara’.

1880 4346 2016 4399 Dum
2058 4343 2235 4400 cernis
2267 4344 2437 4400 aedem
2469 4343 2729 4414 Virginis,
2757 4357 2992 4400 mentem
3023 4345 3274 4400 admove.

1879 4438 1960 4494 Ex
1987 4453 2096 4509 quo
2122 4439 2236 4509 ipsa
2275 4439 2534 4507 templum
2577 4448 2660 4492 est
2707 4436 2845 4492 facta
2879 4438 3154 4494 nascentis
3205 4437 3323 4502 Dei,

1882 4531 2119 4603 Templis
2147 4531 2348 4602 ubique
2391 4531 2634 4602 gentium
2669 4530 2864 4584 colitur
2899 4531 3039 4584 suis.

2463 4641 2599 4698 XLI.
2630 4672 2692 4681 —
2732 4641 2918 4698 Aliud.

1882 4734 2064 4790 Mundi
2095 4745 2373 4806 parentem
2402 4750 2527 4790 cum
2567 4734 2720 4790 vides
2751 4736 2806 4788 in
2836 4749 3086 4805 corpore,

1881 4829 2016 4884 Cum
2047 4839 2241 4896 matre,
2267 4830 2408 4899 picta
2435 4829 2743 4884 dedicatum
2787 4827 3023 4898 imagine
3048 4845 3062 4894 ;

1879 4921 1996 4978 Hoc
2016 4922 2357 4991 obstupesce,
2391 4921 2664 4992 quomodo
2697 4919 2878 4975 infans
2907 4921 2979 4976 sit
3004 4919 3172 4990 Deus,

1881 5011 2074 5084 Nilque
2103 5013 2170 5068 ad
2192 5013 2422 5068 salutem
2461 5027 2569 5066 non
2593 5021 2718 5084 agat
2761 5013 3109 5067 mortalium:

1884 5104 1955 5162 Ut
1991 5107 2184 5162 mortis
2208 5106 2264 5160 in
2290 5121 2350 5162 se
2381 5105 2667 5175 proferens
2695 5106 3047 5171 sententiam,

1884 5200 2193 5256 Divinitatis
2224 5199 2418 5253 liberet
2447 5213 2548 5253 nos
2575 5197 2804 5254 viribus.

1884 5293 2040 5360 Quod
2074 5293 2177 5347 ista
2210 5299 2488 5362 reputans,
2529 5289 2770 5360 Deiparae
2802 5298 2950 5346 casta
2977 5289 3198 5346 exhibet

1887 5389 2019 5456 Sua,
2052 5389 2263 5458 virique
2290 5402 2388 5458 pro
2423 5387 2618 5450 salute,
2651 5400 2900 5440 munera.

2163 5498 2322 5556 XLII.
2359 5531 2420 5541 —
2452 5499 2515 5554 In
2539 5499 2793 5554 cibarium
2827 5498 3202 5553 Prwcursoris.

1885 5595 2084 5652 Mensa:
2112 5605 2336 5651 sacrata:
2364 5593 2693 5662 conspicans
2723 5593 3064 5660 operculum,

1885 5689 2036 5744 Ilanc
2068 5698 2123 5742 tu
2155 5689 2433 5742 cohortem
2467 5687 2647 5755 cogita
2687 5683 3047 5740 Cherubicam
3084 5702 3099 5738 :

1884 5781 2018 5836 Nam
2047 5755 2298 5835 Christus
2332 5779 2478 5834 intus
2520 5777 2762 5848 mysticis
2793 5776 2948 5832 adest
2978 5775 3170 5839 sacris,

1885 5874 2198 5935 leestium
2238 5873 2380 5930 idem
2422 5871 2686 5928 Dominus
2725 5886 2788 5928 ac
2819 5868 3179 5927 terrestrium.

3311 437 3449 506 1794
