  <div class='ocr_page' id='page_1' title='image "/cluster/home/n/w/nwhite01/storage/ocr_20150623/99/hvd.32044024464356/905.png"; bbox 0 0 4122 6382; ppageno 0'>
   <div class='ocr_carea' id='block_1_1' title="bbox 22 641 45 3576">
    <p class='ocr_par' dir='ltr' id='par_1_1' title="bbox 27 703 36 2356">
     <span class='ocr_line' id='line_1_1' title="bbox 28 703 32 956; baseline 0 0"><span class='ocrx_word' id='word_1_1' title='bbox 28 713 32 956; x_wconf 56' lang='grc' dir='ltr'><em>φ</em></span> 
     </span>
     <span class='ocr_line' id='line_1_2' title="bbox 27 1859 36 2356; baseline 0 -374"><span class='ocrx_word' id='word_1_2' title='bbox 28 1859 36 1982; x_wconf 61' lang='grc' dir='ltr'><strong>ι</strong></span> 
     </span>
    </p>
   </div>
   <div class='ocr_carea' id='block_1_2' title="bbox 691 421 825 486">
    <p class='ocr_par' dir='ltr' id='par_1_2' title="bbox 691 421 825 486">
     <span class='ocr_line' id='line_1_3' title="bbox 691 421 825 486; baseline 0.007 -2"><span class='ocrx_word' id='word_1_3' title='bbox 691 421 825 486; x_wconf 83' lang='grc'><strong>1795</strong></span> 
     </span>
    </p>
   </div>
   <div class='ocr_carea' id='block_1_3' title="bbox 1106 522 1790 594">
    <p class='ocr_par' dir='ltr' id='par_1_3' title="bbox 1106 522 1790 594">
     <span class='ocr_line' id='line_1_4' title="bbox 1106 522 1790 594; baseline 0.001 -16"><span class='ocrx_word' id='word_1_4' title='bbox 1106 523 1292 578; x_wconf 79' lang='lat' dir='ltr'><strong>XLIII.</strong></span> <span class='ocrx_word' id='word_1_5' title='bbox 1307 554 1378 564; x_wconf 90' lang='lat'><strong>-—</strong></span> <span class='ocrx_word' id='word_1_6' title='bbox 1411 522 1479 578; x_wconf 82' lang='lat' dir='ltr'><strong>In</strong></span> <span class='ocrx_word' id='word_1_7' title='bbox 1519 523 1790 594; x_wconf 77' lang='lat' dir='ltr'><strong>templum.</strong></span> 
     </span>
    </p>
   </div>
   <div class='ocr_carea' id='block_1_4' title="bbox 679 616 2017 684">
    <p class='ocr_par' dir='ltr' id='par_1_4' title="bbox 679 616 2017 684">
     <span class='ocr_line' id='line_1_5' title="bbox 679 616 2017 684; baseline -0.005 -5"><span class='ocrx_word' id='word_1_8' title='bbox 679 623 874 679; x_wconf 81' lang='lat' dir='ltr'><strong>Divina</strong></span> <span class='ocrx_word' id='word_1_9' title='bbox 903 619 1030 675; x_wconf 90' lang='lat' dir='ltr'><strong>dum</strong></span> <span class='ocrx_word' id='word_1_10' title='bbox 1065 631 1124 672; x_wconf 83' lang='lat' dir='ltr'><strong>se</strong></span> <span class='ocrx_word' id='word_1_11' title='bbox 1156 631 1344 672; x_wconf 84' lang='lat' dir='ltr'><strong>mensa</strong></span> <span class='ocrx_word' id='word_1_12' title='bbox 1385 619 1737 684; x_wconf 90' lang='lat' dir='ltr'><strong>spectandam</strong></span> <span class='ocrx_word' id='word_1_13' title='bbox 1770 616 2017 682; x_wconf 86' lang='lat' dir='ltr'><strong>exhibet,</strong></span> 
     </span>
    </p>
   </div>
   <div class='ocr_carea' id='block_1_5' title="bbox 680 689 2113 774">
    <p class='ocr_par' dir='ltr' id='par_1_5' title="bbox 680 689 2113 774">
     <span class='ocr_line' id='line_1_6' title="bbox 680 689 2113 774; baseline -0.004 -4"><span class='ocrx_word' id='word_1_14' title='bbox 680 714 954 770; x_wconf 80' lang='lat' dir='ltr'><strong>Venerare</strong></span> <span class='ocrx_word' id='word_1_15' title='bbox 987 725 1211 774; x_wconf 92' lang='lat' dir='ltr'><strong>numen,</strong></span> <span class='ocrx_word' id='word_1_16' title='bbox 1243 689 1490 762; x_wconf 81' lang='lat' dir='ltr'><strong>membra</strong></span> <span class='ocrx_word' id='word_1_17' title='bbox 1534 706 1916 763; x_wconf 83' lang='lat' dir='ltr'><strong>inhorrescant</strong></span> <span class='ocrx_word' id='word_1_18' title='bbox 1944 719 2113 764; x_wconf 90' lang='lat' dir='ltr'><strong>metu.</strong></span> 
     </span>
    </p>
   </div>
   <div class='ocr_carea' id='block_1_6' title="bbox 1037 799 1901 855">
    <p class='ocr_par' dir='ltr' id='par_1_6' title="bbox 1037 799 1901 855">
     <span class='ocr_line' id='line_1_7' title="bbox 1037 799 1901 855; baseline -0.001 0"><span class='ocrx_word' id='word_1_19' title='bbox 1037 799 1223 855; x_wconf 75' lang='lat' dir='ltr'><strong>XLIV.</strong></span> <span class='ocrx_word' id='word_1_20' title='bbox 1244 830 1312 840; x_wconf 93' lang='lat'><strong><em>—</em></strong></span> <span class='ocrx_word' id='word_1_21' title='bbox 1333 799 1398 853; x_wconf 86' lang='lat' dir='ltr'><strong>In</strong></span> <span class='ocrx_word' id='word_1_22' title='bbox 1441 809 1681 852; x_wconf 82' lang='lat' dir='ltr'><strong>sanctum</strong></span> <span class='ocrx_word' id='word_1_23' title='bbox 1707 800 1901 854; x_wconf 88' lang='lat' dir='ltr'><strong>altare.</strong></span> 
     </span>
    </p>
   </div>
   <div class='ocr_carea' id='block_1_7' title="bbox 681 887 1968 963">
    <p class='ocr_par' dir='ltr' id='par_1_7' title="bbox 681 887 1968 963">
     <span class='ocr_line' id='line_1_8' title="bbox 681 887 1968 963; baseline -0.002 -14"><span class='ocrx_word' id='word_1_24' title='bbox 681 895 918 950; x_wconf 80' lang='lat' dir='ltr'><strong>Horrore</strong></span> <span class='ocrx_word' id='word_1_25' title='bbox 947 893 1166 963; x_wconf 84' lang='lat' dir='ltr'><strong>plenum</strong></span> <span class='ocrx_word' id='word_1_26' title='bbox 1203 899 1284 945; x_wconf 88' lang='lat' dir='ltr'><strong>est</strong></span> <span class='ocrx_word' id='word_1_27' title='bbox 1316 890 1419 943; x_wconf 91' lang='lat' dir='ltr'><strong>hoc</strong></span> <span class='ocrx_word' id='word_1_28' title='bbox 1448 887 1686 943; x_wconf 80' lang='lat' dir='ltr'><strong>tribunal</strong></span> <span class='ocrx_word' id='word_1_29' title='bbox 1710 900 1764 944; x_wconf 88' lang='lat' dir='ltr'><strong>et</strong></span> <span class='ocrx_word' id='word_1_30' title='bbox 1795 899 1968 958; x_wconf 89' lang='lat' dir='ltr'><strong>metu,</strong></span> 
     </span>
    </p>
   </div>
   <div class='ocr_carea' id='block_1_8' title="bbox 681 971 1911 1050">
    <p class='ocr_par' dir='ltr' id='par_1_8' title="bbox 681 971 1911 1050">
     <span class='ocr_line' id='line_1_9' title="bbox 681 971 1911 1050; baseline -0.003 -10"><span class='ocrx_word' id='word_1_31' title='bbox 681 971 884 1042; x_wconf 77' lang='lat' dir='ltr'><strong>Lucida</strong></span> <span class='ocrx_word' id='word_1_32' title='bbox 928 983 1020 1037; x_wconf 87' lang='lat' dir='ltr'><strong>Dei</strong></span> <span class='ocrx_word' id='word_1_33' title='bbox 1049 983 1214 1046; x_wconf 61' lang='lat' dir='ltr'><strong>aedes,</strong></span> <span class='ocrx_word' id='word_1_34' title='bbox 1250 996 1350 1036; x_wconf 88' lang='lat' dir='ltr'><strong>nec</strong></span> <span class='ocrx_word' id='word_1_35' title='bbox 1380 981 1484 1035; x_wconf 90' lang='lat' dir='ltr'><strong>nisi</strong></span> <span class='ocrx_word' id='word_1_36' title='bbox 1509 982 1675 1035; x_wconf 88' lang='lat' dir='ltr'><strong>castis</strong></span> <span class='ocrx_word' id='word_1_37' title='bbox 1701 991 1911 1050; x_wconf 90' lang='lat' dir='ltr'><strong>patens.</strong></span> 
     </span>
    </p>
   </div>
   <div class='ocr_carea' id='block_1_9' title="bbox 680 1075 1869 1149">
    <p class='ocr_par' dir='ltr' id='par_1_9' title="bbox 680 1075 1869 1149">
     <span class='ocr_line' id='line_1_10' title="bbox 680 1075 1869 1149; baseline -0.004 -15"><span class='ocrx_word' id='word_1_38' title='bbox 680 1080 774 1134; x_wconf 91' lang='lat' dir='ltr'><strong>Pie</strong></span> <span class='ocrx_word' id='word_1_39' title='bbox 814 1077 1118 1149; x_wconf 87' lang='lat' dir='ltr'><strong>propinqua</strong></span> <span class='ocrx_word' id='word_1_40' title='bbox 1145 1114 1159 1139; x_wconf 89' lang='lat'><strong>,</strong></span> <span class='ocrx_word' id='word_1_41' title='bbox 1192 1075 1388 1144; x_wconf 79' lang='lat' dir='ltr'><strong>dignus</strong></span> <span class='ocrx_word' id='word_1_42' title='bbox 1416 1082 1475 1128; x_wconf 91' lang='lat' dir='ltr'><strong>ut</strong></span> <span class='ocrx_word' id='word_1_43' title='bbox 1506 1075 1582 1129; x_wconf 88' lang='lat' dir='ltr'><strong>sis</strong></span> <span class='ocrx_word' id='word_1_44' title='bbox 1607 1090 1832 1129; x_wconf 89' lang='lat' dir='ltr'><strong>munere</strong></span> <span class='ocrx_word' id='word_1_45' title='bbox 1856 1094 1869 1129; x_wconf 90' lang='lat'><strong>:</strong></span> 
     </span>
    </p>
   </div>
   <div class='ocr_carea' id='block_1_10' title="bbox 679 1164 1936 1235">
    <p class='ocr_par' dir='ltr' id='par_1_10' title="bbox 679 1164 1936 1235">
     <span class='ocr_line' id='line_1_11' title="bbox 679 1164 1936 1235; baseline -0.004 -11"><span class='ocrx_word' id='word_1_46' title='bbox 679 1169 816 1224; x_wconf 76' lang='lat' dir='ltr'><strong>Nam</strong></span> <span class='ocrx_word' id='word_1_47' title='bbox 842 1183 1044 1223; x_wconf 89' lang='lat' dir='ltr'><strong>munus</strong></span> <span class='ocrx_word' id='word_1_48' title='bbox 1075 1167 1216 1235; x_wconf 82' lang='lat' dir='ltr'><strong>ignis</strong></span> <span class='ocrx_word' id='word_1_49' title='bbox 1245 1174 1352 1230; x_wconf 88' lang='lat' dir='ltr'><strong>est,</strong></span> <span class='ocrx_word' id='word_1_50' title='bbox 1379 1172 1435 1219; x_wconf 80' lang='lat' dir='ltr'><strong>et.</strong></span> <span class='ocrx_word' id='word_1_51' title='bbox 1468 1164 1726 1235; x_wconf 78' lang='lat' dir='ltr'><strong>indignos</strong></span> <span class='ocrx_word' id='word_1_52' title='bbox 1760 1171 1936 1219; x_wconf 83' lang='lat' dir='ltr'><strong>vorat.</strong></span> 
     </span>
    </p>
   </div>
   <div class='ocr_carea' id='block_1_11' title="bbox 1067 1256 1890 1326">
    <p class='ocr_par' dir='ltr' id='par_1_11' title="bbox 1067 1256 1890 1326">
     <span class='ocr_line' id='line_1_12' title="bbox 1067 1256 1890 1326; baseline 0 -16"><span class='ocrx_word' id='word_1_53' title='bbox 1067 1257 1225 1312; x_wconf 74' lang='lat' dir='ltr'><strong>XLV.</strong></span> <span class='ocrx_word' id='word_1_54' title='bbox 1250 1286 1321 1296; x_wconf 91' lang='lat'><strong>--</strong></span> <span class='ocrx_word' id='word_1_55' title='bbox 1366 1256 1432 1309; x_wconf 87' lang='lat' dir='ltr'><strong>In</strong></span> <span class='ocrx_word' id='word_1_56' title='bbox 1455 1257 1658 1326; x_wconf 83' lang='lat' dir='ltr'><strong>januas</strong></span> <span class='ocrx_word' id='word_1_57' title='bbox 1687 1257 1890 1325; x_wconf 69' lang='lat' dir='ltr'><strong>ferulas.</strong></span> 
     </span>
    </p>
   </div>
   <div class='ocr_carea' id='block_1_12' title="bbox 681 1349 1969 1421">
    <p class='ocr_par' dir='ltr' id='par_1_12' title="bbox 681 1349 1969 1421">
     <span class='ocr_line' id='line_1_13' title="bbox 681 1349 1969 1421; baseline -0.005 -13"><span class='ocrx_word' id='word_1_58' title='bbox 681 1353 913 1410; x_wconf 88' lang='lat' dir='ltr'><strong>Foribus</strong></span> <span class='ocrx_word' id='word_1_59' title='bbox 936 1351 1157 1421; x_wconf 89' lang='lat' dir='ltr'><strong>apertis,</strong></span> <span class='ocrx_word' id='word_1_60' title='bbox 1187 1350 1349 1421; x_wconf 80' lang='lat' dir='ltr'><strong>adyta</strong></span> <span class='ocrx_word' id='word_1_61' title='bbox 1392 1365 1500 1420; x_wconf 88' lang='lat' dir='ltr'><strong>qua</strong></span> <span class='ocrx_word' id='word_1_62' title='bbox 1543 1349 1727 1418; x_wconf 89' lang='lat' dir='ltr'><strong>templi</strong></span> <span class='ocrx_word' id='word_1_63' title='bbox 1761 1357 1969 1418; x_wconf 86' lang='lat' dir='ltr'><strong>patent,</strong></span> 
     </span>
    </p>
   </div>
   <div class='ocr_carea' id='block_1_13' title="bbox 682 1441 1904 1513">
    <p class='ocr_par' dir='ltr' id='par_1_13' title="bbox 682 1441 1904 1513">
     <span class='ocr_line' id='line_1_14' title="bbox 682 1441 1904 1513; baseline -0.005 -13"><span class='ocrx_word' id='word_1_64' title='bbox 682 1448 741 1500; x_wconf 89' lang='lat' dir='ltr'><strong>In</strong></span> <span class='ocrx_word' id='word_1_65' title='bbox 765 1445 927 1501; x_wconf 89' lang='lat' dir='ltr'><strong>corde</strong></span> <span class='ocrx_word' id='word_1_66' title='bbox 954 1453 1152 1500; x_wconf 57' lang='lat' dir='ltr'><strong>maesto</strong></span> <span class='ocrx_word' id='word_1_67' title='bbox 1182 1444 1431 1513; x_wconf 84' lang='lat' dir='ltr'><strong>spiritum</strong></span> <span class='ocrx_word' id='word_1_68' title='bbox 1466 1441 1598 1496; x_wconf 71' lang='lat' dir='ltr'><strong>oﬂ‘er</strong></span> <span class='ocrx_word' id='word_1_69' title='bbox 1634 1443 1856 1495; x_wconf 81' lang='lat' dir='ltr'><strong>anxium</strong></span> <span class='ocrx_word' id='word_1_70' title='bbox 1890 1459 1904 1494; x_wconf 91' lang='lat'>:</span> 
     </span>
    </p>
   </div>
   <div class='ocr_carea' id='block_1_14' title="bbox 681 1532 1964 1608">
    <p class='ocr_par' dir='ltr' id='par_1_14' title="bbox 681 1532 1964 1608">
     <span class='ocr_line' id='line_1_15' title="bbox 681 1532 1964 1608; baseline -0.005 -15"><span class='ocrx_word' id='word_1_71' title='bbox 681 1539 808 1594; x_wconf 79' lang='lat' dir='ltr'><strong>llaec</strong></span> <span class='ocrx_word' id='word_1_72' title='bbox 835 1547 984 1608; x_wconf 75' lang='lat' dir='ltr'><strong>grata</strong></span> <span class='ocrx_word' id='word_1_73' title='bbox 1020 1537 1250 1592; x_wconf 90' lang='lat' dir='ltr'><strong>Domino</strong></span> <span class='ocrx_word' id='word_1_74' title='bbox 1279 1545 1383 1600; x_wconf 88' lang='lat' dir='ltr'><strong>est,</strong></span> <span class='ocrx_word' id='word_1_75' title='bbox 1419 1536 1520 1590; x_wconf 89' lang='lat' dir='ltr'><strong>hac</strong></span> <span class='ocrx_word' id='word_1_76' title='bbox 1543 1535 1727 1590; x_wconf 78' lang='lat' dir='ltr'><strong>litatur</strong></span> <span class='ocrx_word' id='word_1_77' title='bbox 1764 1532 1964 1587; x_wconf 88' lang='lat' dir='ltr'><strong>hostia.</strong></span> 
     </span>
    </p>
   </div>
   <div class='ocr_carea' id='block_1_15' title="bbox 855 1626 2080 1697">
    <p class='ocr_par' dir='ltr' id='par_1_15' title="bbox 855 1626 2080 1697">
     <span class='ocr_line' id='line_1_16' title="bbox 855 1626 2080 1697; baseline -0.003 -13"><span class='ocrx_word' id='word_1_78' title='bbox 855 1628 1044 1684; x_wconf 76' lang='lat' dir='ltr'><strong>XLVI.</strong></span> <span class='ocrx_word' id='word_1_79' title='bbox 1076 1660 1146 1669; x_wconf 94' lang='lat'><strong>—</strong></span> <span class='ocrx_word' id='word_1_80' title='bbox 1174 1628 1240 1682; x_wconf 85' lang='lat' dir='ltr'><strong>In</strong></span> <span class='ocrx_word' id='word_1_81' title='bbox 1272 1629 1502 1697; x_wconf 86' lang='lat' dir='ltr'><strong>primum</strong></span> <span class='ocrx_word' id='word_1_82' title='bbox 1549 1626 1730 1696; x_wconf 78' lang='lat' dir='ltr'><strong>templi</strong></span> <span class='ocrx_word' id='word_1_83' title='bbox 1765 1626 2080 1696; x_wconf 77' lang='lat' dir='ltr'><strong>ingressum.</strong></span> 
     </span>
    </p>
   </div>
   <div class='ocr_carea' id='block_1_16' title="bbox 681 1717 1792 1793">
    <p class='ocr_par' dir='ltr' id='par_1_16' title="bbox 681 1717 1792 1793">
     <span class='ocr_line' id='line_1_17' title="bbox 681 1717 1792 1793; baseline -0.008 -14"><span class='ocrx_word' id='word_1_84' title='bbox 681 1724 868 1779; x_wconf 87' lang='lat' dir='ltr'><strong>Limen</strong></span> <span class='ocrx_word' id='word_1_85' title='bbox 908 1731 1163 1793; x_wconf 87' lang='lat' dir='ltr'><strong>parantes</strong></span> <span class='ocrx_word' id='word_1_86' title='bbox 1203 1719 1412 1789; x_wconf 83' lang='lat' dir='ltr'><strong>ingredi</strong></span> <span class='ocrx_word' id='word_1_87' title='bbox 1444 1719 1640 1773; x_wconf 90' lang='lat' dir='ltr'><strong>domus</strong></span> <span class='ocrx_word' id='word_1_88' title='bbox 1675 1717 1792 1784; x_wconf 85' lang='lat' dir='ltr'><strong>Dei,</strong></span> 
     </span>
    </p>
   </div>
   <div class='ocr_carea' id='block_1_17' title="bbox 679 1813 1720 1883">
    <p class='ocr_par' dir='ltr' id='par_1_17' title="bbox 679 1813 1720 1883">
     <span class='ocr_line' id='line_1_18' title="bbox 679 1813 1720 1883; baseline -0.009 -11"><span class='ocrx_word' id='word_1_89' title='bbox 679 1819 976 1872; x_wconf 79' lang='lat' dir='ltr'><strong>Removete</strong></span> <span class='ocrx_word' id='word_1_90' title='bbox 997 1831 1158 1870; x_wconf 87' lang='lat' dir='ltr'><strong>curas</strong></span> <span class='ocrx_word' id='word_1_91' title='bbox 1203 1815 1369 1868; x_wconf 61' lang='lat' dir='ltr'><strong>ebria:</strong></span> <span class='ocrx_word' id='word_1_92' title='bbox 1407 1813 1679 1883; x_wconf 87' lang='lat' dir='ltr'><strong>cupidinis</strong></span> <span class='ocrx_word' id='word_1_93' title='bbox 1709 1831 1720 1863; x_wconf 90' lang='lat'><strong>:</strong></span> 
     </span>
    </p>
   </div>
   <div class='ocr_carea' id='block_1_18' title="bbox 682 1905 1899 1978">
    <p class='ocr_par' dir='ltr' id='par_1_18' title="bbox 682 1905 1899 1978">
     <span class='ocr_line' id='line_1_19' title="bbox 682 1905 1899 1978; baseline -0.002 -15"><span class='ocrx_word' id='word_1_94' title='bbox 682 1911 832 1964; x_wconf 90' lang='lat' dir='ltr'><strong>Intus</strong></span> <span class='ocrx_word' id='word_1_95' title='bbox 859 1909 1148 1978; x_wconf 81' lang='lat' dir='ltr'><strong>benignum</strong></span> <span class='ocrx_word' id='word_1_96' title='bbox 1175 1917 1234 1959; x_wconf 90' lang='lat' dir='ltr'><strong>ut</strong></span> <span class='ocrx_word' id='word_1_97' title='bbox 1252 1905 1488 1974; x_wconf 81' lang='lat' dir='ltr'><strong>judicent</strong></span> <span class='ocrx_word' id='word_1_98' title='bbox 1519 1905 1899 1974; x_wconf 83' lang='lat' dir='ltr'><strong>experiamini,</strong></span> 
     </span>
    </p>
   </div>
   <div class='ocr_carea' id='block_1_19' title="bbox 681 1997 1878 2070">
    <p class='ocr_par' dir='ltr' id='par_1_19' title="bbox 681 1997 1878 2070">
     <span class='ocr_line' id='line_1_20' title="bbox 681 1997 1878 2070; baseline -0.005 -12"><span class='ocrx_word' id='word_1_99' title='bbox 681 2002 786 2070; x_wconf 85' lang='lat' dir='ltr'><strong>Qui</strong></span> <span class='ocrx_word' id='word_1_100' title='bbox 815 2003 948 2056; x_wconf 87' lang='lat' dir='ltr'><strong>dura</strong></span> <span class='ocrx_word' id='word_1_101' title='bbox 982 2001 1134 2054; x_wconf 86' lang='lat' dir='ltr'><strong>vobis</strong></span> <span class='ocrx_word' id='word_1_102' title='bbox 1163 1999 1339 2051; x_wconf 84' lang='lat' dir='ltr'><strong>vincla</strong></span> <span class='ocrx_word' id='word_1_103' title='bbox 1364 1998 1537 2051; x_wconf 81' lang='lat' dir='ltr'><strong>Solvat</strong></span> <span class='ocrx_word' id='word_1_104' title='bbox 1565 1997 1878 2052; x_wconf 88' lang='lat' dir='ltr'><strong>criminum.</strong></span> 
     </span>
    </p>
   </div>
   <div class='ocr_carea' id='block_1_20' title="bbox 821 2089 2084 2159">
    <p class='ocr_par' dir='ltr' id='par_1_20' title="bbox 821 2089 2084 2159">
     <span class='ocr_line' id='line_1_21' title="bbox 821 2089 2084 2159; baseline -0.004 -12"><span class='ocrx_word' id='word_1_105' title='bbox 821 2093 1114 2148; x_wconf 78' lang='lat' dir='ltr'><strong>XLVII.—-</strong></span> <span class='ocrx_word' id='word_1_106' title='bbox 1136 2089 1202 2144; x_wconf 84' lang='lat' dir='ltr'><strong>In</strong></span> <span class='ocrx_word' id='word_1_107' title='bbox 1226 2089 1404 2159; x_wconf 79' lang='lat' dir='ltr'><strong>templi</strong></span> <span class='ocrx_word' id='word_1_108' title='bbox 1432 2091 1758 2159; x_wconf 77' lang='lat' dir='ltr'><strong>ingressum:</strong></span> <span class='ocrx_word' id='word_1_109' title='bbox 1781 2092 1835 2144; x_wconf 84' lang='lat' dir='ltr'><strong>in</strong></span> <span class='ocrx_word' id='word_1_110' title='bbox 1859 2105 2084 2144; x_wconf 88' lang='lat' dir='ltr'><strong>crucem.</strong></span> 
     </span>
    </p>
   </div>
   <div class='ocr_carea' id='block_1_21' title="bbox 680 2183 1889 2252">
    <p class='ocr_par' dir='ltr' id='par_1_21' title="bbox 680 2183 1889 2252">
     <span class='ocr_line' id='line_1_22' title="bbox 680 2183 1889 2252; baseline -0.007 -8"><span class='ocrx_word' id='word_1_111' title='bbox 680 2187 916 2244; x_wconf 84' lang='lat' dir='ltr'><strong>Custode</strong></span> <span class='ocrx_word' id='word_1_112' title='bbox 951 2201 1058 2248; x_wconf 90' lang='lat' dir='ltr'><strong>me,</strong></span> <span class='ocrx_word' id='word_1_113' title='bbox 1101 2194 1153 2239; x_wconf 91' lang='lat' dir='ltr'><strong>te</strong></span> <span class='ocrx_word' id='word_1_114' title='bbox 1178 2183 1362 2238; x_wconf 90' lang='lat' dir='ltr'><strong>nullus</strong></span> <span class='ocrx_word' id='word_1_115' title='bbox 1409 2183 1641 2252; x_wconf 75' lang='lat' dir='ltr'><strong>exagitet</strong></span> <span class='ocrx_word' id='word_1_116' title='bbox 1671 2193 1889 2238; x_wconf 88' lang='lat' dir='ltr'><strong>metus:</strong></span> 
     </span>
    </p>
   </div>
   <div class='ocr_carea' id='block_1_22' title="bbox 680 2275 2188 2350">
    <p class='ocr_par' dir='ltr' id='par_1_22' title="bbox 680 2275 2188 2350">
     <span class='ocr_line' id='line_1_23' title="bbox 680 2275 2188 2350; baseline -0.004 -16"><span class='ocrx_word' id='word_1_117' title='bbox 680 2278 794 2350; x_wconf 83' lang='lat' dir='ltr'><strong>Ego</strong></span> <span class='ocrx_word' id='word_1_118' title='bbox 839 2293 1074 2346; x_wconf 80' lang='lat' dir='ltr'><strong>namque</strong></span> <span class='ocrx_word' id='word_1_119' title='bbox 1106 2286 1297 2332; x_wconf 86' lang='lat' dir='ltr'><strong>.terror</strong></span> <span class='ocrx_word' id='word_1_120' title='bbox 1330 2275 1670 2330; x_wconf 67' lang='lat' dir='ltr'><strong>daemonibus</strong></span> <span class='ocrx_word' id='word_1_121' title='bbox 1707 2285 1762 2330; x_wconf 88' lang='lat' dir='ltr'><strong>et</strong></span> <span class='ocrx_word' id='word_1_122' title='bbox 1796 2276 2017 2330; x_wconf 85' lang='lat' dir='ltr'><strong>ﬂamma</strong></span> <span class='ocrx_word' id='word_1_123' title='bbox 2043 2290 2188 2330; x_wconf 92' lang='lat' dir='ltr'><strong>sum.</strong></span> 
     </span>
    </p>
   </div>
   <div class='ocr_carea' id='block_1_23' title="bbox 991 2367 1994 2438">
    <p class='ocr_par' dir='ltr' id='par_1_23' title="bbox 991 2367 1994 2438">
     <span class='ocr_line' id='line_1_24' title="bbox 991 2367 1994 2438; baseline -0.001 -15"><span class='ocrx_word' id='word_1_124' title='bbox 991 2367 1226 2424; x_wconf 74' lang='lat' dir='ltr'><strong>XLVIII.</strong></span> <span class='ocrx_word' id='word_1_125' title='bbox 1244 2398 1316 2410; x_wconf 92' lang='lat'><strong>—</strong></span> <span class='ocrx_word' id='word_1_126' title='bbox 1339 2367 1682 2438; x_wconf 80' lang='lat' dir='ltr'><strong>Epigramma</strong></span> <span class='ocrx_word' id='word_1_127' title='bbox 1699 2369 1750 2422; x_wconf 86' lang='lat' dir='ltr'><strong>in</strong></span> <span class='ocrx_word' id='word_1_128' title='bbox 1771 2385 1968 2422; x_wconf 78' lang='lat' dir='ltr'><strong>cruces.</strong></span> <span class='ocrx_word' id='word_1_129' title='bbox 1991 2375 1994 2378; x_wconf 81' lang='grc'><strong>’</strong></span> 
     </span>
    </p>
   </div>
   <div class='ocr_carea' id='block_1_24' title="bbox 679 2461 2177 2534">
    <p class='ocr_par' dir='ltr' id='par_1_24' title="bbox 679 2461 2177 2534">
     <span class='ocr_line' id='line_1_25' title="bbox 679 2461 2177 2534; baseline 0.001 -15"><span class='ocrx_word' id='word_1_130' title='bbox 679 2463 1001 2534; x_wconf 90' lang='lat' dir='ltr'><strong>Ubicunque</strong></span> <span class='ocrx_word' id='word_1_131' title='bbox 1029 2464 1242 2532; x_wconf 81' lang='lat' dir='ltr'><strong>pingor,</strong></span> <span class='ocrx_word' id='word_1_132' title='bbox 1287 2461 1498 2529; x_wconf 87' lang='lat' dir='ltr'><strong>nullum</strong></span> <span class='ocrx_word' id='word_1_133' title='bbox 1557 2461 1719 2527; x_wconf 71' lang='lat' dir='ltr'><strong>habet</strong></span> <span class='ocrx_word' id='word_1_134' title='bbox 1760 2461 1926 2516; x_wconf 86' lang='lat' dir='ltr'><strong>Satan</strong></span> <span class='ocrx_word' id='word_1_135' title='bbox 1961 2462 2177 2520; x_wconf 89' lang='lat' dir='ltr'><strong>locum:</strong></span> 
     </span>
    </p>
   </div>
   <div class='ocr_carea' id='block_1_25' title="bbox 679 2553 1855 2624">
    <p class='ocr_par' dir='ltr' id='par_1_25' title="bbox 679 2553 1855 2624">
     <span class='ocr_line' id='line_1_26' title="bbox 679 2553 1855 2624; baseline -0.003 -13"><span class='ocrx_word' id='word_1_136' title='bbox 679 2556 816 2610; x_wconf 74' lang='lat' dir='ltr'><strong>Nam</strong></span> <span class='ocrx_word' id='word_1_137' title='bbox 856 2557 1024 2611; x_wconf 88' lang='lat' dir='ltr'><strong>robur</strong></span> <span class='ocrx_word' id='word_1_138' title='bbox 1051 2555 1170 2624; x_wconf 84' lang='lat' dir='ltr'><strong>ejus</strong></span> <span class='ocrx_word' id='word_1_139' title='bbox 1201 2553 1422 2608; x_wconf 88' lang='lat' dir='ltr'><strong>sustulit</strong></span> <span class='ocrx_word' id='word_1_140' title='bbox 1460 2569 1554 2607; x_wconf 89' lang='lat' dir='ltr'><strong>rex</strong></span> <span class='ocrx_word' id='word_1_141' title='bbox 1586 2554 1855 2607; x_wconf 90' lang='lat' dir='ltr'><strong>omnium.</strong></span> 
     </span>
    </p>
   </div>
   <div class='ocr_carea' id='block_1_26' title="bbox 1245 2643 1818 2698">
    <p class='ocr_par' dir='ltr' id='par_1_26' title="bbox 1245 2643 1818 2698">
     <span class='ocr_line' id='line_1_27' title="bbox 1245 2643 1818 2698; baseline -0.016 0"><span class='ocrx_word' id='word_1_142' title='bbox 1245 2643 1505 2698; x_wconf 77' lang='lat' dir='ltr'><strong>XLIX.-—-</strong></span> <span class='ocrx_word' id='word_1_143' title='bbox 1535 2643 1716 2696; x_wconf 81' lang='lat' dir='ltr'><strong>Aliud.</strong></span> <span class='ocrx_word' id='word_1_144' title='bbox 1811 2681 1818 2688; x_wconf 85' lang='lat'><strong>.</strong></span> 
     </span>
    </p>
   </div>
   <div class='ocr_carea' id='block_1_27' title="bbox 675 2737 1922 2812">
    <p class='ocr_par' dir='ltr' id='par_1_27' title="bbox 675 2737 1922 2812">
     <span class='ocr_line' id='line_1_28' title="bbox 675 2737 1922 2812; baseline -0.002 -15"><span class='ocrx_word' id='word_1_145' title='bbox 675 2740 880 2812; x_wconf 81' lang='lat' dir='ltr'><strong>Fugam</strong></span> <span class='ocrx_word' id='word_1_146' title='bbox 917 2738 1171 2809; x_wconf 88' lang='lat' dir='ltr'><strong>capessit,</strong></span> <span class='ocrx_word' id='word_1_147' title='bbox 1229 2745 1281 2792; x_wconf 90' lang='lat' dir='ltr'><strong>te</strong></span> <span class='ocrx_word' id='word_1_148' title='bbox 1313 2739 1503 2808; x_wconf 90' lang='lat' dir='ltr'><strong>procul</strong></span> <span class='ocrx_word' id='word_1_149' title='bbox 1534 2738 1670 2804; x_wconf 86' lang='lat' dir='ltr'><strong>visa,</strong></span> <span class='ocrx_word' id='word_1_150' title='bbox 1716 2737 1885 2794; x_wconf 88' lang='lat' dir='ltr'><strong>draco</strong></span> <span class='ocrx_word' id='word_1_151' title='bbox 1907 2777 1922 2804; x_wconf 87' lang='lat'><strong>,</strong></span> 
     </span>
    </p>
   </div>
   <div class='ocr_carea' id='block_1_28' title="bbox 679 2831 1774 2903">
    <p class='ocr_par' dir='ltr' id='par_1_28' title="bbox 679 2831 1774 2903">
     <span class='ocr_line' id='line_1_29' title="bbox 679 2831 1774 2903; baseline -0.002 -17"><span class='ocrx_word' id='word_1_152' title='bbox 679 2833 847 2888; x_wconf 90' lang='lat' dir='ltr'><strong>Deum</strong></span> <span class='ocrx_word' id='word_1_153' title='bbox 882 2833 1118 2903; x_wconf 79' lang='lat' dir='ltr'><strong>gerentis</strong></span> <span class='ocrx_word' id='word_1_154' title='bbox 1152 2832 1368 2886; x_wconf 89' lang='lat' dir='ltr'><strong>intuens</strong></span> <span class='ocrx_word' id='word_1_155' title='bbox 1404 2831 1535 2899; x_wconf 77' lang='lat' dir='ltr'><strong>ligni</strong></span> <span class='ocrx_word' id='word_1_156' title='bbox 1562 2838 1774 2900; x_wconf 82' lang='lat' dir='ltr'><strong>typum.</strong></span> 
     </span>
    </p>
   </div>
   <div class='ocr_carea' id='block_1_29' title="bbox 1238 2919 1601 2974">
    <p class='ocr_par' dir='ltr' id='par_1_29' title="bbox 1238 2919 1601 2974">
     <span class='ocr_line' id='line_1_30' title="bbox 1238 2919 1601 2974; baseline 0 -1"><span class='ocrx_word' id='word_1_157' title='bbox 1238 2919 1299 2974; x_wconf 90' lang='lat' dir='ltr'><strong>L.</strong></span> <span class='ocrx_word' id='word_1_158' title='bbox 1321 2952 1390 2962; x_wconf 90' lang='lat'><strong>——</strong></span> <span class='ocrx_word' id='word_1_159' title='bbox 1418 2921 1601 2974; x_wconf 86' lang='lat' dir='ltr'><strong>Aliud.</strong></span> 
     </span>
    </p>
   </div>
   <div class='ocr_carea' id='block_1_30' title="bbox 675 3011 1954 3084">
    <p class='ocr_par' dir='ltr' id='par_1_30' title="bbox 675 3011 1954 3084">
     <span class='ocr_line' id='line_1_31' title="bbox 675 3011 1954 3084; baseline -0.001 -15"><span class='ocrx_word' id='word_1_160' title='bbox 675 3013 720 3069; x_wconf 90' lang='grc' dir='ltr'><strong>Ο</strong></span> <span class='ocrx_word' id='word_1_161' title='bbox 749 3031 908 3078; x_wconf 89' lang='lat' dir='ltr'><strong>crux,</strong></span> <span class='ocrx_word' id='word_1_162' title='bbox 939 3014 1188 3084; x_wconf 88' lang='lat' dir='ltr'><strong>perenni,</strong></span> <span class='ocrx_word' id='word_1_163' title='bbox 1228 3012 1324 3067; x_wconf 90' lang='lat' dir='ltr'><strong>lux</strong></span> <span class='ocrx_word' id='word_1_164' title='bbox 1359 3029 1477 3066; x_wconf 89' lang='lat' dir='ltr'><strong>mea</strong></span> <span class='ocrx_word' id='word_1_165' title='bbox 1501 3052 1516 3078; x_wconf 94' lang='lat'><strong>,</strong></span> <span class='ocrx_word' id='word_1_166' title='bbox 1545 3012 1693 3067; x_wconf 88' lang='lat' dir='ltr'><strong>adsis</strong></span> <span class='ocrx_word' id='word_1_167' title='bbox 1729 3011 1954 3078; x_wconf 87' lang='lat' dir='ltr'><strong>lumine,</strong></span> 
     </span>
    </p>
   </div>
   <div class='ocr_carea' id='block_1_31' title="bbox 675 3105 1864 3178">
    <p class='ocr_par' dir='ltr' id='par_1_31' title="bbox 675 3105 1864 3178">
     <span class='ocr_line' id='line_1_32' title="bbox 675 3105 1864 3178; baseline -0.003 -16"><span class='ocrx_word' id='word_1_168' title='bbox 675 3107 965 3178; x_wconf 76' lang='lat' dir='ltr'><strong>Longeque</strong></span> <span class='ocrx_word' id='word_1_169' title='bbox 1014 3106 1210 3161; x_wconf 88' lang='lat' dir='ltr'><strong>mentis</strong></span> <span class='ocrx_word' id='word_1_170' title='bbox 1245 3105 1514 3160; x_wconf 89' lang='lat' dir='ltr'><strong>submove</strong></span> <span class='ocrx_word' id='word_1_171' title='bbox 1549 3105 1864 3175; x_wconf 77' lang='lat' dir='ltr'><strong>caliginem.</strong></span> 
     </span>
    </p>
   </div>
   <div class='ocr_carea' id='block_1_32' title="bbox 1245 3195 1630 3252">
    <p class='ocr_par' dir='ltr' id='par_1_32' title="bbox 1245 3195 1630 3252">
     <span class='ocr_line' id='line_1_33' title="bbox 1245 3195 1630 3252; baseline -0.005 -3"><span class='ocrx_word' id='word_1_172' title='bbox 1245 3195 1330 3249; x_wconf 88' lang='lat' dir='ltr'><strong>LI.</strong></span> <span class='ocrx_word' id='word_1_173' title='bbox 1355 3227 1426 3242; x_wconf 74' lang='grc' dir='ltr'><strong>-υ-</strong></span> <span class='ocrx_word' id='word_1_174' title='bbox 1445 3195 1630 3252; x_wconf 88' lang='lat' dir='ltr'><strong>Aliud.</strong></span> 
     </span>
    </p>
   </div>
   <div class='ocr_carea' id='block_1_33' title="bbox 679 3287 1820 3358">
    <p class='ocr_par' dir='ltr' id='par_1_33' title="bbox 679 3287 1820 3358">
     <span class='ocr_line' id='line_1_34' title="bbox 679 3287 1820 3358; baseline -0.001 -15"><span class='ocrx_word' id='word_1_175' title='bbox 679 3288 861 3343; x_wconf 87' lang='lat' dir='ltr'><strong>Detlxa</strong></span> <span class='ocrx_word' id='word_1_176' title='bbox 889 3302 1105 3343; x_wconf 89' lang='lat' dir='ltr'><strong>summo</strong></span> <span class='ocrx_word' id='word_1_177' title='bbox 1128 3287 1408 3357; x_wconf 70' lang='lat' dir='ltr'><strong>Golgothaa</strong></span> <span class='ocrx_word' id='word_1_178' title='bbox 1433 3287 1633 3341; x_wconf 89' lang='lat' dir='ltr'><strong>montis</strong></span> <span class='ocrx_word' id='word_1_179' title='bbox 1652 3287 1784 3358; x_wconf 75' lang='lat' dir='ltr'><strong>jugo</strong></span> <span class='ocrx_word' id='word_1_180' title='bbox 1804 3327 1820 3354; x_wconf 93' lang='lat'><strong>,</strong></span> 
     </span>
    </p>
   </div>
   <div class='ocr_carea' id='block_1_34' title="bbox 679 3378 1829 3451">
    <p class='ocr_par' dir='ltr' id='par_1_34' title="bbox 679 3378 1829 3451">
     <span class='ocr_line' id='line_1_35' title="bbox 679 3378 1829 3451; baseline 0 -17"><span class='ocrx_word' id='word_1_181' title='bbox 679 3380 807 3436; x_wconf 72' lang='lat' dir='ltr'><strong>Haec</strong></span> <span class='ocrx_word' id='word_1_182' title='bbox 835 3396 993 3451; x_wconf 88' lang='lat' dir='ltr'><strong>poma</strong></span> <span class='ocrx_word' id='word_1_183' title='bbox 1017 3379 1222 3434; x_wconf 90' lang='lat' dir='ltr'><strong>mundo</strong></span> <span class='ocrx_word' id='word_1_184' title='bbox 1257 3378 1479 3448; x_wconf 88' lang='lat' dir='ltr'><strong>protulit</strong></span> <span class='ocrx_word' id='word_1_185' title='bbox 1515 3378 1722 3432; x_wconf 79' lang='lat' dir='ltr'><strong>vitalia.</strong></span> <span class='ocrx_word' id='word_1_186' title='bbox 1817 3405 1829 3434; x_wconf 84' lang='grc'><strong><em>›</em></strong></span> 
     </span>
    </p>
   </div>
   <div class='ocr_carea' id='block_1_35' title="bbox 1275 3467 1692 3523">
    <p class='ocr_par' dir='ltr' id='par_1_35' title="bbox 1275 3467 1692 3523">
     <span class='ocr_line' id='line_1_36' title="bbox 1275 3467 1692 3523; baseline 0.005 -2"><span class='ocrx_word' id='word_1_187' title='bbox 1275 3467 1387 3522; x_wconf 89' lang='lat' dir='ltr'><strong>LII.</strong></span> <span class='ocrx_word' id='word_1_188' title='bbox 1407 3497 1476 3508; x_wconf 91' lang='lat'><strong>-—</strong></span> <span class='ocrx_word' id='word_1_189' title='bbox 1511 3469 1692 3523; x_wconf 88' lang='lat' dir='ltr'><strong>Aliud.</strong></span> 
     </span>
    </p>
   </div>
   <div class='ocr_carea' id='block_1_36' title="bbox 681 3559 1906 3629">
    <p class='ocr_par' dir='ltr' id='par_1_36' title="bbox 681 3559 1906 3629">
     <span class='ocr_line' id='line_1_37' title="bbox 681 3559 1906 3629; baseline -0.001 -13"><span class='ocrx_word' id='word_1_190' title='bbox 681 3561 934 3629; x_wconf 88' lang='lat' dir='ltr'><strong>Expansa</strong></span> <span class='ocrx_word' id='word_1_191' title='bbox 966 3559 1195 3615; x_wconf 88' lang='lat' dir='ltr'><strong>tendens</strong></span> <span class='ocrx_word' id='word_1_192' title='bbox 1218 3559 1469 3614; x_wconf 89' lang='lat' dir='ltr'><strong>Christus</strong></span> <span class='ocrx_word' id='word_1_193' title='bbox 1491 3560 1543 3613; x_wconf 90' lang='lat' dir='ltr'><strong>in</strong></span> <span class='ocrx_word' id='word_1_194' title='bbox 1576 3572 1628 3614; x_wconf 86' lang='lat' dir='ltr'><strong>te</strong></span> <span class='ocrx_word' id='word_1_195' title='bbox 1660 3560 1906 3625; x_wconf 89' lang='lat' dir='ltr'><strong>brachia,</strong></span> 
     </span>
    </p>
   </div>
   <div class='ocr_carea' id='block_1_37' title="bbox 681 3653 1906 3708">
    <p class='ocr_par' dir='ltr' id='par_1_37' title="bbox 681 3653 1906 3708">
     <span class='ocr_line' id='line_1_38' title="bbox 681 3653 1906 3708; baseline 0 -1"><span class='ocrx_word' id='word_1_196' title='bbox 681 3653 941 3708; x_wconf 83' lang='lat' dir='ltr'><strong>Mundum</strong></span> <span class='ocrx_word' id='word_1_197' title='bbox 970 3653 1224 3708; x_wconf 85' lang='lat' dir='ltr'><strong>excitavit</strong></span> <span class='ocrx_word' id='word_1_198' title='bbox 1251 3669 1281 3706; x_wconf 92' lang='lat' dir='ltr'><strong>e</strong></span> <span class='ocrx_word' id='word_1_199' title='bbox 1311 3653 1565 3707; x_wconf 88' lang='lat' dir='ltr'><strong>barathro</strong></span> <span class='ocrx_word' id='word_1_200' title='bbox 1592 3655 1906 3708; x_wconf 90' lang='lat' dir='ltr'><strong>criminum.</strong></span> 
     </span>
    </p>
   </div>
   <div class='ocr_carea' id='block_1_38' title="bbox 1269 3743 1700 3799">
    <p class='ocr_par' dir='ltr' id='par_1_38' title="bbox 1269 3743 1700 3799">
     <span class='ocr_line' id='line_1_39' title="bbox 1269 3743 1700 3799; baseline 0.002 -1"><span class='ocrx_word' id='word_1_201' title='bbox 1269 3743 1491 3798; x_wconf 63' lang='grc' dir='ltr'>ιλιι..-</span> <span class='ocrx_word' id='word_1_202' title='bbox 1516 3745 1700 3799; x_wconf 81' lang='lat' dir='ltr'><strong>Aliud.</strong></span> 
     </span>
    </p>
   </div>
   <div class='ocr_carea' id='block_1_39' title="bbox 686 3838 1801 3911">
    <p class='ocr_par' dir='ltr' id='par_1_39' title="bbox 686 3838 1801 3911">
     <span class='ocr_line' id='line_1_40' title="bbox 686 3838 1801 3911; baseline -0.002 -15"><span class='ocrx_word' id='word_1_203' title='bbox 686 3841 867 3907; x_wconf 89' lang='lat' dir='ltr'><strong>Salve,</strong></span> <span class='ocrx_word' id='word_1_204' title='bbox 909 3839 1208 3911; x_wconf 68' lang='lat' dir='ltr'><strong>trophazum</strong></span> <span class='ocrx_word' id='word_1_205' title='bbox 1242 3838 1450 3894; x_wconf 61' lang='lat' dir='ltr'><strong>cuilica‘.</strong></span> <span class='ocrx_word' id='word_1_206' title='bbox 1489 3839 1801 3908; x_wconf 68' lang='lat' dir='ltr'><strong>panOpIiaz:</strong></span> 
     </span>
    </p>
   </div>
   <div class='ocr_carea' id='block_1_40' title="bbox 681 3927 2006 4001">
    <p class='ocr_par' dir='ltr' id='par_1_40' title="bbox 681 3927 2006 4001">
     <span class='ocr_line' id='line_1_41' title="bbox 681 3927 2006 4001; baseline -0.005 -12"><span class='ocrx_word' id='word_1_207' title='bbox 681 3934 787 3989; x_wconf 88' lang='lat' dir='ltr'><strong>Per</strong></span> <span class='ocrx_word' id='word_1_208' title='bbox 824 3943 875 3988; x_wconf 90' lang='lat' dir='ltr'><strong>te</strong></span> <span class='ocrx_word' id='word_1_209' title='bbox 915 3931 1100 4001; x_wconf 79' lang='lat' dir='ltr'><strong>fugata</strong></span> <span class='ocrx_word' id='word_1_210' title='bbox 1128 3940 1213 3986; x_wconf 86' lang='lat' dir='ltr'><strong>est</strong></span> <span class='ocrx_word' id='word_1_211' title='bbox 1240 3938 1354 3984; x_wconf 86' lang='lat' dir='ltr'><strong>tota</strong></span> <span class='ocrx_word' id='word_1_212' title='bbox 1388 3929 1699 3984; x_wconf 68' lang='lat' dir='ltr'><strong>daemonum</strong></span> <span class='ocrx_word' id='word_1_213' title='bbox 1743 3927 2006 3998; x_wconf 81' lang='lat' dir='ltr'><strong>phalanx.</strong></span> 
     </span>
    </p>
   </div>
   <div class='ocr_carea' id='block_1_41' title="bbox 1248 4019 1686 4080">
    <p class='ocr_par' dir='ltr' id='par_1_41' title="bbox 1248 4019 1686 4080">
     <span class='ocr_line' id='line_1_42' title="bbox 1248 4019 1686 4080; baseline 0.007 -5"><span class='ocrx_word' id='word_1_214' title='bbox 1248 4019 1384 4075; x_wconf 91' lang='lat' dir='ltr'><strong>LIV.</strong></span> <span class='ocrx_word' id='word_1_215' title='bbox 1408 4051 1474 4061; x_wconf 95' lang='lat'><strong>—</strong></span> <span class='ocrx_word' id='word_1_216' title='bbox 1499 4020 1686 4080; x_wconf 82' lang='lat' dir='ltr'><strong>Aliud.</strong></span> 
     </span>
    </p>
   </div>
   <div class='ocr_carea' id='block_1_42' title="bbox 685 4115 1793 4183">
    <p class='ocr_par' dir='ltr' id='par_1_42' title="bbox 685 4115 1793 4183">
     <span class='ocr_line' id='line_1_43' title="bbox 685 4115 1793 4183; baseline -0.005 -8"><span class='ocrx_word' id='word_1_217' title='bbox 685 4120 864 4183; x_wconf 88' lang='lat' dir='ltr'><strong>Salve,</strong></span> <span class='ocrx_word' id='word_1_218' title='bbox 897 4119 1060 4173; x_wconf 84' lang='lat' dir='ltr'><strong>arbor</strong></span> <span class='ocrx_word' id='word_1_219' title='bbox 1089 4117 1318 4180; x_wconf 88' lang='lat' dir='ltr'><strong>illibata,</strong></span> <span class='ocrx_word' id='word_1_220' title='bbox 1355 4125 1433 4170; x_wconf 89' lang='lat' dir='ltr'><strong>ter</strong></span> <span class='ocrx_word' id='word_1_221' title='bbox 1457 4115 1746 4170; x_wconf 89' lang='lat' dir='ltr'><strong>laudabilis</strong></span> <span class='ocrx_word' id='word_1_222' title='bbox 1778 4133 1793 4170; x_wconf 93' lang='lat'><strong>:</strong></span> 
     </span>
    </p>
   </div>
   <div class='ocr_carea' id='block_1_43' title="bbox 685 4209 1802 4266">
    <p class='ocr_par' dir='ltr' id='par_1_43' title="bbox 685 4209 1802 4266">
     <span class='ocr_line' id='line_1_44' title="bbox 685 4209 1802 4266; baseline -0.002 0"><span class='ocrx_word' id='word_1_223' title='bbox 685 4211 822 4266; x_wconf 88' lang='lat' dir='ltr'><strong>Fera</strong></span> <span class='ocrx_word' id='word_1_224' title='bbox 847 4211 1038 4265; x_wconf 87' lang='lat' dir='ltr'><strong>mortis</strong></span> <span class='ocrx_word' id='word_1_225' title='bbox 1077 4209 1134 4263; x_wconf 91' lang='lat' dir='ltr'><strong>in</strong></span> <span class='ocrx_word' id='word_1_226' title='bbox 1164 4217 1217 4264; x_wconf 89' lang='lat' dir='ltr'><strong>te</strong></span> <span class='ocrx_word' id='word_1_227' title='bbox 1247 4218 1429 4262; x_wconf 83' lang='lat' dir='ltr'><strong>cessat</strong></span> <span class='ocrx_word' id='word_1_228' title='bbox 1473 4209 1802 4264; x_wconf 83' lang='lat' dir='ltr'><strong>exsecratio.</strong></span> 
     </span>
    </p>
   </div>
   <div class='ocr_carea' id='block_1_44' title="bbox 1283 4299 1698 4356">
    <p class='ocr_par' dir='ltr' id='par_1_44' title="bbox 1283 4299 1698 4356">
     <span class='ocr_line' id='line_1_45' title="bbox 1283 4299 1698 4356; baseline -0.002 0"><span class='ocrx_word' id='word_1_229' title='bbox 1283 4299 1396 4356; x_wconf 87' lang='lat' dir='ltr'><strong>LV.</strong></span> <span class='ocrx_word' id='word_1_230' title='bbox 1418 4330 1488 4340; x_wconf 92' lang='lat'><strong>—</strong></span> <span class='ocrx_word' id='word_1_231' title='bbox 1518 4301 1698 4355; x_wconf 87' lang='lat' dir='ltr'><strong>Aliud.</strong></span> 
     </span>
    </p>
   </div>
   <div class='ocr_carea' id='block_1_45' title="bbox 695 4395 1877 4467">
    <p class='ocr_par' dir='ltr' id='par_1_45' title="bbox 695 4395 1877 4467">
     <span class='ocr_line' id='line_1_46' title="bbox 695 4395 1877 4467; baseline -0.003 -11"><span class='ocrx_word' id='word_1_232' title='bbox 695 4401 874 4467; x_wconf 89' lang='lat' dir='ltr'><strong>Salve,</strong></span> <span class='ocrx_word' id='word_1_233' title='bbox 907 4413 1123 4454; x_wconf 83' lang='lat' dir='ltr'><strong>coronae</strong></span> <span class='ocrx_word' id='word_1_234' title='bbox 1150 4412 1318 4452; x_wconf 87' lang='lat' dir='ltr'><strong>suave</strong></span> <span class='ocrx_word' id='word_1_235' title='bbox 1345 4412 1486 4451; x_wconf 94' lang='lat' dir='ltr'><strong>onus</strong></span> <span class='ocrx_word' id='word_1_236' title='bbox 1525 4395 1877 4452; x_wconf 58' lang='lat' dir='ltr'><strong>monastica:</strong></span> 
     </span>
    </p>
   </div>
   <div class='ocr_carea' id='block_1_46' title="bbox 687 4489 1771 4561">
    <p class='ocr_par' dir='ltr' id='par_1_46' title="bbox 687 4489 1771 4561">
     <span class='ocr_line' id='line_1_47' title="bbox 687 4489 1771 4561; baseline -0.006 -11"><span class='ocrx_word' id='word_1_237' title='bbox 687 4495 892 4551; x_wconf 85' lang='lat' dir='ltr'><strong>Christi</strong></span> <span class='ocrx_word' id='word_1_238' title='bbox 924 4494 984 4548; x_wconf 85' lang='lat' dir='ltr'><strong>Iit</strong></span> <span class='ocrx_word' id='word_1_239' title='bbox 1019 4492 1114 4546; x_wconf 94' lang='lat' dir='ltr'><strong>olli</strong></span> <span class='ocrx_word' id='word_1_240' title='bbox 1141 4506 1338 4546; x_wconf 84' lang='lat' dir='ltr'><strong>cursus</strong></span> <span class='ocrx_word' id='word_1_241' title='bbox 1369 4489 1423 4543; x_wconf 90' lang='lat' dir='ltr'><strong>in</strong></span> <span class='ocrx_word' id='word_1_242' title='bbox 1459 4499 1510 4544; x_wconf 89' lang='lat' dir='ltr'><strong>te</strong></span> <span class='ocrx_word' id='word_1_243' title='bbox 1537 4490 1771 4561; x_wconf 89' lang='lat' dir='ltr'><strong>planior.</strong></span> 
     </span>
    </p>
   </div>
   <div class='ocr_carea' id='block_1_47' title="bbox 1283 4581 1737 4636">
    <p class='ocr_par' dir='ltr' id='par_1_47' title="bbox 1283 4581 1737 4636">
     <span class='ocr_line' id='line_1_48' title="bbox 1283 4581 1737 4636; baseline 0 0"><span class='ocrx_word' id='word_1_244' title='bbox 1283 4581 1418 4636; x_wconf 90' lang='lat' dir='ltr'><strong>LVI.</strong></span> <span class='ocrx_word' id='word_1_245' title='bbox 1448 4612 1516 4622; x_wconf 92' lang='lat'><strong>—</strong></span> <span class='ocrx_word' id='word_1_246' title='bbox 1554 4581 1737 4636; x_wconf 86' lang='lat' dir='ltr'><strong>Aliud.</strong></span> 
     </span>
    </p>
   </div>
   <div class='ocr_carea' id='block_1_48' title="bbox 692 4677 2020 4749">
    <p class='ocr_par' dir='ltr' id='par_1_48' title="bbox 692 4677 2020 4749">
     <span class='ocr_line' id='line_1_49' title="bbox 692 4677 2020 4749; baseline -0.004 -12"><span class='ocrx_word' id='word_1_247' title='bbox 692 4684 868 4748; x_wconf 87' lang='lat' dir='ltr'><strong>Salve,</strong></span> <span class='ocrx_word' id='word_1_248' title='bbox 897 4680 1077 4737; x_wconf 85' lang='lat' dir='ltr'><strong>omnis</strong></span> <span class='ocrx_word' id='word_1_249' title='bbox 1113 4680 1167 4734; x_wconf 92' lang='lat' dir='ltr'><strong>in</strong></span> <span class='ocrx_word' id='word_1_250' title='bbox 1200 4695 1308 4749; x_wconf 91' lang='lat' dir='ltr'><strong>quo</strong></span> <span class='ocrx_word' id='word_1_251' title='bbox 1340 4678 1597 4748; x_wconf 74' lang='lat' dir='ltr'><strong>przesides</strong></span> <span class='ocrx_word' id='word_1_252' title='bbox 1647 4688 1832 4733; x_wconf 86' lang='lat' dir='ltr'><strong>custos</strong></span> <span class='ocrx_word' id='word_1_253' title='bbox 1865 4677 1972 4734; x_wconf 87' lang='lat' dir='ltr'><strong>loci</strong></span> <span class='ocrx_word' id='word_1_254' title='bbox 2005 4695 2020 4732; x_wconf 88' lang='lat'><strong>:</strong></span> 
     </span>
    </p>
   </div>
   <div class='ocr_carea' id='block_1_49' title="bbox 696 4771 1922 4845">
    <p class='ocr_par' dir='ltr' id='par_1_49' title="bbox 696 4771 1922 4845">
     <span class='ocr_line' id='line_1_50' title="bbox 696 4771 1922 4845; baseline -0.006 -12"><span class='ocrx_word' id='word_1_255' title='bbox 696 4779 885 4833; x_wconf 87' lang='lat' dir='ltr'><strong>Salvos</strong></span> <span class='ocrx_word' id='word_1_256' title='bbox 915 4787 1065 4832; x_wconf 90' lang='lat' dir='ltr'><strong>tuere</strong></span> <span class='ocrx_word' id='word_1_257' title='bbox 1098 4781 1368 4845; x_wconf 87' lang='lat' dir='ltr'><strong>quotquot</strong></span> <span class='ocrx_word' id='word_1_258' title='bbox 1396 4773 1478 4826; x_wconf 78' lang='lat' dir='ltr'><strong>hae</strong></span> <span class='ocrx_word' id='word_1_259' title='bbox 1511 4771 1670 4827; x_wconf 88' lang='lat' dir='ltr'><strong>sedes</strong></span> <span class='ocrx_word' id='word_1_260' title='bbox 1703 4771 1922 4827; x_wconf 86' lang='lat' dir='ltr'><strong>habent.</strong></span> 
     </span>
    </p>
   </div>
   <div class='ocr_carea' id='block_1_50' title="bbox 1254 4864 1701 4919">
    <p class='ocr_par' dir='ltr' id='par_1_50' title="bbox 1254 4864 1701 4919">
     <span class='ocr_line' id='line_1_51' title="bbox 1254 4864 1701 4919; baseline -0.002 0"><span class='ocrx_word' id='word_1_261' title='bbox 1254 4864 1411 4919; x_wconf 86' lang='lat' dir='ltr'><strong>LVII.</strong></span> <span class='ocrx_word' id='word_1_262' title='bbox 1433 4864 1701 4918; x_wconf 90' lang='lat' dir='ltr'><strong>——Aliud.</strong></span> 
     </span>
    </p>
   </div>
   <div class='ocr_carea' id='block_1_51' title="bbox 694 4955 1912 5029">
    <p class='ocr_par' dir='ltr' id='par_1_51' title="bbox 694 4955 1912 5029">
     <span class='ocr_line' id='line_1_52' title="bbox 694 4955 1912 5029; baseline -0.007 -14"><span class='ocrx_word' id='word_1_263' title='bbox 694 4959 753 5015; x_wconf 91' lang='lat' dir='ltr'><strong>Si</strong></span> <span class='ocrx_word' id='word_1_264' title='bbox 797 4976 882 5014; x_wconf 91' lang='lat' dir='ltr'><strong>me</strong></span> <span class='ocrx_word' id='word_1_265' title='bbox 912 4961 997 5015; x_wconf 86' lang='lat' dir='ltr'><strong>vel</strong></span> <span class='ocrx_word' id='word_1_266' title='bbox 1028 4961 1143 5029; x_wconf 90' lang='lat' dir='ltr'><strong>ipsa</strong></span> <span class='ocrx_word' id='word_1_267' title='bbox 1165 4957 1432 5028; x_wconf 87' lang='lat' dir='ltr'><strong>quispiam</strong></span> <span class='ocrx_word' id='word_1_268' title='bbox 1483 4955 1700 5025; x_wconf 74' lang='lat' dir='ltr'><strong>effingat</strong></span> <span class='ocrx_word' id='word_1_269' title='bbox 1726 4970 1912 5022; x_wconf 89' lang='lat' dir='ltr'><strong>manu,</strong></span> 
     </span>
    </p>
   </div>
   <div class='ocr_carea' id='block_1_52' title="bbox 694 5048 2011 5122">
    <p class='ocr_par' dir='ltr' id='par_1_52' title="bbox 694 5048 2011 5122">
     <span class='ocr_line' id='line_1_53' title="bbox 694 5048 2011 5122; baseline -0.003 -16"><span class='ocrx_word' id='word_1_270' title='bbox 694 5052 854 5107; x_wconf 86' lang='lat' dir='ltr'><strong>Dabit</strong></span> <span class='ocrx_word' id='word_1_271' title='bbox 882 5061 1102 5122; x_wconf 88' lang='lat' dir='ltr'><strong>repente</strong></span> <span class='ocrx_word' id='word_1_272' title='bbox 1128 5052 1374 5106; x_wconf 73' lang='lat' dir='ltr'><strong>daemona</strong></span> <span class='ocrx_word' id='word_1_273' title='bbox 1402 5048 1683 5103; x_wconf 89' lang='lat' dir='ltr'><strong>inimicum</strong></span> <span class='ocrx_word' id='word_1_274' title='bbox 1712 5048 1767 5102; x_wconf 91' lang='lat' dir='ltr'><strong>in</strong></span> <span class='ocrx_word' id='word_1_275' title='bbox 1808 5048 2011 5118; x_wconf 79' lang='lat' dir='ltr'><strong>fugam.</strong></span> 
     </span>
    </p>
   </div>
   <div class='ocr_carea' id='block_1_53' title="bbox 977 5137 1975 5197">
    <p class='ocr_par' dir='ltr' id='par_1_53' title="bbox 977 5137 1975 5197">
     <span class='ocr_line' id='line_1_54' title="bbox 977 5137 1975 5197; baseline -0.003 0"><span class='ocrx_word' id='word_1_276' title='bbox 977 5137 1251 5197; x_wconf 81' lang='lat' dir='ltr'><strong>LVlll.—</strong></span> <span class='ocrx_word' id='word_1_277' title='bbox 1278 5141 1345 5196; x_wconf 87' lang='lat' dir='ltr'><strong>In</strong></span> <span class='ocrx_word' id='word_1_278' title='bbox 1372 5157 1547 5194; x_wconf 78' lang='lat' dir='ltr'><strong>cruces</strong></span> <span class='ocrx_word' id='word_1_279' title='bbox 1583 5141 1975 5194; x_wconf 79' lang='lat' dir='ltr'><strong>monachorum.</strong></span> 
     </span>
    </p>
   </div>
   <div class='ocr_carea' id='block_1_54' title="bbox 691 5231 1978 5302">
    <p class='ocr_par' dir='ltr' id='par_1_54' title="bbox 691 5231 1978 5302">
     <span class='ocr_line' id='line_1_55' title="bbox 691 5231 1978 5302; baseline -0.003 -12"><span class='ocrx_word' id='word_1_280' title='bbox 691 5235 838 5290; x_wconf 85' lang='lat' dir='ltr'><strong>Crux</strong></span> <span class='ocrx_word' id='word_1_281' title='bbox 883 5237 1190 5290; x_wconf 88' lang='lat' dir='ltr'><strong>intuentum</strong></span> <span class='ocrx_word' id='word_1_282' title='bbox 1226 5231 1425 5302; x_wconf 75' lang='lat' dir='ltr'><strong>fulguri</strong></span> <span class='ocrx_word' id='word_1_283' title='bbox 1451 5247 1741 5288; x_wconf 89' lang='lat' dir='ltr'><strong>coruscum</strong></span> <span class='ocrx_word' id='word_1_284' title='bbox 1791 5232 1978 5302; x_wconf 87' lang='lat' dir='ltr'><strong>jubar.</strong></span> 
     </span>
    </p>
   </div>
   <div class='ocr_carea' id='block_1_55' title="bbox 693 5325 2023 5394">
    <p class='ocr_par' dir='ltr' id='par_1_55' title="bbox 693 5325 2023 5394">
     <span class='ocr_line' id='line_1_56' title="bbox 693 5325 2023 5394; baseline -0.004 -11"><span class='ocrx_word' id='word_1_285' title='bbox 693 5331 837 5384; x_wconf 87' lang='lat' dir='ltr'><strong>Crux</strong></span> <span class='ocrx_word' id='word_1_286' title='bbox 869 5338 1019 5386; x_wconf 88' lang='lat' dir='ltr'><strong>certa</strong></span> <span class='ocrx_word' id='word_1_287' title='bbox 1052 5339 1107 5384; x_wconf 89' lang='lat' dir='ltr'><strong>et</strong></span> <span class='ocrx_word' id='word_1_288' title='bbox 1134 5327 1384 5394; x_wconf 79' lang='lat' dir='ltr'><strong>expedita</strong></span> <span class='ocrx_word' id='word_1_289' title='bbox 1418 5329 1808 5383; x_wconf 85' lang='lat' dir='ltr'><strong>monachorum</strong></span> <span class='ocrx_word' id='word_1_290' title='bbox 1851 5325 2023 5380; x_wconf 86' lang='lat' dir='ltr'><strong>salus.</strong></span> 
     </span>
    </p>
   </div>
   <div class='ocr_carea' id='block_1_56' title="bbox 667 5415 2142 5496">
    <p class='ocr_par' dir='ltr' id='par_1_56' title="bbox 667 5415 2142 5496">
     <span class='ocr_line' id='line_1_57' title="bbox 667 5415 2142 5496; baseline -0.004 -21"><span class='ocrx_word' id='word_1_291' title='bbox 667 5419 841 5496; x_wconf 78' lang='lat' dir='ltr'><strong>Crux</strong></span> <span class='ocrx_word' id='word_1_292' title='bbox 863 5420 1064 5475; x_wconf 85' lang='lat' dir='ltr'><strong>Christi</strong></span> <span class='ocrx_word' id='word_1_293' title='bbox 1109 5427 1386 5475; x_wconf 84' lang='lat' dir='ltr'><strong>amantum</strong></span> <span class='ocrx_word' id='word_1_294' title='bbox 1418 5418 1789 5487; x_wconf 90' lang='lat' dir='ltr'><strong>comprimens</strong></span> <span class='ocrx_word' id='word_1_295' title='bbox 1835 5415 2142 5482; x_wconf 87' lang='lat' dir='ltr'><strong>libidinem,</strong></span> 
     </span>
    </p>
   </div>
   <div class='ocr_carea' id='block_1_57' title="bbox 693 5509 2010 5585">
    <p class='ocr_par' dir='ltr' id='par_1_57' title="bbox 693 5509 2010 5585">
     <span class='ocr_line' id='line_1_58' title="bbox 693 5509 2010 5585; baseline -0.004 -19"><span class='ocrx_word' id='word_1_296' title='bbox 693 5514 840 5567; x_wconf 89' lang='lat' dir='ltr'><strong>Crux</strong></span> <span class='ocrx_word' id='word_1_297' title='bbox 868 5515 1265 5585; x_wconf 84' lang='lat' dir='ltr'><strong>lacrymantum</strong></span> <span class='ocrx_word' id='word_1_298' title='bbox 1303 5520 1499 5566; x_wconf 88' lang='lat' dir='ltr'><strong>cuncta</strong></span> <span class='ocrx_word' id='word_1_299' title='bbox 1533 5510 1721 5564; x_wconf 88' lang='lat' dir='ltr'><strong>delens</strong></span> <span class='ocrx_word' id='word_1_300' title='bbox 1755 5509 2010 5563; x_wconf 88' lang='lat' dir='ltr'><strong>crimina.</strong></span> 
     </span>
    </p>
   </div>
   <div class='ocr_carea' id='block_1_58' title="bbox 691 5604 1848 5662">
    <p class='ocr_par' dir='ltr' id='par_1_58' title="bbox 691 5604 1848 5662">
     <span class='ocr_line' id='line_1_59' title="bbox 691 5604 1848 5662; baseline -0.004 -1"><span class='ocrx_word' id='word_1_301' title='bbox 691 5605 834 5661; x_wconf 83' lang='lat' dir='ltr'><strong>Crux</strong></span> <span class='ocrx_word' id='word_1_302' title='bbox 866 5608 1159 5662; x_wconf 85' lang='lat' dir='ltr'><strong>castiorum</strong></span> <span class='ocrx_word' id='word_1_303' title='bbox 1195 5614 1310 5660; x_wconf 86' lang='lat' dir='ltr'><strong>tuta</strong></span> <span class='ocrx_word' id='word_1_304' title='bbox 1352 5613 1536 5659; x_wconf 90' lang='lat' dir='ltr'><strong>custos</strong></span> <span class='ocrx_word' id='word_1_305' title='bbox 1565 5604 1848 5658; x_wconf 89' lang='lat' dir='ltr'><strong>mentium.</strong></span> 
     </span>
    </p>
   </div>
   <div class='ocr_carea' id='block_1_59' title="bbox 1871 421 2735 483">
    <p class='ocr_par' dir='ltr' id='par_1_59' title="bbox 1871 421 2735 483">
     <span class='ocr_line' id='line_1_60' title="bbox 1871 421 2735 483; baseline 0 -2"><span class='ocrx_word' id='word_1_306' title='bbox 1871 421 1931 481; x_wconf 94' lang='lat' dir='ltr'><strong>S.</strong></span> <span class='ocrx_word' id='word_1_307' title='bbox 1964 421 2360 482; x_wconf 83' lang='lat' dir='ltr'><strong>THEODORI</strong></span> <span class='ocrx_word' id='word_1_308' title='bbox 2388 422 2735 483; x_wconf 69' lang='lat' dir='ltr'><strong>STUDITzE</strong></span> 
     </span>
    </p>
   </div>
   <div class='ocr_carea' id='block_1_60' title="bbox 2286 529 2340 589">
    <p class='ocr_par' dir='ltr' id='par_1_60' title="bbox 2286 529 2340 589">
     <span class='ocr_line' id='line_1_61' title="bbox 2286 529 2340 589; baseline 0 0"><span class='ocrx_word' id='word_1_309' title='bbox 2286 529 2340 589; x_wconf 80' lang='grc' dir='ltr'><strong>Α</strong></span> 
     </span>
    </p>
   </div>
   <div class='ocr_carea' id='block_1_61' title="bbox 2786 526 3541 594">
    <p class='ocr_par' dir='ltr' id='par_1_61' title="bbox 2786 526 3541 594">
     <span class='ocr_line' id='line_1_62' title="bbox 2786 526 3541 594; baseline -0.001 -11"><span class='ocrx_word' id='word_1_310' title='bbox 2786 530 2870 584; x_wconf 74' lang='lat' dir='ltr'><strong>Mt</strong></span> <span class='ocrx_word' id='word_1_311' title='bbox 2905 567 2920 582; x_wconf 90' lang='lat'><strong>.</strong></span> <span class='ocrx_word' id='word_1_312' title='bbox 2941 557 3012 568; x_wconf 90' lang='lat'><strong><em>—</em></strong></span> <span class='ocrx_word' id='word_1_313' title='bbox 3046 526 3150 594; x_wconf 76' lang='grc' dir='ltr'><strong>Εἰς</strong></span> <span class='ocrx_word' id='word_1_314' title='bbox 3173 526 3241 581; x_wconf 82' lang='grc' dir='ltr'>τὸ</span> <span class='ocrx_word' id='word_1_315' title='bbox 3267 528 3541 592; x_wconf 76' lang='grc' dir='ltr'><strong>τέμϐλον.</strong></span> 
     </span>
    </p>
   </div>
   <div class='ocr_carea' id='block_1_62' title="bbox 2430 618 3744 692">
    <p class='ocr_par' dir='ltr' id='par_1_62' title="bbox 2430 618 3744 692">
     <span class='ocr_line' id='line_1_63' title="bbox 2430 618 3744 692; baseline -0.001 -18"><span class='ocrx_word' id='word_1_316' title='bbox 2430 620 2592 674; x_wconf 80' lang='grc' dir='ltr'>Θείαν</span> <span class='ocrx_word' id='word_1_317' title='bbox 2618 619 2894 692; x_wconf 82' lang='grc' dir='ltr'>τράπεζαν</span> <span class='ocrx_word' id='word_1_318' title='bbox 2919 621 3024 690; x_wconf 70' lang='grc' dir='ltr'><strong>πρὸ</strong></span> <span class='ocrx_word' id='word_1_319' title='bbox 3051 618 3343 689; x_wconf 78' lang='grc' dir='ltr'><strong>προσώπου</strong></span> <span class='ocrx_word' id='word_1_320' title='bbox 3375 638 3468 674; x_wconf 85' lang='grc' dir='ltr'><strong>σου</strong></span> <span class='ocrx_word' id='word_1_321' title='bbox 3501 623 3744 692; x_wconf 70' lang='grc' dir='ltr'>βλέπων,</span> 
     </span>
    </p>
   </div>
   <div class='ocr_carea' id='block_1_63' title="bbox 2429 711 3604 788">
    <p class='ocr_par' dir='ltr' id='par_1_63' title="bbox 2429 711 3604 788">
     <span class='ocr_line' id='line_1_64' title="bbox 2429 711 3604 788; baseline 0.002 -21"><span class='ocrx_word' id='word_1_322' title='bbox 2429 713 2588 767; x_wconf 81' lang='grc' dir='ltr'>Αἱδοῦ</span> <span class='ocrx_word' id='word_1_323' title='bbox 2617 712 2678 764; x_wconf 81' lang='grc' dir='ltr'><strong>τὸ</strong></span> <span class='ocrx_word' id='word_1_324' title='bbox 2709 711 2926 776; x_wconf 80' lang='grc' dir='ltr'>σεπτὸν,</span> <span class='ocrx_word' id='word_1_325' title='bbox 2959 712 3053 764; x_wconf 73' lang='grc' dir='ltr'><strong>καὶ</strong></span> <span class='ocrx_word' id='word_1_326' title='bbox 3081 712 3217 776; x_wconf 88' lang='grc' dir='ltr'>ὃλως</span> <span class='ocrx_word' id='word_1_327' title='bbox 3245 713 3401 783; x_wconf 78' lang='grc' dir='ltr'>στῆθι</span> <span class='ocrx_word' id='word_1_328' title='bbox 3431 717 3604 788; x_wconf 72' lang='grc' dir='ltr'>φόϐῳ.</span> 
     </span>
    </p>
   </div>
   <div class='ocr_carea' id='block_1_64' title="bbox 2579 804 3722 878">
    <p class='ocr_par' dir='ltr' id='par_1_64' title="bbox 2579 804 3722 878">
     <span class='ocr_line' id='line_1_65' title="bbox 2579 804 3722 878; baseline 0.006 -19"><span class='ocrx_word' id='word_1_329' title='bbox 2579 805 2712 860; x_wconf 84' lang='grc' dir='ltr'><strong>ΜΔ’.</strong></span> <span class='ocrx_word' id='word_1_330' title='bbox 2736 837 2808 847; x_wconf 83' lang='lat'><strong>-——</strong></span> <span class='ocrx_word' id='word_1_331' title='bbox 2837 807 2940 870; x_wconf 77' lang='grc' dir='ltr'><strong>Εἰς</strong></span> <span class='ocrx_word' id='word_1_332' title='bbox 2964 805 3030 857; x_wconf 90' lang='grc' dir='ltr'>τὸ</span> <span class='ocrx_word' id='word_1_333' title='bbox 3058 804 3229 874; x_wconf 76' lang='grc' dir='ltr'><em>ἅγιον</em></span> <span class='ocrx_word' id='word_1_334' title='bbox 3253 811 3722 878; x_wconf 75' lang='grc' dir='ltr'><strong>θυσιαστήριον.</strong></span> 
     </span>
    </p>
   </div>
   <div class='ocr_carea' id='block_1_65' title="bbox 2429 897 3733 973">
    <p class='ocr_par' dir='ltr' id='par_1_65' title="bbox 2429 897 3733 973">
     <span class='ocr_line' id='line_1_66' title="bbox 2429 897 3733 973; baseline 0.004 -22"><span class='ocrx_word' id='word_1_335' title='bbox 2429 898 2657 969; x_wconf 76' lang='grc' dir='ltr'>Φρικτὸν</span> <span class='ocrx_word' id='word_1_336' title='bbox 2679 897 2739 950; x_wconf 81' lang='grc' dir='ltr'><strong>τὸ</strong></span> <span class='ocrx_word' id='word_1_337' title='bbox 2778 897 2930 968; x_wconf 84' lang='grc' dir='ltr'>βῆμα</span> <span class='ocrx_word' id='word_1_338' title='bbox 2959 897 3138 964; x_wconf 84' lang='grc' dir='ltr'>τοῦτο,</span> <span class='ocrx_word' id='word_1_339' title='bbox 3173 900 3271 954; x_wconf 77' lang='grc' dir='ltr'><strong>καὶ</strong></span> <span class='ocrx_word' id='word_1_340' title='bbox 3301 900 3506 973; x_wconf 86' lang='grc' dir='ltr'>πλῆρες</span> <span class='ocrx_word' id='word_1_341' title='bbox 3537 902 3733 971; x_wconf 73' lang='grc' dir='ltr'>φόϐου,</span> 
     </span>
    </p>
   </div>
   <div class='ocr_carea' id='block_1_66' title="bbox 2427 988 3511 1060">
    <p class='ocr_par' dir='ltr' id='par_1_66' title="bbox 2427 988 3511 1060">
     <span class='ocr_line' id='line_1_67' title="bbox 2427 988 3511 1060; baseline 0.004 -16"><span class='ocrx_word' id='word_1_342' title='bbox 2427 991 2573 1053; x_wconf 81' lang='grc' dir='ltr'>Ναὸς</span> <span class='ocrx_word' id='word_1_343' title='bbox 2596 988 2731 1042; x_wconf 81' lang='grc' dir='ltr'>Θεοῦ</span> <span class='ocrx_word' id='word_1_344' title='bbox 2762 990 3045 1060; x_wconf 81' lang='grc' dir='ltr'><strong>φωτεινὸς,</strong></span> <span class='ocrx_word' id='word_1_345' title='bbox 3077 992 3263 1058; x_wconf 81' lang='grc' dir='ltr'><strong>ἁγνοῖς</strong></span> <span class='ocrx_word' id='word_1_346' title='bbox 3290 993 3511 1058; x_wconf 82' lang='grc' dir='ltr'>ἁπτέος.</span> 
     </span>
    </p>
   </div>
   <div class='ocr_carea' id='block_1_67' title="bbox 2430 1081 3544 1153">
    <p class='ocr_par' dir='ltr' id='par_1_67' title="bbox 2430 1081 3544 1153">
     <span class='ocr_line' id='line_1_68' title="bbox 2430 1081 3544 1153; baseline 0.002 -17"><span class='ocrx_word' id='word_1_347' title='bbox 2430 1081 2699 1153; x_wconf 79' lang='grc' dir='ltr'><strong>Πρόσελθε</strong></span> <span class='ocrx_word' id='word_1_348' title='bbox 2733 1081 2912 1146; x_wconf 81' lang='grc' dir='ltr'><strong>θείως,</strong></span> <span class='ocrx_word' id='word_1_349' title='bbox 2945 1082 3039 1134; x_wconf 81' lang='grc' dir='ltr'>καὶ</span> <span class='ocrx_word' id='word_1_350' title='bbox 3065 1081 3314 1152; x_wconf 80' lang='grc' dir='ltr'><strong>μεθέξεις</strong></span> <span class='ocrx_word' id='word_1_351' title='bbox 3345 1084 3544 1149; x_wconf 79' lang='grc' dir='ltr'>ἀξίως·</span> 
     </span>
    </p>
   </div>
   <div class='ocr_carea' id='block_1_68' title="bbox 2428 1172 3674 1244">
    <p class='ocr_par' dir='ltr' id='par_1_68' title="bbox 2428 1172 3674 1244">
     <span class='ocr_line' id='line_1_69' title="bbox 2428 1172 3674 1244; baseline 0.002 -18"><span class='ocrx_word' id='word_1_352' title='bbox 2428 1172 2547 1243; x_wconf 90' lang='grc' dir='ltr'>Πῦρ</span> <span class='ocrx_word' id='word_1_353' title='bbox 2577 1173 2686 1244; x_wconf 80' lang='grc' dir='ltr'><strong>γὰρ</strong></span> <span class='ocrx_word' id='word_1_354' title='bbox 2717 1173 2776 1227; x_wconf 79' lang='grc' dir='ltr'>τὸ</span> <span class='ocrx_word' id='word_1_355' title='bbox 2804 1173 2996 1244; x_wconf 82' lang='grc' dir='ltr'>δῶρον,</span> <span class='ocrx_word' id='word_1_356' title='bbox 3023 1174 3148 1238; x_wconf 78' lang='grc' dir='ltr'>τοὺς</span> <span class='ocrx_word' id='word_1_357' title='bbox 3180 1174 3434 1238; x_wconf 81' lang='grc' dir='ltr'><strong>ἀναξίους</strong></span> <span class='ocrx_word' id='word_1_358' title='bbox 3455 1175 3674 1244; x_wconf 81' lang='grc' dir='ltr'>φλέγον.</span> 
     </span>
    </p>
   </div>
   <div class='ocr_carea' id='block_1_69' title="bbox 2481 1265 3822 1337">
    <p class='ocr_par' dir='ltr' id='par_1_69' title="bbox 2481 1265 3822 1337">
     <span class='ocr_line' id='line_1_70' title="bbox 2481 1265 3822 1337; baseline 0.001 -18"><span class='ocrx_word' id='word_1_359' title='bbox 2481 1267 2615 1320; x_wconf 87' lang='lat' dir='ltr'><strong>ME&#39;.</strong></span> <span class='ocrx_word' id='word_1_360' title='bbox 2642 1293 2712 1308; x_wconf 81' lang='lat'>—</span> <span class='ocrx_word' id='word_1_361' title='bbox 2741 1266 2841 1331; x_wconf 79' lang='grc' dir='ltr'><strong>Εἰς</strong></span> <span class='ocrx_word' id='word_1_362' title='bbox 2865 1265 3004 1331; x_wconf 86' lang='grc' dir='ltr'>τοὺς</span> <span class='ocrx_word' id='word_1_363' title='bbox 3031 1265 3315 1332; x_wconf 75' lang='grc' dir='ltr'><strong>πυλῶνας</strong></span> <span class='ocrx_word' id='word_1_364' title='bbox 3343 1267 3450 1322; x_wconf 87' lang='grc' dir='ltr'><strong>τοῦ</strong></span> <span class='ocrx_word' id='word_1_365' title='bbox 3481 1266 3822 1337; x_wconf 78' lang='grc' dir='ltr'>νάρθηκος.</span> 
     </span>
    </p>
   </div>
   <div class='ocr_carea' id='block_1_70' title="bbox 2430 1357 3502 1428">
    <p class='ocr_par' dir='ltr' id='par_1_70' title="bbox 2430 1357 3502 1428">
     <span class='ocr_line' id='line_1_71' title="bbox 2430 1357 3502 1428; baseline 0.002 -16"><span class='ocrx_word' id='word_1_366' title='bbox 2430 1357 2611 1422; x_wconf 81' lang='grc' dir='ltr'><strong>Πύλας</strong></span> <span class='ocrx_word' id='word_1_367' title='bbox 2633 1359 2823 1428; x_wconf 80' lang='grc' dir='ltr'><strong>διάρας</strong></span> <span class='ocrx_word' id='word_1_368' title='bbox 2856 1359 2948 1412; x_wconf 82' lang='grc' dir='ltr'><strong>τοῦ</strong></span> <span class='ocrx_word' id='word_1_369' title='bbox 2990 1357 3118 1413; x_wconf 80' lang='grc' dir='ltr'>ναοῦ</span> <span class='ocrx_word' id='word_1_370' title='bbox 3148 1360 3257 1412; x_wconf 83' lang='grc' dir='ltr'><strong>τῶν</strong></span> <span class='ocrx_word' id='word_1_371' title='bbox 3290 1359 3502 1414; x_wconf 77' lang='grc' dir='ltr'>ἐνθάδε.</span> 
     </span>
    </p>
   </div>
   <div class='ocr_carea' id='block_1_71' title="bbox 2433 1449 3634 1523">
    <p class='ocr_par' dir='ltr' id='par_1_71' title="bbox 2433 1449 3634 1523">
     <span class='ocr_line' id='line_1_72' title="bbox 2433 1449 3634 1523; baseline 0.002 -20"><span class='ocrx_word' id='word_1_372' title='bbox 2433 1449 2536 1503; x_wconf 84' lang='grc' dir='ltr'><strong>Ἴθι</strong></span> <span class='ocrx_word' id='word_1_373' title='bbox 2565 1451 2868 1521; x_wconf 85' lang='grc' dir='ltr'>προσοίσων</span> <span class='ocrx_word' id='word_1_374' title='bbox 2896 1451 3114 1522; x_wconf 86' lang='grc' dir='ltr'>πνεῦμα</span> <span class='ocrx_word' id='word_1_375' title='bbox 3145 1452 3634 1523; x_wconf 86' lang='grc' dir='ltr'>συντετριμμένον·</span> 
     </span>
    </p>
   </div>
   <div class='ocr_carea' id='block_1_72' title="bbox 2429 1541 3480 1614">
    <p class='ocr_par' dir='ltr' id='par_1_72' title="bbox 2429 1541 3480 1614">
     <span class='ocr_line' id='line_1_73' title="bbox 2429 1541 3480 1614; baseline 0.004 -20"><span class='ocrx_word' id='word_1_376' title='bbox 2429 1541 2541 1594; x_wconf 80' lang='grc' dir='ltr'>Καὶ</span> <span class='ocrx_word' id='word_1_377' title='bbox 2564 1541 2722 1595; x_wconf 90' lang='grc' dir='ltr'>τοῦτο</span> <span class='ocrx_word' id='word_1_378' title='bbox 2745 1542 2893 1613; x_wconf 88' lang='grc' dir='ltr'>θῦμα</span> <span class='ocrx_word' id='word_1_379' title='bbox 2914 1544 3103 1597; x_wconf 81' lang='grc' dir='ltr'>δεκτόν</span> <span class='ocrx_word' id='word_1_380' title='bbox 3133 1545 3249 1596; x_wconf 82' lang='grc' dir='ltr'>ἐστι</span> <span class='ocrx_word' id='word_1_381' title='bbox 3273 1544 3480 1614; x_wconf 80' lang='grc' dir='ltr'>Κυρίῳ.</span> 
     </span>
    </p>
   </div>
   <div class='ocr_carea' id='block_1_73' title="bbox 2448 1631 3857 1704">
    <p class='ocr_par' dir='ltr' id='par_1_73' title="bbox 2448 1631 3857 1704">
     <span class='ocr_line' id='line_1_74' title="bbox 2448 1631 3857 1704; baseline 0.001 -16"><span class='ocrx_word' id='word_1_382' title='bbox 2448 1633 2598 1701; x_wconf 59' lang='lat' dir='ltr'><strong>MCT.</strong></span> <span class='ocrx_word' id='word_1_383' title='bbox 2629 1664 2700 1676; x_wconf 92' lang='lat'><strong><em>—</em></strong></span> <span class='ocrx_word' id='word_1_384' title='bbox 2731 1633 2836 1700; x_wconf 73' lang='grc' dir='ltr'><strong>Εἰς</strong></span> <span class='ocrx_word' id='word_1_385' title='bbox 2858 1633 2973 1701; x_wconf 75' lang='grc' dir='ltr'><strong>τὴν</strong></span> <span class='ocrx_word' id='word_1_386' title='bbox 2999 1635 3239 1704; x_wconf 79' lang='grc' dir='ltr'>πρώτην</span> <span class='ocrx_word' id='word_1_387' title='bbox 3265 1635 3509 1689; x_wconf 78' lang='grc' dir='ltr'>είσοδον</span> <span class='ocrx_word' id='word_1_388' title='bbox 3534 1634 3645 1690; x_wconf 85' lang='grc' dir='ltr'><strong>τοῦ</strong></span> <span class='ocrx_word' id='word_1_389' title='bbox 3671 1631 3857 1689; x_wconf 77' lang='grc' dir='ltr'>ναοῦ.</span> 
     </span>
    </p>
   </div>
   <div class='ocr_carea' id='block_1_74' title="bbox 2431 1722 3638 1798">
    <p class='ocr_par' dir='ltr' id='par_1_74' title="bbox 2431 1722 3638 1798">
     <span class='ocr_line' id='line_1_75' title="bbox 2431 1722 3638 1798; baseline 0.002 -20"><span class='ocrx_word' id='word_1_390' title='bbox 2431 1722 2592 1779; x_wconf 82' lang='grc' dir='ltr'>Οἶκου</span> <span class='ocrx_word' id='word_1_391' title='bbox 2621 1725 2758 1779; x_wconf 89' lang='grc' dir='ltr'>Θεοῦ</span> <span class='ocrx_word' id='word_1_392' title='bbox 2793 1727 3079 1797; x_wconf 77' lang='grc' dir='ltr'>μέλλοντες</span> <span class='ocrx_word' id='word_1_393' title='bbox 3111 1726 3406 1780; x_wconf 75' lang='grc' dir='ltr'>εἰσϐαίνειν</span> <span class='ocrx_word' id='word_1_394' title='bbox 3439 1727 3638 1798; x_wconf 82' lang='grc' dir='ltr'>πύλην.</span> 
     </span>
    </p>
   </div>
   <div class='ocr_carea' id='block_1_75' title="bbox 2435 1817 3660 1890">
    <p class='ocr_par' dir='ltr' id='par_1_75' title="bbox 2435 1817 3660 1890">
     <span class='ocr_line' id='line_1_76' title="bbox 2435 1817 3660 1890; baseline -0.001 -20"><span class='ocrx_word' id='word_1_395' title='bbox 2435 1818 2580 1882; x_wconf 83' lang='grc' dir='ltr'><strong>Ἐξω</strong></span> <span class='ocrx_word' id='word_1_396' title='bbox 2603 1817 2848 1886; x_wconf 83' lang='grc' dir='ltr'>γένοισθε</span> <span class='ocrx_word' id='word_1_397' title='bbox 2880 1818 2976 1888; x_wconf 81' lang='grc' dir='ltr'><strong>τῆς</strong></span> <span class='ocrx_word' id='word_1_398' title='bbox 3010 1817 3182 1890; x_wconf 84' lang='grc' dir='ltr'><strong>μέθης</strong></span> <span class='ocrx_word' id='word_1_399' title='bbox 3207 1818 3316 1872; x_wconf 81' lang='grc' dir='ltr'><strong>τῶν</strong></span> <span class='ocrx_word' id='word_1_400' title='bbox 3343 1819 3660 1888; x_wconf 82' lang='grc' dir='ltr'>φροντίδων·</span> 
     </span>
    </p>
   </div>
   <div class='ocr_carea' id='block_1_76' title="bbox 2436 1911 3525 1982">
    <p class='ocr_par' dir='ltr' id='par_1_76' title="bbox 2436 1911 3525 1982">
     <span class='ocr_line' id='line_1_77' title="bbox 2436 1911 3525 1982; baseline 0 -17"><span class='ocrx_word' id='word_1_401' title='bbox 2436 1911 2531 1965; x_wconf 76' lang='grc' dir='ltr'>Ἵν⁸</span> <span class='ocrx_word' id='word_1_402' title='bbox 2556 1911 2798 1982; x_wconf 84' lang='grc' dir='ltr'>εὐμενῶς</span> <span class='ocrx_word' id='word_1_403' title='bbox 2830 1911 3044 1980; x_wconf 80' lang='grc' dir='ltr'>εὕροιτε</span> <span class='ocrx_word' id='word_1_404' title='bbox 3069 1911 3159 1964; x_wconf 81' lang='grc' dir='ltr'><strong>τὸν</strong></span> <span class='ocrx_word' id='word_1_405' title='bbox 3184 1911 3376 1982; x_wconf 81' lang='grc' dir='ltr'>κριτὴν</span> <span class='ocrx_word' id='word_1_406' title='bbox 3397 1911 3525 1975; x_wconf 82' lang='grc' dir='ltr'>έσω,</span> 
     </span>
    </p>
   </div>
   <div class='ocr_carea' id='block_1_77' title="bbox 2431 2004 3586 2075">
    <p class='ocr_par' dir='ltr' id='par_1_77' title="bbox 2431 2004 3586 2075">
     <span class='ocr_line' id='line_1_78' title="bbox 2431 2004 3586 2075; baseline 0 -17"><span class='ocrx_word' id='word_1_407' title='bbox 2431 2004 2632 2068; x_wconf 80' lang='grc' dir='ltr'>Λύσεις</span> <span class='ocrx_word' id='word_1_408' title='bbox 2656 2005 2782 2075; x_wconf 87' lang='grc' dir='ltr'>ύμῖν</span> <span class='ocrx_word' id='word_1_409' title='bbox 2814 2004 3064 2059; x_wconf 88' lang='grc' dir='ltr'>διδοῦντα</span> <span class='ocrx_word' id='word_1_410' title='bbox 3095 2005 3201 2058; x_wconf 82' lang='grc' dir='ltr'><strong>τῶν</strong></span> <span class='ocrx_word' id='word_1_411' title='bbox 3233 2005 3586 2075; x_wconf 74' lang='grc' dir='ltr'><strong>ὀφλημάτων.</strong></span> 
     </span>
    </p>
   </div>
   <div class='ocr_carea' id='block_1_78' title="bbox 2430 2095 3876 2164">
    <p class='ocr_par' dir='ltr' id='par_1_78' title="bbox 2430 2095 3876 2164">
     <span class='ocr_line' id='line_1_79' title="bbox 2430 2095 3876 2164; baseline -0.001 -13"><span class='ocrx_word' id='word_1_412' title='bbox 2430 2098 2560 2151; x_wconf 88' lang='lat' dir='ltr'><strong>MZ&#39;.</strong></span> <span class='ocrx_word' id='word_1_413' title='bbox 2592 2127 2664 2138; x_wconf 91' lang='lat'><strong>——</strong></span> <span class='ocrx_word' id='word_1_414' title='bbox 2700 2095 2802 2162; x_wconf 75' lang='grc' dir='ltr'><strong>Εἰς</strong></span> <span class='ocrx_word' id='word_1_415' title='bbox 2825 2097 2977 2150; x_wconf 83' lang='grc' dir='ltr'>ναοῦ</span> <span class='ocrx_word' id='word_1_416' title='bbox 3007 2097 3284 2151; x_wconf 79' lang='grc' dir='ltr'>εἴσοδον·</span> <span class='ocrx_word' id='word_1_417' title='bbox 3326 2099 3415 2164; x_wconf 84' lang='grc' dir='ltr'>εὶς</span> <span class='ocrx_word' id='word_1_418' title='bbox 3445 2096 3552 2149; x_wconf 75' lang='grc' dir='ltr'><strong>τὸν</strong></span> <span class='ocrx_word' id='word_1_419' title='bbox 3578 2095 3876 2163; x_wconf 73' lang='grc' dir='ltr'>σταυρόν.</span> 
     </span>
    </p>
   </div>
   <div class='ocr_carea' id='block_1_79' title="bbox 2432 2187 3797 2259">
    <p class='ocr_par' dir='ltr' id='par_1_79' title="bbox 2432 2187 3797 2259">
     <span class='ocr_line' id='line_1_80' title="bbox 2432 2187 3797 2259; baseline -0.001 -19"><span class='ocrx_word' id='word_1_420' title='bbox 2432 2189 2612 2259; x_wconf 84' lang='grc' dir='ltr'>Ἔχων</span> <span class='ocrx_word' id='word_1_421' title='bbox 2637 2205 2704 2258; x_wconf 86' lang='grc' dir='ltr'><strong>με</strong></span> <span class='ocrx_word' id='word_1_422' title='bbox 2737 2187 2992 2259; x_wconf 79' lang='grc' dir='ltr'>φρουρὸν,</span> <span class='ocrx_word' id='word_1_423' title='bbox 3023 2187 3098 2259; x_wconf 80' lang='grc' dir='ltr'>μὴ</span> <span class='ocrx_word' id='word_1_424' title='bbox 3120 2189 3283 2242; x_wconf 81' lang='grc' dir='ltr'>πτοοῦ</span> <span class='ocrx_word' id='word_1_425' title='bbox 3313 2189 3552 2251; x_wconf 76' lang='grc' dir='ltr'>κτύπους</span> <span class='ocrx_word' id='word_1_426' title='bbox 3573 2187 3762 2256; x_wconf 79' lang='grc' dir='ltr'>φόϐων</span> <span class='ocrx_word' id='word_1_427' title='bbox 3781 2201 3797 2214; x_wconf 89' lang='grc'><strong>·</strong></span> 
     </span>
    </p>
   </div>
   <div class='ocr_carea' id='block_1_80' title="bbox 2430 2279 3665 2351">
    <p class='ocr_par' dir='ltr' id='par_1_80' title="bbox 2430 2279 3665 2351">
     <span class='ocr_line' id='line_1_81' title="bbox 2430 2279 3665 2351; baseline -0.002 -18"><span class='ocrx_word' id='word_1_428' title='bbox 2430 2281 2694 2350; x_wconf 82' lang='grc' dir='ltr'>Καυστὴρ</span> <span class='ocrx_word' id='word_1_429' title='bbox 2719 2280 2824 2348; x_wconf 87' lang='grc' dir='ltr'><strong>γάρ</strong></span> <span class='ocrx_word' id='word_1_430' title='bbox 2847 2280 2963 2349; x_wconf 86' lang='grc' dir='ltr'>είμι</span> <span class='ocrx_word' id='word_1_431' title='bbox 2995 2281 3338 2351; x_wconf 80' lang='grc' dir='ltr'>φρικτοειδὴς</span> <span class='ocrx_word' id='word_1_432' title='bbox 3369 2279 3665 2350; x_wconf 87' lang='grc' dir='ltr'>δαιμόνων.</span> 
     </span>
    </p>
   </div>
   <div class='ocr_carea' id='block_1_81' title="bbox 2592 2371 3707 2441">
    <p class='ocr_par' dir='ltr' id='par_1_81' title="bbox 2592 2371 3707 2441">
     <span class='ocr_line' id='line_1_82' title="bbox 2592 2371 3707 2441; baseline -0.003 -15"><span class='ocrx_word' id='word_1_433' title='bbox 2592 2371 2735 2426; x_wconf 88' lang='grc' dir='ltr'><strong>ΜΗ’.</strong></span> <span class='ocrx_word' id='word_1_434' title='bbox 2763 2400 2834 2411; x_wconf 88' lang='grc'><strong>--</strong></span> <span class='ocrx_word' id='word_1_435' title='bbox 2867 2371 3238 2441; x_wconf 64' lang='grc' dir='ltr'>Ἐπίπραμμα</span> <span class='ocrx_word' id='word_1_436' title='bbox 3265 2374 3352 2434; x_wconf 86' lang='grc' dir='ltr'><strong>εις</strong></span> <span class='ocrx_word' id='word_1_437' title='bbox 3381 2371 3707 2439; x_wconf 83' lang='grc' dir='ltr'>σταυρούς.</span> 
     </span>
    </p>
   </div>
   <div class='ocr_carea' id='block_1_82' title="bbox 2442 2456 3618 2533">
    <p class='ocr_par' dir='ltr' id='par_1_82' title="bbox 2442 2456 3618 2533">
     <span class='ocr_line' id='line_1_83' title="bbox 2442 2456 3618 2533; baseline -0.003 -16"><span class='ocrx_word' id='word_1_438' title='bbox 2442 2465 2557 2532; x_wconf 79' lang='grc' dir='ltr'><strong>Ἐφ’</strong></span> <span class='ocrx_word' id='word_1_439' title='bbox 2660 2462 2957 2532; x_wconf 82' lang='grc' dir='ltr'>τυποῦμαι,</span> <span class='ocrx_word' id='word_1_440' title='bbox 2987 2462 3172 2533; x_wconf 88' lang='grc' dir='ltr'>χώραν</span> <span class='ocrx_word' id='word_1_441' title='bbox 3196 2463 3256 2516; x_wconf 86' lang='grc' dir='ltr'><strong>ού</strong></span> <span class='ocrx_word' id='word_1_442' title='bbox 3284 2462 3459 2516; x_wconf 76' lang='grc' dir='ltr'>Σατὰν</span> <span class='ocrx_word' id='word_1_443' title='bbox 3483 2461 3618 2531; x_wconf 73' lang='grc' dir='ltr'>ἔχει·</span> 
     </span>
    </p>
   </div>
   <div class='ocr_carea' id='block_1_83' title="bbox 2430 2553 3654 2628">
    <p class='ocr_par' dir='ltr' id='par_1_83' title="bbox 2430 2553 3654 2628">
     <span class='ocr_line' id='line_1_84' title="bbox 2430 2553 3654 2628; baseline -0.003 -18"><span class='ocrx_word' id='word_1_444' title='bbox 2430 2556 2666 2610; x_wconf 84' lang='grc' dir='ltr'>Καθεῖλε</span> <span class='ocrx_word' id='word_1_445' title='bbox 2692 2555 2801 2628; x_wconf 75' lang='grc' dir='ltr'><strong>γὰρ</strong></span> <span class='ocrx_word' id='word_1_446' title='bbox 2829 2556 2890 2607; x_wconf 84' lang='grc' dir='ltr'><strong>τὸ</strong></span> <span class='ocrx_word' id='word_1_447' title='bbox 2917 2557 3120 2626; x_wconf 83' lang='grc' dir='ltr'>κράτος</span> <span class='ocrx_word' id='word_1_448' title='bbox 3151 2554 3314 2608; x_wconf 83' lang='grc' dir='ltr'>αὑτοῦ</span> <span class='ocrx_word' id='word_1_449' title='bbox 3341 2553 3654 2618; x_wconf 80' lang='grc' dir='ltr'>Παντάναξ.</span> 
     </span>
    </p>
   </div>
   <div class='ocr_carea' id='block_1_84' title="bbox 2910 2647 3371 2701">
    <p class='ocr_par' dir='ltr' id='par_1_84' title="bbox 2910 2647 3371 2701">
     <span class='ocr_line' id='line_1_85' title="bbox 2910 2647 3371 2701; baseline -0.002 -1"><span class='ocrx_word' id='word_1_450' title='bbox 2910 2647 3045 2701; x_wconf 87' lang='grc' dir='ltr'><strong>ΜΘ¹.</strong></span> <span class='ocrx_word' id='word_1_451' title='bbox 3074 2676 3145 2688; x_wconf 89' lang='grc'><strong>--</strong></span> <span class='ocrx_word' id='word_1_452' title='bbox 3169 2649 3371 2700; x_wconf 84' lang='grc' dir='ltr'><em>Ἄλλο.</em></span> 
     </span>
    </p>
   </div>
   <div class='ocr_carea' id='block_1_85' title="bbox 2431 2737 3581 2812">
    <p class='ocr_par' dir='ltr' id='par_1_85' title="bbox 2431 2737 3581 2812">
     <span class='ocr_line' id='line_1_86' title="bbox 2431 2737 3581 2812; baseline -0.001 -20"><span class='ocrx_word' id='word_1_453' title='bbox 2431 2738 2533 2792; x_wconf 85' lang='grc' dir='ltr'>Σοῦ</span> <span class='ocrx_word' id='word_1_454' title='bbox 2557 2742 2623 2810; x_wconf 85' lang='grc' dir='ltr'>τῇ</span> <span class='ocrx_word' id='word_1_455' title='bbox 2651 2738 2748 2812; x_wconf 77' lang='grc' dir='ltr'>θέᾳ</span> <span class='ocrx_word' id='word_1_456' title='bbox 2774 2738 3058 2810; x_wconf 73' lang='grc' dir='ltr'>πόρρωθεν</span> <span class='ocrx_word' id='word_1_457' title='bbox 3079 2739 3107 2790; x_wconf 89' lang='grc' dir='ltr'><strong>ό</strong></span> <span class='ocrx_word' id='word_1_458' title='bbox 3136 2737 3350 2809; x_wconf 86' lang='grc' dir='ltr'>δράκων</span> <span class='ocrx_word' id='word_1_459' title='bbox 3377 2738 3581 2810; x_wconf 84' lang='grc' dir='ltr'>τρέχει,</span> 
     </span>
    </p>
   </div>
   <div class='ocr_carea' id='block_1_86' title="bbox 2433 2831 3639 2905">
    <p class='ocr_par' dir='ltr' id='par_1_86' title="bbox 2433 2831 3639 2905">
     <span class='ocr_line' id='line_1_87' title="bbox 2433 2831 3639 2905; baseline 0 -18"><span class='ocrx_word' id='word_1_460' title='bbox 2433 2835 2476 2886; x_wconf 90' lang='grc' dir='ltr'><strong>Τ</strong></span> <span class='ocrx_word' id='word_1_461' title='bbox 2482 2833 2615 2887; x_wconf 91' lang='grc' dir='ltr'>ύπον</span> <span class='ocrx_word' id='word_1_462' title='bbox 2647 2849 2707 2885; x_wconf 83' lang='grc' dir='ltr'><strong>σε</strong></span> <span class='ocrx_word' id='word_1_463' title='bbox 2735 2831 2946 2905; x_wconf 86' lang='grc' dir='ltr'>δέρκων</span> <span class='ocrx_word' id='word_1_464' title='bbox 3006 2831 3102 2885; x_wconf 83' lang='grc' dir='ltr'><strong>τοῦ</strong></span> <span class='ocrx_word' id='word_1_465' title='bbox 3136 2831 3426 2885; x_wconf 82' lang='grc' dir='ltr'>θεοπλύκου</span> <span class='ocrx_word' id='word_1_466' title='bbox 3457 2832 3639 2899; x_wconf 80' lang='grc' dir='ltr'>ξύλου.</span> 
     </span>
    </p>
   </div>
   <div class='ocr_carea' id='block_1_87' title="bbox 2936 2924 3359 2978">
    <p class='ocr_par' dir='ltr' id='par_1_87' title="bbox 2936 2924 3359 2978">
     <span class='ocr_line' id='line_1_88' title="bbox 2936 2924 3359 2978; baseline 0.005 -2"><span class='ocrx_word' id='word_1_467' title='bbox 2936 2924 3022 2977; x_wconf 89' lang='lat' dir='ltr'><strong>N&#39;.</strong></span> <span class='ocrx_word' id='word_1_468' title='bbox 3054 2952 3125 2964; x_wconf 89' lang='lat'><strong>—-</strong></span> <span class='ocrx_word' id='word_1_469' title='bbox 3158 2925 3359 2978; x_wconf 80' lang='grc' dir='ltr'><em>Ἄλλο.</em></span> 
     </span>
    </p>
   </div>
   <div class='ocr_carea' id='block_1_88' title="bbox 2430 3014 3801 3086">
    <p class='ocr_par' dir='ltr' id='par_1_88' title="bbox 2430 3014 3801 3086">
     <span class='ocr_line' id='line_1_89' title="bbox 2430 3014 3801 3086; baseline -0.002 -15"><span class='ocrx_word' id='word_1_470' title='bbox 2430 3014 2500 3071; x_wconf 82' lang='grc' dir='ltr'><strong><em>Ὦ</em></strong></span> <span class='ocrx_word' id='word_1_471' title='bbox 2526 3016 2748 3086; x_wconf 83' lang='grc' dir='ltr'>σταυρὲ,</span> <span class='ocrx_word' id='word_1_472' title='bbox 2777 3015 2892 3084; x_wconf 85' lang='grc' dir='ltr'>φῶς</span> <span class='ocrx_word' id='word_1_473' title='bbox 2917 3033 3039 3085; x_wconf 85' lang='grc' dir='ltr'>μου,</span> <span class='ocrx_word' id='word_1_474' title='bbox 3063 3015 3245 3083; x_wconf 84' lang='grc' dir='ltr'>λάμπε</span> <span class='ocrx_word' id='word_1_475' title='bbox 3273 3033 3361 3086; x_wconf 81' lang='grc' dir='ltr'><strong>μοι</strong></span> <span class='ocrx_word' id='word_1_476' title='bbox 3396 3014 3561 3070; x_wconf 76' lang='grc' dir='ltr'>παντὶ</span> <span class='ocrx_word' id='word_1_477' title='bbox 3590 3014 3801 3086; x_wconf 78' lang='grc' dir='ltr'>χρόνῳ,</span> 
     </span>
    </p>
   </div>
   <div class='ocr_carea' id='block_1_89' title="bbox 2431 3107 3670 3182">
    <p class='ocr_par' dir='ltr' id='par_1_89' title="bbox 2431 3107 3670 3182">
     <span class='ocr_line' id='line_1_90' title="bbox 2431 3107 3670 3182; baseline -0.002 -18"><span class='ocrx_word' id='word_1_478' title='bbox 2431 3109 2628 3182; x_wconf 79' lang='grc' dir='ltr'><strong>Πόρῤω</strong></span> <span class='ocrx_word' id='word_1_479' title='bbox 2652 3107 2864 3162; x_wconf 85' lang='grc' dir='ltr'>διώκων</span> <span class='ocrx_word' id='word_1_480' title='bbox 2891 3107 2992 3176; x_wconf 79' lang='grc' dir='ltr'>τῆς</span> <span class='ocrx_word' id='word_1_481' title='bbox 3024 3107 3208 3178; x_wconf 74' lang='grc' dir='ltr'>ψυχῆς</span> <span class='ocrx_word' id='word_1_482' title='bbox 3241 3125 3342 3178; x_wconf 89' lang='grc' dir='ltr'><strong>μου</strong></span> <span class='ocrx_word' id='word_1_483' title='bbox 3371 3107 3435 3161; x_wconf 84' lang='grc' dir='ltr'>τὸ</span> <span class='ocrx_word' id='word_1_484' title='bbox 3460 3107 3670 3172; x_wconf 85' lang='grc' dir='ltr'>σκότος.</span> 
     </span>
    </p>
   </div>
   <div class='ocr_carea' id='block_1_90' title="bbox 2915 3201 3374 3255">
    <p class='ocr_par' dir='ltr' id='par_1_90' title="bbox 2915 3201 3374 3255">
     <span class='ocr_line' id='line_1_91' title="bbox 2915 3201 3374 3255; baseline 0 -1"><span class='ocrx_word' id='word_1_485' title='bbox 2915 3201 2964 3254; x_wconf 88' lang='grc' dir='ltr'><strong>Ν</strong></span> <span class='ocrx_word' id='word_1_486' title='bbox 2968 3205 3046 3255; x_wconf 84' lang='lat' dir='ltr'><strong>A&#39;.</strong></span> <span class='ocrx_word' id='word_1_487' title='bbox 3077 3230 3145 3240; x_wconf 92' lang='lat'><strong>—</strong></span> <span class='ocrx_word' id='word_1_488' title='bbox 3175 3201 3374 3254; x_wconf 80' lang='grc' dir='ltr'><em>Ἄλλο.</em></span> 
     </span>
    </p>
   </div>
   <div class='ocr_carea' id='block_1_91' title="bbox 2435 3290 3573 3365">
    <p class='ocr_par' dir='ltr' id='par_1_91' title="bbox 2435 3290 3573 3365">
     <span class='ocr_line' id='line_1_92' title="bbox 2435 3290 3573 3365; baseline -0.004 -16"><span class='ocrx_word' id='word_1_489' title='bbox 2435 3291 2604 3359; x_wconf 71' lang='grc' dir='ltr'>Οὗτος</span> <span class='ocrx_word' id='word_1_490' title='bbox 2636 3294 2902 3365; x_wconf 79' lang='grc' dir='ltr'>πεπηγὼς</span> <span class='ocrx_word' id='word_1_491' title='bbox 2933 3294 2992 3346; x_wconf 84' lang='grc' dir='ltr'>ὲν</span> <span class='ocrx_word' id='word_1_492' title='bbox 3021 3293 3172 3359; x_wconf 88' lang='grc' dir='ltr'>τόπῳ</span> <span class='ocrx_word' id='word_1_493' title='bbox 3195 3291 3289 3346; x_wconf 87' lang='grc' dir='ltr'><strong>τοῦ</strong></span> <span class='ocrx_word' id='word_1_494' title='bbox 3313 3290 3573 3362; x_wconf 73' lang='grc' dir='ltr'>Γολγοθά,</span> 
     </span>
    </p>
   </div>
   <div class='ocr_carea' id='block_1_92' title="bbox 2438 3383 3526 3458">
    <p class='ocr_par' dir='ltr' id='par_1_92' title="bbox 2438 3383 3526 3458">
     <span class='ocr_line' id='line_1_93' title="bbox 2438 3383 3526 3458; baseline -0.006 -16"><span class='ocrx_word' id='word_1_495' title='bbox 2438 3387 2678 3458; x_wconf 79' lang='grc' dir='ltr'>Ἦνθησε</span> <span class='ocrx_word' id='word_1_496' title='bbox 2705 3386 2895 3456; x_wconf 84' lang='grc' dir='ltr'>κόσμῳ</span> <span class='ocrx_word' id='word_1_497' title='bbox 2927 3383 3165 3456; x_wconf 75' lang='grc' dir='ltr'>ζωτικὴν</span> <span class='ocrx_word' id='word_1_498' title='bbox 3199 3384 3526 3454; x_wconf 78' lang='grc' dir='ltr'>εὐκαρπίαν.</span> 
     </span>
    </p>
   </div>
   <div class='ocr_carea' id='block_1_93' title="bbox 2917 3474 3371 3529">
    <p class='ocr_par' dir='ltr' id='par_1_93' title="bbox 2917 3474 3371 3529">
     <span class='ocr_line' id='line_1_94' title="bbox 2917 3474 3371 3529; baseline -0.002 -1"><span class='ocrx_word' id='word_1_499' title='bbox 2917 3474 3047 3529; x_wconf 84' lang='lat' dir='ltr'><strong>NB’.</strong></span> <span class='ocrx_word' id='word_1_500' title='bbox 3067 3505 3141 3514; x_wconf 90' lang='lat'><strong>—</strong></span> <span class='ocrx_word' id='word_1_501' title='bbox 3173 3474 3371 3528; x_wconf 78' lang='grc' dir='ltr'><em>Ἄλλο.</em></span> 
     </span>
    </p>
   </div>
   <div class='ocr_carea' id='block_1_94' title="bbox 2449 3564 3588 3640">
    <p class='ocr_par' dir='ltr' id='par_1_94' title="bbox 2449 3564 3588 3640">
     <span class='ocr_line' id='line_1_95' title="bbox 2449 3564 3588 3640; baseline -0.004 -17"><span class='ocrx_word' id='word_1_502' title='bbox 2449 3571 2537 3623; x_wconf 88' lang='grc' dir='ltr'>Ἐν</span> <span class='ocrx_word' id='word_1_503' title='bbox 2557 3567 2690 3640; x_wconf 79' lang='grc' dir='ltr'>τῷδε</span> <span class='ocrx_word' id='word_1_504' title='bbox 2713 3568 2903 3637; x_wconf 87' lang='grc' dir='ltr'>χεῖρας</span> <span class='ocrx_word' id='word_1_505' title='bbox 2936 3564 3203 3629; x_wconf 77' lang='grc' dir='ltr'>ὲξαπλοῦς</span> <span class='ocrx_word' id='word_1_506' title='bbox 3223 3566 3252 3616; x_wconf 86' lang='grc' dir='ltr'><strong>ό</strong></span> <span class='ocrx_word' id='word_1_507' title='bbox 3281 3565 3588 3630; x_wconf 81' lang='grc' dir='ltr'>Παντάναξ,</span> 
     </span>
    </p>
   </div>
   <div class='ocr_carea' id='block_1_95' title="bbox 2441 3657 3695 3734">
    <p class='ocr_par' dir='ltr' id='par_1_95' title="bbox 2441 3657 3695 3734">
     <span class='ocr_line' id='line_1_96' title="bbox 2441 3657 3695 3734; baseline -0.003 -18"><span class='ocrx_word' id='word_1_508' title='bbox 2441 3662 2664 3734; x_wconf 80' lang='grc' dir='ltr'>Ἠγειρε</span> <span class='ocrx_word' id='word_1_509' title='bbox 2686 3659 2890 3729; x_wconf 88' lang='grc' dir='ltr'>κόσμον</span> <span class='ocrx_word' id='word_1_510' title='bbox 2921 3660 2986 3711; x_wconf 75' lang='grc' dir='ltr'>ἐκ</span> <span class='ocrx_word' id='word_1_511' title='bbox 3013 3657 3284 3730; x_wconf 79' lang='grc' dir='ltr'>βαράθρου</span> <span class='ocrx_word' id='word_1_512' title='bbox 3317 3659 3695 3730; x_wconf 79' lang='grc' dir='ltr'>πταισμάτων.</span> 
     </span>
    </p>
   </div>
   <div class='ocr_carea' id='block_1_96' title="bbox 2389 3751 3386 3818">
    <p class='ocr_par' dir='ltr' id='par_1_96' title="bbox 2389 3751 3386 3818">
     <span class='ocr_line' id='line_1_97' title="bbox 2389 3751 3386 3818; baseline -0.012 0"><span class='ocrx_word' id='word_1_513' title='bbox 2389 3785 2428 3818; x_wconf 80' lang='grc'><strong><em>&gt;</em></strong></span> <span class='ocrx_word' id='word_1_514' title='bbox 2920 3751 3047 3806; x_wconf 69' lang='lat' dir='ltr'><strong>Nl&quot;.</strong></span> <span class='ocrx_word' id='word_1_515' title='bbox 3078 3780 3149 3792; x_wconf 88' lang='lat'><strong>-—</strong></span> <span class='ocrx_word' id='word_1_516' title='bbox 3175 3753 3386 3806; x_wconf 77' lang='grc' dir='ltr'><em>Ἀλλο.</em></span> 
     </span>
    </p>
   </div>
   <div class='ocr_carea' id='block_1_97' title="bbox 2435 3843 3610 3918">
    <p class='ocr_par' dir='ltr' id='par_1_97' title="bbox 2435 3843 3610 3918">
     <span class='ocr_line' id='line_1_98' title="bbox 2435 3843 3610 3918; baseline -0.004 -16"><span class='ocrx_word' id='word_1_517' title='bbox 2435 3846 2680 3918; x_wconf 82' lang='grc' dir='ltr'>Χαίροις,</span> <span class='ocrx_word' id='word_1_518' title='bbox 2709 3844 2968 3917; x_wconf 84' lang='grc' dir='ltr'>τρόπαιον</span> <span class='ocrx_word' id='word_1_519' title='bbox 2988 3843 3090 3912; x_wconf 83' lang='grc' dir='ltr'>τῆς</span> <span class='ocrx_word' id='word_1_520' title='bbox 3115 3843 3228 3897; x_wconf 84' lang='grc' dir='ltr'>ἄνω</span> <span class='ocrx_word' id='word_1_521' title='bbox 3263 3844 3610 3914; x_wconf 82' lang='grc' dir='ltr'>παντευχίας·</span> 
     </span>
    </p>
   </div>
   <div class='ocr_carea' id='block_1_98' title="bbox 2447 3933 3707 4008">
    <p class='ocr_par' dir='ltr' id='par_1_98' title="bbox 2447 3933 3707 4008">
     <span class='ocr_line' id='line_1_99' title="bbox 2447 3933 3707 4008; baseline -0.002 -17"><span class='ocrx_word' id='word_1_522' title='bbox 2447 3939 2536 3992; x_wconf 86' lang='grc' dir='ltr'>Ἐν</span> <span class='ocrx_word' id='word_1_523' title='bbox 2557 3937 2640 3990; x_wconf 75' lang='grc' dir='ltr'><strong>σοὶ</strong></span> <span class='ocrx_word' id='word_1_524' title='bbox 2665 3935 2969 4008; x_wconf 80' lang='grc' dir='ltr'>τέτραπται</span> <span class='ocrx_word' id='word_1_525' title='bbox 2998 3935 3148 3987; x_wconf 80' lang='grc' dir='ltr'>πᾶσα</span> <span class='ocrx_word' id='word_1_526' title='bbox 3174 3934 3442 4004; x_wconf 82' lang='grc' dir='ltr'>δαιμόνων</span> <span class='ocrx_word' id='word_1_527' title='bbox 3469 3933 3707 4004; x_wconf 79' lang='grc' dir='ltr'>φάλαγξ.</span> 
     </span>
    </p>
   </div>
   <div class='ocr_carea' id='block_1_99' title="bbox 2927 4027 3384 4082">
    <p class='ocr_par' dir='ltr' id='par_1_99' title="bbox 2927 4027 3384 4082">
     <span class='ocr_line' id='line_1_100' title="bbox 2927 4027 3384 4082; baseline 0.004 -2"><span class='ocrx_word' id='word_1_528' title='bbox 2927 4027 3054 4082; x_wconf 85' lang='lat' dir='ltr'><strong>NA’.</strong></span> <span class='ocrx_word' id='word_1_529' title='bbox 3079 4057 3150 4070; x_wconf 85' lang='lat'><strong>—-</strong></span> <span class='ocrx_word' id='word_1_530' title='bbox 3182 4028 3384 4082; x_wconf 79' lang='grc' dir='ltr'><em>Ἄλλο.</em></span> 
     </span>
    </p>
   </div>
   <div class='ocr_carea' id='block_1_100' title="bbox 2383 4107 3664 4195">
    <p class='ocr_par' dir='ltr' id='par_1_100' title="bbox 2383 4107 3664 4195">
     <span class='ocr_line' id='line_1_101' title="bbox 2383 4107 3664 4195; baseline -0.006 -16"><span class='ocrx_word' id='word_1_531' title='bbox 2383 4107 2388 4116; x_wconf 54' lang='grc'><em>’</em></span> <span class='ocrx_word' id='word_1_532' title='bbox 2434 4124 2680 4195; x_wconf 89' lang='grc' dir='ltr'>Χαίροις,</span> <span class='ocrx_word' id='word_1_533' title='bbox 2705 4118 3146 4194; x_wconf 82' lang='grc' dir='ltr'>τρισευλόγητον,</span> <span class='ocrx_word' id='word_1_534' title='bbox 3175 4121 3443 4192; x_wconf 84' lang='grc' dir='ltr'>ἄχραντον</span> <span class='ocrx_word' id='word_1_535' title='bbox 3471 4119 3624 4188; x_wconf 82' lang='grc' dir='ltr'>ξύλον</span> <span class='ocrx_word' id='word_1_536' title='bbox 3646 4134 3664 4149; x_wconf 86' lang='grc'><strong>·</strong></span> 
     </span>
    </p>
   </div>
   <div class='ocr_carea' id='block_1_101' title="bbox 2449 4214 3625 4287">
    <p class='ocr_par' dir='ltr' id='par_1_101' title="bbox 2449 4214 3625 4287">
     <span class='ocr_line' id='line_1_102' title="bbox 2449 4214 3625 4287; baseline -0.003 -15"><span class='ocrx_word' id='word_1_537' title='bbox 2449 4219 2536 4272; x_wconf 85' lang='grc' dir='ltr'><strong>Ἐν</strong></span> <span class='ocrx_word' id='word_1_538' title='bbox 2565 4219 2649 4272; x_wconf 78' lang='grc' dir='ltr'>σοὶ</span> <span class='ocrx_word' id='word_1_539' title='bbox 2679 4221 2957 4272; x_wconf 79' lang='grc' dir='ltr'>πέπαυται</span> <span class='ocrx_word' id='word_1_540' title='bbox 2988 4217 3090 4287; x_wconf 79' lang='grc' dir='ltr'>τῆς</span> <span class='ocrx_word' id='word_1_541' title='bbox 3115 4217 3255 4287; x_wconf 81' lang='grc' dir='ltr'>ἀρᾶς</span> <span class='ocrx_word' id='word_1_542' title='bbox 3279 4218 3312 4285; x_wconf 84' lang='grc' dir='ltr'>ἡ</span> <span class='ocrx_word' id='word_1_543' title='bbox 3343 4214 3625 4286; x_wconf 75' lang='grc' dir='ltr'>θνητότης.</span> 
     </span>
    </p>
   </div>
   <div class='ocr_carea' id='block_1_102' title="bbox 2911 4304 3395 4362">
    <p class='ocr_par' dir='ltr' id='par_1_102' title="bbox 2911 4304 3395 4362">
     <span class='ocr_line' id='line_1_103' title="bbox 2911 4304 3395 4362; baseline -0.006 -2"><span class='ocrx_word' id='word_1_544' title='bbox 2911 4304 3040 4362; x_wconf 87' lang='lat' dir='ltr'><strong>NE&#39;.</strong></span> <span class='ocrx_word' id='word_1_545' title='bbox 3076 4335 3149 4348; x_wconf 92' lang='lat'><strong><em>—</em></strong></span> <span class='ocrx_word' id='word_1_546' title='bbox 3186 4307 3395 4360; x_wconf 82' lang='grc' dir='ltr'><em>Ἀλλο.</em></span> 
     </span>
    </p>
   </div>
   <div class='ocr_carea' id='block_1_103' title="bbox 2435 4395 3658 4472">
    <p class='ocr_par' dir='ltr' id='par_1_103' title="bbox 2435 4395 3658 4472">
     <span class='ocr_line' id='line_1_104' title="bbox 2435 4395 3658 4472; baseline -0.003 -18"><span class='ocrx_word' id='word_1_547' title='bbox 2435 4400 2684 4472; x_wconf 84' lang='grc' dir='ltr'>Χαίροις,</span> <span class='ocrx_word' id='word_1_548' title='bbox 2705 4399 2986 4472; x_wconf 78' lang='grc' dir='ltr'>μοναστῶν</span> <span class='ocrx_word' id='word_1_549' title='bbox 3012 4397 3289 4466; x_wconf 87' lang='grc' dir='ltr'>παντέλαφ</span> <span class='ocrx_word' id='word_1_550' title='bbox 3299 4415 3389 4468; x_wconf 88' lang='grc' dir='ltr'><strong>ρον</strong></span> <span class='ocrx_word' id='word_1_551' title='bbox 3421 4395 3658 4467; x_wconf 81' lang='grc' dir='ltr'>φορτίον.</span> 
     </span>
    </p>
   </div>
   <div class='ocr_carea' id='block_1_104' title="bbox 2449 4487 3801 4565">
    <p class='ocr_par' dir='ltr' id='par_1_104' title="bbox 2449 4487 3801 4565">
     <span class='ocr_line' id='line_1_105' title="bbox 2449 4487 3801 4565; baseline -0.007 -17"><span class='ocrx_word' id='word_1_552' title='bbox 2449 4494 2538 4548; x_wconf 87' lang='grc' dir='ltr'><strong>Ἐν</strong></span> <span class='ocrx_word' id='word_1_553' title='bbox 2568 4493 2653 4547; x_wconf 80' lang='grc' dir='ltr'>σοὶ</span> <span class='ocrx_word' id='word_1_554' title='bbox 2679 4493 2786 4565; x_wconf 80' lang='grc' dir='ltr'>γὰρ</span> <span class='ocrx_word' id='word_1_555' title='bbox 2822 4493 3004 4555; x_wconf 77' lang='grc' dir='ltr'>αὐτοῖς</span> <span class='ocrx_word' id='word_1_556' title='bbox 3034 4490 3234 4560; x_wconf 87' lang='grc' dir='ltr'>κοῦφος</span> <span class='ocrx_word' id='word_1_557' title='bbox 3261 4491 3290 4543; x_wconf 88' lang='grc' dir='ltr'><strong>ό</strong></span> <span class='ocrx_word' id='word_1_558' title='bbox 3315 4487 3551 4559; x_wconf 84' lang='grc' dir='ltr'>Χριστοῦ</span> <span class='ocrx_word' id='word_1_559' title='bbox 3575 4487 3801 4558; x_wconf 82' lang='grc' dir='ltr'>δρόμος.</span> 
     </span>
    </p>
   </div>
   <div class='ocr_carea' id='block_1_105' title="bbox 2918 4582 3400 4652">
    <p class='ocr_par' dir='ltr' id='par_1_105' title="bbox 2918 4582 3400 4652">
     <span class='ocr_line' id='line_1_106' title="bbox 2918 4582 3400 4652; baseline 0 -16"><span class='ocrx_word' id='word_1_560' title='bbox 2918 4582 3064 4652; x_wconf 70' lang='lat' dir='ltr'><strong>NG&quot;.</strong></span> <span class='ocrx_word' id='word_1_561' title='bbox 3091 4612 3165 4622; x_wconf 91' lang='lat'><strong><em>—</em></strong></span> <span class='ocrx_word' id='word_1_562' title='bbox 3199 4582 3400 4636; x_wconf 82' lang='grc' dir='ltr'><em>Ἄλλο.</em></span> 
     </span>
    </p>
   </div>
   <div class='ocr_carea' id='block_1_106' title="bbox 2440 4669 3698 4751">
    <p class='ocr_par' dir='ltr' id='par_1_106' title="bbox 2440 4669 3698 4751">
     <span class='ocr_line' id='line_1_107' title="bbox 2440 4669 3698 4751; baseline -0.008 -17"><span class='ocrx_word' id='word_1_563' title='bbox 2440 4679 2684 4751; x_wconf 83' lang='grc' dir='ltr'>Χαίροις,</span> <span class='ocrx_word' id='word_1_564' title='bbox 2719 4675 3003 4748; x_wconf 80' lang='grc' dir='ltr'>φυλακτὴρ</span> <span class='ocrx_word' id='word_1_565' title='bbox 3031 4669 3092 4729; x_wconf 79' lang='grc' dir='ltr'>οὗ</span> <span class='ocrx_word' id='word_1_566' title='bbox 3118 4673 3476 4745; x_wconf 88' lang='grc' dir='ltr'>παρεδρεύεις</span> <span class='ocrx_word' id='word_1_567' title='bbox 3507 4671 3698 4725; x_wconf 82' lang='grc' dir='ltr'>τόπου·</span> 
     </span>
    </p>
   </div>
   <div class='ocr_carea' id='block_1_107' title="bbox 2440 4764 3594 4839">
    <p class='ocr_par' dir='ltr' id='par_1_107' title="bbox 2440 4764 3594 4839">
     <span class='ocr_line' id='line_1_108' title="bbox 2440 4764 3594 4839; baseline -0.009 -10"><span class='ocrx_word' id='word_1_568' title='bbox 2440 4775 2669 4838; x_wconf 88' lang='grc' dir='ltr'>Σκέποις</span> <span class='ocrx_word' id='word_1_569' title='bbox 2700 4771 2901 4835; x_wconf 83' lang='grc' dir='ltr'>ἀσινῶς</span> <span class='ocrx_word' id='word_1_570' title='bbox 2931 4771 3057 4833; x_wconf 72' lang='grc' dir='ltr'>τοὺς</span> <span class='ocrx_word' id='word_1_571' title='bbox 3096 4769 3359 4839; x_wconf 88' lang='grc' dir='ltr'>μένοντας</span> <span class='ocrx_word' id='word_1_572' title='bbox 3387 4764 3594 4820; x_wconf 78' lang='grc' dir='ltr'>ἐνθάδε.</span> 
     </span>
    </p>
   </div>
   <div class='ocr_carea' id='block_1_108' title="bbox 2427 4861 3366 4916">
    <p class='ocr_par' dir='ltr' id='par_1_108' title="bbox 2427 4861 3366 4916">
     <span class='ocr_line' id='line_1_109' title="bbox 2427 4861 3366 4916; baseline -0.005 1"><span class='ocrx_word' id='word_1_573' title='bbox 2427 4883 2460 4900; x_wconf 64' lang='grc' dir='ltr'>δ</span> <span class='ocrx_word' id='word_1_574' title='bbox 2927 4863 3054 4916; x_wconf 85' lang='lat' dir='ltr'><strong>NZ&#39;.</strong></span> <span class='ocrx_word' id='word_1_575' title='bbox 3080 4890 3148 4900; x_wconf 94' lang='lat'>—</span> <span class='ocrx_word' id='word_1_576' title='bbox 3173 4861 3366 4914; x_wconf 79' lang='grc' dir='ltr'><strong>Ἀλλο</strong></span> 
     </span>
    </p>
   </div>
   <div class='ocr_carea' id='block_1_109' title="bbox 2440 4949 3654 5036">
    <p class='ocr_par' dir='ltr' id='par_1_109' title="bbox 2440 4949 3654 5036">
     <span class='ocr_line' id='line_1_110' title="bbox 2440 4949 3654 5036; baseline -0.008 -24"><span class='ocrx_word' id='word_1_577' title='bbox 2440 4957 2639 5036; x_wconf 64' lang='lat' dir='ltr'><strong>Tua-6v</strong></span> <span class='ocrx_word' id='word_1_578' title='bbox 2667 4957 2734 5028; x_wconf 81' lang='grc' dir='ltr'><strong>μέ</strong></span> <span class='ocrx_word' id='word_1_579' title='bbox 2759 4973 2842 5020; x_wconf 89' lang='grc' dir='ltr'><strong>τις</strong></span> <span class='ocrx_word' id='word_1_580' title='bbox 2873 4955 2966 5009; x_wconf 77' lang='grc' dir='ltr'><strong>καὶ</strong></span> <span class='ocrx_word' id='word_1_581' title='bbox 2995 4953 3152 5026; x_wconf 87' lang='grc' dir='ltr'>μόνον</span> <span class='ocrx_word' id='word_1_582' title='bbox 3177 4951 3354 5036; x_wconf 79' lang='grc' dir='ltr'>έμπου</span> <span class='ocrx_word' id='word_1_583' title='bbox 3387 4949 3654 5020; x_wconf 83' lang='grc' dir='ltr'>δακτύλῳ,</span> 
     </span>
    </p>
   </div>
   <div class='ocr_carea' id='block_1_110' title="bbox 2439 5034 3637 5119">
    <p class='ocr_par' dir='ltr' id='par_1_110' title="bbox 2439 5034 3637 5119">
     <span class='ocr_line' id='line_1_111' title="bbox 2439 5034 3637 5119; baseline -0.008 -15"><span class='ocrx_word' id='word_1_584' title='bbox 2439 5034 2614 5113; x_wconf 75' lang='grc' dir='ltr'><strong>Εὐθὺς</strong></span> <span class='ocrx_word' id='word_1_585' title='bbox 2641 5050 2731 5103; x_wconf 85' lang='grc' dir='ltr'><strong>τὸν</strong></span> <span class='ocrx_word' id='word_1_586' title='bbox 2755 5047 3108 5119; x_wconf 77' lang='grc' dir='ltr'>ὲχθραίνοντα</span> <span class='ocrx_word' id='word_1_587' title='bbox 3136 5034 3366 5116; x_wconf 83' lang='grc' dir='ltr'>δαίμονα</span> <span class='ocrx_word' id='word_1_588' title='bbox 3399 5043 3637 5116; x_wconf 82' lang='grc' dir='ltr'>στρέφει.</span> 
     </span>
    </p>
   </div>
   <div class='ocr_carea' id='block_1_111' title="bbox 2596 5133 3704 5208">
    <p class='ocr_par' dir='ltr' id='par_1_111' title="bbox 2596 5133 3704 5208">
     <span class='ocr_line' id='line_1_112' title="bbox 2596 5133 3704 5208; baseline -0.008 -11"><span class='ocrx_word' id='word_1_589' title='bbox 2596 5143 2730 5197; x_wconf 82' lang='lat' dir='ltr'><strong>NH&#39;.</strong></span> <span class='ocrx_word' id='word_1_590' title='bbox 2767 5169 2828 5187; x_wconf 84' lang='lat'><strong>--</strong></span> <span class='ocrx_word' id='word_1_591' title='bbox 2859 5140 2962 5206; x_wconf 77' lang='grc' dir='ltr'><strong>Εἰς</strong></span> <span class='ocrx_word' id='word_1_592' title='bbox 2983 5138 3288 5208; x_wconf 83' lang='grc' dir='ltr'>σταυροὺς</span> <span class='ocrx_word' id='word_1_593' title='bbox 3303 5133 3623 5208; x_wconf 79' lang='grc' dir='ltr'>μοναστῶν</span> <span class='ocrx_word' id='word_1_594' title='bbox 3651 5134 3704 5189; x_wconf 70' lang='lat' dir='ltr'><strong>ll.</strong></span> 
     </span>
    </p>
   </div>
   <div class='ocr_carea' id='block_1_112' title="bbox 2439 5229 3667 5308">
    <p class='ocr_par' dir='ltr' id='par_1_112' title="bbox 2439 5229 3667 5308">
     <span class='ocr_line' id='line_1_113' title="bbox 2439 5229 3667 5308; baseline -0.008 -17"><span class='ocrx_word' id='word_1_595' title='bbox 2439 5236 2677 5308; x_wconf 72' lang='grc' dir='ltr'>Σταυρὸς</span> <span class='ocrx_word' id='word_1_596' title='bbox 2703 5233 3006 5306; x_wconf 75' lang='grc' dir='ltr'>βλεπόντων</span> <span class='ocrx_word' id='word_1_597' title='bbox 3034 5233 3459 5303; x_wconf 78' lang='grc' dir='ltr'>ἀστραπηφόρον</span> <span class='ocrx_word' id='word_1_598' title='bbox 3489 5229 3667 5292; x_wconf 88' lang='grc' dir='ltr'>σέλας.</span> 
     </span>
    </p>
   </div>
   <div class='ocr_carea' id='block_1_113' title="bbox 2439 5321 3563 5399">
    <p class='ocr_par' dir='ltr' id='par_1_113' title="bbox 2439 5321 3563 5399">
     <span class='ocr_line' id='line_1_114' title="bbox 2439 5321 3563 5399; baseline -0.005 -18"><span class='ocrx_word' id='word_1_599' title='bbox 2439 5327 2676 5399; x_wconf 84' lang='grc' dir='ltr'>Σταυρὸς</span> <span class='ocrx_word' id='word_1_600' title='bbox 2707 5324 2985 5398; x_wconf 86' lang='grc' dir='ltr'>μοναστῶν</span> <span class='ocrx_word' id='word_1_601' title='bbox 3014 5323 3274 5393; x_wconf 85' lang='grc' dir='ltr'>εῦδρομος</span> <span class='ocrx_word' id='word_1_602' title='bbox 3303 5321 3563 5393; x_wconf 80' lang='grc' dir='ltr'>σωτηρία.</span> 
     </span>
    </p>
   </div>
   <div class='ocr_carea' id='block_1_114' title="bbox 2442 5412 3628 5490">
    <p class='ocr_par' dir='ltr' id='par_1_114' title="bbox 2442 5412 3628 5490">
     <span class='ocr_line' id='line_1_115' title="bbox 2442 5412 3628 5490; baseline -0.008 -18"><span class='ocrx_word' id='word_1_603' title='bbox 2442 5418 2679 5490; x_wconf 84' lang='grc' dir='ltr'>Σταυρδς</span> <span class='ocrx_word' id='word_1_604' title='bbox 2706 5415 3000 5486; x_wconf 83' lang='grc' dir='ltr'>φιλούντων</span> <span class='ocrx_word' id='word_1_605' title='bbox 3026 5413 3224 5477; x_wconf 87' lang='grc' dir='ltr'>ὲνθέως</span> <span class='ocrx_word' id='word_1_606' title='bbox 3256 5412 3628 5483; x_wconf 83' lang='grc' dir='ltr'>πορνοκτόνος.</span> 
     </span>
    </p>
   </div>
   <div class='ocr_carea' id='block_1_115' title="bbox 2444 5499 3737 5578">
    <p class='ocr_par' dir='ltr' id='par_1_115' title="bbox 2444 5499 3737 5578">
     <span class='ocr_line' id='line_1_116' title="bbox 2444 5499 3737 5578; baseline -0.007 -16"><span class='ocrx_word' id='word_1_607' title='bbox 2444 5510 2678 5578; x_wconf 77' lang='grc' dir='ltr'>Σταυρὸς</span> <span class='ocrx_word' id='word_1_608' title='bbox 2701 5505 2974 5559; x_wconf 86' lang='grc' dir='ltr'>κλαόντων</span> <span class='ocrx_word' id='word_1_609' title='bbox 2993 5503 3332 5573; x_wconf 80' lang='grc' dir='ltr'>ὲξαλείπτωρ</span> <span class='ocrx_word' id='word_1_610' title='bbox 3360 5499 3737 5570; x_wconf 80' lang='grc' dir='ltr'>πταισμάτων.</span> 
     </span>
    </p>
   </div>
   <div class='ocr_carea' id='block_1_116' title="bbox 2445 5592 3635 5668">
    <p class='ocr_par' dir='ltr' id='par_1_116' title="bbox 2445 5592 3635 5668">
     <span class='ocr_line' id='line_1_117' title="bbox 2445 5592 3635 5668; baseline -0.006 -16"><span class='ocrx_word' id='word_1_611' title='bbox 2445 5599 2682 5668; x_wconf 83' lang='grc' dir='ltr'>Σταυρὺς</span> <span class='ocrx_word' id='word_1_612' title='bbox 2699 5596 2984 5666; x_wconf 70' lang='grc' dir='ltr'>φιλάγνων</span> <span class='ocrx_word' id='word_1_613' title='bbox 3008 5594 3415 5666; x_wconf 78' lang='grc' dir='ltr'>ἀσφαλέστατος</span> <span class='ocrx_word' id='word_1_614' title='bbox 3446 5592 3635 5664; x_wconf 80' lang='grc' dir='ltr'>φύλαξ.</span> 
     </span>
    </p>
   </div>
   <div class='ocr_carea' id='block_1_117' title="bbox 2013 5751 2698 5810">
    <p class='ocr_par' dir='ltr' id='par_1_117' title="bbox 2013 5751 2698 5810">
     <span class='ocr_line' id='line_1_118' title="bbox 2013 5751 2698 5810; baseline -0.004 -1"><span class='ocrx_word' id='word_1_615' title='bbox 2013 5753 2249 5810; x_wconf 61' lang='grc' dir='ltr'>γΑῐιιιΕ</span> <span class='ocrx_word' id='word_1_616' title='bbox 2291 5751 2698 5809; x_wconf 80' lang='lat' dir='ltr'><strong>LECTIONES.</strong></span> 
     </span>
    </p>
   </div>
   <div class='ocr_carea' id='block_1_118' title="bbox 770 5885 2374 5967">
    <p class='ocr_par' dir='ltr' id='par_1_118' title="bbox 770 5885 2374 5967">
     <span class='ocr_line' id='line_1_119' title="bbox 770 5885 2374 5967; baseline 0.002 -20"><span class='ocrx_word' id='word_1_617' title='bbox 770 5893 800 5934; x_wconf 79' lang='grc' dir='ltr'>Ιι</span> <span class='ocrx_word' id='word_1_618' title='bbox 832 5895 962 5967; x_wconf 73' lang='lat' dir='ltr'><strong>Reg.</strong></span> <span class='ocrx_word' id='word_1_619' title='bbox 995 5894 1116 5950; x_wconf 88' lang='lat' dir='ltr'><strong>cod.</strong></span> <span class='ocrx_word' id='word_1_620' title='bbox 1156 5893 1584 5966; x_wconf 76' lang='grc' dir='ltr'>Ἐπιγράμματα</span> <span class='ocrx_word' id='word_1_621' title='bbox 1629 5893 1917 5966; x_wconf 75' lang='grc' dir='ltr'>μονόστιχα</span> <span class='ocrx_word' id='word_1_622' title='bbox 1960 5895 2040 5958; x_wconf 84' lang='grc' dir='ltr'>εἰς</span> <span class='ocrx_word' id='word_1_623' title='bbox 2087 5885 2374 5966; x_wconf 83' lang='grc' dir='ltr'>σταυρούς.</span> 
     </span>
    </p>
   </div>
   <div class='ocr_carea' id='block_1_119' title="bbox 3799 419 3946 486">
    <p class='ocr_par' dir='ltr' id='par_1_119' title="bbox 3799 419 3946 486">
     <span class='ocr_line' id='line_1_120' title="bbox 3799 419 3946 486; baseline 0.014 -4"><span class='ocrx_word' id='word_1_624' title='bbox 3799 419 3946 486; x_wconf 69' lang='grc' dir='ltr'>ιτεε</span> 
     </span>
    </p>
   </div>
  </div>
