4122 6382
302 408 438 474 I797

250 582 262 597 ,
843 525 974 583 ne.
1008 559 1085 590 ——.
1103 530 1302 587 Ἄλλο.

295 614 409 677 Πᾶς
434 613 465 668 ό
495 613 724 688 γράφων
757 633 848 688 με,
883 619 977 674 καὶ
1004 620 1234 692 γράφειν
1254 620 1489 695 Χριστὸν
1508 622 1653 681 θέλε.

308 705 567 777 Ἐπείπερ
587 706 751 773 αὐτὸς
784 708 1194 779 συμπέπλεκται
1230 728 1321 783 μοι
1346 712 1528 768 πάθει.

307 795 471 865 Ἐμοῦ
497 796 607 869 γὰρ
626 797 838 869 ἐχθρὸς,
866 799 960 851 καὶ
990 799 1320 875 καθαιρέτης
1351 802 1528 871 πέλει,

307 884 366 938 '0
396 885 472 956 μὴ
500 886 728 957 γράφων
755 889 981 955 ἐκεῖνον,
1008 892 1056 944 εί
1083 892 1188 946 καί
1206 911 1274 965 με
1302 895 1524 967 γράφει.

774 977 851 1032 Ξν.
878 1009 947 1020 -—
969 983 1367 1054 Μονόστιχον.

296 1064 528 1135 Βροτοὺς
564 1065 822 1139 δαδουχῶ,
848 1068 944 1123 καὶ
976 1074 1409 1143 σκοταρχοῦντας
1441 1075 1646 1147 φλέγω.

531 1216 542 1230 ο
650 1156 771 1214 ΞΑἏ
800 1189 867 1201 -
889 1159 985 1229 Εἰς
1020 1161 1125 1217 τὸν
1146 1165 1508 1235 Πρόδρομον.

294 1246 472 1301 Είκὼν
525 1248 755 1320 ὑπάρχω
787 1250 881 1305 τοῦ
908 1253 1171 1309 σεϐαστοῦ
1196 1255 1532 1328 Προδρόμου.

294 1338 401 1391 Καὶ
425 1339 551 1403 τοὺς
579 1340 729 1411 πόθῳ
760 1359 827 1413 με
863 1344 1297 1414 προσκυνοῦντας
1317 1347 1508 1414 ἀξίως,

305 1427 392 1492 Ὠς
422 1431 502 1495 εις
530 1432 736 1485 ἐκεῖνον
762 1433 861 1502 τὴν
893 1435 1062 1508 τιμὴν
1090 1437 1466 1509 ποιουμένους,

290 1512 474 1579 Σώους
507 1514 743 1583 φύλαττε
764 1520 1144 1592 αἱρετιζόντων
1171 1526 1399 1594 πλάνης.

326 1602 446 1661 ΞΒ’.
478 1635 549 1646 -
579 1606 683 1674 Εἰς
708 1609 818 1664 τὸν
843 1611 1014 1681 ἅγιον
1055 1614 1340 1686 Ἰωάννην
1369 1616 1476 1671 τὸν
1505 1620 1818 1693 Θεολότον.

296 1694 529 1767 Βροντῆς
559 1697 648 1752 τδν
675 1700 811 1769 υἱὸν,
842 1702 1131 1776 ἀστραπὴν
1155 1705 1253 1778 τὴν
1280 1705 1374 1761 τοῦ
1400 1707 1579 1777 λόγου,

308 1786 481 1859 Ὀρῶν
508 1807 567 1844 σε
586 1792 829 1863 γραπτὸν
851 1795 1160 1868 φωτιοῦμαι
1189 1798 1317 1862 τοῦς
1338 1799 1485 1864 νόας.

291 1878 366 1933 Σὺ
386 1879 496 1950 γάρ
521 1882 804 1952 προσάψας
830 1884 1034 1957 πυρσὸν
1064 1886 1357 1960 ἀφθάρτων
1377 1889 1573 1961 λόγων,

293 1968 466 2043 Λῦσαι
494 1970 713 2039 φθάνεις
738 1971 828 2027 τὸν
858 1974 1059 2045 κόσμον
1083 1978 1147 2031 ὲκ
1171 1978 1393 2044 σκότους
1421 1982 1649 2055 πλάνης.

360 2057 478 2111 EI”.
514 2062 619 2126 Εἰς
649 2060 756 2115 τόν
788 2059 960 2131 ἅγιον
995 2063 1240 2121 Παῦλον
1271 2066 1381 2125 τὸν
1408 2069 1780 2130 ἀπόστολον.

290 2147 537 2220 Χαίροις,
564 2150 770 2227 δοχεῖον
791 2153 1050 2221 γνώσεως
1073 2156 1210 2211 Θεοῦ
1244 2159 1412 2229 μέγα,
1483 2174 1487 2181 ·

302 2240 394 2305 Ἐξ
421 2234 482 2295 οῦ
508 2240 580 2327 τά
615 2241 733 2297 θεῖα
759 2243 958 2310 πάντες
982 2247 1233 2304 άντλοῦσι
1265 2253 1488 2327 σφόδρα.

300 2328 400 2382 Ἐκ
426 2330 535 2402 γὰρ
565 2326 772 2404 πλάνης
796 2334 860 2387 σὺ
894 2336 1101 2408 κόσμον
1127 2326 1409 2407 ὲκσπάσας
1436 2344 1578 2413 ὅλον,

289 2419 386 2483 Εἰς
421 2418 553 2492 ὕψος
578 2416 764 2494 ἦλθες,
795 2426 1027 2498 οὐρανὸν
1059 2431 1242 2503 τρίτον
1274 2436 1509 2503 φθάσας.

537 2513 654 2569 EA’.
683 2546 755 2561 —-
781 2521 886 2586 Εἰς
935 2522 1042 2575 τὸν
1069 2522 1243 2592 ἅγιον
1284 2528 1607 2597 Ζαχαρίαν.

293 2599 366 2653 Σὺ
395 2601 504 2657 τῶν
533 2608 830 2680 προφητῶν
862 2610 954 2665 τὸν
982 2613 1235 2683 μέγιστον
1261 2619 1532 2687 αὐγάσας,

292 2690 427 2742 Θεοῦ
462 2696 749 2768 προφήτης
781 2703 1141 2772 χρηματίζεις
1172 2706 1266 2760 καὶ
1300 2708 1486 2777 θύτηςο

294 2782 520 2852 Καρπὸν
545 2785 602 2840 δὲ
631 2788 771 2843 θεῖον
796 2793 1120 2865 προσφέρων
1155 2796 1234 2869 τῷ
1266 2798 1532 2876 Δεσπότῃ,

291 2873 407 2949 Bon
447 2891 690 2952 μαχαιρᾳ
718 2882 826 2952 πρὸ
849 2888 1129 2959 τραπέζης
1167 2890 1399 2961 Κυρίου.

538 2968 655 3025 ΞΕ’.
689 3000 760 3014 --
788 2976 893 3041 Εἰς
915 2976 1023 3031 τόν
1054 2978 1228 3049 ἅγιον
1270 2984 1605 3041 Διονύσιον.

290 3057 467 3121 Πολὺς
494 3059 562 3112 τὰ
586 3059 706 3115 θεῖα
734 3068 1110 3136 χρηματίζων,
1135 3074 1475 3145 τρισμάκαρ,

288 3149 430 3214 Τοὺς
452 3151 718 3220 ἀγγέλους
746 3157 810 3210 σὺ
847 3159 1122 3227 μυστικῶς
1175 3162 1532 3243 διαγράφεις,

285 3240 395 3293 Καὶ
430 3246 821 3315 συμπεραίνων
852 3250 1037 3304 πᾶσαν
1062 3252 1370 3325 ἱεραρχίαν,

283 3331 387 3386 Τὸν
409 3334 621 3406 κόσμον
641 3337 792 3392 ἐνθεν
815 3340 1099 3413 δογμάτων
1131 3344 1360 3419 πληροῖς
1392 3348 1607 3405 πλάτει.

538 3426 673 3495 Ξςῖν.
702 3461 772 3471 -
793 3433 896 3498 Εἰς
939 3434 1046 3488 τὸν
1077 3434 1251 3506 ἅγιον
1288 3443 1634 3502 Βασίλειον.

285 3516 623 3589 Ἥστραψας
657 3520 820 3595 αἴγλῃ
849 3523 944 3577 τοῦ
961 3528 1184 3593 φαεινοῦ
1208 3547 1300 3583 σου
1327 3531 1468 3601 βίου,

282 3609 393 3662 Καὶ
422 3609 746 3680 φαιδρύνεις
770 3614 862 3668 τὸν
890 3616 1094 3687 κόσμον
1124 3619 1306 3692 ἔργοις
1326 3624 1420 3676 καὶ
1446 3625 1649 3695 λόγοις.

281 3699 491 3753 λαϐὼν
528 3699 585 3755 δὲ
609 3703 708 3768 τὰς
744 3705 892 3769 κλεῖς
919 3709 1117 3773 καύτὸς
1144 3711 1221 3776 ὡς
1247 3713 1457 3786 Πέτρος
1486 3717 1627 3785 νέος,

279 3788 473 3854 Φύλαξ
498 3790 762 3864 ὑπάρχεις
784 3795 884 3867 τῆς
909 3798 1088 3871 πάσης
1131 3802 1477 3874 Ἐκκλησίας.
1537 3826 1543 3831 ‘

281 3878 400 3936 ΞΖν.
435 3908 522 3921 -
549 3885 654 3949 Εἰς
712 3885 819 3940 τὸν
867 3885 1040 3958 ἅγιον
1092 3892 1424 3965 Γρηγόριον
1466 3898 1573 3953 τὸν
1623 3900 1810 3954 Θεολό
1832 3928 1861 3942 -

1009 3998 1138 4049 τον.

290 4064 542 4137 Βροντῶν
567 4067 638 4122 τὰ
657 4068 777 4124 θεῖα
803 4073 870 4143 τῇ
907 4072 1002 4146 βοῇ
1030 4075 1140 4129 τῶν
1166 4076 1475 4150 δογμάτων,

297 4154 550 4227 Ἤχησας
575 4158 744 4224 ὅντως
778 4161 878 4234 τὴν
903 4164 994 4217 ὑπ’
1023 4165 1274 4238 οὐρανὸν,
1308 4172 1514 4245 μάκαρ.

291 4247 403 4300 Καὶ
429 4249 612 4314 πάσας
641 4251 806 4323 ἀπρὶξ
832 4256 1088 4327 μωράνας
1118 4260 1378 4333 αἱρέσεις,

290 4338 396 4393 Τὸν
420 4341 629 4412 κόσμον
658 4344 948 4416 ἐστήριξας
975 4350 1034 4402 ὲν
1062 4352 1181 4415 τοῖς
1208 4355 1321 4417 σοῖς
1353 4354 1550 4425 λόγοις.

288 4425 416 4483 EH’.
443 4458 520 4473 -—-
545 4433 663 4500 Εἰς.
702 4433 810 4489 τόν
865 4436 1035 4507 ἅγιον
1085 4443 1418 4513 Γρηγόριον
1454 4449 1562 4504 τόν
1595 4454 1860 4525 Θαυματ-

958 4535 1198 4602 ουργόν.

300 4608 388 4673 Ὠς
414 4612 570 4684 ἥλιός
594 4631 680 4680 τις
705 4617 763 4672 ἐν
802 4617 904 4691 βίῳ
930 4620 1153 4694 λάμψας
1183 4626 1379 4697 μέγας,

288 4703 672 4770 Διασκεδάζεις
699 4706 868 4764 νύκτα
897 4712 999 4783 τῆς
1028 4715 1329 4790 μοχθηρίας
1353 4737 1369 4753 ⁸
1492 4701 1511 4717 ’

292 4796 403 4891 Xa).
434 4798 867 4875 θαυματουργῶν
894 4809 1002 4862 τῶν
1035 4807 1354 4884 προσευχῶν
1375 4817 1453 4890 τῷ
1482 4820 1629 4891 φάει,

306 4888 692 4957 Ἀπεκδιώκεις
721 4895 992 4966 δαιμόνων
1023 4902 1226 4974 σμήνη,
1259 4888 1461 4982 Πάτερ.

538 4979 658 5036 36'.
687 5015 755 5026 —
790 4986 893 5053 Εἰς
918 4990 1025 5044 τὸν
1046 4991 1217 5062 ἅγιον
1271 4979 1644 5070 Ἐπιᾴάνιοη

307 5064 616 5160 Ἑωσφόρον
645 5091 705 5128 σε
730 5078 984 5145 πράξεως
1015 5084 1049 5153 ἡ
1083 5064 1424 5160 λαμπρότης,

300 5155 543 5252 Ἐδειξεν
579 5164 704 5237 ὕψει
731 5168 841 5224 τῶν
872 5155 1490 5252 μεγίστωνθαυμάτων.

429 5245 499 5323 ἦς
526 5256 594 5350 τά
626 5258 815 5330 ῥεῖθρα
848 5261 1192 5338 πλημμυρῶν
1217 5245 1327 5327 τῶν
1359 5275 1666 5350 δογμάτων.

299 5341 526 5399 Πάντων
554 5349 821 5422 θρίαμϐος
849 5355 1229 5427 αίρετιζόντων
1260 5341 1462 5432 πέλεις.

411 5464 483 5478 —-
507 5442 615 5536 _Elc
662 5446 772 5499 τὸν
818 5446 990 5516 ἅγιον
1045 5451 1333 5521 Ἰγνάτιον
1374 5460 1483 5515 τὸν
1541 5465 1855 5536 Θεοφόρον.

297 5524 480 5619 ’ζῌχων
504 5530 684 5604 ἔρωτα
713 5538 948 5608 Χριστὸν
973 5542 1033 5595 ὲν
1062 5546 1127 5613 σῇ
1157 5548 1372 5619 καρδίᾳ.

308 5615 648 5714 ἶλποστόλων
673 5628 938 5700 σύσκηνος
961 5630 1169 5706 ὤφθης.
1194 5615 1509 5714 τρισμάκαρ
1532 5658 1546 5673 ⁹

300 5706 603 5808 ⁸Σιέθλοιςᾼδὲ
637 5718 858 5793 θερμοῖς
881 5706 1342 5801 ἑκφλογίζωνψτὴν
1369 5706 1596 5808 πλάνην,

312 5796 652 5875 Ἐπιστολαὶς
685 5829 777 5867 soo
805 5813 1015 5882 Παῦλος
1040 5816 1197 5884 ἄλλος
1224 5796 1311 5886 τις
1335 5796 1533 5892 πέλεις.

1791 429 2030 492 IAMBI.

1884 542 1935 601 A

1889 4559 1944 4619 D

3388 426 3524 492 1798

2480 540 2618 600 LIX.
2636 569 2708 583 --
2738 539 2918 595 Aliud.

1966 630 2288 706 Quicunque
2313 632 2491 706 pingis
2519 648 2624 698 me,
2654 633 2817 688 simul
2850 632 3127 688 Christum
3155 632 3287 689 velis

1958 722 2226 790 Pinxisse,
2258 733 2454 783 morte
2482 739 2609 780 nam
2637 725 2922 795 colligatus
2960 724 3093 779 mihi
3131 733 3236 780 est.

1850 886 1857 893 .
1957 812 2336 871 Exterminare
2371 831 2459 871 me
2481 825 2658 885 parat,
2689 816 2735 871 si
2758 817 2881 885 quis
2910 823 3095 885 typum

1959 903 2092 977 Ejus
2118 913 2364 963 .recuset
2398 908 2640 977 pingere,
2665 915 2719 959 et
2746 906 2930 974 pingat
2958 918 3163 960 meum.

2446 994 2535 1051 LX
2546 1028 2634 1051 .—
2650 995 3062 1051 Honoslidium.

1958 1084 2276 1145 Mortalibus
2311 1103 2433 1145 sum
2460 1086 2575 1154 lux,
2603 1095 2658 1143 et
2682 1102 2781 1142 uro
2809 1087 3107 1143 daemonas.

2406 1177 2542 1234 LXI.
2565 1208 2636 1221 -
2661 1178 2729 1234 In
2750 1179 3123 1233 Prodromum.

1958 1267 2139 1340 Imago
2158 1283 2281 1324 sum
2317 1270 2623 1325 veneranda
2677 1269 2858 1340 magni
2894 1268 3218 1333 Prodromi;

1851 1399 1855 1403 .
1958 1357 2025 1412 Et
2046 1373 2132 1415 me
2165 1358 2374 1415 lubenti
2404 1360 2498 1430 qui
2529 1361 2715 1416 colunt
2745 1360 2950 1423 animo,
2978 1369 3036 1415 ut
3062 1359 3236 1424 decet,

1959 1444 2157 1503 Sancte
2183 1448 2498 1505 exhibentes
2525 1464 2687 1520 quem
2716 1450 2848 1505 mihi
2888 1451 3093 1505 cultum
3122 1446 3400 1513 exhibent,

1956 1535 2069 1592 Hos
2094 1538 2211 1608 ipse
2241 1554 2425 1595 serves
2451 1540 2679 1597 haeresis
2710 1542 2988 1611 contagio.

2097 1627 2260 1685 LXII.
2280 1659 2350 1673 —-
2372 1630 2438 1684 In
2471 1639 2712 1686 sanctum
2747 1631 3008 1689 Joannem
3040 1632 3371 1711 Theologam.

1961 1713 2233 1787 Verbique
2257 1717 2459 1788 fulgur,
2493 1731 2546 1773 et
2579 1721 2802 1776 tonitrui
2828 1723 2993 1788 lilius,

1957 1807 2087 1864 Mihi
2120 1810 2241 1864 luce
2270 1811 2507 1880 comples
2530 1822 2787 1879 mentem,
2816 1816 2908 1870 ubi
2936 1818 3137 1886 pictum
3168 1820 3410 1877 intueor.

1889 1881 1934 1938 Β
1956 1901 2116 1958 Potes
2139 1917 2369 1959 corusca
2413 1920 2646 1976 namque
2676 1922 2989 1963 sermonum
3026 1908 3167 1977 face,

1955 1993 2171 2050 Erroris
2200 1994 2422 2050 umbras
2465 1998 2597 2052 orbe
2634 2006 2746 2053 toto
2782 1999 3000 2069 pellere.

2094 2085 2279 2142 LXIII.
2317 2118 2390 2129 ——
2416 2087 2486 2143 In
2522 2101 2765 2145 sanctum
2789 2091 3018 2147 Paulum
3051 2092 3374 2161 apostolum.

1957 2180 2137 2247 Salve,
2167 2195 2200 2236 ο
2227 2197 2479 2252 supernae
2515 2184 2718 2253 grande
2751 2198 2847 2240 vas
2876 2184 3119 2242 scientiae
3149 2203 3164 2241 :

1956 2275 2037 2331 Ex
2062 2291 2172 2347 quo
2203 2277 2441 2333 universi
2499 2291 2695 2345 nempe
2720 2277 2904 2333 divina
2938 2279 3218 2335 hauriunt.

1956 2367 2061 2423 Per
2085 2378 2137 2424 te
2167 2366 2385 2438 fugatus
2408 2367 2538 2422 orbe
2566 2377 2855 2439 postquam
2882 2384 3038 2424 error
3069 2370 3195 2436 fuit,

1957 2456 2187 2516 Tolleris
2213 2460 2280 2514 ad
2311 2460 2441 2525 alta,
2472 2460 2667 2515 caelum
2702 2459 2769 2515 ad
2801 2477 2975 2531 usque
3006 2463 3252 2519 tertium.

2236 2548 2493 2605 LXIV.—
2518 2549 2583 2605 In
2619 2564 2860 2606 sanctum
2886 2551 3232 2612 Zachariam.

1957 2639 2039 2695 Tu
2079 2640 2174 2711 qui
2194 2643 2513 2709 prophetam
2541 2643 2851 2712 praedicasti
2884 2645 3208 2712 maximum,

1956 2730 2052 2785 Dei
2085 2734 2343 2788 sacerdos
2372 2742 2426 2788 et
2460 2734 2721 2804 propheta
2749 2735 2950 2791 diceris
2981 2753 2996 2791 :

1956 2818 2297 2892 Dominoque
2324 2819 2561 2876 fructum
2584 2823 2685 2877 rite
2708 2822 2953 2878 divinum
2981 2822 3237 2890 offerens,

1956 2911 2218 2970 Mactatus
2245 2929 2396 2978 ense,
2426 2915 2646 2971 victima
2674 2927 2799 2973 ante
2824 2933 2973 2972 aram
3007 2918 3182 2976 cadis.

2219 3005 2382 3062 LXV.
2412 3038 2481 3048 --
2509 3006 2579 3062 In
2615 3018 2856 3063 sanctum
2893 3009 3231 3085 Dionysium.

1955 3094 2109 3152 Felix
2135 3097 2320 3166 nimis,
2353 3098 2538 3155 divina
2560 3101 2647 3157 cui
2673 3101 2862 3157 datum
2885 3103 3094 3173 eloqui,

1961 3185 2023 3242 Et
2052 3189 2364 3260 angelorum
2405 3205 2603 3247 arcana
2635 3208 2864 3264 quaeque
2888 3196 3128 3265 pandere
3156 3212 3172 3249 :

1958 3277 2288 3349 Complexus
2308 3296 2469 3337 omne
2502 3284 2883 3354 quidquidest
2910 3285 3252 3351 hierarchiw,

1960 3370 2243 3443 Multiplici
2280 3375 2542 3430 mundum
2575 3375 2700 3435 inde
2721 3377 2970 3432 doctrina
2995 3379 3191 3446 reples.

2265 3463 2449 3519 LXVI.
2476 3495 2546 3507 —
2574 3465 2639 3520 In
2662 3476 2903 3521 sanctum
2924 3467 3222 3523 Basiliam.

1958 3552 2097 3610 Vita:
2122 3554 2338 3612 refulsit
2370 3557 2627 3627 splendor
2657 3559 2892 3614 eximius
2931 3567 3070 3628 tuae,

1958 3645 2248 3718 Factisque
2280 3650 2543 3704 mundum
2567 3653 2768 3720 pariter
2797 3662 2851 3706 et
2882 3654 3065 3708 verbis
3089 3652 3242 3709 beas.

1957 3738 2035 3793 Ac
2057 3739 2171 3809 ipse
2204 3739 2407 3805 claves,
2438 3741 2576 3795 alter
2602 3751 2660 3797 ut
2690 3741 2904 3811 Petrus,
2941 3759 3134 3814 gerens
3155 3785 3172 3812 ,

1958 3828 2219 3885 Ecclesia:
2248 3846 2391 3886 unus
2418 3832 2703 3887 {universae
2728 3834 3020 3903 prospicis.

2030 3914 2238 3971 LXVII.
2270 3947 2338 3959 —
2373 3914 2438 3971 In
2466 3927 2709 3973 sanctum
2754 3917 3070 3992 Gregorium
3105 3921 3447 3995 Theologum.

1960 4094 2090 4162 Quae
2117 4105 2173 4149 tu
2213 4095 2419 4166 potenti
2453 4110 2588 4152 voce
2616 4095 2807 4153 fudisti
2838 4106 3036 4156 tonans

1959 4187 2215 4253 Oracula,
2248 4189 2449 4254 omnis,
2474 4188 2619 4255 dive,
2640 4189 2884 4248 mundus
2910 4191 3089 4248 audiit
3122 4210 3138 4247 :

1958 4276 2346 4349 Perimensque
2373 4290 2598 4337 cunctas
2642 4283 2877 4341 haereses
2910 4284 3210 4353 radicitus,

1959 4370 2155 4426 Orbem
2192 4374 2503 4428 universum
2534 4390 2715 4430 sermo
2746 4375 2989 4432 llrmavit
3015 4388 3164 4433 tuus.

1960 4459 2189 4519 LXVIII.
2226 4494 2297 4504 —
2325 4463 2392 4519 In
2422 4475 2662 4521 sanctum
2702 4464 3011 4538 Gregorium
3051 4467 3515 4545 Thaumaturgum.

1958 4635 2111 4692 Haud
2142 4638 2299 4694 aliter
2327 4655 2391 4695 ac
2422 4640 2503 4695 sol
2535 4641 2753 4711 aliquis,
2790 4643 2848 4698 in
2875 4642 2984 4698 vita
3008 4644 3253 4715 micans,

1960 4724 2236 4785 Scelerum
2263 4732 2548 4786 nefandam
2573 4733 2783 4803 disjicis
2828 4734 3114 4802 caliginem
3149 4754 3166 4793 :

1957 4819 2186 4876 Precum
2222 4832 2276 4876 et
2303 4833 2519 4877 tuarum
2543 4824 2624 4877 vis
2658 4832 2880 4893 patrans
2904 4826 3167 4881 miracula
3194 4866 3210 4893 ,

1957 4911 2155 4967 Procul
2189 4922 2434 4968 catervas
2462 4913 2770 4968 daemonum
2797 4914 2964 4986 fugat,
2995 4916 3177 4972 Pater.

2168 5001 2355 5057 LXIX.
2386 5029 2457 5042 -—
2491 5000 2558 5056 In
2597 5014 2840 5058 sanctum
2877 5004 3253 5078 Epiphaniam.

1960 5091 2186 5149 Divinus
2223 5109 2447 5163 operum
2484 5092 2685 5165 fulgor,
2717 5105 2880 5165 atque
2911 5098 3200 5155 excelsitas

1959 5185 2365 5249 Miraculorum,
2392 5186 2763 5257 pbospborum
2800 5196 2851 5244 te
2891 5191 3161 5260 praestitit.

1963 5278 2231 5333 Doctrina
2255 5285 2312 5334 et
2331 5278 2488 5333 almae
2527 5279 2673 5350 larga
2697 5279 2883 5337 fundis
2912 5282 3135 5339 ﬂumina
3155 5325 3171 5351 ,

1961 5369 2133 5426 Victis
2156 5370 2467 5441 triumphos
2496 5371 2762 5427 haeresum
2788 5375 2952 5431 sectis
2983 5391 3174 5445 agens.

2068 5459 2229 5515 LXX.
2264 5492 2331 5503 —-
2359 5460 2425 5516 In
2448 5475 2690 5518 sanctum
2721 5463 2992 5536 Ignalium
3025 5465 3411 5537 Theophorum.

1963 5551 2167 5608 Gerens
2192 5553 2244 5605 in
2276 5557 2381 5608 alto
2403 5553 2603 5609 Christi
2638 5570 2883 5610 amorem
2910 5567 3133 5626 pectore
3152 5596 3169 5623 ,

1964 5641 2346 5712 Apostolorum
2387 5643 2539 5700 visus
2563 5660 2622 5701 es
2646 5644 2775 5700 felix
2804 5662 2990 5702 comes
3012 5664 3028 5678 ο

1964 5732 2219 5789 Errorem
2248 5743 2303 5789 et
2337 5735 2449 5789 acri
2481 5751 2814 5806 persequens
2845 5739 3170 5803 certamine.

1966 5826 2147 5884 Alium
2183 5825 2293 5883 tuis
2323 5827 2379 5883 in
2411 5828 2655 5898 epistolis
2677 5826 2903 5888 Paulum
2928 5832 3177 5891 exhibes.
