4122 6382
642 385 784 455 1799

919 500 1106 558 LXXI.
1137 534 1206 544 —
1235 502 1304 558 In
1331 513 1576 560 sanctum
1598 505 1972 565 Athanasium.

637 593 774 650 Nam
799 595 924 668 quis
952 595 1189 662 labores,
1217 597 1404 666 praelia
1440 607 1495 652 et
1536 606 1630 653 tua
1666 597 1933 668 explicet,

636 686 850 741 Athleta
883 687 1122 757 magne?
1149 698 1205 741 tu
1245 688 1632 757 magistrorum
1677 689 1866 744 decus.

636 775 771 833 Nam
801 793 899 849 pro
934 777 1066 844 Deo,
1088 778 1318 850 gigantis
1348 779 1546 846 instar,
1573 780 1864 846 dimicans,

635 864 832 923 Hostes
860 867 1203 936 triumphans
1231 868 1512 939 dissipasti
1535 871 1827 940 pessimos.

990 958 1204 1018 LXXII.
1226 993 1296 1003 —
1315 964 1382 1016 In
1401 961 1858 1033 Chrysostomum.

635 1049 680 1104 0
713 1050 805 1120 qui
842 1053 1098 1121 perennis
1136 1054 1466 1124 eloquentiae
1491 1071 1691 1112 aureos

633 1139 832 1197 Fontes
861 1141 1118 1209 recludis,
1148 1153 1345 1200 cuncta
1385 1153 1657 1201 terrarum
1690 1148 1853 1217 irriga
1891 1167 1905 1202 :

635 1231 887 1290 Pandens
917 1235 1114 1290 salutis
1137 1244 1190 1290 et
1217 1237 1356 1290 viam
1388 1239 1715 1294 mortalibus
1739 1277 1754 1301 ,

631 1325 835 1382 Omnes
879 1326 1040 1382 beato
1075 1328 1313 1383 caelitum
1339 1332 1484 1401 gregi
1513 1331 1716 1386 insere.

909 1417 1145 1473 LXXIII.
1180 1452 1250 1461 —
1283 1419 1350 1475 In
1375 1431 1620 1476 sanctum
1653 1423 1939 1494 Cyrillum.

631 1508 783 1564 Tuus
806 1519 923 1566 arte
949 1511 1120 1566 multa
1142 1528 1444 1584 congerens
1479 1531 1664 1571 sacras
1694 1531 1856 1586 opes,

629 1599 830 1657 Ditavit
858 1606 1046 1659 orbem
1092 1607 1444 1674 postmodum
1477 1611 1730 1679 egregius
1762 1611 1914 1666 labor
1945 1629 1960 1666 :

627 1690 863 1749 Profana
888 1703 1138 1764 retegens
1172 1698 1443 1752 haeresum
1473 1711 1528 1752 et
1567 1701 1826 1771 mysteria
1848 1739 1862 1765 ,

630 1783 855 1841 Sincera
877 1788 1092 1858 populis
1126 1790 1432 1858 praedicasti
1457 1792 1746 1861 dogmata.

701 1875 938 1932 LXXIV.
968 1907 1038 1918 —
1077 1877 1144 1932 In
1169 1889 1410 1934 sanctum
1458 1880 1768 1954 Gregorium
1809 1881 2128 1954 Nyssenum.

631 1963 956 2020 Semnonum
981 1966 1254 2035 aperiens,
1292 1967 1446 2034 Dive,
1478 1969 1683 2024 fontem
1717 1971 1960 2028 dulcium
1981 2012 1995 2038 ,

627 2055 857 2111 Omnem
891 2056 1090 2128 fugasti
1123 2061 1329 2115 lumine
1350 2061 1552 2132 ingenii
1591 2063 1843 2120 haeresim
1873 2083 1888 2120 :

626 2143 872 2218 Novique
891 2147 1058 2205 Mosis
1092 2150 1353 2223 inclytum
1385 2169 1582 2208 nomen
1609 2171 1806 2226 gerens
1827 2197 1844 2223 ,
1945 2176 1948 2179 ·

621 2235 835 2308 Ductor
864 2238 1138 2308 gubernas
1164 2242 1408 2311 optimus
1437 2244 1699 2313 populum
1731 2244 1850 2301 Dei.

724 2329 938 2390 LXXV.
975 2360 1040 2373 -ι
1068 2330 1136 2387 In
1172 2343 1414 2388 sanctum
1449 2335 1779 2391 Theodorum
1809 2337 2065 2393 Siceoten.

627 2420 673 2476 0
701 2425 908 2493 grande
937 2439 1140 2480 munus
1169 2427 1390 2483 coalitus
1421 2429 1628 2484 mundo
1657 2429 1842 2485 datum
1865 2469 1881 2496 ,

627 2514 796 2571 Malas
829 2516 1029 2588 fugasti
1065 2518 1377 2576 daemonum
1403 2528 1636 2585 turmas,
1665 2523 1844 2578 Pater.

630 2606 850 2662 Fulsisti
879 2617 940 2663 ut
970 2609 1176 2664 almum
1207 2611 1364 2666 sidus
1397 2628 1412 2666 :
1451 2611 1696 2684 ipsisque
1729 2615 1937 2686 angelis

626 2697 842 2754 Ex'imia
870 2701 996 2757 vitae
1029 2703 1294 2759 sanctitas
1321 2703 1448 2760 fecit
1472 2720 1684 2775 parem.

893 2789 1135 2847 LXXVI.
1169 2821 1239 2832 -—
1271 2792 1340 2848 In
1372 2805 1616 2848 sanctum
1645 2795 1954 2852 Antonium.

627 2879 770 2952 Ignis
794 2883 1052 2940 columna
1083 2885 1234 2941 visus
1253 2901 1334 2952 es,
1373 2888 1499 2942 vita:
1536 2904 1679 2944 novo

629 2966 952 3036 Splendore,
979 2981 1292 3027 monstrans
1321 2975 1576 3029 omnibus
1601 2975 1726 3030 coeli
1757 2977 1922 3033 viam.

627 3057 897 3132 Erebique
925 3063 1076 3118 diros
1103 3077 1388 3133 prclerens
1415 3067 1676 3125 satellites
1694 3109 1709 3134 ,

629 3153 720 3208 Sic
756 3170 984 3226 prorsus
1021 3167 1082 3212 ut
1110 3159 1260 3214 Eden
1301 3161 1526 3230 angelus
1553 3177 1794 3216 eremum
1840 3163 2054 3220 incolis.

855 3244 1116 3303 LXXVII.
1149 3279 1215 3291 -—
1247 3248 1314 3302 In
1346 3260 1590 3305 sanctum
1619 3250 1982 3308 Hilarionem.

631 3336 766 3394 Vitae
800 3340 1016 3395 refulsit
1054 3343 1198 3397 haud
1228 3360 1388 3400 secus
1415 3347 1671 3414 splendor
1695 3359 1832 3415 tuae,

624 3429 704 3486 Ac
727 3437 885 3486 mane
919 3434 1095 3504 primo
1116 3435 1268 3490 stella
1297 3437 1509 3492 luciferi
1538 3439 1702 3494 micat
1732 3461 1747 3496 :

627 3521 914 3593 Clarisque
942 3526 1206 3580 mundum
1243 3543 1496 3586 recreans
1532 3533 1840 3604 miraculis,

623 3610 814 3684 Abigis
841 3625 1127 3671 nocentem
1157 3619 1466 3675 dremonum
1501 3623 1810 3693 caliginem.

838 3705 1118 3762 LXXVIII.
1150 3739 1220 3752 —
1247 3709 1314 3765 In
1344 3723 1587 3768 sanctum
1617 3716 1981 3788 Euthymium.

625 3793 858 3853 Eremus
895 3799 992 3855 abs
1031 3808 1082 3854 te
1106 3801 1300 3858 civitas
1323 3801 1465 3858 facta
1499 3813 1584 3860 est
1617 3806 1731 3862 Dei.

624 3888 702 3944 Ibi
735 3904 973 3961 namque
1002 3893 1154 3962 cogis
1181 3893 1348 3950 densa
1377 3896 1748 3954 Christiadum
1777 3903 1994 3970 agmina
2022 3921 2035 3956 :
2139 3980 2146 3986 .

625 3979 902 4037 Miraculis
931 3993 986 4036 et
1015 3983 1148 4052 ipse,
1181 3999 1282 4039 ceu
1309 3987 1500 4054 radiis,
1540 3989 1720 4046 nitens
1739 4030 1754 4057 ,

623 4070 912 4138 Laetitiam,
943 4083 1005 4128 ut
1033 4076 1170 4130 alter
1207 4077 1575 4148 pbospb‘orus.
1609 4082 1814 4137 mundo
1845 4084 2024 4153 paris,

903 4165 1140 4221 LXXIX.
1169 4199 1238 4210 -—
1277 4168 1344 4224 In
1374 4181 1616 4227 sanctum
1659 4173 1910 4230 Sabbam.

623 4257 848 4312 Exculta
873 4273 1092 4314 eremus
1129 4261 1223 4315 tibi
1253 4262 1438 4318 labore
1472 4265 1742 4334 plurimo,

621 4349 857 4420 Operam
883 4351 1007 4406 inde
1039 4351 1250 4409 fructus
1277 4356 1502 4424 protulit
1540 4359 1940 4428 pulcherrimos
1979 4381 1994 4417 :

620 4442 855 4515 Piosque
888 4459 1089 4515 cogens
1115 4455 1262 4502 astra
1295 4462 1392 4503 ceu
1417 4451 1639 4506 totidem
1666 4453 1876 4511 incolas
1897 4497 1911 4520 ,

621 4534 733 4591 llos
764 4537 880 4606 ipse
905 4537 1119 4592 medius
1155 4540 1318 4605 inter,
1354 4549 1416 4596 ut
1453 4541 1634 4609 Titan,
1669 4546 1859 4601 micas.

892 4627 1108 4684 LXXX.
1133 4661 1206 4672 —
1232 4629 1299 4687 In
1322 4645 1564 4690 sanetum
1593 4636 1942 4695 Dalmatium.

620 4719 688 4774 Et
712 4727 768 4774 tu
799 4734 1091 4775 coruscum
1123 4721 1277 4779 sidus
1300 4739 1380 4792 es,
1412 4728 1526 4782 sole
1553 4729 1764 4794 editus,

619 4811 855 4880 Compar
879 4819 934 4866 et
973 4812 1076 4882 ipsi
1112 4815 1420 4872 sanctitatis
1449 4817 1695 4886 lumine;
1948 4878 1956 4883 ,

621 4901 882 4974 Vermque
920 4906 1170 4961 columen
1200 4917 1430 4978 uterque
1455 4909 1718 4966 doctrina:
1755 4911 1855 4967 fuit
1885 4934 1898 4968 :

620 4992 688 5046 Et
724 5001 782 5046 tu
814 4995 1056 5062 paternis
1081 4995 1290 5066 legibus
1318 5001 1618 5056 monachos
1648 5003 1813 5072 regis.

858 5085 1099 5142 LXXXI.
1123 5119 1194 5130 —
1220 5089 1286 5144 In
1313 5101 1552 5146 sanctum
1579 5091 1946 5160 Pachomium,

619 5180 909 5247 Quondam
937 5179 1235 5235 Abrahami
1266 5184 1501 5239 nobilem
1543 5185 1788 5242 imitatus
1826 5188 1983 5244 ﬁdem
2007 5233 2021 5256 ,

621 5272 770 5330 Felix
805 5274 958 5330 fuisti
989 5275 1159 5344 prolis
1189 5292 1369 5331 aureae
1401 5278 1582 5334 Pater.

620 5362 698 5420 Te
725 5379 885 5420 sacra
921 5371 1212 5434 postquam
1241 5366 1428 5422 docuit
1465 5384 1663 5425 arcana
1710 5375 1935 5443 angelus
1960 5419 1973 5440 ,

620 5457 790 5528 Leges
815 5455 1032 5520 dedisti,
1063 5472 1161 5512 ceu
1187 5473 1361 5514 novus
1393 5459 1594 5525 Moses,
1627 5463 1758 5519 tuis.

884 5546 1146 5603 LXXXII.
1172 5579 1244 5590 -—
1268 5548 1332 5603 In
1357 5561 1598 5605 sanctum
1632 5555 1931 5611 Arsenium.

619 5637 742 5708 .Iugi
772 5638 980 5708 rigatus
1006 5639 1180 5695 imbre
1209 5641 1573 5712 lacrymarum
1602 5644 1697 5699 tibi

621 5731 872 5796 Animus,
898 5733 1076 5802 perire
1106 5735 1324 5789 nescios
1356 5734 1563 5791 fructus
1594 5739 1710 5793 tulit
1746 5757 1759 5793 :

624 5822 883 5886 litusque
907 5833 1095 5881 sancta
1127 5825 1379 5896 ﬂagitans
1409 5827 1574 5884 Deum
1601 5846 1757 5900 prece
1776 5873 1790 5898 ,

2241 511 2290 576 A

2237 2847 2275 2889 >

2221 3197 2266 3259 C

2208 4537 2262 4597 D

1834 398 1894 457 S-
1935 399 2328 462 THEODORI
2365 402 2712 463 STUDlT/E

2554 515 2678 567 OA'.
2700 541 2770 556 -ν
2797 515 2903 579 Εἰς
2935 513 3040 567 τὸν
3061 513 3234 584 ἅγιον
3283 515 3666 570 Ἀθανάσιον.

2320 604 2416 670 Τίς
2439 606 2564 670 τοὺς
2609 605 2826 674 ἀγῶνας
2852 605 2963 658 τῶν
2997 605 3177 660 πόνων
3213 605 3325 659 τῶν
3356 606 3468 659 σῶν
3496 607 3718 678 φράσοι,

2316 695 2386 752 Ὦ
2411 699 2777 768 πενταθλητὰ,
2802 699 2910 752 τῶν
2935 697 3274 752 διδασκάλων
3300 698 3457 764 κλέος
3481 715 3498 763 ;

2327 791 2501 863 ’Υπὲρ
2538 791 2674 845 Θεοῦ
2703 791 2812 862 γὰρ
2842 790 2918 856 ὡς
2960 791 3123 860 γίγας
3145 790 3381 862 δραμὼν
3407 792 3600 862 μέγας,

2316 883 2679 955 Στεφηφορῶν
2710 883 2960 947 καθεῖλες
2996 883 3224 954 ἐχθροὺς
3251 885 3599 951 παγκάκους.

2371 1017 2375 1020 .
2618 975 2739 1030 OB'.
2767 1005 2837 1017 —
2855 977 2961 1042 Εἰς
2989 975 3097 1029 τὸν
3121 977 3582 1044 Χρυσόστομον.

2314 1067 2504 1140 Πηγὴν
2537 1066 2772 1135 ἄληκτον
2803 1067 3133 1137 παγχρύσων
3175 1068 3353 1136 λόγων
3379 1067 3609 1138 βλύσας,

2315 1159 2482 1230 Ὅλην
2515 1157 2804 1231 κατάρδοις
2837 1159 2937 1231 τὴν
2968 1159 3220 1230 ὑφήλιον,
3255 1159 3445 1232 μάκαρ
3483 1176 3499 1191 ⁸

2310 1251 2495 1322 Θύρας
2520 1251 2565 1304 δ’
2591 1252 2821 1322 ἀνοίγων
2851 1254 2964 1315 τοῖς
2995 1253 3204 1322 βροτοῖς
3235 1252 3528 1322 σωτηρίας,

2311 1343 2406 1407 Είς
2424 1343 2686 1414 οὐρανοὺς
2712 1342 2804 1396 τὸν
2838 1343 3042 1413 κόσμον
3067 1344 3371 1414 ἐκπέμπεις
3395 1343 3538 1398 ὅλον.

2590 1437 2708 1491 Ol".
2730 1467 2801 1478 —
2828 1439 2934 1502 Εἰς
2960 1436 3068 1490 τὸν
3087 1436 3261 1506 ἅγιον
3281 1438 3605 1505 Κύραιλον.

2309 1525 2658 1596 Θησαυρίσας
2685 1525 2756 1579 τὰ
2779 1526 2899 1580 θεῖα
2929 1525 3386 1596 ποικιλοτρόπως,

2321 1613 2679 1678 Ἐπλούτισας
2706 1615 2796 1668 τὸν
2825 1616 3030 1685 κόσμον
3053 1616 3265 1688 ,ἐνθέοις
3295 1615 3474 1684 λόγοις
3497 1631 3512 1647 ο

2307 1706 2418 1759 Καὶ
2445 1705 2542 1768 τὰς
2574 1705 2836 1777 βεϐήλους
2871 1707 3116 1779 αἱρέσεις
3145 1708 3528 1772 κατασπάσας,
3611 1755 3614 1760 .

2305 1803 2496 1873 Κήρυξ
2524 1797 2772 1874 πέφηνας
2800 1799 3096 1873 ὀρθοὸόξων
3123 1800 3428 1871 δογμάτων.

3765 404 3904 470 1800

2307 1894 2424 1950 OA'.
2453 1927 2524 1936 —
2560 1898 2670 1963 Είς
2691 1895 2797 1950 τὸν
2847 1895 3022 1960 ἅγιον
3081 1895 3415 1963 Γρηγόριον
3457 1895 3565 1947 τὸν
3607 1894 3894 1961 Νύσσης.

2305 1988 2495 2060 Βρύων
2522 1989 2757 2043 ἄόυσσον
2785 1985 3127 2056 παγγλύκων
3151 1985 3348 2054 λόγων,
3385 1985 3600 2059 μάκαρ,

2304 2083 2494 2135 Πᾶσαν
2515 2080 2722 2152 νοητῶς
2760 2079 3072 2146 ὲξετίναξας
3104 2078 3315 2150 πλάνην
3340 2096 3354 2110 ·

2302 2174 2417 2229 Καὶ
2442 2173 2796 2246 χρηματίζων
2824 2171 3066 2243 Μωῦσῆς
3103 2172 3262 2236 ἄλλος
3293 2171 3490 2242 μέγας.

2306 2268 2495 2336 Ἀγεις
2526 2266 2726 2338 ἄριστα
2755 2265 2846 2318 τὸν
2871 2263 3008 2319 λεὼν
3035 2264 3129 2318 τοῦ
3155 2265 3380 2336 Κυρίου.

2305 2330 2425 2412 ΟΕί.
2450 2330 2637 2422 -ὲ-Ιέὶς
2693 2355 2802 2409 τὸν
2844 2353 3017 2424 ἅγιον
3069 2330 3373 2423 Θεόδωρον
3416 2355 3522 2409 τὸν
3561 2330 3884 2424 Σικαῖιτην.

2302 2447 2438 2502 Θεοῦ
2487 2449 2550 2502 σὺ
2585 2448 2758 2518 δῶρον
2787 2451 2902 2509 τοῖς
2951 2446 3163 2517 βροτοῖς
3207 2446 3384 2510 δοθεὶς
3417 2447 3584 2517 μέγα,

2303 2541 2484 2595 Ἀπαν
2508 2538 2756 2602 καθεῖλες
2783 2539 3057 2610 δαιμόνων
3086 2539 3294 2609 στίφος,
3327 2541 3533 2612 Πάτερ.

2301 2632 2540 2704 Λάμψας
2563 2632 2669 2705 γὰρ
2697 2631 2860 2696 εὐθὺς
2889 2631 2965 2696 ὡς
2995 2631 3132 2703 ἑῷος
3191 2634 3501 2706 φωσφόρος,

2318 2723 2629 2794 Ἰσάγγελος
2652 2724 2901 2796 πέφηνας
2933 2722 3057 2794 ὕψει
3087 2724 3183 2778 τοῦ
3211 2726 3327 2794 βίου

2541 2814 2679 2884 θεῖ’.
2713 2845 2785 2856 -
2809 2817 2913 2881 Εἰς
2933 2815 3042 2870 τὸν
3070 2815 3246 2884 ἅγιον
3299 2815 3638 2871 Ἀντώνιον.

2301 2907 2498 2972 Στύλος
2525 2907 2697 2978 πυρὸς
2725 2907 2974 2978 πέφηνας
3000 2906 3167 2979 αίγλῃ
3191 2907 3285 2960 τοῦ
3324 2907 3462 2977 βίον,

2298 3001 2519 3072 Κόσμον
2541 3000 2793 3073 πώηγῶν
2821 3001 2904 3064 είς
2935 3000 3124 3072 τρίϐον
3152 3002 3444 3072 σωτηρίας.

2298 3092 2420 3146 Τῶν
2445 3093 2714 3163 δαιμόνων
2749 3092 2925 3155 δὲτὰς
2956 3093 3244 3163 φάλαγγας
3273 3095 3592 3165 πτερνίσας,

2303 3183 2550 3256 Ἔρημον
2577 3182 2741 3254 ᾤκεις
2765 3183 2843 3248 ὡς
2882 3183 3047 3256 Ἐδέμ
3075 3203 3161 3250 τις
3195 3187 3444 3255 ἀγγέλων

2542 3277 2662 3331 OZ'.
2689 3306 2763 3317 —-
2786 3278 2891 3343 Είς
2933 3276 3042 3331 τὸν
3081 3277 3254 3347 ἅγιον
3295 3278 3619 3347 Ἱλαρίωνα.

2295 3368 2378 3440 Τῇ
2411 3366 2759 3438 λαμπρότητι
2785 3367 2881 3420 τοῦ
2912 3368 3135 3436 φαεινοῦ
3162 3386 3257 3423 σου
3286 3371 3423 3440 βίου,

2307 3457 2622 3529 Ἑωσφόρος
2646 3457 2711 3513 τδ
2741 3459 2887 3531 πρωῒ
2909 3459 3148 3532 λάμπων
3175 3463 3240 3516 σὺ
3276 3463 3492 3526 πέλειςο

2296 3552 2406 3607 Καὶ
2439 3552 2730 3622 θαυμάτων
2764 3553 2946 3607 ἀκτῖσι
2985 3555 3190 3625 κόσμον
3219 3556 3552 3626 φαιδρύνων,

2293 3645 2466 3716 Ζόφον
2489 3644 2705 3709 διώκεις
2732 3645 3024 3716 βλαπτικὸν
3050 3647 3159 3700 τῶν
3181 3648 3482 3718 δαιμόνων.

2530 3737 2659 3792 οΗ’.
2691 3767 2762 3778 ——
2791 3739 2896 3803 Είς
2932 3738 3040 3792 τὸν
3096 3738 3268 3808 ἅγιον
3299 3740 3621 3809 Εὺθύμιον.

2293 3829 2366 3882 Σὺ
2393 3828 2493 3900 τὴν
2526 3829 2731 3901 ἔρημον
2760 3831 3002 3901 εἰργάσω
3039 3831 3175 3885 Θεοῦ
3207 3831 3384 3886 πόλιν.

2291 3922 2524 3987 Πυκνοῖς
2569 3922 2677 3994 γὰρ
2703 3923 2875 3992 αὐτὴν
2903 3923 3132 3994 πλήθεσι
3160 3922 3582 3995 Χριστοφρόνων
3599 3941 3612 3956 ·

2291 4013 2484 4077 Βολαῖς
2511 4015 2876 4085 ἀπαστράψας
2907 4015 2965 4070 δὲ
2991 4018 3113 4080 ταῖς
3153 4016 3262 4070 τῶν
3287 4015 3604 4087 θαυμάτων,

2293 4106 2396 4160 Τὸν
2427 4106 2603 4160 πάντα
2631 4107 2835 4177 κόσμον
2874 4107 3188 4180 φαιδρύνεις
3225 4109 3301 4172 ὡς
3329 4110 3646 4180 φωσφόρος.

2467 4215 2472 4218 ·
2582 4197 2704 4252 οθι.
2741 4227 2808 4240 ·-
2841 4201 2947 4265 Εἰς
2970 4201 3077 4253 τὸν⁸
3104 4199 3275 4270 ἅγιον
3309 4199 3568 4255 Σάϐϐαν.

2294 4289 2550 4360 Ἦρωσας
2587 4288 2756 4350 ὅντως
2787 4289 2886 4360 τὴν
2909 4288 3114 4362 ἔρημον
3138 4293 3253 4355 τοῖς
3281 4291 3488 4354 πόνοις.

2302 4380 2622 4452 Ὠραιότατα
2651 4381 2912 4435 ποικίλων
2943 4383 3121 4452 ἔργων
3151 4383 3372 4454 βρίθων.

2291 4473 2505 4544 Πλήσας
2533 4473 2592 4526 δὲ
2617 4477 2821 4544 ταύτην
2854 4474 2962 4528 τῶν
2987 4477 3192 4547 νοητῶν
3213 4476 3480 4547 ἀστέρων,

2296 4561 2384 4624 Ὠς
2413 4561 2562 4632 ἥλιός
2592 4579 2675 4625 τις
2704 4563 2760 4615 ὲν
2799 4562 2950 4634 μέσῳ
2970 4563 3174 4618 τούτων
3201 4566 3362 4628 θέεις.

2535 4655 2616 4708 Il’.
2647 4682 2719 4694 —
2749 4656 2854 4720 Εἰς
2881 4656 2988 4708 τὸν
3037 4655 3210 4724 ἅγιον
3254 4655 3610 4727 Δαλμάτιον.

2299 4743 2389 4809 Ἐξ
2417 4743 2568 4816 ἡλίου
2604 4761 2691 4808 τις
2722 4745 2968 4812 αὐγάσας
2993 4747 3171 4818 ἀστὴρ
3197 4748 3392 4817 μέγαςν

2287 4835 2536 4904 Λάμπεις
2586 4837 2683 4889 σὺν
2713 4836 2860 4906 αὐτῷ
2886 4841 3167 4908 παμφαεῖς
3197 4840 3520 4910 εὐπραξίας.

2291 4928 2562 4998 Ἐρεισμα
2586 4927 2632 4980 δ’
2659 4929 2985 4998 ἁμπέφηνας
3011 4929 3340 5001 ὀρθοδοξίας.

2287 5016 2762 5088 Μανδραρχαῖξεις
2785 5019 2894 5073 τῶν
2921 5023 3202 5091 μοναστῶν
3228 5024 3516 5097 πατρόθεν.

2533 5109 2660 5164 HA'.
2695 5141 2765 5152 -—
2787 5114 2893 5179 Εἰς
2930 5115 3038 5168 τὸν
3065 5115 3240 5184 ἅγιον
3261 5117 3595 5187 Παχώμιον.

2285 5200 2390 5253 Τὸν
2431 5201 2680 5274 Ἀϐραάμ
2704 5219 2822 5267 πως
2853 5206 3278 5278 ἐκμιμούμενος,
3309 5210 3514 5280 μάκαρ,

2286 5293 2501 5347 Πολλῶν
2532 5294 2720 5367 Πατὴρ
2747 5296 2992 5365 γέγονας,
3026 5291 3102 5352 ὧν
3134 5299 3368 5372 χρυσοῦν
3397 5302 3570 5369 γένος.

2300 5385 2390 5450 Ἐξ
2414 5385 2652 5454 ἀγγέλου
2679 5388 2736 5440 δὲ
2773 5391 3163 5460 μυσταγωγίας
3188 5393 3392 5464 φέρων,

2284 5477 2376 5548 Τῷ
2406 5477 2482 5548 σῷ
2505 5478 2610 5549 λεῷ
2636 5479 2908 5550 τέθεικας,
2935 5484 3011 5546 ὡς
3041 5485 3266 5556 Μωσῆς,
3298 5487 3513 5556 νόμους.

2565 5573 2688 5625 ΠΒ’.
2709 5577 2889 5640 -Εἱς
2917 5577 3022 5630 τὸν
3047 5577 3216 5647 ἅγιον
3251 5580 3563 5648 Ἀρσένιον.

2285 5661 2405 5714 Τῶν
2427 5661 2676 5734 δακρύων
2703 5681 2794 5716 σου
2822 5665 2919 5737 τὴν
2956 5667 3133 5739 ψυχὴν
3161 5670 3339 5740 ἄρδων
3369 5671 3546 5740 χύσει,

2283 5753 2544 5822 Καρποῦς
2571 5755 2974 5827 ἀνεδλάστησας
3000 5759 3310 5831 ἀφθάρτους
3351 5763 3495 5832 μάλα
3518 5780 3530 5793 ·

2286 5841 2482 5912 Εὑχαῖς
2506 5842 2569 5913 δὴ
2607 5844 2882 5918 λαμπραῖς
2909 5847 3224 5918 προσλαλῶν
3255 5848 3374 5921 Θεῷ
3405 5851 3626 5922 σφόδρα,
