4122 6382
263 334 397 400 1801

261 442 384 496 Τῶν
412 443 734 515 ήσυχαστῶν
758 445 990 515 ἄγγελος
1019 445 1206 509 πέλεις
1240 445 1436 516 μέγας.

485 537 621 591 .III“.
651 567 722 576 —
741 540 846 604 Εἰς
888 539 996 592 τὸν
1019 537 1191 607 ἄτιον
1253 537 1597 594 Θεοδόσιον.

273 627 362 692 Ὠς
393 628 621 698 οὐρανὸν
655 630 856 700 ὑψηλὸν
882 631 1129 694 ἐκτείνας
1172 629 1312 700 βίον,

264 718 614 790 Κατάστερος
650 721 897 792 πέφηνας
952 724 1010 775 ἐν
1045 721 1240 792 πλήθει
1263 721 1492 776 τέκνων.

262 807 376 871 Τὰς
405 809 691 879 ἀστραπὰς
721 810 778 864 δὲ
809 810 1096 882 πληθύνων
1126 811 1233 865 τῶν
1267 811 1584 883 θαυμάτων.

276 898 642 972 Ἐσκόρπισας
672 905 900 955 παντοῖα
935 903 1207 974 δαιμόνων
1236 904 1397 974 νέφη.

616 991 740 1046 IIA'.
761 1022 834 1032 -ο
853 995 956 1061 Ε’ὶς
987 994 1095 1048 τόν
1126 994 1299 1065 ἅγιον
1325 995 1484 1049 Δῖον.

263 1082 396 1146 Ταῖς
423 1082 768 1155 λαμπρότησι
805 1085 914 1140 τῶν
939 1085 1187 1155 θεαυγῶν
1218 1103 1314 1141 σου
1335 1086 1570 1158 τρόπων,
1685 1131 1700 1154 ,

277 1171 374 1225 Ἐκ
421 1172 524 1242 τῆς
559 1173 703 1244 ἑῴας
733 1175 958 1244 φαιδρὸς
997 1177 1171 1248 ἀστὴρ
1203 1177 1417 1242 ὲκθέεις
1439 1193 1454 1207 ’

264 1265 375 1318 Καὶ
425 1265 667 1334 φωτίσας
703 1267 900 1338 ἄριστα
918 1268 1019 1340 τὴν
1050 1269 1350 1336 Βυζαντίδα
1369 1311 1385 1333 ,

270 1357 491 1428 Πρῶτος
519 1360 803 1427 μοναστῶν
837 1367 1238 1435 ποιμνηαρχεῖς
1270 1364 1458 1430 ἀξίως.

465 1447 677 1503 ΠΕ’.--
710 1453 816 1517 Είς
853 1455 960 1506 τὸν
993 1452 1169 1507 ὅσιον
1203 1456 1640 1525 Χριστοφόρον.

267 1539 484 1592 Οίκεῖον
510 1535 652 1611 αἷμα
679 1541 758 1613 τῷ
790 1541 908 1614 Θεῷ
930 1543 1076 1610 δοὺς,
1109 1546 1325 1616 ἀντέχει

283 1630 347 1685 '0
372 1633 790 1706 Χριστόμαρτυς
818 1637 1176 1710 Χριστόφρων
1207 1641 1584 1711 Χριστοφόροις

269 1725 494 1795 Κρήνην
521 1726 752 1797 χέουσαν
791 1727 1242 1801 θαυματουργίας
1273 1733 1452 1803 ῥύσιν.

271 1817 486 1889 Ἦνπερ
522 1819 771 1884 πίνοντες
798 1823 847 1874 οἱ
875 1821 1162 1888 νοσοῦντες
1207 1823 1421 1896 βηχίον,

269 1909 660 1982 Καταψύχουσι
691 1911 785 1966 τοῦ
816 1913 1044 1982 πάθους,
1083 1914 1244 1987 δίψης
1265 1915 1456 1988 δίκηνο

268 2001 503 2054 Μάλισθ’
537 2003 666 2056 ὅταν
689 2004 914 2072 φοιτῶσι
940 2005 1149 2070 πιστῶς
1177 2007 1385 2062 ἐνθάδε.

273 2095 416 2160 th'.
446 2125 514 2137 --
535 2097 643 2162 Εἰς
669 2096 822 2150 ναὸν
851 2097 958 2152 τοῦ
990 2099 1166 2169 ἁγίου
1219 2099 1572 2155 ἀποστόλου
1597 2100 1844 2171 Πέτρου.

271 2179 343 2256 ᾯ
365 2203 471 2257 περ
498 2187 757 2254 δέδωκας,
788 2190 1014 2262 Χριστὲ,
1039 2192 1138 2256 τὰς
1153 2192 1301 2257 κλεῖς
1328 2193 1437 2247 τῶν
1465 2193 1599 2260 ἄνω,

275 2275 504 2347 Ἐδειμα
531 2277 707 2350 τούτῳ
735 2280 886 2334 τόνδε
911 2282 1003 2335 τὸν
1023 2281 1189 2354 δόμον
1213 2285 1386 2342 κάτω.

271 2368 398 2422 ΠΖ’.
427 2371 613 2437 -Εὶς
658 2371 767 2426 τόν
805 2373 978 2443 ἅγιον
1022 2374 1300 2443 Ἀνδρέαν
1328 2378 1437 2432 τὸν
1471 2377 1845 2437 ἀπόστολον.

269 2456 342 2513 Ὦ
373 2465 745 2535 πρωτόκλητε,
779 2467 890 2520 τῶν
928 2469 1243 2524 ἀποστόλων
1270 2469 1444 2534 κλέος,

281 2550 340 2604 Ὀ
375 2569 496 2621 παμ
506 2554 761 2622 μέγιστος
783 2556 894 2610 τῶν
924 2559 1155 2628 Πατρῶν
1179 2562 1490 2634 φαεσφόρος
1510 2577 1528 2594 ⁶

269 2643 374 2694 Τὸν
405 2645 496 2697 σὺν
525 2644 652 2698 λαὸν
693 2646 929 2717 φύλαττε
962 2651 1058 2704 σὺν
1081 2651 1161 2724 τῷ
1190 2654 1435 2723 ποιμένι.

412 2737 542 2790 ΠΗ¹.
563 2766 636 2777 —-
662 2741 764 2806 Εἰς
785 2740 896 2795 τόν
924 2742 1076 2797 ναὸν
1109 2744 1217 2799 τοῦ
1244 2747 1703 2822 Χρυσοστόμου.

269 2822 396 2888 Τοῖς
428 2827 518 2880 τὸν
552 2829 644 2882 σὺν
666 2827 814 2884 οἷκον
843 2835 1150 2905 παμπόθως
1167 2840 1430 2908 ἡγερκόσι

273 2915 678 2990 Πρεσϐευτικὴν
705 2923 1004 2996 πρόσνειμε
1029 2928 1260 2997 δωρεὰν,
1289 2933 1494 3006 Πάτερ.

413 3008 540 3062 ΠΘ’.
575 3041 643 3050 -
673 3015 778 3079 Εἰς
807 3015 914 3069 τὸν
939 3018 1092 3073 ναὸν
1114 3018 1225 3087 τῆς
1271 3025 1700 3096 Πανευφήμου.

272 3095 412 3160 Τοὺς
466 3099 530 3152 ὲκ
567 3103 733 3156 πόθου
771 3122 864 3158 σου
895 3107 987 3162 τὸν
1021 3111 1149 3164 ναὸν
1174 3095 1565 3186 δειμαμένους,

271 3187 521 3259 Μάρτυς,
563 3193 801 3263 φύλαττε
834 3203 1088 3276 πημονῆς
1125 3204 1466 3278 ἐλευθέρους.

614 3285 686 3352 L.'.
716 3318 783 3329 —
811 3294 914 3358 Είς
941 3294 1008 3348 τὸ
1030 3299 1492 3371 τετρακάμαρον.

271 3375 600 3445 Θαυμαστὸν
633 3377 822 3452 ὤφθης
850 3383 1011 3456 ἔργον
1046 3388 1248 3461 ὡραῖον
1275 3394 1440 3450 πάνυ.

285 3465 374 3531 Ὠς
402 3467 630 3540 ἐμψύχῳ
662 3470 720 3523 δὲ
753 3476 1155 3548 προσλέλεγμαί
1191 3498 1273 3534 σοι
1303 3481 1457 3548 νεώς.

274 3555 464 3626 Φέρεις
509 3559 619 3631 γὰρ
643 3560 792 3616 ἔνδον
823 3565 1048 3619 εἰκόνων
1096 3568 1353 3642 θεωρίαν,

237 3657 242 3660 ’
281 3650 556 3722 Ἀρῤητον
594 3653 716 3724 ὄψιν
736 3655 845 3709 τῶν
872 3656 986 3713 ἄνω
1016 3659 1324 3730 θεαμάτων.

275 3741 448 3796 Αὑτὸν
483 3744 679 3815 δέχοιο,
715 3746 823 3800 τῶν
875 3749 1191 3806 ἀποστόλων
1248 3755 1428 3821 κλέος,

279 3833 654 3904 Εὑαγγελιστὰ
695 3840 1024 3914 παμμάκαρ,
1054 3844 1282 3915 Θεολόγε
1303 3864 1317 3879 ο

276 3925 388 3978 Καὶ
418 3929 530 3992 τοῖς
579 3931 727 4002 πόθῳ
755 3950 835 3986 σοι
863 3935 1050 3991 τοῦτον
1083 3936 1429 4010 ὲξηγερκόσι,

275 4017 452 4087 Χάριν
484 4021 792 4094 παράσχου,
825 4028 921 4080 καὶ
951 4027 1104 4083 λύσιν
1131 4031 1240 4085 τῶν
1265 4037 1650 4107 πταισμάτων.

277 4109 395 4176 ιιΑν.
422 4140 492 4152 —-
520 4115 627 4180 Εὶς
655 4117 764 4169 τὸν
784 4121 935 4174 ναὸν
962 4119 1070 4189 τῆς
1097 4123 1270 4191 ἁγίας
1295 4127 1606 4196 Θεοτόκου,
1635 4130 1724 4196 είς
1747 4130 1856 4184 τὸν

931 4213 1208 4280 Τρίτωνα.

291 4295 358 4351 Ἦ
389 4300 556 4354 πᾶσιν
585 4301 752 4371 ἐγγὺς
784 4304 864 4366 εἰς
894 4303 1145 4377 βοήθειαν
1177 4310 1396 4381 τάχους,

278 4389 382 4443 Τὸν
413 4390 582 4446 πλοῦν
609 4393 956 4467 διευθὲτησον
985 4392 1059 4452 ὧν
1085 4399 1307 4472 θερμῶς
1331 4403 1420 4475 ἔχε
1431 4422 1499 4468 ις.

278 4480 696 4554 Προσκειμένων
725 4502 808 4538 σοι
840 4489 960 4549 ταῖς
987 4488 1160 4553 λιταῖς
1191 4508 1306 4559 σου,
1335 4495 1599 4566 Παρθένε.

602 4575 716 4642 ιιΒσ.
749 4578 856 4643 Εἰς
882 4578 1076 4646 ῥάκος
1115 4583 1532 4652 ἱστορημένον.

275 4663 507 4733 Φρικτὸν
535 4666 595 4719 τὸ
629 4666 832 4738 θαῦμα,
873 4671 1108 4740 Χριστὸν
1139 4674 1198 4726 ὲν
1225 4679 1408 4748 γραφῇ
1435 4676 1675 4748 βλέπειν,

278 4755 562 4824 Δράσαντα
596 4757 774 4811 πάντα
810 4762 947 4832 πρὸς
977 4761 1184 4834 βροτῶν
1210 4767 1500 4837 σωτηρίαν.

291 4845 381 4900 Ἐν
409 4850 521 4911 τοῖς
558 4849 679 4903 καθ’
710 4853 857 4922 ἡμᾶς
877 4854 1040 4918 αὐτὸς
1064 4855 1219 4927 ὤφθη
1259 4858 1367 4929 γὰρ
1395 4859 1568 4926 ξένος,

283 4941 560 5013 Ἀσαρκος
582 4944 772 5010 ἐλθὼν,
797 4947 893 5000 καὶ
920 4947 1110 5017 βροτὸς
1137 4949 1336 5020 βαίνων
1371 4953 1500 5009 ἄνω.

276 5032 516 5104 Μνήμης
545 5037 705 5106 χάριν
725 5037 781 5090 δὲ
812 5040 1112 5110 προσφέρει
1139 5041 1310 5113 δῶρον
1338 5044 1476 5110 τόδε,

295 5122 352 5178 '0
383 5125 593 5190 κλεινὸς
619 5127 787 5192 ὅντως
811 5130 1036 5199 Συμεὼν
1060 5132 1138 5204 τῷ
1161 5135 1431 5208 Δεσπότῃ.

514 5219 628 5286 bl".
645 5249 716 5260 —
731 5222 833 5287 Εἰς
856 5221 972 5290 τὴν
989 5227 1195 5278 εἰκόνα
1219 5227 1326 5280 τοῦ
1346 5228 1626 5297 Χριστοῦ.

292 5304 353 5358 ⁸0
379 5307 614 5378 Χριστός
647 5311 786 5382 εἰμι,
823 5315 889 5385 τῇ
923 5319 1107 5387 γραφῇ
1137 5317 1502 5387 δεδειγμένος.

280 5400 391 5452 Καὶ
412 5399 504 5454 τὸν
544 5404 822 5470 πεποιθὼς
845 5408 1349 5480 εἰκονουργήσαντά
1379 5427 1470 5482 με.

289 5490 379 5555 Ὠς
402 5493 615 5565 αἵρεσιν
654 5499 918 5566 μισοῦντα
951 5500 1058 5554 τῶν
1084 5502 1365 5567 ἐναντίων,

279 5585 489 5642 Λέοντα
517 5589 834 5661 Πατρίκιον,
863 5593 921 5646 ὲν
953 5595 1087 5647 πᾶσι
1115 5595 1323 5650 σκέπω.

700 5687 812 5750 ιιΔι.
835 5715 906 5726 -
933 5685 1038 5752 Εἰς
1060 5688 1437 5757 ἐγκλειστον.

288 5771 646 5844 Ἔγκλειστός
673 5776 842 5842 ἐστιν,
866 5778 925 5843 ὃς
955 5779 1142 5834 παθῶν
1171 5779 1276 5844 εξω
1306 5783 1504 5854 μένων,

609 5869 881 5931 Ριτιιοι..
922 5875 1038 5934 Gn.
1061 5875 1279 5936 XCIX.

1772 343 2014 406 ΙΑΜΒῙ.

1863 453 1910 508 Α
1939 445 2098 502 Pacis
2125 454 2409 518 sequester
2435 461 2711 503 maximus
2737 447 2943 502 mundo
2966 447 3136 503 clues.

3388 343 3522 407 1302

2144 536 2432 592 LXXXIII.
2461 566 2534 576 -—
2562 535 2629 590 In
2655 549 2896 590 sanctum
2926 535 3298 592 Theodosium.

1946 626 2127 698 Super
2161 638 2311 684 astra
2345 639 2536 684 notum
2562 628 2870 684 sanctitatis
2905 628 3076 698 gloria
3109 671 3126 696 ,

1943 720 2022 776 Te
2059 721 2296 776 ﬁliorum
2323 722 2502 783 turba.
2534 736 2632 776 ceu
2668 722 2869 776 claram
2893 721 3068 778 facem
3089 746 3107 768 ι

1943 813 2161 880 Mirata;
2195 824 2363 883 tuque
2399 812 2685 884 fulgurans
2709 813 3026 882 miraculis,

1943 906 2208 963 Tartarea
2236 907 2440 974 ubique
2465 905 2747 975 dissipasti
2785 906 2993 960 nubila.

2250 992 2535 1050 LXXXIV.
2563 1024 2633 1034 —-
2665 993 2730 1047 In
2761 1006 3006 1048 sanctum
3029 993 3210 1048 Dium.

1943 1089 2159 1145 Virtute
2179 1089 2384 1155 clarus,
2410 1103 2622 1141 morum
2663 1097 2718 1142 et
2745 1087 3092 1154 excellentia,

1944 1183 2244 1239 Laetiﬂcum
2276 1196 2378 1236 eoo
2408 1180 2563 1236 sidus
2604 1189 2785 1234 ortum
2822 1178 3018 1246 limite,

1945 1275 2147 1330 Lucem
2171 1274 2398 1329 attulisti
2431 1273 2723 1344 plurimam
2750 1271 3026 1344 Byzantiis
3051 1311 3066 1337 ,

1946 1367 2341 1437 Monachisque
2369 1367 2473 1421 rite
2506 1366 2718 1436 primus
2741 1379 2802 1420 es
2841 1371 3026 1434 pastor
3052 1362 3217 1418 datus

2126 1457 2388 1514 LXXXV.
2418 1487 2486 1498 —
2518 1455 2586 1512 In
2607 1465 2850 1511 sanctum
2884 1455 3346 1526 Christopltorum.

1945 1547 2060 1606 Deo
2090 1550 2266 1604 litavit
2287 1549 2554 1620 sanguine
2579 1549 2824 1620 proprio,
2855 1549 3064 1605 assecla

1946 1640 2150 1696 Christi
2181 1653 2346 1710 atque
2363 1651 2568 1708 martyr
2588 1639 3019 1711 Christophorus
3045 1659 3059 1695 :
3079 1641 3204 1698 inde
3227 1641 3352 1698 huic
3373 1656 3527 1698 sacer

1952 1731 2098 1788 Fons
2135 1733 2230 1787 dat
2263 1731 2495 1788 salutem
2534 1732 2727 1786 crebra
2761 1748 2855 1801 per
2882 1734 3184 1790 miracula:

1950 1827 2019 1881 Et
2047 1839 2188 1895 quos
2219 1823 2412 1892 fatigat
2441 1822 2607 1877 tussis
2638 1838 2813 1892 aegros
2842 1823 3088 1894 improba
3107 1864 3123 1890 ,

1949 1916 2200 1972 Morbum
2229 1917 2430 1980 levare,
2461 1931 2560 1971 ceu
2591 1915 2761 1975 sitim,
2797 1917 2900 1970 hac
2931 1917 3111 1972 solent
3143 1931 3283 1986 aqua
3309 1930 3324 1968 :

1947 2006 2104 2063 Tunc
2135 2005 2389 2074 maxime,
2416 2021 2540 2080 cum
2575 2021 2712 2076 pura
2735 2007 3048 2061 venientum
3077 2015 3162 2062 est
3184 2006 3340 2063 ﬁdes.

2020 2096 2307 2152 LXXXVI.
2339 2127 2408 2139 —
2436 2094 2502 2151 In
2533 2095 2782 2168 templum
2827 2097 3000 2151 sancti
3039 2098 3264 2165 apostoli
3284 2095 3454 2154 Petri.

1947 2189 2046 2246 Cui
2083 2200 2141 2244 ιιι
2163 2189 2383 2252 dedisti,
2417 2189 2652 2255 Christe,
2682 2188 2866 2245 claves
2898 2189 3142 2254 aetheris,

1947 2280 2062 2353 Ego
2091 2281 2236 2334 hanc
2270 2279 2441 2335 eidem
2473 2279 2690 2334 condidi
2733 2279 2788 2333 in
2820 2279 2984 2334 terris
3019 2279 3265 2334 domum.

2019 2371 2331 2428 LXXXVII.
2363 2401 2432 2412 —
2468 2369 2536 2426 In
2565 2382 2808 2426 sanctum
2835 2371 3105 2425 Andream
3132 2370 3450 2441 apostolum.

1947 2467 1994 2524 Ο
2025 2469 2120 2540 qui
2147 2475 2375 2522 vocatus
2403 2475 2530 2521 ante
2567 2475 2818 2528 caeteros,
2842 2465 3012 2520 decus

1949 2560 2334 2632 Apostolorum
2367 2574 2428 2614 es
2457 2559 2660 2628 luxque
2694 2557 2915 2612 Patrum
2951 2555 3234 2612 maxima:

1947 2653 2084 2708 Esto
2118 2650 2226 2704 tuis
2257 2650 2564 2720 horumque
2598 2649 2802 2719 pastori
2835 2649 3008 2704 salus.

2124 2739 2458 2796 LXXXVIII.
2486 2769 2556 2780 —
2583 2739 2650 2794 In
2677 2740 2924 2810 templum
2954 2738 3340 2810 Chrysostomi.

1949 2830 2211 2888 Struxere
2242 2847 2438 2904 magno
2472 2820 2563 2903 qui
2592 2841 2740 2887 tuam
2763 2833 2947 2888 studio
2973 2834 3196 2888 domum
3221 2872 3239 2894 ,

1948 2923 2138 2977 Divina
2168 2939 2264 2993 per
2289 2933 2340 2978 te
2375 2939 2600 2978 munera
2631 2924 2944 2994 impetrent,
2975 2924 3166 2980 Pater.

2077 3011 2364 3070 LXXXIX.
2387 3043 2460 3054 —
2479 3011 2547 3067 In
2580 3013 2829 3082 templum
2849 3024 3049 3070 sanctae
3072 3013 3408 3086 Euphemiaz.

1950 3105 2234 3176 Templum
2264 3107 2360 3162 tibi
2393 3117 2713 3162 construere
2733 3107 2889 3177 queis
2918 3108 3069 3163 cordi
3099 3107 3234 3177 fuit,

1951 3200 2086 3268 llos,
2110 3210 2340 3271 martyr,
2369 3200 2519 3254 omni
2559 3200 2759 3256 liberos
2793 3215 2979 3255 serves
3006 3201 3172 3258 malo.

2209 3292 2320 3349 XC.
2352 3323 2422 3336 -——
2455 3292 2518 3348 In
2543 3293 2704 3348 aedem
2731 3304 2964 3365 quatuor
2991 3295 3278 3365 fornicum.

1949 3383 2247 3439 Pulchrum
2280 3383 2516 3454 refulges
2548 3391 2607 3438 ut
2633 3398 2770 3454 opus
2791 3399 2855 3440 ac
2896 3385 3166 3440 mirabile.

1951 3476 2070 3531 Tibi
2100 3491 2218 3532 sum
2257 3476 2497 3540 locutus,
2525 3491 2750 3546 compos
2778 3477 2975 3532 animae
2995 3492 3092 3531 ceu
3117 3477 3302 3535 fores:

1951 3569 2134 3624 Habes
2157 3569 2300 3623 enim
2333 3569 2480 3624 intus
2509 3568 2808 3639 imaginum
2835 3569 3208 3638 spectaculum
3230 3609 3247 3634 ,

1950 3661 2381 3732 Coelestiumque
2409 3676 2626 3716 scenam
2653 3661 3100 3716 inenarrabilem.

1952 3755 2147 3812 AEdem
2176 3755 2324 3808 illam
2354 3753 2574 3816 habeto,
2599 3754 2767 3808 decus
2787 3755 3078 3824 apostolici
3105 3755 3284 3822 chori,

1955 3846 2296 3916 Evangelista
2325 3845 2469 3905 dive.
2510 3859 2720 3900 necnon
2757 3843 3038 3916 Theologe
3067 3864 3099 3926 ε¹

1956 3940 2136 4009 thue
2170 3940 2310 3992 hanc
2348 3937 2563 3991 lubente
2592 3935 2894 3991 struximus
2920 3937 3106 3991 animo
3133 3935 3229 3991 tibi
3255 3977 3270 3999 .

1955 4031 2048 4085 Sic
2071 4031 2187 4100 ipse
2215 4029 2374 4084 nobis
2399 4028 2628 4099 gratiam
2667 4037 2722 4082 et
2755 4027 2971 4082 veniam
3007 4029 3285 4098 impetres.

1953 4119 2092 4176 XCI.
2127 4151 2188 4166 -
2209 4118 2278 4174 In
2312 4119 2561 4188 templum
2580 4127 2780 4173 sauctw
2803 4117 2897 4173 Dei
2935 4117 3239 4186 Genitricis,
3272 4121 3328 4174 in
3356 4119 3532 4178 Trito-

2684 4224 2820 4264 nem.

1955 4302 2160 4358 Adesse
2184 4301 2347 4358 celeri
2370 4316 2494 4372 qua:
2515 4299 2658 4358 soles
2681 4303 2897 4358 cunctis
2923 4317 3026 4374 ope
3053 4344 3070 4370 ,

1959 4390 2069 4446 Fac
2100 4405 2360 4462 prospere
2385 4389 2464 4444 illi
2502 4390 2764 4460 navigeut
2793 4406 2935 4462 quos
2955 4392 3142 4464 diligis
3161 4433 3180 4459 ,

1880 4497 1927 4555 π)
1958 4483 2062 4551 Qui
2085 4493 2137 4538 te
2163 4491 2480 4552 perurgent,
2518 4481 2705 4554 Virgo,
2732 4483 2966 4554 supplici
2998 4500 3182 4554 prece.

2165 4575 2328 4632 XCII.
2357 4607 2427 4618 -—
2457 4574 2528 4632 In
2566 4577 2941 4648 fragmentum;
2966 4578 3304 4635 historicum.

1958 4669 2235 4742 Stupenda
2278 4684 2390 4734 res,
2422 4669 2477 4724 in
2511 4671 2810 4740 scriptione
2833 4684 3094 4736 cernere,

1955 4763 2250 4818 Hominum
2291 4762 2359 4816 ad
2391 4761 2619 4817 salutem
2654 4762 2905 4817 Christus
2957 4772 3017 4818 ut
3040 4773 3238 4818 cuncta
3268 4763 3464 4831 egerit.

1957 4853 2206 4924 Namque
2235 4853 2329 4909 hic
2360 4855 2504 4923 apud
2540 4869 2640 4908 nos
2667 4855 2870 4924 hospes
2904 4854 3021 4924 ipse
3058 4855 3209 4910 visus
3235 4868 3342 4920 est,

1955 4949 2111 5003 Caelo
2143 4947 2352 5017 absque
2385 4962 2552 5002 carne
2579 4947 2795 5016 lapsus;
2829 4947 3019 5012 homo,
3050 4964 3174 5002 cum
3207 4948 3337 5004 illuc
3371 4949 3526 5007 redit.

1959 5040 2154 5105 Porro,
2187 5040 2468 5094 memoriae
2497 5039 2693 5110 gratia,
2735 5037 2968 5093 Domino
2999 5037 3148 5094 dicat

1960 5131 2177 5187 Donum
2211 5131 2383 5187 hocce
2408 5129 2667 5202 Symeon,
2694 5131 2856 5185 laude
2880 5131 2964 5185 vir
2992 5132 3167 5185 multa
3203 5131 3465 5204 inclytus.

2268 5222 2452 5279 CXIII.
2482 5254 2554 5264 —
2581 5222 2647 5278 In
2675 5225 2958 5294 imaginem
2988 5221 3211 5280 Christi.

1960 5319 2220 5376 Christus
2243 5335 2366 5390 ego,
2398 5333 2561 5389 quem
2592 5317 2808 5388 pictura
2842 5317 3201 5388 spectandum
3241 5314 3408 5371 dedit.

1963 5411 2143 5484 thue
2173 5413 2290 5468 haec
2327 5412 2508 5482 imago
2537 5411 2708 5476 ﬁeret,
2739 5411 2856 5481 ipse
2894 5419 3087 5464 auctor
3116 5408 3218 5463 fui.

1961 5506 2315 5562 Contrarium
2344 5519 2577 5575 perosus
2615 5518 2801 5566 omne,
2828 5507 2888 5555 ut
2912 5501 3190 5565 haeresim,

1964 5599 2048 5654 Me
2075 5613 2270 5669 sospes
2295 5607 2381 5653 est
2403 5597 2632 5652 custode
2661 5593 2936 5650 Patricius
2963 5591 3096 5648 Leo.

2399 5686 2582 5744 XCIV.
2609 5719 2681 5730 -—
2711 5685 2780 5740 In
2811 5685 3096 5739 inclusum.

1967 5782 2220 5838 Inclusus
2247 5782 2336 5838 ille
2373 5790 2480 5848 est,
2511 5781 2605 5852 qui
2639 5779 2836 5851 procul
2867 5778 2937 5833 ab
2963 5774 3275 5844 affet-tibus,

3076 5867 3153 5929 57
