4122 6382
601 323 742 389 1803

598 435 740 489 'l‘oto
761 431 988 488 reclusit
1020 431 1077 487 in
1117 430 1285 486 Deum
1314 445 1374 486 se
1393 440 1614 502 pectore
1646 449 1660 484 :

599 524 778 581 Freno
805 539 1071 580 coercens
1098 523 1302 578 mentis
1335 538 1551 578 errores
1586 535 1778 592 vagos,

598 616 971 685 Animumque
1009 613 1158 670 curis
1195 613 1414 684 erigens
1443 613 1802 669 cwlestibus:

598 706 862 762 Precibus
903 705 1196 774 inbmrens,
1243 721 1366 776 quae
1405 713 1674 775 perurunt
1707 704 2002 763 daemones,

602 799 688 864 Et,
715 814 825 869 quo
864 807 1092 853 retrusae
1119 813 1206 853 res
1237 807 1447 868 patent,
1475 799 1720 854 silentio.

597 888 717 946 Non
747 906 844 961 spe
877 889 1162 953 fatiscens,
1195 903 1305 944 non
1340 889 1503 945 inerti
1534 889 1758 962 gaudio,

597 979 813 1038 Labore
837 997 1039 1053 corpus
1068 991 1122 1038 et
1157 981 1299 1037 fame
1331 997 1596 1039 exercens
1627 982 1801 1052 gravi,

599 1072 845 1146 Ilymuos
877 1085 1131 1146 gemente
1157 1074 1358 1145 spiritu
1381 1075 1541 1146 juges
1575 1091 1804 1130 canens.

600 1166 720 1229 llic,
751 1167 929 1237 angeli
959 1167 1088 1234 ritu,
1124 1181 1221 1222 ore
1251 1169 1552 1237 conspicuo
1576 1167 1782 1230 nitens,

601 1257 698 1312 Dia
733 1259 1041 1312 intuentum
1076 1259 1245 1313 corda
1279 1258 1570 1314 collustrat
1602 1257 1742 1313 face.

598 1347 686 1403 Nil
719 1365 966 1420 unquam
999 1350 1162 1405 inane
1193 1362 1384 1406 suetus
1415 1351 1483 1405 ad
1519 1354 1692 1405 risum
1723 1351 1900 1420 loqui,

601 1439 710 1497 Sed
751 1455 861 1511 quo
889 1441 1076 1511 juvari
1106 1445 1348 1498 sentiant
1373 1457 1454 1506 se,
1483 1443 1578 1512 qui
1608 1443 1874 1510 audiunt;

599 1533 712 1592 Nec
741 1537 825 1591 sic
853 1535 1091 1606 profusa:
1121 1536 1238 1592 vela
1279 1538 1418 1591 dans
1447 1537 1768 1608 loquentiae.

599 1623 730 1680 Haec
760 1626 980 1695 assequi
1012 1625 1057 1680 si
1091 1628 1238 1697 potis
1273 1642 1354 1694 es,
1386 1628 1438 1681 in
1475 1635 1592 1681 tuto
1621 1637 1703 1682 est
1733 1628 1884 1682 salus
1909 1671 1922 1684 .

602 1713 725 1782 Sin,
767 1718 834 1773 ad
867 1719 1140 1790 gregalein
1176 1721 1432 1790 protinus
1455 1724 1621 1776 vitam
1653 1722 1789 1785 redi,

604 1807 706 1865 Ubi
737 1826 956 1865 rursum
989 1825 1194 1881 agones
1232 1812 1454 1868 excolas
1489 1813 1782 1868 asceticos.

979 1900 1143 1957 XCV.
1169 1933 1240 1942 -—
1269 1901 1334 1956 In
1366 1913 1502 1958 recte
1534 1905 1808 1961 viventem.

598 1989 754 2060 Sapit
782 1991 924 2048 Inter
952 2007 1169 2058 omnes,
1198 1997 1292 2065 qui
1321 1995 1414 2051 Dei
1443 1995 1576 2050 vivit
1604 2006 1769 2050 metu.

598 2081 872 2153 Purgatus
902 2085 1124 2141 animus
1154 2087 1334 2156 potior
1361 2096 1446 2143 est
1476 2088 1712 2144 cumulis
1743 2104 1930 2157 opum.

597 2170 784 2228 XCVI.
815 2203 886 2215 —
918 2172 986 2228 In
1025 2177 1329 2261 monachos,
1383 2195 1594 2232 carmen
1628 2180 1950 2251 dactylicum
1990 2191 2038 2236 et
2073 2185 2180 2238 ele-

1251 2264 1489 2318 gtacum.

597 2331 644 2390 0
674 2332 842 2392 fortes
875 2336 1082 2394 salvete
1111 2339 1236 2402 viri,
1269 2340 1428 2410 queis
1459 2340 1616 2397 cedat
1643 2343 1907 2406 Achilles,

669 2421 906 2480 Hectora
938 2429 1351 2498 magnanimum
1383 2433 1642 2488 straverit
1675 2433 1766 2489 ille
1793 2433 1941 2490 licet.

599 2513 768 2572 Vobis
799 2517 955 2574 lirma
996 2520 1098 2576 fuit
1127 2522 1316 2588 lorica,
1343 2527 1650 2582 monastica
1684 2528 1794 2582 vita
1823 2545 1837 2580 :

673 2608 737 2664 Et
763 2609 960 2667 docilis
992 2613 1165 2682 pietas
1191 2615 1432 2684 optimus
1469 2618 1620 2674 ensis
1651 2629 1789 2674 erat.
1858 2625 1862 2629 “

599 2697 864 2772 Frogistis
891 2700 1094 2771 Beliar,
1138 2707 1490 2763 tenebrarum
1513 2718 1568 2764 et
1602 2725 1769 2782 regna
1805 2715 2037 2782 superba
2075 2734 2087 2769 :

667 2788 910 2864 Postque
935 2796 1150 2851 obitum
1184 2798 1326 2854 coelo
1353 2808 1509 2870 parta
1539 2817 1744 2858 corona
1771 2803 1896 2858 fuit.

600 2882 784 2956 Deque
807 2886 964 2942 vobis
995 2888 1083 2944 hic
1113 2891 1379 2946 remansit
1410 2893 1528 2948 sola
1560 2894 1719 2965 pellis
1748 2908 1983 2952 mortua.

849 2976 1061 3034 XCVII.
1084 3009 1158 3021 —-
1185 2979 1533 3054 Epigramma
1571 2986 1641 3039 ad
1679 2987 1930 3058 seipsum.

597 3068 798 3125 Anima
831 3070 1064 3139 misella,
1094 3088 1264 3144 prope
1299 3076 1430 3132 ades
1460 3084 1516 3133 et
1549 3078 1714 3132 verba
1749 3083 1963 3152 excipe.

598 3159 839 3233 Tempus
866 3163 1198 3234 volucripes,
1235 3181 1431 3222 cursor
1471 3178 1533 3224 ut
1555 3170 1736 3238 velox,
1770 3171 1904 3237 abit,

599 3251 916 3326 I’ropinqua
945 3266 1087 3312 meta
1121 3265 1228 3321 est,
1270 3275 1374 3314 nec
1403 3261 1530 3316 licet
1553 3264 1896 3332 praetervehi.

597 3343 718 3401 Non
751 3361 883 3418 ergo
915 3362 1065 3404 cum
1093 3363 1198 3405 nos
1230 3352 1423 3407 inanes
1452 3365 1744 3424 occupent,

605 3439 673 3494 Ut
701 3441 1064 3510 perﬂuentem
1097 3442 1190 3512 qui
1221 3443 1437 3513 replent
1463 3461 1607 3516 aqua
1639 3448 1860 3514 cadum,

597 3531 854 3601 lgnemve
882 3529 1126 3596 fodiunt,
1157 3547 1281 3602 qua:
1311 3549 1462 3590 mera
1491 3545 1577 3591 est
1605 3537 1847 3593 insania.

601 3621 794 3678 Divina
827 3624 1012 3694 potius
1043 3639 1109 3680 ac
1138 3625 1303 3681 saluti
1331 3641 1598 3698 congrua,

598 3713 667 3772 Ει
687 3717 955 3788 cogitare,
983 3725 1040 3773 et
1073 3719 1329 3790 persequi
1363 3720 1504 3776 votis
1525 3721 1722 3792 juvet:

600 3805 672 3865 Ut
697 3808 767 3864 ad
795 3809 1038 3864 tribunal
1063 3820 1276 3868 stemus
1307 3813 1688 3884 imperterriti,

597 3899 818 3957 Domini
841 3903 1082 3972 potentis
1118 3904 1363 3958 omnium
1396 3915 1562 3976 atque
1586 3907 1792 3977 judicis
1820 3928 1835 3965 :

597 3992 907 4066 Proculque
935 3992 1176 4050 ﬂammis
1205 3998 1495 4052 mstuantis
1523 3999 1739 4066 tartari,

595 4085 679 4141 Ad
702 4085 888 4141 lumen
919 4086 1207 4142 evolemus
1233 4086 1376 4142 haud
1408 4087 1646 4148 cll‘abile.

694 4173 928 4233 XCVIII.
956 4205 1028 4218 —
1057 4175 1409 4250 Epigramma
1450 4184 1506 4233 in
1537 4178 1798 4236 Chalcita:
1822 4183 2086 4236 custodia.

596 4358 826 4416 Alienus
854 4358 946 4416 ille
982 4369 1067 4416 est
1103 4375 1134 4416 a
1177 4359 1308 4427 Deo,
1337 4368 1498 4416 terra
1527 4361 1672 4418 bona

597 4451 705 4518 Qui
739 4465 850 4508 non
889 4461 1106 4536 reputat
1145 4453 1318 4510 allena
1345 4469 1460 4526 prae
1496 4455 1621 4512 curii
1661 4455 1822 4513 bonis
1853 4475 1867 4512 :

597 4544 784 4604 Terra:
811 4547 1082 4602 bonorum
1110 4561 1352 4619 namque
1375 4549 1640 4605 Dominus
1669 4549 1752 4605 sic
1775 4550 1901 4606 erit.

931 4657 1121 4714 XCIX.
1154 4689 1223 4699 —
1255 4657 1320 4714 In
1361 4665 1544 4715 eadem
1571 4662 1836 4716 custodia.

598 4749 786 4820 Spem,
819 4747 980 4816 cella,
1005 4759 1228 4820 praeter,
1255 4751 1527 4821 hospitem
1560 4765 1648 4806 me
1675 4752 1892 4808 detines
1916 4771 1930 4806 :

597 4841 670 4895 At
695 4850 749 4894 te
785 4839 1021 4910 benigna
1051 4839 1306 4910 perfruor
1334 4839 1575 4894 colonia.

599 4931 858 5003 Byzantis
885 4931 996 4987 huc
1025 4947 1113 4987 me
1145 4931 1342 4988 civitas
1369 4933 1763 4998 exterminans,

597 5027 797 5094 Pravo,
829 5024 977 5096 quod
1007 5025 1124 5096 ipsa
1155 5025 1356 5092 nescit,
1397 5024 1593 5082 aﬂectu
1618 5027 1830 5082 eximit.

1004 5135 1068 5192 Ο.
1094 5165 1168 5179 --
1193 5135 1262 5191 In
1297 5136 1480 5192 eadem
1507 5139 1776 5194 custodia.

598 5233 730 5290 Mihi
761 5248 888 5290 vera
920 5247 1124 5303 corpus
1145 5239 1200 5286 et
1225 5230 1386 5286 unica
1425 5241 1510 5286 est
1532 5233 1782 5288 custodia
1807 5249 1823 5291 ;

600 5325 777 5383 Locus
806 5323 1087 5381 habitandi
1118 5321 1349 5394 quilibet
1371 5325 1576 5393 pariter
1607 5325 1769 5379 datus
1801 5344 1813 5378 :

595 5417 682 5475 Me
713 5434 950 5491 namque
984 5417 1172 5473 nullus
1199 5424 1254 5471 et
1283 5413 1395 5470 Deo
1425 5413 1776 5485 disjunxerit.

1800 323 1859 382 s.
1901 315 2297 398 THEODORI
2321 299 2672 379 STUDIT/E

2211 421 2263 480 Λ
2289 421 2459 493 Ὅλην
2491 421 2744 496 καθεῖρξε
2771 422 2907 495 πρὸς
2938 421 3072 476 Θεὸν
3096 419 3196 492 τὴν
3223 421 3477 492 καρδίαν·

3733 307 3883 376 1304

2287 515 2502 569 κλείων
2536 516 2833 586 λογισμοὺς
2861 517 2992 580 τοὺς
3024 515 3297 584 γυρευτάς
3327 515 3427 586 τῆς
3457 513 3691 587 πλάνης.

2283 607 2432 662 Νοῦν
2463 607 2598 663 αὖτε
2647 609 2885 680 πέμπων
2911 611 3034 672 ταῖς
3060 609 3174 662 ἀνω
3201 608 3476 678 θεωρίαις,

2287 699 2467 771 Ἐχων
2493 700 2804 772 προσευχὴν
2838 701 3143 772 καυστικὴν
3170 701 3282 755 τῶν
3308 701 3602 771 δαιμόνων,

2282 791 2470 862 Φέρων
2503 793 2718 864 σιωπὴν
2747 791 3213 864 μυσταγωγοῦσαν
3241 791 3403 864 βάθη.

2283 884 2476 954 Ψυχὴν
2505 883 2766 938 ἄθλιπτον
2796 888 2854 940 ὲν
2885 887 3027 957 χαρᾷ
3052 885 3159 940 τῶν
3184 885 3441 950 ἐλπίδων,

2287 977 2506 1047 Ἔργων
2536 994 2596 1030 τε
2631 977 2852 1048 χειρῶν,
2879 979 2972 1031 καὶ
2998 977 3169 1031 κόπου
3197 977 3398 1046 λαιμοῦ
3421 977 3560 1048 τόνῳ
3580 993 3595 1008 ο

2295 1068 2452 1140 ’ῼδὴν
2477 1069 2779 1132 ἄπαυστον,
2826 1069 3044 1140 πνεῦμα
3075 1071 3559 1142 συντετριμμένον.

2287 1156 2480 1222 Οῦτως
2505 1159 2742 1229 ἀνοίγων
2772 1159 3183 1231 ἀγγελοπρεπεῐ
3213 1158 3334 1230 θέα,

2297 1249 2724 1321 Ἀκτινολαμπεῖ
2753 1253 2882 1315 τοὺς
2913 1251 3155 1322 ὁρῶντας
3183 1250 3402 1314 ὲνθέως.

2282 1343 2472 1410 Λέγων
2497 1342 2598 1413 μὲν
2622 1341 2776 1396 οὐδὲν
2803 1343 2914 1396 τῶν
2946 1345 3238 1416 ἀχρήστων
3266 1343 3348 1405 είς
3374 1341 3570 1411 γέλως,

2295 1437 2438 1489 Ἀλλ’
2464 1429 2621 1508 ᾧπέρ
2649 1437 2802 1491 ἐστιν
2827 1437 3154 1506 ὠφελεῖσθαι
3177 1437 3270 1490 τδν
3303 1437 3474 1502 ξένον.

2281 1529 2394 1582 Καὶ
2423 1529 2598 1582 ταῦτα
2629 1528 2850 1599 φεύγων
2889 1532 3272 1601 μακρορημεῖν
3309 1534 3390 1594 είς
3422 1532 3586 1602 κόρον
3607 1548 3622 1561 ·

2285 1619 2385 1672 Ἂν
2408 1614 2502 1673 οῦν
2531 1619 2664 1693 δύνῃ
2701 1622 2840 1690 πρὸς
2875 1621 3070 1687 ταῦτα,
3105 1623 3388 1686 σωστικῶς
3419 1623 3660 1695 τρέχεις.

2286 1711 2349 1763 Ei
2377 1711 2452 1782 μὴ
2473 1712 2553 1765 δέ’
2581 1713 2804 1782 φεύγοις
2831 1716 2912 1778 είς
2938 1715 3053 1785 βίον
3087 1715 3306 1780 ζώντων
3333 1718 3468 1786 ἅμα,

2213 1787 2255 1841 Β
2297 1800 2388 1856 Ἐν
2418 1795 2464 1872 ᾧ
2498 1803 2761 1869 πλειόνως
2783 1809 2912 1872 τοὺς
2945 1809 3161 1878 ἀγῶνας
3185 1809 3548 1882 λαμπρύνεις.

2695 1896 2810 1965 LJ‘J'.
2845 1929 2917 1938 —
2941 1903 3044 1966 Εὶς
3076 1897 3146 1956 εὖ
3174 1902 3456 1966 βιοῦντα.

2283 1983 2524 2055 Σώφρων
2552 1985 2867 2058 κράτιστος,
2903 1989 2962 2053 ὃς
2990 1990 3127 2044 Θεοῦ
3166 1991 3276 2060 βιοῖ
3305 1993 3477 2066 φόϐῳ.

2281 2077 2478 2148 Ψυχῆς
2504 2078 2773 2150 κάθαρσις
2806 2084 3063 2152 κρεῖσσον
3102 2082 3119 2122 ί
3147 2085 3179 2156 ἢ
3204 2084 3436 2152 πλοῦτος
3457 2087 3617 2160 ῥέων.

2282 2171 2415 2237 ιιςι.
2443 2171 2634 2238 -Εἰς
2676 2173 3011 2243 μοναχοὺς,
3045 2175 3411 2248 δακτυλικὸς
3441 2180 3539 2234 καὶ
3577 2180 3892 2250 ἑλεῖ-εἷος.

2283 2349 2537 2421 Χαίρετε,
2569 2352 2760 2423 ἄνδρες
2787 2355 3038 2427 ἅριστέες
3066 2357 3163 2412 τοῦ
3195 2359 3442 2432 Ἀχιλῆος
3481 2361 3728 2433 ὕπερθεν
3753 2378 3769 2392 ·

2357 2443 2584 2497 Κτεῖναι
2617 2443 2720 2514 μὲν
2748 2445 2992 2518 Ἕκτορα
3021 2441 3178 2515 οὗτος
3206 2453 3477 2524 κρατερὸν
3505 2452 3732 2525 ξιφέρη.

2283 2534 2344 2586 0i
2370 2533 2448 2599 δὲ,
2479 2536 2824 2606 μοναζόντων
2850 2538 3232 2612 θωρηξάμενοι
3257 2544 3559 2612 πολιτείαν,

2355 2627 2519 2699 Χεῖρε
2548 2627 2807 2694 λαϐόντες
2831 2631 2932 2704 ἆορ
2953 2633 3240 2698 εὐπειθοῦς
3267 2636 3365 2705 τῆς
3389 2635 3565 2700 ὁσίας.

2284 2717 2530 2786 Σφάξατε
2552 2719 2644 2772 τὸν
2671 2721 2890 2793 Βελίαρ,
2923 2723 3144 2789 σκότεος
3175 2725 3528 2798 μεγαλαύχεα
3551 2727 3687 2782 νοῦα
3711 2745 3729 2759 ⁸

2359 2811 2556 2865 Ἔνθεν
2585 2813 2873 2884 άπήρκατε
2905 2815 2988 2879 είς
3010 2816 3236 2887 οὐρανὸν
3267 2817 3604 2893 ἀθλοφόρως.

2283 2903 2592 2976 Δερματίδα
2619 2905 2996 2976 προσαφέντες
3028 2909 3254 2964 τάνθάδε
3280 2912 3381 2984 τὴν
3405 2915 3609 2986 νεκράν
3635 2915 3825 2988 μόνην

2565 2993 2680 3064 ιιΖ’.
2711 3027 2778 3038 -ο
2815 2999 3186 3070 Ἐπίῃοαμμα
3225 3005 3312 3070 εἰς
3341 3004 3580 3064 ἑαυτόν.

2284 3085 2447 3156 Ψυχὴ
2469 3087 2726 3158 ταπεινὴ,
2757 3085 2919 3158 δεῦρό
2946 3106 3060 3160 μοι,
3090 3090 3238 3156 δέξαι
3265 3091 3448 3163 λόγον.

2208 3152 2254 3212 c
2296 3175 2355 3230 '0
2377 3152 2566 3249 acatpb;
2589 3152 2717 3243 ὀξὺς
2737 3177 2814 3242 ὡς
2837 3152 3075 3250 δρομεὺς
3099 3152 3398 3253 διατρέχων
3418 3198 3434 3214 ·

2295 3271 2494 3341 Ἐγγὺς
2518 3271 2580 3326 τὸ
2606 3273 2806 3344 τέρμα,
2835 3276 2932 3328 καί¹
2962 3275 3256 3347 παρελθεῖν
3282 3279 3382 3332 οὐκ
3406 3279 3508 3336 ενι.

2283 3364 2375 3434 Μὴ
2395 3364 2458 3435 δὴ
2488 3365 2764 3436 κὰμοιμεν
2793 3369 2916 3431 ταῖς
2943 3368 3203 3438 ματαίαις
3232 3371 3534 3441 φροντίσιν,

2296 3455 2640 3523 ’Λντλοῦντες
2669 3457 2839 3523 ὅντως
2866 3461 2946 3524 είς
2976 3462 3137 3516 πίθον
3167 3464 3549 3535 τετριμμένον,

2282 3549 2569 3612 Ξαίνοντες
2594 3550 2676 3614 είς
2704 3548 2836 3621 πῦρ,
2865 3551 2943 3616 ὠς
2967 3552 3273 3622 γελοιωδῶς
3306 3554 3440 3625 ἔχει.

2297 3641 2438 3695 Ἀλλ’
2459 3641 2515 3695 εί
2536 3661 2588 3696 τι
2620 3642 2784 3708 θεῖον,
2817 3645 2872 3698 ετ
2892 3661 2945 3697 τι
2975 3645 3242 3699 σωστικὺν
3275 3649 3447 3710 πέλει,

2283 3733 2472 3789 Ταῦτα
2494 3736 2826 3801 σκοποῦντες
2859 3739 2954 3792 καὶ
2979 3737 3271 3804 διώκοντες
3301 3739 3472 3812 πόθῳ.

2299 3823 2389 3889 Ὦς
2413 3825 2482 3881 ἂν
2505 3827 2930 3898 παρασταίημεν
2962 3829 3022 3881 ἐν
3050 3828 3354 3901 παρρησίᾳ.

2283 3919 2377 3991 Τῷ
2410 3919 2520 3973 τῶν
2544 3919 2804 3974 ἁπάντων
2836 3919 2933 3976 καὶ
2955 3923 3132 3994 Κριτῇ
3159 3922 3254 3975 καὶ
3282 3921 3552 3996 Δεσπότῃ.

2283 4009 2357 4063 Τὸ
2383 4007 2496 4080 πῦρ
2523 4011 2789 4079 φυγόντες
2817 4012 2916 4084 τῆς
2945 4013 3190 4083 γεέννης,
3224 4013 3300 4077 ὡς
3320 4015 3543 4086 γράφει,

2283 4103 2396 4157 Καὶ
2435 4103 2867 4176 προστρέχοντες
2895 4105 2975 4175 τῷ
3005 4107 3347 4178 παναῤῥήτῳ
3375 4109 3520 4176 φάει.

2283 4195 2408 4263 lJI'.
2457 4226 2526 4237 —
2566 4197 2935 4268 Ἐπίγραμμα
2977 4198 3049 4323 fr
3106 4198 3182 4267 τῇ
3247 4199 3491 4270 φυλακῇ
3551 4200 3666 4270 τῆς
3717 4203 3880 4258 Χαλ-

2940 4285 2978 4322 κ
3003 4285 3110 4322 του
3138 4279 3185 4323 5.

2940 4279 3110 4323 κιτου
3138 4279 3154 4322 ὅ
3171 4310 3185 4324 .

2283 4357 2446 4422 Ξένος
2474 4357 2612 4412 Θεοῦ
2629 4359 2902 4429 πέφηνεν,
2931 4361 3083 4424 ὅστις
3111 4362 3174 4415 οὐ
3203 4361 3331 4427 ξένα

2290 4449 2446 4518 Ἔχει
2469 4449 2538 4504 τὰ
2571 4450 2698 4521 τῇδε
2721 4451 2903 4506 πάντα
2925 4452 3040 4506 τῶν
3062 4454 3175 4508 ἄνω
3197 4453 3401 4524 σχέσει.

2213 4508 2260 4565 D
2289 4508 2450 4596 Oﬁ'rw
2475 4541 2586 4614 γάρ
2609 4508 2764 4616 ὶδφθη
2796 4545 3078 4614 Δεσπότης
3117 4508 3272 4599 καὶ
3305 4547 3415 4600 τῶν
3445 4547 3612 4602 κάτω.

2606 4657 2722 4725 ιιθκ
2753 4687 2822 4696 -
2861 4656 2966 4709 Ἔν
2995 4655 3070 4724 τῇ
3097 4657 3253 4726 αὐτῇ
3278 4658 3542 4727 φυλακῇ.

2289 4748 2491 4818 Ἔσχες
2521 4765 2612 4818 με,
2645 4746 2830 4811 κέλλα,
2862 4747 2956 4800 τὸν
2981 4747 3132 4814 ξένον
3165 4748 3296 4818 παρ’
3321 4749 3530 4804 ἐλπίδα.

2287 4833 2462 4911 Εὗρον
2487 4839 2531 4893 δ’
2562 4839 2673 4908 ἐγώ
2699 4855 2757 4892 σε
2787 4839 3052 4909 φιλτάτην
3086 4839 3402 4912 παροικίαν.

2280 4933 2544 4997 Βυζαντὶς
2571 4935 2604 5003 ἡ
2641 4933 2796 4996 πόλις
2828 4949 2898 5005 με
2935 4933 3122 5004 βάλλει
3149 4934 3401 4990 κάνθάδε.

2280 5023 2536 5080 Λαθοῦσά
2566 5025 2616 5078 τ’
2647 5024 2786 5095 αὕτη
2818 5025 3192 5096 προσπαθείας
3214 5027 3417 5096 ἐξάγει.

2624 5140 2704 5193 P'.
2736 5167 2808 5179 —-
2848 5140 2946 5191 Ἑν
2972 5137 3047 5208 τῇ
3071 5136 3228 5208 αὐτῇ
3257 5137 3504 5209 φρουρᾷ.

2293 5230 2451 5300 Ἐμοὶ
2472 5228 2536 5283 τὸ
2569 5227 2728 5300 σῶμα
2751 5231 2966 5301 φρουρὰ
2995 5230 3087 5281 καὶ
3124 5231 3287 5297 μόνον
3321 5226 3473 5281 πέλει
3499 5243 3512 5258 ·

2285 5321 2461 5384 Τόπος
2487 5319 2544 5374 δὲ
2578 5321 2686 5385 πᾶς
2717 5337 2800 5384 τις
2825 5319 2885 5386 ἐξ
2916 5321 3030 5374 ἴσου
3064 5320 3384 5391 δεδωμένος.

2284 5412 2522 5483 Πάμπαν
2548 5411 2684 5466 Θεοῦ
2710 5412 2818 5483 γὰρ
2850 5413 2911 5466 οὐ
2944 5413 3204 5483 πάροικος
3229 5413 3504 5483 τυγχάνω.

1891 5601 2128 5658 νΛῐὶΙΑΞ
2157 5600 2566 5658 LECTIONES.

676 5763 696 5804 ί
737 5763 872 5816 Cod.
896 5763 1028 5834 Reg.
1067 5763 1356 5834 κρείσσων.
1439 5762 1452 5811 l
1490 5760 1619 5832 Reg.
1665 5761 1799 5817 Cod.
1839 5762 2147 5832 Χαλκήτου.
2229 5757 2255 5797 ι
2279 5757 2566 5831 Beg.Cod.
2595 5777 2731 5822 πως.
