4122 6382
343 324 481 390 1805

677 431 802 488 PA’.
828 464 899 474 —
931 432 1029 488 Ἐν
1062 429 1137 500 τῇ
1162 427 1318 499 αὑτῇ
1341 425 1568 496 εἱρκτῇ.

335 529 508 598 Ὥραν
539 523 661 579 καθ’
695 524 846 595 ῶραν
871 522 964 576 τοῦ
995 521 1110 592 βίου
1132 520 1284 583 τέλος
1312 518 1527 580 σκόπει,

334 621 442 673 Καὶ
471 619 688 688 μακρὰν
722 618 786 668 ὲκ
813 615 908 669 σοῦ
930 615 1029 685 τὴν
1058 612 1286 681 ἀκηδίαν
1312 609 1554 680 βλέποις.

336 713 457 764 Τῶν
485 711 757 780 δαιμόνων
779 709 888 776 γὰρ
921 706 980 759 τδ
1003 705 1185 774 λέγειν
1205 721 1222 736 ⁶
1260 705 1416 769 Ἕως
1445 705 1630 768 ardre;

336 805 446 858 Kal.
477 802 554 874 μὴ
584 801 644 854 τὸ
675 801 824 865 δόξαι
845 797 1098 852 τεθνάναι
1133 795 1478 866 κᾳθημέραν.

567 891 688 948 PB'.
717 923 786 932 —
821 890 1184 958 Ἐπίγραμμα
1214 890 1304 954 εἰς
1324 887 1431 951 τὰς
1461 881 1678 954 φάνας.

337 987 554 1058 Δοχεῖόν
586 987 700 1054 εἰμι
732 984 831 1052 τῆς
867 983 1170 1052 ἀκοιμήτου
1205 980 1401 1049 φάνης,

349 1076 677 1146 ’Υπερφαεῖς
704 1071 801 1134 τὰς
835 1072 1008 1137 αὐγὰς
1032 1072 1089 1122 ὲν
1116 1069 1314 1139 ψυχαῖς
1338 1067 1524 1138 φέρον.

335 1164 406 1221 Ὦ
437 1162 782 1236 λαμπαδοῦχε
814 1161 904 1214 τοῦ
943 1158 1288 1231 τριλαμποῦς
1313 1158 1488 1228 ἡλίου,

343 1257 652 1327 ’Δστραψον
695 1258 828 1325 ἡμῖν
879 1255 1080 1323 φέγγος
1123 1252 1410 1324 ἀστραπῆς
1444 1250 1628 1314 πλέον,

336 1350 516 1411 dum-6;
548 1366 614 1419 με
647 1345 865 1413 τεύξας,
889 1349 917 1400 ὁ
945 1345 1242 1415 προσοίσας
1274 1344 1318 1397 δ’
1343 1343 1554 1413 εὐχάδε.

341 1441 532 1508 Εὖροις
559 1441 615 1508 μ’
642 1439 854 1491 ἐκεῖθεν
881 1438 1088 1507 λάμψιν
1116 1439 1358 1508 ἀρρήτου
1385 1436 1579 1504 φάους.

339 1533 460 1586 Pl”.
504 1561 572 1572 -—-
605 1530 758 1598 Πρὸς
808 1529 875 1583 τὸ
924 1529 1221 1598 ἐπιμελῶς
1264 1527 1700 1598 ἀναγινώσκειν
1746 1524 1814 1578 τὰ
1849 1523 1920 1576 ἐν

939 1601 1065 1665 τοῖς
1105 1600 1352 1668 τοίχοις.

339 1691 512 1746 Γνῶθι
543 1691 753 1760 τπριὼν
786 1690 893 1744 τῶν
921 1689 1288 1760 ἀναγράπτων
1320 1689 1506 1760 μέρος.

338 1785 490 1837 Θεῐον
514 1784 621 1855 γὰρ
654 1783 806 1836 οὐδὲν
839 1783 990 1854 ῥῆμά
1026 1799 1106 1835 σοι
1135 1782 1468 1854 παροπτέον.

341 1899 463 1952 PA'.
500 1929 568 1939 —
624 1897 992 1967 Ἐπίγραμμα
1023 1898 1127 2030 ge
1184 1892 1353 1950 οἷκον
1399 1893 1703 1966 γυναικῶν
1747 1894 1920 1963 φιλο-

1093 1983 1237 2020 νων.

1093 1983 1237 2020 νων.

342 2058 678 2126 Σπλὰγχνοις
709 2057 977 2127 ξενισμῶν
998 2057 1413 2128 εὐρυχωροῦσαι
1447 2055 1592 2116 λίαν.

343 2149 554 2220 Ὥσπερ
584 2167 666 2212 τις
698 2149 858 2212 ἄλλος
901 2149 1153 2222 ’Δϐραὰμ
1177 2150 1600 2220 πατροκράτωρ,

341 2241 408 2293 Δί
437 2241 789 2294 δεσποτοῦσαι
826 2241 988 2311 τῆσδε
1009 2241 1112 2310 τῆς
1145 2240 1464 2311 παροικίας,

344 2330 556 2399 Πλῆθος
588 2333 870 2400 μοναστῶν
897 2333 1200 2398 δεξιοῦνται
1227 2333 1323 2386 σὺν
1350 2331 1532 2398 πόθῳ·

343 2421 783 2486 Μισοξενούντων
812 2423 872 2476 τὺ
903 2423 1229 2494 στενόψυχον
1251 2423 1423 2486 πάθος

344 2513 816 2582 Καταισχὺνουσαι
839 2517 904 2585 τῇ
933 2515 1362 2586 πολυσπλάγχνῳ
1389 2513 1593 2586 σχέσει,

345 2603 457 2657 Καὶ
483 2605 581 2674 τὴν
614 2604 820 2658 ἄνωθεν
850 2606 1128 2675 κτώμεναι
1159 2605 1552 2684 σκηπτουχίαν,

627 2711 749 2766 PE'.
781 2744 850 2755 —
885 2713 1249 2783 Ἐπίγραμμα
1286 2716 1375 2780 είς
1403 2712 1640 2780 ξένους.

345 2805 579 2876 Χριστὸν
607 2803 804 2868 ξενίζει
833 2805 938 2866 πᾶς
962 2804 1270 2874 διατρέφων
1303 2806 1510 2874 ξένους.

346 2895 563 2964 ’Ἢνπερ
594 2894 797 2963 μεθῆκε
829 2893 1063 2966 Χριστὸς
1091 2895 1156 2948 ὲκ
1193 2895 1400 2968 φθορᾶς
1437 2897 1572 2962 ἄνω,

290 2959 299 3042 ί
359 2959 608 3054 unus
633 2959 942 3050 συντάξοιεν
974 2988 1030 3038 ὲν
1057 2959 1274 3050 ζώντων
1299 2959 1479 3060 μέρει,

344 3078 564 3148 Ταύτης
591 3078 651 3129 τὸ
686 3076 927 3148 πνεῦμα.
961 3077 1071 3131 τῶν
1101 3079 1239 3132 ὅλων
1268 3083 1297 3134 ὁ
1324 3082 1624 3152 Δεσπότης.

591 3192 728 3259 PG".
754 3222 824 3232 —
850 3195 954 3259 Εἰς
978 3193 1390 3263 μοναστήριον
1418 3194 1677 3264 ἀνδρῶν.

342 3280 480 3338 Θεοῦ
513 3282 668 3336 πόλιν
693 3301 776 3344 τις
802 3286 850 3337 εἰ
873 3285 1070 3356 καλοίη
1092 3285 1184 3338 τὸν
1205 3285 1395 3350 τόπον,

347 3377 464 3430 Οὔκ
492 3375 558 3429 ἃν
583 3375 925 3430 διαπταίσειε
954 3377 1058 3447 τῆς
1081 3377 1338 3450 θεωρίας.

360 3466 525 3537 Ὁρᾷς
552 3467 660 3538 γὰρ
682 3466 865 3532 αὐτὸν,
905 3467 1176 3533 κυκλικῶς
1202 3470 1529 3536 διαϐλέπων,

351 3559 535 3622 Ναοὺς
569 3558 850 3626 φαεινοὺς,
880 3560 1257 3630 ῶραῖσμένους
1284 3561 1447 3630 ἄγαν,

352 3651 549 3714 Οἷκους
571 3649 658 3703 ἐπ’
679 3649 859 3714 οἴκους
890 3651 1334 3717 καλλισυνθέτους
1360 3653 1502 3717 λίαν,

284 3759 294 3766 '
353 3743 583 3812 Κήπους
614 3741 861 3811 φυτείας,
881 3741 957 3806 ὡς
998 3742 1177 3812 Ἐδὲμ,
1207 3745 1598 3814 κεκασμένους.

352 3833 470 3886 Πᾶν
495 3831 623 3884 εἴτι
651 3831 865 3896 τούτοις
888 3834 1248 3905 τερπνοειδῶς
1284 3836 1572 3907 ιμῦλέπων
1595 3854 1610 3870 ’

363 3923 610 3990 Ἀγαθῶν
633 3923 798 3996 θεωρὶ
825 3924 1047 3992 δόξασον
1076 3925 1401 3997 θεοφρόνως,

350 4017 714 4087 Μεμνημένος
742 4017 970 4081 Λέοντος
1003 4018 1322 4091 ἀξιοχρέως,

353 4107 462 4162 Τοῦ
495 4109 938 4180 κτισματουργοῦ
973 4111 1070 4164 σὺν
1097 4110 1220 4182 Θεῷ
1241 4111 1351 4167 τῶν
1381 4111 1592 4169 ἐνθάδε.

493 4224 614 4278 ΡΖ’.
638 4254 706 4264 -
732 4225 840 4292 Εἰς
861 4226 928 4280 τὸ
951 4225 1195 4296 δοχεῒον
1221 4226 1332 4295 τῆς
1352 4226 1546 4298 αὐτῆς
1565 4227 1784 4299 μονῆς.

351 4314 538 4386 Μονῆς
562 4316 829 4386 ἁγαστῆς,
853 4319 952 4389 τῆς
979 4319 1319 4391 καλουμένης
1344 4321 1496 4385 νέας.

349 4407 566 4477 Δοχεῖόν
590 4409 730 4478 εἰμι,
764 4410 860 4462 καὶ
894 4410 1188 4482 προαύλιον
1216 4413 1398 4479 ξένονο

354 4498 588 4563 Πολλοὺς
621 4498 828 4566 ξενίζον
851 4502 932 4566 εἰς
961 4501 1189 4572 ἄμειψιν
1213 4505 1397 4558 αἰσίαν

349 4591 580 4655 Λέοντος
607 4591 823 4657 ἐσθλοῦ,
849 4594 1123 4648 Δεσπότου
1143 4595 1253 4648 τῶν
1281 4595 1492 4651 ἐνθάδε.

803 4707 933 4762 PH’.
964 4735 1036 4749 —-
1065 4709 1172 4773 Εἰς
1205 4708 1272 4762 τὸ
1298 4709 1469 4762 αὐτό.

348 4788 481 4850 ’Ὧδε
514 4798 776 4863 ξενισθεὶς
801 4799 952 4870 δεξιᾷ
981 4799 1314 4872 προμηθείᾳ,

364 4884 661 4953 Ἀντίξενον
686 4891 910 4960 φέροιμι
937 4890 1108 4962 δῶρον
1136 4893 1165 4945 ὁ
1185 4890 1356 4959 ξένος,

354 4969 459 5029 Ὧν
485 4976 777 5048 εὐποροίην
806 4979 869 5032 τὸ
898 4979 1195 5049 κράτιστον
1232 4979 1296 5034 εῦ
1329 4979 1498 5051 μάλα,

364 5067 534 5139 Ὀμοῦ
559 5069 659 5125 σὺν
688 5069 872 5140 εὐχαῖς
894 5071 1086 5124 τούσδε
1115 5071 1388 5145 τέτταρας
1415 5073 1655 5144 στίχους.

810 5182 932 5237 ΡΘν.
966 5211 1038 5224 --
1058 5185 1162 5251 El;-
1187 5187 1434 5255 τάφους.

353 5275 426 5327 Τὸ
448 5273 680 5347 τερπνὸν
706 5274 862 5339 εἰδὼς
891 5273 986 5328 καλ⁵
1012 5275 1241 5340 σκιῶδες
1268 5276 1363 5330 τοῦ
1395 5278 1535 5348 βίου,

352 5367 506 5419 Λέων
528 5367 705 5435 ἔγωγε
732 5367 832 5438 τῆς
860 5367 1029 5436 μονῆς
1057 5369 1087 5420 ὁ
1118 5367 1411 5440 συστάτης.

353 5459 535 5513 Καλὸν
564 5461 797 5531 τέτευχα
821 5463 933 5526 τοῖς
956 5459 1226 5531 φιληλίοις
1252 5463 1431 5531 τέγος,

261 5558 274 5576 ⁸
350 5551 424 5603 Τὸ
449 5552 576 5622 τῇδε
601 5552 757 5622 δῶμα
781 5553 1051 5623 τέρματος
1079 5553 1303 5624 μνήμην
1333 5555 1501 5625 φέρον
1525 5573 1538 5587 ο

349 5643 532 5707 "Arta;
556 5644 663 5715 γὰρ
689 5643 876 5708 ἐσθλὸς
911 5643 1144 5697 θανάτου
1171 5645 1540 5715 μεμνημένος,

345 5735 465 5800 Φῶς
487 5737 797 5808 εἰσδέχοιτο,
830 5737 924 5792 καὶ
959 5737 1292 5808 παρέρχεται
1319 5739 1564 5804 σκότους.

1863 312 2078 372 ῙΑΜΒΙ
2089 360 2101 371 .

2419 419 2503 475 Cl.
2540 447 2605 463 -ο
2638 417 2704 472 In
2727 417 2912 472 eodem
2943 431 3174 470 carcere.

2015 515 2088 567 Ex
2121 514 2252 567 hora
2288 514 2342 566 in
2386 514 2573 566 horam
2604 510 2898 566 terminum
2921 508 3048 563 vita:
3078 505 3308 579 inspice,

2010 608 2311 678 Omnisque
2337 607 2494 676 longe
2525 604 2693 675 fugiet
2723 619 2752 658 a
2790 611 2846 658 te
2880 600 3118 672 ignavia.

1907 719 1918 740 ι
2012 704 2294 771 Quousque
2320 697 2570 754 tandem?
2601 697 2801 760 dicere,
2833 705 2915 750 est
2945 691 3378 754 cacodaemonis;

2013 790 2122 848 Nec
2144 791 2270 846 vitae
2297 791 2350 844 in
2378 789 2544 843 horas
2573 786 2876 857 praestolari
2907 783 3234 839 clausulam.

2292 882 2404 937 Cll.
2431 909 2502 921 -—
2531 879 2878 950 Epigramma
2909 878 2966 930 in
3008 874 3306 945 lampades.

2016 975 2278 1030 Perennis
2306 989 2408 1045 ego
2436 989 2559 1027 sum
2593 971 2819 1026 luminis
2845 968 3213 1032 domicilium,

2016 1067 2320 1137 Splendore
2351 1065 2574 1136 penitus
2609 1061 2774 1116 corda
2810 1057 3098 1130 multiplici
3137 1055 3374 1128 replens.

2014 1159 2091 1218 0!
2120 1159 2351 1232 triplicis
2380 1157 2475 1229 qui
2503 1155 2636 1212 solis
2667 1153 2928 1210 accendis
2961 1151 3134 1207 facem
3155 1191 3172 1217 ,

2015 1252 2232 1308 Nostris
2262 1253 2314 1305 in
2339 1250 2540 1306 animis
2571 1247 2791 1320 fulgura
2817 1244 3124 1317 ingemines
3148 1250 3266 1308 tua,

2017 1344 2102 1400 Me
2130 1343 2336 1398 lumine
2358 1356 2604 1405 artnans,
2641 1349 2805 1408 atque
2831 1337 2902 1391 ad
2939 1333 3211 1390 orandum
3244 1332 3549 1394 instruens,

2024 1436 2118 1491 Sic
2141 1435 2339 1504 jubare
2374 1432 2589 1502 fulgens
2616 1433 2741 1485 liam
2776 1425 3174 1499 inexplicabili.

2017 1527 2149 1584 CIII.
2181 1558 2249 1569 —
2282 1524 2352 1581 Ut
2397 1526 2685 1598 diligenter
2738 1523 2984 1598 legantur
3030 1534 3148 1590 qua:
3208 1515 3265 1570 iu
3316 1512 3600 1584 parietibus

2597 1595 2864 1660 descripta
2888 1598 3034 1644 sunt.

2021 1689 2162 1745 Dum
2194 1688 2468 1760 prteteris,
2505 1686 2770 1754 inscripta
2808 1681 3006 1753 raptim
3036 1677 3272 1751 perlege.

1948 1799 1994 1857 Β
2023 1783 2212 1838 Divina
2247 1795 2520 1851 nusquam
2545 1777 2714 1832 verba
2745 1773 3022 1832 contemni
3051 1773 3228 1828 decet.

2019 1878 2154 1937 CIV.
2192 1908 2254 1920 -
2289 1876 2632 1948 Epigramma
2680 1873 2736 1955 iu
2773 1873 2998 1955 domum
3033 1869 3317 1923 mutierum
3374 1864 3602 1935 hospites

2611 1951 3010 2012 excipientium.

2021 2043 2158 2098 Lata
2190 2039 2482 2112 h0spitalis
2511 2037 2810 2095 charitatis
2837 2035 3077 2098 viscera,

2022 2137 2092 2192 Ut
2121 2135 2395 2206 quondam
2437 2133 2712 2186 Abi-amns
2737 2129 2829 2184 ille
2859 2127 3186 2199 populorum
3216 2131 3392 2194 pater,

2023 2231 2114 2286 Sic
2151 2239 2205 2285 et
2229 2231 2427 2284 domus
2454 2225 2688 2295 hujusce
2718 2223 2978 2278 rectrices
3004 2228 3223 2291 gerunt.

2021 2321 2139 2378 Illic
2165 2320 2440 2391 recipiunt
2465 2326 2665 2388 sponte
2697 2316 3098 2371 monachorum
3123 2310 3344 2382 agmina
3375 2325 3392 2365 :

2020 2417 2264 2485 Angusta
2293 2411 2525 2466 nimium
2559 2408 2748 2474 corda,
2780 2416 2836 2461 et
2867 2403 3089 2459 inimica
3121 2403 3427 2473 hospitum,
3521 2391 3538 2400 ’

2022 2502 2445 2560 Pudelacientes
2477 2499 2690 2556 liberali
2719 2507 2963 2569 pectore.

2023 2596 2253 2668 Sibique
2292 2609 2461 2665 regna
2495 2601 2878 2663 comparantes
2907 2587 3180 2645 caelitum.

2327 2705 2438 2763 CV.
2467 2735 2540 2746 —
2574 2703 2917 2775 Epigramma
2949 2703 3005 2756 in
3038 2699 3289 2768 hospites.

2024 2803 2349 2873 Quicunque
2372 2798 2547 2871 pascit
2579 2797 2848 2868 hospites,
2873 2793 3148 2850 Christum
3178 2789 3400 2862 excipit,

2024 2897 2199 2964 Quam
2216 2897 2236 2918 ⁶
2263 2895 2332 2950 de
2355 2893 2614 2963 sepulcro
2636 2890 2891 2946 Christus
2923 2887 2988 2942 ad
3019 2887 3221 2942 coelum
3244 2884 3464 2941 extulit.

2027 2987 2133 3042 Sed
2162 2995 2216 3041 et
2243 2985 2492 3056 reposuit
2523 2983 2749 3040 sedibus
2783 2980 3083 3036 viventium
3105 3022 3122 3047 ,

2027 3079 2273 3150 Hujusce
2297 3077 2549 3149 spiritus,
2579 3074 2846 3131 Dominus
2869 3081 2954 3128 est
2981 3069 3256 3126 omnium.

2294 3189 2430 3246 CVI.
2462 3219 2534 3230 —
2562 3187 2626 3242 In
2659 3183 3045 3242 monasterium
3077 3185 3336 3239 virorum.

2026 3285 2085 3341 Si
2119 3284 2246 3356 quis
2277 3285 2370 3339 Del
2399 3283 2591 3338 urbem
2617 3281 2804 3336 dicere
2829 3279 2978 3334 hunc
3007 3279 3191 3334 locum
3224 3277 3377 3346 velit,

2028 3377 2233 3448 Nempe
2266 3375 2360 3432 ille
2389 3374 2550 3430 vanis
2579 3373 2726 3428 haud
2757 3371 2982 3428 aberret
3014 3371 3294 3428 sensibus.

2027 3470 2372 3540 Quocunque
2401 3466 2578 3523 ﬂexus
2607 3465 2881 3520 luminum
2915 3462 3302 3528 circumferas,

2030 3563 2359 3622 Fabrefacta
2389 3564 2532 3619 miro
2564 3561 2766 3633 templa
2805 3558 2956 3615 cultu
2991 3555 3295 3628 conspicis,

2028 3655 2293 3712 Connexa
2324 3657 2558 3726 pulchro
2593 3663 2738 3709 tecta
2769 3651 2931 3708 tectis
2964 3650 3180 3715 ordine,

2030 3748 2341 3818 Hortosque
2370 3747 2597 3817 plantis,
2627 3746 2777 3801 velut
2811 3743 3006 3810 Edem,
3037 3741 3370 3798 virentibus.

2030 3835 2088 3892 lu
2123 3839 2208 3893 his
2239 3852 2459 3892 amomo
2484 3835 2750 3907 quidquid
2787 3835 2984 3890 obtutu
3018 3831 3204 3898 vides;

2032 3929 2268 3984 Primam
2296 3929 2565 3984 bonorum
2598 3926 2830 3997 principi
2860 3926 3078 3980 Iaudem
3112 3923 3255 3979 refer
3285 3940 3298 3976 :

2031 4019 2172 4076 Tum
2202 4036 2369 4091 quam
2398 4019 2566 4075 Leoni
2601 4019 2722 4088 iure
2753 4018 2922 4073 debes
2957 4017 3211 4088 gratiam,

2029 4112 2202 4184 Cujus
2222 4128 2362 4183 opus
2397 4126 2564 4168 omne
2589 4109 2874 4166 conditum
2901 4117 2990 4165 est
3017 4107 3313 4165 industria.

2162 4225 2320 4284 CVII.
2350 4256 2421 4270 —-
2447 4224 2514 4281 In
2554 4226 2846 4297 hospitium
2873 4225 3113 4296 ejusdem
3144 4224 3475 4282 monasterii.

2034 4317 2132 4374 llic
2160 4317 2433 4383 clarioris,
2463 4329 2629 4386 quam
2661 4324 2865 4371 vocant
2890 4329 3117 4382 novam,
3149 4315 3352 4372 domus

2033 4408 2312 4464 Monachis
2344 4420 2531 4478 parata
2558 4408 2824 4477 hospitia,
2857 4417 2912 4463 et
2940 4408 3088 4464 aedes
3119 4405 3346 4464 advenis

1959 4489 2002 4544 ο
2032 4503 2216 4558 Multis
2249 4510 2576 4573 patescunt;
2608 4500 2840 4572 recipiat
2867 4499 3106 4556 faustam
3138 4511 3199 4555 ut
3235 4501 3433 4568 vicem,

2031 4594 2274 4665 Hujusce
2302 4593 2561 4649 dominus
2589 4593 2685 4663 qui
2718 4593 2825 4650 loci
2851 4603 2958 4656 est,
2992 4591 3104 4648 Leo
3134 4593 3402 4664 optimus.

2521 4703 2704 4761 CVIII.
2741 4734 2815 4747 -—
2846 4703 2915 4759 In
2954 4705 3116 4764 idem.

2031 4799 2131 4854 llic
2164 4799 2474 4869 hospitatus
2502 4800 2788 4855 commode
2817 4807 2984 4868 atque
3005 4813 3290 4872 prospere,

2033 4891 2245 4945 Donum
2277 4889 2523 4944 vicissim
2550 4897 2745 4960 gratus
2774 4889 2978 4959 hospes
3005 4889 3256 4955 oderam,

2032 4984 2217 5056 Longe
2245 4985 2513 5052 omnium,
2547 4998 2672 5055 qua:
2693 4994 2994 5055 suppetunt
3025 4984 3182 5050 mihi,
3210 4986 3500 5056 Optimum,

2030 5079 2166 5132 Cum
2193 5077 2450 5148 precibus
2477 5077 2616 5134 istos
2644 5091 2840 5148 nempe
2869 5091 3066 5133 versus
3091 5085 3353 5149 quatuor.

2505 5181 2646 5240 CIX.
2675 5216 2748 5228 -——-
2775 5182 2842 5239 In
2870 5185 3133 5255 sepulcra.

2033 5278 2294 5335 Umbram
2325 5295 2448 5336 esse
2482 5281 2606 5334 vita:
2637 5277 2900 5352 gaudium
2931 5293 3140 5350 gnarus
3168 5280 3370 5350 probe,

2031 5368 2314 5425 Fundator
2347 5370 2507 5439 Imjus
2535 5385 2638 5438 ego
2667 5367 2987 5424 monasterii
3014 5365 3144 5432 Leo,

2032 5462 2238 5518 Decora
2275 5464 2431 5532 posui
2467 5469 2613 5516 tecto
2645 5461 2816 5515 solem
2850 5457 3188 5522 amantibus,

2033 5554 2208 5618 Hanc,
2239 5569 2361 5623 qua:
2399 5553 2723 5606 memoriam
2763 5551 2887 5604 linis
2925 5550 3144 5620 ingerit,
3168 5550 3431 5620 domum;

2032 5645 2167 5700 Nam
2202 5647 2286 5699 vir
2315 5647 2522 5716 probus
2556 5646 2876 5715 quicunque
2915 5642 3114 5699 mortis
3148 5654 3232 5699 est
3273 5662 3503 5713 memor,

2033 5737 2350 5807 Lucemque
2389 5737 2603 5806 recipit,
2640 5750 2703 5789 ac
2730 5732 2986 5790 tenebras
3019 5731 3226 5805 effugit.
