  <div class='ocr_page' id='page_1' title='image "/cluster/home/n/w/nwhite01/storage/ocr_20150623/99/hvd.32044024464356/911.png"; bbox 0 0 4122 6382; ppageno 0'>
   <div class='ocr_carea' id='block_1_1' title="bbox 567 336 700 403">
    <p class='ocr_par' dir='ltr' id='par_1_1' title="bbox 567 336 700 403">
     <span class='ocr_line' id='line_1_1' title="bbox 567 336 700 403; baseline -0.023 0"><span class='ocrx_word' id='word_1_1' title='bbox 567 336 700 403; x_wconf 72' lang='lat'><strong>1807</strong></span> 
     </span>
    </p>
   </div>
   <div class='ocr_carea' id='block_1_2' title="bbox 1135 434 1558 513">
    <p class='ocr_par' dir='ltr' id='par_1_2' title="bbox 1135 434 1558 513">
     <span class='ocr_line' id='line_1_2' title="bbox 1135 434 1558 513; baseline -0.014 -19"><span class='ocrx_word' id='word_1_2' title='bbox 1135 437 1250 494; x_wconf 84' lang='lat' dir='ltr'><strong>CX.</strong></span> <span class='ocrx_word' id='word_1_3' title='bbox 1280 467 1350 513; x_wconf 76' lang='grc' dir='ltr'><strong>τ-</strong></span> <span class='ocrx_word' id='word_1_4' title='bbox 1375 434 1558 490; x_wconf 77' lang='lat' dir='ltr'><strong>Aliud.</strong></span> 
     </span>
    </p>
   </div>
   <div class='ocr_carea' id='block_1_3' title="bbox 553 524 1651 602">
    <p class='ocr_par' dir='ltr' id='par_1_3' title="bbox 553 524 1651 602">
     <span class='ocr_line' id='line_1_3' title="bbox 553 524 1651 602; baseline -0.009 -9"><span class='ocrx_word' id='word_1_5' title='bbox 553 536 600 593; x_wconf 88' lang='grc' dir='ltr'>Ο</span> <span class='ocrx_word' id='word_1_6' title='bbox 631 533 841 591; x_wconf 87' lang='lat' dir='ltr'><strong>tumulo</strong></span> <span class='ocrx_word' id='word_1_7' title='bbox 873 546 1059 587; x_wconf 89' lang='lat' dir='ltr'><strong>amare</strong></span> <span class='ocrx_word' id='word_1_8' title='bbox 1083 531 1406 602; x_wconf 83' lang='lat' dir='ltr'><strong>gaudiorum</strong></span> <span class='ocrx_word' id='word_1_9' title='bbox 1442 524 1651 584; x_wconf 72' lang='lat' dir='ltr'><strong>saeculi.</strong></span> 
     </span>
    </p>
   </div>
   <div class='ocr_carea' id='block_1_4' title="bbox 554 615 1849 697">
    <p class='ocr_par' dir='ltr' id='par_1_4' title="bbox 554 615 1849 697">
     <span class='ocr_line' id='line_1_4' title="bbox 554 615 1849 697; baseline -0.009 -15"><span class='ocrx_word' id='word_1_10' title='bbox 554 627 642 682; x_wconf 82' lang='lat' dir='ltr'><strong>Nil</strong></span> <span class='ocrx_word' id='word_1_11' title='bbox 671 637 724 684; x_wconf 90' lang='lat' dir='ltr'><strong>te</strong></span> <span class='ocrx_word' id='word_1_12' title='bbox 751 635 932 697; x_wconf 83' lang='lat' dir='ltr'><strong>potest</strong></span> <span class='ocrx_word' id='word_1_13' title='bbox 961 624 1186 690; x_wconf 89' lang='lat' dir='ltr'><strong>satiare,</strong></span> <span class='ocrx_word' id='word_1_14' title='bbox 1224 638 1351 678; x_wconf 88' lang='lat' dir='ltr'><strong>cum</strong></span> <span class='ocrx_word' id='word_1_15' title='bbox 1379 627 1610 676; x_wconf 88' lang='lat' dir='ltr'><strong>cunctos</strong></span> <span class='ocrx_word' id='word_1_16' title='bbox 1642 615 1849 680; x_wconf 92' lang='lat' dir='ltr'><strong>trahas,</strong></span> 
     </span>
    </p>
   </div>
   <div class='ocr_carea' id='block_1_5' title="bbox 560 708 1714 791">
    <p class='ocr_par' dir='ltr' id='par_1_5' title="bbox 560 708 1714 791">
     <span class='ocr_line' id='line_1_5' title="bbox 560 708 1714 791; baseline -0.013 -15"><span class='ocrx_word' id='word_1_17' title='bbox 560 721 771 791; x_wconf 89' lang='lat' dir='ltr'><strong>Inopes,</strong></span> <span class='ocrx_word' id='word_1_18' title='bbox 810 719 1022 781; x_wconf 84' lang='lat' dir='ltr'><strong>beatos,</strong></span> <span class='ocrx_word' id='word_1_19' title='bbox 1060 715 1336 770; x_wconf 81' lang='lat' dir='ltr'><strong>maximos</strong></span> <span class='ocrx_word' id='word_1_20' title='bbox 1371 722 1424 768; x_wconf 92' lang='lat' dir='ltr'><strong>et</strong></span> <span class='ocrx_word' id='word_1_21' title='bbox 1457 708 1714 771; x_wconf 58' lang='lat' dir='ltr'><strong>inﬁmos;</strong></span> 
     </span>
    </p>
   </div>
   <div class='ocr_carea' id='block_1_6' title="bbox 557 798 1920 881">
    <p class='ocr_par' dir='ltr' id='par_1_6' title="bbox 557 798 1920 881">
     <span class='ocr_line' id='line_1_6' title="bbox 557 798 1920 881; baseline -0.012 -14"><span class='ocrx_word' id='word_1_22' title='bbox 557 813 954 881; x_wconf 85' lang='lat' dir='ltr'><strong>Pulchrosque,</strong></span> <span class='ocrx_word' id='word_1_23' title='bbox 983 807 1388 876; x_wconf 80' lang='lat' dir='ltr'><strong>deformesque,</strong></span> <span class='ocrx_word' id='word_1_24' title='bbox 1419 804 1612 859; x_wconf 87' lang='lat' dir='ltr'><strong>doctos</strong></span> <span class='ocrx_word' id='word_1_25' title='bbox 1643 809 1694 854; x_wconf 91' lang='lat' dir='ltr'><strong>et</strong></span> <span class='ocrx_word' id='word_1_26' title='bbox 1717 798 1880 853; x_wconf 87' lang='lat' dir='ltr'><strong>rudes</strong></span> <span class='ocrx_word' id='word_1_27' title='bbox 1905 813 1920 851; x_wconf 86' lang='lat'><strong>:</strong></span> 
     </span>
    </p>
   </div>
   <div class='ocr_carea' id='block_1_7' title="bbox 485 889 1886 972">
    <p class='ocr_par' dir='ltr' id='par_1_7' title="bbox 485 889 1886 972">
     <span class='ocr_line' id='line_1_7' title="bbox 485 889 1886 972; baseline -0.013 -10"><span class='ocrx_word' id='word_1_28' title='bbox 485 889 490 894; x_wconf 3' lang='lat'><strong>0</strong></span> <span class='ocrx_word' id='word_1_29' title='bbox 557 907 718 962; x_wconf 82' lang='lat' dir='ltr'><strong>Molis</strong></span> <span class='ocrx_word' id='word_1_30' title='bbox 744 903 1036 961; x_wconf 87' lang='lat' dir='ltr'><strong>universos</strong></span> <span class='ocrx_word' id='word_1_31' title='bbox 1061 900 1289 972; x_wconf 87' lang='lat' dir='ltr'><strong>pariter,</strong></span> <span class='ocrx_word' id='word_1_32' title='bbox 1321 913 1386 952; x_wconf 89' lang='lat' dir='ltr'><strong>ac</strong></span> <span class='ocrx_word' id='word_1_33' title='bbox 1422 897 1661 950; x_wconf 91' lang='lat' dir='ltr'><strong>cinerem</strong></span> <span class='ocrx_word' id='word_1_34' title='bbox 1692 891 1886 956; x_wconf 80' lang='lat' dir='ltr'><strong>efﬁcis,</strong></span> 
     </span>
    </p>
   </div>
   <div class='ocr_carea' id='block_1_8' title="bbox 560 987 1838 1064">
    <p class='ocr_par' dir='ltr' id='par_1_8' title="bbox 560 987 1838 1064">
     <span class='ocr_line' id='line_1_8' title="bbox 560 987 1838 1064; baseline -0.01 -12"><span class='ocrx_word' id='word_1_35' title='bbox 560 999 706 1054; x_wconf 69' lang='lat' dir='ltr'><strong>Nihil</strong></span> <span class='ocrx_word' id='word_1_36' title='bbox 738 996 1050 1052; x_wconf 76' lang='lat' dir='ltr'><strong>auferentes</strong></span> <span class='ocrx_word' id='word_1_37' title='bbox 1075 1003 1270 1064; x_wconf 60' lang='lat' dir='ltr'><strong>prater</strong></span> <span class='ocrx_word' id='word_1_38' title='bbox 1298 1007 1361 1046; x_wconf 90' lang='lat' dir='ltr'><strong>ea</strong></span> <span class='ocrx_word' id='word_1_39' title='bbox 1392 1005 1515 1060; x_wconf 57' lang='lat' dir='ltr'><strong>qua</strong></span> <span class='ocrx_word' id='word_1_40' title='bbox 1540 987 1838 1060; x_wconf 77' lang='lat' dir='ltr'><strong>gesserint,</strong></span> 
     </span>
    </p>
   </div>
   <div class='ocr_carea' id='block_1_9' title="bbox 560 1081 1641 1152">
    <p class='ocr_par' dir='ltr' id='par_1_9' title="bbox 560 1081 1641 1152">
     <span class='ocr_line' id='line_1_9' title="bbox 560 1081 1641 1152; baseline -0.009 -8"><span class='ocrx_word' id='word_1_41' title='bbox 560 1091 657 1146; x_wconf 85' lang='lat' dir='ltr'><strong>Dei</strong></span> <span class='ocrx_word' id='word_1_42' title='bbox 687 1089 755 1144; x_wconf 91' lang='lat' dir='ltr'><strong>ad</strong></span> <span class='ocrx_word' id='word_1_43' title='bbox 791 1085 1032 1142; x_wconf 92' lang='lat' dir='ltr'><strong>tribunal</strong></span> <span class='ocrx_word' id='word_1_44' title='bbox 1059 1084 1368 1140; x_wconf 82' lang='lat' dir='ltr'><strong>exhibenda</strong></span> <span class='ocrx_word' id='word_1_45' title='bbox 1391 1081 1596 1152; x_wconf 87' lang='lat' dir='ltr'><strong>judicis</strong></span> <span class='ocrx_word' id='word_1_46' title='bbox 1626 1098 1641 1134; x_wconf 87' lang='lat'><strong>:</strong></span> 
     </span>
    </p>
   </div>
   <div class='ocr_carea' id='block_1_10' title="bbox 560 1171 2136 1248">
    <p class='ocr_par' dir='ltr' id='par_1_10' title="bbox 560 1171 2136 1248">
     <span class='ocr_line' id='line_1_10' title="bbox 560 1171 2136 1248; baseline -0.01 -11"><span class='ocrx_word' id='word_1_47' title='bbox 560 1181 693 1248; x_wconf 64' lang='lat' dir='ltr'><strong>Qua:</strong></span> <span class='ocrx_word' id='word_1_48' title='bbox 726 1191 873 1235; x_wconf 91' lang='lat' dir='ltr'><strong>recta</strong></span> <span class='ocrx_word' id='word_1_49' title='bbox 901 1179 948 1232; x_wconf 88' lang='lat' dir='ltr'><strong>si</strong></span> <span class='ocrx_word' id='word_1_50' title='bbox 996 1177 1126 1240; x_wconf 90' lang='lat' dir='ltr'><strong>sint,</strong></span> <span class='ocrx_word' id='word_1_51' title='bbox 1172 1175 1342 1247; x_wconf 79' lang='lat' dir='ltr'><strong>gloria</strong></span> <span class='ocrx_word' id='word_1_52' title='bbox 1380 1175 1466 1228; x_wconf 89' lang='lat' dir='ltr'><strong>his</strong></span> <span class='ocrx_word' id='word_1_53' title='bbox 1505 1187 1743 1244; x_wconf 90' lang='lat' dir='ltr'><strong>quorum</strong></span> <span class='ocrx_word' id='word_1_54' title='bbox 1772 1171 1888 1227; x_wconf 75' lang='lat' dir='ltr'><strong>haec</strong></span> <span class='ocrx_word' id='word_1_55' title='bbox 1923 1179 2086 1226; x_wconf 89' lang='lat' dir='ltr'><strong>erunt</strong></span> <span class='ocrx_word' id='word_1_56' title='bbox 2121 1186 2136 1222; x_wconf 88' lang='lat'><strong>:</strong></span> 
     </span>
    </p>
   </div>
   <div class='ocr_carea' id='block_1_11' title="bbox 563 1264 1786 1343">
    <p class='ocr_par' dir='ltr' id='par_1_11' title="bbox 563 1264 1786 1343">
     <span class='ocr_line' id='line_1_11' title="bbox 563 1264 1786 1343; baseline -0.007 -16"><span class='ocrx_word' id='word_1_57' title='bbox 563 1274 622 1328; x_wconf 89' lang='lat' dir='ltr'><strong>Si</strong></span> <span class='ocrx_word' id='word_1_58' title='bbox 654 1286 838 1343; x_wconf 88' lang='lat' dir='ltr'><strong>prava,</strong></span> <span class='ocrx_word' id='word_1_59' title='bbox 871 1269 1041 1324; x_wconf 88' lang='lat' dir='ltr'><strong>miser</strong></span> <span class='ocrx_word' id='word_1_60' title='bbox 1066 1267 1196 1322; x_wconf 84' lang='lat' dir='ltr'><strong>heu!</strong></span> <span class='ocrx_word' id='word_1_61' title='bbox 1224 1267 1317 1338; x_wconf 88' lang='lat' dir='ltr'><strong>qui</strong></span> <span class='ocrx_word' id='word_1_62' title='bbox 1350 1265 1558 1320; x_wconf 84' lang='lat' dir='ltr'><strong>nefaria</strong></span> <span class='ocrx_word' id='word_1_63' title='bbox 1589 1264 1786 1336; x_wconf 88' lang='lat' dir='ltr'><strong>egerit.</strong></span> 
     </span>
    </p>
   </div>
   <div class='ocr_carea' id='block_1_12' title="bbox 562 1359 1962 1431">
    <p class='ocr_par' dir='ltr' id='par_1_12' title="bbox 562 1359 1962 1431">
     <span class='ocr_line' id='line_1_12' title="bbox 562 1359 1962 1431; baseline -0.008 -13"><span class='ocrx_word' id='word_1_64' title='bbox 562 1363 797 1418; x_wconf 85' lang='lat' dir='ltr'><strong>Proinde</strong></span> <span class='ocrx_word' id='word_1_65' title='bbox 823 1371 1062 1431; x_wconf 84' lang='lat' dir='ltr'><strong>reputes,</strong></span> <span class='ocrx_word' id='word_1_66' title='bbox 1090 1375 1123 1414; x_wconf 95' lang='lat' dir='ltr'><strong>o</strong></span> <span class='ocrx_word' id='word_1_67' title='bbox 1161 1359 1352 1426; x_wconf 91' lang='lat' dir='ltr'><strong>homo,</strong></span> <span class='ocrx_word' id='word_1_68' title='bbox 1377 1373 1500 1428; x_wconf 73' lang='lat' dir='ltr'><strong>qua:</strong></span> <span class='ocrx_word' id='word_1_69' title='bbox 1531 1366 1582 1412; x_wconf 90' lang='lat' dir='ltr'><strong>te</strong></span> <span class='ocrx_word' id='word_1_70' title='bbox 1603 1372 1726 1412; x_wconf 90' lang='lat' dir='ltr'><strong>sors</strong></span> <span class='ocrx_word' id='word_1_71' title='bbox 1761 1363 1962 1409; x_wconf 91' lang='lat' dir='ltr'><strong>manet.</strong></span> 
     </span>
    </p>
   </div>
   <div class='ocr_carea' id='block_1_13' title="bbox 809 1447 1899 1521">
    <p class='ocr_par' dir='ltr' id='par_1_13' title="bbox 809 1447 1899 1521">
     <span class='ocr_line' id='line_1_13' title="bbox 809 1447 1899 1521; baseline -0.006 -13"><span class='ocrx_word' id='word_1_72' title='bbox 809 1451 948 1508; x_wconf 80' lang='lat' dir='ltr'><strong>CXI.</strong></span> <span class='ocrx_word' id='word_1_73' title='bbox 979 1481 1051 1493; x_wconf 94' lang='lat'><strong>—</strong></span> <span class='ocrx_word' id='word_1_74' title='bbox 1083 1450 1432 1521; x_wconf 79' lang='lat' dir='ltr'><strong>Epigramma</strong></span> <span class='ocrx_word' id='word_1_75' title='bbox 1467 1450 1522 1502; x_wconf 85' lang='lat' dir='ltr'><strong>in</strong></span> <span class='ocrx_word' id='word_1_76' title='bbox 1555 1447 1899 1519; x_wconf 81' lang='lat' dir='ltr'><strong>Stephanum.</strong></span> 
     </span>
    </p>
   </div>
   <div class='ocr_carea' id='block_1_14' title="bbox 565 1539 1852 1615">
    <p class='ocr_par' dir='ltr' id='par_1_14' title="bbox 565 1539 1852 1615">
     <span class='ocr_line' id='line_1_14' title="bbox 565 1539 1852 1615; baseline -0.005 -14"><span class='ocrx_word' id='word_1_77' title='bbox 565 1545 796 1601; x_wconf 73' lang='lat' dir='ltr'><strong>Mortale</strong></span> <span class='ocrx_word' id='word_1_78' title='bbox 821 1559 1024 1615; x_wconf 89' lang='lat' dir='ltr'><strong>corpus</strong></span> <span class='ocrx_word' id='word_1_79' title='bbox 1058 1541 1375 1614; x_wconf 79' lang='lat' dir='ltr'><strong>Stephanus</strong></span> <span class='ocrx_word' id='word_1_80' title='bbox 1401 1542 1490 1597; x_wconf 91' lang='lat' dir='ltr'><strong>hic</strong></span> <span class='ocrx_word' id='word_1_81' title='bbox 1524 1539 1852 1607; x_wconf 85' lang='lat' dir='ltr'><strong>recondidit,</strong></span> 
     </span>
    </p>
   </div>
   <div class='ocr_carea' id='block_1_15' title="bbox 564 1630 1919 1707">
    <p class='ocr_par' dir='ltr' id='par_1_15' title="bbox 564 1630 1919 1707">
     <span class='ocr_line' id='line_1_15' title="bbox 564 1630 1919 1707; baseline -0.007 -17"><span class='ocrx_word' id='word_1_82' title='bbox 564 1638 672 1692; x_wconf 89' lang='lat' dir='ltr'><strong>Ter</strong></span> <span class='ocrx_word' id='word_1_83' title='bbox 692 1636 938 1707; x_wconf 89' lang='lat' dir='ltr'><strong>quinque</strong></span> <span class='ocrx_word' id='word_1_84' title='bbox 964 1650 1091 1688; x_wconf 90' lang='lat' dir='ltr'><strong>cum</strong></span> <span class='ocrx_word' id='word_1_85' title='bbox 1127 1633 1358 1688; x_wconf 77' lang='lat' dir='ltr'><strong>vixisset</strong></span> <span class='ocrx_word' id='word_1_86' title='bbox 1393 1647 1569 1687; x_wconf 87' lang='lat' dir='ltr'><strong>annos</strong></span> <span class='ocrx_word' id='word_1_87' title='bbox 1597 1647 1662 1686; x_wconf 86' lang='lat' dir='ltr'><strong>ac</strong></span> <span class='ocrx_word' id='word_1_88' title='bbox 1687 1630 1878 1686; x_wconf 88' lang='lat' dir='ltr'><strong>decem</strong></span> <span class='ocrx_word' id='word_1_89' title='bbox 1904 1645 1919 1682; x_wconf 90' lang='lat'>:</span> 
     </span>
    </p>
   </div>
   <div class='ocr_carea' id='block_1_16' title="bbox 565 1717 2144 1794">
    <p class='ocr_par' dir='ltr' id='par_1_16' title="bbox 565 1717 2144 1794">
     <span class='ocr_line' id='line_1_16' title="bbox 565 1717 2144 1794; baseline -0.005 -14"><span class='ocrx_word' id='word_1_90' title='bbox 565 1723 801 1780; x_wconf 88' lang='lat' dir='ltr'><strong>Gcrmen</strong></span> <span class='ocrx_word' id='word_1_91' title='bbox 839 1725 1150 1794; x_wconf 86' lang='lat' dir='ltr'><strong>probatum.</strong></span> <span class='ocrx_word' id='word_1_92' title='bbox 1187 1723 1388 1778; x_wconf 84' lang='lat' dir='ltr'><strong>dec0re</strong></span> <span class='ocrx_word' id='word_1_93' title='bbox 1417 1721 1705 1776; x_wconf 88' lang='lat' dir='ltr'><strong>abundans</strong></span> <span class='ocrx_word' id='word_1_94' title='bbox 1743 1720 1872 1774; x_wconf 91' lang='lat' dir='ltr'><strong>hinc</strong></span> <span class='ocrx_word' id='word_1_95' title='bbox 1900 1727 1954 1773; x_wconf 89' lang='lat' dir='ltr'><strong>et</strong></span> <span class='ocrx_word' id='word_1_96' title='bbox 1996 1717 2144 1781; x_wconf 89' lang='lat' dir='ltr'><strong>hinc,</strong></span> 
     </span>
    </p>
   </div>
   <div class='ocr_carea' id='block_1_17' title="bbox 570 1813 1918 1886">
    <p class='ocr_par' dir='ltr' id='par_1_17' title="bbox 570 1813 1918 1886">
     <span class='ocr_line' id='line_1_17' title="bbox 570 1813 1918 1886; baseline -0.003 -14"><span class='ocrx_word' id='word_1_97' title='bbox 570 1815 874 1886; x_wconf 86' lang='lat' dir='ltr'><strong>Splendore</strong></span> <span class='ocrx_word' id='word_1_98' title='bbox 908 1825 1175 1885; x_wconf 67' lang='lat' dir='ltr'><strong>praestans</strong></span> <span class='ocrx_word' id='word_1_99' title='bbox 1201 1815 1404 1885; x_wconf 90' lang='lat' dir='ltr'><strong>quippe</strong></span> <span class='ocrx_word' id='word_1_100' title='bbox 1435 1813 1570 1869; x_wconf 89' lang='lat' dir='ltr'><strong>clari</strong></span> <span class='ocrx_word' id='word_1_101' title='bbox 1608 1813 1918 1885; x_wconf 83' lang='lat' dir='ltr'><strong>sanguinis,</strong></span> 
     </span>
    </p>
   </div>
   <div class='ocr_carea' id='block_1_18' title="bbox 573 1905 1648 1976">
    <p class='ocr_par' dir='ltr' id='par_1_18' title="bbox 573 1905 1648 1976">
     <span class='ocr_line' id='line_1_18' title="bbox 573 1905 1648 1976; baseline -0.003 -16"><span class='ocrx_word' id='word_1_102' title='bbox 573 1911 647 1962; x_wconf 86' lang='lat' dir='ltr'><strong>De</strong></span> <span class='ocrx_word' id='word_1_103' title='bbox 677 1907 846 1976; x_wconf 85' lang='lat' dir='ltr'><strong>stirpe</strong></span> <span class='ocrx_word' id='word_1_104' title='bbox 873 1921 1064 1974; x_wconf 84' lang='lat' dir='ltr'><strong>regum</strong></span> <span class='ocrx_word' id='word_1_105' title='bbox 1096 1906 1339 1976; x_wconf 84' lang='lat' dir='ltr'><strong>gloriosa</strong></span> <span class='ocrx_word' id='word_1_106' title='bbox 1367 1905 1648 1962; x_wconf 91' lang='lat' dir='ltr'><strong>surculus.</strong></span> 
     </span>
    </p>
   </div>
   <div class='ocr_carea' id='block_1_19' title="bbox 571 1996 1857 2062">
    <p class='ocr_par' dir='ltr' id='par_1_19' title="bbox 571 1996 1857 2062">
     <span class='ocr_line' id='line_1_19' title="bbox 571 1996 1857 2062; baseline 0.001 -10"><span class='ocrx_word' id='word_1_107' title='bbox 571 1999 852 2054; x_wconf 85' lang='lat' dir='ltr'><strong>Probitate</strong></span> <span class='ocrx_word' id='word_1_108' title='bbox 876 2012 1006 2052; x_wconf 88' lang='lat' dir='ltr'><strong>vero</strong></span> <span class='ocrx_word' id='word_1_109' title='bbox 1038 2013 1255 2052; x_wconf 88' lang='lat' dir='ltr'><strong>morum</strong></span> <span class='ocrx_word' id='word_1_110' title='bbox 1289 1996 1547 2052; x_wconf 87' lang='lat' dir='ltr'><strong>amabilis</strong></span> <span class='ocrx_word' id='word_1_111' title='bbox 1573 1997 1857 2062; x_wconf 91' lang='lat' dir='ltr'><strong>omnibus,</strong></span> 
     </span>
    </p>
   </div>
   <div class='ocr_carea' id='block_1_20' title="bbox 568 2090 1795 2162">
    <p class='ocr_par' dir='ltr' id='par_1_20' title="bbox 568 2090 1795 2162">
     <span class='ocr_line' id='line_1_20' title="bbox 568 2090 1795 2162; baseline -0.001 -16"><span class='ocrx_word' id='word_1_112' title='bbox 568 2090 843 2146; x_wconf 83' lang='lat' dir='ltr'><strong>Connubii</strong></span> <span class='ocrx_word' id='word_1_113' title='bbox 871 2106 1094 2161; x_wconf 80' lang='lat' dir='ltr'><strong>expers,</strong></span> <span class='ocrx_word' id='word_1_114' title='bbox 1122 2100 1289 2161; x_wconf 90' lang='lat' dir='ltr'><strong>atque</strong></span> <span class='ocrx_word' id='word_1_115' title='bbox 1321 2091 1478 2162; x_wconf 84' lang='lat' dir='ltr'><strong>virgo</strong></span> <span class='ocrx_word' id='word_1_116' title='bbox 1508 2091 1795 2160; x_wconf 86' lang='lat' dir='ltr'><strong>perpetim.</strong></span> 
     </span>
    </p>
   </div>
   <div class='ocr_carea' id='block_1_21' title="bbox 571 2181 1949 2252">
    <p class='ocr_par' dir='ltr' id='par_1_21' title="bbox 571 2181 1949 2252">
     <span class='ocr_line' id='line_1_21' title="bbox 571 2181 1949 2252; baseline 0.001 -18"><span class='ocrx_word' id='word_1_117' title='bbox 571 2181 744 2247; x_wconf 80' lang='lat' dir='ltr'><strong>Quem</strong></span> <span class='ocrx_word' id='word_1_118' title='bbox 778 2183 1100 2252; x_wconf 73' lang='lat' dir='ltr'><strong>providente</strong></span> <span class='ocrx_word' id='word_1_119' title='bbox 1128 2195 1304 2246; x_wconf 86' lang='lat' dir='ltr'><strong>cura,</strong></span> <span class='ocrx_word' id='word_1_120' title='bbox 1345 2189 1405 2236; x_wconf 93' lang='lat' dir='ltr'><strong>ut</strong></span> <span class='ocrx_word' id='word_1_121' title='bbox 1443 2197 1508 2236; x_wconf 87' lang='lat' dir='ltr'><strong>ex</strong></span> <span class='ocrx_word' id='word_1_122' title='bbox 1536 2183 1710 2252; x_wconf 90' lang='lat' dir='ltr'><strong>spinis</strong></span> <span class='ocrx_word' id='word_1_123' title='bbox 1743 2197 1949 2246; x_wconf 90' lang='lat' dir='ltr'><strong>rosam,</strong></span> 
     </span>
    </p>
   </div>
   <div class='ocr_carea' id='block_1_22' title="bbox 573 2275 2149 2345">
    <p class='ocr_par' dir='ltr' id='par_1_22' title="bbox 573 2275 2149 2345">
     <span class='ocr_line' id='line_1_22' title="bbox 573 2275 2149 2345; baseline 0.001 -17"><span class='ocrx_word' id='word_1_124' title='bbox 573 2275 863 2344; x_wconf 81' lang='lat' dir='ltr'><strong>Postquam</strong></span> <span class='ocrx_word' id='word_1_125' title='bbox 886 2275 1054 2330; x_wconf 87' lang='lat' dir='ltr'><strong>hocce</strong></span> <span class='ocrx_word' id='word_1_126' title='bbox 1073 2289 1306 2345; x_wconf 86' lang='lat' dir='ltr'><strong>propere</strong></span> <span class='ocrx_word' id='word_1_127' title='bbox 1324 2275 1578 2330; x_wconf 83' lang='lat' dir='ltr'><strong>Christus</strong></span> <span class='ocrx_word' id='word_1_128' title='bbox 1595 2293 1662 2331; x_wconf 85' lang='lat' dir='ltr'><strong>ex</strong></span> <span class='ocrx_word' id='word_1_129' title='bbox 1680 2277 1886 2331; x_wconf 88' lang='lat' dir='ltr'><strong>mundo</strong></span> <span class='ocrx_word' id='word_1_130' title='bbox 1902 2276 2149 2341; x_wconf 88' lang='lat' dir='ltr'><strong>abstulit,</strong></span> 
     </span>
    </p>
   </div>
   <div class='ocr_carea' id='block_1_23' title="bbox 572 2367 1644 2422">
    <p class='ocr_par' dir='ltr' id='par_1_23' title="bbox 572 2367 1644 2422">
     <span class='ocr_line' id='line_1_23' title="bbox 572 2367 1644 2422; baseline 0.002 -2"><span class='ocrx_word' id='word_1_131' title='bbox 572 2369 722 2420; x_wconf 80' lang='lat' dir='ltr'><strong>Inter</strong></span> <span class='ocrx_word' id='word_1_132' title='bbox 747 2367 886 2422; x_wconf 85' lang='lat' dir='ltr'><strong>alios</strong></span> <span class='ocrx_word' id='word_1_133' title='bbox 914 2367 1109 2422; x_wconf 86' lang='lat' dir='ltr'><strong>dextra</strong></span> <span class='ocrx_word' id='word_1_134' title='bbox 1141 2368 1428 2422; x_wconf 88' lang='lat' dir='ltr'><strong>coronavit</strong></span> <span class='ocrx_word' id='word_1_135' title='bbox 1456 2384 1644 2422; x_wconf 86' lang='lat' dir='ltr'><strong>manu.</strong></span> 
     </span>
    </p>
   </div>
   <div class='ocr_carea' id='block_1_24' title="bbox 558 2457 1672 2516">
    <p class='ocr_par' dir='ltr' id='par_1_24' title="bbox 558 2457 1672 2516">
     <span class='ocr_line' id='line_1_24' title="bbox 558 2457 1672 2516; baseline 0.005 -6"><span class='ocrx_word' id='word_1_136' title='bbox 558 2465 569 2479; x_wconf 86' lang='lat'><strong>’</strong></span> <span class='ocrx_word' id='word_1_137' title='bbox 1051 2457 1215 2513; x_wconf 78' lang='lat' dir='ltr'><strong>CXII.</strong></span> <span class='ocrx_word' id='word_1_138' title='bbox 1240 2489 1312 2500; x_wconf 95' lang='lat'><strong>—</strong></span> <span class='ocrx_word' id='word_1_139' title='bbox 1337 2458 1403 2512; x_wconf 82' lang='lat' dir='ltr'><strong>In</strong></span> <span class='ocrx_word' id='word_1_140' title='bbox 1433 2460 1672 2516; x_wconf 85' lang='lat' dir='ltr'><strong>domum.</strong></span> 
     </span>
    </p>
   </div>
   <div class='ocr_carea' id='block_1_25' title="bbox 576 2548 1884 2619">
    <p class='ocr_par' dir='ltr' id='par_1_25' title="bbox 576 2548 1884 2619">
     <span class='ocr_line' id='line_1_25' title="bbox 576 2548 1884 2619; baseline 0.003 -16"><span class='ocrx_word' id='word_1_141' title='bbox 576 2548 744 2603; x_wconf 87' lang='lat' dir='ltr'><strong>Grata</strong></span> <span class='ocrx_word' id='word_1_142' title='bbox 775 2558 941 2619; x_wconf 87' lang='lat' dir='ltr'><strong>atque</strong></span> <span class='ocrx_word' id='word_1_143' title='bbox 969 2549 1150 2606; x_wconf 87' lang='lat' dir='ltr'><strong>dulcis</strong></span> <span class='ocrx_word' id='word_1_144' title='bbox 1181 2551 1363 2606; x_wconf 71' lang='lat' dir='ltr'><strong>videor</strong></span> <span class='ocrx_word' id='word_1_145' title='bbox 1395 2554 1656 2608; x_wconf 82' lang='lat' dir='ltr'><strong>omnibus</strong></span> <span class='ocrx_word' id='word_1_146' title='bbox 1685 2553 1884 2608; x_wconf 86' lang='lat' dir='ltr'><strong>domus</strong></span> 
     </span>
    </p>
   </div>
   <div class='ocr_carea' id='block_1_26' title="bbox 577 2639 1677 2714">
    <p class='ocr_par' dir='ltr' id='par_1_26' title="bbox 577 2639 1677 2714">
     <span class='ocr_line' id='line_1_26' title="bbox 577 2639 1677 2714; baseline 0.008 -24"><span class='ocrx_word' id='word_1_147' title='bbox 577 2639 689 2695; x_wconf 83' lang='lat' dir='ltr'><strong>Viri</strong></span> <span class='ocrx_word' id='word_1_148' title='bbox 727 2640 941 2711; x_wconf 87' lang='lat' dir='ltr'><strong>optimi,</strong></span> <span class='ocrx_word' id='word_1_149' title='bbox 971 2644 1256 2714; x_wconf 89' lang='lat' dir='ltr'><strong>multoque</strong></span> <span class='ocrx_word' id='word_1_150' title='bbox 1286 2644 1677 2709; x_wconf 88' lang='lat' dir='ltr'><strong>laudatissimi,</strong></span> 
     </span>
    </p>
   </div>
   <div class='ocr_carea' id='block_1_27' title="bbox 576 2733 1982 2807">
    <p class='ocr_par' dir='ltr' id='par_1_27' title="bbox 576 2733 1982 2807">
     <span class='ocr_line' id='line_1_27' title="bbox 576 2733 1982 2807; baseline 0.004 -21"><span class='ocrx_word' id='word_1_151' title='bbox 576 2733 861 2790; x_wconf 79' lang='lat' dir='ltr'><strong>Monachis</strong></span> <span class='ocrx_word' id='word_1_152' title='bbox 896 2750 1096 2789; x_wconf 90' lang='lat' dir='ltr'><strong>novam</strong></span> <span class='ocrx_word' id='word_1_153' title='bbox 1126 2735 1368 2806; x_wconf 67' lang='lat' dir='ltr'><strong>praabere</strong></span> <span class='ocrx_word' id='word_1_154' title='bbox 1392 2736 1487 2807; x_wconf 85' lang='lat' dir='ltr'><strong>qui</strong></span> <span class='ocrx_word' id='word_1_155' title='bbox 1522 2737 1704 2792; x_wconf 88' lang='lat' dir='ltr'><strong>studet</strong></span> <span class='ocrx_word' id='word_1_156' title='bbox 1732 2737 1982 2801; x_wconf 90' lang='lat' dir='ltr'><strong>domum,</strong></span> 
     </span>
    </p>
   </div>
   <div class='ocr_carea' id='block_1_28' title="bbox 574 2827 1940 2900">
    <p class='ocr_par' dir='ltr' id='par_1_28' title="bbox 574 2827 1940 2900">
     <span class='ocr_line' id='line_1_28' title="bbox 574 2827 1940 2900; baseline 0 -18"><span class='ocrx_word' id='word_1_157' title='bbox 574 2827 952 2898; x_wconf 75' lang='lat' dir='ltr'><strong>l‘retiumque,</strong></span> <span class='ocrx_word' id='word_1_158' title='bbox 980 2845 1154 2884; x_wconf 81' lang='lat' dir='ltr'><strong>noxas</strong></span> <span class='ocrx_word' id='word_1_159' title='bbox 1181 2845 1291 2900; x_wconf 92' lang='lat' dir='ltr'><strong>quo</strong></span> <span class='ocrx_word' id='word_1_160' title='bbox 1324 2829 1575 2895; x_wconf 89' lang='lat' dir='ltr'><strong>redimat,</strong></span> <span class='ocrx_word' id='word_1_161' title='bbox 1612 2828 1774 2883; x_wconf 73' lang='lat' dir='ltr'><strong>oﬂ&#39;ert</strong></span> <span class='ocrx_word' id='word_1_162' title='bbox 1812 2831 1940 2884; x_wconf 87' lang='lat' dir='ltr'><strong>Deo.</strong></span> 
     </span>
    </p>
   </div>
   <div class='ocr_carea' id='block_1_29' title="bbox 1022 2919 1720 2992">
    <p class='ocr_par' dir='ltr' id='par_1_29' title="bbox 1022 2919 1720 2992">
     <span class='ocr_line' id='line_1_29' title="bbox 1022 2919 1720 2992; baseline 0.001 -17"><span class='ocrx_word' id='word_1_163' title='bbox 1022 2919 1207 2975; x_wconf 81' lang='lat' dir='ltr'><strong>CXIII.</strong></span> <span class='ocrx_word' id='word_1_164' title='bbox 1233 2952 1304 2964; x_wconf 87' lang='lat'><strong>--</strong></span> <span class='ocrx_word' id='word_1_165' title='bbox 1335 2920 1402 2976; x_wconf 84' lang='lat' dir='ltr'><strong>In</strong></span> <span class='ocrx_word' id='word_1_166' title='bbox 1431 2921 1720 2992; x_wconf 78' lang='lat' dir='ltr'><strong>sepultum.</strong></span> 
     </span>
    </p>
   </div>
   <div class='ocr_carea' id='block_1_30' title="bbox 575 3010 1650 3084">
    <p class='ocr_par' dir='ltr' id='par_1_30' title="bbox 575 3010 1650 3084">
     <span class='ocr_line' id='line_1_30' title="bbox 575 3010 1650 3084; baseline 0.002 -18"><span class='ocrx_word' id='word_1_167' title='bbox 575 3010 710 3076; x_wconf 82' lang='lat' dir='ltr'><strong>Isto,</strong></span> <span class='ocrx_word' id='word_1_168' title='bbox 739 3013 937 3079; x_wconf 78' lang='lat' dir='ltr'><strong>viator,</strong></span> <span class='ocrx_word' id='word_1_169' title='bbox 971 3015 1226 3070; x_wconf 89' lang='lat' dir='ltr'><strong>conditus</strong></span> <span class='ocrx_word' id='word_1_170' title='bbox 1261 3015 1473 3069; x_wconf 90' lang='lat' dir='ltr'><strong>tumqu</strong></span> <span class='ocrx_word' id='word_1_171' title='bbox 1501 3014 1650 3084; x_wconf 88' lang='lat' dir='ltr'><strong>jacet</strong></span> 
     </span>
    </p>
   </div>
   <div class='ocr_carea' id='block_1_31' title="bbox 580 3104 1785 3178">
    <p class='ocr_par' dir='ltr' id='par_1_31' title="bbox 580 3104 1785 3178">
     <span class='ocr_line' id='line_1_31' title="bbox 580 3104 1785 3178; baseline 0.006 -22"><span class='ocrx_word' id='word_1_172' title='bbox 580 3104 671 3158; x_wconf 84' lang='lat' dir='ltr'><strong>Vir</strong></span> <span class='ocrx_word' id='word_1_173' title='bbox 700 3113 784 3160; x_wconf 88' lang='lat' dir='ltr'><strong>ter</strong></span> <span class='ocrx_word' id='word_1_174' title='bbox 814 3105 1009 3161; x_wconf 89' lang='lat' dir='ltr'><strong>beatus</strong></span> <span class='ocrx_word' id='word_1_175' title='bbox 1039 3105 1484 3178; x_wconf 84' lang='lat' dir='ltr'><strong>Theophylactus</strong></span> <span class='ocrx_word' id='word_1_176' title='bbox 1512 3107 1737 3173; x_wconf 80' lang='lat' dir='ltr'><strong>nomine</strong></span> <span class='ocrx_word' id='word_1_177' title='bbox 1768 3123 1785 3162; x_wconf 90' lang='lat'><strong>:</strong></span> 
     </span>
    </p>
   </div>
   <div class='ocr_carea' id='block_1_32' title="bbox 579 3196 1966 3269">
    <p class='ocr_par' dir='ltr' id='par_1_32' title="bbox 579 3196 1966 3269">
     <span class='ocr_line' id='line_1_32' title="bbox 579 3196 1966 3269; baseline 0.004 -19"><span class='ocrx_word' id='word_1_178' title='bbox 579 3196 880 3253; x_wconf 83' lang='lat' dir='ltr'><strong>Eunuchus</strong></span> <span class='ocrx_word' id='word_1_179' title='bbox 907 3197 1184 3267; x_wconf 88' lang='lat' dir='ltr'><strong>equidem,</strong></span> <span class='ocrx_word' id='word_1_180' title='bbox 1216 3216 1414 3269; x_wconf 80' lang='lat' dir='ltr'><strong>genere</strong></span> <span class='ocrx_word' id='word_1_181' title='bbox 1443 3201 1538 3255; x_wconf 90' lang='lat' dir='ltr'><strong>sed</strong></span> <span class='ocrx_word' id='word_1_182' title='bbox 1569 3199 1748 3257; x_wconf 80' lang='lat' dir='ltr'><strong>fausto</strong></span> <span class='ocrx_word' id='word_1_183' title='bbox 1783 3209 1966 3268; x_wconf 89' lang='lat' dir='ltr'><strong>satus,</strong></span> 
     </span>
    </p>
   </div>
   <div class='ocr_carea' id='block_1_33' title="bbox 581 3289 1727 3361">
    <p class='ocr_par' dir='ltr' id='par_1_33' title="bbox 581 3289 1727 3361">
     <span class='ocr_line' id='line_1_33' title="bbox 581 3289 1727 3361; baseline 0.001 -17"><span class='ocrx_word' id='word_1_184' title='bbox 581 3289 744 3346; x_wconf 84' lang='lat' dir='ltr'><strong>Vultu</strong></span> <span class='ocrx_word' id='word_1_185' title='bbox 767 3291 1004 3346; x_wconf 89' lang='lat' dir='ltr'><strong>decorus</strong></span> <span class='ocrx_word' id='word_1_186' title='bbox 1023 3291 1265 3357; x_wconf 86' lang='lat' dir='ltr'><strong>juvenis,</strong></span> <span class='ocrx_word' id='word_1_187' title='bbox 1300 3307 1365 3346; x_wconf 90' lang='lat' dir='ltr'><strong>ac</strong></span> <span class='ocrx_word' id='word_1_188' title='bbox 1398 3292 1555 3347; x_wconf 91' lang='lat' dir='ltr'><strong>valde</strong></span> <span class='ocrx_word' id='word_1_189' title='bbox 1580 3293 1727 3361; x_wconf 91' lang='lat' dir='ltr'><strong>pius.</strong></span> 
     </span>
    </p>
   </div>
   <div class='ocr_carea' id='block_1_34' title="bbox 579 3383 1739 3454">
    <p class='ocr_par' dir='ltr' id='par_1_34' title="bbox 579 3383 1739 3454">
     <span class='ocr_line' id='line_1_34' title="bbox 579 3383 1739 3454; baseline 0.001 -17"><span class='ocrx_word' id='word_1_190' title='bbox 579 3384 685 3449; x_wconf 76' lang='lat' dir='ltr'><strong>Qui</strong></span> <span class='ocrx_word' id='word_1_191' title='bbox 716 3384 931 3454; x_wconf 86' lang='lat' dir='ltr'><strong>primus</strong></span> <span class='ocrx_word' id='word_1_192' title='bbox 965 3383 1110 3438; x_wconf 91' lang='lat' dir='ltr'><strong>inter</strong></span> <span class='ocrx_word' id='word_1_193' title='bbox 1149 3385 1361 3438; x_wconf 88' lang='lat' dir='ltr'><strong>nobiles</strong></span> <span class='ocrx_word' id='word_1_194' title='bbox 1391 3383 1739 3453; x_wconf 88' lang='lat' dir='ltr'><strong>Spatharios,</strong></span> 
     </span>
    </p>
   </div>
   <div class='ocr_carea' id='block_1_35' title="bbox 581 3474 1573 3547">
    <p class='ocr_par' dir='ltr' id='par_1_35' title="bbox 581 3474 1573 3547">
     <span class='ocr_line' id='line_1_35' title="bbox 581 3474 1573 3547; baseline 0.003 -18"><span class='ocrx_word' id='word_1_195' title='bbox 581 3477 784 3547; x_wconf 74' lang='lat' dir='ltr'><strong>Longis</strong></span> <span class='ocrx_word' id='word_1_196' title='bbox 807 3477 1003 3531; x_wconf 90' lang='lat' dir='ltr'><strong>diebus</strong></span> <span class='ocrx_word' id='word_1_197' title='bbox 1028 3474 1417 3546; x_wconf 87' lang='lat' dir='ltr'><strong>imperatorum</strong></span> <span class='ocrx_word' id='word_1_198' title='bbox 1446 3476 1573 3532; x_wconf 82' lang='lat' dir='ltr'><strong>fuit.</strong></span> 
     </span>
    </p>
   </div>
   <div class='ocr_carea' id='block_1_36' title="bbox 582 3567 2156 3639">
    <p class='ocr_par' dir='ltr' id='par_1_36' title="bbox 582 3567 2156 3639">
     <span class='ocr_line' id='line_1_36' title="bbox 582 3567 2156 3639; baseline 0.003 -19"><span class='ocrx_word' id='word_1_199' title='bbox 582 3567 868 3638; x_wconf 89' lang='lat' dir='ltr'><strong>Templum</strong></span> <span class='ocrx_word' id='word_1_200' title='bbox 886 3569 1011 3632; x_wconf 91' lang='lat' dir='ltr'><strong>hoc,</strong></span> <span class='ocrx_word' id='word_1_201' title='bbox 1027 3569 1353 3639; x_wconf 87' lang='lat' dir='ltr'><strong>beatamque</strong></span> <span class='ocrx_word' id='word_1_202' title='bbox 1371 3570 1512 3625; x_wconf 87' lang='lat' dir='ltr'><strong>hanc</strong></span> <span class='ocrx_word' id='word_1_203' title='bbox 1528 3569 1894 3625; x_wconf 85' lang='lat' dir='ltr'><strong>monasticam</strong></span> <span class='ocrx_word' id='word_1_204' title='bbox 1912 3570 2156 3636; x_wconf 89' lang='lat' dir='ltr'><strong>domum,</strong></span> 
     </span>
    </p>
   </div>
   <div class='ocr_carea' id='block_1_37' title="bbox 581 3657 1922 3730">
    <p class='ocr_par' dir='ltr' id='par_1_37' title="bbox 581 3657 1922 3730">
     <span class='ocr_line' id='line_1_37' title="bbox 581 3657 1922 3730; baseline 0.002 -17"><span class='ocrx_word' id='word_1_205' title='bbox 581 3657 780 3714; x_wconf 79' lang='lat' dir='ltr'><strong>Munus</strong></span> <span class='ocrx_word' id='word_1_206' title='bbox 818 3661 928 3715; x_wconf 90' lang='lat' dir='ltr'><strong>Deo</strong></span> <span class='ocrx_word' id='word_1_207' title='bbox 958 3658 1304 3730; x_wconf 87' lang='lat' dir='ltr'><strong>Dominoque</strong></span> <span class='ocrx_word' id='word_1_208' title='bbox 1333 3669 1574 3730; x_wconf 86' lang='lat' dir='ltr'><strong>gratum,</strong></span> <span class='ocrx_word' id='word_1_209' title='bbox 1615 3662 1884 3721; x_wconf 87' lang='lat' dir='ltr'><strong>condidit.</strong></span> <span class='ocrx_word' id='word_1_210' title='bbox 1919 3679 1922 3682; x_wconf 68' lang='grc'><strong>’</strong></span> 
     </span>
    </p>
   </div>
   <div class='ocr_carea' id='block_1_38' title="bbox 585 3749 1537 3822">
    <p class='ocr_par' dir='ltr' id='par_1_38' title="bbox 585 3749 1537 3822">
     <span class='ocr_line' id='line_1_38' title="bbox 585 3749 1537 3822; baseline 0.002 -18"><span class='ocrx_word' id='word_1_211' title='bbox 585 3749 777 3806; x_wconf 84' lang='lat' dir='ltr'><strong>Errata</strong></span> <span class='ocrx_word' id='word_1_212' title='bbox 800 3751 924 3806; x_wconf 65' lang='lat' dir='ltr'><strong>vita</strong></span> <span class='ocrx_word' id='word_1_213' title='bbox 944 3767 1056 3822; x_wconf 90' lang='lat' dir='ltr'><strong>quo</strong></span> <span class='ocrx_word' id='word_1_214' title='bbox 1087 3752 1374 3822; x_wconf 89' lang='lat' dir='ltr'><strong>piarentur</strong></span> <span class='ocrx_word' id='word_1_215' title='bbox 1403 3768 1537 3808; x_wconf 63' lang='lat' dir='ltr'><strong>suae.</strong></span> 
     </span>
    </p>
   </div>
   <div class='ocr_carea' id='block_1_39' title="bbox 857 3841 1885 3915">
    <p class='ocr_par' dir='ltr' id='par_1_39' title="bbox 857 3841 1885 3915">
     <span class='ocr_line' id='line_1_39' title="bbox 857 3841 1885 3915; baseline 0.001 -17"><span class='ocrx_word' id='word_1_216' title='bbox 857 3841 1044 3898; x_wconf 81' lang='lat' dir='ltr'><strong>CXIV.</strong></span> <span class='ocrx_word' id='word_1_217' title='bbox 1072 3872 1142 3883; x_wconf 93' lang='lat'><strong>——</strong></span> <span class='ocrx_word' id='word_1_218' title='bbox 1173 3841 1240 3897; x_wconf 86' lang='lat' dir='ltr'><strong>In</strong></span> <span class='ocrx_word' id='word_1_219' title='bbox 1283 3848 1664 3899; x_wconf 70' lang='lat' dir='ltr'><strong>monasterium</strong></span> <span class='ocrx_word' id='word_1_220' title='bbox 1703 3843 1885 3915; x_wconf 83' lang='lat' dir='ltr'><strong>Ignas.</strong></span> 
     </span>
    </p>
   </div>
   <div class='ocr_carea' id='block_1_40' title="bbox 585 3936 1874 4007">
    <p class='ocr_par' dir='ltr' id='par_1_40' title="bbox 585 3936 1874 4007">
     <span class='ocr_line' id='line_1_40' title="bbox 585 3936 1874 4007; baseline 0 -17"><span class='ocrx_word' id='word_1_221' title='bbox 585 3936 694 3994; x_wconf 90' lang='lat' dir='ltr'><strong>Leo</strong></span> <span class='ocrx_word' id='word_1_222' title='bbox 721 3937 902 3994; x_wconf 90' lang='lat' dir='ltr'><strong>clarus</strong></span> <span class='ocrx_word' id='word_1_223' title='bbox 939 3937 1080 3992; x_wconf 91' lang='lat' dir='ltr'><strong>inter</strong></span> <span class='ocrx_word' id='word_1_224' title='bbox 1107 3945 1357 3998; x_wconf 80' lang='lat' dir='ltr'><strong>caeteros,</strong></span> <span class='ocrx_word' id='word_1_225' title='bbox 1386 3938 1578 4007; x_wconf 81' lang='lat' dir='ltr'><strong>virque</strong></span> <span class='ocrx_word' id='word_1_226' title='bbox 1612 3938 1874 4007; x_wconf 77' lang='lat' dir='ltr'><strong>optimus,</strong></span> 
     </span>
    </p>
   </div>
   <div class='ocr_carea' id='block_1_41' title="bbox 584 4027 1702 4100">
    <p class='ocr_par' dir='ltr' id='par_1_41' title="bbox 584 4027 1702 4100">
     <span class='ocr_line' id='line_1_41' title="bbox 584 4027 1702 4100; baseline 0.003 -19"><span class='ocrx_word' id='word_1_227' title='bbox 584 4033 786 4085; x_wconf 75' lang='lat' dir='ltr'><strong>Amore</strong></span> <span class='ocrx_word' id='word_1_228' title='bbox 807 4029 1034 4094; x_wconf 85' lang='lat' dir='ltr'><strong>Christi,</strong></span> <span class='ocrx_word' id='word_1_229' title='bbox 1073 4027 1306 4100; x_wconf 78' lang='lat' dir='ltr'><strong>conjuge</strong></span> <span class='ocrx_word' id='word_1_230' title='bbox 1329 4029 1554 4084; x_wconf 87' lang='lat' dir='ltr'><strong>avulsus</strong></span> <span class='ocrx_word' id='word_1_231' title='bbox 1581 4044 1702 4096; x_wconf 84' lang='lat' dir='ltr'><strong>sua,</strong></span> 
     </span>
    </p>
   </div>
   <div class='ocr_carea' id='block_1_42' title="bbox 585 4119 1877 4190">
    <p class='ocr_par' dir='ltr' id='par_1_42' title="bbox 585 4119 1877 4190">
     <span class='ocr_line' id='line_1_42' title="bbox 585 4119 1877 4190; baseline 0.005 -19"><span class='ocrx_word' id='word_1_232' title='bbox 585 4119 765 4176; x_wconf 84' lang='lat' dir='ltr'><strong>Vitam</strong></span> <span class='ocrx_word' id='word_1_233' title='bbox 794 4130 1059 4177; x_wconf 67' lang='lat' dir='ltr'><strong>monastae</strong></span> <span class='ocrx_word' id='word_1_234' title='bbox 1091 4129 1170 4174; x_wconf 88' lang='lat' dir='ltr'><strong>ter</strong></span> <span class='ocrx_word' id='word_1_235' title='bbox 1206 4121 1425 4174; x_wconf 88' lang='lat' dir='ltr'><strong>beatam</strong></span> <span class='ocrx_word' id='word_1_236' title='bbox 1458 4120 1746 4190; x_wconf 87' lang='lat' dir='ltr'><strong>amplexus</strong></span> <span class='ocrx_word' id='word_1_237' title='bbox 1772 4131 1877 4186; x_wconf 87' lang='lat' dir='ltr'><strong>est,</strong></span> 
     </span>
    </p>
   </div>
   <div class='ocr_carea' id='block_1_43' title="bbox 584 4211 1755 4284">
    <p class='ocr_par' dir='ltr' id='par_1_43' title="bbox 584 4211 1755 4284">
     <span class='ocr_line' id='line_1_43' title="bbox 584 4211 1755 4284; baseline 0.003 -18"><span class='ocrx_word' id='word_1_238' title='bbox 584 4213 842 4268; x_wconf 80' lang='lat' dir='ltr'><strong>Caelestis</strong></span> <span class='ocrx_word' id='word_1_239' title='bbox 869 4215 923 4267; x_wconf 93' lang='lat' dir='ltr'><strong>in</strong></span> <span class='ocrx_word' id='word_1_240' title='bbox 951 4227 1061 4282; x_wconf 90' lang='lat' dir='ltr'><strong>qua</strong></span> <span class='ocrx_word' id='word_1_241' title='bbox 1086 4211 1378 4268; x_wconf 59' lang='lat' dir='ltr'><strong>hatreditas</strong></span> <span class='ocrx_word' id='word_1_242' title='bbox 1405 4215 1713 4284; x_wconf 88' lang='lat' dir='ltr'><strong>acquiritur</strong></span> <span class='ocrx_word' id='word_1_243' title='bbox 1740 4233 1755 4269; x_wconf 89' lang='lat'><strong>:</strong></span> 
     </span>
    </p>
   </div>
   <div class='ocr_carea' id='block_1_44' title="bbox 585 4303 1726 4371">
    <p class='ocr_par' dir='ltr' id='par_1_44' title="bbox 585 4303 1726 4371">
     <span class='ocr_line' id='line_1_44' title="bbox 585 4303 1726 4371; baseline 0.002 -11"><span class='ocrx_word' id='word_1_244' title='bbox 585 4310 663 4362; x_wconf 77' lang='lat' dir='ltr'><strong>Ac</strong></span> <span class='ocrx_word' id='word_1_245' title='bbox 693 4305 1007 4362; x_wconf 82' lang='lat' dir='ltr'><strong>universam</strong></span> <span class='ocrx_word' id='word_1_246' title='bbox 1036 4303 1304 4360; x_wconf 77' lang='lat' dir='ltr'><strong>familiam</strong></span> <span class='ocrx_word' id='word_1_247' title='bbox 1331 4305 1563 4361; x_wconf 88' lang='lat' dir='ltr'><strong>adduxit</strong></span> <span class='ocrx_word' id='word_1_248' title='bbox 1592 4305 1726 4371; x_wconf 91' lang='lat' dir='ltr'><strong>Deo,</strong></span> 
     </span>
    </p>
   </div>
   <div class='ocr_carea' id='block_1_45' title="bbox 589 4399 1949 4469">
    <p class='ocr_par' dir='ltr' id='par_1_45' title="bbox 589 4399 1949 4469">
     <span class='ocr_line' id='line_1_45' title="bbox 589 4399 1949 4469; baseline 0 -15"><span class='ocrx_word' id='word_1_249' title='bbox 589 4399 758 4455; x_wconf 63' lang='lat' dir='ltr'><strong>dides</strong></span> <span class='ocrx_word' id='word_1_250' title='bbox 780 4399 1070 4454; x_wconf 76' lang='lat' dir='ltr'><strong>mulierum</strong></span> <span class='ocrx_word' id='word_1_251' title='bbox 1097 4413 1318 4469; x_wconf 87' lang='lat' dir='ltr'><strong>quoque</strong></span> <span class='ocrx_word' id='word_1_252' title='bbox 1349 4399 1684 4455; x_wconf 82' lang='lat' dir='ltr'><strong>monasticas</strong></span> <span class='ocrx_word' id='word_1_253' title='bbox 1707 4409 1949 4457; x_wconf 88' lang='lat' dir='ltr'><strong>struens.</strong></span> 
     </span>
    </p>
   </div>
   <div class='ocr_carea' id='block_1_46' title="bbox 589 4492 1693 4562">
    <p class='ocr_par' dir='ltr' id='par_1_46' title="bbox 589 4492 1693 4562">
     <span class='ocr_line' id='line_1_46' title="bbox 589 4492 1693 4562; baseline 0 -16"><span class='ocrx_word' id='word_1_254' title='bbox 589 4494 696 4548; x_wconf 84' lang='lat' dir='ltr'><strong>Deo</strong></span> <span class='ocrx_word' id='word_1_255' title='bbox 729 4492 975 4562; x_wconf 60' lang='lat' dir='ltr'><strong>probatae</strong></span> <span class='ocrx_word' id='word_1_256' title='bbox 1005 4501 1202 4546; x_wconf 89' lang='lat' dir='ltr'><strong>nactus</strong></span> <span class='ocrx_word' id='word_1_257' title='bbox 1230 4501 1285 4546; x_wconf 90' lang='lat' dir='ltr'><strong>et</strong></span> <span class='ocrx_word' id='word_1_258' title='bbox 1309 4492 1432 4546; x_wconf 66' lang='lat' dir='ltr'><strong>vita:</strong></span> <span class='ocrx_word' id='word_1_259' title='bbox 1463 4493 1693 4559; x_wconf 81' lang='lat' dir='ltr'><strong>exitum,</strong></span> 
     </span>
    </p>
   </div>
   <div class='ocr_carea' id='block_1_47' title="bbox 588 4585 1817 4658">
    <p class='ocr_par' dir='ltr' id='par_1_47' title="bbox 588 4585 1817 4658">
     <span class='ocr_line' id='line_1_47' title="bbox 588 4585 1817 4658; baseline -0.001 -17"><span class='ocrx_word' id='word_1_260' title='bbox 588 4587 697 4643; x_wconf 72' lang='lat' dir='ltr'><strong>Isto</strong></span> <span class='ocrx_word' id='word_1_261' title='bbox 732 4587 982 4658; x_wconf 87' lang='lat' dir='ltr'><strong>sepultus</strong></span> <span class='ocrx_word' id='word_1_262' title='bbox 1008 4593 1096 4642; x_wconf 87' lang='lat' dir='ltr'><strong>est</strong></span> <span class='ocrx_word' id='word_1_263' title='bbox 1111 4585 1256 4650; x_wconf 91' lang='lat' dir='ltr'><strong>loco,</strong></span> <span class='ocrx_word' id='word_1_264' title='bbox 1286 4594 1617 4654; x_wconf 83' lang='lat' dir='ltr'><strong>exspectans</strong></span> <span class='ocrx_word' id='word_1_265' title='bbox 1645 4585 1817 4648; x_wconf 88' lang='lat' dir='ltr'><strong>diem,</strong></span> 
     </span>
    </p>
   </div>
   <div class='ocr_carea' id='block_1_48' title="bbox 587 4677 2063 4748">
    <p class='ocr_par' dir='ltr' id='par_1_48' title="bbox 587 4677 2063 4748">
     <span class='ocr_line' id='line_1_48' title="bbox 587 4677 2063 4748; baseline 0.001 -15"><span class='ocrx_word' id='word_1_266' title='bbox 587 4679 703 4748; x_wconf 84' lang='lat' dir='ltr'><strong>Qua</strong></span> <span class='ocrx_word' id='word_1_267' title='bbox 735 4678 988 4735; x_wconf 86' lang='lat' dir='ltr'><strong>Christus</strong></span> <span class='ocrx_word' id='word_1_268' title='bbox 1009 4679 1184 4735; x_wconf 87' lang='lat' dir='ltr'><strong>aderit</strong></span> <span class='ocrx_word' id='word_1_269' title='bbox 1205 4677 1469 4733; x_wconf 89' lang='lat' dir='ltr'><strong>mundum</strong></span> <span class='ocrx_word' id='word_1_270' title='bbox 1497 4686 1558 4731; x_wconf 86' lang='lat' dir='ltr'><strong>ut</strong></span> <span class='ocrx_word' id='word_1_271' title='bbox 1587 4691 1805 4732; x_wconf 91' lang='lat' dir='ltr'><strong>omnem</strong></span> <span class='ocrx_word' id='word_1_272' title='bbox 1835 4677 2063 4748; x_wconf 82' lang='lat' dir='ltr'><strong>judicet.</strong></span> 
     </span>
    </p>
   </div>
   <div class='ocr_carea' id='block_1_49' title="bbox 955 4771 1768 4842">
    <p class='ocr_par' dir='ltr' id='par_1_49' title="bbox 955 4771 1768 4842">
     <span class='ocr_line' id='line_1_49' title="bbox 955 4771 1768 4842; baseline -0.004 -13"><span class='ocrx_word' id='word_1_273' title='bbox 955 4771 1119 4830; x_wconf 76' lang='lat' dir='ltr'><strong>CXV.</strong></span> <span class='ocrx_word' id='word_1_274' title='bbox 1164 4805 1214 4815; x_wconf 95' lang='lat'>—</span> <span class='ocrx_word' id='word_1_275' title='bbox 1241 4771 1309 4826; x_wconf 85' lang='grc' dir='ltr'><strong>1η</strong></span> <span class='ocrx_word' id='word_1_276' title='bbox 1335 4773 1504 4842; x_wconf 73' lang='lat' dir='ltr'><strong>ipsius</strong></span> <span class='ocrx_word' id='word_1_277' title='bbox 1529 4787 1768 4827; x_wconf 72' lang='lat' dir='ltr'><strong>uxorem.</strong></span> 
     </span>
    </p>
   </div>
   <div class='ocr_carea' id='block_1_50' title="bbox 587 4863 1888 4938">
    <p class='ocr_par' dir='ltr' id='par_1_50' title="bbox 587 4863 1888 4938">
     <span class='ocr_line' id='line_1_50' title="bbox 587 4863 1888 4938; baseline -0.003 -16"><span class='ocrx_word' id='word_1_278' title='bbox 587 4872 760 4923; x_wconf 74' lang='lat' dir='ltr'><strong>Anna:</strong></span> <span class='ocrx_word' id='word_1_279' title='bbox 791 4866 1101 4938; x_wconf 86' lang='lat' dir='ltr'><strong>sepulcrum</strong></span> <span class='ocrx_word' id='word_1_280' title='bbox 1133 4866 1383 4936; x_wconf 82' lang='lat' dir='ltr'><strong>proxime</strong></span> <span class='ocrx_word' id='word_1_281' title='bbox 1412 4865 1502 4920; x_wconf 91' lang='lat' dir='ltr'><strong>hic</strong></span> <span class='ocrx_word' id='word_1_282' title='bbox 1518 4868 1684 4920; x_wconf 86' lang='lat' dir='ltr'><strong>situm</strong></span> <span class='ocrx_word' id='word_1_283' title='bbox 1711 4863 1888 4932; x_wconf 88' lang='lat' dir='ltr'><strong>vides,</strong></span> 
     </span>
    </p>
   </div>
   <div class='ocr_carea' id='block_1_51' title="bbox 591 4956 1799 5027">
    <p class='ocr_par' dir='ltr' id='par_1_51' title="bbox 591 4956 1799 5027">
     <span class='ocr_line' id='line_1_51' title="bbox 591 4956 1799 5027; baseline 0 -15"><span class='ocrx_word' id='word_1_284' title='bbox 591 4957 664 5012; x_wconf 88' lang='lat' dir='ltr'><strong>Ut</strong></span> <span class='ocrx_word' id='word_1_285' title='bbox 695 4974 819 5027; x_wconf 70' lang='lat' dir='ltr'><strong>qua:</strong></span> <span class='ocrx_word' id='word_1_286' title='bbox 849 4959 1050 5012; x_wconf 87' lang='lat' dir='ltr'><strong>marito</strong></span> <span class='ocrx_word' id='word_1_287' title='bbox 1072 4956 1274 5026; x_wconf 89' lang='lat' dir='ltr'><strong>pariter</strong></span> <span class='ocrx_word' id='word_1_288' title='bbox 1303 4972 1528 5012; x_wconf 79' lang='lat' dir='ltr'><strong>assensa</strong></span> <span class='ocrx_word' id='word_1_289' title='bbox 1557 4966 1642 5012; x_wconf 88' lang='lat' dir='ltr'><strong>est</strong></span> <span class='ocrx_word' id='word_1_290' title='bbox 1673 4971 1799 5022; x_wconf 89' lang='lat' dir='ltr'><strong>suo,</strong></span> 
     </span>
    </p>
   </div>
   <div class='ocr_carea' id='block_1_52' title="bbox 593 5045 1650 5118">
    <p class='ocr_par' dir='ltr' id='par_1_52' title="bbox 593 5045 1650 5118">
     <span class='ocr_line' id='line_1_52' title="bbox 593 5045 1650 5118; baseline -0.002 -15"><span class='ocrx_word' id='word_1_291' title='bbox 593 5047 894 5104; x_wconf 84' lang='lat' dir='ltr'><strong>Divortium</strong></span> <span class='ocrx_word' id='word_1_292' title='bbox 928 5046 1192 5118; x_wconf 79' lang='lat' dir='ltr'><strong>perferre,</strong></span> <span class='ocrx_word' id='word_1_293' title='bbox 1224 5045 1429 5101; x_wconf 90' lang='lat' dir='ltr'><strong>Christi</strong></span> <span class='ocrx_word' id='word_1_294' title='bbox 1454 5047 1650 5116; x_wconf 81' lang='lat' dir='ltr'><strong>gratia,</strong></span> 
     </span>
    </p>
   </div>
   <div class='ocr_carea' id='block_1_53' title="bbox 590 5139 1745 5209">
    <p class='ocr_par' dir='ltr' id='par_1_53' title="bbox 590 5139 1745 5209">
     <span class='ocr_line' id='line_1_53' title="bbox 590 5139 1745 5209; baseline -0.003 -14"><span class='ocrx_word' id='word_1_295' title='bbox 590 5141 944 5196; x_wconf 81' lang='lat' dir='ltr'><strong>Monasticam</strong></span> <span class='ocrx_word' id='word_1_296' title='bbox 975 5147 1030 5194; x_wconf 91' lang='lat' dir='ltr'><strong>et</strong></span> <span class='ocrx_word' id='word_1_297' title='bbox 1057 5154 1182 5194; x_wconf 92' lang='lat' dir='ltr'><strong>cum</strong></span> <span class='ocrx_word' id='word_1_298' title='bbox 1211 5139 1400 5193; x_wconf 88' lang='lat' dir='ltr'><strong>liberis</strong></span> <span class='ocrx_word' id='word_1_299' title='bbox 1425 5139 1745 5209; x_wconf 84' lang='lat' dir='ltr'><strong>amplectier</strong></span> 
     </span>
    </p>
   </div>
   <div class='ocr_carea' id='block_1_54' title="bbox 597 5228 1783 5301">
    <p class='ocr_par' dir='ltr' id='par_1_54' title="bbox 597 5228 1783 5301">
     <span class='ocr_line' id='line_1_54' title="bbox 597 5228 1783 5301; baseline 0.002 -19"><span class='ocrx_word' id='word_1_300' title='bbox 597 5230 770 5284; x_wconf 75' lang='lat' dir='ltr'><strong>Vitam</strong></span> <span class='ocrx_word' id='word_1_301' title='bbox 805 5229 1089 5301; x_wconf 84' lang='lat' dir='ltr'><strong>inclytam,</strong></span> <span class='ocrx_word' id='word_1_302' title='bbox 1123 5228 1212 5283; x_wconf 89' lang='lat' dir='ltr'><strong>cui</strong></span> <span class='ocrx_word' id='word_1_303' title='bbox 1249 5237 1402 5299; x_wconf 92' lang='lat' dir='ltr'><strong>parta</strong></span> <span class='ocrx_word' id='word_1_304' title='bbox 1433 5228 1557 5284; x_wconf 65' lang='lat' dir='ltr'><strong>caeli</strong></span> <span class='ocrx_word' id='word_1_305' title='bbox 1591 5229 1783 5300; x_wconf 78' lang='lat' dir='ltr'><strong>gloria.</strong></span> 
     </span>
    </p>
   </div>
   <div class='ocr_carea' id='block_1_55' title="bbox 589 5319 1902 5391">
    <p class='ocr_par' dir='ltr' id='par_1_55' title="bbox 589 5319 1902 5391">
     <span class='ocr_line' id='line_1_55' title="bbox 589 5319 1902 5391; baseline 0 -15"><span class='ocrx_word' id='word_1_306' title='bbox 589 5325 767 5391; x_wconf 79' lang='lat' dir='ltr'><strong>Atque</strong></span> <span class='ocrx_word' id='word_1_307' title='bbox 800 5319 932 5376; x_wconf 91' lang='lat' dir='ltr'><strong>hinc</strong></span> <span class='ocrx_word' id='word_1_308' title='bbox 951 5329 1006 5376; x_wconf 91' lang='lat' dir='ltr'><strong>et</strong></span> <span class='ocrx_word' id='word_1_309' title='bbox 1027 5320 1145 5391; x_wconf 91' lang='lat' dir='ltr'><strong>ipsa</strong></span> <span class='ocrx_word' id='word_1_310' title='bbox 1173 5335 1324 5390; x_wconf 87' lang='lat' dir='ltr'><strong>spem</strong></span> <span class='ocrx_word' id='word_1_311' title='bbox 1355 5320 1480 5376; x_wconf 87' lang='lat' dir='ltr'><strong>sinu</strong></span> <span class='ocrx_word' id='word_1_312' title='bbox 1509 5332 1713 5375; x_wconf 87' lang='lat' dir='ltr'><strong>certam</strong></span> <span class='ocrx_word' id='word_1_313' title='bbox 1739 5322 1902 5386; x_wconf 76' lang='lat' dir='ltr'><strong>fovet,</strong></span> 
     </span>
    </p>
   </div>
   <div class='ocr_carea' id='block_1_56' title="bbox 589 5414 2027 5487">
    <p class='ocr_par' dir='ltr' id='par_1_56' title="bbox 589 5414 2027 5487">
     <span class='ocr_line' id='line_1_56' title="bbox 589 5414 2027 5487; baseline 0.003 -19"><span class='ocrx_word' id='word_1_314' title='bbox 589 5416 792 5471; x_wconf 73' lang='lat' dir='ltr'><strong>Adfore</strong></span> <span class='ocrx_word' id='word_1_315' title='bbox 827 5415 994 5482; x_wconf 89' lang='lat' dir='ltr'><strong>diem,</strong></span> <span class='ocrx_word' id='word_1_316' title='bbox 1015 5429 1124 5487; x_wconf 91' lang='lat' dir='ltr'><strong>qua</strong></span> <span class='ocrx_word' id='word_1_317' title='bbox 1153 5414 1431 5470; x_wconf 88' lang='lat' dir='ltr'><strong>Christum</strong></span> <span class='ocrx_word' id='word_1_318' title='bbox 1456 5414 1522 5469; x_wconf 90' lang='lat' dir='ltr'><strong>ad</strong></span> <span class='ocrx_word' id='word_1_319' title='bbox 1549 5415 1727 5484; x_wconf 91' lang='lat' dir='ltr'><strong>ipsum</strong></span> <span class='ocrx_word' id='word_1_320' title='bbox 1757 5417 2027 5482; x_wconf 88' lang='lat' dir='ltr'><strong>convolet,</strong></span> 
     </span>
    </p>
   </div>
   <div class='ocr_carea' id='block_1_57' title="bbox 590 5505 1868 5578">
    <p class='ocr_par' dir='ltr' id='par_1_57' title="bbox 590 5505 1868 5578">
     <span class='ocr_line' id='line_1_57' title="bbox 590 5505 1868 5578; baseline -0.002 -15"><span class='ocrx_word' id='word_1_321' title='bbox 590 5507 730 5563; x_wconf 87' lang='lat' dir='ltr'><strong>Cum</strong></span> <span class='ocrx_word' id='word_1_322' title='bbox 759 5523 956 5578; x_wconf 86' lang='lat' dir='ltr'><strong>nempe</strong></span> <span class='ocrx_word' id='word_1_323' title='bbox 981 5506 1164 5562; x_wconf 84' lang='lat' dir='ltr'><strong>veniet</strong></span> <span class='ocrx_word' id='word_1_324' title='bbox 1195 5506 1286 5560; x_wconf 90' lang='lat' dir='ltr'><strong>ille</strong></span> <span class='ocrx_word' id='word_1_325' title='bbox 1325 5513 1386 5560; x_wconf 87' lang='lat' dir='ltr'><strong>ut</strong></span> <span class='ocrx_word' id='word_1_326' title='bbox 1415 5521 1610 5560; x_wconf 89' lang='lat' dir='ltr'><strong>omnes</strong></span> <span class='ocrx_word' id='word_1_327' title='bbox 1635 5505 1868 5576; x_wconf 89' lang='lat' dir='ltr'><strong>judicet.</strong></span> 
     </span>
    </p>
   </div>
   <div class='ocr_carea' id='block_1_58' title="bbox 1047 5597 1746 5667">
    <p class='ocr_par' dir='ltr' id='par_1_58' title="bbox 1047 5597 1746 5667">
     <span class='ocr_line' id='line_1_58' title="bbox 1047 5597 1746 5667; baseline 0 -13"><span class='ocrx_word' id='word_1_328' title='bbox 1047 5597 1235 5654; x_wconf 75' lang='lat' dir='ltr'><strong>CXVI.</strong></span> <span class='ocrx_word' id='word_1_329' title='bbox 1273 5626 1343 5638; x_wconf 88' lang='lat'><strong>—-</strong></span> <span class='ocrx_word' id='word_1_330' title='bbox 1371 5597 1436 5652; x_wconf 85' lang='lat' dir='ltr'><strong>In</strong></span> <span class='ocrx_word' id='word_1_331' title='bbox 1461 5598 1746 5667; x_wconf 78' lang='lat' dir='ltr'><strong>sepultam.</strong></span> 
     </span>
    </p>
   </div>
   <div class='ocr_carea' id='block_1_59' title="bbox 591 5687 1890 5760">
    <p class='ocr_par' dir='ltr' id='par_1_59' title="bbox 591 5687 1890 5760">
     <span class='ocr_line' id='line_1_59' title="bbox 591 5687 1890 5760; baseline -0.002 -15"><span class='ocrx_word' id='word_1_332' title='bbox 591 5689 742 5745; x_wconf 80' lang='lat' dir='ltr'><strong>Fidei</strong></span> <span class='ocrx_word' id='word_1_333' title='bbox 776 5700 939 5760; x_wconf 89' lang='lat' dir='ltr'><strong>atque</strong></span> <span class='ocrx_word' id='word_1_334' title='bbox 965 5705 1180 5745; x_wconf 88' lang='lat' dir='ltr'><strong>morum</strong></span> <span class='ocrx_word' id='word_1_335' title='bbox 1205 5688 1362 5744; x_wconf 88' lang='lat' dir='ltr'><strong>laude</strong></span> <span class='ocrx_word' id='word_1_336' title='bbox 1395 5687 1594 5741; x_wconf 89' lang='lat' dir='ltr'><strong>mulier</strong></span> <span class='ocrx_word' id='word_1_337' title='bbox 1617 5687 1890 5756; x_wconf 59' lang='lat' dir='ltr'><strong>praestitit,</strong></span> 
     </span>
    </p>
   </div>
   <div class='ocr_carea' id='block_1_60' title="bbox 594 5779 1766 5853">
    <p class='ocr_par' dir='ltr' id='par_1_60' title="bbox 594 5779 1766 5853">
     <span class='ocr_line' id='line_1_60' title="bbox 594 5779 1766 5853; baseline -0.003 -15"><span class='ocrx_word' id='word_1_338' title='bbox 594 5783 809 5838; x_wconf 86' lang='lat' dir='ltr'><strong>Illnstre</strong></span> <span class='ocrx_word' id='word_1_339' title='bbox 844 5799 964 5853; x_wconf 72' lang='lat' dir='ltr'><strong>quae</strong></span> <span class='ocrx_word' id='word_1_340' title='bbox 999 5783 1242 5852; x_wconf 87' lang='lat' dir='ltr'><strong>reposuit</strong></span> <span class='ocrx_word' id='word_1_341' title='bbox 1271 5782 1372 5836; x_wconf 89' lang='lat' dir='ltr'><strong>hoc</strong></span> <span class='ocrx_word' id='word_1_342' title='bbox 1399 5795 1598 5851; x_wconf 86' lang='lat' dir='ltr'><strong>corpus</strong></span> <span class='ocrx_word' id='word_1_343' title='bbox 1624 5779 1766 5846; x_wconf 90' lang='lat' dir='ltr'><strong>loco,</strong></span> 
     </span>
    </p>
   </div>
   <div class='ocr_carea' id='block_1_61' title="bbox 1766 306 2650 379">
    <p class='ocr_par' dir='ltr' id='par_1_61' title="bbox 1766 306 2650 379">
     <span class='ocr_line' id='line_1_61' title="bbox 1766 306 2650 379; baseline -0.014 0"><span class='ocrx_word' id='word_1_344' title='bbox 1766 319 1828 379; x_wconf 87' lang='lat' dir='ltr'><strong>S.</strong></span> <span class='ocrx_word' id='word_1_345' title='bbox 1867 313 2262 378; x_wconf 80' lang='lat' dir='ltr'><strong>THEODORI</strong></span> <span class='ocrx_word' id='word_1_346' title='bbox 2304 306 2650 371; x_wconf 69' lang='lat' dir='ltr'><strong>STUDITE</strong></span> 
     </span>
    </p>
   </div>
   <div class='ocr_carea' id='block_1_62' title="bbox 2162 413 3238 488">
    <p class='ocr_par' dir='ltr' id='par_1_62' title="bbox 2162 413 3238 488">
     <span class='ocr_line' id='line_1_62' title="bbox 2162 413 3238 488; baseline -0.003 -16"><span class='ocrx_word' id='word_1_347' title='bbox 2162 431 2213 488; x_wconf 69' lang='grc' dir='ltr'><strong>Α</strong></span> <span class='ocrx_word' id='word_1_348' title='bbox 2803 415 2906 468; x_wconf 86' lang='lat' dir='ltr'><strong>Pl&#39;.</strong></span> <span class='ocrx_word' id='word_1_349' title='bbox 2940 443 3006 455; x_wconf 90' lang='grc'><strong><em>-</em></strong></span> <span class='ocrx_word' id='word_1_350' title='bbox 3035 413 3238 469; x_wconf 74' lang='grc' dir='ltr'><strong>Ἄλλο.</strong></span> 
     </span>
    </p>
   </div>
   <div class='ocr_carea' id='block_1_63' title="bbox 2234 500 3433 584">
    <p class='ocr_par' dir='ltr' id='par_1_63' title="bbox 2234 500 3433 584">
     <span class='ocr_line' id='line_1_63' title="bbox 2234 500 3433 584; baseline -0.013 -15"><span class='ocrx_word' id='word_1_351' title='bbox 2234 510 2308 568; x_wconf 79' lang='grc' dir='ltr'><strong><em>Ὦ</em></strong></span> <span class='ocrx_word' id='word_1_352' title='bbox 2329 511 2505 584; x_wconf 79' lang='grc' dir='ltr'><strong>τύμΰε</strong></span> <span class='ocrx_word' id='word_1_353' title='bbox 2531 507 2696 581; x_wconf 76' lang='grc' dir='ltr'><strong>πικρὲ</strong></span> <span class='ocrx_word' id='word_1_354' title='bbox 2722 505 2831 561; x_wconf 82' lang='grc' dir='ltr'><strong>τῶν</strong></span> <span class='ocrx_word' id='word_1_355' title='bbox 2858 505 2976 576; x_wconf 87' lang='grc' dir='ltr'><strong>βίου</strong></span> <span class='ocrx_word' id='word_1_356' title='bbox 3004 500 3433 573; x_wconf 84' lang='grc' dir='ltr'><strong>γλυκασμάτων,</strong></span> 
     </span>
    </p>
   </div>
   <div class='ocr_carea' id='block_1_64' title="bbox 2236 594 3478 668">
    <p class='ocr_par' dir='ltr' id='par_1_64' title="bbox 2236 594 3478 668">
     <span class='ocr_line' id='line_1_64' title="bbox 2236 594 3478 668; baseline -0.014 -6"><span class='ocrx_word' id='word_1_357' title='bbox 2236 606 2453 668; x_wconf 83' lang='grc' dir='ltr'><strong>Πάντας</strong></span> <span class='ocrx_word' id='word_1_358' title='bbox 2488 598 2788 658; x_wconf 85' lang='grc' dir='ltr'><strong>κατασπῶν</strong></span> <span class='ocrx_word' id='word_1_359' title='bbox 2810 598 2910 652; x_wconf 89' lang='grc' dir='ltr'><strong>οὐκ</strong></span> <span class='ocrx_word' id='word_1_360' title='bbox 2941 597 3176 667; x_wconf 76' lang='grc' dir='ltr'><strong>ἐπαρκεῖ</strong></span> <span class='ocrx_word' id='word_1_361' title='bbox 3201 594 3478 665; x_wconf 81' lang='grc' dir='ltr'><strong>χορτάσει,</strong></span> 
     </span>
    </p>
   </div>
   <div class='ocr_carea' id='block_1_65' title="bbox 2237 687 3464 769">
    <p class='ocr_par' dir='ltr' id='par_1_65' title="bbox 2237 687 3464 769">
     <span class='ocr_line' id='line_1_65' title="bbox 2237 687 3464 769; baseline -0.013 -16"><span class='ocrx_word' id='word_1_362' title='bbox 2237 697 2509 769; x_wconf 81' lang='grc' dir='ltr'><strong>Μικρούς,</strong></span> <span class='ocrx_word' id='word_1_363' title='bbox 2545 695 2857 766; x_wconf 80' lang='grc' dir='ltr'><strong>μεγίστους,</strong></span> <span class='ocrx_word' id='word_1_364' title='bbox 2889 690 3124 753; x_wconf 77' lang='grc' dir='ltr'><strong>ὀλϐίους,</strong></span> <span class='ocrx_word' id='word_1_365' title='bbox 3156 687 3464 752; x_wconf 78' lang='grc' dir='ltr'><strong>ἀνεστίους,</strong></span> 
     </span>
    </p>
   </div>
   <div class='ocr_carea' id='block_1_66' title="bbox 2240 778 3593 860">
    <p class='ocr_par' dir='ltr' id='par_1_66' title="bbox 2240 778 3593 860">
     <span class='ocr_line' id='line_1_66' title="bbox 2240 778 3593 860; baseline -0.012 -15"><span class='ocrx_word' id='word_1_366' title='bbox 2240 790 2468 860; x_wconf 81' lang='grc' dir='ltr'><strong>Σοφούς,</strong></span> <span class='ocrx_word' id='word_1_367' title='bbox 2498 787 2798 858; x_wconf 84' lang='grc' dir='ltr'><strong>άμύστους,</strong></span> <span class='ocrx_word' id='word_1_368' title='bbox 2834 781 3284 853; x_wconf 85' lang='grc' dir='ltr'><strong>δυσπροσὼπους,</strong></span> <span class='ocrx_word' id='word_1_369' title='bbox 3312 778 3593 845; x_wconf 79' lang='grc' dir='ltr'><strong>εὐθέτους,</strong></span> 
     </span>
    </p>
   </div>
   <div class='ocr_carea' id='block_1_67' title="bbox 2242 871 3360 951">
    <p class='ocr_par' dir='ltr' id='par_1_67' title="bbox 2242 871 3360 951">
     <span class='ocr_line' id='line_1_67' title="bbox 2242 871 3360 951; baseline -0.013 -13"><span class='ocrx_word' id='word_1_370' title='bbox 2242 885 2462 947; x_wconf 85' lang='grc' dir='ltr'><strong>Ὅλους,</strong></span> <span class='ocrx_word' id='word_1_371' title='bbox 2487 880 2703 951; x_wconf 78' lang='grc' dir='ltr'><strong>ἀλήθων</strong></span> <span class='ocrx_word' id='word_1_372' title='bbox 2732 878 2939 946; x_wconf 78' lang='grc' dir='ltr'><strong>τέφραν</strong></span> <span class='ocrx_word' id='word_1_373' title='bbox 2957 875 3130 944; x_wconf 79' lang='grc' dir='ltr'><strong>ίσχεις</strong></span> <span class='ocrx_word' id='word_1_374' title='bbox 3157 871 3360 936; x_wconf 82' lang='grc' dir='ltr'><strong>ὲξίσου,</strong></span> 
     </span>
    </p>
   </div>
   <div class='ocr_carea' id='block_1_68' title="bbox 2240 964 3395 1048">
    <p class='ocr_par' dir='ltr' id='par_1_68' title="bbox 2240 964 3395 1048">
     <span class='ocr_line' id='line_1_68' title="bbox 2240 964 3395 1048; baseline -0.016 -15"><span class='ocrx_word' id='word_1_375' title='bbox 2240 976 2428 1048; x_wconf 83' lang='grc' dir='ltr'><strong>Μηδὲν</strong></span> <span class='ocrx_word' id='word_1_376' title='bbox 2460 975 2745 1044; x_wconf 80' lang='grc' dir='ltr'><strong>φέροντας,</strong></span> <span class='ocrx_word' id='word_1_377' title='bbox 2775 971 2809 1041; x_wconf 78' lang='grc' dir='ltr'>ἢ</span> <span class='ocrx_word' id='word_1_378' title='bbox 2845 970 3006 1039; x_wconf 85' lang='grc' dir='ltr'><strong>μόνον</strong></span> <span class='ocrx_word' id='word_1_379' title='bbox 3025 965 3095 1019; x_wconf 86' lang='grc' dir='ltr'><strong>τὰ</strong></span> <span class='ocrx_word' id='word_1_380' title='bbox 3125 964 3395 1036; x_wconf 80' lang='grc' dir='ltr'><strong>πρακτέα,</strong></span> 
     </span>
    </p>
   </div>
   <div class='ocr_carea' id='block_1_69' title="bbox 2245 1055 3293 1138">
    <p class='ocr_par' dir='ltr' id='par_1_69' title="bbox 2245 1055 3293 1138">
     <span class='ocr_line' id='line_1_69' title="bbox 2245 1055 3293 1138; baseline -0.014 -15"><span class='ocrx_word' id='word_1_381' title='bbox 2245 1071 2426 1137; x_wconf 71' lang='lat' dir='ltr'><strong>“Amp</strong></span> <span class='ocrx_word' id='word_1_382' title='bbox 2456 1067 2708 1138; x_wconf 81' lang='grc' dir='ltr'><strong>παραστῇ</strong></span> <span class='ocrx_word' id='word_1_383' title='bbox 2738 1062 2818 1133; x_wconf 80' lang='grc' dir='ltr'><strong>τῷ</strong></span> <span class='ocrx_word' id='word_1_384' title='bbox 2843 1059 2979 1114; x_wconf 88' lang='grc' dir='ltr'><strong>Θεοῦ</strong></span> <span class='ocrx_word' id='word_1_385' title='bbox 3001 1055 3293 1129; x_wconf 84' lang='grc' dir='ltr'><strong>κριτηρίῳ.</strong></span> 
     </span>
    </p>
   </div>
   <div class='ocr_carea' id='block_1_70' title="bbox 2244 1151 3417 1231">
    <p class='ocr_par' dir='ltr' id='par_1_70' title="bbox 2244 1151 3417 1231">
     <span class='ocr_line' id='line_1_70' title="bbox 2244 1151 3417 1231; baseline -0.013 -16"><span class='ocrx_word' id='word_1_386' title='bbox 2244 1163 2309 1216; x_wconf 80' lang='lat' dir='ltr'>EI</span> <span class='ocrx_word' id='word_1_387' title='bbox 2343 1161 2442 1231; x_wconf 80' lang='grc' dir='ltr'><strong>μὲν</strong></span> <span class='ocrx_word' id='word_1_388' title='bbox 2476 1160 2764 1230; x_wconf 83' lang='grc' dir='ltr'><strong>κράτιστα,</strong></span> <span class='ocrx_word' id='word_1_389' title='bbox 2794 1153 2922 1218; x_wconf 76' lang='grc' dir='ltr'><strong>δόξα</strong></span> <span class='ocrx_word' id='word_1_390' title='bbox 2945 1152 3024 1224; x_wconf 82' lang='grc' dir='ltr'><strong>τῷ</strong></span> <span class='ocrx_word' id='word_1_391' title='bbox 3052 1151 3376 1220; x_wconf 82' lang='grc' dir='ltr'><strong>κεκτημένῳ</strong></span> <span class='ocrx_word' id='word_1_392' title='bbox 3401 1167 3417 1180; x_wconf 89' lang='grc'><strong>·</strong></span> 
     </span>
    </p>
   </div>
   <div class='ocr_carea' id='block_1_71' title="bbox 2243 1239 3541 1315">
    <p class='ocr_par' dir='ltr' id='par_1_71' title="bbox 2243 1239 3541 1315">
     <span class='ocr_line' id='line_1_71' title="bbox 2243 1239 3541 1315; baseline -0.011 -9"><span class='ocrx_word' id='word_1_393' title='bbox 2243 1253 2309 1305; x_wconf 81' lang='grc' dir='ltr'><strong>Εἰ</strong></span> <span class='ocrx_word' id='word_1_394' title='bbox 2333 1251 2378 1305; x_wconf 81' lang='grc' dir='ltr'><strong>δ’</strong></span> <span class='ocrx_word' id='word_1_395' title='bbox 2407 1245 2476 1304; x_wconf 82' lang='grc' dir='ltr'><strong>αὖ</strong></span> <span class='ocrx_word' id='word_1_396' title='bbox 2508 1249 2767 1310; x_wconf 87' lang='grc' dir='ltr'><strong>κάκιστα,</strong></span> <span class='ocrx_word' id='word_1_397' title='bbox 2799 1242 2902 1315; x_wconf 80' lang='grc' dir='ltr'><strong>φεῦ</strong></span> <span class='ocrx_word' id='word_1_398' title='bbox 2924 1260 2985 1296; x_wconf 91' lang='grc' dir='ltr'><strong>τε</strong></span> <span class='ocrx_word' id='word_1_399' title='bbox 3014 1241 3094 1313; x_wconf 81' lang='grc' dir='ltr'><strong>τῷ</strong></span> <span class='ocrx_word' id='word_1_400' title='bbox 3123 1239 3541 1310; x_wconf 82' lang='grc' dir='ltr'><strong>φαυλοπράττῃ.</strong></span> 
     </span>
    </p>
   </div>
   <div class='ocr_carea' id='block_1_72' title="bbox 2249 1325 3529 1412">
    <p class='ocr_par' dir='ltr' id='par_1_72' title="bbox 2249 1325 3529 1412">
     <span class='ocr_line' id='line_1_72' title="bbox 2249 1325 3529 1412; baseline -0.012 -16"><span class='ocrx_word' id='word_1_401' title='bbox 2249 1341 2561 1412; x_wconf 69' lang='grc' dir='ltr'><strong>Ἄνθρωπε,</strong></span> <span class='ocrx_word' id='word_1_402' title='bbox 2587 1337 2774 1391; x_wconf 80' lang='grc' dir='ltr'><strong>λοιπὸν</strong></span> <span class='ocrx_word' id='word_1_403' title='bbox 2800 1336 3058 1404; x_wconf 85' lang='grc' dir='ltr'><strong>πρόσχες,</strong></span> <span class='ocrx_word' id='word_1_404' title='bbox 3089 1325 3201 1385; x_wconf 77' lang='grc' dir='ltr'><strong>οἷόν</strong></span> <span class='ocrx_word' id='word_1_405' title='bbox 3247 1347 3328 1383; x_wconf 88' lang='grc' dir='ltr'><strong>σοι</strong></span> <span class='ocrx_word' id='word_1_406' title='bbox 3358 1331 3529 1400; x_wconf 82' lang='grc' dir='ltr'><strong>μένει.</strong></span> 
     </span>
    </p>
   </div>
   <div class='ocr_carea' id='block_1_73' title="bbox 2461 1424 3624 1497">
    <p class='ocr_par' dir='ltr' id='par_1_73' title="bbox 2461 1424 3624 1497">
     <span class='ocr_line' id='line_1_73' title="bbox 2461 1424 3624 1497; baseline -0.009 -9"><span class='ocrx_word' id='word_1_407' title='bbox 2461 1433 2612 1487; x_wconf 83' lang='lat' dir='ltr'><strong>PIA&#39;.</strong></span> <span class='ocrx_word' id='word_1_408' title='bbox 2643 1461 2710 1473; x_wconf 92' lang='lat'><strong>-—</strong></span> <span class='ocrx_word' id='word_1_409' title='bbox 2751 1429 3120 1497; x_wconf 76' lang='grc' dir='ltr'><strong>Ἐπίγραμμα</strong></span> <span class='ocrx_word' id='word_1_410' title='bbox 3157 1427 3245 1490; x_wconf 77' lang='grc' dir='ltr'><strong>εις</strong></span> <span class='ocrx_word' id='word_1_411' title='bbox 3283 1424 3624 1492; x_wconf 59' lang='grc' dir='ltr'><strong>Στέφανον.</strong></span> 
     </span>
    </p>
   </div>
   <div class='ocr_carea' id='block_1_74' title="bbox 2245 1518 3314 1596">
    <p class='ocr_par' dir='ltr' id='par_1_74' title="bbox 2245 1518 3314 1596">
     <span class='ocr_line' id='line_1_74' title="bbox 2245 1518 3314 1596; baseline -0.013 -13"><span class='ocrx_word' id='word_1_412' title='bbox 2245 1524 2378 1583; x_wconf 68' lang='grc' dir='ltr'><strong>⁴¹Ὠδεῑ.</strong></span> <span class='ocrx_word' id='word_1_413' title='bbox 2403 1527 2678 1596; x_wconf 83' lang='grc' dir='ltr'><strong>Στέφανος</strong></span> <span class='ocrx_word' id='word_1_414' title='bbox 2701 1518 3090 1592; x_wconf 83' lang='grc' dir='ltr'><strong>ὲγκατέκλεισε</strong></span> <span class='ocrx_word' id='word_1_415' title='bbox 3123 1518 3314 1588; x_wconf 80' lang='grc' dir='ltr'><strong>δέμας,</strong></span> 
     </span>
    </p>
   </div>
   <div class='ocr_carea' id='block_1_75' title="bbox 2249 1607 3392 1687">
    <p class='ocr_par' dir='ltr' id='par_1_75' title="bbox 2249 1607 3392 1687">
     <span class='ocr_line' id='line_1_75' title="bbox 2249 1607 3392 1687; baseline -0.011 -14"><span class='ocrx_word' id='word_1_416' title='bbox 2249 1617 2732 1687; x_wconf 82' lang='grc' dir='ltr'><strong>Εἰκοστόπεμπτον</strong></span> <span class='ocrx_word' id='word_1_417' title='bbox 2758 1615 2817 1665; x_wconf 85' lang='grc' dir='ltr'><strong>ὲν</strong></span> <span class='ocrx_word' id='word_1_418' title='bbox 2847 1609 2949 1682; x_wconf 84' lang='grc' dir='ltr'><strong>βίῳ</strong></span> <span class='ocrx_word' id='word_1_419' title='bbox 2977 1608 3149 1680; x_wconf 80' lang='grc' dir='ltr'><strong>ζήσας</strong></span> <span class='ocrx_word' id='word_1_420' title='bbox 3169 1607 3360 1680; x_wconf 88' lang='grc' dir='ltr'><strong>χρόνον</strong></span> <span class='ocrx_word' id='word_1_421' title='bbox 3379 1623 3392 1636; x_wconf 88' lang='grc'><strong>·</strong></span> 
     </span>
    </p>
   </div>
   <div class='ocr_carea' id='block_1_76' title="bbox 2262 1699 3430 1780">
    <p class='ocr_par' dir='ltr' id='par_1_76' title="bbox 2262 1699 3430 1780">
     <span class='ocr_line' id='line_1_76' title="bbox 2262 1699 3430 1780; baseline -0.01 -14"><span class='ocrx_word' id='word_1_422' title='bbox 2262 1710 2561 1780; x_wconf 86' lang='grc' dir='ltr'><strong>Ῥάδαμνος</strong></span> <span class='ocrx_word' id='word_1_423' title='bbox 2595 1705 2758 1770; x_wconf 76' lang='grc' dir='ltr'><strong>εὐθὺς</strong></span> <span class='ocrx_word' id='word_1_424' title='bbox 2789 1701 3140 1775; x_wconf 81' lang='grc' dir='ltr'><strong>ἀμφικαλλὴς</strong></span> <span class='ocrx_word' id='word_1_425' title='bbox 3167 1699 3430 1754; x_wconf 85' lang='grc' dir='ltr'><strong>διττόθεν.</strong></span> 
     </span>
    </p>
   </div>
   <div class='ocr_carea' id='block_1_77' title="bbox 2177 1780 3418 1867">
    <p class='ocr_par' dir='ltr' id='par_1_77' title="bbox 2177 1780 3418 1867">
     <span class='ocr_line' id='line_1_77' title="bbox 2177 1780 3418 1867; baseline -0.009 -13"><span class='ocrx_word' id='word_1_426' title='bbox 2177 1780 2224 1840; x_wconf 76' lang='grc' dir='ltr'><strong><em>Β</em></strong></span> <span class='ocrx_word' id='word_1_427' title='bbox 2265 1799 2358 1865; x_wconf 81' lang='grc' dir='ltr'>Ἐξ</span> <span class='ocrx_word' id='word_1_428' title='bbox 2385 1797 2640 1867; x_wconf 83' lang='grc' dir='ltr'><strong>εὐγενοῦς</strong></span> <span class='ocrx_word' id='word_1_429' title='bbox 2679 1796 2777 1867; x_wconf 82' lang='grc' dir='ltr'><strong>μὲν</strong></span> <span class='ocrx_word' id='word_1_430' title='bbox 2813 1795 3047 1866; x_wconf 77' lang='grc' dir='ltr'><strong>αἵματος</strong></span> <span class='ocrx_word' id='word_1_431' title='bbox 3075 1792 3418 1866; x_wconf 85' lang='grc' dir='ltr'><strong>διαπρέπων.</strong></span> 
     </span>
    </p>
   </div>
   <div class='ocr_carea' id='block_1_78' title="bbox 2261 1885 3440 1962">
    <p class='ocr_par' dir='ltr' id='par_1_78' title="bbox 2261 1885 3440 1962">
     <span class='ocr_line' id='line_1_78' title="bbox 2261 1885 3440 1962; baseline -0.006 -16"><span class='ocrx_word' id='word_1_432' title='bbox 2261 1893 2430 1947; x_wconf 83' lang='grc' dir='ltr'><strong>Ἐλὼν</strong></span> <span class='ocrx_word' id='word_1_433' title='bbox 2460 1891 2518 1944; x_wconf 83' lang='grc' dir='ltr'><strong>δὲ</strong></span> <span class='ocrx_word' id='word_1_434' title='bbox 2555 1889 2752 1962; x_wconf 74' lang='grc' dir='ltr'><strong>ῥάϐδον</strong></span> <span class='ocrx_word' id='word_1_435' title='bbox 2788 1889 2847 1956; x_wconf 79' lang='grc' dir='ltr'>ἐξ</span> <span class='ocrx_word' id='word_1_436' title='bbox 2882 1888 3199 1958; x_wconf 84' lang='grc' dir='ltr'><strong>ἀνακτόρων</strong></span> <span class='ocrx_word' id='word_1_437' title='bbox 3226 1885 3440 1949; x_wconf 78' lang='grc' dir='ltr'><strong>κλέους.</strong></span> 
     </span>
    </p>
   </div>
   <div class='ocr_carea' id='block_1_79' title="bbox 2251 1979 3437 2054">
    <p class='ocr_par' dir='ltr' id='par_1_79' title="bbox 2251 1979 3437 2054">
     <span class='ocr_line' id='line_1_79' title="bbox 2251 1979 3437 2054; baseline -0.008 -15"><span class='ocrx_word' id='word_1_438' title='bbox 2251 1987 2394 2040; x_wconf 67' lang='lat' dir='ltr'><strong>nam</strong></span> <span class='ocrx_word' id='word_1_439' title='bbox 2424 1983 2662 2054; x_wconf 85' lang='grc' dir='ltr'><strong>ποθητδς</strong></span> <span class='ocrx_word' id='word_1_440' title='bbox 2691 1981 3026 2054; x_wconf 84' lang='grc' dir='ltr'><strong>χρηστότητι</strong></span> <span class='ocrx_word' id='word_1_441' title='bbox 3058 1980 3168 2033; x_wconf 82' lang='grc' dir='ltr'><strong>τῶν</strong></span> <span class='ocrx_word' id='word_1_442' title='bbox 3197 1979 3437 2050; x_wconf 87' lang='grc' dir='ltr'><strong>τρόπων,</strong></span> 
     </span>
    </p>
   </div>
   <div class='ocr_carea' id='block_1_80' title="bbox 2252 2071 3478 2147">
    <p class='ocr_par' dir='ltr' id='par_1_80' title="bbox 2252 2071 3478 2147">
     <span class='ocr_line' id='line_1_80' title="bbox 2252 2071 3478 2147; baseline -0.005 -17"><span class='ocrx_word' id='word_1_443' title='bbox 2252 2077 2493 2130; x_wconf 84' lang='grc' dir='ltr'><strong>Γυναῖκα</strong></span> <span class='ocrx_word' id='word_1_444' title='bbox 2522 2076 2597 2147; x_wconf 83' lang='grc' dir='ltr'><strong>μὴ</strong></span> <span class='ocrx_word' id='word_1_445' title='bbox 2619 2076 2800 2144; x_wconf 83' lang='grc' dir='ltr'><strong>γνούς,</strong></span> <span class='ocrx_word' id='word_1_446' title='bbox 2825 2074 2962 2126; x_wconf 81' lang='grc' dir='ltr'><strong>ἀλλὰ</strong></span> <span class='ocrx_word' id='word_1_447' title='bbox 2987 2071 3254 2144; x_wconf 81' lang='grc' dir='ltr'><strong>παρθένος</strong></span> <span class='ocrx_word' id='word_1_448' title='bbox 3281 2071 3478 2143; x_wconf 84' lang='grc' dir='ltr'><strong>μένων.</strong></span> 
     </span>
    </p>
   </div>
   <div class='ocr_carea' id='block_1_81' title="bbox 2254 2163 3482 2240">
    <p class='ocr_par' dir='ltr' id='par_1_81' title="bbox 2254 2163 3482 2240">
     <span class='ocr_line' id='line_1_81' title="bbox 2254 2163 3482 2240; baseline -0.005 -19"><span class='ocrx_word' id='word_1_449' title='bbox 2254 2170 2464 2240; x_wconf 81' lang='grc' dir='ltr'><strong>Ὀνπερ</strong></span> <span class='ocrx_word' id='word_1_450' title='bbox 2495 2166 2818 2240; x_wconf 82' lang='grc' dir='ltr'><strong>προμηθῶς,</strong></span> <span class='ocrx_word' id='word_1_451' title='bbox 2846 2165 2906 2230; x_wconf 79' lang='grc' dir='ltr'>ἐξ</span> <span class='ocrx_word' id='word_1_452' title='bbox 2927 2163 3182 2220; x_wconf 83' lang='grc' dir='ltr'><strong>ἀκανθῶν</strong></span> <span class='ocrx_word' id='word_1_453' title='bbox 3205 2164 3280 2228; x_wconf 84' lang='grc' dir='ltr'><strong>ὡς</strong></span> <span class='ocrx_word' id='word_1_454' title='bbox 3306 2163 3482 2237; x_wconf 77' lang='grc' dir='ltr'><strong>ῥόδον,</strong></span> 
     </span>
    </p>
   </div>
   <div class='ocr_carea' id='block_1_82' title="bbox 2253 2257 3515 2333">
    <p class='ocr_par' dir='ltr' id='par_1_82' title="bbox 2253 2257 3515 2333">
     <span class='ocr_line' id='line_1_82' title="bbox 2253 2257 3515 2333; baseline -0.004 -18"><span class='ocrx_word' id='word_1_455' title='bbox 2253 2262 2362 2315; x_wconf 89' lang='grc' dir='ltr'><strong>Τοῦ</strong></span> <span class='ocrx_word' id='word_1_456' title='bbox 2396 2262 2522 2333; x_wconf 77' lang='grc' dir='ltr'><strong>τῇδε</strong></span> <span class='ocrx_word' id='word_1_457' title='bbox 2565 2262 2774 2330; x_wconf 79' lang='grc' dir='ltr'><strong>κόσμου</strong></span> <span class='ocrx_word' id='word_1_458' title='bbox 2819 2259 3054 2331; x_wconf 80' lang='grc' dir='ltr'><strong>Χριστὸς</strong></span> <span class='ocrx_word' id='word_1_459' title='bbox 3105 2259 3305 2330; x_wconf 76' lang='grc' dir='ltr'><strong>ἐξάρας</strong></span> <span class='ocrx_word' id='word_1_460' title='bbox 3335 2257 3515 2326; x_wconf 76' lang='grc' dir='ltr'><strong>τάχει,</strong></span> 
     </span>
    </p>
   </div>
   <div class='ocr_carea' id='block_1_83' title="bbox 2259 2349 3374 2425">
    <p class='ocr_par' dir='ltr' id='par_1_83' title="bbox 2259 2349 3374 2425">
     <span class='ocr_line' id='line_1_83' title="bbox 2259 2349 3374 2425; baseline -0.003 -20"><span class='ocrx_word' id='word_1_461' title='bbox 2259 2352 2410 2425; x_wconf 85' lang='grc' dir='ltr'><strong>Ἔχει</strong></span> <span class='ocrx_word' id='word_1_462' title='bbox 2457 2353 2554 2406; x_wconf 80' lang='grc' dir='ltr'><strong>σὺν</strong></span> <span class='ocrx_word' id='word_1_463' title='bbox 2585 2350 2765 2414; x_wconf 76' lang='grc' dir='ltr'><strong>ἄλλοις</strong></span> <span class='ocrx_word' id='word_1_464' title='bbox 2790 2349 2942 2422; x_wconf 75' lang='grc' dir='ltr'><strong>δεξιᾷ</strong></span> <span class='ocrx_word' id='word_1_465' title='bbox 2971 2351 3117 2421; x_wconf 75' lang='grc' dir='ltr'><strong>χειρὶ</strong></span> <span class='ocrx_word' id='word_1_466' title='bbox 3142 2350 3374 2418; x_wconf 81' lang='grc' dir='ltr'><strong>στέφων.</strong></span> 
     </span>
    </p>
   </div>
   <div class='ocr_carea' id='block_1_84' title="bbox 2732 2443 3342 2508">
    <p class='ocr_par' dir='ltr' id='par_1_84' title="bbox 2732 2443 3342 2508">
     <span class='ocr_line' id='line_1_84' title="bbox 2732 2443 3342 2508; baseline 0.002 -12"><span class='ocrx_word' id='word_1_467' title='bbox 2732 2443 2882 2497; x_wconf 88' lang='grc' dir='ltr'><strong>ΡΙΒ’.</strong></span> <span class='ocrx_word' id='word_1_468' title='bbox 2919 2472 2984 2480; x_wconf 93' lang='grc'><strong><em>-</em></strong></span> <span class='ocrx_word' id='word_1_469' title='bbox 3000 2443 3102 2508; x_wconf 66' lang='lat' dir='ltr'><strong>El;</strong></span> <span class='ocrx_word' id='word_1_470' title='bbox 3124 2443 3342 2498; x_wconf 77' lang='grc' dir='ltr'><strong>οὶκίαν.</strong></span> 
     </span>
    </p>
   </div>
   <div class='ocr_carea' id='block_1_85' title="bbox 2257 2529 3393 2606">
    <p class='ocr_par' dir='ltr' id='par_1_85' title="bbox 2257 2529 3393 2606">
     <span class='ocr_line' id='line_1_85' title="bbox 2257 2529 3393 2606; baseline -0.002 -18"><span class='ocrx_word' id='word_1_471' title='bbox 2257 2529 2419 2599; x_wconf 82' lang='grc' dir='ltr'><strong>Οἶκος</strong></span> <span class='ocrx_word' id='word_1_472' title='bbox 2445 2535 2730 2605; x_wconf 84' lang='grc' dir='ltr'><strong>δέδειγμαι</strong></span> <span class='ocrx_word' id='word_1_473' title='bbox 2759 2535 3110 2606; x_wconf 80' lang='grc' dir='ltr'><strong>τερπνοειδὴς</strong></span> <span class='ocrx_word' id='word_1_474' title='bbox 3133 2529 3190 2588; x_wconf 81' lang='grc' dir='ltr'><strong>εὖ</strong></span> <span class='ocrx_word' id='word_1_475' title='bbox 3226 2534 3393 2604; x_wconf 85' lang='grc' dir='ltr'><strong>μάλα.</strong></span> 
     </span>
    </p>
   </div>
   <div class='ocr_carea' id='block_1_86' title="bbox 2270 2627 3508 2699">
    <p class='ocr_par' dir='ltr' id='par_1_86' title="bbox 2270 2627 3508 2699">
     <span class='ocr_line' id='line_1_86' title="bbox 2270 2627 3508 2699; baseline 0 -16"><span class='ocrx_word' id='word_1_476' title='bbox 2270 2628 2488 2699; x_wconf 56' lang='grc' dir='ltr'><strong>’.ἀνδρὸς</strong></span> <span class='ocrx_word' id='word_1_477' title='bbox 2514 2628 2810 2699; x_wconf 81' lang='grc' dir='ltr'><strong>κρατίστου</strong></span> <span class='ocrx_word' id='word_1_478' title='bbox 2850 2629 2945 2680; x_wconf 69' lang='grc' dir='ltr'><strong>καὶ</strong></span> <span class='ocrx_word' id='word_1_479' title='bbox 2975 2629 3332 2698; x_wconf 75' lang='grc' dir='ltr'><strong>πανευφήμου</strong></span> <span class='ocrx_word' id='word_1_480' title='bbox 3360 2627 3508 2683; x_wconf 90' lang='grc' dir='ltr'><strong>λίαν.</strong></span> 
     </span>
    </p>
   </div>
   <div class='ocr_carea' id='block_1_87' title="bbox 2264 2720 3446 2792">
    <p class='ocr_par' dir='ltr' id='par_1_87' title="bbox 2264 2720 3446 2792">
     <span class='ocr_line' id='line_1_87' title="bbox 2264 2720 3446 2792; baseline -0.003 -18"><span class='ocrx_word' id='word_1_481' title='bbox 2264 2725 2360 2788; x_wconf 85' lang='grc' dir='ltr'><strong>Ὃς</strong></span> <span class='ocrx_word' id='word_1_482' title='bbox 2386 2723 2479 2776; x_wconf 73' lang='grc' dir='ltr'><strong>καὶ</strong></span> <span class='ocrx_word' id='word_1_483' title='bbox 2506 2725 2760 2792; x_wconf 83' lang='grc' dir='ltr'><strong>νεουργεῑ</strong></span> <span class='ocrx_word' id='word_1_484' title='bbox 2789 2721 2889 2788; x_wconf 82' lang='grc' dir='ltr'><strong>τὴν</strong></span> <span class='ocrx_word' id='word_1_485' title='bbox 2923 2721 3052 2790; x_wconf 84' lang='grc' dir='ltr'><strong>ὃλην</strong></span> <span class='ocrx_word' id='word_1_486' title='bbox 3080 2720 3247 2792; x_wconf 79' lang='grc' dir='ltr'><strong>μονὴν</strong></span> <span class='ocrx_word' id='word_1_487' title='bbox 3274 2721 3446 2789; x_wconf 81' lang='grc' dir='ltr'><strong>πόθῳ,</strong></span> 
     </span>
    </p>
   </div>
   <div class='ocr_carea' id='block_1_88' title="bbox 2258 2813 3464 2887">
    <p class='ocr_par' dir='ltr' id='par_1_88' title="bbox 2258 2813 3464 2887">
     <span class='ocr_line' id='line_1_88' title="bbox 2258 2813 3464 2887; baseline 0.001 -19"><span class='ocrx_word' id='word_1_488' title='bbox 2258 2815 2378 2887; x_wconf 88' lang='grc' dir='ltr'><strong>Θεῷ</strong></span> <span class='ocrx_word' id='word_1_489' title='bbox 2413 2815 2711 2886; x_wconf 86' lang='grc' dir='ltr'><strong>προσοίσας</strong></span> <span class='ocrx_word' id='word_1_490' title='bbox 2741 2813 2937 2885; x_wconf 79' lang='grc' dir='ltr'><strong>λύτρον</strong></span> <span class='ocrx_word' id='word_1_491' title='bbox 2967 2813 3082 2868; x_wconf 77' lang='grc' dir='ltr'><strong>ἀνθ’</strong></span> <span class='ocrx_word' id='word_1_492' title='bbox 3113 2814 3464 2884; x_wconf 79' lang='grc' dir='ltr'><strong>ἁμαρτάδων.</strong></span> 
     </span>
    </p>
   </div>
   <div class='ocr_carea' id='block_1_89' title="bbox 2231 2903 3440 2975">
    <p class='ocr_par' dir='ltr' id='par_1_89' title="bbox 2231 2903 3440 2975">
     <span class='ocr_line' id='line_1_89' title="bbox 2231 2903 3440 2975; baseline 0 -15"><span class='ocrx_word' id='word_1_493' title='bbox 2231 2913 2266 2952; x_wconf 74' lang='lat'>&gt;</span> <span class='ocrx_word' id='word_1_494' title='bbox 2650 2906 2789 2962; x_wconf 81' lang='lat' dir='ltr'>PII&quot;.</span> <span class='ocrx_word' id='word_1_495' title='bbox 2823 2938 2895 2949; x_wconf 88' lang='lat'><strong>——</strong></span> <span class='ocrx_word' id='word_1_496' title='bbox 2925 2910 3030 2970; x_wconf 85' lang='grc' dir='ltr'><strong>Εὶς</strong></span> <span class='ocrx_word' id='word_1_497' title='bbox 3063 2903 3440 2975; x_wconf 75' lang='grc' dir='ltr'><strong>κοιμηθέντα.</strong></span> 
     </span>
    </p>
   </div>
   <div class='ocr_carea' id='block_1_90' title="bbox 2261 2990 3373 3069">
    <p class='ocr_par' dir='ltr' id='par_1_90' title="bbox 2261 2990 3373 3069">
     <span class='ocr_line' id='line_1_90' title="bbox 2261 2990 3373 3069; baseline -0.001 -19"><span class='ocrx_word' id='word_1_498' title='bbox 2261 2990 2388 3051; x_wconf 80' lang='grc' dir='ltr'><strong>Ὧδε</strong></span> <span class='ocrx_word' id='word_1_499' title='bbox 2423 2996 2703 3069; x_wconf 88' lang='grc' dir='ltr'><strong>προελθὼν</strong></span> <span class='ocrx_word' id='word_1_500' title='bbox 2735 2998 3060 3052; x_wconf 80' lang='grc' dir='ltr'><strong>έντέθαπται</strong></span> <span class='ocrx_word' id='word_1_501' title='bbox 3091 2997 3168 3068; x_wconf 80' lang='grc' dir='ltr'><strong>τῷ</strong></span> <span class='ocrx_word' id='word_1_502' title='bbox 3200 2997 3373 3067; x_wconf 72' lang='grc' dir='ltr'><strong>τάφῳ,</strong></span> 
     </span>
    </p>
   </div>
   <div class='ocr_carea' id='block_1_91' title="bbox 2183 3089 3276 3180">
    <p class='ocr_par' dir='ltr' id='par_1_91' title="bbox 2183 3089 3276 3180">
     <span class='ocr_line' id='line_1_91' title="bbox 2183 3089 3276 3180; baseline 0.019 -41"><span class='ocrx_word' id='word_1_503' title='bbox 2183 3123 2229 3180; x_wconf 64' lang='lat' dir='ltr'><strong>c</strong></span> <span class='ocrx_word' id='word_1_504' title='bbox 2262 3089 2639 3159; x_wconf 81' lang='grc' dir='ltr'><strong>Θεοφύλακτος</strong></span> <span class='ocrx_word' id='word_1_505' title='bbox 2668 3092 2696 3142; x_wconf 90' lang='grc' dir='ltr'><strong>ό</strong></span> <span class='ocrx_word' id='word_1_506' title='bbox 2721 3090 3027 3160; x_wconf 73' lang='grc' dir='ltr'><strong>τρισόλϐιος</strong></span> <span class='ocrx_word' id='word_1_507' title='bbox 3063 3089 3237 3159; x_wconf 63' lang='grc' dir='ltr'><strong>μέραᾷ</strong></span> <span class='ocrx_word' id='word_1_508' title='bbox 3262 3105 3276 3120; x_wconf 88' lang='grc'>⁶</span> 
     </span>
    </p>
   </div>
   <div class='ocr_carea' id='block_1_92' title="bbox 2267 3182 3396 3253">
    <p class='ocr_par' dir='ltr' id='par_1_92' title="bbox 2267 3182 3396 3253">
     <span class='ocr_line' id='line_1_92' title="bbox 2267 3182 3396 3253; baseline 0 -19"><span class='ocrx_word' id='word_1_509' title='bbox 2267 3182 2536 3253; x_wconf 83' lang='grc' dir='ltr'><strong>Εὐνοῦχος</strong></span> <span class='ocrx_word' id='word_1_510' title='bbox 2573 3183 2672 3253; x_wconf 88' lang='grc' dir='ltr'><strong>μὲν</strong></span> <span class='ocrx_word' id='word_1_511' title='bbox 2696 3183 2791 3246; x_wconf 72' lang='grc' dir='ltr'><strong>ἂν,</strong></span> <span class='ocrx_word' id='word_1_512' title='bbox 2817 3183 2952 3237; x_wconf 72' lang='grc' dir='ltr'><strong>ἀλλὰ</strong></span> <span class='ocrx_word' id='word_1_513' title='bbox 2980 3182 3156 3248; x_wconf 81' lang='grc' dir='ltr'><strong>δεξιοῦ</strong></span> <span class='ocrx_word' id='word_1_514' title='bbox 3188 3182 3396 3251; x_wconf 82' lang='grc' dir='ltr'><strong>γένους,</strong></span> 
     </span>
    </p>
   </div>
   <div class='ocr_carea' id='block_1_93' title="bbox 2267 3273 3366 3347">
    <p class='ocr_par' dir='ltr' id='par_1_93' title="bbox 2267 3273 3366 3347">
     <span class='ocr_line' id='line_1_93' title="bbox 2267 3273 3366 3347; baseline -0.001 -20"><span class='ocrx_word' id='word_1_515' title='bbox 2267 3273 2507 3338; x_wconf 82' lang='grc' dir='ltr'><strong>Εὐοπτος</strong></span> <span class='ocrx_word' id='word_1_516' title='bbox 2534 3276 2676 3347; x_wconf 81' lang='grc' dir='ltr'><strong>ἥλιξ,</strong></span> <span class='ocrx_word' id='word_1_517' title='bbox 2708 3276 2941 3345; x_wconf 81' lang='grc' dir='ltr'><strong>εὐσεϐής</strong></span> <span class='ocrx_word' id='word_1_518' title='bbox 2974 3291 3039 3343; x_wconf 84' lang='grc' dir='ltr'><strong>γε</strong></span> <span class='ocrx_word' id='word_1_519' title='bbox 3075 3275 3172 3327; x_wconf 74' lang='grc' dir='ltr'><strong>καὶ</strong></span> <span class='ocrx_word' id='word_1_520' title='bbox 3203 3274 3366 3344; x_wconf 84' lang='grc' dir='ltr'><strong>μάλα.</strong></span> 
     </span>
    </p>
   </div>
   <div class='ocr_carea' id='block_1_94' title="bbox 2269 3365 3472 3437">
    <p class='ocr_par' dir='ltr' id='par_1_94' title="bbox 2269 3365 3472 3437">
     <span class='ocr_line' id='line_1_94' title="bbox 2269 3365 3472 3437; baseline -0.003 -17"><span class='ocrx_word' id='word_1_521' title='bbox 2269 3367 2368 3430; x_wconf 83' lang='grc' dir='ltr'><strong>’ος</strong></span> <span class='ocrx_word' id='word_1_522' title='bbox 2397 3366 2687 3437; x_wconf 82' lang='grc' dir='ltr'><strong>πρωτοϐαθ</strong></span> <span class='ocrx_word' id='word_1_523' title='bbox 2699 3369 2784 3435; x_wconf 86' lang='grc' dir='ltr'><strong>ρεῖ</strong></span> <span class='ocrx_word' id='word_1_524' title='bbox 2812 3367 2871 3418; x_wconf 78' lang='grc' dir='ltr'><strong>ἐν</strong></span> <span class='ocrx_word' id='word_1_525' title='bbox 2902 3365 3233 3435; x_wconf 86' lang='grc' dir='ltr'><strong>Σπαθαρίων</strong></span> <span class='ocrx_word' id='word_1_526' title='bbox 3264 3367 3472 3428; x_wconf 78' lang='grc' dir='ltr'><strong>στάσει,</strong></span> 
     </span>
    </p>
   </div>
   <div class='ocr_carea' id='block_1_95' title="bbox 2278 3458 3362 3530">
    <p class='ocr_par' dir='ltr' id='par_1_95' title="bbox 2278 3458 3362 3530">
     <span class='ocr_line' id='line_1_95' title="bbox 2278 3458 3362 3530; baseline -0.002 -18"><span class='ocrx_word' id='word_1_527' title='bbox 2278 3459 2366 3512; x_wconf 83' lang='grc' dir='ltr'><strong>Ἐν</strong></span> <span class='ocrx_word' id='word_1_528' title='bbox 2398 3459 2736 3530; x_wconf 86' lang='grc' dir='ltr'><strong>μακρότησιν</strong></span> <span class='ocrx_word' id='word_1_529' title='bbox 2765 3458 2987 3528; x_wconf 81' lang='grc' dir='ltr'><strong>ἡμερῶν</strong></span> <span class='ocrx_word' id='word_1_530' title='bbox 3018 3458 3362 3529; x_wconf 78' lang='grc' dir='ltr'><strong>ἀνακτόρων.</strong></span> 
     </span>
    </p>
   </div>
   <div class='ocr_carea' id='block_1_96' title="bbox 2266 3547 3388 3620">
    <p class='ocr_par' dir='ltr' id='par_1_96' title="bbox 2266 3547 3388 3620">
     <span class='ocr_line' id='line_1_96' title="bbox 2266 3547 3388 3620; baseline 0.003 -20"><span class='ocrx_word' id='word_1_531' title='bbox 2266 3549 2369 3602; x_wconf 81' lang='grc' dir='ltr'><strong>Τὸν</strong></span> <span class='ocrx_word' id='word_1_532' title='bbox 2399 3547 2524 3620; x_wconf 78' lang='grc' dir='ltr'><strong>τῇδε</strong></span> <span class='ocrx_word' id='word_1_533' title='bbox 2555 3549 2705 3614; x_wconf 82' lang='grc' dir='ltr'><strong>ναὸν,</strong></span> <span class='ocrx_word' id='word_1_534' title='bbox 2740 3549 2836 3603; x_wconf 79' lang='grc' dir='ltr'><strong>καὶ</strong></span> <span class='ocrx_word' id='word_1_535' title='bbox 2870 3549 3040 3620; x_wconf 78' lang='grc' dir='ltr'><strong>μονὴν</strong></span> <span class='ocrx_word' id='word_1_536' title='bbox 3070 3549 3388 3617; x_wconf 82' lang='grc' dir='ltr'><strong>παναισίαν,</strong></span> 
     </span>
    </p>
   </div>
   <div class='ocr_carea' id='block_1_97' title="bbox 2270 3640 3458 3714">
    <p class='ocr_par' dir='ltr' id='par_1_97' title="bbox 2270 3640 3458 3714">
     <span class='ocr_line' id='line_1_97' title="bbox 2270 3640 3458 3714; baseline 0.003 -21"><span class='ocrx_word' id='word_1_537' title='bbox 2270 3641 2500 3712; x_wconf 83' lang='grc' dir='ltr'><strong>Ἤγειρε</strong></span> <span class='ocrx_word' id='word_1_538' title='bbox 2528 3640 2780 3711; x_wconf 82' lang='grc' dir='ltr'><strong>τερπνῶς</strong></span> <span class='ocrx_word' id='word_1_539' title='bbox 2813 3641 2892 3712; x_wconf 80' lang='grc' dir='ltr'><strong>τῷ</strong></span> <span class='ocrx_word' id='word_1_540' title='bbox 2921 3641 3042 3712; x_wconf 86' lang='grc' dir='ltr'><strong>Θεῷ</strong></span> <span class='ocrx_word' id='word_1_541' title='bbox 3068 3641 3162 3695; x_wconf 78' lang='grc' dir='ltr'><strong>καὶ</strong></span> <span class='ocrx_word' id='word_1_542' title='bbox 3192 3643 3458 3714; x_wconf 78' lang='grc' dir='ltr'><strong>Δεσπότῃ,</strong></span> 
     </span>
    </p>
   </div>
   <div class='ocr_carea' id='block_1_98' title="bbox 2267 3732 3549 3805">
    <p class='ocr_par' dir='ltr' id='par_1_98' title="bbox 2267 3732 3549 3805">
     <span class='ocr_line' id='line_1_98' title="bbox 2267 3732 3549 3805; baseline -0.002 -17"><span class='ocrx_word' id='word_1_543' title='bbox 2267 3735 2362 3798; x_wconf 76' lang='grc' dir='ltr'><strong>Εἰς</strong></span> <span class='ocrx_word' id='word_1_544' title='bbox 2398 3733 2595 3805; x_wconf 82' lang='grc' dir='ltr'><strong>λύτρον</strong></span> <span class='ocrx_word' id='word_1_545' title='bbox 2621 3732 2788 3786; x_wconf 84' lang='grc' dir='ltr'><strong>αὐτοῦ</strong></span> <span class='ocrx_word' id='word_1_546' title='bbox 2819 3734 3180 3802; x_wconf 82' lang='grc' dir='ltr'><strong>πταισμάτων</strong></span> <span class='ocrx_word' id='word_1_547' title='bbox 3204 3733 3311 3787; x_wconf 86' lang='grc' dir='ltr'><strong>τῶν</strong></span> <span class='ocrx_word' id='word_1_548' title='bbox 3337 3737 3395 3788; x_wconf 83' lang='grc' dir='ltr'><strong>ὲν</strong></span> <span class='ocrx_word' id='word_1_549' title='bbox 3421 3733 3549 3804; x_wconf 78' lang='grc' dir='ltr'><strong>βίῳ.</strong></span> 
     </span>
    </p>
   </div>
   <div class='ocr_carea' id='block_1_99' title="bbox 2209 3823 3547 3928">
    <p class='ocr_par' dir='ltr' id='par_1_99' title="bbox 2209 3823 3547 3928">
     <span class='ocr_line' id='line_1_99' title="bbox 2209 3823 3547 3928; baseline 0.001 -49"><span class='ocrx_word' id='word_1_550' title='bbox 2209 3889 2252 3928; x_wconf 63' lang='grc'><em>)</em></span> <span class='ocrx_word' id='word_1_551' title='bbox 2563 3823 2704 3881; x_wconf 88' lang='grc' dir='ltr'><strong>Ρ1Δ’.</strong></span> <span class='ocrx_word' id='word_1_552' title='bbox 2743 3857 2805 3867; x_wconf 90' lang='grc'><strong>-</strong></span> <span class='ocrx_word' id='word_1_553' title='bbox 2839 3827 2944 3893; x_wconf 81' lang='grc' dir='ltr'><strong>Εἰς</strong></span> <span class='ocrx_word' id='word_1_554' title='bbox 2970 3827 3166 3896; x_wconf 78' lang='grc' dir='ltr'><strong>Ἰγνας</strong></span> <span class='ocrx_word' id='word_1_555' title='bbox 3189 3825 3304 3894; x_wconf 71' lang='grc' dir='ltr'><strong>τὴν</strong></span> <span class='ocrx_word' id='word_1_556' title='bbox 3326 3827 3547 3896; x_wconf 72' lang='grc' dir='ltr'><strong>μονήν.</strong></span> 
     </span>
    </p>
   </div>
   <div class='ocr_carea' id='block_1_100' title="bbox 2268 3939 3488 4012">
    <p class='ocr_par' dir='ltr' id='par_1_100' title="bbox 2268 3939 3488 4012">
     <span class='ocr_line' id='line_1_100' title="bbox 2268 3939 3488 4012; baseline -0.002 -18"><span class='ocrx_word' id='word_1_557' title='bbox 2268 3941 2421 3995; x_wconf 82' lang='grc' dir='ltr'><strong>Λέων</strong></span> <span class='ocrx_word' id='word_1_558' title='bbox 2451 3942 2480 3994; x_wconf 88' lang='grc' dir='ltr'><strong>ό</strong></span> <span class='ocrx_word' id='word_1_559' title='bbox 2509 3940 2722 4004; x_wconf 82' lang='grc' dir='ltr'><strong>κλεινὸς</strong></span> <span class='ocrx_word' id='word_1_560' title='bbox 2750 3939 2848 3993; x_wconf 69' lang='grc' dir='ltr'><strong>καὶ</strong></span> <span class='ocrx_word' id='word_1_561' title='bbox 2886 3940 3177 4012; x_wconf 87' lang='grc' dir='ltr'><strong>κράτιστος</strong></span> <span class='ocrx_word' id='word_1_562' title='bbox 3209 3940 3488 4012; x_wconf 81' lang='grc' dir='ltr'><strong>ἀνδράσιν,</strong></span> 
     </span>
    </p>
   </div>
   <div class='ocr_carea' id='block_1_101' title="bbox 2269 4030 3548 4104">
    <p class='ocr_par' dir='ltr' id='par_1_101' title="bbox 2269 4030 3548 4104">
     <span class='ocr_line' id='line_1_101' title="bbox 2269 4030 3548 4104; baseline 0.002 -21"><span class='ocrx_word' id='word_1_563' title='bbox 2269 4030 2513 4103; x_wconf 78' lang='grc' dir='ltr'><strong>Τμηθεὶς</strong></span> <span class='ocrx_word' id='word_1_564' title='bbox 2547 4031 2803 4085; x_wconf 78' lang='grc' dir='ltr'><strong>συνεύνου</strong></span> <span class='ocrx_word' id='word_1_565' title='bbox 2833 4030 3344 4103; x_wconf 85' lang='grc' dir='ltr'><strong>Χριστοσυμπλόκῳ</strong></span> <span class='ocrx_word' id='word_1_566' title='bbox 3374 4031 3548 4104; x_wconf 83' lang='grc' dir='ltr'><strong>πόθῳ,</strong></span> 
     </span>
    </p>
   </div>
   <div class='ocr_carea' id='block_1_102' title="bbox 2269 4117 3319 4195">
    <p class='ocr_par' dir='ltr' id='par_1_102' title="bbox 2269 4117 3319 4195">
     <span class='ocr_line' id='line_1_102' title="bbox 2269 4117 3319 4195; baseline 0.001 -19"><span class='ocrx_word' id='word_1_567' title='bbox 2269 4117 2396 4177; x_wconf 76' lang='grc' dir='ltr'><strong>Εἴλε</strong></span> <span class='ocrx_word' id='word_1_568' title='bbox 2428 4124 2699 4195; x_wconf 85' lang='grc' dir='ltr'><strong>μονήρους</strong></span> <span class='ocrx_word' id='word_1_569' title='bbox 2725 4122 2816 4177; x_wconf 80' lang='grc' dir='ltr'><strong>τὸν</strong></span> <span class='ocrx_word' id='word_1_570' title='bbox 2840 4123 3146 4194; x_wconf 78' lang='grc' dir='ltr'><strong>τρισόλϐιον</strong></span> <span class='ocrx_word' id='word_1_571' title='bbox 3183 4123 3319 4194; x_wconf 86' lang='grc' dir='ltr'><strong>βίον.</strong></span> 
     </span>
    </p>
   </div>
   <div class='ocr_carea' id='block_1_103' title="bbox 2280 4213 3424 4286">
    <p class='ocr_par' dir='ltr' id='par_1_103' title="bbox 2280 4213 3424 4286">
     <span class='ocr_line' id='line_1_103' title="bbox 2280 4213 3424 4286; baseline 0 -18"><span class='ocrx_word' id='word_1_572' title='bbox 2280 4214 2371 4279; x_wconf 88' lang='lat'><strong>&#39;0;</strong></span> <span class='ocrx_word' id='word_1_573' title='bbox 2396 4213 2764 4285; x_wconf 83' lang='grc' dir='ltr'><strong>προξενοῦντα</strong></span> <span class='ocrx_word' id='word_1_574' title='bbox 2790 4215 2892 4286; x_wconf 84' lang='grc' dir='ltr'><strong>τὴν</strong></span> <span class='ocrx_word' id='word_1_575' title='bbox 2916 4214 3032 4269; x_wconf 80' lang='grc' dir='ltr'><strong>ἄνω</strong></span> <span class='ocrx_word' id='word_1_576' title='bbox 3055 4215 3388 4286; x_wconf 85' lang='grc' dir='ltr'><strong>κληρουχίαν</strong></span> <span class='ocrx_word' id='word_1_577' title='bbox 3408 4232 3424 4245; x_wconf 74' lang='grc'>³</span> 
     </span>
    </p>
   </div>
   <div class='ocr_carea' id='block_1_104' title="bbox 2271 4306 3355 4380">
    <p class='ocr_par' dir='ltr' id='par_1_104' title="bbox 2271 4306 3355 4380">
     <span class='ocr_line' id='line_1_104' title="bbox 2271 4306 3355 4380; baseline 0.003 -21"><span class='ocrx_word' id='word_1_578' title='bbox 2271 4306 2440 4376; x_wconf 85' lang='grc' dir='ltr'><strong>Ὅλην</strong></span> <span class='ocrx_word' id='word_1_579' title='bbox 2475 4306 2753 4378; x_wconf 81' lang='grc' dir='ltr'><strong>προσάξας</strong></span> <span class='ocrx_word' id='word_1_580' title='bbox 2785 4306 2864 4378; x_wconf 83' lang='grc' dir='ltr'><strong>τῷ</strong></span> <span class='ocrx_word' id='word_1_581' title='bbox 2891 4306 3010 4378; x_wconf 84' lang='grc' dir='ltr'><strong>Θεῷ</strong></span> <span class='ocrx_word' id='word_1_582' title='bbox 3037 4309 3136 4380; x_wconf 79' lang='grc' dir='ltr'><strong>τὴν</strong></span> <span class='ocrx_word' id='word_1_583' title='bbox 3158 4308 3355 4372; x_wconf 76' lang='grc' dir='ltr'><strong>οἰκίαν,</strong></span> 
     </span>
    </p>
   </div>
   <div class='ocr_carea' id='block_1_105' title="bbox 2271 4397 3373 4470">
    <p class='ocr_par' dir='ltr' id='par_1_105' title="bbox 2271 4397 3373 4470">
     <span class='ocr_line' id='line_1_105' title="bbox 2271 4397 3373 4470; baseline 0.002 -19"><span class='ocrx_word' id='word_1_584' title='bbox 2271 4397 2454 4468; x_wconf 79' lang='grc' dir='ltr'><strong>Μονὴν</strong></span> <span class='ocrx_word' id='word_1_585' title='bbox 2479 4399 2754 4468; x_wconf 85' lang='grc' dir='ltr'><strong>γυναικῶν</strong></span> <span class='ocrx_word' id='word_1_586' title='bbox 2785 4399 3142 4470; x_wconf 79' lang='grc' dir='ltr'><strong>σχηματίζειν</strong></span> <span class='ocrx_word' id='word_1_587' title='bbox 3174 4401 3373 4454; x_wconf 77' lang='grc' dir='ltr'><strong>αἰσίαν.</strong></span> 
     </span>
    </p>
   </div>
   <div class='ocr_carea' id='block_1_106' title="bbox 2199 4481 3446 4565">
    <p class='ocr_par' dir='ltr' id='par_1_106' title="bbox 2199 4481 3446 4565">
     <span class='ocr_line' id='line_1_106' title="bbox 2199 4481 3446 4565; baseline 0.002 -20"><span class='ocrx_word' id='word_1_588' title='bbox 2199 4481 2243 4535; x_wconf 84' lang='grc' dir='ltr'><strong>Ῐ)</strong></span> <span class='ocrx_word' id='word_1_589' title='bbox 2274 4493 2383 4546; x_wconf 71' lang='grc' dir='ltr'><strong>Καὶ</strong></span> <span class='ocrx_word' id='word_1_590' title='bbox 2403 4492 2762 4564; x_wconf 84' lang='grc' dir='ltr'><strong>τερματισμῷ</strong></span> <span class='ocrx_word' id='word_1_591' title='bbox 2789 4492 2884 4546; x_wconf 92' lang='grc' dir='ltr'><strong>τοῦ</strong></span> <span class='ocrx_word' id='word_1_592' title='bbox 2912 4493 3197 4556; x_wconf 85' lang='grc' dir='ltr'><strong>θεοκλεοῦς</strong></span> <span class='ocrx_word' id='word_1_593' title='bbox 3223 4494 3446 4565; x_wconf 83' lang='grc' dir='ltr'><strong>δρόμου,</strong></span> 
     </span>
    </p>
   </div>
   <div class='ocr_carea' id='block_1_107' title="bbox 2271 4577 3475 4657">
    <p class='ocr_par' dir='ltr' id='par_1_107' title="bbox 2271 4577 3475 4657">
     <span class='ocr_line' id='line_1_107' title="bbox 2271 4577 3475 4657; baseline 0.002 -20"><span class='ocrx_word' id='word_1_594' title='bbox 2271 4577 2408 4656; x_wconf 66' lang='grc' dir='ltr'><strong>τΩδη</strong></span> <span class='ocrx_word' id='word_1_595' title='bbox 2435 4583 2725 4648; x_wconf 84' lang='grc' dir='ltr'><strong>τέθαπται,</strong></span> <span class='ocrx_word' id='word_1_596' title='bbox 2759 4586 3085 4656; x_wconf 80' lang='grc' dir='ltr'><strong>προσμένων</strong></span> <span class='ocrx_word' id='word_1_597' title='bbox 3116 4586 3218 4656; x_wconf 81' lang='grc' dir='ltr'><strong>τὴν</strong></span> <span class='ocrx_word' id='word_1_598' title='bbox 3238 4587 3475 4657; x_wconf 79' lang='grc' dir='ltr'><strong>ἡμέραν,</strong></span> 
     </span>
    </p>
   </div>
   <div class='ocr_carea' id='block_1_108' title="bbox 2284 4669 3566 4749">
    <p class='ocr_par' dir='ltr' id='par_1_108' title="bbox 2284 4669 3566 4749">
     <span class='ocr_line' id='line_1_108' title="bbox 2284 4669 3566 4749; baseline 0.002 -19"><span class='ocrx_word' id='word_1_599' title='bbox 2284 4675 2374 4730; x_wconf 81' lang='grc' dir='ltr'><strong>Ἐν</strong></span> <span class='ocrx_word' id='word_1_600' title='bbox 2395 4669 2542 4749; x_wconf 75' lang='grc' dir='ltr'><strong>ᾗπερ</strong></span> <span class='ocrx_word' id='word_1_601' title='bbox 2577 4675 2700 4746; x_wconf 81' lang='grc' dir='ltr'><strong>ἥξει</strong></span> <span class='ocrx_word' id='word_1_602' title='bbox 2735 4677 2968 4746; x_wconf 77' lang='grc' dir='ltr'><strong>Χριστὸς</strong></span> <span class='ocrx_word' id='word_1_603' title='bbox 2999 4679 3080 4740; x_wconf 85' lang='grc' dir='ltr'><strong>είς</strong></span> <span class='ocrx_word' id='word_1_604' title='bbox 3109 4678 3328 4731; x_wconf 88' lang='grc' dir='ltr'><strong>πάντων</strong></span> <span class='ocrx_word' id='word_1_605' title='bbox 3359 4679 3566 4748; x_wconf 75' lang='grc' dir='ltr'><strong>κρίσιν,</strong></span> 
     </span>
    </p>
   </div>
   <div class='ocr_carea' id='block_1_109' title="bbox 2532 4768 3592 4840">
    <p class='ocr_par' dir='ltr' id='par_1_109' title="bbox 2532 4768 3592 4840">
     <span class='ocr_line' id='line_1_109' title="bbox 2532 4768 3592 4840; baseline 0.005 -20"><span class='ocrx_word' id='word_1_606' title='bbox 2532 4768 2684 4821; x_wconf 84' lang='grc' dir='ltr'><strong>Ρ1Ε’.</strong></span> <span class='ocrx_word' id='word_1_607' title='bbox 2715 4797 2786 4807; x_wconf 88' lang='lat'><strong>——-</strong></span> <span class='ocrx_word' id='word_1_608' title='bbox 2813 4771 2918 4834; x_wconf 83' lang='grc' dir='ltr'><strong>Εἰς</strong></span> <span class='ocrx_word' id='word_1_609' title='bbox 2947 4768 3064 4837; x_wconf 82' lang='grc' dir='ltr'><strong>τὴν</strong></span> <span class='ocrx_word' id='word_1_610' title='bbox 3097 4770 3286 4824; x_wconf 83' lang='grc' dir='ltr'><strong>αὑτοῦ</strong></span> <span class='ocrx_word' id='word_1_611' title='bbox 3315 4771 3592 4840; x_wconf 76' lang='grc' dir='ltr'><strong>σύμϐιον.</strong></span> 
     </span>
    </p>
   </div>
   <div class='ocr_carea' id='block_1_110' title="bbox 2274 4853 3430 4932">
    <p class='ocr_par' dir='ltr' id='par_1_110' title="bbox 2274 4853 3430 4932">
     <span class='ocr_line' id='line_1_110' title="bbox 2274 4853 3430 4932; baseline 0.003 -20"><span class='ocrx_word' id='word_1_612' title='bbox 2274 4861 2476 4930; x_wconf 81' lang='grc' dir='ltr'><strong>Ἀννης</strong></span> <span class='ocrx_word' id='word_1_613' title='bbox 2499 4859 2560 4912; x_wconf 86' lang='grc' dir='ltr'><strong>τδ</strong></span> <span class='ocrx_word' id='word_1_614' title='bbox 2583 4859 2738 4930; x_wconf 80' lang='grc' dir='ltr'><strong>σῆμα</strong></span> <span class='ocrx_word' id='word_1_615' title='bbox 2766 4861 3033 4931; x_wconf 85' lang='grc' dir='ltr'><strong>συμφυῶς</strong></span> <span class='ocrx_word' id='word_1_616' title='bbox 3063 4853 3166 4916; x_wconf 83' lang='grc' dir='ltr'><strong>ὧδε</strong></span> <span class='ocrx_word' id='word_1_617' title='bbox 3191 4861 3430 4932; x_wconf 81' lang='grc' dir='ltr'><strong>βλέπεις,</strong></span> 
     </span>
    </p>
   </div>
   <div class='ocr_carea' id='block_1_111' title="bbox 2286 4949 3376 5023">
    <p class='ocr_par' dir='ltr' id='par_1_111' title="bbox 2286 4949 3376 5023">
     <span class='ocr_line' id='line_1_111' title="bbox 2286 4949 3376 5023; baseline 0.003 -18"><span class='ocrx_word' id='word_1_618' title='bbox 2286 4952 2372 5016; x_wconf 87' lang='lat'><strong>&#39;0;</strong></span> <span class='ocrx_word' id='word_1_619' title='bbox 2399 4949 2477 5022; x_wconf 84' lang='grc' dir='ltr'><strong>τῷ</strong></span> <span class='ocrx_word' id='word_1_620' title='bbox 2505 4951 2745 5019; x_wconf 76' lang='grc' dir='ltr'><strong>συνεύνῳ</strong></span> <span class='ocrx_word' id='word_1_621' title='bbox 2773 4969 2837 5005; x_wconf 89' lang='grc' dir='ltr'><strong>συ</strong></span> <span class='ocrx_word' id='word_1_622' title='bbox 2847 4954 3239 5023; x_wconf 84' lang='grc' dir='ltr'><strong>μφρονησάσης</strong></span> <span class='ocrx_word' id='word_1_623' title='bbox 3265 4953 3376 5020; x_wconf 82' lang='grc' dir='ltr'><strong>ίσα,</strong></span> 
     </span>
    </p>
   </div>
   <div class='ocr_carea' id='block_1_112' title="bbox 2272 5045 3454 5119">
    <p class='ocr_par' dir='ltr' id='par_1_112' title="bbox 2272 5045 3454 5119">
     <span class='ocr_line' id='line_1_112' title="bbox 2272 5045 3454 5119; baseline 0.002 -19"><span class='ocrx_word' id='word_1_624' title='bbox 2272 5045 2474 5100; x_wconf 80' lang='grc' dir='ltr'><strong>Παθεῖν</strong></span> <span class='ocrx_word' id='word_1_625' title='bbox 2502 5045 2786 5116; x_wconf 77' lang='grc' dir='ltr'><strong>χωρισμὸν</strong></span> <span class='ocrx_word' id='word_1_626' title='bbox 2808 5046 2990 5099; x_wconf 80' lang='grc' dir='ltr'><strong>εἵνεκα</strong></span> <span class='ocrx_word' id='word_1_627' title='bbox 3017 5047 3259 5116; x_wconf 88' lang='grc' dir='ltr'><strong>Χριστοῦ</strong></span> <span class='ocrx_word' id='word_1_628' title='bbox 3289 5049 3454 5119; x_wconf 86' lang='grc' dir='ltr'><strong>μάλα.</strong></span> 
     </span>
    </p>
   </div>
   <div class='ocr_carea' id='block_1_113' title="bbox 2272 5135 3543 5207">
    <p class='ocr_par' dir='ltr' id='par_1_113' title="bbox 2272 5135 3543 5207">
     <span class='ocr_line' id='line_1_113' title="bbox 2272 5135 3543 5207; baseline 0.003 -18"><span class='ocrx_word' id='word_1_629' title='bbox 2272 5135 2383 5189; x_wconf 82' lang='grc' dir='ltr'><strong>Καὶ</strong></span> <span class='ocrx_word' id='word_1_630' title='bbox 2408 5135 2469 5189; x_wconf 84' lang='grc' dir='ltr'><strong>τὺ</strong></span> <span class='ocrx_word' id='word_1_631' title='bbox 2504 5137 2777 5207; x_wconf 83' lang='grc' dir='ltr'><strong>μονήρους</strong></span> <span class='ocrx_word' id='word_1_632' title='bbox 2811 5138 3162 5192; x_wconf 81' lang='grc' dir='ltr'><strong>ἀσπάσασθαι</strong></span> <span class='ocrx_word' id='word_1_633' title='bbox 3187 5139 3286 5193; x_wconf 77' lang='grc' dir='ltr'><strong>σὺν</strong></span> <span class='ocrx_word' id='word_1_634' title='bbox 3313 5141 3543 5206; x_wconf 84' lang='grc' dir='ltr'><strong>τέκνοις,</strong></span> 
     </span>
    </p>
   </div>
   <div class='ocr_carea' id='block_1_114' title="bbox 2272 5226 3326 5302">
    <p class='ocr_par' dir='ltr' id='par_1_114' title="bbox 2272 5226 3326 5302">
     <span class='ocr_line' id='line_1_114' title="bbox 2272 5226 3326 5302; baseline 0.005 -23"><span class='ocrx_word' id='word_1_635' title='bbox 2272 5226 2396 5280; x_wconf 81' lang='grc' dir='ltr'><strong>Βίον</strong></span> <span class='ocrx_word' id='word_1_636' title='bbox 2427 5227 2648 5297; x_wconf 81' lang='grc' dir='ltr'><strong>φαεινὸν</strong></span> <span class='ocrx_word' id='word_1_637' title='bbox 2675 5230 3076 5302; x_wconf 81' lang='grc' dir='ltr'><strong>οὐρανοκτήτου</strong></span> <span class='ocrx_word' id='word_1_638' title='bbox 3111 5230 3326 5295; x_wconf 80' lang='grc' dir='ltr'><strong>κλέους.</strong></span> 
     </span>
    </p>
   </div>
   <div class='ocr_carea' id='block_1_115' title="bbox 2274 5318 3430 5392">
    <p class='ocr_par' dir='ltr' id='par_1_115' title="bbox 2274 5318 3430 5392">
     <span class='ocr_line' id='line_1_115' title="bbox 2274 5318 3430 5392; baseline 0.003 -20"><span class='ocrx_word' id='word_1_639' title='bbox 2274 5318 2438 5372; x_wconf 87' lang='grc' dir='ltr'><strong>Ὅθεν</strong></span> <span class='ocrx_word' id='word_1_640' title='bbox 2468 5336 2533 5387; x_wconf 87' lang='grc' dir='ltr'><strong>γε</strong></span> <span class='ocrx_word' id='word_1_641' title='bbox 2563 5319 2738 5390; x_wconf 81' lang='grc' dir='ltr'><strong>καύτὴ</strong></span> <span class='ocrx_word' id='word_1_642' title='bbox 2771 5322 3069 5392; x_wconf 79' lang='grc' dir='ltr'><strong>προσμένει</strong></span> <span class='ocrx_word' id='word_1_643' title='bbox 3095 5322 3194 5392; x_wconf 84' lang='grc' dir='ltr'><strong>τὴν</strong></span> <span class='ocrx_word' id='word_1_644' title='bbox 3220 5323 3430 5388; x_wconf 82' lang='grc' dir='ltr'><strong>ἐλπίδα,</strong></span> 
     </span>
    </p>
   </div>
   <div class='ocr_carea' id='block_1_116' title="bbox 2273 5410 3499 5484">
    <p class='ocr_par' dir='ltr' id='par_1_116' title="bbox 2273 5410 3499 5484">
     <span class='ocr_line' id='line_1_116' title="bbox 2273 5410 3499 5484; baseline 0.004 -22"><span class='ocrx_word' id='word_1_645' title='bbox 2273 5410 2418 5481; x_wconf 77' lang='grc' dir='ltr'><strong>Πρὸς</strong></span> <span class='ocrx_word' id='word_1_646' title='bbox 2443 5410 2679 5482; x_wconf 75' lang='grc' dir='ltr'><strong>Χριστὸν</strong></span> <span class='ocrx_word' id='word_1_647' title='bbox 2707 5411 2869 5465; x_wconf 81' lang='grc' dir='ltr'><strong>αὐτὸν</strong></span> <span class='ocrx_word' id='word_1_648' title='bbox 2901 5412 3329 5484; x_wconf 87' lang='grc' dir='ltr'><strong>οὐρανοδραμείν</strong></span> <span class='ocrx_word' id='word_1_649' title='bbox 3354 5415 3499 5477; x_wconf 81' lang='grc' dir='ltr'><strong>τότε,</strong></span> 
     </span>
    </p>
   </div>
   <div class='ocr_carea' id='block_1_117' title="bbox 2275 5503 3535 5578">
    <p class='ocr_par' dir='ltr' id='par_1_117' title="bbox 2275 5503 3535 5578">
     <span class='ocr_line' id='line_1_117' title="bbox 2275 5503 3535 5578; baseline 0.007 -23"><span class='ocrx_word' id='word_1_650' title='bbox 2275 5503 2393 5556; x_wconf 82' lang='grc' dir='ltr'><strong>⁰Οτ’</strong></span> <span class='ocrx_word' id='word_1_651' title='bbox 2420 5504 2486 5558; x_wconf 75' lang='grc' dir='ltr'><strong>ἄν</strong></span> <span class='ocrx_word' id='word_1_652' title='bbox 2516 5520 2622 5576; x_wconf 84' lang='grc' dir='ltr'><strong>περ</strong></span> <span class='ocrx_word' id='word_1_653' title='bbox 2643 5504 2748 5576; x_wconf 77' lang='grc' dir='ltr'><strong>ἧξῃ</strong></span> <span class='ocrx_word' id='word_1_654' title='bbox 2778 5507 2872 5559; x_wconf 90' lang='grc' dir='ltr'><strong>τοῦ</strong></span> <span class='ocrx_word' id='word_1_655' title='bbox 2899 5506 3084 5578; x_wconf 84' lang='grc' dir='ltr'><strong>κρίναι</strong></span> <span class='ocrx_word' id='word_1_656' title='bbox 3109 5507 3335 5578; x_wconf 76' lang='grc' dir='ltr'><strong>βροτοὺς</strong></span> <span class='ocrx_word' id='word_1_657' title='bbox 3358 5509 3535 5574; x_wconf 83' lang='grc' dir='ltr'><strong>ὅλους.</strong></span> 
     </span>
    </p>
   </div>
   <div class='ocr_carea' id='block_1_118' title="bbox 2661 5597 3482 5668">
    <p class='ocr_par' dir='ltr' id='par_1_118' title="bbox 2661 5597 3482 5668">
     <span class='ocr_line' id='line_1_118' title="bbox 2661 5597 3482 5668; baseline 0.006 -19"><span class='ocrx_word' id='word_1_658' title='bbox 2661 5597 2829 5664; x_wconf 71' lang='grc' dir='ltr'><strong>Ριςο.</strong></span> <span class='ocrx_word' id='word_1_659' title='bbox 2858 5630 2921 5639; x_wconf 90' lang='grc'><strong>-</strong></span> <span class='ocrx_word' id='word_1_660' title='bbox 2940 5600 3043 5662; x_wconf 64' lang='lat' dir='ltr'><strong>El;</strong></span> <span class='ocrx_word' id='word_1_661' title='bbox 3070 5599 3482 5668; x_wconf 73' lang='grc' dir='ltr'><strong>κοιμηθεῖσαν.</strong></span> 
     </span>
    </p>
   </div>
   <div class='ocr_carea' id='block_1_119' title="bbox 2285 5685 3467 5766">
    <p class='ocr_par' dir='ltr' id='par_1_119' title="bbox 2285 5685 3467 5766">
     <span class='ocr_line' id='line_1_119' title="bbox 2285 5685 3467 5766; baseline 0.004 -26"><span class='ocrx_word' id='word_1_662' title='bbox 2285 5685 2479 5758; x_wconf 79' lang='grc' dir='ltr'><strong>Ἐσθλὴ</strong></span> <span class='ocrx_word' id='word_1_663' title='bbox 2509 5689 2789 5754; x_wconf 86' lang='grc' dir='ltr'><strong>γυναικῶν</strong></span> <span class='ocrx_word' id='word_1_664' title='bbox 2816 5689 2874 5743; x_wconf 77' lang='grc' dir='ltr'><strong>ἐν</strong></span> <span class='ocrx_word' id='word_1_665' title='bbox 2908 5707 2966 5743; x_wconf 90' lang='grc' dir='ltr'><strong>τε</strong></span> <span class='ocrx_word' id='word_1_666' title='bbox 2996 5690 3178 5743; x_wconf 83' lang='grc' dir='ltr'><strong>πίστει</strong></span> <span class='ocrx_word' id='word_1_667' title='bbox 3210 5694 3307 5745; x_wconf 78' lang='grc' dir='ltr'><strong>καὶ</strong></span> <span class='ocrx_word' id='word_1_668' title='bbox 3346 5693 3467 5766; x_wconf 81' lang='grc' dir='ltr'><strong>βίῳ,</strong></span> 
     </span>
    </p>
   </div>
   <div class='ocr_carea' id='block_1_120' title="bbox 2288 5779 3308 5856">
    <p class='ocr_par' dir='ltr' id='par_1_120' title="bbox 2288 5779 3308 5856">
     <span class='ocr_line' id='line_1_120' title="bbox 2288 5779 3308 5856; baseline 0.003 -23"><span class='ocrx_word' id='word_1_669' title='bbox 2288 5779 2351 5834; x_wconf 81' lang='grc' dir='ltr'><em>Ἢ</em></span> <span class='ocrx_word' id='word_1_670' title='bbox 2377 5779 2502 5852; x_wconf 72' lang='grc' dir='ltr'><strong>τῇδε</strong></span> <span class='ocrx_word' id='word_1_671' title='bbox 2528 5781 2683 5835; x_wconf 84' lang='grc' dir='ltr'><strong>θεῖσα</strong></span> <span class='ocrx_word' id='word_1_672' title='bbox 2715 5782 2773 5835; x_wconf 81' lang='grc' dir='ltr'><strong>τὸ</strong></span> <span class='ocrx_word' id='word_1_673' title='bbox 2797 5781 3026 5846; x_wconf 83' lang='grc' dir='ltr'><strong>κλεῶδες</strong></span> <span class='ocrx_word' id='word_1_674' title='bbox 3063 5783 3308 5856; x_wconf 83' lang='grc' dir='ltr'><strong>σαρκίον,</strong></span> 
     </span>
    </p>
   </div>
   <div class='ocr_carea' id='block_1_121' title="bbox 3685 287 3852 354">
    <p class='ocr_par' dir='ltr' id='par_1_121' title="bbox 3685 287 3852 354">
     <span class='ocr_line' id='line_1_121' title="bbox 3685 287 3852 354; baseline 0 0"><span class='ocrx_word' id='word_1_675' title='bbox 3685 287 3852 354; x_wconf 82' lang='grc'><strong>1808</strong></span> 
     </span>
    </p>
   </div>
  </div>
