4122 6382
353 379 489 444 1809

351 500 466 553 Καὶ
490 495 710 566 πνεῦμα
738 493 908 550 δοῦσα
931 496 1006 567 τῷ
1040 495 1160 566 Θεῷ
1185 496 1279 550 καὶ
1311 496 1578 569 Δεσπότῃ.

352 593 451 653 ’ος
479 589 792 661 εὐδόκησεν,
827 589 1090 643 Εὑδοκίαν
1121 589 1348 652 είκότως

346 682 563 752 Ταύτην
588 681 872 736 καλεῖσθαι
896 681 974 752 τῷ
1008 681 1223 753 φερωνύ
1233 698 1318 752 μῳ
1339 681 1547 752 τρόπῳ,

357 776 446 840 Ὠς
467 774 854 846 εὐδοκηθεῖσόιν
882 791 946 842 γε
979 773 1284 842 παγκάλοις
1316 773 1563 845 τρόποις,

346 868 453 921 Σὺν
481 867 635 938 ἀνδρὶ
659 865 855 938 κλεινῷ
885 866 1084 936 σεμνὸν
1109 866 1316 931 ὲξοῖσαι
1340 865 1479 935 βίον.

347 957 467 1013 Κᾶν
493 957 572 1028 τῷ
595 956 875 1027 τελευτᾷν,
904 956 1236 1010 εύδωθείσαν
1266 956 1447 1010 κλίναι

348 1049 494 1121 Πρδς
519 1049 704 1102 πίστιν
728 1047 895 1119 ὀρθὴν
927 1046 1018 1102 τδν
1043 1046 1291 1116 φύσαντα
1319 1047 1554 1118 πατέρα.

289 1173 332 1214 γλ,
718 1139 865 1194 PIZ'.
889 1169 962 1179 —
991 1141 1096 1205 Εἰς
1129 1139 1544 1208 κοιμηθεῖσαν.

346 1231 664 1303 Εὓχρηστον
693 1229 861 1295 ὅντως
885 1231 1078 1293 σκεῦος
1109 1229 1472 1302 ἡγιασμένον,

359 1321 700 1376 Ἰσοστατοῦν
723 1339 787 1390 γε
812 1321 1229 1394 χρυσοκολλὴτῳ
1257 1321 1468 1390 στέφει,

359 1415 605 1478 Ῥαντοῖς
632 1413 844 1467 καλοῖσι
880 1414 1188 1486 μαργὰροις
1217 1414 1570 1484 ηὺγασμένῳ,

359 1505 426 1558 Ἦ
455 1506 580 1576 τῇδε
610 1505 767 1558 θεῖσα
788 1505 850 1558 τὸ
876 1504 1182 1576 τρισόλϐιον
1211 1505 1402 1576 δέμας.

344 1599 486 1651 Νέου
514 1597 624 1669 γὰρ
647 1597 840 1666 ἀνδρὸς
863 1596 1102 1668 ἐκτομὴν
1127 1597 1431 1660 ὑποστάσα,

349 1689 563 1758 Ἥρωος
595 1688 757 1742 ἄλλου
787 1685 867 1758 τῷ
895 1686 1073 1740 σθένει
1103 1685 1197 1740 καὶ
1228 1685 1307 1756 τῷ
1330 1686 1499 1750 κλέει,

349 1779 492 1849 Πρὸς
541 1779 831 1850 Ἀρμενίας
858 1781 972 1832 τοῖν
997 1778 1144 1832 δυοῖν
1166 1777 1536 1850 ὡρμημένων,

350 1873 607 1942 Ἀριστον
641 1867 736 1944 ᾖδε
763 1871 926 1925 τοῦτο
948 1872 1209 1944 κέκρικεν
1238 1871 1404 1942 μάλα,

346 1965 428 2016 Τὰ
456 1965 634 2018 πάντα
657 1961 838 2017 δοῦναι
871 1964 950 2036 τῷ
975 1963 1094 2034 Θεῷ
1127 1963 1222 2016 καὶ
1251 1963 1520 2034 Δεσπότῃ,

359 2053 736 2108 Ῥακοστολεῖν
759 2053 818 2107 δὲ
847 2052 926 2124 τῷ
951 2052 1266 2125 μοναστικῷ
1291 2053 1499 2125 τρόπῳ.

351 2146 450 2199 "lor.
474 2146 740 2217 κράτιστα
767 2146 1058 2216 τοιγαροῦν
1084 2147 1142 2199 ὲν
1169 2145 1248 2216 τῷ
1277 2145 1398 2216 βίῳ,

347 2238 570 2307 Κόσμον
605 2236 880 2308 φέρουσαν
901 2237 1000 2310 τὴν
1029 2237 1292 2308 ταπεινὴν
1321 2237 1573 2308 καρδίαν,

361 2329 785 2400 Ἰσοσμάραγδον
810 2329 909 2401 τὴν
944 2329 1073 2401 ῥοὴν
1100 2329 1210 2384 τῶν
1242 2328 1515 2399 δακρύων,

351 2421 668 2490 Ἀγρυπνον
693 2421 872 2490 δμμα,
897 2421 991 2474 xui.
1011 2421 1321 2492 προσευχὴν
1341 2420 1416 2484 ὡς
1441 2424 1577 2485 φάος
1593 2437 1607 2453 ο

348 2511 533 2583 Ταύτῃ
564 2512 764 2565 τελειοῖ
787 2515 878 2565 καί
905 2528 969 2580 γε
1001 2511 1160 2574 θείως
1186 2512 1278 2564 τὸν
1301 2512 1523 2581 δρόμον,

361 2603 844 2675 Ἀπροσπέλαστον
869 2603 1256 2676 αἱρετιζόντων
1278 2603 1476 2676 πλάνῃ.

349 2694 582 2750 Διπλοῦν
608 2696 664 2748 δὲ
689 2694 864 2766 δῶρον
891 2695 969 2765 τῷ
997 2694 1116 2766 Θεῷ
1145 2696 1530 2766 προσηγμένη,

355 2788 509 2859 Ἔχει
533 2788 595 2841 τὸ
623 2787 838 2860 χαίρειν
872 2788 968 2840 σὺν
986 2787 1214 2852 δικαίοις
1237 2789 1318 2852 είς
1350 2789 1520 2842 ἅπαν.

858 2881 1013 2934 PIH'.
1035 2911 1105 2923 —
1129 2879 1223 2949 ,Τῇ
1254 2879 1435 2948 αὐτῇ.

362 2971 421 3024 ὀ
450 2971 627 3042 χῶρος
653 2969 846 3034 ὲσθλδς
873 2971 990 3042 (καὶ
1013 2971 1124 3042 γὰρ
1154 2972 1391 3042 Εἰρήνης
1416 2972 1610 3042 τάφος)

349 3061 712 3134 Είρηνοποιὸν.
736 3062 874 3132 πρὸς
904 3062 1038 3116 Θεὸν
1068 3061 1303 3131 σχούσης
1329 3061 1465 3131 βίον.

761 3153 912 3208 ΡΙΘ’.
939 3183 1011 3194 —
1039 3155 1147 3218 Εἰς
1179 3154 1516 3208 Διονύσιον.

348 3245 532 3316 τάφος
556 3246 774 3318 πέφηνα
807 3247 1086 3300 Διονυσίου
1125 3247 1289 3316 μάλα,

347 3337 514 3391 Ξένου
548 3338 840 3407 μοναστοΰ,
875 3337 1165 3398 πυκτικοῦ,
1197 3338 1490 3407 κατηκόου,

351 3428 587 3492 Πολλοὺς
611 3429 912 3501 δραμόντος
942 3429 1251 3499 δρθοδοξίας
1278 3431 1536 3502 δρόμους,

349 3521 462 3574 Καὶ
490 3521 870 3592 μαρτύραθλον
891 3520 1276 3586 έξαποίσαντος
1301 3524 1470 3586 τέλος.

587 3611 716 3666 PK’.
745 3643 818 3652 —
846 3614 952 3679 Εἰς
977 3612 1224 3667 εἴσοδον
1245 3617 1678 3683 μοναστηρίου.

355 3705 558 3776 Ἂννης
590 3704 814 3776 ἀπαρχὴ
841 3704 916 3775 τῷ
945 3703 1084 3774 Θεῷ,
1115 3704 1210 3757 καὶ
1240 3707 1506 3778 Δεσπότῃ,

363 3797 428 3850 Ἦ
456 3796 583 3868 τῇδε
621 3798 834 3868 μάνδρα
857 3796 952 3849 καὶ
979 3795 1116 3867 μονὴ
1143 3794 1438 3866 σεὸασμία,

363 3889 762 3959 Ἐπωνυμοῦσα
782 3889 881 3958 τῆς
905 3887 1183 3956 πανάγνου
1206 3887 1506 3959 Παρθένου,

350 3979 462 4032 Καὶ
484 3979 786 4050 παρθένους
821 3980 1062 4050 φέρουσα
1085 3979 1485 4048 νυμφιοκλέως,

365 4070 703 4140 Ἀσκητικῶς
725 4071 822 4142 ζῇν
851 4069 1052 4134 ὲνθέως
1085 4054 1430 4142 διαπρέπειν.

369 4159 540 4230 ’Υπέρ
572 4179 632 4214 τε
664 4161 859 4233 λύτρον
887 4161 996 4215 τῶν
1016 4162 1155 4217 ὅλων
1187 4163 1540 4234 ἁμαρτάδων,

351 4254 532 4320 Αύτῆς
563 4271 626 4322 γε
656 4253 886 4326 ταύτης,
912 4255 1006 4307 καὶ
1031 4254 1257 4318 Λέοντος
1290 4255 1546 4326 συζύγου,

352 4344 487 4398 Μεθ’
507 4336 583 4398 ὧν
621 4345 872 4398 Ἰωάννου
897 4361 979 4407 τε,
1011 4344 1268 4413 φιλτάτου
1295 4345 1507 4398 τέκνου.

602 4433 780 4489 PKA'.
809 4463 880 4475 -η-
913 4435 1018 4500 Εὶς
1052 4436 1346 4503 Θεόφιλον
1376 4434 1678 4491 διάκονον.

353 4523 529 4596 Πολλὴ
560 4525 903 4596 πρόσεστινή
934 4524 1169 4593 σεϐαστή
1202 4541 1283 4577 σοι
1309 4526 1490 4596 χάρις,

352 4621 474 4674 Ὅτι
508 4620 642 4684 πρὸς
672 4620 828 4691 ἡμῶν
853 4619 1006 4674 οὐδὲν
1026 4620 1295 4689 ὲσχηκυῖά
1322 4636 1398 4686 τι,

354 4710 416 4764 Ei
449 4714 522 4782 μὴ
547 4711 865 4783 προσευχῶν
885 4711 994 4764 τῶν
1028 4711 1368 4781 ἁμαρτωλῶν
1401 4711 1572 4781 γέρας
1595 4727 1611 4742 ⁶

355 4801 522 4857 Οὔπω
554 4805 829 4859 πέπαυται
857 4803 1193 4875 προσφέρειν
1215 4806 1348 4874 ἡμῖν
1367 4803 1568 4867 δόσεις,

355 4892 574 4961 Ἀσπερ
601 4895 856 4958 λαϐόντες
879 4895 974 4948 καὶ
1004 4895 1169 4949 πάλιν
1194 4895 1555 4966 φιλοφρόνως,

355 4985 743 5055 Προσοῐσωμέν
777 5002 858 5040 σοι
882 4985 961 5056 τῷ
986 4986 1124 5057 φίλῳ
1147 4987 1215 5040 τὰ
1237 4986 1345 5039 τῶν
1370 4987 1564 5056 φίλων.

1850 383 2088 444 IAMBI.
2846 370 2863 387 '
3449 381 3586 448 1810

1955 504 2004 557 Α
2031 495 2168 551 Cum
2195 497 2509 554 tradidisset
2535 497 2792 568 spiritum
2830 493 3065 552 Domino
3099 510 3162 552 ac
3189 495 3302 551 Deo
3331 515 3344 552 :

2027 589 2130 644 Cui
2167 589 2294 658 jure
2324 601 2538 661 gratum
2570 589 2751 644 fuerat
2789 588 3088 644 Eudociam
3117 591 3326 660 optimo

2027 681 2167 745 Dici,
2197 691 2360 751 atque
2386 698 2587 738 nomen
2617 683 2914 738 convenire
2936 683 3180 736 moribus
3207 700 3222 736 :

2028 773 2178 840 Quos
2213 783 2434 845 propter
2461 774 2553 829 illa
2581 774 2792 845 plaCuit
2813 773 2972 829 unice
2995 773 3274 835 omnibus,

2031 866 2298 922 Praeclaro
2331 869 2617 924 honestam
2646 883 2771 922 cum
2794 868 2914 922 viro
2936 867 3104 921 vitam
3137 866 3381 936 exigens.

2027 959 2316 1027 C‘uvsuque
2347 961 2592 1016 moriens
2621 959 2862 1015 evolavit
2889 975 3151 1030 prospero

2029 1047 2170 1104 Hinc
2199 1049 2266 1104 ad
2298 1061 2604 1121 parentem.
2635 1051 2728 1121 qui
2760 1051 2922 1106 ﬁdem
2963 1060 3165 1104 rectam
3197 1049 3418 1105 indidit.

2449 1141 2656 1196 CXVII.
2703 1173 2775 1183 —
2800 1143 2863 1197 In
2903 1142 3184 1211 sepultam.

2101 1231 2232 1295 Vas,
2267 1231 2403 1298 haec,
2437 1234 2992 1304 sacratum‘idemque
3019 1234 3317 1303 pretiosum
3348 1231 3468 1296 fuit,

2029 1325 2224 1392 (Quale
2243 1334 2298 1380 et
2321 1341 2540 1381 coronae
2570 1342 2680 1381 non
2707 1328 2780 1381 sit
2807 1328 2984 1396 impar
3015 1341 3221 1390 aurem,

2029 1417 2291 1473 Distincta
2324 1419 2554 1490 gemmis
2583 1435 2706 1489 qua}
2739 1419 2810 1473 sit
2837 1419 3005 1473 etiam
3032 1418 3252 1486 lucidis)

2027 1504 2160 1573 Quae
2188 1516 2267 1561 ter
2293 1506 2511 1562 beatum
2539 1521 2739 1577 corpus
2779 1507 2903 1563 istic
2930 1506 3193 1563 condidit.

2025 1596 2254 1652 Juvenis
2283 1598 2464 1652 mariti
2502 1613 2740 1667 namque
2771 1607 2998 1652 mortem
3036 1599 3342 1665 sustinens,

2027 1688 2131 1756 Qui
2162 1689 2356 1744 robore
2376 1690 2539 1744 heros
2567 1690 2705 1744 alter
2730 1705 2796 1744 ac
2823 1688 2966 1744 fama
3001 1690 3234 1750 exstitit,

2030 1780 2184 1836 Tunc
2217 1797 2340 1836 cum
2376 1781 2644 1836 referrent
2671 1782 2832 1836 ambo
2865 1782 2934 1836 ab
2959 1781 3214 1835 Armenia
3247 1782 3435 1851 pedem
3466 1799 3480 1836 :

1951 1839 1998 1898 Β
2029 1872 2142 1928 Sibi
2175 1888 2298 1929 esse
2326 1871 2474 1927 factu
2498 1872 2769 1942 judicavit
2820 1873 3110 1941 optimum,

2029 1966 2138 2020 Deo
2171 1977 2333 2033 atque
2362 1965 2593 2020 Domino
2622 1973 2816 2018 cuncta
2847 1979 3070 2032 prorsus
3102 1963 3334 2028 tradere,

2026 2059 2095 2115 Et
2132 2069 2282 2114 veste
2310 2059 2429 2123 vili,
2454 2074 2605 2112 more
2622 2057 3041 2122 monachorum,
3073 2056 3248 2110 indui.

2028 2150 2236 2206 Exinde
2269 2151 2396 2205 vitae
2423 2159 2637 2220 tempus
2671 2148 2780 2218 egit
2821 2163 3102 2218 prospere,

2027 2243 2134 2298 Cor
2167 2243 2392 2310 humile,
2425 2243 2607 2298 cultus
2632 2243 2808 2296 instar
2833 2240 3044 2305 eximii,
3080 2256 3277 2309 gerens
3306 2259 3319 2295 :

2029 2333 2249 2390 Similes
2278 2335 2584 2405 smaragdis
2615 2335 2995 2406 lacrymasque
3024 2333 3298 2395 funderet,

2027 2426 2302 2482 Insomnis
2331 2428 2527 2483 oculus
2551 2442 2648 2497 pro
2667 2427 2785 2482 face
2817 2439 2870 2481 et
2893 2442 3084 2496 preces
3133 2424 3312 2480 forent
3337 2442 3352 2478 :

2027 2517 2270 2586 Quarum
2298 2535 2400 2590 ope
2426 2528 2699 2574 sacratum
2733 2519 2834 2574 rite
2862 2534 3085 2572 cursum
3113 2517 3435 2580 absolveret,

2028 2611 2234 2664 Intacta
2269 2611 2488 2680 penitus
2518 2610 2790 2664 haeresum
2825 2609 3081 2664 fallaciis.

2027 2701 2276 2770 Cumque
2308 2702 2396 2755 illa
2430 2703 2708 2772 geminum
2733 2717 2937 2756 munus
2970 2699 3233 2753 obtulerit
3265 2697 3392 2762 Deo,

2029 2793 2296 2852 Permista
2328 2795 2554 2860 sanctis,
2578 2796 2772 2866 gaudia
2808 2805 3005 2848 {eterna
3027 2793 3253 2846 obtinet.

2543 2883 2781 2939 CXVIII.
2807 2915 2880 2924 —
2907 2883 3116 2936 Eidem.

2029 2974 2211 3031 Locus
2237 2977 2555 3048 auspicatus
2588 2977 2699 3040 hic,
2736 2977 2826 3030 ubi
2850 2976 3002 3030 lrene
3027 2975 3194 3044 jacet,

2031 3067 2164 3132 Quae
2185 3066 2334 3135 pacis
2357 3083 2534 3136 usque
2554 3082 2676 3120 cum
2706 3067 2816 3120 Deo
2838 3066 3035 3120 cultrix
3067 3066 3190 3120 fuit.

1953 3181 1997 3237 (ς
2431 3155 2619 3213 CXIX.
2645 3186 2716 3198 —-—
2745 3157 2808 3212 In
2837 3156 3172 3228 Dionysium.

2028 3247 2178 3304 Jacet
2199 3249 2305 3306 hoc
2327 3251 2578 3320 sepulcro
2599 3249 2852 3305 conditus
2886 3249 3200 3321 Dionysius,

2027 3341 2130 3408 Qui
2156 3343 2479 3407 monachus,
2507 3343 2730 3411 hospes,
2769 3357 2834 3396 ac
2863 3343 3011 3412 pugil
3039 3341 3236 3396 docilis
3263 3339 3388 3407 fuit,

2027 3431 2198 3486 Multo
2219 3441 2274 3487 et
2299 3432 2486 3487 labore
2512 3447 2610 3501 pro
2641 3432 2744 3486 [ide
2765 3441 2851 3487 est
2885 3434 3183 3498 exercitus,

2028 3525 2348 3596 CIausitque
2376 3540 2650 3595 pugnans.
2685 3534 2911 3597 martyr,
2940 3535 3244 3580 extremum
3280 3525 3448 3580 diem.

2340 3617 2504 3672 CXX.
2532 3649 2604 3659 —
2642 3617 2710 3672 1η
2737 3619 3047 3672 monasterii
3066 3619 3295 3672 aditum.

2031 3707 2142 3766 Deo
2169 3718 2334 3778 atque
2375 3711 2608 3765 Domino
2640 3711 2740 3765 has
2769 3711 2924 3764 Anna
2951 3710 3221 3780 primitias
3243 3709 3417 3769 dedit.

2035 3800 2316 3855 Mandram
2345 3801 2507 3868 hanc,
2536 3801 2964 3870 monasteriique
2982 3802 3344 3856 venerandam
3362 3803 3610 3865 domum,

2035 3892 2166 3959 Qua:
2184 3902 2340 3947 nacta
2375 3908 2575 3947 nomen
2595 3891 2838 3963 Virginis
2858 3907 2953 3947 san
2966 3892 3247 3955 ctissimae,

2033 3984 2344 4054 'I'itulisquc
2374 3985 2559 4054 Sponsi
2593 3985 2832 4054 virgines
2859 3984 3035 4038 claras
3069 3985 3252 4046 habet,

2032 4073 2284 4130 Caelestis
2311 4073 2423 4128 illic
2451 4073 2630 4127 studia
2667 4089 2808 4143 quas
2842 4075 2967 4128 vita:
3013 4074 3263 4128 excolam
3291 4093 3304 4128 :

2038 4161 2217 4234 thue
2240 4163 2579 4218 redimantur
2601 4179 2830 4218 munere
2867 4164 2971 4218 hoc
3001 4165 3217 4234 piacula

2033 4253 2240 4307 Cuncta
2269 4251 2580 4322 ipsiusmet,
2615 4269 2676 4305 ac
2701 4251 2904 4308 Leonis
2938 4255 3221 4326 conjugis,

2031 4343 2262 4399 Joannis
2287 4343 2473 4408 etiam,
2496 4343 2588 4398 lilii
2617 4344 2951 4399 charissimi.

2273 4433 2463 4489 CXXI.
2506 4463 2575 4476 -ι
2606 4433 2674 4488 In
2711 4434 3053 4506 Theophilum
3083 4438 3385 4492 diaconum.

1965 4516 2012 4572 Ι)
2109 4527 2248 4596 Tua,
2282 4529 2368 4581 vir
2396 4528 2647 4589 colende,
2689 4529 2926 4582 maxima
2964 4539 3050 4584 est
3076 4531 3408 4602 benignitas.

2039 4619 2194 4676 l-Iaud
2221 4621 2328 4675 ulla
2361 4635 2598 4690 namque
2625 4621 2768 4675 dona
2790 4622 3104 4677 dederimus
3134 4625 3280 4690 licet,

2037 4709 2151 4767 Nisi
2182 4725 2320 4780 quas
2347 4711 2541 4766 miselli
2566 4710 2849 4766 fundimus
2874 4727 2972 4782 pro
3003 4723 3054 4767 te
3072 4729 3262 4783 preces
3286 4735 3299 4783 ;

2037 4804 2249 4876 Largiri
2277 4813 2329 4858 at
2363 4803 2482 4874 ipse
2521 4819 2750 4858 munera
2783 4804 2927 4858 haud
2957 4821 3143 4862 cessas
3167 4825 3324 4864 nova.

2037 4896 2171 4963 Qua:
2193 4913 2294 4953 nos
2325 4897 2592 4952 benevolo
2607 4913 2806 4953 rursus
2835 4898 3020 4952 animo
3051 4903 3384 4971 accepimus,

2043 4988 2400 5056 Qumcunque
2435 4997 2716 5041 amantum
2750 4997 2896 5052 sunt,
2931 4993 3212 5058 repensuri
3246 4993 3363 5046 tibi.

445 5075 628 5129 -PKB'.
656 5101 725 5114 -—
747 5077 850 5142 Εἰς
887 5075 1207 5146 Πάμφιλον
1241 5076 1349 5130 τὸν
1377 5077 1832 5146 Τριμαλέθοντα.

353 5164 711 5236 Ψυχοφθόρος
733 5164 836 5236 θὴρ
871 5165 1153 5236 Πάμφιλος
1178 5165 1414 5237 δειχθεὶς
1435 5167 1575 5229 νέος,

365 5255 808 5328 Ἕξωστρακίσθη
835 5257 936 5327 τῆς
968 5259 1135 5328 μονῆς
1163 5259 1258 5313 τοῦ
1290 5261 1628 5331 Προδρόμου.

2165 5077 2374 5133 CXXII.
2417 5108 2486 5119 -—
2516 5078 2582 5133 In
2621 5080 2956 5146 Pamphilum
2987 5081 3478 5139 Trimaletlwntenr.

2040 5169 2220 5225 Pestis
2250 5171 2558 5225 animarum
2582 5172 2760 5226 bellua
2793 5189 2956 5237 nova,
2988 5173 3332 5246 Pamphilus,

2039 5259 2220 5330 Magni
2249 5261 2536 5315 abdicatus
2563 5263 2847 5331 prodromi.
2871 5265 2940 5318 ab
2972 5265 3140 5319 domo
3174 5266 3294 5320 iuit.

2250 5346 2481 5406 CXXIII.
2511 5380 2585 5392 ——
2609 5351 2854 5421 Epistola
2888 5355 2957 5407 ad
2989 5358 3418 5424 grammaticum.

2038 5439 2342 5498 Gemmata:
2372 5445 2425 5497 in
2448 5459 2586 5498 auro
2605 5446 2866 5500 tristicbae
2898 5447 3086 5516 pbrasi
3121 5458 3249 5512 tuae,

2039 5533 2382 5603 Smaragdini
2415 5539 2568 5607 pretii
2597 5553 2802 5608 repono
2829 5540 3070 5594 debitum
3098 5559 3114 5596 :

2035 5625 2115 5683 Tu
2146 5627 2279 5684 tnihi
2311 5643 2514 5685 canora
2531 5645 2724 5687 rursus
2745 5631 2862 5687 edis
2891 5633 3171 5692 carmina..

531 5347 706 5404 PKI".
740 5378 808 5388 —
840 5350 1167 5418 Ἐπιστολὴ
1207 5354 1294 5417 εἰς
1329 5357 1754 5422 γραμματικόν.

353 5440 433 5512 Τῇ
459 5441 724 5512 τριστίχῳ
751 5457 844 5494 σου
870 5458 1116 5513 χρυσομα
1128 5441 1314 5514 ργάρῳ
1344 5441 1362 5481 1
1393 5445 1611 5514 φράσει,

353 5533 805 5604 Σμαραγδότιμον
831 5532 1188 5602 ἀντεπεξάγω
1212 5533 1392 5603 χρέος.

351 5624 524 5689 Αὐτὸς
547 5624 592 5679 δ’
621 5624 767 5697 ᾁδοις
797 5642 888 5696 μοι
917 5625 1376 5697 μουσικοπρεπῶς
1401 5627 1564 5682 πάλιν
1591 5640 1652 5681 ω.

432 5816 453 5862 ι
480 5821 551 5876 al.
584 5819 1059 5892 χρυσομαρμάρῳ.
1169 5829 1204 5857 ι·
1237 5837 1324 5890 γρ.
1365 5818 1550 5874 πάλαι.
