4122 6382
593 311 724 376 1811

1749 317 1808 376 S.
1861 315 2252 378 THEODORI
2325 320 2672 383 STUDIT/E

3703 321 3860 388 181?.

587 421 821 481 CXXIV.
849 452 922 468 αι-
943 421 1286 496 Epigramma
1318 427 1375 480 in
1403 435 1646 482 sanctum
1674 423 1891 480 Patrem
1925 436 2130 478 nostrai

2232 479 2236 489 .
2263 431 2436 488 PKA'.
2459 465 2530 475 —
2567 437 2932 508 Ἐπίγραμμα
2959 441 3043 502 εις
3067 440 3174 494 τὸν
3203 439 3377 495 ὅσιον
3406 436 3638 507 Πατέρα
3671 437 3860 507 ἡμῶν

1217 513 1566 570 Theodorum.

588 602 840 660 Numinis
869 603 1056 662 aeterni
1081 604 1290 660 donum
1324 605 1576 674 regisque
1609 600 1874 672 supremi,

585 693 804 749 Clarum
821 703 878 750 et
896 695 1056 752 dulce
1093 696 1258 752 simul
1289 686 1485 748 nomen
1513 693 1856 756 Theodorus,
1883 691 1955 746 ob
1969 699 2090 746 acta

587 785 877 844 Prudentis
902 789 1056 843 vitae:
1089 798 1276 844 custos
1304 796 1624 842 mansuetus
1658 785 1838 849 ovilia,

584 877 818 936 Assidue
851 879 1191 950 fundensque
1220 893 1433 949 preces,
1464 888 1840 948 praeceptaque
1864 875 2083 932 tradens

583 971 835 1042 Egregia,
864 969 1202 1043 hymniferos
1230 971 1414 1025 divino
1441 971 1671 1040 psallere
1695 970 1806 1052 {itu

585 1061 826 1118 Studitas
858 1063 1081 1118 docuit:
1110 1079 1234 1132 qua:
1255 1061 1529 1118 fortunata
1555 1073 1786 1118 vocatur

581 1152 707 1210 Rite
732 1155 948 1221 domus,
979 1154 1276 1225 prodromo
1298 1153 1496 1209 Joanni
1524 1169 1705 1220 sacra,
1731 1151 1914 1208 beavit

581 1243 752 1312 Quem
782 1245 990 1306 Christi
1024 1245 1248 1306 uberior
1273 1263 1386 1317 prae
1416 1246 1636 1303 cunctis
1664 1244 1837 1314 gratia
1863 1243 2092 1300 sanctis.

2887 511 3212 578 Θεόδωρον.

2263 591 2444 662 Δῶρον
2473 594 2724 660 ἁειζώοιο
2748 595 2904 660 Θεοῦ,
2939 600 3192 670 μεγάλοιο
3217 601 3472 664 ἄνακτος.

2269 688 2512 758 Ἰμερόεν
2545 688 2903 760 περίπυστον,
2930 691 3017 744 ἐπ’
3039 692 3277 764 εὐλασέῃ
3305 690 3524 762 βιότοιο,

2255 779 2474 851 Οῢνομα
2510 781 2804 852 Θεόδωρος,
2843 783 3076 855 ποίμνης
3099 784 3404 856 ἡγεύμενος
3427 779 3558 853 ἦκα,

2251 871 2563 941 Νωλεμέως
2591 873 2806 943 νυχιῃσι
2833 874 2984 946 λιτῇς
3008 875 3083 928 [δε
3105 875 3322 940 τάξεσιν
3352 875 3564 938 ἄλλαις.

2261 961 2614 1032 ’Υμνοπόλων
2643 963 2958 1018 Θεότευκτον
2987 967 3231 1036 ἀγήνορα
3268 959 3447 1036 ὦρσεν
3484 967 3701 1036 ἀοιδὴν,

2247 1053 2498 1106 Σπουδίου
2521 1053 2588 1125 ἢν
2619 1055 2932 1124 κληῖζουσιν
2954 1056 3232 1129 ἀριπρεπέ
3261 1055 3276 1073 ⁹
3307 1057 3486 1110 ὄλϐιον
3515 1053 3696 1119 οἷκον,

2269 1147 2406 1218 Ἱρὸν
2445 1147 2711 1200 Ἰωάννοιο
2741 1147 2974 1218 Χριστοῦ
3007 1149 3334 1220 προδρόμου)
3359 1154 3564 1220 σοφοῖο,

2259 1237 2360 1290 Ὃν
2389 1253 2484 1289 κεν
2511 1235 2600 1290 ἐπ’
2631 1237 2840 1301 ἐσθλοῖς
2863 1247 2902 1274 ιιι
2934 1235 3138 1307 πλῆσεν
3164 1239 3423 1311 πλείστης
3452 1240 3764 1312 χαρίτεσσι.

1851 1377 2088 1436 VARI/f3
2131 1374 2536 1462 mansues.

648 1507 686 1532 ⁸
721 1499 980 1556 somniat.

582 1652 3824 1681 MM

1322 1773 1734 1862 SANCTI
1793 1766 2424 1860 THEODORI
2507 1768 3073 1859 STUDITIE

1833 2014 2103 2077 sumo
2153 2010 2412 2074 vaut
2440 2008 2550 2090 (1).

569 2212 824 2257 κωπίω
857 2211 908 2251 ιν
939 2207 1152 2251 ικιυκιι.
1180 2205 1246 2246 DE
1266 2201 1488 2244 ANIIOSB
1519 2199 1715 2240 SANCTA
1740 2198 2077 2239 TluNSEUNDA
2102 2199 2130 2245 ι]

2232 2195 2518 2247 ιΒΑϐΕόΙΙίΔ,
2554 2199 2622 2238 ετ
2650 2197 2700 2236 IN
2739 2198 3214 2241 EXEICITATIONEI
3261 2203 3459 2246 οΑισΑι
3484 2207 3834 2257 δεουικτει.

636 2431 858 2488 Fratres
886 2425 1186 2495 Patresque
1205 2460 1224 2489 ,
1263 2421 1437 2476 sancti
1489 2418 1724 2488 Spiritus
1772 2428 1870 2467 nos
1896 2408 2143 2480 benigni-
2171 2409 2219 2468 B
2246 2423 2351 2477 que
2372 2411 2684 2478 angelorum
2715 2429 3028 2484 consessus,
3065 2434 3131 2475 ac
3159 2430 3471 2476 sanctorum
3502 2425 3830 2495 respublica

567 2532 654 2580 tas
680 2521 746 2576 ad
776 2519 1097 2575 hodiernum
1121 2516 1263 2570 diem
1291 2513 1554 2578 valentes,
1585 2524 1685 2564 uec
1707 2506 1894 2578 paucis
1917 2501 2142 2574 prsccla-

568 2617 646 2671 ris
671 2613 832 2670 editis
856 2609 1194 2666 facinoribus
1214 2605 1458 2666 deduxit,
1486 2602 1578 2673 qui
1612 2612 1664 2656 et
1693 2599 1923 2660 labetur,
1951 2595 2138 2659 credo,

567 2721 733 2777 atque
789 2706 854 2760 ad
885 2703 1156 2774 vivilicam
1200 2715 1264 2754 ac
1293 2699 1628 2769 prmlustrem
1661 2689 2137 2748 Resurrectionem

569 2811 780 2854 mactos
824 2793 1204 2866 pulcherrimis
1249 2790 1524 2860 profectus
1569 2786 1739 2841 nostri
1782 2780 2139 2837 incrementis

567 2890 849 2961 provehet.
879 2885 1015 2941 Nam
1047 2883 1292 2954 repetite,
1327 2882 1788 2945 sultis,anteactaa
1822 2873 2137 2930 memoriam

568 2983 714 3047 vitae,
741 2989 795 3036 et
823 2977 1110 3046 intuemini
1143 2985 1366 3038 statum,
1395 2974 1488 3043 qui
1518 2971 1684 3026 fuerit
1710 2965 2039 3038 aliquando,
2074 2979 2140 3018 ac

557 3057 676 3143 quo
706 3085 849 3123 nunc
874 3065 1106 3123 evaserit
1129 3083 1144 3120 :
1165 3064 1382 3120 animus
1407 3061 1552 3117 enim
1576 3068 1731 3130 parta
1760 3056 1950 3111 salutis
1972 3054 2139 3110 semel

565 3163 876 3227 occasione,
904 3161 1044 3216 clam
1075 3173 1243 3230 ocyus
1273 3163 1578 3226 grassatus,
1607 3149 1843 3220 fastigiis
1873 3148 2137 3202 virtutum

565 3253 863 3325 superatis,
885 3251 1081 3306 calum
1108 3257 1360 3319 peragrat
1390 3243 1660 3300 sublimis.
1708 3242 1786 3296 Ita
1820 3255 1920 3294 nos
1945 3279 1961 3304 ,
2005 3237 2099 3291 filii
2119 3275 2136 3300 ,

565 3346 632 3404 ad
667 3344 878 3413 frugem
912 3341 1140 3406 reversi,
1171 3338 1399 3392 remoris
1444 3347 1497 3390 et
1555 3333 1956 3404 impedimentis
1989 3343 2142 3384 amo-

567 3437 660 3502 tis,
687 3439 916 3506 gradum
945 3432 1175 3488 fecimus
1201 3472 1215 3495 ,
1250 3439 1396 3484 recto
1427 3429 1622 3484 itinere
1656 3424 1905 3496 profecti,
1937 3422 2139 3492 aliique

565 3543 760 3584 sumus
789 3542 853 3594 es
887 3525 1030 3594 aliis,
1067 3520 1386 3577 modestiam
1415 3517 1684 3590 complexi
1713 3557 1729 3582 ,
1759 3531 1825 3572 ac
1852 3511 2138 3585 praeceptis

565 3620 711 3676 serio
737 3617 1028 3682 obeundis,
1056 3631 1403 3688 nequaquam
1434 3615 1535 3668 rite
1569 3612 1856 3666 amisimus
1887 3605 2134 3676 qluesita.

564 3709 832 3780 Equidem
865 3707 981 3776 cepi
1011 3706 1269 3775 gaudium
1296 3741 1311 3769 ,
1339 3715 1392 3759 et
1418 3704 1606 3758 animo
1633 3700 1944 3768 triumpho,
1987 3705 2136 3767 post-

2241 2511 2509 2565 ceruunt,
2549 2513 2604 2558 et
2639 2506 2923 2576 explorant
2963 2512 3205 2566 assidue.
3255 2511 3323 2568 Ut
3349 2515 3461 2582 jam
3493 2532 3659 2586 porro
3687 2533 3829 2573 cur-

2241 2595 2470 2647 sandum
2511 2597 2655 2649 serio
2687 2598 2787 2660 sit,
2821 2599 3052 2663 fratres,
3087 2603 3294 2674 ingenti
3342 2605 3446 2662 hoc
3492 2608 3590 2662 viae
3612 2607 3829 2664 decur-

2240 2688 2412 2741 rendo
2436 2688 2623 2742 diaulo
2646 2731 2661 2752 .
2692 2707 2814 2760 quae
2858 2692 2910 2746 in
2944 2695 3143 2748 caelum
3179 2695 3321 2751 ferat
3350 2715 3379 2750 e
3414 2708 3587 2765 terra,
3617 2702 3824 2755 deviu-

2238 2780 2442 2836 cendus
2494 2783 2748 2838 inimicus
2793 2801 2860 2839 ac
2918 2787 3266 2854 multandus,
3317 2793 3482 2846 simul
3552 2795 3826 2864 congredi

2241 2879 2446 2938 tentat,
2500 2873 2765 2943 IOugeque
2815 2877 3164 2934 animositate
3198 2882 3428 2950 quadam
3473 2884 3649 2937 excita
3695 2885 3820 2939 abi-

2240 2964 2465 3033 gcudus.
2491 2964 2708 3022 Scilicet
2740 2969 2960 3024 timidus
2990 2981 3094 3037 est,
3133 2973 3413 3042 rejiculns,
3445 2975 3716 3042 imbellis;
3747 2993 3821 3032 ea

2241 3069 2460 3128 propter
2502 3059 2592 3114 Dei
2638 3076 2931 3129 germanus
2977 3064 3181 3119 clamat
3223 3065 3460 3120 .iacohus
3499 3084 3513 3098 ο
3567 3067 3823 3122 Resistite

2239 3151 2452 3205 diabolo
2477 3193 2492 3216 ,
2540 3164 2588 3206 et
2620 3153 2787 3222 fugiet
2829 3172 2862 3207 a
2902 3156 3081 3221 vobis;
3116 3163 3532 3229 appropinquate
3573 3160 3722 3226 Deo,
3760 3172 3820 3216 et

2241 3245 2683 3315 appropinquabit
2737 3247 2880 3300 vobis
2911 3251 2953 3302 ³.
3006 3247 3195 3320 Neque
3241 3267 3370 3306 vero
3423 3252 3477 3306 in
3541 3254 3817 3322 posticum

2239 3333 2481 3390 feramur
2513 3352 2786 3404 prorsum,
2813 3341 2960 3410 quod
2991 3357 3330 3411 nequaquam
3359 3345 3560 3398 acriter
3583 3361 3816 3400 curren—

2241 3436 2353 3482 tum
2389 3431 2460 3483 sit
2489 3429 2725 3500 insigne,
2752 3448 2856 3485 neu
2889 3441 3234 3502 tepescamus
3265 3447 3553 3506 postquam
3587 3439 3638 3491 id
3667 3437 3816 3491 indi-

2239 3519 2384 3575 cium
2428 3537 2534 3575 non
2565 3530 2650 3577 est
2680 3525 2898 3578 vincere
2930 3527 3198 3580 nitentum
3223 3567 3238 3591 ,
3275 3528 3406 3596 quin
3441 3528 3690 3582 nuditum
3738 3531 3812 3584 ab

2243 3613 2402 3669 rebus
2433 3623 2544 3668 tum
2578 3615 2646 3668 ab
2674 3616 2976 3680 voluntate,
3007 3632 3338 3686 sursumque
3370 3619 3518 3673 velut
3549 3622 3603 3673 in
3634 3619 3809 3676 caelos

2240 3703 2543 3769 intuentes.
2591 3723 2813 3763 cursum
2844 3709 3158 3780 exigamus,
3199 3709 3396 3764 dicturi
3450 3722 3504 3765 ct
3543 3727 3641 3766 nos
3676 3728 3805 3766 cum

564 3757 832 3780 _,_------
1011 3757 1266 3775 ,τη-θην
1296 3757 1310 3769 ,
1350 3757 1360 3759 ρ
1807 3757 1820 3768 .
1930 3757 1939 3762 .
1987 3757 2002 3767 .
2596 3757 2813 3763 παν-η
2849 3757 3158 3780 ----,,------,
3202 3757 3396 3764 ην----
3453 3757 3504 3765 --
3543 3757 3640 3766 .-η
3678 3757 3804 3766 η..-

563 3818 726 3874 quam
761 3801 1006 3855 divinum
1053 3807 1296 3854 vestrum
1331 3794 1560 3850 increvit
1599 3809 1738 3862 opus
1780 3791 2131 3859 studiumque
2160 3757 2210 3819 α
2237 3793 2444 3850 Paulo:
2479 3796 2681 3852 Bonum
2705 3810 2968 3854 certamen
2996 3801 3206 3862 certavi,
3231 3817 3440 3854 cursum
3466 3817 3805 3855 consumma-

562 3911 806 3960 sacrum,
838 3896 982 3965 quod
1012 3893 1236 3963 urgetis,
1269 3893 1552 3962 perspicue
1584 3889 1854 3959 potiorqu
1885 3895 2000 3952 est,
2028 3886 2128 3940 etsi

2232 3888 2310 3952 vi,
2343 3887 2501 3955 ﬁdem
2533 3892 2758 3953 servavi,
2783 3891 2848 3943 de
2877 3891 3076 3960 reliquo
3111 3893 3339 3961 reposita
3359 3902 3434 3946 est
3459 3894 3586 3945 mihi
3605 3909 3804 3946 corona

562 3989 615 4044 id
643 4002 804 4042 omne
833 4003 937 4050 non
968 3985 1248 4049 currentis,
1274 3999 1434 4052 neque
1471 3982 1711 4046 volentis,
1742 3990 1799 4034 ut
1835 3978 2131 4048 apostolice
2222 3979 2448 4046 justitiw
2470 3979 2491 4011 ⁸
2519 4021 2534 4035 .
2576 3981 2720 4035 Sane
2749 3983 2842 4034 alii
2873 3981 2979 4036 alia
3010 3997 3069 4036 re
3096 3983 3387 4053 quapiam,
3413 3995 3468 4038 et
3499 3973 3683 4048 aliter,
3715 3985 3806 4040 in-

561 4077 764 4139 dicatu,
794 4075 884 4132 sed
916 4075 1216 4129 utiserautis
1249 4083 1322 4126 est
1353 4072 1447 4125 Dei
1485 4072 1501 4102 ¹
1536 4109 1551 4133 ,
1588 4071 1680 4139 qui
1712 4079 1767 4124 et
1790 4071 1963 4124 victos
1992 4084 2128 4123 con-

560 4169 758 4234 firmet,
789 4178 842 4222 et
869 4167 1117 4221 imbelles
1147 4165 1352 4219 viribus
1373 4163 1643 4231 accingat.
1668 4159 1958 4216 Enimvero
1984 4159 2124 4214 haud

557 4259 798 4316 contenti
825 4259 892 4314 iis
919 4274 1042 4328 quae
1065 4257 1174 4324 jam
1211 4256 1584 4325 pepererimus
1605 4293 1622 4319 ,
1653 4254 1772 4320 lilii,
1803 4255 1962 4324 quasi
1987 4269 2126 4324 quo-

556 4352 681 4407 dam
707 4351 933 4421 juvenili
961 4351 1144 4406 ealore
1165 4349 1326 4402 altius
1355 4349 1629 4411 nitamur,
1664 4347 1972 4401 animorum
2005 4355 2128 4400 tan-

555 4439 958 4512 qnamxsubole
1002 4438 1179 4494 instar
1231 4437 1429 4508 aquilae
1479 4437 1790 4492 renovanda
1848 4435 2125 4506 progressi

555 4553 793 4606 semper,
818 4535 1114 4605 mactique,
1135 4535 1226 4606 qui
1256 4533 1494 4596 virtutis,
1521 4541 1684 4603 atque
1712 4532 1898 4586 eximii
1933 4547 2124 4590 ascen-

554 4643 652 4684 sus
681 4627 904 4681 modum
933 4626 1262 4680 arbitremur
1293 4625 1506 4680 nullum
1534 4664 1550 4688 ,
1593 4625 1720 4679 dum
1761 4640 1856 4694 per
1890 4635 2121 4679 mortem

554 4719 851 4774 abierimus
881 4733 914 4774 e
941 4718 1288 4790 temporariis
1315 4718 1383 4772 ad
1411 4726 1633 4772 eterna.
1676 4716 1818 4770 Sane
1850 4730 1976 4770 cum
2015 4717 2123 4771 eri-

553 4827 677 4868 tnus
703 4811 840 4864 beati
870 4852 886 4876 ,
930 4821 1044 4865 tum
1080 4811 1364 4865 beatorum
1402 4819 1604 4865 sortem
1638 4819 1950 4865 sanctorum
1979 4810 2121 4865 erci-

552 4918 794 4958 scemur.
823 4900 944 4956 iam
974 4916 1096 4971 qum
1132 4902 1187 4956 in
1223 4903 1324 4956 hac
1353 4901 1602 4956 obeunda
1637 4900 1746 4956 vita
1777 4901 1953 4966 posita
1978 4901 2118 4964 laus,

550 5003 606 5051 et
633 4995 834 5049 adorea
863 4994 987 5048 est?
1020 4995 1218 5064 gaudet
1241 5009 1340 5048 vos
1368 5003 1635 5049 contuens
1663 4994 1869 5048 arbiter
1893 5004 2120 5050 cuncto-

2231 4082 2348 4126 star
2379 4072 2512 4128 solis
2537 4113 2552 4140 ,
2594 4072 2876 4142 fulgebunt
2903 4083 3029 4127 ante
3063 4072 3230 4128 Deum
3253 4116 3268 4139 ,
3298 4090 3399 4128 nos
3429 4074 3670 4130 habitum
3705 4093 3805 4146 ge-

2229 4174 2413 4220 rentes
2456 4165 2812 4232 apOstolicum
2846 4166 2993 4218 circa
3026 4165 3395 4234 apostolorum
3440 4169 3798 4221 contubernia

2227 4257 2641 4326 deprendemur,
2661 4256 2778 4319 lilii,
2797 4255 3252 4324 quemadmodum
3272 4257 3544 4322 existimo,
3563 4269 3620 4311 ut
3637 4274 3802 4312 ovan-

2225 4348 2354 4402 dum
2401 4348 2475 4403 sit
2523 4364 2588 4402 ac
2622 4347 2952 4413 laetandum,
2996 4360 3049 4402 et
3102 4347 3301 4403 animis
3343 4349 3543 4420 oppido
3595 4352 3798 4404 trium-

2224 4440 2520 4510 phandum.
2559 4441 2638 4495 Ac
2685 4441 2904 4496 beatam
2947 4455 3068 4495 cam
3103 4451 3340 4496 mentem
3367 4482 3382 4505 .
3431 4459 3592 4513 quam
3643 4444 3792 4498 haud

2223 4535 2445 4590 satietas
2481 4533 2663 4604 capiat
2687 4531 2853 4586 divini
2893 4532 3056 4586 studii
3104 4543 3158 4587 et
3188 4533 3496 4588 futurorum
3533 4536 3792 4592 desiderii

2223 4639 2286 4680 ac
2319 4625 2668 4695 praesentium
2702 4623 2936 4694 repudii.
2989 4621 3094 4680 Vos
3124 4625 3406 4680 enimvero
3437 4643 3561 4681 cum
3593 4628 3657 4681 iis
3689 4628 3794 4681 bo-

2223 4718 2308 4772 nis
2339 4716 2599 4772 fruemini
2622 4757 2637 4782 ,
2671 4726 2783 4770 tum
2817 4732 3063 4772 meorum
3095 4718 3252 4773 nauci
3285 4719 3573 4774 verborum
3602 4735 3792 4773 recor-

2221 4809 2464 4874 damini,
2506 4823 2668 4876 quam
2711 4822 2808 4861 vos
2859 4809 3163 4860 adamarim
3190 4847 3206 4871 ,
3254 4825 3421 4878 quam
3469 4825 3500 4863 a
3542 4809 3695 4864 vobis
3735 4811 3790 4863 in

2221 4902 2452 4956 Domino
2498 4902 2872 4972 adjumentum
2915 4904 3250 4973 qumsicrim,
3300 4922 3463 4976 quam
3516 4922 3609 4963 vos
3655 4906 3792 4960 divi-

2224 5011 2290 5049 na
2339 4994 2512 5064 gloria
2569 4999 2858 5064 sategerim
2917 5005 3172 5066 praestare
3231 5011 3328 5066 per
3384 4996 3659 5054 Christum
3695 4997 3790 5054 Je-

551 5108 695 5156 rum,
731 5091 945 5160 laetique
982 5090 1154 5145 sancti
1194 5106 1258 5143 ac.
1309 5091 1714 5161 gratulabundi.
1751 5092 2032 5161 plaudunt,
2063 5099 2118 5146 et
2149 5090 2193 5144 ι)
2222 5104 2341 5142 sum
2393 5087 2686 5142 Dominum
2742 5098 3021 5152 nostrum,
3077 5090 3163 5144 cui
3203 5090 3325 5144 laus
3377 5106 3441 5146 ac
3503 5092 3789 5160 imperium

551 5183 769 5240 rmlitus
814 5192 1104 5236 coronant.
1150 5181 1358 5250 Quippe
1404 5195 1460 5237 ut
1508 5185 1561 5236 in
1615 5184 1791 5238 stadio
1832 5195 2115 5240 currentes

549 5275 826 5346 corporeis
845 5287 1156 5344 spectamus
1176 5275 1384 5339 oculis,
1421 5275 1501 5330 sic
1533 5286 1714 5330 nostra
1747 5275 1906 5340 Deus,
1938 5286 2115 5330 totus-

621 5460 642 5492 ⁸
675 5461 833 5520 Rom.
876 5481 957 5528 Ix,
996 5464 1082 5530 16,
1159 5469 1179 5497 ¹
1216 5464 1333 5520 .lac.
1371 5478 1450 5527 ιν,
1493 5461 1543 5515 7.
1621 5463 1640 5493 ³
1681 5463 1720 5514 ll
1751 5463 1906 5518 Tim.‘
1933 5480 2020 5528 tv,
2061 5469 2113 5520 7.

2223 5198 2366 5237 nunc
2441 5193 2496 5236 ct
2549 5197 2765 5250 semper
2839 5182 2891 5235 in
2974 5199 3303 5252 omnemque
3359 5185 3791 5255 perpetuitatem.

2223 5278 2418 5328 Amen.

2054 5618 2288 5674 NlTJE.

618 5776 696 5844 ti)
734 5777 888 5834 Circa
965 5780 1102 5834 hanc
1168 5779 1236 5832 68
1285 5777 1563 5835 homiliam
1616 5778 1738 5834 vide
1795 5778 1924 5848 quid
1971 5775 2116 5831 dicat
2154 5775 2452 5832 Laevinaeus
2487 5777 2539 5832 in
2580 5779 2932 5849 prtefationc;
2971 5795 3132 5850 supra
3172 5781 3276 5836 col.
3305 5779 3436 5836 507.
