4122 6382
367 317 517 386 1813

370 469 1704 503 ww

967 487 1295 500 -ι--ο--ι

1699 324 2291 388 TESTAMENTUM.

1707 485 1968 501 Μ

2373 6 2574 16 κῃ

3493 320 3634 389 1814

1663 464 3604 501 mam

1088 637 1502 730 SANCTI
1584 637 2228 734 THEODORI
2310 641 2916 751 STUDITAE.

1365 855 2620 990 TESTAMENTUM.

1474 1095 1770 1166 (Editionis
1821 1095 2229 1152 Sirmondiante
2263 1111 2390 1168 pag.
2419 1096 2511 1154 65.

359 1410 474 1467 Τοῦ
506 1410 682 1483 ὁσίου
710 1409 812 1465 και
841 1409 1166 1483 ’Θεοφόρου
1214 1406 1444 1483 Πατρός
1484 1404 1778 1483 nugis-fat
1805 1407 1932 1483 ῥμο-

2045 1404 2332 1483 San_ctt'_a_c
2357 1406 2561 1483 Deiferi
2602 1412 2770 1479 patris
2812 1415 2981 1483 nostri
3027 1423 3078 1468 et
3112 1416 3428 1483 confessoris
3469 1416 3636 1474 Theo-

424 1482 685 1551 .lomtoi}
719 1475 1063 1551 Θεοδώροὺζ
1091 1479 1429 1551 ἡγουμένου
1482 1477 1589 1531 τοῦ
1631 1475 1930 1551 ’Στρυδίου

427 1547 711 1620 Amidam.
734 1547 1231 1620 Ἀναγλινπώσκεται
1258 1548 1326 1601 δὲ
1356 1549 1505 1615 αὕτη
1536 1548 1649 1616 πρὸ
1676 1547 1788 1616 τῆς
1816 1564 1936 1601 κοι-

419 1623 666 1694 μήσεως
696 1621 907 1677 αὐτοῦ.

439 1755 682 1810 Ἀκούων
712 1755 809 1809 τοῦ
837 1752 984 1808 θείου
1013 1751 1179 1806 Δαδὶδ
1198 1751 1472 1821 λέγοντος,
1509 1749 1932 1819 Ἦτοιμάσθην,

352 1849 454 1903 καὶ
495 1849 608 1902 οὐκ
639 1845 976 1916 ἐταράχθην
1001 1862 1015 1876 ·
1047 1845 1143 1898 καὶ
1160 1843 1324 1898 πάλιν
1349 1844 1672 1914 φάσκοντος.
1703 1841 1934 1910 Ἑτοίμη

352 1943 394 2011 ἡ
433 1940 646 2010 καρδία
672 1955 827 2010 μουο
860 1939 1161 2008 ιπειδήπερ
1180 1938 1263 2002 εἰς
1291 1937 1493 2008 συνεχῆ
1515 1935 1800 1990 ἀσθένειαν
1833 1935 1936 2006 τὴν

349 2035 449 2090 τοῦ
479 2035 741 2105 δυστήνου
777 2031 1034 2104 σώματος
1059 2029 1462 2111 ἐμπεπτωκὼς,
1497 2029 1599 2101 οὐχ
1625 2022 1736 2093 οἷός
1768 2027 1827 2082 τέ
1855 2031 1934 2082 εί·-

355 2146 418 2200 μι
447 2128 654 2191 πάντας
680 2126 846 2196 ὑμᾶς,
879 2125 1044 2178 τέκνα
1083 2141 1184 2187 μου
1223 2123 1319 2177 καὶ
1367 2121 1588 2193 ἀδελφοὶ
1632 2122 1726 2176 καὶ
1763 2120 1938 2176 Πατέ-

354 2238 474 2294 ρες,
499 2219 640 2274 κατὰ
669 2218 968 2292 πρόσωπόν
1018 2235 1121 2290 μου
1162 2218 1392 2287 ἀγαγεῖν
1422 2219 1480 2270 ὲν
1516 2215 1695 2288 καιρῷ
1727 2215 1933 2282 ἐξόδου,

350 2312 442 2366 διὰ
471 2312 533 2366 τὸ
569 2313 630 2365 ὲν
658 2309 940 2381 διαφόροις
965 2309 1152 2373 τόποις
1206 2307 1538 2362 καθεστάναι
1565 2308 1634 2360 τὰ
1658 2306 1936 2378 μοναστή-

356 2421 472 2476 ρια,
504 2404 682 2467 ἄλλως
711 2419 772 2454 τε
811 2403 906 2456 καὶ
941 2400 1030 2454 διὰ
1062 2399 1124 2453 τὸ
1150 2397 1486 2471 ἀποδημίαις
1516 2397 1826 2470 χρήσασθαί
1851 2415 1935 2452 τι-

352 2515 472 2563 νας,
513 2495 590 2561 ὡς
621 2495 722 2567 ήδη
757 2492 1083 2566 ὲληλυθυίας
1111 2491 1212 2564 τῆς
1265 2492 1418 2564 ὧρας
1473 2493 1572 2564 τῆς
1627 2492 1736 2547 ἀπὸ
1779 2491 1936 2545 τοῦδε

350 2588 449 2644 τοῦ
495 2587 612 2660 βίου
667 2584 1058 2656 μεταστάσεως
1121 2601 1247 2655 μου,
1297 2583 1597 2655 προφθάνω
1655 2582 1936 2637 διαθέσθαι

2128 1478 2249 1562 dari
2275 1475 2575 1562 Studie'ttsis
2602 1475 2890 1562 ’ρ’-(ηρ.οείιί
2938 1475 3328 1562 Testamentum
3356 1489 3456 1560 (1).
3481 1488 3635 1562 Legi-

2112 1557 2200 1600 tur
2232 1557 2410 1602 autem
2435 1559 2558 1604 ante
2593 1553 2969 1608 domuitionem
2991 1554 3132 1624 ejus.

2109 1754 2154 1808 l.
2183 1751 2496 1808 Davidicam
2517 1769 2706 1810 vocem
2735 1757 2965 1814 audiens
2984 1798 2999 1824 ,
3036 1758 3271 1817 Paratus
3291 1777 3430 1828 sum,
3458 1771 3632 1819 etnon

2037 1861 2156 1900 sum
2199 1847 2445 1900 turbatus
2471 1847 2527 1901 ἐ
2568 1857 2623 1902 et
2665 1848 2890 1914 iterum,
2946 1852 3211 1906 Paratum
3239 1869 3333 1908 cor
3393 1871 3566 1909 vneam
3587 1855 3628 1908 ³.

2037 1955 2160 1994 cum
2187 1940 2406 1996 assidua
2443 1942 2624 1998 miseri
2677 1944 2925 2014 corporis
2954 1945 3270 2001 inlirmitate
3293 1957 3508 2018 captus,
3526 1965 3631 2002 non

2037 2031 2240 2102 possim
2272 2045 2369 2087 vos
2397 2045 2609 2097 omnes,
2635 2031 2730 2088 ﬁlii
2758 2035 2888 2098 mei,
2913 2047 2966 2090 et
2991 2035 3210 2105 fratres,
3243 2047 3408 2110 atque
3449 2047 3634 2109 patres

2037 2122 2142 2178 sub
2157 2139 2418 2181 excessus
2438 2126 2543 2181 mei
2570 2134 2782 2197 tempus
2809 2128 3082 2184 adducere
3113 2146 3129 2196 ;
3171 2141 3458 2201 propterea
3485 2133 3632 2204 quod

2038 2219 2376 2274 monasteria
2410 2219 2515 2274 ista
2549 2219 2602 2274 in
2637 2220 2872 2277 diversis
2907 2222 3045 2278 locis
3077 2224 3183 2278 sita
3217 2233 3368 2290 sunt,
3414 2233 3471 2280 et
3505 2225 3632 2296 qui-

2037 2307 2163 2363 dam
2195 2318 2460 2380 praeterea
2488 2325 2718 2382 peregre
2751 2313 2985 2383 profecti
3013 2331 3029 2370 :
3060 2315 3212 2371 velut
3234 2315 3479 2372 instante
3513 2317 3628 2387 jam
3717 2315 3722 2318 ’

2037 2402 2384 2472 migrationis
2413 2418 2480 2458 ex
2517 2403 2620 2460 hac
2649 2405 2760 2460 vita
2791 2422 2926 2462 mete
2945 2408 3201 2476 articulo,
3234 2417 3630 2465 testamentum

2039 2494 2147 2550 hoc
2172 2495 2332 2552 vobis
2365 2497 2522 2567 prius
2556 2497 2792 2554 condere
2839 2499 3055 2556 institui
3088 2519 3104 2568 ;
3158 2517 3275 2558 rem
3327 2515 3630 2575 congruam

2045 2600 2211 2660 atque
2240 2591 2429 2646 utilem
2455 2605 2548 2646 me
2598 2589 2877 2646 facturum
2943 2592 3244 2649 arbitratus
3279 2612 3294 2662 ;
3332 2604 3395 2650 ut
3426 2609 3632 2668 cogno-

352 2685 484 2754 ὑμῖν
514 2679 721 2752 ταύτην
760 2679 860 2750 τὴν
917 2677 1218 2750 διαθήκην
1248 2676 1509 2749 ἁρμόδιον
1550 2675 1648 2730 καὶ
1690 2674 1932 2744 ἀσφαλὲς

2045 2691 2204 2739 scant
2230 2683 2326 2754 qui
2377 2697 2689 2753 supremam
2717 2697 2892 2738 meam
2925 2699 3114 2740 vocem
3147 2687 3395 2754 audient,
3439 2703 3634 2760 quem-

349 2775 510 2831 τοῦτο
561 2771 912 2844 ἡγησάμενος
937 2785 951 2800 ⁸
978 2769 1118 2841 πρὸς
1172 2768 1233 2822 τὸ
1275 2768 1624 2830 ἀκούσαντάς
1680 2784 1783 2838 μου
1833 2765 1936 2834 τῆς

347 2863 670 2926 τελευταίας
727 2859 916 2930 φωνῆς
963 2857 1344 2927 διεγνωκέναι,
1387 2859 1537 2921 ὅπως
1585 2873 1646 2909 τε
1696 2853 1938 2908 πιστεύω

350 2961 446 3014 καὶ
473 2955 679 3030 φρονῶ,
707 2955 804 3008 καὶ
831 2949 947 3007 οἷον
966 2952 1172 3024 ἀφίημι
1211 2952 1303 3006 τὸν
1337 2951 1794 3022 καθηγησόμενον
1817 2949 1938 3017 μετ’

349 3049 491 3122 ἐμέ·
525 3049 612 3103 ἵνα
665 3042 920 3099 ἐντεῦθεν
971 3044 1294 3115 συμφωνίαν
1348 3044 1532 3111 ἄγοιτε
1584 3043 1677 3096 καὶ
1715 3044 1937 3111 εἰρήνην

346 3142 447 3214 τὴν
481 3143 540 3195 ὲν
571 3137 793 3211 Χριστῷ
813 3154 829 3169 ο
857 3138 924 3209 ἢν
951 3138 1032 3199 είς
1079 3136 1348 3206 οὐρανοὺς
1377 3134 1588 3205 μέλλων
1613 3133 1934 3202 ἀναφοιτᾷν,

347 3235 541 3305 ἀφίησι
562 3234 675 3298 τοῖς
703 3231 881 3300 ἁγίοις
934 3227 1101 3284 αὐτοῦ
1136 3229 1406 3300 μαθηταῖς
1441 3227 1536 3280 καὶ
1559 3225 1876 3288 ἀποστόλοις
1908 3224 1938 3277 ὁ

349 3324 571 3397 Κύριος.

915 3411 1057 3480 Περὶ
1091 3411 1371 3476 πίστεως.

417 3503 670 3562 Πιστεύω
699 3501 992 3576 τοιγαροῦν
1018 3506 1098 3568 είς
1123 3503 1346 3575 Πατέρα
1382 3501 1478 3555 καὶ
1498 3501 1631 3577 Υίὸν
1659 3501 1754 3554 καὶ
1777 3502 1936 3570 ἅγιον

349 3599 597 3670 Πνεῦμα,
654 3598 754 3668 τὴν
810 3597 973 3665 ἁγίαν
1021 3596 1118 3650 καὶ
1177 3594 1467 3664 όμοούσιον
1536 3595 1634 3647 καὶ
1701 3593 1936 3664 ἀρχικὴν

349 3692 578 3765 Τρωάδα,
607 3689 794 3754 καθὼς
823 3688 1198 3761 βεδάπτισμαι
1228 3687 1323 3740 καὶ
1346 3685 1809 3756 ἀναγεγέννημαι,
1839 3683 1934 3738 καὶ

345 3785 708 3855 τετελείωμαι
728 3798 744 3815 ο
772 3783 908 3835 Θεὸν
949 3782 1042 3834 τὸν
1094 3779 1314 3850 Πατέρα
1344 3777 1646 3847 ὁμολογῶν,
1677 3777 1811 3830 Θεὸν
1836 3776 1930 3830 τὸν

350 3879 498 3946 Υίὸν,
529 3878 662 3932 Θεὸν
699 3875 761 3930 τὸ
790 3873 1016 3944 Πνεῦμα
1039 3873 1100 3926 τὸ
1125 3873 1304 3942 ἅγιον,
1333 3871 1392 3926 ἓν
1437 3870 1510 3924 τὰ
1534 3869 1663 3942 τρία
1699 3872 1766 3941 τῇ
1796 3869 1935 3923 θειό-

347 3989 494 4045 τητι,
519 3971 598 4035 ὼς
624 3970 721 4024 καὶ
747 3968 986 4040 ἔμπαλιν
1027 3966 1154 4036 τρία
1202 3965 1262 4019 τὸ
1289 3965 1350 4018 ἒν
1393 3966 1516 4028 ταῖς
1549 3963 1930 4018 ὑποστάσεσιν.

2043 2773 2620 2850 admodum_credam
2677 2783 2734 2830 et
2800 2777 3082 2845 sentiam;
3117 2787 3174 2834 et
3221 2779 3439 2848 qualem
3509 2787 3634 2851 post

2042 2881 2132 2921 me
2163 2865 2411 2921 futurum
2441 2867 2791 2938 praepositum
2837 2868 3146 2940 relinquam
3179 2888 3195 2936 ;
3247 2882 3361 2926 tum
3398 2881 3458 2928 ut
3499 2887 3634 2928 con-

2041 2958 2284 3014 cordiam
2323 2960 2469 3027 inde,
2499 2975 2801 3032 pacemque
2828 2961 2882 3016 in
2920 2961 3144 3020 Christo
3174 2964 3426 3032 servetis,
3463 2981 3630 3036 quant

2041 3064 2376 3107 ascensurus
2402 3051 2457 3106 in
2491 3053 2662 3108 ctrlos
2683 3051 2952 3110 Dominus
2977 3055 3184 3111 sanctis
3201 3053 3487 3128 discipulis
3515 3055 3632 3113 suis

2040 3154 2093 3199 et
2123 3145 2391 3216 apostolis
2421 3145 2663 3218 reliquit.

2695 3413 2772 3468 De
2809 3414 2935 3482 ﬁde.

2114 3504 2177 3559 ll.
2205 3505 2386 3562 Credo
2414 3504 2584 3576 igitur
2615 3505 2670 3558 in
2721 3503 2967 3570 Patrem,
3005 3504 3207 3561 Filium
3255 3522 3320 3563 ac
3360 3506 3628 3578 Splritum

2039 3606 2316 3663 sanctum,
2343 3607 2592 3652 sanctam
2615 3607 2671 3652 ct
2699 3597 3233 3654 consubstantialem
3256 3608 3311 3655 et
3340 3602 3633 3671 sempiter-

2039 3703 2167 3744 nam
2199 3687 2561 3756 Trinitatem,
2597 3690 2741 3744 sicut
2787 3689 3098 3760 baptizatus
3129 3689 3232 3756 fui,
3254 3701 3629 3763 regeneratus.

2037 3793 2092 3836 et
2123 3789 2580 3837 consummatus:
2623 3780 2795 3836 Deum
2842 3779 3062 3838 Patrem
3109 3783 3405 3850 confitens,
3455 3783 3629 3841 Deum

2037 3872 2262 3937 Filium,
2295 3871 2470 3926 Deum
2509 3871 2776 3941 Spiritum
2827 3883 3106 3940 sanctum,
3145 3889 3320 3929 unum
3377 3876 3484 3931 tria
3510 3877 3630 3932 dei-

2039 3972 2170 4026 tate,
2203 3963 2346 4019 sicut
2374 3963 2493 4018 vice
2527 3978 2687 4018 versa
2713 3963 2816 4018 tria
2837 3977 3009 4018 unum
3041 3963 3443 4020 subsistentiis.
3474 3964 3632 4024 Unus

348 4060 446 4128 Εἷς
491 4064 600 4134 γὰρ
637 4060 770 4123 Θεὸς
803 4060 837 4130 ή
885 4056 1078 4130 Τριὰς,
1129 4054 1219 4110 διὰ
1274 4055 1335 4109 τὸ
1381 4053 1778 4124 όμοούσιον·εί
1838 4053 1932 4106 καὶ

2037 4055 2184 4110 enim
2217 4064 2304 4110 est
2335 4054 2481 4111 Deus
2510 4054 2776 4122 Trinitas,
2818 4064 3043 4127 propter
3081 4057 3630 4115 consubstantialita-

348 4157 606 4228 διῄρηται
642 4152 732 4207 διὰ
769 4153 830 4206 τὸ
862 4149 1325 4221 ὲτεροῦπόστατον
1350 4185 1364 4202 .
1402 4142 1569 4210 Αὖθίς
1595 4162 1655 4198 τε
1682 4143 1930 4216 ὁμολογῶ

347 4250 440 4304 τὸν
465 4249 563 4302 ἕνα
589 4246 691 4317 τῆς
723 4244 956 4318 Τριάδος
987 4243 1080 4296 τὸν
1108 4241 1314 4314 Κύριον
1353 4241 1512 4312 ἡμῶν
1548 4239 1753 4311 Ἰησοῦν
1793 4241 1930 4311 Χρι-

349 4341 473 4395 στὸν
505 4340 594 4394 διὰ
622 4337 1008 4410 φιλαθρωπίαν
1037 4336 1276 4408 ἄμετρον
1301 4336 1359 4386 ὲν
1393 4332 1561 4405 σαρκὶ
1589 4333 1926 4404 ἐληλυθέναι,

347 4434 443 4487 ἒπὶ
471 4431 718 4503 σωτηρίᾳ
743 4430 838 4484 τοῦ
865 4429 987 4484 καθ’
1022 4430 1170 4499 ἡμᾶς
1203 4429 1394 4497 γένους
1437 4427 1702 4497 δηλονότι,
1735 4429 1800 4480 ὲκ
1829 4427 1929 4496 τῆς

345 4525 510 4594 ἁγίας
529 4524 626 4578 καὶ
647 4521 994 4594 παναμώμου
1040 4522 1304 4574 Θεοτόκου
1345 4520 1446 4592 τὴν
1485 4519 1666 4591 σάρκα
1713 4520 1930 4592 ἀνειλη-

345 4616 508 4686 φέναι
536 4616 662 4687 δίχα
711 4615 924 4685 σπορᾶς
952 4611 1328 4685 ἀνθρωπίνης,
1351 4612 1446 4664 καὶ
1482 4612 1547 4664 ἐκ
1573 4611 1806 4683 γαστρὸς
1832 4611 1928 4664 αὺ-

343 4707 446 4778 τῆς
480 4709 622 4761 κατὰ
651 4707 713 4760 τὸ
738 4707 881 4760 θεῖον
917 4705 1097 4772 λόγιον
1143 4704 1294 4775 νόμῳ
1338 4702 1554 4771 φύσεως
1589 4702 1928 4774 γεγεννημέ-

345 4815 436 4854 νον
458 4813 472 4827 ·
510 4797 729 4852 διπλοῦν
761 4815 819 4852 τε
851 4797 982 4851 δντα
1011 4795 1102 4850 τὸν
1132 4794 1295 4850 αὐτὸν
1324 4795 1444 4848 ὅλον
1477 4795 1681 4849 τέλειον
1712 4796 1779 4864 τῇ
1808 4794 1927 4846 θεό-

343 4907 490 4960 τητι,
509 4889 642 4944 καθὸ
667 4891 768 4942 οὐκ
796 4890 1099 4960 ἐτέτραπτο
1122 4886 1270 4941 τοῦθ’
1287 4888 1423 4958 ὅπερ
1455 4882 1544 4958 ἦν,
1579 4886 1670 4939 καὶ
1695 4885 1814 4938 ὅλον
1841 4885 1930 4938 τέ-

340 4981 487 5034 λειον
515 4982 582 5051 τῇ
615 4979 1020 5051 ὰνθρωπότητι,
1061 4978 1198 5033 καθὸ
1237 4978 1337 5032 οὑκ
1368 4977 1646 5032 ὲλέλειπτό
1666 4995 1740 5042 τι,
1789 4977 1938 5030 τοῦθ’

342 5075 481 5142 ὅπερ
517 5071 874 5144 προσείληφε.
927 5072 1034 5125 Τὸν
1080 5071 1246 5126 αὑτὸν
1291 5070 1389 5122 ἕνα
1435 5069 1558 5123 καθ’
1598 5069 1920 5134 ὑπόστασιν,

343 5165 533 5237 ὥσπερ
555 5168 613 5218 ὲν
644 5164 738 5218 δύο
773 5163 971 5233 φύσεσι
1007 5163 1431 5234 γνωριζόμενον,
1482 5161 1626 5216 οἷτω
1669 5161 1923 5233 θελήσεσί

341 5277 403 5313 τε
434 5259 530 5313 καὶ
557 5259 867 5331 ἐνεργείαις
898 5277 912 5291 ·
937 5260 996 5312 ὲν
1023 5253 1113 5322 αἶς
1135 5259 1332 5331 ἔδρασε
1367 5257 1720 5329 καταλλήλως
1761 5257 1831 5311 τά
1859 5271 1920 5311 τε

343 5347 463 5404 θεῖα
493 5351 588 5405 καὶ
614 5351 684 5405 τὰ
709 5347 1050 5420 ἀνθρώπινα.

416 5553 432 5584 ⁸
453 5552 601 5612 Psal.
637 5568 830 5618 cxvm,
856 5551 944 5608 60.
1024 5555 1045 5584 ’
1069 5553 1209 5608 Psal.
1237 5570 1342 5618 ινι,
1372 5553 1428 5608 8.

2031 4155 2162 4212 tem,
2185 4144 2313 4201 licet
2327 4145 2585 4201 distincta
2603 4145 2675 4201 sit
2691 4155 2920 4217 propter
2937 4147 3418 4204 snbsistentiarum
3435 4151 3633 4208 distin-

2029 4239 2304 4295 ctionem.
2336 4239 2618 4295 Conﬁteor
2643 4239 2840 4296 deinde
2865 4255 3036 4295 unum
3067 4256 3100 4296 e
3136 4239 3406 4298 Trinitate
3437 4242 3630 4300 Domi-

2040 4346 2172 4385 num
2207 4341 2458 4386 nostrum
2487 4329 2675 4386 Jesum
2693 4331 2978 4388 Christum
3005 4348 3103 4403 per
3134 4331 3462 4392 immensam
3496 4349 3628 4409 erga

2032 4423 2285 4480 homines
2318 4423 2643 4479 charitatem
2682 4439 2843 4480 suam
2872 4425 2927 4480 in
2965 4441 3132 4483 carne
3174 4431 3393 4486 venisse
3437 4430 3506 4485 ad
3531 4445 3625 4485 sa-

2030 4515 2200 4571 lutem
2232 4517 2453 4587 generis
2482 4517 2684 4584 nostri,
2718 4532 2787 4574 ex
2813 4531 3003 4574 sancta
3039 4529 3096 4576 et
3129 4520 3481 4578 immaculata
3505 4522 3628 4579 Dci-

2031 4623 2162 4678 para
2191 4609 2312 4664 sine
2339 4608 2586 4663 humano
2613 4609 2824 4665 semine
2845 4624 3069 4665 carnem
3099 4611 3427 4682 sumpsisse,
3459 4620 3628 4683 atque

2031 4713 2100 4754 ex
2127 4709 2285 4755 utero
2313 4701 2612 4754 secundum
2644 4699 2892 4754 divinum
2923 4702 3210 4757 oraculum
3255 4713 3467 4759 naturai
3506 4703 3625 4774 lege

2033 4800 2224 4846 natum
2254 4806 2404 4856 esse,
2447 4792 2726 4864 duplicem
2761 4793 2943 4864 ipsum
3007 4794 3394 4862 exsistentem,
3450 4804 3622 4851 totum

2037 4885 2342 4955 perfectum
2371 4883 2596 4951 deitate,
2625 4897 2903 4957 quatenus
2927 4901 3041 4942 non
3081 4887 3434 4943 immutatum
3465 4889 3623 4946 estid

2049 4975 2196 5045 quod
2225 4985 2382 5043 erat;
2425 4986 2482 5032 et
2530 4985 2706 5032 totum
2747 4976 3049 5048 perfectum
3090 4977 3452 5048 humanitate,
3488 4995 3628 5051 qua-

2037 5080 2193 5124 tenus
2227 5084 2340 5124 non
2377 5069 2590 5126 dimisit
2609 5071 2909 5142 quidquam
2940 5087 3007 5128 ex
3037 5086 3106 5128 eo
3130 5073 3280 5144 quod
3299 5073 3621 5144 assumpsit.

2033 5158 2300 5215 Eumdem
2347 5176 2522 5216 unum
2557 5161 2717 5233 juxta
2756 5162 3121 5234 hypostasim,
3149 5165 3295 5220 sicut
3324 5163 3381 5220 in
3408 5164 3624 5219 duabus

2029 5237 2246 5308 naturis
2278 5254 2587 5322 cognitum,
2616 5254 2698 5311 sic
2725 5255 2780 5310 in
2811 5255 3036 5312 totidem
3055 5256 3435 5312 voluntatibus
3459 5263 3625 5327 atque

2029 5346 2482 5416 operationibus;
2515 5363 2613 5418 per
2677 5363 2816 5419 quas
2872 5348 3062 5406 divina
3109 5357 3165 5405 et
3194 5348 3434 5404 humana
3488 5362 3621 5407 cutt-

2031 5447 2292 5509 gruenter
2313 5448 2569 5510 operatus
2609 5451 2714 5496 cst.

1857 5711 2093 5769 ΝΟΤᾸΞ.

421 5829 500 5902 (Ι)
524 5827 647 5886 Haec
673 5828 954 5900 inscriptio
985 5827 1156 5884 indita
1187 5836 1268 5884 est
1305 5843 1334 5882 a
1373 5827 1623 5895 Studitis,
1657 5828 1796 5886 situt
1819 5829 2028 5886 notavit
2063 5830 2332 5898 Baronius
2357 5831 2428 5887 ad
2454 5847 2545 5887 an.
2574 5833 2700 5902 826,
2737 5850 2794 5888 n.
2837 5834 2928 5891 50.

4041 5639 4047 5795 β
