4122 6382
57 5651 66 5828 ἓ

483 245 617 310 1315
1667 241 1730 304 s.
1758 238 2152 302 THEODORI
2195 215 2541 300 s'runtm
3593 220 3792 286 1816

547 356 628 412 Ad
669 355 785 410 haec
815 369 1036 410 omnem
1073 354 1342 410 lizeretica:
1379 353 1788 410 communionis
1811 367 2052 406 errorem
2084 355 2132 413 Α

2229 352 2372 421 Πρὸς
2395 348 2610 412 τούτοις
2644 343 3026 416 ἀποτρέπομαι
3074 341 3254 394 πᾶσαν
3305 337 3593 408 αίρετικῆς
3622 355 3791 391 κοι-

477 463 705 504 aversor
724 457 779 502 et
806 446 1112 512 abominor,
1135 463 1229 502 sex
1259 447 1432 502 sacris
1453 446 1810 502 mcumenieis
1831 443 2056 516 synodis

2165 443 2356 506 νωνίας
2384 442 2594 511 πλάνην
2613 456 2629 472 ο
2657 440 2924 509 ἑπόμενος
2945 437 3067 498 ταῖς
3097 432 3282 502 ἁγίαις
3302 433 3396 485 καὶ
3426 433 3793 498 οἱκουμενι-

479 538 790 601 inhaerens;
828 553 1037 592 necnon
1059 539 1134 593 illi
1166 555 1288 609 qua:
1317 537 1567 594 inNica-a
1605 538 1830 593 civitate
1858 538 2057 591 iterum

2168 537 2284 599 καϊς
2313 535 2372 602 ἓξ
2394 535 2671 595 συνόδοις*
2704 531 2784 585 ἐτι
2818 548 2877 584 τε
2918 530 3011 583 καὶ
3053 528 3153 599 τὴν
3182 527 3410 596 ἔναγχος
3449 525 3796 595 συναθροι-

477 639 670 685 contra
713 630 1147 686 Christianorum
1223 621 1576 687 accusatores
1631 641 1820 685 coacta
1886 645 2061 700 nuper

2169 630 2385 685 σθεῖσαν
2414 632 2471 683 ὲν
2500 625 2706 698 Νικαίᾳ
2735 625 2796 679 τὸ
2823 623 3073 692 δεύτερον
3099 620 3246 675 κατά
3271 619 3382 672 τῶν
3411 618 3797 688 Χριστιανο-

479 722 608 789 fuit,
649 724 888 780 adorans
913 733 968 779 et
994 728 1330 794 amplectens
1377 724 1716 779 venerandas
1769 737 2063 792 sacrasque

2169 723 2514 795 κατηγόρων,
2547 717 2872 790 προσκυνῶν
2917 717 3013 769 καὶ
3054 713 3452 783 ἀποδεχόμενος
3500 710 3606 774 τάς
3659 725 3797 762 σε-

481 817 748 887 imagines
771 816 984 872 Domini
1018 817 1189 871 nostri
1217 815 1344 873 Jesu
1375 816 1601 879 Christi,
1636 816 1901 886 Deiparaz,
1933 829 2064 883 apo-

2173 817 2307 880 πτάς
2339 816 2433 867 καὶ
2468 813 2619 884 ἱεράς
2649 809 2860 872 εἰκόνας
2902 807 2997 860 τοῦ
3042 822 3101 858 τε
3135 802 3342 872 Κυρίου
3368 799 3525 871 ἡμῶν
3569 797 3801 870 Ἰησοῦ

482 909 772 976 stolorum,
833 910 1245 978 prophetarum,
1317 924 1640 979 martyrum,
1700 917 1756 962 et
1817 907 2063 961 omnium

2176 906 2426 978 Χριστοῦ,
2455 906 2558 974 τῆς
2583 903 2874 968 Θεοτόκου,
2898 898 3233 962 ἀποστόλων,
3254 895 3573 965 προφητῶν,
3607 910 3704 963 μα.
3713 909 3804 963 ρ-

481 1011 800 1057 sanctorum
831 1011 998 1071 atque
1020 1000 1319 1070 iustorum.
1359 999 1672 1066 Quinetiam
1698 1014 1885 1054 sacras
1930 998 2067 1052 isto-

2173 1001 2370 1070 τύρων,
2400 999 2497 1054 καὶ
2543 999 2760 1052 πάντων
2807 994 2916 1048 τῶν
2949 991 3112 1046 ὁσίων
3144 1006 3204 1043 τε
3249 990 3342 1042 καὶ
3386 989 3646 1041 δικαίων.
3683 985 3801 1038 Οὐ

482 1108 605 1146 rum
646 1092 1068 1147 intercessiones
1102 1133 1118 1156 ,
1155 1107 1276 1162 qua:
1292 1093 1586 1164 propitium
1616 1091 1781 1144 Deum
1805 1091 2056 1154 reddunt,

2173 1095 2278 1165 μὴν
2305 1092 2440 1145 ἀλλά
2470 1091 2568 1146 καὶ
2595 1091 2695 1154 τὰς
2723 1087 2904 1142 αὐτῶν
2934 1084 3233 1157 ἀχράντους
3261 1081 3560 1154 πρεσϐείας
3601 1080 3801 1145 ἐξαι-

481 1197 724 1253 exposco
754 1200 768 1236 :
796 1183 1181 1240 sanctissimas
1206 1183 1369 1237 etiam
1410 1181 1690 1250 reliquias,
1725 1191 1780 1234 ut
1819 1179 1912 1233 Dei
1947 1195 2070 1249 gra-

2174 1186 2262 1239 τοῦ
2273 1203 2369 1256 μαι
2395 1183 2855 1251 ίλεωποιουμένας
2873 1180 2934 1233 τὸ
2963 1179 3116 1232 Θεῖον
3137 1192 3152 1207 ο
3176 1174 3648 1249 προσπτύσσομαι
3679 1171 3802 1223 πί-

484 1277 558 1331 tia
587 1275 840 1344 refertas,
882 1291 1006 1331 cum
1044 1275 1149 1330 fide
1181 1285 1236 1330 et
1271 1275 1468 1331 timore
1497 1273 1620 1328 colo
1653 1282 1707 1328 et
1747 1271 2066 1342 amplector.

2175 1295 2289 1332 στει
2315 1293 2374 1330 τε
2431 1277 2527 1330 καὶ
2573 1273 2727 1345 φόϐῳ
2760 1273 2831 1326 τά
2861 1274 3104 1340 πανάγια
3151 1268 3336 1322 αὐτῶν
3391 1267 3655 1338 λείψανα,
3693 1264 3803 1326 ὡς

2173 1369 2400 1441 χάριτος
2433 1367 2584 1430 Θείας
2611 1365 2878 1420 ἀνάπλεα.

559 1454 788 1512 Omnem
827 1471 1050 1526 quoque
1086 1456 1352 1511 divinitus
1397 1455 1717 1524 inspiratam
1767 1452 1984 1509 Veteris
2019 1463 2072 1507 et

2246 1462 2477 1530 Προσέτι
2507 1462 2602 1515 καὶ
2635 1460 2819 1513 πᾶσαν
2863 1457 3052 1511 Βίϐλον
3099 1455 3457 1509 θεόπνευστον
3508 1453 3799 1512 Παλαιᾶς

483 1547 622 1604 Novi
654 1548 990 1604 Testanieuti
1020 1549 1360 1620 Scripturam
1414 1550 1618 1619 recipio
1649 1567 1663 1604 :
1714 1552 2073 1617 omniumque

2173 1572 2234 1608 τε
2265 1554 2362 1606 καὶ
2403 1553 2613 1622 Καινῆς
2657 1551 2934 1620 Διαθὴκης
2977 1548 3350 1618 ἀποδέχομαι·
3380 1546 3461 1600 ἔτι
3504 1545 3617 1615 μὴν
3675 1544 3797 1596 καὶ

483 1642 613 1697 item
646 1642 958 1697 divinorum
1009 1642 1256 1704 Patrum,
1291 1643 1604 1703 doctorum,
1653 1653 1706 1697 et
1766 1643 2069 1698 monacho-
2099 1700 2111 1711 ,

2177 1646 2432 1700 ἁπάντων
2479 1643 2588 1697 τῶν
2641 1642 2945 1695 θεσπεσίων
2985 1639 3267 1711 Πατέρων,
3309 1637 3660 1692 διδασκάλων
3717 1650 3793 1688 τε

483 1753 608 1792 rum
642 1737 783 1791 vitas
814 1743 868 1792 et
903 1737 1084 1790 divina
1119 1738 1320 1806 scripta
1351 1737 1449 1807 ('2).
1503 1734 1618 1790 lloc
1661 1753 1792 1792 vero
1833 1738 2068 1791 dixerim
2099 1700 2111 1758 ]

2177 1739 2268 1792 καὶ
2301 1737 2558 1808 ἀσκητῶν
2602 1735 2727 1799 τοὺς
2781 1735 2930 1806 βίους
2983 1734 3079 1786 καὶ
3112 1700 3180 1785 τὰ
3230 1731 3351 1785 θεῖα
3390 1729 3794 1800 συγγράμμα-

486 1840 708 1901 propter
730 1845 992 1884 vesanum
1026 1830 1182 1884 illum
1218 1831 1592 1900 Pamphilum,
1621 1830 1715 1900 qui
1741 1846 1808 1887 ex
1847 1829 2072 1886 Oriente

2175 1851 2264 1888 τα.
2304 1831 2478 1886 Τοῦτο
2507 1832 2564 1884 δὲ
2594 1829 2704 1899 ὲρῶ
2727 1829 2816 1882 διὰ
2841 1828 2932 1881 τὸν
2963 1827 3308 1899 φρενοϐλαϐἦ
3350 1824 3644 1896 Πάμφιλον
3677 1824 3787 1874 τὸν

486 1924 708 1993 prodiit,
740 1931 794 1978 et
825 1923 926 1978 hos
967 1933 1192 1980 sanctos
1220 1923 1484 1986 traduxit,
1523 1923 1792 1989 Marcum,
1829 1926 2072 1994 inquam,

2175 1923 2286 1978 ἀπὸ
2324 1922 2616 1992 Ἀνατολῆς
2641 1921 2999 1990 φοιτήσαντα,
3044 1919 3141 1973 καὶ
3187 1917 3378 1972 τούσδε
3416 1919 3543 1980 τοὺς
3576 1916 3785 1976 ὁσίους

490 2015 710 2081 Isaiam,
731 2015 1194 2087 Barsanuphium,
1231 2015 1588 2080 Dorotheum,
1615 2026 1669 2072 et
1709 2015 2072 2088 Hesychinm:

2177 2016 2556 2077 διαϐάλλοντα,
2588 2015 2731 2082 λέγω
2764 2013 2830 2084 δὴ
2865 2012 3115 2081 Μάρκον,
3163 2011 3413 2072 Ἡσαΐαν,
3444 2006 3784 2080 Βαρσανού-

489 2123 597 2162 non
632 2107 850 2177 quidem
889 2107 1354 2178 Barsanupliium,
1416 2116 1473 2162 et
1530 2106 1749 2174 lsaiam,
1788 2117 1841 2162 et
1904 2107 2076 2163 Doro-

2179 2128 2324 2180 φιον,
2360 2108 2660 2181 Δωρόθεον,
2711 2107 2804 2161 καὶ
2842 2105 3119 2176 Ἠσύχιον.
3171 2105 3246 2158 Οὐ
3291 2104 3399 2174 μὴν
3448 2101 3771 2173 Βαρσανούο

488 2200 700 2262 themn,
741 2199 863 2254 illos
903 2199 994 2266 qui
1025 2215 1149 2254 cum
1181 2199 1470 2268 Acephalis
1495 2200 1517 2232 ³
1555 2201 1870 2270 coacephali
1926 2203 2076 2271 pari-

2180 2205 2442 2274 φιον,κα“ι
2485 2202 2737 2263 Ἡσαΐαν,
2783 2200 2879 2254 καὶ
2920 2199 3222 2270 Δωρόθεον,
3272 2201 3398 2260 τοὺς
3449 2196 3560 2250 τῶν
3606 2199 3785 2249 Ἀκε-

490 2303 572 2348 ter
603 2292 826 2348 fuerunt
847 2301 904 2348 et
933 2293 1241 2349 Decacerati
1267 2293 1311 2360 δ,
1364 2294 1511 2364 quod
1565 2295 1866 2358 dicebatur,
1920 2296 2078 2364 quasi

2179 2299 2362 2370 φάλων
2414 2295 2842 2365 συνακεφάλους,
2871 2295 2966 2348 καὶ
2996 2293 3092 2346 τοῦ
3126 2292 3419 2362 λεγομένου
3452 2289 3769 2358 Δεκακερά-

489 2401 842 2454 roncornes;
895 2387 1100 2457 quique
1139 2403 1168 2440 a
1205 2387 1365 2442 beato
1409 2386 1725 2458 Sophronio
1776 2391 1828 2442 in
1862 2387 1984 2457 ejus
2015 2387 2080 2440 li-

2177 2410 2273 2445 του
2315 2389 2792 2463 συνομοκερώτους
2815 2404 2829 2418 ο
2862 2387 2958 2441 καὶ
2991 2387 3095 2440 ὑπὸ
3123 2385 3220 2440 τοῦ
3262 2387 3320 2438 ὲν
3347 2385 3521 2453 ἁγίοις
3543 2386 3767 2454 Sui-3:99

490 2473 636 2528 bello
661 2475 683 2506 ⁸
734 2475 1080 2530 anathemate
1105 2476 1434 2530 damnantur
1467 2498 1479 2533 :
1523 2494 1646 2532 cum
1697 2479 1896 2532 diversi
1933 2479 2075 2534 haud

2179 2487 2293 2538 νίου
2330 2488 2388 2538 ὲν
2407 2483 2486 2554 τῷ
2518 2483 2749 2554 λιϐἐλλῳ
2783 2480 2948 2536 αὐτοῦ
2999 2479 3608 2551 ἀναθεματιζομένους·
3649 2477 3781 2530 ἐτέ-

494 2567 662 2622 dubie
688 2567 774 2622 isti
824 2568 1029 2621 fuerint
1059 2584 1088 2622 a
1122 2569 1419 2638 prredictis,
1452 2585 1592 2637 quos
1619 2585 1720 2640 ego
1753 2586 1822 2625 ex
1853 2581 2077 2640 paterna

2183 2595 2292 2650 ρων
2315 2575 2560 2648 δηλονότι
2591 2576 2744 2644 παρὰ
2772 2572 2962 2627 τούσδε
3004 2572 3174 2626 ὅντων
3189 2571 3299 2624 τῶν
3322 2569 3780 2640 προειρημένων,

498 2659 796 2714 traditione
853 2659 1080 2730 recipio,
1139 2669 1264 2731 post
1314 2664 1796 2733 interrogationem
1866 2664 2078 2718 Tarasii

2181 2669 2276 2734 οὓς
2297 2667 2408 2738 ἐγὼ
2430 2667 2932 2740 πατροποιραδότως⁵
2947 2665 3282 2735 ἀποδέχομαι
3306 2681 3318 2694 ·
3343 2664 3412 2718 δι’
3439 2665 3617 2736 ὲρωτή
3627 2679 3779 2726 σεως

493 2753 823 2822 patriarcha:
857 2753 1219 2818 sanctissimi,
1268 2755 1612 2825 aliorumque
1642 2755 1746 2810 fide
1789 2755 2076 2826 dignorum

2181 2762 2276 2816 τοῦ
2308 2763 2410 2834 ἤδη
2439 2761 2969 2833 ἀρχιερατεύσαντος
3002 2758 3280 2829 Ταρασίου
3321 2757 3415 2812 τοῦ
3457 2758 3772 2826 ἀγιωτάτου

496 2845 804 2911 hominum,
861 2855 976 2901 tum
1036 2847 1443 2914 indigenarum,
1501 2858 1614 2903 tum
1665 2848 2076 2904 Orientalium:

2183 2853 2554 2925 πατριάρχου,
2589 2854 2793 2924 ἐτέρων
2837 2869 2898 2905 τε
2938 2851 3270 2916 ἀξιοπίστων
3321 2851 3627 2922 ἀνθρώπων
3673 2849 3779 2902 αὐ-

495 2953 622 2992 cum
653 2947 706 2992 et
765 2937 1128 3009 Barsanuphii
1188 2939 1484 3010 imaginem
1529 2942 1582 2996 in
1643 2957 1806 2997 sacro
1863 2958 2080 3012 magna:

2183 2945 2451 3016 τοχθόνων
2475 2963 2535 2999 τε
2565 2947 2660 2999 καὶ
2681 2943 3018 3000 ἀνατολικῶν
3047 2959 3059 2971 ·
3089 2941 3232 2996 κατά
3259 2942 3318 2995 τὸ
3342 2943 3438 2994 καὶ
3464 2942 3560 3012 τὴν
3581 2941 3777 2994 εἰκόνα

498 3028 757 3085 Ecclesia)
810 3029 1105 3098 Vestiario,
1148 3049 1254 3086 una
1308 3049 1434 3088 eum
1481 3035 1750 3101 Antonio,
1795 3035 2126 3105 Ephraimq

2147 3051 2154 3103 ι
2187 3038 2596 3109 Βαρσανουφίου
2636 3038 2696 3089 ὲν
2726 3037 2791 3106 τῇ
2838 3036 2959 3108 θείᾳ
2991 3036 3180 3105 ὲνδυτῇ
3223 3035 3325 3103 τῆς
3359 3033 3601 3104 μεγάλης
3649 3034 3775 3085 Ἑκ-

497 3121 734 3194 aliisque
785 3125 993 3179 sanctis
1032 3123 1292 3180 Patribus
1347 3137 1561 3182 exstare
1621 3137 1880 3184 constet:
1939 3141 1992 3184 et
2028 3129 2080 3183 in

2188 3131 2420 3201 κλησίας
2439 3129 2758 3185 ἐνίστασθαι
2774 3129 2954 3198 ἁγίοις
2994 3129 3297 3199 Πατράσιν,
3339 3127 3629 3194 Ἀντωνίῳ,
3676 3127 3772 3180 Ἐ-

498 3211 691 3270 eorum
725 3217 974 3272 doctrina
1005 3217 1215 3272 nullout
1250 3218 1552 3288 impietatis
1590 3221 1879 3290 vestigium
1914 3221 2086 3276 oﬂen-

2188 3222 2390 3295 φραῒμ,
2423 3225 2516 3276 καὶ
2543 3223 2752 3293 ἑτέροις
2773 3239 2788 3253 ο
2825 3222 2920 3274 καὶ
2957 3220 3034 3283 ὡς
3067 3221 3140 3290 μή
3176 3237 3230 3272 τι
3277 3221 3335 3273 ἐν
3361 3222 3480 3282 ταῖς
3514 3219 3771 3272 διδασκα-

496 3308 712 3364 derint:
752 3310 848 3363 sed
899 3324 930 3364 e
959 3320 1170 3374 contra,
1218 3327 1478 3383 magnum
1531 3314 1834 3382 spiritualis
1888 3314 2086 3369 animae

2186 3315 2331 3379 λίαις
2377 3314 2556 3368 αὐτῶν
2598 3311 2852 3384 εὑρηκὼς
2907 3311 3201 3380 ἀσέϐημαο
3231 3309 3544 3362 τούναντίον
3587 3308 3644 3362 δὲ
3677 3309 3769 3363 καὶ

499 3400 932 3469 compendium:
981 3403 1161 3472 quoad
1202 3404 1467 3458 nimirum
1513 3421 1612 3474 per
1643 3406 1966 3477 synodicam
2002 3407 2089 3461 in-

2186 3407 2391 3479 πολλὴν
2417 3406 2657 3479 ψυχικὴν
2689 3405 3028 3458 λυσιτέλειαν
3042 3408 3072 3436 ·’
3091 3403 3287 3474 μέχρις
3316 3402 3384 3456 ἂν
3411 3403 3508 3456 καὶ
3528 3403 3622 3454 ἐπὶ
3641 3401 3765 3454 τού-

499 3492 854 3562 quisitionem
886 3509 1044 3550 error
1079 3495 1354 3565 quispiam
1396 3496 1451 3550 in
1486 3497 1594 3553 illis
1623 3499 2082 3568 deprehendatur.

2188 3519 2296 3555 των
2321 3500 2408 3555 διά
2442 3500 2730 3570 συνοδικῆς
2773 3497 3158 3569 ἐπιζητήσεως
3206 3495 3552 3566 ἀποδειχθείη
3599 3513 3651 3548 τι
3680 3494 3767 3563 ἐγ-

500 3581 638 3638 Nain
672 3583 716 3638 si
749 3582 872 3638 illos
918 3584 1069 3654 ipsos
1103 3599 1227 3640 esse
1276 3585 1528 3656 liquebit,
1581 3589 1676 3658 qui
1735 3589 2088 3644 anathemate

2187 3595 2394 3667 κλημα,
2428 3595 2492 3649 Et
2522 3594 2632 3666 γὰρ
2663 3593 2818 3648 αὐτοὶ
2843 3595 3044 3646 ἐκεῖνοι
3079 3591 3383 3661 φανείησαν
3410 3591 3457 3642 oi
3491 3589 3765 3657 ἀναθεμα-

501 3677 674 3734 notati
705 3677 954 3744 fuernnt,
984 3689 1081 3734 aut
1115 3681 1182 3735 ab
1234 3681 1303 3737 iis
1345 3682 1549 3738 diversi
1587 3683 1718 3747 sint,
1776 3683 1970 3738 haeresi
2003 3692 2088 3738 ta-

2187 3687 2489 3760 τιζόμενοι,
2515 3688 2550 3760 ἢ
2581 3688 2762 3759 ἕτεροι
2790 3687 2923 3758 παρ’
2949 3686 3150 3748 αὐτοὺς
3195 3684 3408 3756 αίρέσει
3438 3683 3767 3752 ὑποϐληθέν-

501 3786 628 3826 men
661 3771 752 3825 illa
782 3771 1014 3827 infectos
1045 3790 1060 3839 ;
1095 3773 1389 3828 anathema
1455 3775 1584 3840 illis,
1639 3785 1694 3830 et
1755 3775 2087 3838 catathema,

2186 3797 2300 3845 τες,
2331 3781 2582 3851 ἀνάθεμα
2609 3780 2816 3842 αὐτοῖς.
2843 3778 2938 3832 καὶ
2976 3778 3284 3846 κατάθεμα,
3311 3775 3407 3830 καὶ
3441 3774 3767 3828 παντανάθε-

501 3872 560 3919 et
585 3864 1013 3933 pantanalhema
1046 3880 1076 3919 a
1111 3864 1270 3922 Patre
1297 3873 1353 3922 et
1378 3865 1521 3922 Filio
1540 3877 1595 3922 et
1631 3866 1839 3938 Spiritu
1870 3878 2085 3923 sancto.

2000 3878 2085 3923 :to.
2193 3889 2271 3943 μα
2299 3871 2411 3926 ἀπὸ
2435 3870 2648 3943 Πατρὸς
2673 3871 2770 3924 καὶ
2803 3869 2932 3922 Υίοῢ
2964 3869 3060 3922 καὶ
3089 3868 3244 3935 ἁγίου
3284 3866 3628 3935 ῐινεύματος.

571 3953 852 4012 Confiteor
886 3958 1111 4028 insuper
1142 3960 1508 4016 monasticum
1555 3969 1762 4016 statum
1795 3961 2086 4016 sublimem

2263 3961 2620 4032 Συνομολογῶ
2641 3961 2698 4015 δὲ
2735 3959 2873 4031 πρὸς
2899 3957 3110 4022 τούτοις
3134 3960 3226 4012 καὶ
3243 3957 3303 4011 τὸ
3333 3957 3618 4027 μοναδικδν
3641 3959 3768 4026 σχῆο

501 4062 647 4111 esse,
669 4059 725 4103 et
751 4050 1052 4115 excelsum,
1073 4060 1128 4106 et
1153 4053 1486 4122 angelicum,
1516 4053 1611 4123 qui
1633 4063 1686 4108 et
1719 4063 1941 4124 peccata
1969 4069 2090 4109 om-

2195 4072 2272 4126 μα
2293 4053 2497 4125 ὑψηλόν
2527 4071 2586 4107 τε
2617 4049 2757 4106 εἶναι
2804 4053 2898 4106 καὶ
2939 4051 3270 4122 ἐπηρμένον,
3319 4051 3414 4102 καὶ
3463 4050 3763 4118 ἀγγελικδν,

504 4141 594 4208 nia
635 4151 906 4213 expurget
960 4144 1227 4200 absolutae
1271 4147 1398 4201 vita:
1451 4146 1810 4217 perfectione,
1863 4158 1976 4202 tum
2009 4149 2093 4202 ni-

2191 4147 2526 4218 καθαρτικόν
2553 4165 2614 4201 τε
2638 4149 2821 4219 πάσης
2850 4147 3128 4218 ἁμαρτίας
3155 4146 3244 4200 διὰ
3284 4146 3499 4209 τελείας
3550 4145 3763 4197 ἐπιϐιώ-

504 4234 707 4296 mirum
735 4235 783 4290 si
821 4251 889 4290 ex
940 4235 1114 4290 divini
1164 4240 1460 4310 magnique
1490 4238 1678 4296 Basilii
1723 4242 2088 4296 asceticorum

2195 4255 2366 4304 σεως⁶
2393 4240 2616 4311 εὔδηλον
2642 4241 2786 4294 κατά
2817 4241 2916 4313 τὴν
2938 4240 3267 4309 νομοθεσίαν
3312 4240 3422 4292 τῶν
3461 4237 3764 4307 ἀσκητικῶν

503 4325 717 4397 legibus
749 4329 910 4398 plene
951 4329 1203 4400 exigatur
1245 4341 1434 4387 etnon
1486 4332 1772 4387 dimidiata
1801 4347 1867 4388 ex
1904 4341 2088 4403 parte;
2118 4401 2131 4403 _

2135 4401 2140 4403 >
2193 4334 2291 4387 τοῦ
2319 4333 2466 4386 θείου
2497 4334 2589 4386 καὶ
2633 4333 2872 4403 μεγάλου
2915 4331 3199 4384 Βασιλείου
3241 4330 3645 4399 διεξαγόμενον,
3678 4331 3763 4382 καὶ

506 4429 570 4476 ιιι
607 4421 784 4476 solent
817 4421 1068 4490 quidam,
1099 4423 1194 4492 qui
1254 4424 1436 4492 aliqua
1497 4425 1816 4488 desumunt,
1849 4401 1976 4484 alia.
2030 4401 2134 4480 ut]

2130 4401 2170 4460 D
2196 4428 2296 4480 οὐκ
2325 4429 2384 4492 ἐξ
2408 4401 2667 4494 ἡμισείας
2688 4442 2704 4456 ⁸
2740 4424 2816 4488 ῶς
2842 4426 2916 4494 πή
2953 4441 3099 4487 τινες
3123 4424 3191 4476 τὰ
3222 4424 3322 4493 μὲν
3348 4421 3679 4493 αἱρούμενοι,
3699 4422 3758 4472 τὰ

506 4517 704 4587 placet,
747 4519 1008 4573 omittunt
1037 4536 1052 4572 :
1083 4518 1158 4572 ita
1207 4528 1266 4573 ut
1293 4529 1446 4573 extra
1499 4529 1611 4573 tres
1661 4520 1862 4588 gradus
1895 4518 1989 4588 qui
2035 4518 2089 4572 in

2194 4521 2252 4574 δὲ
2279 4518 2600 4587 ὲπαφιέντες
2620 4535 2634 4549 ο
2671 4517 2810 4571 ὥστε
2856 4517 2930 4588 μὴ
2971 4515 3113 4570 εἶναι
3169 4518 3300 4570 ἀνευ
3334 4516 3444 4568 τῶν
3470 4517 3526 4567 ἐν
3556 4519 3620 4583 τῇ
3647 4514 3755 4585 θείᾳ

506 4609 690 4665 divina
721 4611 870 4667 scala
903 4613 1112 4667 ostensi
1162 4621 1311 4678 sunt,
1348 4613 1510 4666 vitam
1552 4612 1695 4666 hanc
1731 4612 1968 4678 legitime
1993 4612 2094 4664 du-

2197 4611 2432 4684 κλίμακι
2471 4611 2946 4681 ἀποδεδειγμένων
2974 4609 3142 4681 τριῶν
3183 4609 3596 4675 καταστάσεων,
3623 4611 3757 4678 αἱρεο

505 4718 632 4757 cere
660 4720 768 4758 non
793 4704 954 4759 liceat
980 4723 994 4759 :
1019 4720 1126 4759 nou
1151 4720 1372 4760 servum
1407 4704 1712 4774 possidere,
1740 4719 1848 4757 non
1876 4703 2095 4773 jumen-

2196 4707 2291 4759 τὸν
2323 4705 2499 4770 ἄλλως
2537 4723 2655 4768 πως
2705 4695 2954 4775 νομίμως
3017 4703 3306 4757 ἐπιϐιῶναι
3339 4720 3351 4732 ·
3387 4705 3452 4756 οὐ
3496 4705 3602 4773 μὴν
3653 4703 3758 4754 οὔτε

511 4805 626 4849 tum
674 4813 840 4850 sexus
896 4797 1116 4852 feminei
1178 4813 1416 4867 quorum
1473 4805 1769 4864 utrumque
1815 4795 1885 4850 ab
1944 4796 2096 4850 insti-

2200 4799 2386 4852 δοῦλον
2408 4797 2728 4868 κεκτῆσθαι,
2755 4795 2878 4850 οὔτε
2913 4795 3110 4864 κτῆνος
3157 4795 3268 4847 τῶν
3317 4795 3382 4847 ὲκ
3431 4793 3526 4847 τοῦ
3575 4791 3760 4862 θήλεως

512 4893 634 4940 tuto
687 4887 924 4940 alienum
977 4899 1083 4952 est,
1123 4897 1177 4941 et
1231 4889 1428 4941 animae
1483 4886 1870 4956 periculosum.
1916 4887 2095 4956 Atque

2202 4890 2419 4958 γένους,
2444 4887 2534 4942 διά
2557 4889 2619 4940 τὸ
2652 4887 2922 4942 ἀνοίκειον
2942 4885 3038 4938 τοῦ
3071 4885 3490 4954 ἐπαγγέλματος
3511 4901 3523 4912 ·
3551 4884 3640 4935 καὶ
3657 4887 3759 4934 ἐπι-

515 4977 632 5032 hzec
655 4993 756 5047 ego
790 4979 995 5048 cursim
1035 4979 1226 5048 paucis
1255 4979 1761 5048 perstrinxi,neque
1779 4977 1926 5032 enim
1955 4987 2094 5032 tem-

2203 4981 2452 5035 κίνδυνον
2484 4983 2606 5042 ταῖς
2633 4979 2854 5050 ψυχαῖς.
2881 4978 2994 5031 Καὶ
3025 4976 3199 5030 ταῦτα
3223 4975 3439 5046 διῆλθον
3475 4979 3532 5028 ἐν
3562 4975 3758 5046 ἐπιδρο-

518 5087 619 5140 pus
673 5070 906 5140 patitur,
940 5080 998 5126 ut
1033 5072 1281 5140 pluribus
1315 5087 1584 5142 exponam
1606 5111 1622 5136 ,
1653 5087 1721 5126 ne
1777 5072 1904 5140 quis
1955 5069 2096 5126 forte

2207 5078 2306 5146 μῇ·
2345 5075 2406 5128 οὐ
2437 5075 2547 5144 γὰρ
2577 5073 2768 5144 καιρὸς
2803 5074 2904 5141 τῆς
2932 5069 3042 5123 τῶν
3074 5069 3335 5123 τοιούτων
3378 5067 3722 5136 ἐξαπλῶσεως
3743 5085 3758 5100 ο

515 5164 649 5218 mihi
709 5181 930 5235 pravam
985 5163 1301 5234 opinionem
1353 5165 1660 5233 attribuat,
1697 5175 1888 5220 contra
1929 5180 2094 5234 quam

2207 5165 2345 5219 ἀλλά
2365 5166 2455 5219 διά
2484 5166 2546 5218 τὸ
2569 5167 2644 5237 μή
2670 5182 2825 5228 τινας
2853 5165 2935 5222 είς
2968 5163 3070 5232 ἐμὲ
3101 5147 3199 5234 τὴν
3228 5164 3450 5233 χείρονα
3473 5162 3628 5227 δόξαν
3643 5162 3757 5215 ὑπο-

512 5265 662 5312 recte
687 5259 864 5314 sentio
886 5267 941 5314 et
963 5259 1155 5314 doceo.

2205 5258 2537 5330 λαμϐάνειν,
2573 5257 2710 5328 παρ’
2741 5256 2770 5309 ὃ
2801 5257 2984 5328 φρονῶ
3011 5254 3185 5328 ὀρθῶς
3215 5258 3308 5310 καὶ
3337 5253 3569 5322 δοξάζω.

586 5416 609 5449 ⁸
641 5416 769 5471 Sine
811 5419 1012 5488 capite.
1095 5416 1119 5450 ⁸
1148 5416 1344 5473 Denem
1373 5433 1643 5472 cornuum
1667 5417 1894 5473 haeresis
1919 5417 2216 5488 principes.
2295 5417 2316 5448 '
2351 5415 2409 5470 In
2438 5416 2677 5472 concilio
2697 5430 2772 5480 γι,
2802 5422 2908 5470 art.
2943 5415 3033 5483 ll,
3053 5430 3178 5486 pag.
3209 5413 3336 5470 990.

2039 5572 2274 5628 NOTAE.

516 5735 562 5791 ι
589 5665 668 5790 (ἓ)
705 5665 804 5790 Ηὶἳ
829 5664 1098 5790 ΤΙιρριὶοτί
1133 5668 1287 5794 Ιιξςὶιῗ
1320 5667 1581 5792 Ἰροίιιιῑυτ
1620 5666 1674 5721 in
1707 5664 2032 5721 Pra‘fatione
2073 5667 2137 5722 ad
2180 5665 2465 5722 Doctrina:
2503 5665 2566 5724 B.
2608 5666 2888 5733 Dorotbei,
2930 5667 3267 5724 Bibliotheca:
3310 5667 3531 5725 Patrum
3572 5667 3759 5725 Cram-

566 5754 750 5794 amat.
803 5755 910 5791 οιιι.
971 5754 1134 5794 .D'JLL'.
1186 5757 1200 5791 Ι
1287 5779 1298 5790 .
1349 5757 1386 5791 .I.

566 5754 750 5802 auum,
781 5754 910 5791 ιοιιι.
944 5754 984 5803 Ι,
1014 5754 1134 5808 P113.
1186 5754 1298 5794 Νι.
1336 5754 1386 5792 Ι).
