4122 6382
231 340 244 350 ’
323 334 458 402 1817

1642 327 1905 390 ΤΕὸΤΑΒ

1993 332 2227 392 NTUM.
3410 316 3544 382 1318

705 437 844 508 Περὶ
885 437 994 494 τοῦ
1029 438 1500 508 καθηγουμένου.

2541 433 2618 490 De
2642 438 2943 505 prn'posito.

394 528 612 583 Τούτων
641 530 739 600 μὲν
769 529 944 595 οὕτως
975 530 1228 602 ἑχόντων,
1257 529 1508 602 δεύτερόν
1536 531 1687 586 ἐστιν
1714 534 1891 587 εἰπεῖν

2051 528 2149 586 His
2191 538 2370 585 autem
2407 528 2483 582 ita
2512 531 2849 594 constitutis,
2875 530 3190 600 proximum
3232 540 3335 590 est.
3381 543 3440 588 ut
3469 535 3550 587 di-

325 624 416 676 καὶ
446 639 512 674 πε
524 622 576 694 pl.
601 621 696 675 τοῦ
725 621 1160 692 καθηγουμένου.
1199 621 1430 694 Ἀφίημι
1459 623 1641 678 τοίνυν
1673 625 1890 697 πρῶτον

1992 638 2099 680 eam
2157 623 2224 679 de
2289 621 2600 692 praeposito.
2645 620 2886 686 Primum
2951 621 3116 691 igitur
3165 624 3450 678 dominum
3498 634 3552 678 et

327 715 428 786 μὲν
457 715 548 768 τὸν
597 715 786 786 κύριον
814 714 906 770 καὶ
943 715 1156 784 Πατέρα
1198 731 1300 784 μου
1344 715 1440 768 καὶ
1476 715 1697 788 Πατέρα
1735 717 1891 788 ὑμῶν

1992 723 2184 785 patrem
2215 727 2394 766 meum
2442 727 2507 766 ac
2528 719 2737 782 patrem
2774 723 3014 767 vestrum
3049 713 3296 783 relinquo
3320 718 3546 770 sanctis-

324 808 413 860 τὸν
466 804 760 859 ὁσιώτατον
801 805 1172 874 Ἐγκλειστον,
1226 805 1321 860 καὶ
1349 805 1586 874 Πατέρα,
1634 808 1732 863 καὶ
1776 826 1890 880 φω-

1992 805 2178 861 simum
2224 803 2540 866 Reclusum,
2582 804 2832 859 eumdem
2876 812 2932 858 et
2981 814 3221 874 patrem,
3258 813 3312 859 et
3345 808 3547 867 lumen,

325 897 520 965 στῆρα,
554 895 651 948 καὶ
680 893 1208 954 διδάσκαλον.Αὑτδς
1237 893 1416 966 κάμοῦ
1443 896 1540 950 καὶ
1570 895 1726 966 ὑμῶν
1754 913 1890 967 προ-

1992 907 2034 954 et
2056 897 2398 968 magistrum.
2431 895 2527 950 llic
2556 895 2690 950 mihi
2713 904 2769 951 et
2797 895 2950 951 vobis
2974 894 3188 964 prwfuit
3211 898 3262 950 in
3290 895 3546 958 Domino.

325 987 663 1055 καθέστηκεν
692 989 749 1040 ὲν
798 987 1011 1058 Κυρίῳ,
1055 987 1150 1040 καὶ
1187 987 1517 1042 καθίσταται
1563 987 1797 1059 κεφαλὴ,
1841 991 1890 1043 εί

1992 999 2252 1061 caputque
2295 997 2543 1044 nostrum
2583 997 2692 1052 est,
2717 989 2973 1056 quamvis
3011 987 3252 1056 seipsum
3277 987 3553 1042 subduxe-

323 1079 419 1132 καὶ
448 1077 788 1146 ὑπεξήγαγεν
817 1078 1134 1140 ἑαυτὸν,διὰ
1150 1078 1595 1150 Χριστομίμητον
1617 1079 1892 1134 ταπείνω-

1992 1082 2070 1148 rit,
2107 1081 2178 1137 ob
2207 1079 2408 1136 Christi
2438 1079 2686 1134 :ernulam
2728 1079 3090 1134 humilitatem
3137 1080 3338 1149 degens
3382 1079 3435 1132 in
3473 1080 3552 1134 si-

326 1186 410 1222 σιν
432 1168 602 1222 τελῶν
627 1170 687 1222 tv
723 1169 922 1240 ἡσυχία
944 1185 958 1199 ·
992 1163 1053 1224 οῦ
1079 1172 1199 1234 ταῖς
1225 1169 1467 1240 όδηγίαις
1498 1187 1558 1224 τε
1596 1170 1690 1224 καὶ
1719 1188 1892 1241 προσ-

1992 1173 2187 1230 lentio:
2219 1174 2378 1243 cujus
2409 1172 2576 1228 ductu
2616 1188 2680 1226 ac
2710 1171 2962 1242 precibus
2991 1172 3204 1226 confido
3235 1187 3332 1226 vos
3369 1173 3552 1225 salvos

323 1263 506 1331 ευχαῖς
551 1260 791 1313 πιστεύω
837 1261 982 1330 ὑμᾶς
1035 1261 1416 1333 σωθήσεσθαι·
1443 1261 1602 1334 εἴπερ
1653 1263 1750 1316 καὶ
1793 1261 1894 1333 τὴν

1992 1267 2119 1332 fore.
2157 1269 2201 1322 si
2233 1267 2394 1321 modo
2438 1273 2826 1335 congruentem
2859 1279 2988 1332 erga
3021 1264 3173 1318 illttm
3225 1263 3384 1318 tidem
3418 1265 3548 1317 obe-

322 1351 546 1405 δέουσαν
575 1350 712 1422 πρὸς
743 1352 904 1406 αὑτὸν
927 1353 1330 1424 ἁντεισφέροιτε
1357 1352 1668 1408 εὐπείθειάν
1693 1369 1755 1408 τε
1796 1353 1894 1407 καὶ

1992 1360 2346 1429 iicntiamque
2367 1357 2674 1429 praebeatis.
2709 1356 2915 1412 Deinde
2955 1373 3118 1425 quem
3152 1357 3252 1425 ipsi
3277 1355 3550 1410 communi

323 1443 590 1514 ὑπακοήν.
626 1445 858 1498 Ἔπειτα
893 1444 952 1499 ὃν
992 1447 1056 1500 ὲκ
1098 1443 1279 1499 κοινοῦ
1320 1445 1501 1516 ψήφου
1546 1444 1891 1517 θεοπρεπῶς,

1992 1451 2190 1508 calculo
2219 1449 2499 1512 divinitus,
2547 1456 2777 1519 paterno
2825 1448 3055 1502 consilio
3085 1457 3380 1516 praeeunte,
3414 1463 3554 1516 prte-

321 1534 741 1605 προηγουμένης
781 1535 883 1604 τῆς
927 1535 1204 1606 πατρικῆς
1241 1535 1454 1607 βουλῆς,
1495 1536 1889 1606 προστήσεσθε.

1992 1543 2194 1600 ﬁcietis.
2208 1541 2265 1596 1n
2285 1558 2395 1613 quo
2411 1542 2556 1595 enim
2575 1539 2917 1594 consenserit
2941 1538 3256 1594 fraternitas
3277 1540 3550 1604 universa,

334 1620 518 1694 Ἒφ“ᾧ
565 1627 674 1698 γὰρ
710 1626 921 1680 ευδοκεί
973 1629 1122 1682 πᾶσα
1169 1629 1202 1698 ἡ
1240 1627 1560 1700 ἀδελφότης,
1628 1628 1893 1700 ἑπόμενόν

1992 1647 2034 1692 3t
2055 1635 2180 1692 huic
2199 1650 2302 1704 ego
2329 1635 2504 1689 libens
2527 1634 2826 1702 volensque
2851 1632 3142 1703 suffragor.
3164 1632 3364 1687 Verum
3403 1633 3551 1692 ades,

323 1719 442 1770 ἐστι
468 1723 563 1772 καὶ
587 1719 646 1772 τὸ
685 1719 816 1789 ἐμῦν
846 1719 1078 1790 θέλημα.
1126 1720 1286 1774 Ἀλλὰ
1317 1720 1497 1791 δεῦρο,
1525 1715 1570 1776 ὧ
1589 1722 1772 1792 Πάτερ
1800 1721 1895 1774 καὶ

1992 1737 2132 1798 pater
2177 1743 2239 1782 ac
2292 1726 2496 1790 frater,
2545 1728 2859 1796 quicunque
2908 1725 3123 1780 futurus
3163 1739 3264 1780 es:
3318 1739 3382 1778 en
3433 1725 3554 1778 fidei

323 1810 540 1878 ἁδελφὲ,
569 1812 717 1874 ὅστις
749 1811 813 1866 ἂν
843 1815 961 1880 εἴης
985 1829 1002 1844 ·
1038 1814 1145 1868 ἰδοὺ
1183 1813 1523 1886 παρατίθημί
1549 1831 1632 1868 σοι
1664 1813 1896 1868 ἐνώπιον

1992 1829 2087 1875 tua:
2118 1818 2352 1874 tradoin
2402 1817 2577 1872 oculis
2627 1817 2740 1878 Dei.
2783 1817 3192 1887 electorumque
3237 1817 3551 1886 angelorum

319 1901 415 1956 τοῦ
447 1902 583 1956 Θεοῦ
638 1904 732 1957 καὶ
781 1903 892 1956 τῶν
936 1905 1210 1958 ἐκλεκτῶν
1241 1905 1490 1974 ἀγγέλων
1521 1904 1688 1959 αὐτοῦ
1715 1908 1896 1959 πᾶσαν

1992 1913 2122 1981 ejus,
2161 1918 2328 1962 totam
2359 1907 2413 1960 in
2445 1906 2664 1961 Christo
2687 1904 3111 1967 fraternitatem,
3144 1913 3202 1958 ut
3234 1919 3352 1958 eam
3381 1904 3554 1958 susci-

321 1994 420 2061 τὴν
476 1995 532 2047 tv
585 1994 806 2064 Χριστῷ
849 1995 1216 2066 ἀδελφότητω
1250 1996 1399 2061 ὅπως
1452 1995 1621 2068 αὐτὴν
1663 1996 1894 2068 είσδέξῃ.

1992 2003 2120 2073 pias.
2148 2003 2218 2056 At
2245 1999 2524 2072 quomodo
2571 1999 2808 2068 accipies
2833 1999 2857 2053 7
2899 2014 3008 2069 quo
3036 2007 3195 2067 pacto
3225 1997 3421 2067 reges?
3447 2012 3554 2065 qua

322 2085 450 2148 Πῶς
473 2085 528 2140 δὲ
565 2086 917 2158 προσλάὸῃς;
947 2088 1146 2160 ἡλίκως
1191 2088 1246 2143 δὲ
1285 2089 1614 2160 δδηγήσεις;
1643 2088 1898 2153 ποδαπῶς

1992 2094 2195 2151 ratione
2220 2089 2826 2158 custodies?’l‘anquam
2854 2105 3024 2160 agnos
3047 2088 3272 2152 Christi,
3299 2097 3554 2156 tanquam

321 2175 378 2230 δὲ
413 2176 804 2246 διαφυλάξεις;
844 2180 931 2243 Ὠς
984 2181 1154 2252 άρνας
1199 2180 1436 2251 Χριστοῦ
1462 2197 1480 2214 ο
1503 2181 1580 2244 ὡς
1629 2179 1764 2252 μέλη
1802 2195 1896 2233 σου

1992 2185 2226 2241 membra
2253 2192 2344 2238 tua
2366 2183 2714 2243 charissima,
2762 2182 2971 2246 fovens,
2999 2195 3322 2250 procurans,
3349 2189 3403 2232 «ιι
3434 2179 3557 2232 dili—

324 2265 555 2335 φίλτατα
581 2283 596 2297 ·
629 2267 850 2321 θάλπων
905 2269 998 2322 καὶ
1053 2270 1370 2340 περιέπων,
1406 2269 1500 2324 καὶ
1551 2269 1900 2341 ἱμειρόμενος

1992 2293 2117 2349 gens
2168 2291 2638 2346 unumquemque,
2670 2274 2822 2344 juxta
2855 2289 3064 2343 mquam
3094 2271 3376 2326 cbaritatis
3406 2287 3552 2324 men-

323 2359 444 2422 ὲνος
473 2361 726 2427 ἑκάστου,
758 2361 898 2414 κατὰ
924 2361 986 2414 τὸ
1016 2363 1133 2416 ῐσον
1160 2366 1258 2434 τῆς
1283 2363 1502 2433 ἀγάπης
1549 2363 1748 2435 μέτρον
1772 2377 1790 2396 ο
1817 2363 1898 2416 ὅτι

1992 2382 2174 2424 suram
2210 2383 2224 2432 ;
2255 2366 2513 2436 quoniam
2547 2381 2612 2420 ex
2649 2380 2806 2434 aequo
2833 2364 3076 2418 metnbra
3110 2362 3359 2431 corporis
3385 2360 3560 2431 diligit

324 2451 521 2520 ἐπίσης
551 2454 584 2522 ὴ
625 2453 824 2522 στοργὴ
865 2453 972 2506 τῶν
1020 2453 1198 2524 μελῶν
1241 2453 1336 2508 τοῦ
1385 2457 1636 2525 σώματός
1663 2458 1811 2509 ἐστιν
1841 2457 1899 2506 tv

1992 2459 2390 2528 unusquisque.
2422 2456 2583 2524 Aperi
2613 2455 2819 2508 viscera
2845 2465 2933 2506 tua
2959 2452 3012 2504 in
3037 2450 3556 2504 commiseratione:

329 2544 541 2614 ἑκάστῳ
570 2544 859 2614 ἀνθρώπῳ.
906 2545 1186 2612 Διάνοιξόν
1233 2563 1326 2600 σου
1389 2546 1457 2600 τὰ
1514 2547 1798 2618 σπλάγχνα
1841 2548 1900 2599 tv

1992 2547 2240 2606 introduc
2292 2561 2484 2601 omnes
2521 2545 2574 2600 in
2629 2543 3003 2600 misericordia
3043 2559 3057 2595 :
3095 2542 3235 2596 laeta
3275 2543 3400 2596 illos
3433 2561 3448 2596 :
3476 2558 3561 2597 re-

330 2633 674 2705 συμπαθείᾳ·
712 2637 998 2690 είσοίκισαι
1027 2637 1152 2700 τοὺς
1185 2637 1390 2697 πάντας
1421 2639 1481 2690 tv
1517 2637 1855 2710 ἐλεημοσύνῃ
1879 2652 1898 2669 ⁶

1992 2641 2160 2698 forma
2188 2641 2310 2694 illos
2341 2640 2589 2708 :vpertice
2612 2639 2732 2692 illos
2768 2637 2823 2690 in
2857 2635 3109 2690 Domino.
3143 2634 3294 2690 Acue
3323 2645 3560 2690 mentem

330 2722 618 2793 τιθήνησαι
649 2723 847 2788 αὐτούς
869 2741 886 2757 ο
917 2725 1312 2796 ἀναμόρφωσον
1346 2725 1542 2790 αὐτούς
1564 2743 1578 2757 ο
1611 2727 1901 2780 τελείωσον

1992 2742 2134 2787 tuam
2156 2731 2462 2800 prudentia,
2489 2727 2664 2782 excita
2689 2725 3024 2796 diligentiam
3052 2724 3370 2779 fortitudine
3396 2743 3409 2779 :
3436 2739 3563 2779 con-

331 2814 528 2876 αὑτοὺς
562 2816 618 2866 tv
654 2815 843 2884 Κυρίῳ
867 2854 882 2869 .
913 2816 1140 2880 Ὄξυνὸν
1173 2833 1264 2868 σου
1292 2818 1392 2886 τὴν
1428 2817 1666 2870 διάνοιαν
1693 2817 1901 2888 φρονή-

1995 2825 2147 2879 ﬁrma
2186 2834 2374 2892 pectus
2423 2819 2529 2874 fide
2577 2834 2642 2873 ac
2675 2833 2811 2887 spe:
2866 2832 3140 2885 praecurre
3165 2816 3272 2870 illis
3307 2816 3372 2870 ad
3402 2831 3564 2869 omne

331 2921 415 2957 σει
439 2922 454 2936 ο
495 2906 761 2974 διέγειρόν
792 2924 887 2959 σου
917 2907 978 2961 τὸ
996 2908 1275 2978 πρόθυμον
1301 2910 1358 2962 tv
1376 2909 1599 2980 ἀνδρείᾳ.
1623 2923 1636 2938 ·
1671 2907 1903 2977 στερέω-

1995 2928 2135 2984 opus
2165 2913 2365 2965 bonum
2401 2928 2416 2978 ;
2451 2925 2728 2980 propugua
2765 2907 3030 2962 adversus
3057 2907 3330 2978 spiritales
3382 2906 3564 2960 inimi-

331 2997 422 3048 σόν
460 3015 554 3050 σου
607 2999 704 3066 τὴν
754 2999 984 3069 καρδίαν
1019 3001 1077 3052 ἐν
1116 2999 1297 3052 πίστει
1337 3002 1432 3053 καὶ
1460 3000 1665 3054 ἐλπίδι”
1698 2999 1902 3070 προπό-

1992 3009 2084 3060 cOs
2104 3021 2118 3057 :
2138 3000 2386 3068 defende,
2409 3001 2582 3072 dirige
2606 3019 2620 3060 :
2642 3003 2842 3070 perduc
2864 2999 2986 3053 illos
3012 2998 3080 3052 ad
3103 2998 3319 3052 virtutis
3345 2998 3524 3051 sedem
3547 3015 3559 3050 :

333 3103 522 3155 ρευσαι
565 3087 742 3142 αὐτῶν
769 3091 824 3140 ἐν
879 3089 1026 3159 πάσῃ
1073 3087 1444 3161 άγαθοεργίᾳ·
1483 3089 1902 3159 προπολέμησον

1992 3094 2168 3148 divide
2199 3093 2304 3149 illis
2331 3102 2532 3147 terram
2573 3093 2881 3163 tranquillae
2924 3093 3214 3148 affectuum
3254 3090 3562 3144 vacuitatis.

329 3178 468 3231 κατὰ
488 3177 595 3232 τῶν
623 3179 828 3248 νοητῶς
858 3180 1218 3251 μαχομένων·
1251 3181 1624 3251 ὑπεράσπισαι
1649 3195 1663 3209 ·
1693 3178 1900 3232 διευθέ-

1992 3182 2280 3252 Propterea
2333 3182 2586 3236 mandata
2648 3183 2762 3237 hac
2813 3183 2910 3236 tibi
2958 3185 3048 3248 do,
3091 3197 3213 3252 quze
3268 3181 3560 3237 observare

330 3286 493 3339 τησον
517 3286 532 3300 ο
559 3270 822 3340 εἰσάγαγε
853 3272 1054 3334 αὐτοὺς
1080 3274 1160 3336 είς
1207 3273 1300 3326 τὸν
1342 3273 1439 3342 τῆς
1469 3272 1670 3343 ἀρετῆς
1697 3271 1862 3324 τόπον
1882 3286 1900 3303 ο

1992 3275 2306 3331 necessario
2333 3273 2520 3328 debes.

324 3362 718 3434 κληροδότησαι
744 3361 841 3430 τὴν
875 3361 978 3430 γῆν
1007 3361 1104 3431 τῆς
1126 3362 1400 3429 ἀπαθείας
1429 3403 1444 3420 .
1481 3364 1576 3418 Διὸ
1629 3364 1724 3419 καὶ
1783 3361 2095 3435 ἐντέλλομαί
2152 3385 2237 3423 σοι
2277 3368 2376 3430 τὰς
2444 3363 2668 3427 ἐντολὰς
2699 3364 2924 3428 ταύτας,
2977 3365 3158 3434 ἇσπερ
3201 3362 3566 3434 διακρατῆσαι

324 3452 559 3520 ὁψείλεις
593 3450 737 3504 κατὰ
763 3451 824 3504 τὸ
850 3453 1166 3519 ἀναγκαῖον.

683 3561 955 3616 Ἑντολαὶ
988 3559 1066 3622 τῷ
1103 3555 1541 3626 καθηγουμένῳ.

387 3686 459 3734 α’.
491 3679 568 3733 Οῦ
597 3675 900 3739 διαλλάξεις
941 3667 1034 3725 οὖν
1072 3671 1130 3723 ὃν
1178 3667 1516 3740 προσέλαϐες
1568 3666 1738 3720 τύπον
1797 3667 1894 3720 καὶ

321 3771 522 3825 κανόνα
553 3766 700 3837 παρὰ
737 3765 837 3834 τῆς
865 3758 1248 3824 ταπεινώσεώς
1284 3776 1387 3830 μου
1417 3761 1476 3812 tv
1507 3758 1733 3825 ἅπασιν,
1763 3757 1893 3812 ἄνευ

322 3861 757 3932 κατεπειγούσης
778 3860 1045 3928 ἀνάγκης.

395 3976 460 4046 β’.
493 3976 568 4029 Οὐ
603 3977 778 4044 κτήσῃ
807 3969 902 4025 τοῦ
943 3968 1150 4040 κόσμου
1197 3967 1392 4022 τούτου
1419 3984 1500 4034 τι,
1529 3964 1652 4019 οὐδὲ
1680 3963 1894 4035 άποθηο

327 4069 607 4140 σαυρίσεις
633 4065 932 4138 ίδιορίστως
961 4064 1040 4126 είς
1079 4061 1272 4117 ἑαυτὸν
1316 4059 1479 4131 μέχρι
1507 4058 1603 4113 καὶ⁹
1645 4056 1766 4121 ὲνδς
1796 4057 1898 4128 ἀρ-

324 4161 544 4232 γυρίου.

398 4270 468 4344 γ’.
500 4271 576 4326 Οὐ
610 4269 948 4341 διαμερίσεις
977 4269 1076 4340 τὴν
1093 4266 1273 4338 ψυχὴν
1311 4264 1408 4318 καὶ
1427 4263 1527 4335 τὴν
1553 4262 1785 4334 καρδίαν
1803 4278 1898 4315 σου

329 4368 388 4420 tv
416 4364 600 4435 σχέσει
638 4363 732 4416 καὶ
775 4361 1036 4432 φροντίδι,
1077 4358 1230 4430 παρὰ
1272 4359 1397 4420 τοὺς
1440 4355 1545 4410 ὑπὸ
1569 4355 1705 4409 Θεοῦ
1740 4370 1903 4407 πεπι-

2361 3546 2620 3602 Mandata
2649 3547 2933 3617 prcposita
2963 3548 3188 3601 tradita.

2065 3659 2117 3713 1.
2148 3657 2266 3712 Non
2299 3658 2464 3728 igitur
2507 3659 2850 3726 immutabis,
2886 3663 3095 3730 absque
3124 3673 3348 3732 urgente
3381 3681 3568 3717 υνθυε-

1993 3749 2174 3816 nitate,
2200 3749 2431 3804 formam
2461 3759 2516 3805 et
2549 3753 2998 3822 regulam,quatn
3023 3755 3091 3808 ab
3119 3755 3424 3808 humilitate
3451 3773 3568 3809 mra

1995 3840 2051 3897 in
2080 3842 2336 3895 omnibus
2370 3842 2652 3910 accepisti.

2061 3951 2118 4006 2.
2150 3949 2268 4005 Non
2300 3953 2607 4022 possidebis
2634 3968 2700 4007 ex
2735 3953 2940 4006 mundo
2970 3955 3070 4007 hoc
3096 3955 3391 4024 quidquam
3425 3973 3438 4010 :
3474 3971 3571 4009 nrc

1994 4041 2092 4098 tibi
2123 4045 2226 4115 ipsi
2253 4045 2472 4115 proprie
2501 4059 2732 4114 repones
2760 4046 2839 4098 vel
2867 4047 3087 4099 unicum
3117 4057 3460 4116 argenteum.

2059 4243 2115 4298 5.
2167 4243 2287 4303 Non
2320 4243 2532 4298 divides
2581 4243 2828 4298 animum
2865 4253 2919 4298 et
2957 4260 3052 4300 cor
3089 4259 3243 4298 tuum
3271 4247 3394 4301 aliis
3423 4248 3571 4302 cutis

1991 4345 2047 4391 et
2073 4335 2554 4400 sollicitudinibus,
2589 4346 2806 4405 propter
2847 4351 2942 4390 eos
2985 4336 3075 4406 qui
3105 4337 3198 4390 tibi
3233 4352 3263 4390 a
3293 4337 3402 4392 Deo
3425 4356 3573 4392 cont-

336 4431 682 4528 στευμένους,
710 4455 804 4508 καὶ
821 4431 926 4506 ὕπ’
965 4451 1100 4523 ἐμοῦ
1129 4449 1617 4520 παραδεδομένους,
1637 4447 1733 4500 καὶ
1755 4461 1900 4513 γενο-

1995 4432 2166 4493 missi,
2185 4440 2240 4485 et
2266 4447 2295 4484 a
2324 4446 2410 4485 me
2431 4431 2612 4485 traditi
2643 4440 2794 4494 sunt,
2819 4431 3093 4501 spiritales
3123 4432 3264 4487 lilios
3288 4442 3343 4487 et
3372 4433 3568 4489 fratres

330 4551 526 4622 μένους
553 4565 648 4602 σου
683 4547 1090 4620 πνευματικοὺς
1138 4545 1285 4604 υἱοὺς
1319 4543 1415 4596 καὶ
1446 4539 1729 4610 ἀδελφούς.
1762 4535 1900 4591 Οὔτε

325 4646 406 4707 είς
466 4641 594 4706 τούς
654 4657 782 4695 ποτε
841 4639 984 4692 κατὰ
1037 4639 1214 4706 σάρκα
1255 4635 1441 4697 ἰδίους,
1471 4633 1504 4704 ἢ
1535 4627 1900 4700 συγγενεῖς,ἧ

327 4732 538 4803 φίλους,
575 4731 609 4802 ἢ
643 4730 994 4800 συνεταίρους
1021 4767 1036 4790 ,
1064 4726 1246 4796 χρήσῃ
1283 4727 1396 4786 τοῖς
1436 4723 1536 4791 τῆς
1566 4720 1776 4783 οἰκείας
1809 4734 1904 4788 μο-

328 4826 448 4896 νῆς,
475 4823 598 4877 οὔτε
637 4823 767 4888 ζῶν,
806 4821 931 4876 οὔτε
973 4819 1112 4891 μετὰ
1159 4817 1410 4877 θάνατον,
1466 4809 1904 4884 ἑλεημονητικῶς

328 4918 364 4988 ἢ
405 4914 834 4987 κληρονομικῶς,
873 4914 954 4975 είς
997 4911 1122 4974 τοὺς
1173 4909 1274 4980 ήδη
1319 4902 1775 4977 προειρημένους.
1828 4901 1904 4954 οῦ

331 5008 439 5076 γὰρ
472 5009 536 5059 ὲκ
577 5006 687 5058 τῶν
731 5003 824 5056 τοῦ
869 5003 1074 5072 κόσμου
1135 4994 1206 5062 εἷ,
1235 4999 1322 5052 ἶνα
1348 4995 1580 5067 μετέχῃς
1601 4994 1708 5048 τῶν
1729 4995 1793 5046 ἐκ
1809 4990 1905 5044 τοῦ

333 5099 562 5167 κόσμου.
596 5094 743 5165 Πλὴν
771 5095 817 5146 εἰ
847 5094 1032 5162 μήπου
1077 5087 1369 5161 μεταϐαῖὲν
1407 5103 1554 5150 τινες
1575 5086 1640 5138 ὲκ
1666 5083 1760 5138 τοῦ
1789 5099 1908 5136 κοι-

333 5187 565 5243 νωνικοῦ
595 5185 710 5256 βίου
747 5183 882 5254 πρὸς
918 5181 979 5235 τὸ
1017 5179 1138 5234 καθ’
1165 5181 1310 5249 ἡμᾶς
1357 5177 1547 5246 τάγμα
1574 5192 1589 5206 ο
1620 5175 1716 5228 καὶ
1765 5170 1910 5226 οὕτω

337 5280 644 5350 φροντίσεις
673 5277 812 5330 κατὰ
854 5273 1085 5344 μίμησιν
1113 5271 1222 5324 τῶν
1247 5271 1420 5339 ἁγίων
1454 5267 1732 5338 Πατέρων.

407 5372 469 5424 δ’.
490 5371 565 5424 Οὐ
586 5370 763 5439 κτήσῃ
779 5365 983 5426 δοῦλον,
999 5361 1122 5418 οῦτε
1137 5364 1216 5426 είς
1231 5364 1329 5431 τὴν
1347 5361 1552 5414 οἰκείαν
1564 5355 1910 5429 χρείαν,οῦτε

341 5464 422 5525 εἰς
453 5462 550 5531 τὴν
578 5460 786 5513 οἰκείαν
822 5457 1013 5528 μονὴν,
1045 5453 1170 5508 οῦτε
1193 5455 1272 5516 εἱς
1297 5453 1524 5522 ἀγροὺς,
1553 5450 1648 5502 τὸν
1676 5449 1796 5501 κατ’
1826 5449 1908 5500 εί-

341 5553 475 5606 κόνα
495 5549 629 5604 Θεοῦ
646 5549 908 5618 γεγονότα
932 5545 1215 5615 ἄνθρωπον
1239 5561 1252 5574 ·
1273 5543 1430 5597 τοῦτο
1443 5543 1551 5613 γὰρ
1591 5541 1772 5612 μόνοις
1801 5541 1913 5602 τοῖς

344 5645 402 5695 ἐν
429 5641 507 5712 τῷ
536 5641 636 5711 βίῳ
659 5639 1106 5710 συγκεχώρηται,
1137 5636 1254 5701 ῶςό
1287 5634 1461 5705 ’γάμος
1483 5649 1497 5663 ⁸
1533 5635 1615 5686 σοὶ
1661 5633 1717 5686 δὲ
1737 5631 1914 5702 χρεὼν

348 5734 654 5803 παρασχεῖν
680 5731 907 5785 σεαυτὸν
939 5728 1126 5784 δοῦλον
1162 5730 1276 5790 τοῖς
1305 5724 1602 5797 όμοψῦχοις
1630 5739 1726 5780 σου
1757 5723 1920 5778 ἀδελ-

1993 4531 2133 4575 tuos.
2175 4518 2295 4574 Non
2321 4520 2572 4589 erogabis
2617 4521 2670 4576 itt
2699 4531 2822 4579 tuos
2843 4523 2972 4576 olim
3008 4524 3311 4577 secundum
3341 4539 3562 4578 carnem

1991 4625 2084 4668 aut
2117 4614 2472 4683 propinquos,
2507 4623 2604 4668 aut
2635 4616 2867 4679 amicos,
2901 4625 2995 4669 aut
3022 4616 3235 4670 sodales
3260 4634 3323 4670 ex
3358 4619 3564 4687 proprii

1991 4705 2311 4760 monasterii
2354 4707 2516 4760 rebus
2552 4707 2876 4776 quidquam,
2919 4725 3018 4762 nec
3070 4708 3279 4774 vivens,
3314 4726 3412 4764 nec
3446 4723 3567 4780 post

1993 4808 2246 4864 mortem,
2291 4797 2653 4868 eleetnosynze
2684 4802 2767 4855 vel
2797 4801 3136 4856 litercditatis
3178 4805 3396 4856 nomine
3428 4820 3443 4858 :
3479 4820 3568 4857 nc-

1991 4907 2096 4960 que
2121 4892 2266 4944 enim
2296 4906 2364 4945 ex
2397 4892 2598 4946 saeculo
2631 4907 2712 4956 es,
2747 4902 2804 4948 ut
2841 4896 3177 4948 consortium
3211 4895 3410 4951 habeas
3440 4912 3563 4950 cum

1991 4984 2344 5038 saecularibus
2372 5000 2388 5050 ;
2419 4984 2526 5039 nisi
2561 4986 2657 5054 qui
2689 4984 2830 5039 forte
2857 5001 2924 5040 ex
2955 4988 3211 5042 coenobio
3237 4989 3288 5042 in
3320 4991 3564 5043 ordinem

1995 5087 2243 5130 nostrum
2305 5078 2642 5142 transierint,
2695 5085 2857 5147 atque
2902 5079 2976 5132 ita
3008 5094 3199 5134 eorum
3246 5095 3432 5136 curam
3476 5097 3569 5152 ge-

1993 5183 2082 5222 ras
2119 5170 2186 5223 ad
2214 5169 2525 5238 exemplum
2561 5178 2881 5225 sanctorum
2915 5169 3161 5226 Patrum.

2062 5353 2117 5402 4.
2146 5348 2264 5404 Non
2297 5352 2601 5421 possidebis
2631 5368 2870 5416 servum,
2905 5368 3006 5407 nec
3040 5362 3163 5407 tuos
3189 5355 3242 5406 in
3279 5368 3433 5416 usus,
3467 5369 3570 5408 nec

1992 5443 2196 5513 proprii
2247 5446 2594 5513 monasterii,
2635 5460 2732 5500 nec
2773 5445 3009 5514 denique
3063 5445 3130 5498 ad
3176 5459 3358 5514 agros.
3394 5446 3570 5499 homi-

1993 5552 2115 5592 nem
2143 5539 2234 5608 qui
2272 5540 2337 5594 ad
2375 5538 2470 5595 Dei
2515 5540 2806 5609 imaginem
2856 5538 3036 5593 faetus
3084 5548 3166 5592 est
3208 5555 3223 5593 :
3276 5537 3380 5592 hoc
3423 5539 3567 5592 enim

1993 5630 2126 5685 solis
2151 5631 2505 5686 saecularibus
2533 5645 2849 5686 concessum
2880 5639 2984 5696 est,
3029 5629 3170 5685 sicut
3223 5630 3449 5700 nuptiae.
3484 5628 3566 5684 Tn

1992 5737 2120 5778 vero
2156 5724 2414 5781 fratribus
2441 5725 2550 5780 tuis
2587 5722 2860 5779 unanimis
2887 5723 3128 5779 seiosum
3154 5721 3417 5779 famulum
3449 5722 3569 5778 ani-
