4122 6382
647 353 785 418 i819

1834 360 1896 420 S.
1938 351 2333 418 THEODORI
2383 343 2736 410 STUDlTrE

3771 319 3924 387 1820

641 481 734 520 mo
782 473 1040 536 praestare
1088 465 1276 533 debes,
1307 467 1438 524 licet
1475 477 1698 524 externa
1739 468 1921 540 specie
1957 479 2218 539 tanquam

2326 461 2444 529 φοῖς
2471 461 2538 528 τῇ
2570 454 2849 526 προθέσει,
2888 451 2992 505 κᾶν
3012 451 3077 522 τῇ
3107 447 3213 514 ἔξω
3241 443 3561 516 ὲπιιρανείᾳ,
3593 443 3673 508 ὡς
3698 444 3928 496 Asand-

641 556 906 612 Dominus
931 564 986 611 et
1011 558 1270 629 magister
1308 572 1576 630 repulere.

712 648 765 705 5.
793 646 906 706 Nec
943 650 1150 706 habeas
1189 649 1500 720 jumentum
1549 651 1772 707 feminei
1811 666 1979 708 sexus
2013 651 2081 706 ad
2126 650 2224 705 mi-

644 741 870 798 nisteria
901 745 1234 807 necessaria,
1265 754 1322 798 tu
1346 744 1440 814 qui
1484 743 1699 798 feminis
1747 745 1973 799 omnino
2021 757 2225 799 renun-

640 835 791 890 tiasti
825 850 841 889 :
877 851 1052 904 neque
1077 835 1130 890 in
1173 835 1534 901 monasterio,
1567 851 1744 907 neque
1771 837 1826 891 in
1871 839 2018 907 agris
2051 853 2065 891 :
2095 851 2221 892 cum

642 940 742 982 nec
773 927 1064 997 quisquam
1110 937 1422 984 sanctorum
1466 936 1685 998 patrum
1727 940 2041 985 nostrorum
2089 941 2223 986 usus

641 1017 732 1080 sit,
763 1033 862 1072 nec
895 1027 1087 1073 natura
1118 1019 1236 1090 ipsa
1263 1021 1561 1091 permittat.

711 1108 766 1163 6.
798 1108 917 1162 Non
943 1110 1326 1180 superveheris
1355 1113 1512 1183 equis
1558 1122 1654 1168 aut
1685 1114 1852 1171 mulis
1883 1115 2092 1188 absque
2125 1132 2220 1172 ne-

640 1200 900 1256 cessitate
929 1219 944 1268 ;
973 1202 1068 1257 sed
1095 1200 1298 1260 Christi
1329 1206 1600 1274 exemplo,
1636 1207 1864 1276 pedibus
1902 1208 2003 1263 iter
2027 1207 2216 1265 facies.

642 1289 737 1346 Sin
765 1293 973 1359 minus,
1005 1294 1187 1364 pullus
1217 1297 1358 1352 asini
1393 1300 1498 1353 erit
1522 1300 1830 1368 jumentum
1861 1311 2035 1357 tuum.

715 1383 766 1438 7.
796 1383 1027 1441 Curabis
1057 1388 1302 1450 omnino,
1335 1399 1394 1444 ut
1424 1391 1563 1444 inter
1587 1391 1784 1448 fratres
1817 1395 2128 1448 communia
2165 1404 2220 1450 et

642 1474 870 1531 indivisa
893 1477 1002 1534 sint
1027 1479 1235 1543 omnia,
1258 1490 1310 1536 ct
1341 1483 1475 1536 nihil
1503 1484 1828 1555 cujusquam
1861 1488 2068 1557 proprii
2091 1488 2218 1558 jure

640 1569 886 1635 dominii,
920 1587 1094 1641 usque
1123 1573 1189 1627 ad
1215 1588 1393 1628 acum.
1421 1575 1537 1630 Tibi
1563 1593 1692 1631 vero
1715 1586 1770 1632 et
1802 1580 1982 1634 anima
2011 1587 2064 1635 et
2093 1593 2216 1634 cor-

642 1676 766 1730 pus,
797 1677 896 1718 nec
925 1673 1186 1732 praeterea
1215 1667 1535 1737 quidquam,
1557 1683 1711 1737 aequa
1743 1669 1897 1725 lance
1928 1673 2214 1727 cbaritatis

641 1751 815 1807 divisa
851 1763 1015 1810 sunto
1049 1754 1107 1810 in
1136 1769 1329 1814 omnes
1363 1768 1488 1815 tuos
1527 1762 1800 1831 spiritales
1829 1763 1968 1818 filios
2005 1781 2072 1820 ac
2097 1765 2211 1820 fra-

642 1853 776 1900 tres.

712 1935 766 1990 8.
793 1934 910 1991 Non
942 1938 1147 1996 habeas
1193 1955 1318 1997 cum
1365 1945 1720 2001 saecularibus
1767 1948 2088 2018 adoptiones
2125 1963 2222 2007 ant

641 2028 1075 2098 consiliationes,
1138 2043 1192 2088 tu
1235 2035 1327 2103 qni
1360 2037 1619 2092 mundum
1675 2038 1817 2110 fugis
1867 2057 1932 2096 ac
1980 2045 2218 2113 nuptias.

640 2119 759 2176 Non
795 2124 939 2177 enim
973 2127 1251 2214 reperitur
1287 2127 1340 2181 in
1408 2131 1652 2199 patribus
1684 2149 1700 2199 ;
1736 2141 1809 2198 et,
1853 2133 1897 2189 si
1929 2136 2219 2205 reperitur,

643 2229 770 2268 raro
805 2233 818 2268 :
849 2231 1023 2286 neque
1051 2216 1102 2272 id
1136 2218 1219 2274 lex
1249 2229 1352 2275 est.

714 2305 766 2360 9.
807 2303 924 2361 Non
976 2309 1198 2378 epulare
1238 2327 1363 2366 cum
1416 2314 1761 2381 mulieribus,
1789 2330 2014 2387 excepta
2050 2333 2223 2377 matre

643 2403 737 2450 tua
783 2398 1084 2454 secundum
1128 2416 1372 2468 carnem,
1409 2415 1462 2458 et
1499 2420 1689 2460 sorore
1747 2418 1860 2474 tua,
1901 2411 2018 2466 sive
2056 2427 2224 2468 cano-

645 2486 782 2543 nica:
811 2489 1034 2557 fuerint,
1062 2493 1178 2549 sive
1198 2494 1488 2552 saaculares
1517 2515 1531 2550 :
1563 2499 1664 2554 nisi
1712 2500 1795 2556 vis
1839 2501 2021 2572 aliqua
2053 2513 2107 2558 et
2129 2519 2224 2559 nc-

640 2579 872 2638 cessitas
895 2582 1160 2658 impellat,
1189 2586 1332 2642 sicut
1355 2588 1651 2644 admonent
1682 2592 1856 2647 sancti
1879 2590 2088 2649 Patres.

718 2780 807 2836 10.
843 2779 922 2838 Ne
969 2782 1228 2854 frequens
1255 2786 1333 2841 sis
1364 2785 1416 2840 in
1464 2789 1776 2858 egressibus
1805 2801 1858 2844 et
1885 2791 2224 2847 circumcur-

645 2876 973 2943 sationibus,
995 2879 1277 2947 proprium
1295 2883 1438 2936 ovile
1455 2884 1711 2938 deserens
1734 2885 1850 2938 sine
1874 2887 2224 2942 necessitate:

645 2974 841 3029 inelius
883 2973 1028 3030 enim
1075 2983 1160 3030 est
1205 2985 1259 3030 et
1305 2977 1638 3045 optabilius,
1678 2989 1736 3032 ut
1781 2977 1863 3032 vel
1913 2979 2124 3034 otiosus
2172 2979 2226 3033 in

644 3066 804 3121 caula
827 3067 1048 3137 degens,
1073 3081 1294 3122 servare
1316 3069 1496 3138 possis
1512 3069 1802 3126 variabiles
1825 3078 1880 3124 et
1906 3070 2011 3124 late
2035 3086 2226 3126 erran-

647 3169 730 3214 tes
761 3160 1058 3215 rationales
1089 3175 1242 3216 oves.

718 3255 804 3307 11.
854 3252 1186 3308 Observabis
1235 3269 1485 3324 prorsus,
1519 3263 1578 3309 ut
1605 3256 1916 3311 catechesin
1947 3266 2029 3312 ter
2050 3257 2226 3326 quali-

649 3346 740 3400 bet
759 3345 1102 3400 hebdomada
1157 3345 1330 3401 facias
1355 3347 1588 3416 vesperi,
1621 3348 1705 3402 vel
1733 3363 1827 3418 per
1851 3350 2223 3419 temetipsum,

646 3439 730 3493 vel
760 3453 852 3508 per
902 3439 1067 3492 alium
1099 3440 1408 3510 quempiam
1452 3456 1482 3494 e
1532 3440 1698 3507 filiis;
1744 3443 2001 3510 quoniam
2040 3457 2070 3496 a
2126 3439 2230 3496 Pa-

648 3529 826 3585 tribus
850 3529 1108 3584 traditum
1132 3539 1236 3596 est,
1257 3539 1313 3584 et
1335 3531 1594 3585 salutare.

721 3623 808 3677 12.
852 3619 969 3676 Νοη
998 3623 1153 3677 dabis
1205 3638 1434 3693 parvum
1485 3623 1752 3687 habitum,
1805 3640 1964 3695 quem
2008 3640 2226 3690 vocant,

647 3722 834 3784 postea.
886 3714 1052 3769 veluti
1103 3729 1362 3786 magnum
1410 3731 1424 3769 :
1482 3731 1626 3770 unus
1675 3717 1819 3770 enim
1859 3726 1944 3770 est
1989 3717 2227 3779 habitus,

647 3804 814 3862 sicuti
859 3815 911 3861 et
955 3806 1251 3875 baptisma,
1304 3808 1764 3876 quemadmodum
1810 3809 1862 3862 in
1915 3825 2065 3865 more
2123 3809 2228 3864 fuit

647 3907 964 3953 sanctorum
997 3898 1240 3956 Patrum.

719 4011 804 4066 15.
867 4010 986 4067 Non
1032 4013 1310 4069 transilies
1350 4013 1497 4084 leges
1539 4023 1595 4069 et
1646 4016 1861 4086 regulas
1912 4027 2228 4072 sanctorum

647 4098 912 4164 Patrum,
965 4103 1236 4172 prmeipue
1291 4112 1416 4157 ante
1473 4119 1664 4159 omnes
1728 4105 1897 4160 divini
1944 4109 2232 4178 magnique

652 4194 834 4249 Basilii
871 4212 884 4248 :
947 4195 1042 4250 sed
1084 4195 1350 4267 quidquid
1402 4194 1572 4251 facies
1616 4206 1712 4250 aut
1756 4198 1926 4259 dices,
1971 4207 2229 4268 tanquam

649 4284 1024 4339 testimonium
1072 4284 1280 4341 habens
1336 4301 1404 4340 ex
1459 4285 1759 4358 Scripturis
1801 4288 1988 4351 facies,
2043 4299 2138 4344 aut
2163 4307 2229 4345 ex

650 4386 872 4446 paterna
914 4377 1313 4435 consuetudine
1352 4381 1560 4450 absque
1613 4382 1852 4438 mandati
1887 4383 2057 4437 divini
2100 4399 2234 4454 prae-

650 4469 1004 4525 varicatione.

723 4583 811 4638 14.
843 4579 962 4638 Non
1006 4582 1355 4654 dcrelinques
1404 4599 1619 4655 gregem
1651 4593 1828 4647 tuum,
1853 4591 1912 4638 ut
1957 4584 2022 4638 ad
2061 4584 2229 4639 alium

651 4685 933 4742 transeas;
965 4686 1060 4732 ant
1100 4677 1168 4732 ad
1203 4677 1522 4748 dignitatem
1565 4692 1671 4729 non
1709 4684 2004 4742 revertere,
2029 4677 2132 4732 nisi
2164 4693 2226 4732 ex

650 4783 928 4826 consensu
950 4777 1004 4822 et
1028 4768 1422 4838 approbatione
1451 4765 1834 4821 fraternitatis.

726 4859 811 4914 l5.
835 4857 955 4914 Non
974 4861 1127 4915 ineas
1147 4860 1443 4916 amicitiam
1467 4876 1592 4915 cum
1619 4860 1914 4926 canonica;
1940 4875 2116 4930 neque
2147 4860 2230 4914 in-

651 4953 901 5023 grediare
933 4955 1325 5044 monasterium
1351 4953 1702 5016 feminarum,
1737 4969 1838 5008 nec
1874 4954 2026 5008 solus
2061 4954 2232 5008 collo-

651 5060 821 5115 quare
839 5061 963 5101 cum
985 5048 1254 5102 monacba
1274 5048 1357 5102 vel
1385 5049 1655 5113 saeculari,
1675 5047 1777 5101 nisi
1799 5047 2096 5102 necessitas
2121 5056 2232 5101 tra-

654 5139 775 5208 hat;
818 5139 981 5211 idque
1007 5155 1131 5195 cum
1171 5141 1384 5196 duabus
1424 5141 1494 5196 ab
1532 5151 1764 5211 utraque
1797 5151 1948 5211 parte
1979 5141 2228 5210 personis

651 5233 960 5288 astantibus
983 5232 1175 5288 :unius
1191 5234 1360 5297 enim,
1378 5241 1438 5286 ut
1455 5234 1628 5300 aiunt,
1646 5232 1820 5287 facilis
1837 5233 2230 5287 estcalumnia.

724 5322 812 5378 16.
831 5321 948 5378 Non
971 5324 1185 5394 aperies
1203 5324 1405 5380 ostium
1425 5325 1742 5380 monasterii
1763 5324 1830 5379 ad
1858 5325 2234 5379 intromitten-

651 5416 778 5471 dam
820 5415 1079 5472 feminam
1140 5417 1310 5472 ullam
1353 5418 1470 5472 sine
1531 5433 1726 5487 magna
1779 5419 2123 5474 neceSsitate.
2175 5419 2231 5476 Si

653 5523 782 5563 vero
841 5520 993 5578 potes
1043 5509 1183 5566 citra
1238 5519 1487 5564 mutuum
1541 5519 1823 5579 aspectum
1858 5512 2131 5582 excipere,
2179 5514 2231 5570 id

655 5612 873 5669 quoque
903 5598 1128 5655 minime
1157 5599 1562 5670 negligendum.

727 5710 816 5765 17.
833 5709 950 5767 Νοη
971 5723 1176 5770 statues
1201 5713 1297 5768 tibi
1323 5713 1707 5775 diversorium,
1732 5725 1827 5771 aut
1855 5717 2234 5788 spiritualibus

660 5805 810 5871 filiis,
867 5809 1180 5865 saecularem
1235 5809 1481 5879 domum,
1515 5811 1567 5866 in
1603 5828 1712 5882 qua
1760 5816 1872 5870 sint
1911 5815 2075 5871 etiam
2106 5831 2230 5872 mu-

2255 4549 2310 4609 D

2322 569 2422 626 της
2452 549 2646 624 λογίζῃ
2682 551 2778 602 καὶ
2801 543 3144 607 διδάσκαλος.

2395 648 2458 702 ε’.
2495 645 2572 699 Οὐ
2606 641 2796 713 σχοίης
2824 639 2961 704 ζῶον
2989 637 3099 690 τῶν
3129 637 3195 690 ὲκ
3227 631 3323 688 τοῦ
3358 631 3568 704 θήλεως
3601 631 3808 700 γένους
3837 628 3927 690 είς

2323 737 2515 810 χρείαν
2538 732 2904 808 ὑπουργικὴν,
2933 732 2963 784 ὁ
2983 729 3061 801 τῷ
3098 728 3251 801 Θήλει
3293 727 3650 784 παντάπασιν
3701 722 3930 774 dmu-

2324 835 2554 909 ξάμενος
2580 851 2594 866 ⁸
2631 831 2755 886 οὔτε
2797 831 2858 884 ὲν
2883 829 2950 901 τῇ
2987 829 3151 899 μονῇ,
3179 824 3308 881 οὔτε
3327 826 3387 878 ὲν
3415 825 3530 886 τοῖς
3553 821 3774 891 ἀγροῖς.
3804 819 3928 909 Χα-

2322 907 2428 991 οὼς
2477 923 2654 988 οὐδεὶς
2695 921 2806 976 τῶν
2856 920 3019 974 ὁσίων
3067 920 3162 972 καὶ
3222 915 3394 986 ἁγίων
3439 912 3708 983 Πατέρων
3753 907 3932 980 ήμῶν

2321 1019 2614 1090 ἐχρήσατο,
2653 1013 2777 1069 οὔτε
2811 1015 2844 1084 ή
2875 1012 3037 1083 φύσις
3078 1011 3218 1081 αὑτὴ
3247 1006 3536 1076 ἐπιτρέπει

2393 1115 2469 1175 ς’.
2499 1109 2616 1161 Οὐκ
2647 1103 3012 1176 ἐποχούμενος
3043 1101 3142 1174 ἔσῃ
3168 1100 3263 1154 ἐπὶ
3288 1098 3479 1161 ἵπποις
3519 1097 3618 1150 καὶ
3659 1092 3928 1164 ἧμιάψκς

2319 1202 2441 1274 δίχα
2475 1202 2722 1271 ἀνάγκης
2749 1215 2763 1228 ⁸
2797 1197 2932 1251 ἀλλὰ
2961 1194 3430 1268 Χριστομιμήτως
3478 1187 3928 1258 πεζοπορήσεις.

2256 1327 2258 1329 >
2320 1293 2384 1349 Εἰ
2421 1295 2467 1348 δ’
2491 1290 2607 1360 οὖν,
2641 1293 2823 1357 πῶλὸς
2853 1308 2936 1344 σοι
2966 1289 3026 1344 τὸ
3061 1285 3356 1356 ὑποζύγιον
3387 1284 3548 1337 ἔστω.

2388 1388 2454 1452 ζ’.
2487 1384 2904 1460 Παραφυλάξεις
2925 1383 3144 1446 πάντως
3175 1379 3235 1434 τδ
3257 1380 3436 1433 πάντα
3466 1378 3525 1431 ὲν
3556 1377 3628 1446 τῇ
3665 1371 3922 1440 ἀδελςᾶ-

2317 1495 2442 1550 τητι
2471 1479 2628 1533 κοινά
2663 1473 2824 1541 εἶναι,
2861 1478 2955 1530 καὶ
2983 1473 3279 1544 ἀμέριστα,
3310 1468 3406 1522 καὶ
3429 1465 3596 1538 μηδὲν
3634 1462 3792 1516 κατά
3818 1460 3928 1530 μὲ-

2319 1589 2410 1642 ρος
2432 1571 2528 1625 τοῦ
2556 1570 2680 1624 καθ’
2706 1569 2939 1624 ἕκαστον
2963 1568 3043 1630 είς
3085 1561 3469 1632 ἐξαυθέντησιν
3493 1557 3661 1629 μέχρι
3693 1555 3798 1608 καὶ
3826 1554 3932 1622 ῥα-

2317 1663 2487 1733 φίδος.
2512 1661 2614 1714 Σοῦ
2641 1659 2698 1715 δὲ
2727 1661 2822 1714 καὶ
2851 1660 2913 1713 τὸ
2945 1658 3106 1730 σῶμα
3126 1656 3218 1710 καὶ
3242 1655 3276 1727 ή
3303 1652 3471 1725 ψυχὴ,
3499 1650 3634 1722 μήτι
3667 1663 3741 1717 τε
3763 1645 3928 1708 ἄλλο,

2321 1753 2564 1808 ἔστωσαν
2611 1751 3083 1824 διαμεμερισμένα
3121 1751 3179 1803 ὲν
3242 1747 3447 1818 ἰσότητι
3492 1744 3724 1812 ἀγάπης
3783 1741 3937 1793 πᾶσι

2254 1841 2297 1900 Β
2324 1850 2437 1910 τοῖς
2511 1845 2903 1917 πνευματικοῖς
2951 1857 3047 1896 σου
3107 1841 3317 1904 τέκνοις
3382 1837 3478 1892 καὶ
3522 1835 3811 1904 ἀδελφοῖς.

2393 1940 2462 2012 η’.
2506 1942 2580 1995 Οὐ
2607 1939 2796 2011 σχοίης
2824 1937 2959 2009 μετά
2988 1935 3270 2006 κοσμικῶν
3307 1932 3696 2001 ἀδελφοποιίας
3721 1930 3760 1999 ἦ
3807 1945 3932 1982 συν-

2321 2034 2562 2100 τεκνίας,
2597 2037 2624 2088 ὁ
2646 2033 2822 2103 φυγὰς
2849 2032 2944 2086 τοῦ
2978 2031 3182 2101 κόσμου
3209 2028 3304 2082 καὶ
3341 2027 3436 2081 τοῦ
3460 2026 3644 2096 γάμου
3669 2040 3685 2056 ⁸
3711 2025 3786 2078 οὐ
3817 2023 3932 2095 γὰρ

2321 2129 2548 2198 εὓρηται
2587 2129 2643 2179 ὲν
2681 2127 2794 2189 τοῖς
2850 2123 3162 2194 Πατράσιν·
3193 2121 3242 2174 εί
3264 2120 3320 2174 δὲ
3354 2120 3450 2173 καὶ
3481 2116 3749 2188 εὕρηται,
3783 2132 3929 2169 σπα-

2326 2220 2531 2283 νιάκις,
2562 2219 2656 2273 καὶ
2682 2217 2843 2271 τοῦτο
2865 2216 2924 2270 οὒ
2959 2216 3145 2286 νόμος.

2401 2311 2466 2365 Θ’.
2502 2312 2575 2364 Οὐ
2637 2309 3034 2380 συνεστιαθήσῃ
3078 2306 3219 2376 μετά
3269 2302 3568 2373 γυναικῶν,
3611 2301 3768 2372 πλὴν
3827 2299 3928 2370 τῆς

2325 2405 2466 2460 κατά
2518 2404 2698 2476 σάρκα
2729 2401 2934 2474 μητρός
2973 2418 3068 2454 σου
3107 2399 3204 2452 καὶ
3245 2397 3502 2468 ἀδελφῆς,
3533 2397 3638 2451 κάν
3663 2411 3728 2448 τε
3760 2411 3928 2448 κανο-

2326 2499 2502 2569 νικῆς,
2530 2497 2632 2552 κάν
2660 2513 2720 2548 τε
2743 2495 3014 2564 κοσμικῆς
3037 2507 3050 2523 ⁸
3079 2491 3180 2546 οὐκ
3227 2483 3366 2554 οῖδα,
3389 2491 3439 2544 εἰ
3469 2489 3542 2561 μή
3572 2505 3664 2552 τις
3695 2487 3802 2557 βία
3833 2487 3931 2540 καὶ

2326 2589 2539 2660 ἀνάγκη
2575 2586 2787 2658 καλοίη,
2815 2583 2996 2648 καθὼς
3022 2581 3486 2652 παρακελεύονται
3515 2581 3564 2634 οἱ
3593 2579 3756 2649 ἅγιοι
3805 2579 3924 2632 Πα-

2325 2682 2503 2750 τέρες.

2403 2793 2456 2848 ι’.
2493 2792 2568 2847 Οὐ
2601 2789 2791 2862 σχοίης
2815 2788 2876 2844 τὸ
2932 2787 3301 2859 πολυπρόοδον
3341 2785 3437 2839 καὶ
3477 2783 3928 2854 πολυγύρευτον,

2329 2889 2459 2944 ἄνευ
2494 2886 2742 2956 ἀνάγκης
2781 2881 3281 2953 ὲγκαταλιμπάνων
3313 2882 3376 2934 τὺ
3401 2883 3600 2934 οἰκεῖον
3636 2879 3926 2949 ποίμνιον.

2343 2980 2658 3050 Ἀγαπητὸν
2685 2979 2793 3050 γὰρ
2836 2979 2929 3032 καὶ
2962 2975 3292 3049 σχολάζοντα
3319 2975 3378 3027 ὲν
3405 2975 3472 3043 τῇ
3506 2972 3723 3044 ποίμνῃ
3753 2971 3928 3042 δυνη-

2331 3074 2492 3146 θῆναί
2523 3091 2583 3126 σε
2634 3073 2900 3127 διασῶσαι
2937 3073 3004 3124 τὰ
3049 3065 3510 3140 πολυτροπὼτατα
3549 3065 3648 3118 καὶ
3693 3063 3926 3117 πολυδι-

2329 3165 2581 3230 εξόδευτα
2603 3163 2798 3232 λογικά
2823 3161 3089 3234 πρόϐατα.

2406 3263 2493 3311 ια’.
2527 3252 2944 3328 Παραφυλάξεις
2964 3254 3184 3317 πάντως
3213 3249 3308 3306 τοῦ
3339 3250 3610 3304 ποιεῖσθαι
3653 3248 3923 3319 τρισάκις

2328 3348 2430 3420 τὴν
2463 3349 2765 3420 κατήχησιν
2795 3350 2864 3420 τῇ
2895 3345 3176 3417 ἑϐδομάδι,
3208 3346 3301 3399 καὶ
3328 3343 3452 3398 καθ’
3483 3341 3738 3412 ἑσπέραν
3775 3341 3816 3412 ἦ
3840 3341 3927 3394 διὰ

2331 3439 2552 3506 σαυτοῦ,
2581 3439 2706 3512 ἢδέ
2744 3439 2906 3494 ἄλλου
2935 3438 3046 3493 τῶν
3099 3439 3326 3492 τέκνων.
3365 3435 3584 3505 Ἐπειδὴ
3626 3451 3929 3505 πατροπα-

2333 3536 2557 3607 ράδοτον
2587 3533 2748 3588 τοῦτο
2781 3535 2876 3588 καὶ
2904 3535 3194 3604 σωτήριον.

2406 3627 2491 3699 ιβ’.
2526 3628 2602 3682 Οὐ
2625 3627 2944 3699 δοίηςίὸπερ
2977 3625 3200 3694 λέγουσι
3239 3623 3434 3696 μικρὸν
3475 3623 3690 3693 σχῆμα,
3727 3619 3930 3675 ἔπειτα

2331 3716 2409 3781 ὡς
2442 3719 2586 3788 μέγα
2609 3735 2622 3748 ⁸
2651 3716 2710 3771 ἓν
2744 3715 2854 3788 γάρ
2879 3715 2937 3769 τὸ
2967 3716 3170 3787 σχῆμα,
3196 3713 3386 3784 ὥσπερ
3403 3715 3497 3767 καὶ
3520 3711 3583 3765 τὺ
3606 3711 3930 3783 βάπτισμα,

2334 3810 2514 3876 καθὼς
2542 3811 2592 3865 οἱ
2618 3809 2763 3880 ἆγιοι
2789 3810 3030 3880 Πατέρες
3063 3809 3386 3879 ἐχρήσαντο.

2406 4021 2494 4083 ιγ’,
2525 4012 2600 4067 Οὐ
2629 4011 2943 4084 παραϐαίης
2989 4009 3117 4070 τοὺς
3169 4005 3368 4078 νόμους
3409 4001 3506 4058 καὶ
3535 3999 3780 4063 κανόνας
3815 3997 3932 4052 τῶν

2333 4107 2504 4175 ἁγίων
2536 4105 2816 4174 Πατέρων.
2848 4103 2962 4172 [1ρό
2987 4117 3051 4168 γε
3104 4099 3324 4153 πάντων
3366 4093 3462 4149 τοῦ
3509 4093 3658 4146 Θείου
3690 4091 3796 4145 καὶ
3829 4108 3932 4162 pse

2333 4198 2500 4266 γάλου
2530 4195 2833 4249 Βασιλείου.
2876 4191 3037 4246 Ἀλλά
3068 4192 3176 4244 πᾶν
3195 4190 3224 4242 ὅ
3244 4205 3298 4241 τι
3331 4187 3398 4240 ἂν
3428 4187 3588 4256 ποιῇς
3635 4183 3670 4253 ἢ
3724 4181 3924 4251 λέγῃς,

2333 4289 2408 4354 ὡς
2444 4287 2749 4360 μαρτυρίαν
2793 4286 2931 4356 ἔχων
2966 4285 3031 4337 ὲκ
3069 4281 3177 4336 τῶν
3214 4279 3449 4354 Γραφῶν
3487 4277 3745 4347 πράξας,
3792 4276 3828 4346 ἦ
3861 4277 3926 4328 ἐκ

2334 4380 2610 4453 πατρικῆς
2671 4378 2961 4448 συνηθείας
2989 4419 3005 4443 ,
3060 4376 3189 4430 ἄνευ
3264 4373 3638 4447 παραϐάσεως
3691 4368 3926 4438 ἐντολῆς

2334 4473 2492 4528 Θεοῦ.

2409 4587 2490 4642 ιδ’.
2513 4586 2588 4639 Οὐ
2606 4584 2953 4655 καταλείψεις
2979 4584 3041 4638 τὸ
3071 4581 3321 4654 ποίμνιον
3352 4599 3444 4634 σου
3467 4577 3719 4648 καὶπρὸς
3735 4577 3928 4648 ἕτερον

2337 4680 2646 4751 μεταϐήσῃ,
2674 4679 2707 4750 ἢ
2741 4680 2875 4750 πρὸς
2899 4677 3059 4744 ἀξίαν
3097 4675 3513 4746 ἐπαναδράμῃς,
3543 4674 3674 4728 ἀνευ
3713 4688 3927 4740 συγκα-

2332 4773 2607 4836 ταθέσεως
2638 4771 2741 4841 τῆς
2767 4771 2973 4834 οἰκείας
3011 4788 3104 4824 σου
3149 4770 3532 4840 ἀδελφότητος.

2404 4873 2484 4922 ιε’.
2505 4867 2580 4920 Οὐ
2600 4865 2867 4935 φιλιάσεις
2911 4865 3046 4936 μετά
3086 4865 3380 4933 κανονικῆς
3399 4876 3414 4893 ⁸
3430 4861 3550 4914 οὐδὲ
3573 4857 3923 4930 παραϐαλεῖς

2333 4962 2391 5014 ὲν
2429 4959 2724 5030 γυναικείῳ
2765 4961 3002 5028 σεμνείῳ
3028 4973 3042 4987 ⁸
3080 4956 3203 5010 οὐδὲ
3257 4956 3572 5026 καταμόνας
3629 4953 3922 5023 ὁμιλήσεις

2337 5053 2644 5124 μοναξούσῃ
2678 5051 2712 5122 ἢ
2743 5053 2982 5122 κοσμικῇ
3007 5066 3022 5081 ⁸
3055 5052 3104 5103 εἰ
3142 5051 3217 5122 μή
3238 5068 3342 5102 που
3371 5051 3585 5119 ἀνάγκη
3621 5047 3802 5112 ἒλκει,
3829 5048 3920 5101 καὶ

2333 5144 2454 5196 τότε
2484 5143 2576 5196 δύο
2598 5141 2882 5213 παρόντων
2922 5140 2982 5206 ἐξ
3011 5141 3274 5212 ἑκατέρου
3329 5142 3530 5213 μέρους
3559 5139 3882 5212 προσώπων
3902 5156 3918 5172 ⁸

2333 5237 2393 5289 τὸ
2423 5236 2530 5308 γὰρ
2556 5235 2635 5301 ἒν,
2665 5235 2741 5297 ὥς
2771 5251 2958 5305 φασιν,
3001 5235 3436 5306 εὑεπηρέαστον.

2409 5335 2505 5394 ις’.
2529 5329 2644 5382 Οὐκ
2670 5329 2909 5396 ἀνοίξεις
2945 5328 3043 5400 τὴν
3083 5326 3254 5398 Θύραν
3285 5328 3384 5396 τῆς
3408 5327 3576 5398 μονῆς
3602 5327 3703 5378 ἐπὶ
3727 5326 3922 5396 εἰσόδῳ

2337 5419 2599 5486 παντοίας
2625 5423 2888 5491 γυναικὸς
2908 5423 3040 5477 ἄνευ
3071 5422 3316 5492 μεγάλης
3339 5421 3589 5490 ἀνάγκης
3614 5438 3629 5450 ⁸
3661 5421 3714 5473 εί
3743 5421 3809 5474 δὲ
3835 5421 3920 5474 δυ·

2338 5515 2497 5580 νατὸς
2525 5512 2575 5568 εἷ
2612 5513 2953 5584 ἁσυμφανῶς
2992 5511 3263 5584 δέχεσθαι,
3303 5513 3424 5568 οὐδὲ
3469 5512 3630 5566 τοῦτο
3670 5513 3922 5584 ἀπόϐλη-

2337 5627 2449 5664 τον.

2412 5724 2582 5786 ιζ’.οὑ
2608 5725 2856 5793 ποιήσεις
2875 5721 3086 5792 σεαυτῷ
3107 5720 3520 5789 καταγώγιον,ῆ
3536 5723 3648 5782 τοῖς
3669 5737 3925 5789 πνευμα-

2338 5818 2510 5880 τικοῖς
2541 5831 2632 5869 σου
2665 5815 2876 5879 τέκνοις
2898 5809 3046 5869 οἶκον
3076 5814 3360 5885 κοσμικὺν,
3401 5814 3460 5866 ἐν
3491 5803 3536 5880 ᾧ
3578 5813 3689 5865 είσι
3729 5814 3926 5880 γυναῖ-
