4122 6382
256 381 402 453 1821

1634 401 2223 466 TESTAMENTUM.

3385 403 3526 469 1822

246 516 381 564 κες,
413 497 508 551 ἐπὶ
565 497 746 571 συχνῷ
795 500 1160 572 παραϐάλλων
1185 518 1201 533 ⁶
1238 501 1356 555 ἀλλ’
1385 500 1582 576 ἐκλέξῃ
1617 505 1699 568 εἰς
1743 505 1827 558 ἀν·

1944 504 2128 571 lieres,
2166 507 2360 564 crebro
2407 508 2670 565 accedens
2698 527 2712 563 :
2739 507 2832 564 sed
2873 505 3015 577 apud
3061 506 3348 576 religiosos
3375 511 3529 568 viros

247 590 404 662 δρῶν
440 590 684 646 εὐλαϐῶν
707 592 806 656 τὰς
835 593 1136 665 παροδικὰς
1180 594 1278 648 καὶ
1311 594 1622 664 ἀναγκαίας
1653 596 1842 667 χρείας

248 675 556 737 ποιεῖσθαι.

330 782 421 848 ιη’.
439 759 512 830 Οὐ
545 779 726 851 κτήσῃ
758 779 1008 850 μαθητὴν
1024 781 1104 843 είς
1127 779 1190 834 τὸ
1207 781 1420 835 κελλίον
1436 799 1529 836 σου
1555 781 1840 853 μειράκιον

248 869 597 940 προσπαῦῶς
614 887 630 904 ο
646 871 762 924 ἀλλ’
776 874 840 925 ἐκ
861 871 1155 942 προσώπου
1172 875 1508 936 ἀνυπόπτου,
1526 877 1622 929 καὶ
1639 877 1704 929 ἐκ
1725 875 1840 928 δια-

249 956 443 1030 φόρων
477 960 728 1030 ἀδελφῶν
760 961 860 1031 τὴν
898 961 1207 1032 ὑπηρεσίαν
1245 983 1338 1018 σου
1385 968 1657 1035 ποιήσεις.

326 1051 414 1107 ιϐ’.
449 1053 524 1106 Οὐ
563 1055 737 1127 κτήσῃ
769 1054 1064 1124 ἱματισμὸν
1107 1054 1513 1128 ἐξηλλαγμένον
1545 1062 1637 1112 καὶ
1673 1059 1840 1114 πολύ-

245 1161 446 1216 τιμον,
486 1145 616 1202 ἄνευ
683 1145 780 1200 τοῦ
843 1147 1144 1218 ἱερατικοῦ.
1197 1149 1360 1204 Ἀλλὰ
1405 1153 1520 1216 τοῖς
1557 1155 1837 1219 ταπεινοῖς

247 1237 687 1308 πατρομιμήτως
714 1237 809 1292 καὶ
846 1238 1060 1294 ἐνδόσει
1097 1241 1190 1294 καὶ
1223 1240 1500 1300 ὑποδύσει.

321 1335 394 1383 κ’.
409 1329 521 1383 Οὐκ
545 1329 646 1404 ἔσῃ
663 1330 1027 1403 ἁϐροδίαιτος,
1043 1331 1168 1386 οὐτε
1194 1335 1252 1388 ἐν
1272 1337 1336 1406 τῇ
1359 1334 1465 1407 ἰδίᾳ
1482 1353 1576 1389 σου
1593 1337 1834 1414 δαπάνῃ,

243 1420 378 1476 οὔτε
411 1425 470 1477 ἐν
497 1425 618 1488 ταῖς
653 1425 946 1496 ὑποδοχαῖς
982 1426 1094 1480 τῶν
1133 1425 1302 1494 ξένων
1323 1444 1336 1459 ·
1367 1427 1444 1493 ὡς
1486 1428 1632 1484 κατὰ
1675 1431 1837 1486 τοῦτο

244 1515 677 1588 περισπώμενος
694 1533 708 1548 ·
741 1518 860 1572 ἐστι
881 1519 993 1591 γὰρ
1019 1518 1182 1573 τοῦτο
1203 1522 1304 1592 τῆς
1329 1521 1550 1594 μερίδος
1575 1522 1672 1578 τοῦ
1695 1525 1834 1580 ἀπο-

243 1609 548 1665 λαυστικοῦ
572 1609 714 1681 βίου.

318 1701 428 1758 κα’.
447 1702 523 1756 Οὐ
555 1703 912 1774 θησαυρίσεις
937 1701 1160 1775 χρυσίον
1189 1705 1248 1758 ἐν
1275 1707 1341 1777 τῇ
1366 1708 1501 1778 μονῇ
1535 1724 1632 1762 σου
1654 1721 1668 1736 ·
1697 1708 1834 1764 ἀλλὰ

246 1793 312 1848 τὸ
342 1794 487 1850 κατὰ
507 1795 829 1867 περισσείαν
859 1796 952 1849 ἐπὶ
967 1796 1170 1876 παντὸς
1187 1797 1384 1866 είδους,
1406 1799 1694 1872 μεταδοίης
1720 1803 1834 1864 τοῖς

248 1888 526 1959 δεομένοις
549 1904 565 1919 ·
606 1889 665 1942 ἐν
691 1887 894 1954 ἀνοίξει
915 1891 1018 1960 τῆς
1045 1873 1219 1959 αὐλῆς
1249 1908 1368 1957 σου,
1390 1893 1576 1959 καθὼς
1603 1895 1652 1949 οἱ
1680 1894 1828 1962 ἅγιοι

246 1980 519 2051 Πατέρες.

321 2071 429 2142 κβ⁰.
461 2071 536 2126 Οὐ
564 2073 863 2144 κρατήσεις
890 2071 1056 2126 τόπον
1078 2073 1482 2145 ὴσφαλισμένον
1515 2077 1610 2130 καὶ
1631 2075 1730 2148 τὴν
1753 2079 1830 2132 οι-

242 2163 547 2234 κονομικὴν
593 2165 851 2236 φροντίδα
873 2166 1021 2220 ’ἀλλ’
1053 2167 1193 2221 ἐστω
1227 2184 1308 2221 σοι
1326 2166 1496 2233 κλεὶς,
1525 2170 1560 2240 ἡ
1591 2171 1825 2242 μεγίστη

243 2255 358 2308 τῶν
381 2255 572 2326 ψυχῶν
599 2259 846 2326 φροντὶς,
884 2255 978 2311 τοῦ
1001 2257 1153 2312 λύειν
1178 2261 1273 2312 καὶ
1299 2259 1542 2332 δεσμεῖν,
1587 2262 1731 2316 κατὰ
1757 2263 1828 2317 τά

242 2349 439 2418 Λόγια.
474 2350 548 2403 Τὸ
577 2350 798 2420 χρυσίον
836 2351 895 2404 δὲ
930 2351 1022 2405 καὶ
1062 2352 1132 2408 τα
1172 2352 1314 2406 κατὰ
1337 2353 1552 2425 χρείαν,
1589 2356 1828 2426 ἐγχειρί-

243 2460 360 2506 σεις
386 2445 504 2508 τοῖς
528 2443 854 2514 οἰκονόμοις.
908 2448 1020 2508 τοῖς
1070 2444 1440 2518 κελλαρίταις,
1475 2447 1569 2500 καὶ
1598 2448 1674 2512 ὼς
1704 2449 1828 2501 ἐπι-

242 2535 430 2589 ϐάλλει
461 2537 584 2591 καθ’
616 2539 856 2610 ἑκάστην
884 2539 1166 2595 διακονίαν
1199 2559 1294 2596 σου
1318 2544 1587 2614 πρόδηλον
1606 2546 1826 2601 πάντων

241 2628 340 2699 τὴν
363 2628 615 2694 ἐξουσίαν
642 2619 860 2702 ἔχοντος
877 2649 892 2664 ο
920 2632 1016 2687 καὶ
1061 2635 1462 2707 μεταφέροντος
1499 2639 1576 2700 ὡς
1612 2637 1678 2692 ἂν
1702 2638 1826 2709 βου-

241 2719 374 2793 λεύῃ
405 2721 545 2792 μετὰ
571 2723 684 2776 τῶν
709 2723 1050 2794 προεχόντων
1075 2728 1134 2779 ἐν
1161 2725 1240 2798 τῷ
1268 2727 1488 2797 τυχόντι
1515 2729 1823 2799 προσώπῳ,

243 2813 648 2884 ἀπολαμϐάνων
673 2815 766 2870 τὸν
794 2816 951 2886 λόγον
989 2818 1231 2890 ἑκάστης
1261 2819 1608 2893 διοικήσεως.

313 2904 419 2975 κγ’.
437 2907 513 2961 Οὐ
542 2909 903 2980 προτιμήσεις
933 2909 1030 2962 τοῦ
1065 2913 1482 2984 συμμφέροντος
1508 2917 1574 2986 τῇ
1605 2915 1828 2986 ἀδελφά·

147 2987 158 2995 ’
241 3013 364 3066 τητι
383 2998 676 3068 πρόσωπον
695 3001 896 3064 παντὸς
917 3002 1106 3072 ἐτέρου
1135 3003 1446 3075 ἀνθρώπου,
1471 3006 1828 3078 ὑπερέχοντος

242 3087 336 3141 καὶ
364 3089 774 3155 ἐξουσιάζοντος
826 3093 969 3146 κατὰ
1017 3094 1113 3148 τὸν
1160 3095 1406 3166 παρόντα
1449 3099 1660 3154 αίῶνα·
1699 3100 1826 3154 οὐτε

1943 603 2128 672 potius
2153 601 2454 667 diversare,
2479 613 2534 656 et
2569 601 2883 656 transitoria
2913 601 3016 654 via:
3052 599 3300 655 subsidia
3329 617 3526 672 capere

1940 695 2213 749 studebis.

2017 785 2104 840 18.
2121 784 2240 840 Non
2256 785 2480 841 habebis
2505 786 2556 841 in
2580 786 2714 842 cella
2734 793 2822 840 tua
2848 786 3178 856 discipulum
3202 786 3524 844 adolescen-

1941 884 2074 942 tem,
2107 891 2218 946 quo
2251 876 2497 933 afticiare
2527 896 2542 931 :
2574 879 2670 934 sed
2720 878 3025 934 ministeria
3073 887 3166 933 tua
3199 879 3402 934 obeant
3429 879 3519 934 di-

1940 968 2085 1024 versi
2112 969 2332 1034 fratres,
2366 979 2421 1024 et
2451 970 2677 1026 minime
2705 967 2968 1041 suspéeti.

2012 1061 2101 1119 19.
2137 1060 2257 1118 Non
2286 1063 2456 1118 uteris
2489 1065 2814 1118 vestimento
2861 1063 3143 1118 elaborato
3169 1074 3222 1118 et
3246 1063 3519 1134 pretioso,

1935 1165 2302 1228 praeterquam
2363 1156 2724 1224 sacerdotali;
2776 1155 2870 1211 sed
2916 1149 3250 1224 huinilibus,
3297 1155 3519 1212 Patrum

1937 1249 2210 1319 exemplo,
2240 1249 2484 1310 induere,
2513 1260 2568 1303 et
2597 1249 2931 1304 calceabere.

2007 1339 2098 1394 20.
2125 1337 2245 1394 Non
2269 1341 2380 1395 eris
2400 1339 2667 1395 delicatus
2685 1356 2748 1394 ac
2771 1340 2974 1406 lautus,
3002 1355 3183 1410 neque
3217 1340 3271 1395 in
3305 1340 3522 1410 privato

1937 1445 2157 1506 sumptu
2208 1444 2323 1494 tuo.
2362 1450 2539 1504 neque
2583 1434 2638 1488 in
2687 1434 2964 1503 hospitum
3017 1434 3364 1504 receptione;
3398 1443 3520 1490 tan-

1935 1545 2100 1598 quam
2142 1543 2205 1583 ea
2233 1543 2362 1583 cura
2392 1527 2718 1584 distraharis
2757 1543 2772 1581 :
2806 1527 2909 1582 hoc
2940 1527 3086 1582 enim
3123 1528 3401 1598 proprium
3433 1534 3522 1584 est

1937 1621 2059 1674 vita:
2085 1618 2427 1689 voluptariae.

2003 1712 2096 1769 2t.
2124 1711 2242 1766 Non
2273 1712 2537 1768 recondas
2566 1728 2762 1767 aurum
2789 1713 2841 1766 in
2887 1711 3223 1768 monasterio
3269 1724 3386 1779 tuo,
3419 1712 3519 1768 sed

1934 1803 2200 1876 quidquid
2225 1805 2277 1856 in
2303 1817 2847 1872 unoquoquegenere
2859 1803 3207 1868 redundabit,
3231 1801 3522 1872 indigenti-

1931 1901 2038 1956 bus
2072 1897 2288 1969 largire,
2319 1900 2579 1966 adaperto
2611 1895 2754 1950 atrio
2787 1906 2902 1961 tuo,
2939 1896 3081 1952 sicut
3105 1895 3282 1952 sancti
3304 1894 3516 1952 Patres.

1998 2075 2090 2129 22.
2112 2073 2230 2130 Non
2251 2073 2492 2129 servabis
2511 2075 2691 2130 locum
2709 2073 3004 2138 munitum,
3027 2087 3126 2127 nec
3149 2087 3337 2127 curam
3359 2087 3518 2141 geras

1927 2166 2328 2223 oeconomicam
2379 2187 2394 2219 :
2438 2164 2532 2220 sed
2591 2165 2763 2220 clavis
2809 2175 2929 2220 esto
2993 2165 3090 2219 tibi
3134 2179 3349 2219 summa
3382 2177 3516 2220 cura

1929 2259 2262 2323 animarum,
2296 2257 2363 2313 ad
2397 2259 2714 2314 solvendum
2751 2265 2806 2312 et
2830 2258 3295 2329 ligandum,juxta
3327 2258 3518 2328 Scrip-

1927 2362 2131 2407 turam.
2176 2352 2386 2406 Aurum
2433 2361 2616 2406 autem
2646 2357 2704 2404 et
2732 2365 2821 2405 res
2851 2350 2974 2404 usui
2999 2350 3340 2404 necessarias
3365 2364 3518 2403 com-

1927 2445 2114 2502 mittes
2169 2444 2494 2511 meonomis,
2535 2442 2772 2498 cellariis
2813 2451 2869 2497 et
2916 2441 3154 2507 caeteris,
3201 2449 3262 2495 ut
3314 2440 3518 2511 cuique

1928 2538 2182 2594 convenit
2213 2553 2280 2592 ex
2312 2535 2498 2592 ofticio
2525 2535 2642 2590 :~ita
2674 2534 2936 2590 nimirum
2963 2535 3286 2589 utomnium
3314 2533 3516 2590 habeas

1926 2640 2294 2703 potestatem;
2349 2638 2405 2684 et
2453 2627 2754 2684 transleras
2825 2637 2991 2698 prout
3060 2627 3417 2697 praeceperis,
3453 2625 3510 2680 in

1926 2722 2076 2778 hunc
2122 2721 2209 2776 vel
2265 2720 2438 2787 illum,
2498 2721 2769 2776 rationein
2816 2719 3048 2790 exigens,
3083 2717 3520 2788 uniuscujusque

1927 2814 2446 2872 administrationis.

1995 2906 2086 2962 23.
2101 2903 2219 2961 Non
2235 2893 2536 2975 antepona’s
2555 2904 2784 2958 fratrum
2800 2903 3016 2959 utilitati
3031 2917 3318 2973 personam
3336 2901 3520 2972 cujus-

1927 3016 2035 3070 que
2063 2999 2294 3054 alterius
2339 2999 2578 3054 hominis
2617 2995 2910 3052 eminentis
2949 3011 3016 3050 ac
3042 2994 3278 3066 potentis
3315 3009 3518 3049 secun-

1926 3093 2057 3148 dum
2096 3091 2381 3147 saeculum.
2409 3089 2522 3145 Nec
2555 3087 2795 3158 refugies
2851 3101 2952 3157 pro
2994 3085 3306 3141 divinarum
3333 3086 3513 3156 legum

241 3180 564 3248 ὐποσταλεῖς
621 3183 813 3254 μέχρις
838 3185 1079 3255 αἵματος
1127 3187 1222 3240 ἐπὶ
1265 3189 1480 3261 φυλακῇ
1532 3192 1644 3246 τῶν
1666 3192 1827 3247 Θείων

1930 3199 1996 3238 ac
2026 3189 2422 3253 praeceptorum
2453 3179 2864 3242 observatione,
2890 3177 3134 3232 animam
3161 3187 3307 3231 tuam
3341 3191 3518 3246 usque

242 3274 443 3341 νόμων,
471 3275 566 3327 καὶ
592 3275 848 3339 ἐντολῶν,
872 3274 1156 3345 προθεῖναι
1195 3277 1295 3348 τὴν
1322 3279 1502 3351 ψυχήν
1534 3298 1652 3338 σου.

311 3363 410 3420 κδ’.
433 3366 510 3420 υύ
537 3368 785 3438 ποιήσεις
807 3385 860 3420 τι
889 3367 922 3439 ἤ
947 3367 1175 3438 πράξεις
1194 3371 1536 3426 κατόίκείαν
1568 3374 1822 3446 γνώμην,

243 3458 304 3511 ἐν
334 3460 623 3531 πράγματι
660 3462 827 3514 παντὶ
849 3461 959 3514 τῶν
987 3480 1048 3516 τε
1080 3464 1333 3535 ψυχικῶν
1363 3469 1456 3521 καὶ
1486 3468 1594 3522 τῶν
1629 3487 1820 3539 σωμα-

241 3551 410 3605 τικῶν
434 3569 447 3583 ·
478 3552 697 3624 πρῶτον
731 3553 832 3624 μὲν
859 3555 989 3608 ἄνευ
1022 3554 1221 3624 βουλῆς
1259 3559 1354 3610 καὶ
1388 3559 1554 3630 εὐχῆς
1581 3561 1676 3613 τοῦ
1705 3563 1821 3614 Κυ-

245 3644 360 3716 ρίου
383 3643 482 3698 καὶ
513 3645 724 3716 Πατρός
748 3662 866 3708 σου,
888 3644 1082 3699 ἔπειτα.
1102 3646 1211 3700 τῶν
1238 3651 1581 3720 προεχόντων
1603 3653 1660 3704 ἐν
1680 3653 1823 3720 γνῶ·

246 3755 328 3790 σει
355 3737 450 3791 καὶ
487 3736 751 3809 εὐλαϐείᾳ
789 3739 932 3792 κατὰ
979 3737 1082 3809 τὴν
1127 3742 1498 3812 ὑποκειμένην
1521 3742 1819 3796 ὑπόθεσινο

244 3831 359 3896 ἐνὸς
380 3830 491 3903 γὰρ
517 3831 683 3902 χρεία
721 3831 946 3904 τυχὺνῆ
979 3834 1095 3902 δύο,
1131 3836 1164 3907 ἢ
1203 3835 1454 3909 τριῶν,ἢ
1488 3836 1586 3888 καὶ
1638 3836 1826 3890 πλειό-

243 3941 349 3978 νων
407 3924 596 3996 ῶσπερ
667 3925 1040 3996 ἐντετάλμεθα
1092 3927 1377 4000 πατρικῶς
1412 3968 1428 3994 ,
1480 3929 1576 3982 καὶ
1637 3928 1826 4002 διήξα-

247 4031 364 4087 μεν.

313 4106 500 4161 Ταῦτα
547 4106 728 4160 πάντα
777 4109 874 4162 καὶ
913 4108 1013 4162 ὅσα
1043 4108 1207 4180 ἓτερα
1245 4109 1526 4176 ὲξελάϐου,
1559 4129 1822 4184 παραφυ·

242 4199 440 4266 λάξεις,
469 4200 566 4254 καὶ
597 4201 965 4272 φρουρήσεις·
1005 4202 1091 4255 ἵνα
1119 4199 1179 4257 εὖ
1209 4219 1292 4257 σοι
1321 4203 1570 4276 γένηται.
1597 4207 1707 4259 Καὶ
1723 4206 1823 4279 ἔσῃ

243 4292 700 4362 κατευοδούμενος
731 4296 790 4346 ἐν
831 4294 1022 4366 Κυρίῳ
1048 4311 1062 4324 °
1095 4295 1159 4349 τὸ
1201 4296 1312 4366 γὰρ
1367 4297 1608 4350 ἐναντίον
1655 4298 1822 4370 ἀπείη

245 4388 336 4442 καὶ
365 4387 546 4456 λέγειν
572 4389 668 4441 καὶ
707 4389 930 4444 ἐννοεῖν.

641 4481 911 4535 Ἐντολαί
947 4481 1073 4548 τοῖς
1106 4482 1414 4554 ἀδελφοῖς.

1931 3275 1998 3330 ad
2039 3275 2364 3343 sanguinem
2399 3287 2693 3342 apponere.

1998 3365 2090 3422 24.
2113 3364 2232 3420 Non
2254 3363 2423 3422 (acies
2444 3364 2526 3418 vel
2544 3378 2672 3434 ages
2688 3361 2987 3432 quidquam
3005 3377 3069 3416 ex
3091 3361 3310 3431 proprio
3346 3375 3516 3416 sensu

1931 3461 1986 3516 in
2013 3477 2072 3516 re
2096 3461 2226 3524 ulla,
2257 3461 2372 3516 sive
2401 3459 2467 3514 ad
2496 3459 2736 3512 animam
2767 3463 2994 3524 Spectet,
3032 3457 3148 3510 sive
3185 3455 3253 3509 ad
3280 3469 3512 3524 corpus;

1931 3549 2170 3619 primum
2203 3548 2324 3604 sine
2344 3545 2580 3602 consilio
2609 3560 2674 3599 ac
2701 3551 2829 3600 voto
2873 3543 3085 3598 domini
3107 3559 3172 3598 ae
3197 3541 3378 3598 Patris
3402 3541 3513 3597 tui:

1931 3641 2127 3696 deinde
2178 3641 2416 3694 aliorum
2468 3638 2678 3707 judicio
2714 3645 2772 3694 et
2822 3636 3021 3708 pietate
3063 3635 3514 3707 praecellentium,

1931 3743 2096 3804 prout
2140 3734 2390 3802 subjecta
2454 3749 2542 3788 res
2595 3731 2884 3802 postulat:
2923 3745 3036 3785 uno
3083 3731 3226 3784 enim
3279 3728 3512 3784 forsitan

1930 3841 2070 3895 opus
2096 3834 2201 3890 est,
2231 3835 2328 3880 aut
2354 3825 2592 3888 duobus,
2615 3833 2708 3878 aut
2733 3825 2928 3886 tribus,
2946 3832 3042 3877 aut
3058 3822 3308 3891 pluribus
3328 3822 3514 3886 etiam,

1931 3919 2078 3974 sicut
2105 3932 2134 3971 a
2175 3916 2431 3972 Patribus
2473 3914 2630 3970 nobis
2659 3922 2994 3985 praeceptum
3022 3921 3128 3968 est.

2005 4095 2130 4152 Haec
2143 4095 2352 4158 omnia.
2376 4103 2430 4149 et
2447 4106 2786 4164 quaecunque
2806 4091 2910 4146 alia
2937 4089 3216 4162 accepisti,
3241 4089 3514 4158 servabis,

1930 4189 2312 4256 et'custodies,
2345 4197 2403 4241 ut
2425 4187 2562 4243 bene
2588 4185 2684 4240 tibi
2712 4185 2804 4246 sit.
2834 4192 2889 4239 et
2909 4194 3054 4238 recte
3075 4184 3322 4238 ambules
3337 4183 3390 4238 in
3415 4183 3524 4242 Do-

1932 4287 2106 4341 mino.
2127 4282 2478 4339 Contrarium
2503 4279 2648 4334 enim
2678 4278 2822 4333 absit
2841 4277 2924 4332 vel
2949 4276 3131 4332 dicere
3147 4277 3231 4334 vel
3252 4279 3514 4349 cogitare.

2343 4482 2624 4553 Praecpta
2654 4461 2916 4552 fratribus
2954 4480 3106 4533 data.

312 4573 484 4645 Δεῦρο
507 4575 602 4628 καὶ
637 4575 817 4646 ὑμεῖς,
853 4569 900 4629 ὦ
921 4577 1090 4631 τέκνα
1120 4595 1221 4648 μου
1257 4580 1353 4633 καὶ
1371 4580 1610 4650 ἀδελφοί,
1662 4583 1827 4637 ἀκού-

1985 4581 2200 4636 .Adeste
2219 4588 2273 4634 et
2293 4594 2414 4642 vos,
2445 4577 2541 4631 lilii
2568 4576 2674 4631 mei
2699 4590 2764 4629 ac
2785 4574 3002 4638 fratres,
3021 4582 3075 4628 et
3107 4572 3294 4630 audite
3321 4573 3518 4630 miser-

249 4667 376 4720 σατέ
405 4684 506 4736 μου
536 4671 636 4740 τῆς
666 4669 1027 4740 οἰκτροτάτης
1071 4669 1276 4740 φωνῆς.
1312 4670 1552 4736 Δέξασθε
1601 4675 1695 4726 τὸν
1725 4674 1825 4728 κύ·-

253 4775 361 4829 ριον
417 4760 510 4812 τὸν
562 4760 890 4832 ἡγούμενον,
948 4760 1136 4826 καθὼς
1189 4763 1506 4828 ἐξελέξασθε
1553 4766 1720 4819 αὐτὸν
1766 4769 1817 4821 οἱ

250 4854 448 4913 πάντες
472 4871 484 4884 ·
513 4855 692 4907 οὐδενὶ
710 4855 822 4926 γὰρ
845 4855 1024 4920 ἔξεστι
1058 4855 1181 4909 κατ’
1217 4856 1409 4910 οὐδένα
1435 4859 1637 4929 τρόπον
1671 4861 1828 4931 αἱρή-

251 4945 441 5000 σασθαι
476 4946 636 5000 ἄλλον
662 4948 793 5013 ίτινὰ
849 4947 964 5017 βίον
1006 4948 1140 5020 παρ’
1167 4947 1196 5000 ὃ
1223 4949 1460 5021 ὑπάρχει
1485 4968 1500 4983 ·
1527 4953 1622 5006 καὶ
1668 4946 1828 5016 οὗτος

249 5038 497 5107 ὁδεσμδς
525 5039 631 5091 ὑπὸ
674 5039 906 5110 Κυρίου.
953 5040 1300 5095 Ἀσπάσασθε
1330 5043 1495 5096 αὐτὸν
1535 5043 1610 5107 ὡς
1655 5043 1830 5098 διάδο-

252 5131 340 5201 χόν
373 5148 496 5201 μου,
521 5129 588 5184 δι’
609 5130 789 5195 αἰδοῦς
819 5132 914 5183 καὶ
954 5133 1123 5202 τιμῆς
1155 5134 1593 5204 προσϐλέποντες
1621 5136 1784 5189 αὐτόν
1809 5151 1824 5167 ·

253 5224 346 5277 καὶ
388 5224 484 5278 τὸν
509 5223 608 5293 τῆς
643 5224 924 5293 ὑποταγῆς
959 5226 1161 5279 κανόνα
1205 5229 1436 5298 νόμιμον
1487 5227 1563 5290 ὡς
1609 5229 1670 5279 ἐν
1703 5228 1828 5298 ἐμοὶ

254 5319 344 5372 καὶ
375 5319 431 5372 ἐν
458 5315 606 5387 αὐτῷ
628 5316 1017 5386 διαφυλάξατε,
1049 5319 1126 5391 μὴ
1151 5319 1622 5391 καταφρονοῦντες
1643 5321 1740 5390 τῆς
1770 5323 1828 5374 ἐν

251 5409 441 5483 Κυρίῳ
488 5411 690 5479 νεαρᾶς
721 5412 993 5484 προϐολῆς
1041 5413 1246 5467 αὐτοῦ·
1284 5414 1420 5484 μηδὲ
1467 5412 1828 5482 ἐκζητοῦντες

252 5501 432 5554 πλεῖόν
478 5518 532 5554 τι
595 5502 748 5572 παρὰ
805 5502 915 5556 τῶν
981 5503 1339 5574 δωρηθέντων
1385 5503 1536 5573 αὐτῷ
1581 5504 1686 5556 ὐπὸ
1733 5502 1827 5558 τοῦ

253 5590 566 5661 Πνεύματος
595 5590 690 5644 τοῦ
743 5591 904 5660 ἁγίου
956 5593 1335 5664 χαρισμάτων.
1377 5593 1633 5665 Ἀρκετὸν
1675 5593 1827 5664 αὐτῷ

251 5683 630 5754 διακρατῆσαι,
663 5683 808 5754 ἅπερ
837 5686 989 5756 παρὰ
1023 5685 1125 5757 τῆς
1167 5685 1550 5750 ταπεινώσεώς
1597 5703 1700 5757 μου
1739 5688 1828 5739 ἐν-

251 5776 520 5832 τέταλται.
558 5777 666 5831 Καὶ
693 5779 740 5830 εἰ
767 5779 1016 5846 ἁγαπᾶτέ
1051 5797 1140 5850 με,
1168 5780 1336 5834 τέκνα
1376 5795 1502 5851 μου,
1528 5779 1629 5842 τὰς
1675 5780 1824 5833 ἐντο-

253 5870 343 5934 λάς
370 5887 474 5941 μου
509 5869 806 5939 φυλάξατε.
839 5873 947 5928 Καὶ
967 5873 1068 5944 τὴν
1094 5875 1318 5946 εἰρήνην
1343 5876 1400 5929 ἐν
1435 5875 1652 5938 ἑαυτοῖς
1675 5871 1824 5944 ἔχετε

1929 4673 2128 4728 rimam
2171 4684 2362 4725 vocem
2409 4683 2612 4722 meam.
2642 4665 2915 4736 Suscipite
2939 4665 3220 4720 dominum
3253 4665 3518 4736 praeposi-

1931 4767 2074 4822 tum,
2105 4757 2251 4811 sicut
2295 4752 2508 4823 elegisti
2543 4752 2722 4820 ipsum
2769 4765 2991 4816 omnes;
3021 4750 3226 4804 nemini
3251 4750 3400 4806 enim
3431 4748 3516 4806 fas

1929 4861 2041 4919 est,
2078 4849 2192 4906 ullo
2242 4847 2404 4904 modo
2450 4845 2616 4901 aliam
2673 4843 2988 4914 quampiam
3051 4843 3220 4897 vitam
3280 4843 3512 4914 eligere,

1928 4950 2126 5014 praeter
2173 4955 2338 5012 quam
2387 4938 2614 4994 sortitus
2665 4945 2748 4992 est
2779 4953 2793 4991 :
2826 4945 2881 4991 et
2923 4936 3027 4992 hoc
3065 4935 3344 4990 vinculum
3370 4945 3455 4992 est
3482 4951 3516 4992 a

1930 5037 2183 5094 Domino.
2211 5031 2620 5105 Ampleetimini
2649 5030 2804 5086 illum
2839 5038 3096 5098 tapquam
3133 5043 3513 5086 successorem

1931 5149 2135 5196 meum,
2169 5146 2295 5188 cum
2329 5127 2630 5184 reverentia
2661 5136 2716 5182 et
2733 5125 2942 5181 honore
2970 5125 3246 5180 intuentes
3278 5123 3334 5179 in
3363 5138 3510 5189 eum,

1929 5239 1985 5284 et
2002 5226 2300 5301 legitimam
2325 5221 2648 5279 obedientia:
2673 5219 2916 5291 regulam
2939 5233 3071 5287 erga
3095 5216 3252 5272 illum
3274 5224 3512 5278 servate,

1933 5331 2193 5393 tanquam
2243 5331 2372 5388 erga
2424 5330 2512 5372 me
2565 5315 2770 5385 ipsum,
2803 5329 3001 5368 novam
3032 5313 3155 5383 ejus
3192 5311 3248 5365 in
3281 5309 3515 5364 Domino

1934 5413 2332 5486 proniotionem
2386 5409 2612 5465 minime
2668 5417 3011 5479 spernentes,
3044 5421 3148 5460 nec
3187 5404 3312 5475 plus
3352 5401 3516 5473 quid-

1929 5523 2094 5579 quam
2140 5507 2192 5560 in
2241 5519 2307 5560 eo
2336 5503 2698 5574 requirentes.
2729 5516 2892 5570 quam
2925 5499 2974 5553 ei
3009 5513 3038 5552 a
3077 5496 3282 5567 Spiritu
3319 5504 3515 5551 sancto

1931 5610 2256 5652 concessum
2282 5594 2352 5650 sit
2381 5589 2861 5662 :quandoqnidem
2897 5589 2944 5643 ei
2979 5586 3203 5651 sufﬁcit,
3235 5595 3296 5641 ut
3322 5601 3386 5639 ea
3413 5587 3514 5640 ob-

1929 5698 2127 5753 servet,
2156 5703 2280 5757 qua:
2302 5685 2372 5740 ab
2394 5685 2703 5740 humilitate
2730 5697 2852 5737 mea
2872 5688 3142 5751 praecepta
3174 5688 3324 5734 sunt.
3351 5675 3510 5744 Quod

1929 5780 1976 5835 si
2021 5779 2247 5850 diligitis
2294 5793 2404 5843 me,
2439 5777 2533 5832 lilii
2563 5775 2691 5838 mei,
2720 5772 2979 5828 mandata
3026 5786 3146 5826 mea
3178 5776 3415 5835 servate,
3453 5777 3510 5824 et

1930 5890 2118 5950 parem
2151 5874 2291 5931 inter
2321 5888 2416 5930 vos
2480 5871 2754 5928 habetote.
2785 5866 3105 5938 Angelicum
3164 5862 3504 5935 promissum
