4122 6382
723 357 862 422 1823

1612 359 1674 421 S.
1703 359 2097 420 THEODORI
2147 356 2492 418 STUDITxE
2527 359 3120 423 TESTAMENTUM.
3843 352 3934 417 13Ξὲ

720 479 967 524 vestrum
1015 465 1396 538 incorruptum
1449 467 1759 536 custodite,
1797 470 1850 524 in
1897 467 2053 524 cretis
2108 465 2329 522 ambur

2422 466 2462 519 τὸ
2484 467 2780 536 ἀγγελικδν
2831 467 2988 540 ὑμῶν
3021 464 3350 536 ἐπάγγελμα
3415 459 3778 530 ἀδιάψευστον
3820 467 3934 536 τηρῇ-

724 562 925 618 lantes.

794 652 1054 709 Mundum
1085 653 1212 710 odio
1251 654 1535 718 habentes,
1569 653 1636 709 ad
1663 654 1854 708 mundi
1887 669 2051 724 opera
2075 669 2145 710 ne
2175 668 2307 709 con-

2409 576 2562 624 σατε,
2592 560 2862 631 οὐρανίως
2889 561 3271 632 πορευόμενοι.

2477 653 2583 706 Τὸν
2619 653 2824 722 κόσμον
2851 655 3204 723 μισήσαντες,
3244 650 3320 722 μὴ
3351 649 3742 718 ὲπιστραςδῆτε
3771 647 3935 718 «om

723 747 1035 802 vertamini.
1061 745 1267 802 Solutis
1300 747 1530 802 vinculis
1553 747 1854 802 carnalium
1887 747 2206 812 affectuum,
2238 762 2308 802 ne

2422 743 2502 798 τοῦ
2528 745 2734 816 κόσμου
2773 745 2932 816 ἔργα.
2956 745 3224 808 Λυθέντες
3247 744 3362 796 τῶν
3385 741 3616 811 δεσμῶν
3635 741 3727 807 τῆς
3746 755 3933 808 προστει-

728 838 784 894 in
815 840 1034 896 eosdem
1067 840 1266 895 iterum
1307 839 1642 910 impingatis.

800 1021 903 1090 Qui
923 1022 1179 1078 omnibus
1200 1022 1422 1115 caducis
1457 1023 1624 1090 huius
1654 1023 1780 1078 vita:
1810 1023 2082 1080 illecebris
2107 1039 2311 1078 renun-

730 1117 929 1181 tiastis,
963 1133 993 1172 a
1015 1119 1305 1188 praeposito
1347 1128 1529 1174 vestro
1559 1119 1740 1174 studio
1761 1129 1816 1174 et
1845 1119 2170 1175 obedientia:
2197 1135 2313 1176 cer-

731 1210 936 1263 tamine
959 1225 1027 1265 ne
1054 1210 1312 1267 resiliatis
1346 1227 1440 1281 per
1466 1211 1738 1280 ignaviam
1776 1252 1792 1278 ,
1826 1213 1998 1268 risum
2049 1212 2311 1267 daemoni-

731 1299 836 1356 bus
864 1301 1184 1369 praebentes.

801 1392 882 1446 Ad
921 1407 1144 1446 cursum
1179 1393 1500 1450 obedientite
1543 1385 1812 1464 usquead
1847 1395 2005 1450 linem
2035 1395 2308 1463 insistite;

731 1491 795 1538 ut
817 1483 1325 1542 itumarcecsibilem
1357 1487 1583 1558 justitia:
1614 1505 1872 1543 coronam
1907 1489 2220 1558 reportetis.

805 1656 1179 1715 Humilitatem
1263 1671 1578 1729 sectantes,
1638 1663 1972 1719 voluntatem
2035 1665 2310 1735 propriam

731 1750 1018 1822 abnegate,
1062 1753 1127 1806 ad
1161 1769 1222 1808 ea
1253 1754 1430 1809 solum
1483 1771 1582 1808 vos
1630 1755 2060 1822 conformantes,
2109 1771 2230 1826 quae
2281 1772 2310 1810 a

730 1819 1020 1915 praeposito
1047 1857 1228 1902 vestro
1253 1845 1455 1902 fuerint
1479 1849 1797 1919 approbata.
1818 1849 1942 1904 Etsi
1962 1819 2178 1920 quidem
2198 1849 2314 1905 haec
2341 1819 2388 1879 Β

737 1931 1067 1993 scitis,heati
1090 1935 1266 1998 eritis,
1293 1935 1340 1990 si
1368 1936 1435 1990 ad
1469 1937 1629 1990 linem
1667 1953 1840 2008 usque
1881 1938 1970 1993 illa
2005 1940 2310 1997 servabitis.

739 2025 852 2081 Vos
902 2028 1044 2080 enim
1098 2040 1399 2100 martyrum
1432 2030 1636 2086 chorus
1684 2032 1942 2101 excipiet,
1984 2034 2317 2104 coronisque

732 2117 788 2170 in
829 2132 995 2188 regno
1023 2120 1287 2176 caelorum
1318 2119 1578 2188 redimiti,
1607 2123 1952 2192 sempiternis
1983 2124 2141 2180 bonis
2169 2123 2314 2180 fruc-

731 2223 888 2264 ιιιιηι.
1386 2223 1393 2232 ’

1388 2304 1662 2377 Epilogus.

803 2394 881 2450 De
918 2404 1136 2463 czetero,
1169 2397 1388 2465 fratres,
1422 2402 1619 2457 valete.
1655 2401 1759 2457 Iter
1823 2404 1968 2458 enim
2017 2404 2316 2475 ingredior,

734 2487 880 2541 unde
930 2489 1136 2545 reditus
1191 2505 1300 2545 non
1343 2501 1492 2561 patet
1521 2511 1536 2546 :
1567 2494 1713 2564 quod
1757 2510 1948 2552 omnes
1977 2498 2045 2550 ab
2075 2513 2193 2552 aevo
2227 2499 2314 2554 in-

735 2581 909 2651 gressi
969 2591 1097 2637 sunt
1136 2600 1151 2638 :
1188 2581 1331 2654 quod
1387 2593 1444 2641 et
1496 2601 1598 2640 vos
1648 2587 2020 2657 postmodum,
2060 2589 2163 2645 hac
2211 2591 2315 2646 vita

737 2679 996 2741 peracta,
1035 2672 1338 2744 ingressuri
1392 2675 1548 2730 estis.
1601 2675 1794 2748 ignoro
1857 2689 2069 2748 autem,
2122 2680 2318 2738 fratres

739 2763 868 2826 mei,
919 2780 1028 2834 quo
1079 2781 1302 2836 pergam
1325 2811 1340 2831 ,
1371 2776 1426 2822 et
1457 2769 1621 2840 quale
1645 2770 1916 2840 judicium
1954 2788 2041 2828 me
2080 2782 2317 2838 maneat,

739 2861 835 2908 aut
862 2855 1112 2924 quisnam
1146 2873 1233 2912 me
1263 2860 1416 2914 locus
1453 2861 1718 2931 excipiet;
1747 2878 1885 2932 opus
1922 2864 2068 2919 enim
2114 2865 2318 2920 bonum

740 2943 796 3000 in
824 2957 1120 3018 conspectu
1154 2949 1250 3006 Dei
1284 2952 1495 3007 nullum
1537 2956 1645 3024 egi,
1673 2971 1740 3010 ne
1773 2972 1940 3010 unum
1976 2957 2232 3027 quidem;
2267 2966 2322 3012 at

740 3046 930 3091 contra
959 3053 1086 3094 reus
1128 3055 1249 3096 sum
1283 3048 1464 3098 omnis
1491 3046 1721 3114 peccati.
1749 3043 2141 3102 Verumtamen
2169 3049 2324 3103 laetor

2410 837 2582 903 θείας,
2627 837 2703 910 μὴ
2747 837 3002 910 ὲνδεθῆτε
3055 836 3217 902 αὖθις
3263 835 3412 907 πρὸς
3453 833 3560 894 τὰς
3597 832 3936 902 σαρκικάς

2412 943 2550 991 σεις.

2491 1020 2968 1092 Ἀπαρνησάμενοι
3021 1019 3200 1073 πάντα
3247 1015 3315 1071 τὰ
3353 1013 3585 1084 τερπνὰ
3633 1015 3726 1066 καὶ
3765 1013 3933 1085 Exim:

2410 1113 2506 1168 τοῦ
2533 1115 2802 1185 παρόντος
2835 1114 2977 1184 βίου,
3017 1113 3094 1184 μὴ
3143 1112 3210 1165 δι’
3248 1108 3564 1178 ὀλιγωρίαν
3621 1107 3930 1177 ἀποπηδήσητε

2412 1211 2511 1279 τῆς
2532 1207 2832 1279 ἀθλητικῆς
2865 1206 3019 1279 ὑμῶν
3049 1205 3356 1276 ὑποταγῆς,
3392 1202 3690 1273 γενόμενοι
3716 1201 3931 1272 ἐπίχαρμι

2411 1299 2700 1370 δαιμόνων.

2484 1392 2630 1462 Πρὸς
2657 1392 2750 1445 τὸν
2773 1390 2974 1464 δρόμον
3010 1389 3111 1460 τῆς
3156 1387 3452 1456 ὑποταγῆς
3499 1386 3666 1457 μέχρι
3703 1384 3859 1448 τέλους
3881 1388 3934 1453 Ξγ-
3982 1391 3983 1464 γ

2416 1485 2824 1555 καρτερήσατεο
2849 1482 2937 1536 ἵνα
2974 1483 3066 1536 τὸν
3096 1481 3194 1554 τῆς
3233 1477 3601 1550 δικαιοσύνης
3643 1479 3929 1549 ἀμαράντινον

2417 1575 2680 1646 στέφανον
2714 1573 3042 1646 κομίσησθε.

2485 1670 2565 1740 Τῇ
2595 1667 3065 1738 ταπεινοφροσύνῃ
3094 1665 3382 1738 ἀγόμενοι,
3411 1663 3653 1736 ἀρνηταὶ
3678 1663 3765 1717 τοῦ
3789 1666 3925 1718 oixsia

2416 1758 2719 1833 θελήματος
2764 1759 3048 1829 γένοισθεο
3073 1759 3210 1832 πρὸς
3267 1758 3412 1828 μόνα
3469 1755 3863 1827 διατυπούμενοι
3888 1760 3925 1808 τὰ

2417 1855 2570 1924 παρὰ
2605 1852 2700 1906 τοῦ
2729 1852 3146 1924 καθηγουμένου
3192 1851 3352 1922 ὑμῶν
3395 1849 3777 1923 ἐγκρινόμενα.
3803 1851 3925 1902 Καὶεξ
3982 1869 3983 1896 ι

2415 1943 2590 1998 ταῦτα
2635 1943 2838 2010 οῖδατε,
2893 1943 3157 2014 μακάριοί
3213 1944 3364 2008 ἐστε,
3399 1942 3502 1997 ἐὰν
3550 1942 3817 2012 φυλάξοιτε
3845 1945 3926 1995 αὖτά

2416 2037 2548 2108 ἄχρι
2577 2037 2790 2100 τέλους.
2839 2037 2898 2090 '0
2919 2037 3028 2106 γὰρ
3057 2038 3219 2108 χορὸς
3248 2036 3363 2090 τῶν
3398 2038 3690 2107 μαρτύρων
3718 2036 3839 2105 ὑμᾶς
3855 2037 3922 2088 εξς-
3981 2063 3983 2122 γ

2415 2129 2648 2198 δέξεται.
2676 2131 2786 2184 Καὶ
2824 2130 3376 2202 στεφανηφοροῦντες
3416 2132 3479 2184 ἐν
3519 2133 3585 2201 τῇ
3625 2128 3842 2201 βασιλείᾳ
3862 2133 3924 2182 τὼ

2416 2221 2685 2293 οὐρανῶν,
2725 2221 2836 2274 τῶν
2868 2222 3105 2276 αἰωνίων
3154 2221 3385 2290 ἀγαθῶν
3413 2220 3778 2276 ἀπολαύσοιτε.

3039 2313 3380 2382 Ἐπίλογος.

2491 2405 2603 2458 Καὶ
2617 2405 2828 2471 λοιπὸν,
2851 2403 3020 2458 τέκνα
3039 2446 3053 2470 ,
3074 2405 3343 2470 σώζοισθε
3373 2421 3390 2437 ⁸
3410 2405 3716 2476 ἀποδημίαν
3729 2407 3818 2474 γὰρ

2418 2497 2582 2566 λομαι
2619 2498 3055 2568 ἀνεπίστροφον·
3089 2497 3157 2569 ἢν
3200 2497 3408 2556 πάντες
3448 2499 3500 2550 οἱ
3548 2497 3639 2550 ἀπ’
3683 2496 3843 2556 αἰῶνος
3875 2495 3921 2544 διο

2422 2585 2662 2642 ὥδευσαν
2688 2602 2702 2616 °
2731 2587 2819 2658 ἐφ’
2852 2589 2920 2660 ἣν
2949 2588 3043 2641 καὶ
3057 2588 3210 2642 αὐτοὶ
3245 2589 3449 2660 μικρὸν
3490 2587 3722 2658 ὕστερον,
3749 2587 3918 2655 λειτουρ-

2422 2679 2693 2749 γήσαντες
2709 2679 2778 2732 τὰ
2798 2679 2892 2732 τοῦ
2917 2679 3054 2751 βίου,
3068 2678 3459 2734 ὲπιϐιώσεσθε.
3485 2681 3597 2733 Οὐκ
3617 2675 3725 2733 οἶδα
3747 2678 3811 2744 δὲ,
3828 2677 3918 2729 ἁδελ-

2422 2770 2514 2840 (poi
2546 2788 2670 2840 μου,
2701 2770 2805 2825 ποῦ
2857 2772 3172 2844 ἀπέρχομαι
3192 2789 3206 2804 '
3231 2773 3266 2844 ἢ
3295 2768 3418 2828 οἷον
3468 2774 3754 2844 ἀπαντήσει
3793 2787 3861 2841 μοι
3881 2768 3914 2820 τὸ

2423 2866 2599 2934 κρῖμα
2629 2880 2644 2894 ⁹
2671 2863 2704 2935 ἢ
2733 2865 2917 2927 ὁποῖος
2961 2866 3280 2933 ὑποδέξεταί
3337 2883 3412 2936 με
3457 2868 3618 2927 τόπος
3641 2883 3654 2896 ·
3683 2864 3816 2934 ἔργον
3847 2862 3915 2928 γὰρ

2423 2952 2630 3020 ἀγαθὸν
2684 2955 2784 3007 οὐκ
2834 2956 3186 3028 εἰργασάμην
3230 2955 3472 3010 ἐνώπιον
3521 2955 3614 3010 τοῦ
3649 2953 3766 3006 Θεοῦ
3787 2951 3832 3004 ἒν
3857 2951 3914 3003 καὶ
3975 2967 3978 3028 ι

2428 3045 2588 3117 μόνον
2611 3061 2624 3074 ·
2658 3046 2841 3116 πάσης
2865 3046 2922 3100 δὲ
2955 3048 3233 3118 ἁμαρτίας
3257 3048 3566 3110 ὑπεύθυνος
3586 3046 3804 3116 ὑπάρχω.
3819 3040 3912 3109 Πλὴν

3981 1067 3983 1136 l

3982 1277 3983 1332 ι

739 3131 1048 3200 etgaudeo,
1089 3132 1236 3204 quod
1291 3151 1358 3190 ex
1405 3135 1510 3191 hoc
1543 3139 1751 3193 mundo
1774 3139 1828 3194 in
1861 3141 2054 3195 ccelum
2091 3142 2250 3206 abeo,
2292 3159 2322 3198 a

2427 3138 2601 3209 χαίρω
2616 3140 2710 3192 καὶ
2730 3139 2931 3211 ἥδομαι
2952 3141 3035 3195 ὅτι
3061 3141 3169 3195 ἀπὸ
3183 3141 3402 3212 κόσμου
3426 3143 3507 3202 είς
3523 3137 3732 3208 οὐρανὸν
3750 3132 3909 3204 πορεύο-

739 3225 982 3281 tenebris
1041 3226 1093 3280 in
1125 3227 1322 3293 lucem,
1347 3245 1377 3284 a
1415 3229 1675 3286 servitute
1699 3232 1752 3286 in
1791 3232 2116 3297 libertatem,
2142 3234 2211 3288 ab
2242 3235 2326 3290 in-

741 3317 921 3371 colatu
966 3318 1021 3372 in
1064 3334 1248 3375 veram
1289 3320 1682 3378 habitationem
1725 3335 1778 3378 et
1807 3325 2075 3393 patriam;
2113 3341 2143 3380 a
2170 3341 2326 3396 pere-

743 3409 918 3477 grinis
975 3419 1030 3466 et
1077 3412 1295 3476 alienis,
1325 3412 1513 3472 Incola
1559 3415 1704 3469 enim
1740 3431 1858 3470 sum
1905 3427 1956 3472 et
1998 3419 2324 3488 peregrinus,

742 3499 882 3553 sicut
911 3517 1088 3556 omnes
1121 3513 1297 3572 patres
1324 3506 1426 3559 mei
1449 3507 1494 3570 °,
1528 3507 1594 3560 ad
1633 3523 1750 3562 mea
1785 3517 1840 3562 et
1870 3508 2112 3579 prepria.
2141 3508 2325 3564 Conli-

745 3594 967 3650 dentius
1013 3596 1191 3652 adhuc
1248 3597 1449 3660 dicam,
1499 3600 1643 3670 quod
1689 3601 1758 3654 ad
1814 3600 2106 3656 Dominum
2146 3619 2326 3657 mettm

746 3679 904 3752 abeo,
937 3686 1003 3743 ad
1036 3689 1326 3746 Dominum
1362 3707 1426 3747 ac
1455 3691 1625 3747 Deum
1675 3709 1879 3762 meum,
1925 3710 2087 3766 quem
2138 3695 2332 3751 dilexit

745 3781 931 3837 anima
987 3799 1133 3852 mea;
1174 3799 1335 3855 quem
1389 3785 1588 3854 agnovi
1639 3786 1890 3852 Patrem,
1939 3787 2156 3842 tametsi
2220 3805 2328 3843 non

748 3875 891 3932 colui
946 3883 1006 3931 ut
1061 3876 1206 3933 lilius
1241 3894 1255 3932 :
1285 3892 1448 3947 quem
1498 3878 1718 3948 possedi
1769 3894 1880 3950 pra.
1933 3880 2212 3947 omnibus,
2247 3891 2331 3935 ta-

750 3971 909 4024 tnetsi
963 3978 1020 4024 ut
1074 3985 1368 4040 germanus
1425 3986 1618 4026 servus
1675 3986 1785 4027 non
1843 3972 2062 4028 servivi.
2107 3970 2232 4028 Haec
2275 3983 2334 4027 ut

751 4061 1016 4132 insipiens
1035 4061 1169 4127 dixi,
1190 4063 1282 4118 sed
1314 4073 1538 4133 propter
1568 4077 1667 4118 vos
1696 4064 1832 4129 dixi,
1857 4073 1917 4119 ut
1946 4064 2332 4135 propensiores

752 4155 895 4221 sitis,
932 4163 987 4210 et
1015 4158 1184 4211 oretis
1221 4171 1320 4225 pro
1355 4157 1532 4212 salute
1570 4172 1693 4211 mea
1725 4174 1740 4210 :
1775 4172 1938 4226 quam
1977 4157 2068 4212 ubi
2103 4157 2334 4226 adeptus

753 4248 911 4304 luero
943 4250 1093 4322 (ecce
1121 4265 1184 4305 ea
1218 4251 1461 4320 spondeo
1491 4251 1544 4304 in
1568 4250 1747 4304 oculis
1779 4249 2064 4320 veritatis).
2092 4265 2199 4304 non
2233 4249 2329 4303 de-

753 4343 991 4398 siturum
1050 4359 1139 4398 me
1189 4343 1525 4400 conﬁdenter
1552 4361 1712 4400 orare
1743 4344 1911 4400 Deum
1947 4360 2010 4400 ac
2037 4343 2334 4400 Dominum

755 4448 937 4486 meum
965 4448 1062 4502 pro
1087 4433 1343 4488 omnibus
1375 4435 1554 4498 vobis,
1587 4444 1646 4489 ut
1668 4435 1805 4490 bene
1839 4435 1992 4489 vobis
2017 4435 2108 4503 sit,
2138 4443 2195 4488 ut
2220 4434 2333 4489 sal-

2431 3252 2528 3306 μαι
2563 3251 2577 3266 ·
2613 3235 2721 3290 ἀπὸ
2754 3236 2976 3300 σκότους
3006 3237 3087 3300 εἰς
3132 3236 3249 3306 φῶς
3275 3253 3292 3268 ο
3325 3235 3440 3290 ἀπὸ
3479 3233 3709 3295 δουλείας
3730 3231 3794 3292 εἰς
3815 3228 3911 3280 ἐλευ-

2429 3326 2649 3396 θερίαν·
2678 3327 2792 3380 ἀπὸ
2813 3328 3111 3398 παροικίας
3140 3329 3221 3393 είς
3245 3327 3516 3398 ἀληθινὴν
3533 3323 3800 3380 κατοικίαν.
3829 3319 3911 3371 Ἀπὸ

2426 3418 2536 3472 τῶν
2569 3418 2735 3486 ξένων
2765 3423 2860 3473 καὶ
2897 3420 3198 3492 ἀλλοτρίων
3239 3421 3560 3492 (Πάροικος
3597 3417 3696 3486 γάρ
3731 3415 3821 3479 ειμι
3847 3407 3909 3460 καὶ

2428 3511 2858 3580 παρεπιδημος,
2880 3513 3076 3579 καθὼς
3115 3513 3343 3580 πάντες
3373 3515 3429 3567 οι
3476 3508 3708 3578 πατέρες
3741 3502 3910 3574 μου)είῖ

2429 3603 2498 3656 τὰ
2529 3603 2638 3675 ὲμά
2688 3607 2886 3660 οἰκεῖα.
2922 3604 3048 3659 Ἔτι
3104 3605 3510 3677 τολμηρότερον
3561 3601 3828 3672 φθέγξομαιτ
3857 3594 3907 3645 δτι

2432 3695 2568 3766 πρὸς
2591 3695 2683 3750 τδν
2703 3697 2984 3767 Δεσπότην
3011 3715 3114 3768 μου
3141 3698 3376 3769 ἀπίημι,
3400 3697 3538 3769 πρὸς
3560 3695 3644 3747 τὸν
3673 3690 3832 3761 Κύριον
3850 3684 3907 3736 καὶ

2431 3784 2566 3838 Θεόν
2597 3802 2724 3856 μου,
2773 3786 2833 3840 ὃν
2873 3787 3170 3858 ἠγάπησεν
3201 3787 3234 3857 ἡ
3277 3787 3427 3858 ψυχή
3478 3802 3574 3856 μου
3601 3799 3615 3814 ·
3639 3780 3691 3834 ὃν
3715 3774 3904 3846 ἐγνώριςι

2432 3877 2674 3948 Πατέρα,
2701 3879 2751 3930 εἰ
2786 3878 2880 3932 καὶ
2909 3878 3011 3932 οὐκ
3041 3878 3389 3950 ἐθεράπευσα
3432 3878 3506 3940 ὡς
3536 3873 3668 3936 υἱός·
3703 3872 3780 3923 Ὃν
3802 3868 3908 3930 ἑκτη-

2435 3969 2619 4039 σάμην
2646 3970 2767 4023 ἀντὶ
2797 3969 3042 4033 πάντων,
3067 3971 3116 4023 εί
3154 3970 3248 4022 καὶ
3287 3971 3389 4025 οὐκ
3416 3965 3683 4022 ἐδούλευσα
3703 3959 3763 4021 ὡς
3783 3952 3904 4009 δοῦλος

2435 4064 2680 4131 γνήσιος.
2716 4059 2902 4115 Ταῦτα
2957 4060 3332 4134 παραφρονῶν
3387 4061 3579 4131 εῐρηκα
3599 4070 3612 4084 ’
3637 4053 3704 4145 δξῖ
3726 4046 3834 4117 ὑμᾶς

2434 4155 2629 4226 λέλεχα
2655 4172 2669 4187 ·
2701 4155 2788 4209 ἵνα
2821 4153 3180 4226 προθυμῆσθε
3221 4155 3321 4209 καὶ
3360 4142 3816 4236 ύπερεύχησθέλεξου

2439 4245 2715 4317 σωτηρίας
2737 4261 2753 4275 ο
2787 4246 2882 4299 καὶ
2913 4247 3008 4300 saw
3045 4245 3288 4316 ἐπιτύχω
3332 4243 3550 4314 ταύτης,
3577 4236 3673 4291 ἰδοὺ
3713 4231 3900 4319 λόγον

2437 4338 2580 4409 δωμι
2608 4336 2840 4391 ἐνώπιον
2865 4338 2963 4409 τῆς
2985 4337 3264 4408 ἀληθείας,
3293 4337 3378 4391 ὅτι
3407 4335 3464 4389 οὐ
3488 4319 3898 4422 σιγήσωΑτολμηρωῗ

2437 4427 2652 4481 δέεσθαι
2682 4427 2776 4482 τοῦ
2797 4429 3002 4498 Κυρίου
3053 4432 3150 4482 καὶ
3182 4429 3453 4482 Δεσπότου
3497 4438 3592 4495 μου
3620 4415 3736 4482 ὑπὲρ
3755 4415 3899 4498 stetit“
3982 4415 3983 4424 ‘

757 4525 979 4589 vemini,
1013 4532 1071 4578 ut
1103 4525 1436 4596 impleamini
1467 4543 1483 4581 :
1514 4535 1840 4597 exspectans
1885 4542 2329 4598 unumquemque

2444 4518 2616 4590 ὑμῶν,
2649 4519 2737 4574 ἵνα
2787 4521 3132 4591 εὐπραγῆτε,
3162 4521 3250 4573 ἵνα
3297 4517 3574 4583 σώζοισθε,
3600 4511 3673 4564 ἵνα
3703 4497 3896 4600 τξληξθυνη·
3982 4507 3983 4600 γ

758 4618 1055 4690 sigillatim,
1085 4633 1207 4673 cum
1243 4633 1310 4673 ex
1362 4619 1566 4673 mundo
1620 4620 1974 4690 migrabit,ut
2014 4621 2250 4686 videam,
2281 4631 2336 4676 et

757 4711 1051 4782 excipiam,
1073 4723 1128 4766 et
1146 4711 1462 4780 amplectar.
1483 4711 1766 4768 Fiduciam
1801 4714 1944 4768 enim
1973 4715 2114 4770 hanc
2142 4717 2336 4780 habeo,

758 4803 906 4875 (ιυοὰ
943 4806 1157 4860 bonitas
1190 4805 1310 4875 ejus
1345 4806 1398 4859 in
1435 4804 1672 4876 idipsnm
1725 4823 1828 4861 nos
1867 4821 2058 4862 omnes
2091 4807 2180 4862 hic
2222 4824 2340 4863 ser-

760 4897 912 4953 vabit
934 4907 988 4953 et
1020 4897 1076 4952 in
1104 4886 1290 4952 futuro
1325 4898 1546 4964 saeculo,
1576 4897 1696 4966 ejus
1725 4900 1998 4955 mandatis
2027 4900 2338 4965 obsecutos,

762 4993 830 5047 ad
880 4991 1256 5048 celebrandam
1302 4991 1422 5062 ejus
1465 5008 1740 5048 summam
1778 4994 2100 5064 potentiam.
2134 4991 2340 5049 Recor-

764 5084 973 5140 damiui
1023 5084 1310 5138 humilium
1355 5099 1672 5140 sermonum
1713 5101 1981 5149 meorum,
2017 5086 2132 5141 lilii.
2164 5085 2342 5156 Depo-

766 5180 930 5236 'situm
978 5178 1246 5234 custodite
1277 5197 1290 5234 :
1325 5177 1380 5232 in
1414 5177 1635 5234 Christo
1677 5177 1805 5235 Jesu
1854 5180 2082 5234 Domino
2110 5189 2339 5244 nostro,

764 5273 854 5328 cui
920 5272 1093 5343 gloria
1153 5280 1208 5327 et
1273 5271 1564 5342 imperium
1617 5271 1673 5326 in
1728 5271 1924 5328 smcula
1994 5271 2343 5327 saeculorum.

764 5369 960 5424 Amen.

801 5519 805 5523 -
843 5545 1174 5602 Obdormivit
1207 5546 1572 5600 sanctissimus
1606 5545 1773 5600 Pater
1824 5553 2004 5600 noster
2045 5553 2095 5597 et
2125 5559 2348 5614 magnus

769 5637 1041 5706 confessor
1063 5635 1388 5698 Theodorus,
1411 5653 1576 5690 annos
1632 5647 1787 5690 natus
1819 5635 2100 5706 sexaginta
2129 5644 2347 5704 septem,

772 5743 944 5782 mense
971 5725 1274 5790 Novembri,
1298 5727 1572 5781 undecima
1592 5725 1677 5784 die
1710 5728 2008 5795 Dominica,
2024 5727 2152 5782 hora
2175 5737 2344 5794 sexta,

774 5819 970 5874 Indirt.
997 5818 1202 5888 quinta,
1235 5835 1374 5872 anno
1406 5819 1566 5875 6555.

849 5934 870 5964 ⁸
906 5931 1046 5986 l‘sal.
1087 5947 1310 5998 xxxvnt,
1348 5932 1432 5986 l5.

2445 4608 2569 4661 σθε⁶
2607 4590 3039 4682 προσδεκόμενος
3067 4611 3166 4666 ἕνα
3196 4611 3402 4666 καθένα
3424 4609 3508 4662 διὰ
3541 4604 3629 4672 τῆς
3659 4594 3745 4651 ἀπὸ
3760 4590 3896 4685 κὰσμθῗ

2442 4703 2874 4775 ἀποχωρήσεως,
2927 4705 3174 4775 θεωρεῖν,
3233 4705 3328 4760 καὶ
3394 4692 3792 4786 προσλαμϐάνειν.

2445 4794 2919 4865 προασπαζεσθαι.
2944 4794 3276 4865 Πεποίθησιν
3325 4794 3433 4865 γὰρ
3472 4784 3698 4852 τοιαύτην
3720 4775 3814 4842 ἔχω,
3843 4778 3893 4865 οξι

2444 4855 2778 4957 θάγαθότῆς
2809 4886 2974 4940 αὐτοῦ
3007 4888 3101 4940 ἐπὶ
3128 4855 3188 4940 et
3210 4855 3362 4952 αύτδ,
3393 4855 3465 4948 ως
3497 4855 3893 4970 ἐνταῦθα
3981 4867 3983 4946 ί

2446 4992 2531 5029 σει
2565 4978 2776 5040 πάντας
2807 4979 2953 5049 ὑμᾶς
2978 4979 3073 5033 καὶ
3103 4981 3160 5032 ἐν
3199 4979 3278 5050 τῷ
3311 4965 3543 5049 μέλλοντι
3583 4965 3730 5022 αἰῶνι,
3750 4963 3818 5050 ’ξπ
3837 4963 3890 4997 εν·

2443 5070 2604 5134 τολὰς
2633 5072 2800 5138 αὑτοῦ
2825 5073 3218 5144 τετηρηκότας,
3243 5073 3380 5142 πρὸς
3411 5068 3469 5123 τὸ
3494 5057 3715 5131 ἁνυμνεῖν
3740 5047 3784 5099 τὸ
3805 5053 3890 5144 ΜΤ

2445 5162 2602 5232 ἅγιον
2661 5163 2828 5218 αὐτοῦ
2861 5165 3084 5235 κράτος.
3112 5165 3411 5236 Μέμνησθέ
3446 5176 3538 5233 μου
3582 5152 3674 5205 τῶν
3703 5143 3887 5236 ταπεινίξιί

2443 5255 2638 5326 λέγων’
2677 5257 2907 5312 τεκνία’
2943 5259 3042 5330 τὴν
3103 5256 3560 5341 παρακαταθήξην
3598 5235 3889 5341 editi:

2447 5347 2673 5420 Χριστῷ
2724 5349 2900 5421 Ἰησοῦ
2931 5351 3008 5421 τῷ
3029 5352 3222 5422 Κυρίῳ
3261 5349 3435 5422 ἡμῶν,
3463 5339 3503 5412 ᾧ
3539 5343 3568 5411 ὴ
3614 5331 3716 5396 δόξα
3757 5336 3822 5375 καί
3852 5331 3885 5360 τ’

2448 5447 2658 5518 κράτος
2687 5449 2766 5510 εἰς
2796 5446 2924 5509 τοὺς
2953 5446 3155 5509 αἰῶνας
3193 5444 3302 5498 τῶν
3341 5425 3794 5538 αίὼνωνκἊμῘδνὲ...
3824 5485 3882 5538 και

2529 5508 2848 5609 Ἐκοιμῆθη
2897 5537 3395 5606 όπανατιώτατος
3441 5525 3634 5629 ἦρ⁹

2442 5591 3032 5705 μέγαςόὶιαλόγητὴς
3053 5591 3351 5698 Θεθδωρος
3367 5591 3504 5682 ἑτῶν
3529 5591 3867 5705 ὐξάρκξςλνΔ

2448 5657 2632 5705 perac
2651 5657 3032 5703 OFUJUTI'I'IU.‘
3053 5657 3351 5698 σευυιυμυς
3367 5657 3492 5682 mw,
3533 5657 3696 5676 νην-η.
3798 5695 3804 5700 Ι
3853 5667 3867 5675 _

2448 5723 2547 5778 καὶ
2574 5721 2872 5790 ἐξήκοντα
2895 5737 2908 5753 .
2934 5719 3080 5790 μηνὶ
3106 5719 3414 5788 Νοεμϐρίφ,
3431 5716 3493 5768 ,αι
3683 5686 3882 5752 Κυριακμι
3979 5657 3984 5838 ι

2449 5817 2569 5887 ὥρᾳ.
2607 5825 2679 5882 τ’.
2721 5815 2862 5872 Ἰνδ.
2893 5823 2954 5870 ε’.
2996 5813 3080 5869 ἔτ.
3112 5815 3292 5867 ςτλέ.
