4122 6382
1283 378 1712 390 .————
1735 383 1894 392 -—

1995 367 3168 401 m

1461 541 2300 668 APPENDIX.

732 818 1383 910 NAUCRATII
1459 816 2270 911 CONFESSORIS
2370 821 3026 915 ENCYCLICA

1091 1009 1199 1071 DE
1227 1009 1469 1074 OBITU
1504 1009 1785 1072 SANCTI
1817 1009 2235 1072 THEODORI
2276 1013 2667 1080 STUDITZE.

246 1323 390 1390 Τοῖς
423 1322 522 1378 διὰ
551 1322 771 1390 Κύριον
796 1320 1234 1392 δεδιωγμένοις,
1256 1320 1368 1392 καὶ.
1393 1319 1702 1392 πανταχοῦ
1731 1319 1821 1372 δι-

1931 1319 2350 1374 Persecutionem
2396 1329 2610 1390 propter
2669 1320 2953 1392 Dominum
2998 1324 3398 1388 sustinentibus,
3439 1345 3504 1382 ac

317 1393 723 1462 εσπαρμένοις
771 1390 1190 1460 πνευματικοῖς
1234 1390 1517 1462 ἀδελφοῖς
1571 1391 1669 1446 καὶ
1701 1394 1820 1444 Πα-

317 1461 527 1532 τράονι,
561 1463 928 1531 Ναυκράτιος
960 1462 1326 1532 ἁμαρτωλὸς,
1351 1461 1610 1530 εὔχεται.

1995 1392 2181 1468 ubique
2207 1391 2479 1468 dispersis,
2498 1391 2826 1468 spiritalibus
2848 1393 3102 1462 fratribus
3143 1398 3502 1468 patribusque,

2003 1461 2326 1514 Naucratius
2357 1471 2602 1530 peccator
2648 1461 2708 1516 S.

1169 1575 1476 1646 (COIBEFIS.
1507 1575 1717 1630 Hister.
1755 1574 1942 1630 luet-es.
1965 1573 2324 1636 Monothelit.,
2353 1589 2405 1643 p.
2436 1573 2588 1642 856.)

327 1693 478 1755 Ἕως
523 1691 623 1760 μὲν
661 1690 758 1746 τοῦ
795 1689 1080 1762 παρόντος,
1112 1692 1330 1760 ἀδελφοί
1363 1709 1466 1760 μου
1504 1690 1826 1763 τιμιώτατοι

246 1785 352 1839 καὶ
410 1784 680 1854 Πατέρες,
727 1781 1098 1854 ἀνεϐαλλόμην
1144 1787 1206 1837 τὸ
1254 1784 1510 1838 ταπεινὸν
1568 1785 1825 1855 γράμμα,

248 1877 477 1948 ἡμέραν
511 1875 571 1941 te
602 1875 818 1946 ἡμέρας
850 1875 1279 1947 διεξερχόμενος,
1311 1876 1406 1930 καὶ
1441 1876 1560 1929 κατ’
1591 1874 1826 1945 ἐμαυτὸν

249 1971 506 2040 κατέχων
555 1967 616 2021 τὸ
656 1965 918 2036 λυπηρόν.
970 1967 1080 2020 Kal
1128 1965 1192 2038 δὴ
1236 1967 1394 2022 τοῦτο
1434 1967 1692 2038 πέπραχα
1738 1964 1828 2022 διά

251 2060 454 2124 πολλὰ,
489 2058 525 2114 ἃ.
557 2055 710 2129 οἶμαι
755 2058 876 2112 οὐδὲ
915 2057 1014 2130 τὴν
1047 2059 1340 2128 τιμιότητα
1385 2058 1538 2130 ὑμῶν
1583 2061 1825 2127 ἀγνοεῖνο

250 2153 351 2208 καί
386 2171 451 2223 γε
483 2153 588 2225 πρὸ
617 2151 723 2206 τῶν
750 2150 944 2215 ἀλλων,
980 2151 1054 2222 μὴ
1086 2152 1266 2222 φέρων
1292 2151 1522 2220 ἄγγελος
1557 2151 1684 2222 ὑμῖν
1713 2151 1829 2205 θλι-

249 2336 350 2390 τοῦ
389 2334 659 2406 μακαρίου
691 2333 784 2386 καὶ
825 2332 1068 2404 ἀοιδίμου
1098 2332 1312 2406 Πατρὺς
1342 2333 1517 2405 ἡμῶν.
1558 2332 1713 2388 Ἐπεὶ
1752 2332 1832 2396 δὲ,

251 2429 332 2491 ὼς
366 2426 498 2498 ὁρῶ,
535 2426 606 2479 οὐ⁹
643 2424 803 2495 μόνον
831 2423 898 2479 τά
931 2423 1186 2488 ἐνταῦθα,
1226 2423 1360 2478 ἀλλά
1404 2423 1501 2478 καὶ
1531 2423 1600 2477 τὰ
1641 2423 1832 2495 πόρρω

2000 1689 2302 1754 Hactenus,
2335 1689 2751 1747 honoratissimi
2791 1708 2857 1749 ac
2886 1693 3193 1749 charissimi
3223 1692 3420 1747 fratres
3444 1707 3508 1746 ac

1931 1789 2150 1852 patres,
2186 1782 2419 1836 humiles
2459 1783 2703 1853 vilesque
2751 1784 2938 1839 distuli
2988 1786 3214 1851 litteras,
3254 1785 3395 1838 diem
3438 1799 3508 1838 ex

1933 1871 2018 1925 die
2048 1871 2367 1935 decurrens,
2400 1886 2465 1926 ac
2508 1887 2720 1926 mecum
2763 1871 2880 1940 ipse
2929 1874 3204 1929 tristitiam
3241 1873 3504 1928 retinens.

1934 1963 1990 2020 ιιι
2024 1979 2187 2034 porro
2213 1965 2399 2020 multis
2425 1964 2494 2020 de
2539 1964 2725 2019 causis
2769 1963 2895 2030 feci,
2941 1981 3081 2036 quas
3121 1981 3299 2034 neque
3351 1975 3506 2034 puto,

1939 2057 2260 2111 honoranda
2318 2065 2501 2110 vestra
2547 2056 2789 2112 charitas
2828 2056 3196 2127 ignoraverit:
3226 2055 3281 2110 In
3316 2056 3507 2126 primis

1938 2157 2146 2212 autem,
2206 2147 2354 2218 quod
2413 2163 2523 2202 non
2555 2147 2752 2204 [errem
2793 2149 3008 2203 molesti
3040 2149 3198 2202 vobis
3227 2164 3291 2202 ac
3319 2148 3504 2203 acerbi
3575 2147 3583 2154 “

251 2247 461 2315 σιτικῆς
493 2244 764 2312 ἐπιφορᾶς
789 2242 1073 2312 γενέσθαιο
1100 2243 1246 2312 λέγω
1273 2243 1361 2312 δὴ,
1391 2243 1492 2312 τῆς
1525 2244 1836 2312 κοιμήσεως

1940 2255 2126 2304 casus,
2157 2239 2380 2294 nuntius
2419 2255 2542 2295 esse
2579 2257 2594 2294 :
2639 2255 2836 2309 nempe
2869 2240 3218 2296 dormitionis
3257 2240 3403 2295 beati
3437 2255 3503 2296 ac

1934 2329 2179 2399 praeclari
2227 2330 2401 2386 Patris
2433 2331 2625 2388 nostri.
2655 2336 2726 2386 At
2759 2340 3072 2400 postquam,
3102 2340 3160 2385 ut
3187 2331 3364 2397 video,
3396 2348 3504 2387 non

1935 2422 2022 2476 hic
2046 2431 2279 2489 tantum,
2313 2422 2404 2478 sed
2432 2431 2486 2477 et
2509 2423 2722 2494 longius
2747 2423 2974 2492 positos,
3008 2438 3147 2477 nova
3170 2423 3287 2477 haec
3317 2423 3506 2478 turba-

251 2518 534 2588 δεδύνηται
585 2516 664 2588 τῷ
717 2515 1008 2588 παραδόξῳ
1055 2515 1150 2569 τοῦ
1205 2515 1585 2586 ἀκούσματοςο
1615 2513 1692 2579 ὡς
1734 2514 1830 2568 καὶ

1934 2514 2008 2567 vit
2039 2514 2244 2568 auditio
2268 2530 2282 2578 ;
2316 2523 2375 2567 ut
2403 2521 2457 2568 et
2485 2514 2761 2584 plerisque
2789 2513 3005 2570 difﬁcile
3024 2515 3236 2570 credito
3258 2514 3508 2569 videatur

254 2614 371 2675 τοῖς
402 2611 610 2665 πλείοσι
642 2609 962 2663 δύσπειστον
983 2608 1258 2677 γενέσθαι,
1283 2609 1331 2662 εί
1361 2609 1468 2678 ἄρα
1496 2625 1559 2678 γε
1588 2607 1820 2678 μετέστη

255 2702 368 2754 τῶν
398 2700 605 2754 ἐνθένδε
637 2701 665 2752 ὁ
692 2699 784 2753 τοῦ
815 2698 1020 2771 Κυρίου
1051 2699 1334 2770 θεράπωνο
1362 2701 1461 2753 οὐκ
1488 2695 1640 2770 οἶμαι
1669 2698 1725 2753 δὲ
1751 2700 1826 2771 μὴ

259 2793 355 2846 καὶ
389 2792 525 2862 πρὸς
547 2793 693 2862 ὑμᾶς
725 2791 1052 2844 καταλαϐεῖν
1086 2791 1146 2844 τὸ
1175 2791 1307 2861 παρ’
1333 2792 1490 2862 ἡμῶν
1524 2793 1665 2846 αἰδοῖ
1693 2793 1826 2846 ὑπο-

262 2881 616 2952 σιωπώμενον
633 2899 648 2915 ο
681 2882 995 2951 ἀναγκαίως
1017 2881 1110 2934 ἐπὶ
1134 2882 1194 2935 τὸ
1217 2882 1450 2952 γράμμα
1471 2877 1656 2954 ἦλθον,
1700 2883 1826 2954 ἄρτι

261 2976 389 3042 ὑμῖν
414 2975 825 3044 ἐναργέστερον,
855 2974 950 3027 καὶ
978 2973 1051 3044 μὴ
1079 2973 1424 3043 βουλόμενος,
1455 2975 1823 3044 ἀναγγέλλων,

256 3067 319 3118 τ’)
344 3068 471 3136 παρ’
496 3067 696 3136 ἐτέρων
718 3065 1092 3136 προακουσθέν
1107 3085 1120 3098 ·
1144 3067 1415 3121 καὶτοῦτο
1435 3068 1536 3122 οὐκ
1557 3069 1828 3132 ἀποτνιῶς

258 3157 365 3211 οὐδ’
401 3158 686 3230 ἀδακρυτί.
707 3159 803 3221 Τίς
835 3159 944 3231 γάρ
970 3160 1018 3212 εί
1054 3161 1149 3213 καὶ
1173 3157 1382 3231 λιθίνην
1409 3161 1522 3232 ἔχει
1553 3161 1655 3232 τὴν
1688 3181 1828 3234 καρ-

259 3251 400 3310 δίαν.
450 3251 550 3304 οὐκ
580 3250 907 3315 ἀποστάξειε
956 3250 1188 3322 δάκρυον
1234 3251 1456 3323 θερμὸν,
1496 3254 1596 3324 τὴν
1642 3255 1829 3325 κοινὴν

262 3338 458 3406 ζημίαν
507 3338 607 3408 τῆς
647 3338 741 3392 τοῦ
789 3338 924 3392 Θεοῦ
968 3339 1293 3410 Ἑκκλησίας
1335 3341 1826 3414 ἀναλογιζόμενοςς

261 3429 451 3482 ὁποίαν
485 3430 540 3482 δὲ
568 3431 936 3502 ἀδαμαντίνην
962 3431 1139 3503 ψυχὴν
1167 3435 1522 3505 κεκτημένος,
1557 3438 1604 3490 εί
1634 3439 1730 3491 καὶ
1752 3437 1827 3509 μὴ

266 3522 542 3585 παντελῶς
571 3522 674 3586 ἔξω
707 3523 815 3574 τῶν
843 3523 985 3594 ὅρων
1013 3524 1270 3592 γεγονὼς,
1311 3526 1370 3590 ὃς
1406 3529 1464 3580 οὐ
1489 3529 1831 3600 πληγήσεται

265 3613 342 3684 τῷ
402 3615 794 3686 ἀπροσδοκήτῳ
842 3618 942 3687 τῆς
990 3617 1182 3687 ἀκοῆς,
1239 3621 1334 3672 καὶ
1381 3619 1452 3672 τὰ
1483 3621 1580 3690 τῆς
1614 3621 1830 3690 φύσεως

268 3705 538 3778 δράσειεν;
577 3708 736 3760 Ἀλλά
765 3709 866 3776 φεῦ
892 3709 991 3779 τῆς
1021 3711 1160 3779 ἐμῆς
1185 3711 1584 3784 ταλαιπωρίαςί
1615 3716 1694 3778 εἰς
1723 3709 1833 3768 οἷον

1927 2614 1988 2659 ιιι
2017 2621 2142 2660 vere
2174 2604 2390 2659 Domini
2437 2604 2683 2661 famulus
2710 2606 2780 2660 ab
2813 2605 3071 2660 humanis
3101 2608 3398 2660 translatus
3436 2606 3510 2660 sit

1928 2695 2072 2750 haud
2102 2711 2231 2751 vero
2251 2696 2510 2762 arbitror,
2544 2705 2604 2752 ut
2633 2697 2780 2768 quod
2835 2696 2940 2766 ipsi
2972 2713 3038 2751 ex
3080 2697 3316 2767 quadam
3352 2711 3507 2751 reve—

1927 2786 2102 2840 rentia
2129 2797 2183 2840 et
2208 2795 2352 2841 metu
2384 2789 2784 2855 subtacuimus,
2817 2789 2884 2843 ad
2911 2804 3007 2844 vos
3031 2803 3137 2843 non
3166 2789 3504 2857 pervenerit;

1928 2879 2255 2934 necessitate
2291 2880 2357 2934 ad
2409 2879 2755 2935 scribendum
2815 2881 3096 2950 processi;
3123 2881 3235 2951 jam
3266 2881 3504 2958 planius,

1927 2987 2242 3042 quanquam
2299 2973 2516 3039 nolens,
2550 2973 2990 3040 renuntiaturus,
3027 2975 3172 3043 quod
3217 2976 3402 3044 utique
3438 2989 3509 3029 ex

1930 3065 2163 3119 aliorum
2186 3064 2297 3134 jam
2334 3066 2508 3119 relatu
2539 3064 2815 3120 audistis:
2850 3081 2954 3123 nec
2985 3068 3166 3136 plane,
3219 3067 3342 3122 sine
3370 3082 3509 3138 que-

1931 3156 2067 3210 rulis
2113 3155 2596 3211 lamentationibus
2679 3171 2743 3211 ac
2802 3157 3077 3228 lacrymis.
3145 3156 3281 3237 Quis
3334 3158 3506 3222 enim,

1930 3265 2244 3318 quanquam
2277 3265 2443 3304 saxeo
2484 3249 2672 3314 corde,
2722 3265 2833 3304 non
2882 3249 3155 3305 ferventes
3215 3250 3510 3320 profundat

1930 3341 2224 3411 lacrytnas.
2259 3357 2602 3396 communem
2645 3339 2902 3398 Ecclesia:
2931 3343 3024 3398 Dei
3051 3343 3321 3411 jacturam
3349 3358 3482 3412 repu

1933 3433 2096 3488 tans?
2123 3431 2258 3498 Quis
2297 3447 2427 3488 vero
2482 3449 2656 3504 usque
2696 3434 2832 3488 adeo
2872 3435 3282 3488 adamantinum
3317 3442 3510 3503 pectus

1935 3526 2154 3592 habeat,
2195 3528 2302 3582 nisi
2339 3528 2569 3582 omnino
2601 3528 2840 3583 excessit
2869 3537 3080 3582 natura
3108 3527 3279 3596 lines,
3306 3535 3360 3580 ut
3395 3542 3506 3581 non

1934 3619 2307 3689 inexspectata
2381 3620 2662 3675 auditione
2719 3635 3056 3690 percussus,
3111 3618 3273 3674 faciat
3335 3619 3509 3689 patia-

1935 3723 2155 3781 turque,
2189 3713 2335 3782 quod
2360 3713 2662 3767 humanum
2690 3712 2810 3768 est?
2837 3712 2965 3776 Sed,
2997 3712 3101 3765 heu
3128 3725 3216 3765 me
3237 3711 3504 3764 miserum

269 3798 468 3867 τετήρη
480 3815 577 3866 μαι
610 3798 638 3850 ὁ
663 3798 923 3866 δύστηνος
963 3801 1192 3869 καιρόν;
1240 3799 1334 3851 καῖ¹
1367 3801 1546 3853 ὁποῖον
1574 3800 1834 3854 ἀπέκειτό

1935 3803 1987 3856 in
2022 3804 2204 3871 quale,
2251 3802 2458 3869 infelix,
2491 3812 2702 3872 tempus
2741 3812 2988 3858 servatus
3033 3802 3198 3857 sum?
3229 3799 3504 3865 Quidnam

273 3906 368 3959 μου
405 3892 471 3960 τῇ
519 3889 769 3960 μοχθηρᾷ
809 3888 944 3961 ζωῇ.
985 3890 1214 3945 Θάνατον
1261 3891 1580 3960 ἀναγγεῖλαι
1627 3892 1721 3944 τοῦ
1759 3891 1833 3964 μὴ

1938 3909 2068 3950 vero
2090 3895 2240 3959 illud,
2266 3893 2474 3949 alllictae
2497 3897 2616 3949 vita:
2641 3909 2772 3948 mete
2795 3903 2913 3949 erat
2935 3895 3255 3964 repositum.
3280 3905 3338 3947 ut
3362 3893 3504 3961 ejus,

270 3980 444 4051 ἐαυτῷ
476 3979 750 4052 ἐζηκότος,
793 3982 930 4036 ἀλλὰ
957 3982 1210 4053 Χριστῷ;
1254 3985 1362 4038 Καὶ
1409 3983 1576 4047 δντως
1615 3983 1833 4054 ἀληθῶς

270 4071 589 4144 κεκοίμηται
622 4075 649 4126 ὁ
672 4073 848 4137 κοινὸς
883 4075 1072 4144 Πατὴρ
1105 4075 1282 4145 ἡμῶν,
1313 4077 1340 4128 ὁ
1367 4075 1536 4128 πολλά
1563 4077 1708 4147 ὑμᾶς
1737 4077 1831 4131 καὶ

273 4162 454 4231 φιλῶν,
497 4164 588 4216 καὶ
612 4163 874 4232 στέργων,
898 4163 972 4224 ὡς
997 4165 1159 4218 τέκνα
1191 4164 1420 4236 ἀληθινὰ
1443 4179 1458 4195 ⁶
1488 4164 1564 4229 ὡς
1591 4167 1828 4238 ἐργάτας

271 4252 359 4306 τοῦ
420 4255 742 4321 ἀμπελῶνος
803 4255 1046 4326 Κυρίουο
1101 4257 1176 4320 ὡς
1229 4257 1378 4321 υἱοὺς
1421 4258 1708 4328 ὑπακοῆςο
1755 4259 1832 4325 ὡς

276 4343 603 4413 στρατιώτας
634 4345 869 4416 Χριστοῦ
889 4362 903 4376 °
937 4346 1014 4410 ὼς
1052 4347 1392 4416 ὁμολογητάς
1437 4348 1726 4420 ἀψευδεῖςο
1756 4352 1832 4416 ὼς

275 4437 770 4502 συγκεκοπιακὸτας
792 4436 960 4507 αὐτῷ,
985 4435 1079 4489 καὶ
1102 4437 1504 4510 συνηθληκότας
1530 4440 1589 4493 ὲν
1617 4439 1832 4506 πολλοῖς

1938 3993 2166 4041 mortem
2202 4001 2378 4042 essem
2402 3987 2846 4050 annuutiaturus,
2869 3986 2961 4055 qui
2991 4002 3098 4040 non
3122 3986 3226 4041 sibi
3254 3985 3506 4050 vixisset,

1935 4077 2030 4132 sed
2057 4076 2318 4132 Christo?
2346 4076 2512 4132 Plane
2534 4092 2684 4144 vero,
2711 4077 3041 4132 obdormivit
3075 4077 3234 4132 Pater
3262 4093 3509 4133 commu-

1933 4169 2066 4223 nis:
2117 4168 2184 4233 is,
2217 4169 2462 4238 inquam,
2491 4169 2584 4238 qui
2633 4169 2800 4223 multa
2841 4185 2936 4225 vos
2971 4171 3262 4226 dilectione
3314 4177 3368 4224 et
3407 4185 3505 4239 pa-

1934 4268 2092 4314 terno
2135 4259 2328 4314 aﬂ‘ectu
2383 4269 2708 4330 prosecutus
2758 4269 2860 4327 est,
2915 4269 2975 4316 ut
3029 4276 3155 4317 vere
3215 4260 3404 4327 tilias;
3447 4267 3506 4314 ut

1932 4352 2106 4406 vineas
2153 4353 2366 4406 Domini
2410 4353 2690 4424 operarios
2722 4371 2736 4420 ;
2768 4363 2827 4406 ut
2865 4354 3184 4409 obedientia:
3214 4353 3354 4406 filios
3385 4369 3400 4418 ;
3447 4361 3508 4406 ut

1934 4443 2140 4500 milites
2180 4444 2381 4500 Christi
2413 4462 2429 4513 ;
2473 4455 2530 4501 ut
2562 4461 2722 4502 veros
2761 4445 3108 4501 confessores
3137 4461 3152 4512 ;
3195 4453 3253 4498 ut
3286 4459 3382 4498 eos
3409 4442 3505 4513 qui

1760 4579 1994 4636 NOTAE.

340 4687 382 4759 (ι
394 4698 412 4759 )
445 4687 621 4759 Magni
663 4687 935 4760 Theodori
977 4690 1252 4760 praepositi
1289 4689 1464 4747 Studii
1495 4709 1607 4754 res.
1650 4701 1839 4750 susce-

275 4760 451 4828 ptique
481 4760 547 4830 ab
579 4774 644 4812 eo
662 4774 761 4830 pro
781 4759 1020 4815 Ecclesia
1045 4761 1282 4826 labores,
1311 4777 1376 4817 ac
1399 4762 1718 4820 defensione
1747 4781 1836 4821 sa-

277 4843 484 4903 crarunt
515 4828 834 4898 imaginum,
868 4831 1009 4903 adeo
1038 4841 1325 4903 praestant.
1362 4843 1599 4903 suntque
1643 4835 1833 4890 Eccle-

277 4898 364 4952 sia:
389 4897 664 4975 utiles-,“ut
684 4901 932 4975 quamvis
964 4897 1115 4975 plura
1143 4901 1256 4975 iam
1280 4903 1348 4956 de
1371 4904 1440 4958 iis
1467 4897 1673 4975 scripta
1697 4905 1831 4972 sint,

279 4977 429 5038 atque
457 4967 510 5020 in
545 4966 840 5044 llistoriam
874 4966 1325 5044 ecclesiasticam,
1350 4989 1548 5044 magno
1574 4966 1715 5044 ejus,
1743 4966 1835 5030 or;

279 5047 526 5091 namento
551 5039 718 5102 illata,
762 5039 905 5092 haud
941 5049 1121 5095 tamen
1165 5043 1292 5107 alia,
1322 5039 1619 5100 codicibus
1645 5047 1832 5102 hacte-

279 5123 372 5162 nus
404 5109 996 5180 reposi_ta,_acipaucis,
1034 5114 1238 5180 pervia,
1274 5112 1450 5169 eidem
1478 5116 1742 5180 historias,
1769 5129 1835 5170 ac

278 5180 538 5231 communi
571 5177 826 5252 Ecclesiae
853 5180 996 5252 usui,
1028 5177 1274 5252 neganda
1295 5184 1601 5240 videantur.
1628 5177 1828 5242 Praeter

277 5263 392 5329 ergo
416 5263 500 5329 ea,
519 5263 655 5329 qua:
681 5249 765 5329 vel
787 5250 902 5329 suis
930 5250 1044 5329 ipse
1075 5249 1141 5329 de
1172 5269 1232 5329 se
1265 5255 1828 5329 conscripsitepisto-

281 5318 356 5384 lis,
381 5318 465 5372 vel
500 5318 567 5372 de
589 5332 657 5372 eo
689 5319 931 5391 ejusdem
955 5318 1276 5391 discipulus
1321 5318 1551 5381 Michael
1598 5318 1671 5380 in'
1707 5330 1828 5382 eius

279 5391 393 5454 vita,
463 5403 694 5457 quaeque
739 5388 1005 5446 Baronius
1065 5388 1504 5450 communicante
1553 5397 1672 5450 viro
1726 5398 1827 5450 do-

279 5456 508 5534 ctissimo
527 5456 932 5534 Jacobo_$_irm.
956 5462 1014 5518 S.
1046 5461 1086 5516 I.
1121 5463 1173 5516 in
1203 5463 1442 5534 Annales
1463 5466 1665 5531 retulit,
1697 5482 1827 5534 ope-

279 5543 344 5606 rte
364 5530 588 5606 pretium
625 5529 944 5606 duxi,_'hanc
971 5535 1310 5606 successoris
1324 5533 1598 5591 Naucratii
1623 5529 1826 5606 epis—to-

284 5599 374 5651 lam
403 5599 546 5679 velut
577 5601 1182 5679 encycli_cam,_di_gnuiu
1217 5606 1374 5672 plane
1399 5621 1524 5660 cum
1551 5599 1820 5678 portentis,

279 5679 376 5723 tum
407 5671 526 5739 ejus
557 5671 644 5724 cui
675 5672 910 5740 positum
943 5671 1066 5741 fuit,
1099 5671 1616 5746 monumentutnfin
1647 5671 1826 5750 publi-'-

1929 4712 2054 4752 cum
2088 4695 2306 4752 facere:
2336 4711 2399 4752 ac
2427 4711 2527 4751 nec
2555 4694 2687 4750 mihi
2715 4695 2999 4765 imperare
3036 4709 3281 4764 possum,
3327 4704 3388 4748 ut
3429 4709 3501 4749 ne

1930 4766 2072 4821 idem
2102 4777 2353 4836 praestem
2385 4769 2452 4822 de
2475 4767 2663 4836 sancti,
2686 4763 2892 4820 Nicolai
2947 4763 3176 4820 Studitaa
3227 4765 3383 4836 vita,_
3406 4766 3500 4834 qui

1929 4838 2048 4906 ipse
2089 4834 2216 4891 cum
2257 4836 2496 4907 praefatis
2534 4835 2840 4899 confessor,
2876 4851 2966 4907 _ac
3016 4849 3204 4889 eorum
3259 4834 3500 4899 tandem,

1930 4904 2238 4978 successor,
2257 4904 2336 4963 'ad
2371 4908 2559 4978 lgnatii
2587 4921 2761 4978 usque
2783 4921 2852 4978 ac
2873 4904 3050 4958 Photii
3068 4912 3344 4978 tempora,
3364 4920 3503 4973 prte-

1930 4977 2116 5034 clarus
2145 4978 2354 5032 meritis
2387 4974 2451 5033 ac
2491 4976 2618 5038 flde,
2666 4974 2967 5045 lgnatiique
3019 4974 3404 5030 conuuunioue
3437 4990 3502 5028 ac

1931 5047 2259 5118 patrocinio,
2295 5047 2521 5117 insignis
2557 5047 2801 5118 pervenit
2834 5064 2850 5100 :
2881 5060 2988 5115 qua
3031 5046 3273 5118 ejusdem
3319 5045 3500 5118 Theo-

1931 5112 2050 5173 dori
2078 5133 2143 5172 ac
2171 5112 2509 5186 reliquorum
2539 5112 2922 5172 confessorum
2957 5112 3070 5170 sub
3092 5114 3344 5186 pluribus
3381 5112 3498 5167 leo-

1931 5189 2194 5243 noclastis
2232 5185 2594 5258 principibus,
2635 5196 2782 5256 gesta
2823 5186 3174 5258 memoranda
3202 5185 3498 5258 plurimum

1931 5253 2292 5320 illustrentur,
2331 5253 2702 5314 ac'successio
2761 5267 2871 5311 tota
2895 5271 3076 5312 rerum
3128 5254 3385 5308 Ecclesia:
3444 5253 3498 5307 in

1929 5327 2464 5403 Graeciahadusque
2510 5326 2838 5403 Photianum
2879 5327 3153 5403 _schis_ma.
3199 5323 3503 5403 Consecrat

1933 5399 2100 5468 hujus
2124 5398 2329 5453 Nicolai
2373 5394 2694 5454 memoriam
2743 5397 2998 5452 Nicolaus
3035 5394 3200 5464 Papa,
3228 5394 3502 5468 qua_petit

1930 5461 2289 5546 ips-mumitti
2314 5469 2640 5546 Romamab
2677 5470 3020 5546 imperatore,
3053 5461 3130 5520 ei
3159 5461 3315 5534 parte
3345 5461 3500 5546 lima-

1930 5540 2014 5603 tii,
2044 5539 2130 5593 cui
2162 5541 2417 5594 nimirum
2478 5539 2803 5602 adhaereret,
2847 5538 3123 5599 obnitens,
3172 5538 3495 5604 grassatori,

1933 5609 2152 5683 Photio,
2189 5611 2268 5665 uti
2296 5611 2505 5683 pridem
2536 5609 2770 5666 obnixus
2796 5607 2974 5663 fuerat
3010 5605 3350 5678 principibus
3382 5604 3492 5660 Ico-

1932 5681 2213 5738 noclastis.
