4122 6382
244 335 387 404 1829

1203 346 1302 408 DE
1350 345 1581 410 OBITU
1609 349 1670 410 S.
1698 348 2092 415 THEODORI
2117 355 2488 418 STUDITIE.

3374 345 3514 418 1830

237 454 470 526 γνῶσιν,
522 452 615 508 καὶ
659 453 826 524 νόμον
863 453 1004 509 θεῖον
1043 454 1440 528 ἐκζητούμενα,
1489 459 1567 524 ὡς
1594 460 1828 530 ἀγγέλου

1951 473 2014 518 :st
2065 464 2249 536 lingua
2300 473 2437 520 auro
2472 465 2664 529 nitens,
2713 465 3017 522 enarratrix
3075 464 3167 520 illa
3203 461 3511 520 caelestium

241 544 452 618 Κυρίου
485 549 948 620 παντοκράτορος.
981 547 1202 602 Δὲδεται
1244 549 1469 617 γλῶσσα
1517 554 1830 625 χρυσορῥή-

245 656 390 710 μων,
424 639 586 693 θείων
607 639 893 710 δογμάτων
915 639 1206 713 ἐξηγητής.
1239 637 1470 710 Εἷρκται
1489 643 1614 714 χεὶρ
1635 643 1832 715 ὡραιο-

240 733 480 804 γράφος,
514 733 826 797 ἐπιστολαῖς
848 733 941 786 τὸν
973 733 1178 803 κόσμον
1201 735 1708 801 καταπλουτίσασα,
1737 737 1831 790 καὶ

245 826 484 889 πολλοὺς
547 827 628 889 είς
685 827 981 895 ἐπίγνωσιν
1031 824 1290 898 ἀληθείας
1343 829 1827 900 ἐπαναπρέψασα.

251 918 536 990 Ἐστησαν
561 917 722 980 πόδες
749 919 938 988 ὡραῖοι
980 920 1300 989 παννυχίοις
1345 921 1568 975 στάσεσι
1597 921 1832 992 διηρκη-

247 1011 432 1077 κότες,
460 1011 555 1064 καὶ
585 1010 800 1073 πολλοῖς
842 1009 1327 1081 εύαγγελισάμενοι
1367 1014 1612 1085 εἰρήνην,
1636 1015 1730 1067 καὶ
1764 1014 1834 1067 τά

247 1101 452 1172 ἀγαθά.
498 1100 774 1172 Ἠρὲμησε
802 1100 924 1163 νοῦς
952 1101 1424 1174 διορατικώτατος,
1452 1103 1522 1156 τὰ
1543 1104 1636 1157 τοῦ
1662 1104 1835 1160 Πνεύ-

250 1209 428 1266 ματος
465 1192 606 1264 βάθη
634 1193 1010 1264 διερευνήσας,
1047 1193 1144 1248 καὶ
1170 1193 1240 1247 τὰ
1271 1193 1554 1266 πόρρωθεν
1589 1195 1830 1264 προὸλέο

248 1287 382 1356 ψας,
411 1287 506 1340 καὶ
540 1283 775 1355 προϊδὼν
801 1286 1022 1356 ἄριστα.
1051 1286 1375 1358 Κέκρυπται
1404 1287 1508 1341 ὑπὸ
1537 1288 1641 1358 γῆν
1672 1287 1837 1358 σῶμα

250 1380 573 1449 ἀσκητικοῖς
593 1377 778 1441 πόνοις
798 1378 1198 1448 ἐγγυμνασθὲν,
1219 1381 1314 1432 καὶ
1335 1380 1556 1446 πολλαῖς
1575 1380 1836 1457 ἐξορίαις,

250 1473 350 1526 καὶ
373 1471 666 1542 φυλακαῖς,
687 1470 925 1542 πληγαῖς
946 1487 1005 1524 τε
1035 1471 1129 1526 καὶ
1155 1473 1482 1542 άπαγωγαῖς
1511 1473 1833 1546 ἐξαρκέσαν.

250 1564 506 1628 Τοιοῦτος
539 1565 669 1634 γὰρ,
697 1557 742 1618 ὦ
775 1563 1201 1646 μακαριώτατοι³
1233 1567 1261 1620 δ
1305 1567 1574 1639 ἡμέτερος
1610 1570 1835 1642 Πατήρο

250 1659 451 1714 ταυτὸν
490 1658 548 1713 δὲ
584 1659 782 1722 εἰπεῖν,
814 1659 1023 1713 πολλῶν
1071 1659 1262 1730 Πατὴρ
1305 1661 1400 1715 καὶ
1425 1661 1746 1727 διδάσκαλος
1765 1678 1781 1692 θ
1808 1663 1839 1717 ὀ

251 1751 509 1822 δεύτερος
543 1751 812 1823 Ἀϐραὰμ,
844 1745 904 1807 οὗ
939 1752 973 1824 ὴ
1004 1753 1154 1822 παρᾶ
1185 1751 1321 1806 Θεοῦ
1367 1753 1589 1824 εὐλογία
1621 1755 1836 1828 ἐξαίρε-

254 1864 373 1912 τος,
405 1847 500 1900 καὶ
533 1837 594 1900 οὗ
634 1847 695 1900 τὸ
736 1847 960 1917 σπέρμα
1001 1844 1142 1918 ὺπέρ
1175 1846 1430 1918 ἀριθμόν.
1465 1849 1525 1903 ’0
1564 1848 1658 1904 τοῦ
1697 1851 1839 1922 Προ-

255 1937 461 2012 δρόμου
501 1938 743 2010 μιμητής
766 1954 781 1970 ο
809 1939 838 1991 ὁ
861 1937 955 1991 τοῦ
981 1937 1161 1991 Ἠλίου
1183 1937 1428 2011 ζηλωτής
1445 1957 1460 1973 ο
1483 1940 1586 2010 τῆς
1619 1942 1840 2013 χάριτος

255 2032 480 2095 Φινεές-⁸
517 2031 546 2084 ὁ
588 2032 710 2096 νέος
739 2031 1022 2103 Σαμουὴλ·
1061 2032 1124 2086 '0
1167 2033 1674 2104 ἐκλελογισμένος
1719 2036 1840 2092 ἀπὸ

253 2122 592 2194 μυριάδων
624 2118 684 2178 οῦ
711 2123 812 2196 τὴν
842 2124 1044 2196 ἀρετὴν
1071 2124 1254 2196 ᾄδουσι
1284 2126 1478 2180 πολλαὶ
1505 2127 1711 2192 πόλεις,
1734 2128 1837 2200 χῶ»

261 2217 356 2289 ραί
389 2233 446 2270 τε
486 2215 582 2269 καὶ
620 2214 796 2286 νῆσοι,
839 2217 932 2268 καὶ
965 2207 1028 2268 οὗ
1057 2215 1148 2269 τὸν
1173 2215 1310 2286 βίον,
1345 2218 1438 2270 καὶ
1466 2219 1594 2282 τοὺς
1621 2219 1842 2287 ἀγῶνας

254 2309 488 2372 εἰκότως
511 2306 730 2378 θρυλλεῖ
751 2307 821 2360 τὰ
841 2307 1075 2380 πέρατα.
1102 2309 1198 2371 Τίς
1228 2308 1335 2381 γὰρ
1359 2309 1551 2374 οὕτως,
1578 2309 1610 2380 ἢ
1642 2309 1842 2382 ἀρετὴν

259 2399 570 2473 ἠγάπησεν,
601 2399 633 2469 ἦ
657 2399 857 2452 κακίαν
881 2399 1148 2470 ἐμίσησε;
1181 2398 1260 2463 τίς
1283 2400 1454 2466 οὔτως
1481 2401 1842 2469 ἐνέκρωσεν,

261 2491 636 2555 ἀποπολικῶς
663 2493 859 2556 είπεῖν,
902 2492 976 2546 τὰ
999 2492 1156 2561 μέλη
1195 2491 1270 2546 τὰ
1305 2491 1403 2546 ἐπὶ
1437 2493 1547 2560 τῆς
1582 2493 1714 2562 γῆς,
1749 2497 1844 2548 καὶ

263 2585 537 2657 ἐκάθηρεν
567 2585 782 2651 ἐαυτὸν,
801 2584 896 2638 καὶ
919 2585 1045 2638 ναὸν
1064 2583 1200 2638 Θεοῦ
1227 2583 1430 2649 ζῶντος
1450 2585 1850 2656 ἀπειργάσατος

1867 1815 1911 1873 Β

263 2680 350 2744 τίς
379 2679 780 2751 ἐστρατήγησε,
810 2679 902 2733 καὶ¹
925 2677 1270 2749 παρετάξατο
1295 2678 1433 2750 πρὸς
1460 2680 1588 2743 τοὺς
1609 2680 1846 2733 ὑπεναν-

263 2773 434 2839 τίους,
466 2773 562 2827 καὶ
589 2771 912 2845 προσϐαλὼν
951 2772 1223 2842 εὐστόχως
1246 2771 1514 2826 κατέϐαλε
1547 2773 1848 2844 νενικηκὼς

273 2864 510 2937 ἄριστα;
542 2863 624 2926 τίς
655 2861 908 2932 ὀξύτερος
935 2862 1146 2916 ἐκείνου
1177 2861 1493 2933 προϊδέσθαι
1521 2862 1581 2916 τὸ
1613 2862 1846 2934 μέλλον;

269 2955 351 3020 τίς
373 2955 516 3010 οὕτω
538 2953 810 3025 σταθηρῷ,
835 2953 930 3007 καὶ¹
953 2953 1134 3024 παγίῳ
1155 2953 1254 3024 τῆς
1275 2953 1454 3025 ψυχῆς
1481 2955 1620 3027 ἤθει,
1649 2957 1850 3027 ἀστραο

267 3043 380 3118 πῆς
435 3046 622 3118 τάχιον
660 3050 772 3110 τοῖς
819 3046 1140 3116 πράγμασιν
1187 3045 1435 3100 ἐπελθεῖν
1485 3047 1704 3116 ίκανός;
1740 3051 1851 3103 Καὶ

1931 555 2268 629 dogmatnm.
2309 557 2498 614 Vincta
2540 568 2624 614 est
2655 574 2720 613 ac
2751 557 3008 628 impedita
3046 572 3243 612 manus
3285 555 3514 626 pulchre

1931 651 2196 716 scribens,
2227 667 2350 722 quae
2366 650 2615 721 epistolis
2651 651 2914 706 mundum
2943 649 3196 712 ditasset,
3220 663 3285 704 ac
3307 646 3514 702 mullos

1933 743 2000 798 ad
2023 745 2358 815 agnitionem
2417 745 2662 800 veritatis
2725 750 3086 799 converterat.
3136 739 3517 796 Constiteruut

1932 837 2166 906 speciosi
2200 838 2383 908 pedes,
2421 839 2516 908 qui
2552 848 2742 893 noctes
2777 843 2922 892 totas
2957 835 3258 896 stetissent,
3300 831 3515 885 multis—

1932 945 2040 1001 que
2067 931 2540 1002 evangelizassent
2563 947 2750 1001 pacem
2770 942 2824 986 et
2848 932 3013 985 bona.
3035 927 3324 999 Requievit
3357 939 3514 980 mens

1933 1023 2430 1094 perspicacissima,
2475 1040 2598 1094 qua;
2660 1023 2900 1094 Spiritus
2956 1022 3226 1094 profunda
3272 1027 3516 1076 scrutata

1934 1123 2098 1179 esset,
2156 1130 2221 1171 ac
2259 1116 2473 1185 longius
2525 1115 2702 1186 posita
2767 1115 3157 1186 prospexisset.
3208 1113 3323 1169 Sub
3371 1122 3518 1166 terra

1936 1207 2179 1262 abditum
2209 1219 2293 1263 est
2321 1222 2521 1279 corpus
2551 1207 2682 1262 illud
2725 1209 2978 1263 asceticis
3006 1208 3282 1262 laboribus
3303 1205 3518 1260 exerci—

1937 1308 2132 1362 tatum,
2161 1299 2416 1370 quodque
2443 1302 2633 1356 exsilia
2667 1301 2860 1363 multa,
2903 1314 3281 1368 caroeresque,
3313 1308 3368 1353 et
3400 1298 3520 1362 pla-

1935 1405 2056 1462 gas.
2106 1400 2159 1447 et
2209 1392 2563 1448 abductioncs
2625 1393 2998 1447 sustinuisset.
3059 1391 3206 1446 Talis
3249 1391 3519 1461 siquidem

1937 1491 2090 1548 erat,
2145 1484 2468 1551 beatissimi,
2509 1493 2666 1555 pater
2699 1485 2789 1540 ille
2835 1499 3069 1540 noster:
3118 1484 3348 1555 perinde
3389 1499 3524 1541 vero

1941 1575 2123 1642 fuerit,
2167 1593 2233 1634 ac
2289 1581 2585 1634 multorum
2640 1581 2822 1635 dicere
2875 1589 3086 1650 patrem
3143 1589 3307 1649 atque
3346 1580 3522 1650 magi-

1941 1679 2116 1726 strum
2151 1691 2162 1726 :
2196 1673 2286 1726 ille
2319 1673 2457 1726 alter
2491 1672 2788 1736 Abraham,
2821 1672 2979 1742 cujus
3007 1689 3034 1724 a
3069 1671 3179 1728 Deo
3215 1671 3524 1728 benedictio

1941 1765 2163 1830 eximia,
2187 1774 2243 1820 et
2271 1779 2455 1819 semen
2489 1765 2882 1820 iumunerahile
2926 1783 2938 1820 :
2977 1765 3217 1820 imitator
3239 1765 3348 1822 'iJ'e
3375 1766 3523 1822 Prae-

1942 1858 2188 1913 cursoris
2232 1873 2246 1910 :
2298 1857 2388 1911 ille
2437 1855 2564 1912 Elite
2606 1857 2941 1912 simulator:
2993 1857 3229 1912 Phiuees
3281 1856 3519 1928 gratiae:

1940 1967 2116 2008 novus
2145 1951 2366 2005 Samuel
2391 1964 2405 2004 :
2435 1949 2627 2004 electus
2655 1964 2720 2003 ex
2745 1948 2978 2005 millibus
3001 1950 3047 2013 ’,
3077 1949 3240 2020 cujus
3260 1950 3521 2005 virtutem

1941 2039 2128 2098 multa:
2173 2043 2467 2098 decantant
2510 2041 2695 2106 urbes,
2757 2042 3138 2115 regionesque.
3189 2049 3244 2095 et
3289 2040 3523 2106 insulas;

1943 2134 2102 2204 cujus
2142 2145 2196 2189 et
2233 2133 2400 2188 vitam
2456 2140 2510 2187 et
2551 2131 2874 2194 certamina,
2942 2129 3094 2184 orbis
3154 2129 3293 2185 lines
3331 2128 3526 2186 merito

1943 2227 2350 2283 concelebrant.
2394 2223 2530 2291 Quis
2569 2225 2715 2278 enim
2761 2232 3030 2294 quantum
3069 2221 3179 2287 ille,
3228 2228 3323 2276 aut
3353 2222 3528 2276 virtu-

1947 2327 2052 2370 tem
2083 2315 2293 2379 dilexit,
2327 2323 2422 2368 aut
2449 2313 2575 2367 odio
2605 2313 2796 2368 vitium
2843 2313 3034 2368 habuit
3067 2313 3089 2367 l
3121 2311 3260 2380 Quia
3287 2313 3358 2367 ita
3389 2329 3530 2366 mor-

1946 2409 2188 2479 tiﬁcavit,
2216 2419 2276 2463 ut
2297 2407 2479 2463 verbis
2529 2406 2776 2478 Apostoli
2819 2415 2964 2471 utar,
3004 2408 3237 2460 membra
3269 2420 3386 2476 qua:
3406 2415 3526 2459 sunt

1945 2518 2101 2572 super
2125 2513 2320 2556 terram
2343 2503 2384 2566 ³,
2425 2516 2592 2570 seque
2633 2501 2808 2571 ipsqu
2841 2501 3170 2563 emundans,
3213 2498 3303 2553 Dei
3341 2500 3536 2553 viven-

1950 2597 2020 2649 tis
2068 2594 2330 2664 templum
2383 2593 2609 2648 ellecit?
2651 2593 2787 2659 Quis
2835 2593 2907 2648 ita
2954 2594 3147 2648 ducent
3185 2591 3312 2662 egit,
3366 2602 3530 2661 atquc

1947 2685 2238 2739 adversum
2283 2684 2469 2739 hestes
2515 2684 2687 2737 aciem
2738 2683 3017 2750 instruxit,
3067 2697 3528 2752 congressusque,

1948 2786 2058 2832 tam
2093 2777 2234 2831 felici
2267 2791 2548 2842 successu,
2570 2775 2903 2830 nobilissima
2943 2783 3100 2845 parta
3131 2774 3381 2838 victoria,
3403 2788 3533 2843 pro-

1950 2871 2186 2927 stravit?
2214 2869 2350 2936 Quis
2389 2869 2482 2922 illo
2523 2868 2739 2923 acutior
2785 2867 3027 2922 futurum
3073 2866 3321 2937 praevidit
3348 2866 3372 2920 ‘l
3397 2864 3533 2931 Quis

1952 2966 2027 3021 ita
2072 2963 2313 3020 robustis
2349 2962 2652 3030 solidisque
2695 2961 2963 3026 moribus,
2995 2961 3087 3030 qui
3129 2960 3406 3030 pernicius
3434 2958 3537 3012 ful-

1953 3074 2087 3130 gure
2130 3073 2194 3112 ac
2227 3057 2376 3112 dicto
2423 3054 2588 3109 citius
2619 3068 2706 3110 res
2729 3069 2892 3123 agere
2930 3061 3112 3123 posset
3145 3052 3169 3106 ἳ
3205 3051 3406 3107 Verum
3442 3051 3537 3105 de—

267 3139 372 3193 ποῦ
406 3155 497 3210 μοι
531 3139 722 3210 καιρὸς
759 3139 828 3192 τὰ
856 3138 1079 3192 πλείονα
1101 3137 1303 3206 λέγειν,
1340 3137 1376 3193 ἃ
1405 3141 1538 3194 πᾶσι
1584 3141 1846 3214 πρόδηλα,

1955 3151 2116 3206 fuerit
2142 3159 2378 3220 tempus,
2399 3156 2458 3202 ut
2478 3147 2673 3216 loquar
2693 3146 2848 3216 plura
2870 3161 2884 3211 ;
2914 3155 3041 3200 nota
3063 3144 3221 3214 plane
3253 3142 3530 3209 omnibus,

269 3231 374 3288 κᾶν
402 3233 564 3304 ἡμεῖς
589 3232 664 3304 μὴ
689 3232 959 3304 λέγωμεν,
984 3230 1074 3285 διὰ
1095 3231 1156 3284 τὸ
1184 3231 1284 3302 τῆς
1308 3232 1596 3304 ἐπιστολῆς
1620 3235 1851 3307 ὑπερτε-

271 3323 362 3387 νὲς
389 3339 569 3394 παρατ
578 3323 849 3394 ρὲχοντες;

344 3415 538 3485 Οἲμοιι
566 3414 740 3484 οίμοιί
771 3413 990 3483 ἀδελφοί
1021 3431 1122 3482 μου
1141 3413 1484 3486 τιμιώτατοι·
1513 3415 1726 3482 πολλοῖς
1749 3419 1850 3492 ἤδη

277 3507 709 3580 προειλημμένοι
742 3507 940 3582 πάθεσι
967 3507 1064 3560 καὶ
1085 3506 1349 3578 θλίψεσιν,
1375 3509 1514 3581 ύπέρ
1548 3511 1763 3576 οὐδενός
1787 3529 1852 3582 γε

282 3600 390 3673 μὴν
431 3599 605 3664 οὓτως
651 3601 731 3664 εἱς
762 3599 904 3654 αὐτὰ
934 3600 1123 3672 καίρια
1153 3602 1254 3670 τῆς
1287 3601 1468 3671 ψυχῆς
1495 3603 1851 3673 τρωσθέντες.

277 3695 392 3750 Νῦν
423 3693 738 3766 ἀπήνθηκεν
767 3693 899 3765 ἡμῖν
923 3694 1128 3764 κόσμος
1154 3695 1183 3748 ὁ
1203 3693 1486 3759 κάλλιστος
1505 3711 1520 3725 ·
1559 3697 1856 3768 Ἐκκλησία

277 3786 334 3841 δὲ
365 3785 676 3856 στυγνάζει,
707 3785 804 3840 καὶ
825 3784 1282 3856 σκυθρωπάζουσι
1309 3785 1491 3858 δῆμοι,
1526 3787 1608 3841 ὅτι
1641 3788 1857 3856 ἐξέλιπε

282 3879 549 3951 μαχητὴς,
603 3877 699 3933 καὶ
748 3879 968 3952 ἀπέπτη
1026 3879 1347 3950 στοχαστὴς,
1403 3881 1499 3934 καί
1543 3881 1858 3951 θαυμαστὸς

281 3971 605 4045 σύμϐουλος.
665 3971 946 4026 Ἐντεῦθεν
979 3971 1232 4044 ἐπιζητεῖ
1273 3973 1336 4026 τὸ
1390 3972 1533 4045 ἱερὸν
1584 3974 1858 4045 συνέδριον

279 4067 370 4120 τὸν
400 4067 696 4137 κορυφαῖον
719 4081 734 4096 ·
765 4065 816 4118 οἱ
837 4064 1168 4136 όμολογηταὶ
1187 4065 1278 4120 τὸν
1303 4066 1592 4121 σύναθλονο
1619 4069 1668 4120 οἱ
1696 4068 1754 4120 ἐν
1781 4066 1860 4139 τῷ

281 4159 453 4227 ἀγῶνι
477 4157 566 4211 τὸν
595 4157 858 4229 ἀλείπτην
877 4173 891 4187 ·
917 4158 968 4211 oi
999 4156 1282 4222 νοσοῦντες
1309 4159 1402 4213 τὸν
1428 4158 1610 4230 ἰατρόν
1628 4175 1643 4189 ·
1673 4160 1723 4213 οἱ
1751 4158 1862 4213 θλι-

281 4253 523 4324 ϐόμενοι,
579 4251 679 4324 τὴν
725 4250 1110 4323 παραμυθίανο
1170 4253 1218 4306 οἱ
1275 4252 1333 4304 ἐν
1383 4253 1714 4324 συμφοραῖς,
1760 4252 1860 4324 τὴν

281 4343 662 4415 παράκλησιν·
699 4343 748 4396 οἱ
779 4343 1024 4414 ὀρφανοὶ,
1054 4341 1146 4396 τὸν
1179 4342 1424 4412 πατέρα·
1461 4346 1516 4398 αί
1558 4345 1744 4416 χῆραι,
1769 4347 1861 4400 τὸν

279 4437 624 4510 προστάτηνο
659 4438 707 4489 oi
737 4435 988 4507 πένητες,
1019 4435 1112 4489 τὸν
1135 4437 1339 4508 τροφέα
1363 4453 1377 4468 ο
1413 4439 1462 4491 οἱ
1489 4438 1857 4510 ἀδικούμενοι,

281 4529 374 4584 τὸν
423 4529 842 4602 ύπερασπιστὴν
891 4530 988 4585 καὶ
1026 4532 1396 4604 ἀντιλήπτορα
1419 4550 1432 4562 ·
1462 4535 1512 4588 οί
1548 4535 1752 4599 πάντες
1795 4537 1860 4590 ἐκ

283 4623 392 4677 τῶν
435 4622 651 4678 οἰκείων
702 4623 985 4694 ὀνομάτων
1013 4625 1471 4694 ’ἀνακαλούμενοι
1529 4628 1626 4681 ἐπὶ
1675 4627 1862 4698 οἰκείῳ

285 4714 469 4776 πάθει.
519 4719 719 4772 οἰκεῖον
770 4717 948 4789 ἐαυτῷ
992 4719 1088 4773 καὶ
1131 4721 1473 4791 προσήκοντα
1499 4721 1730 4784 ἕκαστος
1767 4721 1861 4773 τὸν

288 4808 483 4880 θρῆνον
516 4810 816 4876 ποιοῦνται,
849 4811 1040 4865 τούτου
1067 4810 1163 4866 τοῦ
1197 4812 1490 4884 μακαρίου,
1517 4813 1612 4866 τοῦ
1643 4813 1858 4868 πλείοσι

288 4899 496 4965 τούτοις
541 4905 634 4956 καὶ
681 4904 1072 4976 ἀναριθμήτοις
1119 4905 1448 4977 χαρίσμασι,
1497 4906 1592 4959 καὶ
1643 4905 1866 4976 ἀρεταῖς

289 4995 753 5066 κατεστεμμένου,
803 4997 897 5049 καὶ
942 4996 1151 5052 ἄνωθεν
1185 4997 1531 5070 φερωνύμως
1571 4997 1867 5069 ἐσχηκότος

289 5089 390 5161 τὴν
414 5087 626 5156 κλῆσιν.

361 5185 383 5216 ³
408 5182 574 5238 Cant.
596 5200 652 5248 ν,
681 5183 768 5237 10.
847 5185 869 5218 ³
895 5184 1105 5241 Coloss.
1135 5202 1232 5251 ιιι,
1261 5185 1313 5241 5.

535 5291 574 5324 οι

365 5347 442 5420 (4)
481 5347 586 5415 Qui
614 5357 788 5420 noctes
821 5350 1270 5420 totasstetissent.
1300 5347 1616 5418 παννυχίοις
1643 5345 1866 5420 στάσεσι

293 5415 678 5491 διηρκηκότες.
709 5419 921 5491 Habent
961 5417 1133 5474 Graeci
1182 5435 1312 5474 suas
1364 5415 1582 5481 στάσεις
1633 5427 1686 5472 et
1731 5415 1866 5491 καθ-

299 5486 434 5554 ίσεις
475 5491 530 5544 in
571 5490 769 5545 divints
808 5490 1037 5554 olliciis;
1090 5491 1420 5559 quandoque
1467 5491 1632 5543 etiam
1689 5486 1868 5559 conti-

296 5573 458 5616 nuata
493 5570 660 5615 totam
717 5573 931 5617 noctem
989 5558 1246 5624 statione,
1303 5571 1360 5612 ut
1412 5561 1465 5612 iu
1517 5558 1718 5612 celebri
1777 5558 1867 5611 illa

299 5639 478 5694 nocte,
513 5648 677 5703 quam
711 5641 880 5703 totam
931 5632 1064 5686 recti
1108 5633 1161 5684 in
1197 5631 1358 5700 pedes
1394 5629 1599 5703 divinis
1637 5628 1870 5683 canticis
1931 5670 1934 5672 η

297 5712 349 5757 et
381 5699 574 5773 gratiis
603 5702 946 5828 imfenduut.
1003 5703 1124 5756 ideo
1166 5699 1365 5756 dictant
1410 5699 1701 5754 ὰκὰθιστον
1729 5717 1746 5732 ·
1779 5713 1871 5753 ve-

301 5788 420 5828 rum
448 5773 604 5828 nlura
630 5788 660 5828 a
701 5773 839 5828 dunt
880 5772 1057 5828 sancti
1095 5773 1371 5828 monachi.
1421 5779 1724 5828 snentaneo
1777 5784 1834 5824 sa

301 5772 420 5828 rum
448 5773 604 5843 plura
630 5772 839 5829 addunt
880 5772 1057 5830 sancti
1095 5773 1371 5835 monachi,
1421 5779 1738 5843 spontaneo,
1777 5784 1834 5843 sa

300 5840 528 5912 crilicio,
584 5844 848 5915 majorem
904 5846 958 5898 in
1017 5843 1218 5901 debitis
1273 5841 1669 5912 praeceptisque
1727 5840 1868 5895 indi-

1951 3258 2264 3316 quanquam
2297 3241 2520 3296 minime
2546 3239 2813 3303 dicamus,
2851 3239 3190 3304 omittentes,
3223 3247 3283 3292 ut
3313 3252 3382 3292 ne
3406 3251 3536 3308 pro-

1953 3339 2113 3393 lixior
2146 3337 2237 3391 ﬁat
2263 3335 2516 3405 epistola.

2027 3426 2139 3482 Heu
2167 3427 2291 3481 me!
2324 3424 2439 3480 Heu
2471 3440 2558 3480 me
2589 3424 2604 3478 !
2640 3421 3055 3478 honoratissimi
3088 3419 3287 3476 fratres
3315 3435 3380 3474 ac
3407 3417 3540 3474 cha-

1953 3520 2155 3575 rissimi
2181 3559 2194 3582 ,
2218 3519 2311 3588 qui
2347 3517 2533 3572 multis
2557 3515 2776 3586 quidem
2805 3516 3072 3569 hactenus
3096 3513 3347 3583 occupati
3375 3512 3537 3566 malis

1953 3625 2008 3671 et
2044 3615 2450 3678 alllictionibus,
2477 3609 2626 3668 nulla
2667 3628 2729 3668 re
2773 3621 2952 3666 tamen
2997 3611 3079 3666 sic
3110 3624 3278 3681 grave
3303 3624 3368 3664 ac
3393 3607 3536 3678 peri-

1956 3710 2206 3766 culosum
2239 3709 2426 3762 animo
2454 3705 2652 3760 vulnus
2681 3704 2994 3774 accepistis.
3013 3701 3134 3757 .lam
3167 3702 3326 3756 nobis
3356 3715 3538 3755 emar-

1957 3803 2072 3858 cuit
2109 3799 2346 3855 mundns
2373 3797 2778 3868 pulcherrimus
2806 3813 2822 3861 ;
2850 3795 3102 3851 trislatur
3116 3809 3248 3849 vero
3275 3793 3537 3859 Ecclesia,

1957 3911 2023 3950 ac
2051 3901 2285 3950 niterent
2329 3891 2538 3962 populi,
2563 3892 2709 3960 quod
2738 3887 3000 3944 defecerit
3033 3898 3325 3958 pugnator,
3354 3888 3540 3942 avola-

1959 3989 2139 4058 ritque
2161 3986 2464 4056 conjector,
2496 3999 2562 4040 ac
2588 3982 2938 4040 consiliarius
2963 3981 3323 4036 admirabilis.
3357 3980 3540 4046 Quare

1959 4085 2191 4156 requirit
2208 4093 2430 4140 senatus
2451 4095 2606 4136 sacer
2625 4077 2927 4149 principem
2952 4089 3113 4129 suum
3139 4072 3542 4136 :conl‘essores,

1961 4172 2277 4228 certaminis
2312 4172 2521 4227 socium
2553 4189 2566 4224 :
2604 4169 2834 4240 pugiles,
2882 4166 3104 4236 aliptem
3147 4180 3306 4221 suum
3334 4179 3399 4220 ac
3427 4163 3544 4219 ludi

1961 4263 2276 4334 praefectum
2303 4280 2318 4316 :
2341 4261 2492 4333 mgri,
2514 4261 2786 4316 medicum
2809 4278 2823 4314 :
2844 4257 3051 4316 alllicti.
3070 4255 3502 4311 consolationem
3525 4273 3541 4310 :

1962 4357 2018 4413 iu
2049 4353 2452 4411 calamitatibus
2475 4349 2655 4420 positi,
2679 4348 2769 4420 qui
2811 4349 3055 4402 levamen
3081 4341 3270 4399 all‘erat
3295 4360 3310 4398 :
3344 4343 3544 4412 orpha-

1964 4451 2044 4514 ni,
2090 4457 2297 4518 patrem
2347 4463 2361 4500 :
2399 4453 2712 4515 patronum,
2758 4439 2939 4494 vidua:
2977 4455 2992 4492 :
3029 4450 3320 4508 pauperes,
3371 4433 3548 4488 nutri-

1967 4541 2114 4594 cium
2142 4554 2155 4590 :
2177 4534 2273 4606 qui
2309 4534 2594 4604 patiuntur
2615 4529 2898 4598 injuriam,
2928 4527 3026 4598 qui
3049 4531 3355 4596 propugnet
3376 4537 3441 4578 ac
3463 4524 3551 4576 de-

1970 4631 2194 4685 fendat:
2238 4641 2450 4688 omnes,
2483 4639 2549 4677 ex
2585 4623 2702 4676 suis
2733 4620 2934 4691 singuli
2975 4617 3312 4684 nominibus,
3353 4617 3405 4670 in
3429 4629 3550 4684 pro-

1971 4723 2092 4794 prio
2145 4719 2380 4790 quisque
2433 4715 2576 4770 malo
2615 4713 2954 4774 invocantes,
3023 4707 3249 4781 proprio
3313 4706 3551 4776 quisque

1963 4828 2339 4886 congruoque,
2364 4812 2581 4866 beatum
2602 4809 2806 4870 virum,
2829 4807 3069 4860 lamento
3090 4809 3501 4874 prosequuntur
3527 4815 3546 4864 ;

1963 4908 2138 4972 illum,
2170 4906 2394 4974 inquam
2416 4943 2430 4967 ,
2457 4903 2618 4957 etiam
2651 4899 2903 4971 pluribus
2947 4894 3551 4962 innumerabilibusque

1962 4998 2150 5070 gratia:
2163 4995 2323 5050 donis
2338 5001 2683 5057 coronatum,
2701 5005 2766 5044 ac
2782 5003 3020 5059 congrua
3059 4984 3423 5042 similitudine
3447 4983 3548 5056 (5),

1968 5089 2208 5145 nominis
2242 5088 2662 5159 appellationem
2689 5083 2958 5142 divinitus
2986 5088 3367 5136 consecutum.

1785 5249 2020 5308 NOTAE.

1970 5356 2158 5400 cantes
2186 5344 2544 5399 voluntatem.
2585 5341 2758 5398 Nobis
2805 5342 3140 5413 geniculatio
3187 5341 3241 5395 in
3271 5340 3552 5413 precibus

1970 5417 2252 5539 erlebrior;
2293 5415 2498 5469 Graecis
2528 5429 2666 5485 pene
2695 5411 2902 5486 ignota,
2941 5425 2994 5469 et
3025 5412 3380 5470 insuetudine
3411 5411 3554 5467 dilli-

1972 5503 2020 5539 Cl
2050 5503 2118 5539 IS.

1972 5503 2118 5543 CIIIS.

2041 5558 2121 5627 (5)
2178 5556 2658 5627 Ac__similitudine
2710 5571 2946 5625 congrua
2977 5594 2992 5616 ,
3047 5563 3155 5627 etc.
3212 5552 3553 5627 φερωνύμως

2000 5623 2237 5682 ἄνωθεν.
2270 5624 2428 5681 Velut
2475 5631 2601 5692 Deo,
2653 5623 2956 5697 congruum
3007 5624 3230 5697 omnino
3272 5623 3552 5697 Θεοδώρου

1977 5714 2214 5763 nomen;
2250 5699 2395 5766 quod
2427 5705 2606 5758 sonet,
2651 5696 2751 5750 Dei
2770 5695 3018 5757 'donum;
3075 5695 3409 5766 impertiente.
3461 5695 3555 5750 Sic

1977 5770 2184 5839 passim
2221 5763 2357 5839 ludit
2385 5767 2804 5839 Amphilochius
2845 5773 3053 5828 noster.
3107 5763 3170 5821 in
3216 5763 3402 5822 Basilii
3451 5780 3554 5819 uo~

1980 5837 2147 5904 iniue,
2178 5837 2322 5909 quod
2355 5840 2424 5892 sit
2455 5837 2659 5894 dictum
2697 5851 2725 5890 a
2762 5852 2946 5910 regno.
