4122 6382
621 297 749 366 1831

686 413 797 468 Nos
829 410 1088 469 humiles.
1120 422 1247 462 cum
1282 406 1409 463 aliis
1435 422 1503 463 ac
1546 424 1660 479 prae
1692 410 1816 465 aliis
1867 410 1920 464 in
1954 425 2193 480 praesen-
2217 410 2269 470 Α

613 508 814 561 tiarnm
844 504 971 558 facti
1007 501 1264 572 orphani,
1300 517 1364 556 ac
1400 516 1630 571 corpore
1661 503 1926 572 disjuncti
1955 545 1970 566 ,
2011 503 2189 558 relicti

615 614 808 653 sumus
850 595 1104 650 desolati.
1160 592 1311 647 Facti
1361 608 1554 647 sumus
1593 593 1737 649 sicut
1796 607 1824 646 a
1874 593 2184 664 principio:

615 689 863 754 lugentes
911 685 1219 740 incedimus
1250 699 1315 738 ac
1344 684 1495 738 vultu
1535 694 1752 739 mmsto.
1785 685 1938 739 Facti
1994 701 2189 740 sumus

617 778 957 833 adversariis
998 776 1355 846 opprobrium
1387 815 1401 839 ,
1452 777 1821 846 gaudiumque
1897 776 2187 832 batreticis.

615 869 946 938 Aperuerunt
967 878 1146 921 contra
1177 885 1269 921 nos
1302 867 1644 922 lconomacbi
1671 884 1728 922 os
1755 867 1943 921 suum‘
1968 885 1982 923 :
2011 866 2188 920 xEsti—

616 964 746 1015 mati
795 977 973 1016 sumus
1024 976 1142 1013 cum
1184 959 1612 1014 descendentibus
1643 961 1698 1013 in
1727 960 1898 1013 lacum
1929 962 1951 993 ³
1981 975 1995 1012 :
2032 959 2190 1014 Facti

614 1071 795 1106 sumus
821 1054 957 1105 sicut
983 1068 1165 1120 passer
1193 1052 1468 1104 solitarius
1489 1055 1542 1104 in
1576 1052 1744 1105 tecto“
1765 1061 1793 1106 ‘:
1825 1051 1996 1105 Paulo
2016 1052 2188 1104 minus

614 1143 872 1197 habitavit
898 1144 1005 1196 vita
1023 1152 1202 1195 nostra
1233 1144 1286 1195 in
1318 1142 1576 1210 inferno".
1606 1140 1678 1195 Su
1691 1158 1810 1196 mus
1824 1142 2068 1196 destituti
2087 1143 2184 1212 (6),

615 1252 680 1290 ac
724 1235 847 1290 \‘icti
877 1235 1038 1288 tzedio
1072 1253 1085 1287 :
1118 1234 1528 1302 desperavimus
1558 1251 1570 1287 :
1600 1233 1726 1288 facti
1765 1250 1958 1288 sumus
2017 1235 2187 1289 tristis

615 1325 821 1379 mundo
857 1324 1096 1378 narratio
1125 1341 1138 1376 :
1171 1334 1355 1392 atque,
1385 1324 1693 1393 ograndem
1724 1340 1910 1378 revera
1947 1325 2188 1380 tristem-

612 1433 720 1486 que
782 1416 1125 1470 solitudinem
1165 1417 1177 1469 !
1213 1432 1374 1485 quam
1417 1416 1574 1485 plane
1614 1432 1804 1472 sumus
1827 1415 1951 1470 facti
1979 1417 2187 1472 similes

615 1510 874 1577 pelecano
899 1509 1151 1564 solitario
1177 1510 1197 1539 ⁸
1224 1509 1247 1562 ?
1299 1509 1489 1580 Inclyti
1539 1509 1638 1562 viri
1701 1510 1968 1564 transitus
1997 1509 2187 1564 dolore

593 1582 856 1669 .implevit
883 1611 1130 1654 nostrum
1165 1617 1260 1655 cor
1291 1601 1514 1655 humile.
1568 1600 1967 1657 Obtenebratos
1998 1603 2186 1657 oculos

616 1705 832 1747 nostros
873 1694 1112 1762 opplevit
1139 1695 1415 1765 lacrymis.
1445 1693 1623 1746 Animi
1661 1709 1854 1748 sensus
1894 1695 2184 1764 gemitibus

611 1785 934 1850 cumulavit,
985 1801 1050 1840 ac
1092 1786 1212 1840 aliis
1243 1786 1476 1854 aliisque
1505 1786 1688 1840 cordis
1731 1787 1976 1840 aestibus.
2005 1787 2182 1840 Vitam
2219 1765 2259 1818 Β

614 1887 934 1947 praesentem
970 1879 1224 1932 odibilem
1253 1877 1505 1940 reddidit,
1538 1887 1768 1931 mortem
1793 1893 1921 1932 vero
1959 1877 2188 1932 deside-

613 1971 862 2024 rabilem.
925 1969 1107 2023 Animi
1159 1985 1254 2024 ver
1306 1970 1358 2022 in
1421 1969 1652 2023 hiemem
1720 1971 2002 2024 convertit.
2055 1969 2188 2036 Quae

617 2062 770 2116 multi
806 2063 1048 2129 impense
1071 2071 1278 2125 amant,
1305 2076 1366 2115 ea
1390 2061 1547 2115 nobis
1571 2063 1961 2117 abominationi
1986 2065 2190 2118 baben-

617 2159 727 2204 tur.
759 2150 846 2205 Sic
875 2166 1004 2205 vero
1037 2164 1245 2217 nostra,
1273 2167 1306 2206 ο
1335 2152 1816 2214 venerabilissimi,
1857 2153 2184 2209 immensum

615 2243 886 2312 lugubria.
923 2258 1242 2313 amaraque,
1279 2259 1382 2297 nec
1415 2245 1616 2310 amica,
1645 2246 1728 2298 vel
1761 2246 2060 2316 quidquam
2094 2247 2186 2301 lae-

615 2344 702 2396 ta;
730 2352 795 2388 ac
828 2336 1117 2404 ejusmodi,
1176 2344 1234 2390 ut
1275 2337 1478 2390 nullam
1524 2338 1956 2392 consolationem
1992 2337 2189 2392 admit-

616 2438 766 2492 tant;
806 2437 1056 2498 utquam
1095 2429 1147 2482 in
1185 2438 1391 2498 partem
1439 2430 1717 2485 discurrat
1759 2431 1982 2487 humilis
2021 2433 2183 2498 ratio,

614 2531 910 2582 nusquam,
950 2518 1055 2571 nisi
1100 2534 1163 2573 ea
1195 2527 1405 2572 tantum
1453 2523 1687 2584 ratione,
1725 2530 1783 2575 ut
1817 2523 1870 2575 in
1902 2522 2070 2577 Deum
2123 2539 2189 2580 ac

613 2623 830 2662 sacrum
866 2611 1173 2678 sepulcrum
1205 2612 1424 2666 assidue
1459 2615 1778 2682 respexerit,
1825 2617 2063 2684 quietem
2100 2617 2189 2671 in-

615 2701 814 2754 veniat.
845 2699 1112 2756 Caeterum
1143 2703 1236 2772 qui
1266 2704 1470 2758 habent
1513 2721 1600 2759 res
1630 2707 1860 2761 vesti-a3?
1891 2705 2008 2762 Non
2043 2708 2192 2764 velut

613 2794 852 2847 nesciam
897 2794 1191 2864 interrogo.
1226 2795 1527 2851 Percontor
1581 2797 1960 2862 nihilominus,
2007 2814 2041 2853 ο
2093 2800 2188 2855 de-

615 2884 1001 2940 sideratissimi
1040 2903 1052 2939 :
1091 2903 1224 2941 sane
1251 2888 1396 2943 enim
1422 2889 1619 2944 similia
1653 2905 1876 2958 prorsus
1905 2892 2184 2961 dixeritis;

613 2978 902 3054 siquidem,
919 2987 1055 3033 teste
1074 2981 1378 3048 Scriptura,
1400 2997 1502 3035 uno
1527 2985 1753 3037 membro
1775 2986 2024 3052 patiente,
2042 3001 2188 3039 com-

616 3076 895 3139 patiuntur
927 3073 1104 3126 omnia
1137 3073 1368 3127 membra
1391 3075 1433 3128 ⁹.
1465 3073 1618 3140 Quod
1651 3090 1781 3130 vero
1817 3075 1916 3144 ipsi
1942 3077 2186 3133 membra
2211 3107 2256 3170 C

613 3165 754 3227 sitis,
808 3176 860 3219 et
895 3167 1116 3235 quidem
1166 3167 1218 3218 in
1259 3168 1518 3223 rnetnbris
1548 3168 1912 3235 nobilissima,
1961 3171 2186 3226 omnino

615 3257 964 3312 manifestum
1013 3259 1123 3320 sit;
1193 3276 1362 3329 quare
1412 3262 1610 3314 merito
1661 3263 1987 3323 condoletis.
2051 3265 2186 3332 Quis

611 3349 758 3402 enim
781 3349 1039 3414 deinceps
1067 3349 1407 3402 venientibus
1429 3352 1550 3402 lzeto
1587 3349 1738 3402 vultu
1771 3353 2096 3416 occurrerit,
2121 3368 2186 3408 ac

613 3441 867 3494 manibus
896 3441 1107 3508 supinis
1141 3443 1464 3508 susceperit.
1518 3443 1940 3514 complexusque
1991 3445 2185 3500 charos

611 3531 797 3584 vultus
831 3531 1114 3584 osculatus
1138 3532 1339 3584 fuerit?
1373 3532 1508 3597 Quis
1541 3545 1872 3603 opportuna,
1905 3544 1960 3590 et
1990 3537 2186 3592 animae

613 3624 985 3677 conducibilia
1017 3624 1467 3692 percontabitur?
1495 3624 1629 3691 Quis
1667 3628 1852 3684 tristes
1882 3629 2185 3699 composita

612 3714 988 3770 admonitione
1027 3717 1425 3772 laetiﬁeaverit?
1458 3718 1597 3785 Quis
1648 3735 1759 3790 pra:
1798 3721 2048 3776 molestia
2087 3737 2184 3776 co-

612 3805 938 3875 gitationum
973 3817 1220 3874 maestos,
1255 3818 1506 3878 totosque
1532 3826 1828 3867 succensas
1853 3827 1919 3867 ac
1946 3821 2186 3866 aestuan-

614 3905 693 3952 tes
731 3897 1180 3968 refrigeraverit?
1231 3900 1368 3966 Quis
1411 3902 1686 3956 inunxerit
1729 3903 1795 3957 ad
1847 3904 2186 3959 certamina?

611 3989 745 4056 Quis
774 3991 840 4044 ad
883 3991 1102 4060 pietatis
1122 4007 1346 4047 cursum
1373 3993 1704 4050 intenderit?
1738 3995 1872 4062 Quis
1915 3997 1980 4051 ad
2014 3996 2184 4052 virilis

612 4081 780 4134 animi
811 4083 975 4137 robur
1002 4083 1420 4153 provocaverit?
1467 4085 1603 4150 Quis
1627 4087 1693 4141 ad
1731 4088 1974 4143 veritatis
2007 4097 2185 4142 certa-

613 4189 735 4226 men
765 4173 1088 4229 duraverit?
1124 4175 1258 4241 Quis
1280 4179 1667 4246 aegrotantibus
1693 4179 1953 4233 medelam
1989 4179 2186 4234 attule-

615 4265 722 4318 rit?
753 4266 888 4331 Quis
916 4268 1105 4336 procul
1149 4269 1466 4324 absentibus
1497 4286 1593 4340 per
1629 4271 1885 4341 epistolas
1916 4282 2182 4343 opportu-

614 4373 682 4411 na
739 4358 988 4415 elocutus
1027 4358 1227 4414 fuerit?
1261 4359 1395 4426 Quis
1422 4361 1495 4416 ita
1519 4362 1805 4430 dilexerit,
1835 4364 2184 4434 animamque

1563 293 1971 361 APPENDIX.
2001 321 2070 332 -
2101 297 2520 359 NAUCRATII
2555 295 2972 359 ENCYCLICA

3753 290 3918 357 183?.

2373 411 2562 481 Ἡμεῖς
2587 411 2638 463 οἱ
2665 410 2929 472 ταπεινοὶ,
2963 407 3011 460 οἱ
3053 403 3193 476 μετὰ
3217 404 3440 458 πάντων
3469 403 3564 455 καὶ
3601 414 3723 473 προ
3761 407 3914 458 πάν-

2291 520 2400 558 των
2423 503 2491 555 τὰ
2511 501 2606 554 νῦν
2627 499 3148 570 ἀπορφανισθέντες,
3183 497 3279 550 καὶ
3309 494 3740 565 διαζευχθέντες
3791 512 3912 548 αω-

2296 590 2565 663 ματικῶς,
2587 589 2916 658 κατελείφθη
2927 605 3024 658 μεν
3049 585 3442 658 μεμονωμένοι.
3461 585 3796 653 Γεγόναμεν
3828 583 3916 647 ὡς

2291 685 2352 739 τὸ
2379 685 2475 738 ἀπ’
2501 685 2678 754 ἀρχῆς
2700 702 2715 715 ο
2756 680 3080 744 πενθοῦντες
3120 679 3215 732 καὶ
3251 679 3768 748 σκυθρωπάζοντες
3803 693 3916 728 τεο-

2295 775 2562 847 ρευόμεθα
2581 789 2595 803 ⁸
2626 774 2931 842 γεγόναμεν
2955 770 3156 833 ὄνειδος
3174 768 3286 833 τοῖς
3318 770 3608 832 ἐναντίοις,
3640 768 3906 836 ἐπίχαρ-

2293 887 2370 938 μα
2399 870 2512 931 τοῖς
2535 865 2864 930 κακοδόξοις.
2899 867 3194 919 Ἦνοικται
3223 861 3354 917 καθ’
3377 859 3548 931 ἡμῶν
3568 861 3910 927 Είκονομάο

2289 979 2400 1032 χων
2430 961 2625 1028 στόμα
2643 974 2657 988 °
2686 957 3251 1025 Προσελογισθημεν
3269 955 3418 1022 μετὰ
3447 951 3568 1006 τῶν
3599 953 3910 1006 καταϐαι-

2287 1058 2520 1111 νόντων
2555 1057 2644 1120 εὶς
2669 1055 2920 1118 λάκκον,
2942 1051 3233 1123 ψαλμικῶς
3261 1053 3434 1103 εἰπεῖν
3457 1065 3473 1080 ο
3519 1049 3904 1117 Feror-alter

2288 1147 2370 1213 ὡς
2395 1145 2718 1214 στρουθίον
2749 1143 3011 1213 μονάζον
3037 1143 3136 1196 ἐπὶ
3166 1141 3433 1210 δώματος
3454 1157 3468 1172 ·
3507 1137 3906 1207 Παραὸραχὺ

2289 1237 2609 1307 παρῴκησε
2659 1235 2736 1302 τῷ
2771 1236 2886 1304 ᾄδῃ
2937 1235 2976 1302 ἡ
3021 1233 3134 1302 ζωὴ
3175 1233 3364 1302 ἡμῶνο
3409 1231 3904 1302 Ἐξηπορὴμεθα·

2288 1327 2643 1397 ἀπειπάμεθα
2680 1325 2890 1379 ἐαυτῶν
2909 1339 2924 1354 ·
2956 1325 3264 1394 γεγόναμεν
3292 1322 3372 1394 τῷ
3397 1321 3591 1392 κόσμῳ
3624 1321 3910 1390 διήγημα

2289 1418 2613 1489 σκυθρωπόν
2632 1434 2648 1450 ο
2698 1418 2811 1480 καὶ,
2834 1416 2880 1470 ὣ
2905 1416 3004 1487 τῆς
3028 1415 3208 1484 δεινῆς
3226 1413 3395 1476 ὅντως
3421 1413 3517 1465 καὶ
3539 1411 3914 1482 σκυθρωπῆς

2288 1512 2522 1583 ἐρημίας
2544 1512 2559 1565 Ῑ
2594 1509 2711 1573 πῶς
2752 1509 2995 1582 ἀκριϐῶς
3031 1505 3398 1578 ὡμοιώθημεν
3429 1505 3708 1558 πελεκᾶνι
3756 1506 3910 1572 ἐρη-

2289 1605 2468 1677 μικῷς
2520 1603 2758 1656 Ἐκείνου
2802 1601 2896 1656 τοῦ
2918 1599 3158 1670 ἀοιδίμου
3205 1601 3240 1670 ἡ
3287 1599 3644 1669 μετάστασις,
3692 1595 3912 1666 ὀδύνης

2289 1697 2656 1767 πεπλήρωκεν
2688 1694 2846 1765 ἡμῶν
2873 1693 2971 1764 τὴν
2998 1691 3259 1762 ταπεινὴν
3301 1691 3532 1761 καρδίαν
3556 1705 3572 1720 °
3619 1688 3910 1759 διεκρίθη

2289 1792 2444 1862 ἡμῶν
2467 1793 2592 1854 τοὺς
2613 1790 3030 1861 ἐσκοτισμένους
3053 1787 3348 1857 ἐνέπλησεν
3367 1783 3700 1856 ὀφθαλμούς
3717 1797 3734 1812 °
3769 1799 3912 1835 στε-

2289 1902 2390 1953 ναγ
2399 1885 2516 1956 μῶν
2538 1883 2844 1954 ἐπλήρωσε,
2875 1880 3184 1952 καρδιακῶν
3211 1877 3497 1951 βρασμῶν,
3517 1877 3619 1931 καὶ
3640 1875 3910 1945 ἀναϐραο

2289 1977 2465 2047 σμῶν,
2487 1977 2556 2030 τὰ
2577 1979 2675 2047 τῆς
2693 1975 2869 2046 ψυχῆς
2889 1973 3242 2042 αἰσθητήρια.
3265 1970 3376 2043 Τὴν
3406 1969 3707 2041 παροῦσαν
3737 1969 3906 2036 ζωὴν

2292 2069 2527 2141 μισητὴν
2559 2069 2847 2138 πεποίηκε,
2876 2067 2970 2120 τὸν
2995 2066 3224 2120 θάνατον
3265 2062 3626 2133 ἐπιθυμητόν.
3665 2061 3757 2114 Τδ
3787 2061 3908 2130 ψυ-

2288 2160 2440 2232 χικὸν
2473 2161 2574 2233 ἔαρ
2607 2163 2685 2224 είς
2716 2159 2958 2232 χειμῶνα
3001 2157 3353 2229 μετέστρεφε.
3393 2158 3476 2210 Τὰ
3503 2159 3618 2219 τοῖς
3657 2154 3905 2215 πολλοῖς

2288 2252 2755 2322 περισπούδαστα,
2795 2253 2929 2322 ἡμῖν
2975 2249 3315 2304 ἀπόπτυστα.
3349 2248 3459 2300 Καὶ
3495 2246 3565 2298 τὰ
3612 2245 3730 2315 μὲν
3767 2243 3900 2297 καθ’

2287 2347 2456 2416 ἡμᾶς,
2516 2340 2561 2398 ὦ
2617 2343 3073 2414 σεϐασμιὼτατοι,
3120 2341 3263 2395 οὕτω
3315 2339 3742 2394 πολυστένακτα
3799 2339 3902 2390 καὶ

2288 2437 2624 2503 πολυὼδυνα,
2671 2437 2838 2506 ἄφιλά
2871 2453 2929 2489 τε
2962 2434 3057 2490 καὶ
3106 2433 3356 2504 ἀνέορτα,
3407 2432 3693 2504 μηδεμίαν
3737 2446 3898 2499 παρ-

2286 2528 2515 2601 ηγορίαν
2570 2527 2796 2597 ἔχοντα’
2845 2523 3120 2596 πανταχοῦ
3158 2524 3250 2578 τοῦ
3302 2523 3562 2578 ταπεινοῦ
3606 2520 3896 2590 λογισμοῦ

2285 2621 2607 2684 διαθέοντος.
2639 2620 2734 2672 καὶ
2764 2617 3014 2689 μηδαμοῦ
3044 2617 3234 2671 στάσιν
3260 2615 3631 2688 εὑρίσκοντος,
3653 2613 3690 2684 ἢ
3721 2614 3898 2683 μόνον

2287 2715 2337 2768 εί
2384 2715 2464 2775 είς
2505 2713 2638 2765 Θεὸν
2685 2712 2781 2766 καὶ
2829 2713 2910 2775 εἰς
2947 2711 3039 2764 τὸν
3079 2709 3223 2780 ἱερὸν
3250 2711 3419 2777 τάφον
3458 2706 3895 2778 παρεδρευτικὴ

2287 2807 2588 2880 ἀποϐλέψῃ.
2631 2807 2824 2860 ὐποῖα
2848 2804 2906 2858 δὲ
2931 2804 2999 2857 τὰ
3030 2802 3152 2856 καθ’
3189 2803 3363 2872 ὑμᾶςς
3393 2801 3494 2852 οὑκ
3526 2798 3761 2867 ἀγνοῶν
3791 2800 3896 2850 ἐπε-

2287 2900 2508 2971 ερωτῶ’
2562 2897 2903 2967 πυνθάνομαι
2947 2895 2994 2948 δ’
3029 2891 3123 2948 οὖν
3169 2895 3338 2965 ὅμως,
3376 2887 3422 2946 ὦ
3471 2892 3888 2952 ποθεινότατοι,

2287 2993 2379 3046 καί
2403 3009 2464 3060 γε
2493 2990 2563 3044 τὰ
2602 2991 2762 3060 ὃμοια
2791 2988 3007 3050 ’πάντως
3038 2987 3291 3056 φήσοιτε⁸
3322 2988 3371 3038 εί
3412 2985 3543 3055 γὰρ,
3566 2984 3648 3048 ὥς
3683 3002 3889 3053 φησιν,

2287 3084 2425 3150 ἐνὸς
2465 3083 2692 3153 μέλους
2739 3079 3088 3148 πάσχοντος
3141 3075 3491 3146 συμπάσχει
3550 3074 3766 3128 πάντα
3815 3077 3891 3127 τὰ

2285 3175 2463 3248 μέλη.
2521 3175 2642 3228 Ὅτι
2691 3173 2750 3228 δέ
2795 3173 2952 3242 ὑμεῖς
2999 3169 3158 3241 μέλη,
3188 3169 3282 3224 καὶ
3334 3168 3444 3221 τῶν
3496 3168 3883 3238 τιμιωτάτων,

2293 3268 2454 3323 παντί
2493 3284 2596 3321 που
2626 3265 2804 3337 δῆλον.
2844 3263 3008 3318 Ὅθεν
3047 3263 3272 3324 εἰκότως
3305 3262 3339 3329 ή
3373 3259 3730 3327 συνάλγησις.
3787 3259 3886 3320 Τίς

2291 3364 2398 3434 γὰρ
2440 3361 2596 3432 ὑμῶν
2637 3359 2717 3413 ἔτι
2752 3356 3214 3431 παραγενομένων
3258 3354 3713 3424 προσυπαντήσε.
3750 3368 3882 3418 φαι-

2289 3456 2402 3527 δρῷ
2430 3453 2510 3524 τῷ
2538 3451 2836 3525 προσώπῳ,
2883 3450 2978 3504 καὶ
3027 3448 3248 3511 ὑπτίαις
3302 3447 3490 3516 χερσὶν
3529 3443 3876 3507 ὑποδέξεται,

2291 3547 2386 3602 καὶ
2450 3544 2842 3616 περιπλακεὶς,
2904 3540 3315 3595 κατασπάσεται
3369 3537 3524 3606 ὑμῶν
3581 3536 3653 3588 τὰ
3717 3536 3879 3604 τίμια

2292 3637 2594 3705 πρόσωπα;
2623 3634 2720 3697 Τίς
2747 3631 3084 3703 ἐπερωτήσει
3111 3628 3179 3681 τὰ
3201 3628 3387 3681 δέοντα
3409 3625 3508 3678 καὶ
3536 3623 3876 3694 ψυχωφελῆ;

2291 3730 2387 3792 Τίς
2413 3727 2786 3798 λυπουμένους
2815 3723 3198 3796 χαροποιήσειε
3226 3723 3292 3790 τῇ
3325 3719 3551 3790 ἐμμελεῖ
3577 3715 3841 3785 νουθεσίᾳ
3859 3757 3876 3779 ,

2289 3820 2386 3884 Τίς
2415 3818 2808 3886 ἀπεγνωκότας
2840 3812 3241 3886 παρακαλέσειε
3266 3827 3280 3874 ;
3310 3811 3405 3872 Τίς
3430 3807 3782 3876 ἀθυμοῦντας
3813 3809 3879 3858 ἐκ

2287 3910 2588 3980 λογισμῶν,
2634 3908 2732 3962 καὶ
2771 3903 3331 3976 κατεμπρηζομένους
3387 3899 3721 3969 evnti/ﬁcte;
3777 3898 3878 3960 Τίς

2288 4002 2610 4072 ἀπαλείψειε
2663 3999 2799 4071 πρὸς
2845 4000 2971 4054 τοὺς
3015 3997 3266 4065 ἀγῶνας;
3311 3995 3406 4057 Τίς
3437 3992 3694 4048 τονώσειε
3734 3991 3878 4062 πρὸς

2287 4094 2380 4147 τὸν
2407 4094 2508 4164 τῆς
2536 4089 2820 4152 εὑσεδείας
2851 4087 3087 4158 δρόμον;
3117 4086 3213 4149 Τίς
3235 4082 3493 4152 διεγείροι
3527 4082 3666 4150 πρὸς
3705 4082 3874 4133 εὑαν-

2287 4183 2506 4256 δρείαν;
2541 4181 2636 4245 Τίς
2665 4177 2966 4249 στομώσειε
2996 4178 3132 4248 πρὸς
3163 4178 3413 4229 ἔνστασιν
3448 4173 3743 4244 ἀληθείας;
3772 4171 3875 4236 Τίς

2293 4275 2570 4347 ίατρεὺσει
2593 4271 2984 4342 νενοσηκότας;
3013 4271 3108 4333 Τίς
3136 4270 3323 4341 πόρρω
3343 4266 3464 4320 οὖσι
3490 4267 3581 4319 διὰ
3606 4264 3874 4336 γράμμα-

2288 4385 2381 4430 τος
2411 4364 2848 4439 προσφθέγξεται
2875 4363 2942 4417 τὰ
2969 4363 3285 4431 ὀφείλοντα;
3317 4359 3411 4422 Τίς
3441 4357 3612 4417 οὕτως
3646 4355 3871 4425 ἀγαπή-

611 4449 906 4518 pretiosam
939 4491 956 4513 ,
1011 4451 1213 4504 Christi
1251 4453 1504 4523 exemplo
1534 4494 1549 4518 ,
1581 4455 2043 4524 quemadmodum
2093 4457 2184 4512 ille

2288 4477 2420 4524 σειε,
2469 4459 2564 4512 καὶ
2609 4457 2708 4528 τὴν
2753 4457 2940 4526 τιμίαν
2981 4453 3159 4525 ψυχὴν
3214 4454 3356 4521 ὑπὲρ
3410 4453 3642 4504 ἑκάστου
3678 4449 3868 4517 θήσειε

611 4541 800 4596 divino
832 4557 1057 4598 munere
1086 4559 1388 4599 concessus
1421 4557 1605 4615 pastor
1653 4563 1718 4602 ac
1771 4550 1965 4604 doctor
1993 4589 2008 4614 ,
2081 4565 2182 4619 pro

611 4649 943 4704 unoquoque
972 4635 1252 4704 posuerit?
1280 4636 1418 4702 Quid
1459 4654 1589 4694 vero
1617 4654 1778 4708 Opus,
1807 4652 1867 4693 ut
1923 4641 2183 4711 pleraque

613 4723 760 4778 beati
811 4735 974 4794 atque
1023 4728 1368 4783 admirabilis
1401 4729 1526 4796 viri,
1581 4731 1834 4786 lamentis
1861 4747 2176 4802 prosequar,

611 4814 683 4867 ob
706 4830 823 4884 qua:
845 4818 1010 4871 etiam
1048 4819 1285 4872 maxime
1311 4818 1524 4887 jactura
1553 4820 1768 4874 videtur
1789 4821 2184 4878 intolerabilis?

610 4901 746 4957 Nam
778 4921 886 4958 non
930 4908 1114 4962 tulerit
1139 4910 1332 4965 modus
1363 4910 1607 4980 epistola:
1639 4930 1654 4967 :
1682 4927 1994 4982 quanquam
2041 4915 2182 4969 alio-

612 4996 725 5066 qui,
753 4997 833 5052 sic
860 4998 1052 5053 humili
1077 5002 1258 5056 anima
1288 5013 1476 5059 nostra
1499 5020 1564 5060 ex
1584 5006 1803 5061 tristitia
1833 5007 2177 5074 c0ncidente,

2286 4554 2793 4624 Χριστομιμήτωςς
2851 4549 2928 4611 ὡς
2967 4550 2996 4601 ό
3038 4545 3369 4616 θϋδώρητος
3409 4547 3612 4604 ἐκεῖνος
3658 4539 3868 4610 ποιμὴν

2287 4644 2381 4697 καὶ
2419 4639 2767 4702 διδάσκαλοςς
2812 4637 2924 4690 Καὶ
2964 4636 3016 4688 τί
3042 4635 3217 4688 δεῖτὰ
3264 4633 3434 4688 πολλὰ
3469 4630 3562 4684 τοῦ
3592 4630 3864 4700 μακαρξου

2289 4733 2385 4788 καὶ
2426 4732 2755 4800 ἀξιαγάστου
2810 4727 3205 4798 ἐκτραγῳδεῖν,
3252 4725 3336 4794 ἐφ’
3378 4718 3458 4786 οἷς
3501 4723 3594 4775 καὶ
3630 4720 3865 4792 μάλιστα

2287 4827 2386 4897 τὴν
2433 4824 2636 4894 ζημίαν
2672 4821 2946 4892 ἀφόρητον
2989 4820 3255 4888 ὑπάρχειν
3286 4814 3607 4884 λογίζεσθες
3645 4813 3757 4866 οὐδ’
3799 4813 3862 4865 ἂν

2287 4917 2574 4987 ἐπιστολῆς
2606 4917 2804 4987 μέτρον
2830 4913 3172 4978 ὑποδέξαιτο·
3198 4911 3293 4964 καὶ
3327 4910 3522 4975 ἄλλως,
3547 4909 3649 4962 οὑκ
3677 4907 3860 4960 εὖνιαι⁹

2289 5028 2382 5084 ρον
2423 5010 2837 5083 ἁριστευμάτων
2869 5007 3048 5078 πλήθη
3088 5005 3166 5076 τῷ
3196 5006 3488 5076 γράμματι
3534 5004 3853 5075 προσάγειν,

678 5129 702 5162 ⁸
729 5132 873 5187 Psal.
913 5146 1025 5196 ut,
1067 5134 1156 5190 l4.
1231 5135 1253 5167 '
1289 5135 1436 5192 Psal.
1472 5154 1715 5204 Lxxxvn,
1747 5139 1801 5196 5.
1876 5141 1899 5174 ⁸
1935 5141 2082 5196 Psal.
2122 5157 2189 5208 cn,

2361 5147 2380 5178 "
2410 5145 2556 5201 Psal.
2585 5160 2736 5210 xcm,
2770 5145 2857 5199 Π.
2897 5144 2919 5176 ⁸
2959 5144 3106 5199 Psal.
3135 5159 3211 5209 cr,
3245 5143 3300 5198 7.
3370 5143 3392 5174 '
3419 5141 3438 5195 Ι
3467 5141 3594 5196 Cor.
3639 5158 3736 5206 ιιι,
3767 5140 3851 5195 26.

2115 5256 2347 5316 NOTAE.

683 5364 1008 5442 (6)__Sumus
1077 5368 1334 5442 destituti.
1391 5370 1775 5442 ἐξηπορήμεθα
1829 5391 1844 5428 :
1895 5373 2189 5442 apostolica

610 5450 714 5513 v0}
764 5435 970 5513 l|_Cor.
1019 5453 1090 5513 ιν,
1149 5440 1361 5513 habens
1411 5435 1736 5507 empliasim,
1801 5452 1860 5498 ut
1919 5435 2190 5513 signiticet

609 5505 756 5581 velut
810 5507 1250 5581 desperationem
1313 5505 1563 5564 vincente
1624 5528 1849 5581 prorsus
1910 5505 2070 5568 tailio
2134 5525 2189 5569 et

610 5577 881 5650 ansietate
939 5580 1340 5650 ἀπορούμενοι,
1401 5577 1637 5650 ἱηψιὶι,’
1671 5583 1783 5635 ἀλλ’
1816 5585 1917 5636 οὑκ
1985 5583 2186 5649 ἐξαπο-

615 5644 904 5726 ρούμενοις
940 5644 1095 5716 quasi
1122 5644 1328 5726 dicat:
1367 5644 1524 5705 on-ii
1567 5644 1784 5722 quidem
1809 5694 1824 5716 ,
1865 5663 1920 5708 at
1956 5644 2065 5708 non
2111 5657 2184 5710 ita

613 5725 672 5769 ut
702 5720 948 5772 anxietas
985 5721 1210 5774 omnino
1243 5720 1456 5788 vincat,
1497 5738 1560 5779 ac
1589 5720 1757 5790 velut,
1811 5728 1863 5780 in
1922 5726 2180 5794 despera-

2288 5375 2453 5430 tionis
2483 5375 2801 5428 barathrum
2830 5372 3091 5443 impellat.
3121 5370 3335 5426 Erasin.
3368 5369 3718 5443 Laboramus,
3745 5369 3852 5443 sed,

2285 5456 2416 5510 etc.,
2445 5446 2591 5498 velut
2619 5445 2686 5497 de
2735 5441 2921 5497 rerum
2960 5443 3182 5510 penuria
3240 5444 3495 5510 loquatur
3540 5441 3852 5507 Apostolus,

2285 5509 2428 5586 quod
2472 5517 2655 5571 minus
2683 5527 2868 5582 aptum
2899 5509 3136 5567 videtur.
3185 5513 3371 5586 Maluit.
3422 5509 3577 5586 Vulg.
3625 5511 3854 5586 retinere

2283 5581 2470 5640 vocem
2518 5581 2788 5648 Graecam,
2842 5600 2906 5638 ac
2947 5601 3047 5639 ceu
3094 5600 3158 5638 ex
3217 5601 3278 5636 ca
3333 5583 3580 5635 Latinam
3634 5581 3852 5650 lingere,

2281 5671 2392 5727 quo
2421 5673 2518 5720 sua
2561 5657 2638 5710 illi
2669 5655 2974 5725 amplitudo
3003 5659 3344 5727 consisteret.
3371 5653 3718 5722 Aporiamur,
3745 5657 3854 5716 sed,

2287 5726 2393 5783 etc.
2420 5727 2584 5782 Plane
2617 5737 2797 5782 tamen
2833 5726 3123 5782 obscurius
3159 5736 3263 5782 est.
