  <div class='ocr_page' id='page_1' title='image "/cluster/home/n/w/nwhite01/storage/ocr_20150623/99/hvd.32044024464356/924.png"; bbox 0 0 4122 6382; ppageno 0'>
   <div class='ocr_carea' id='block_1_1' title="bbox 217 281 412 347">
    <p class='ocr_par' dir='ltr' id='par_1_1' title="bbox 217 281 412 347">
     <span class='ocr_line' id='line_1_1' title="bbox 217 281 412 347; baseline 0.005 -3"><span class='ocrx_word' id='word_1_1' title='bbox 217 281 255 344; x_wconf 79' lang='lat'><strong>1</strong></span> <span class='ocrx_word' id='word_1_2' title='bbox 267 283 412 347; x_wconf 82' lang='lat'><strong>833</strong></span> 
     </span>
    </p>
   </div>
   <div class='ocr_carea' id='block_1_2' title="bbox 1244 281 2510 358">
    <p class='ocr_par' dir='ltr' id='par_1_2' title="bbox 1244 281 2510 358">
     <span class='ocr_line' id='line_1_2' title="bbox 1244 281 2510 358; baseline 0.005 -8"><span class='ocrx_word' id='word_1_3' title='bbox 1244 281 1342 350; x_wconf 85' lang='lat' dir='ltr'><strong>DE</strong></span> <span class='ocrx_word' id='word_1_4' title='bbox 1375 289 1607 352; x_wconf 88' lang='lat' dir='ltr'>OBITU</span> <span class='ocrx_word' id='word_1_5' title='bbox 1651 293 1691 352; x_wconf 93' lang='lat' dir='ltr'><strong>S</strong></span> <span class='ocrx_word' id='word_1_6' title='bbox 1747 287 2510 358; x_wconf 58' lang='lat' dir='ltr'><strong>TIIEODORISTUDITJE</strong></span> 
     </span>
    </p>
   </div>
   <div class='ocr_carea' id='block_1_3' title="bbox 3409 302 3546 374">
    <p class='ocr_par' dir='ltr' id='par_1_3' title="bbox 3409 302 3546 374">
     <span class='ocr_line' id='line_1_3' title="bbox 3409 302 3546 374; baseline 0.044 -6"><span class='ocrx_word' id='word_1_7' title='bbox 3409 302 3546 374; x_wconf 63' lang='lat' dir='ltr'><strong>183i</strong></span> 
     </span>
    </p>
   </div>
   <div class='ocr_carea' id='block_1_4' title="bbox 201 395 1860 480">
    <p class='ocr_par' dir='ltr' id='par_1_4' title="bbox 201 395 1857 477">
     <span class='ocr_line' id='line_1_4' title="bbox 201 395 1857 477; baseline 0.005 -28"><span class='ocrx_word' id='word_1_8' title='bbox 201 395 438 461; x_wconf 74' lang='grc' dir='ltr'><strong>οὕτως</strong></span> <span class='ocrx_word' id='word_1_9' title='bbox 484 395 642 466; x_wconf 88' lang='grc' dir='ltr'><strong>ήμῶν</strong></span> <span class='ocrx_word' id='word_1_10' title='bbox 670 395 770 468; x_wconf 81' lang='grc' dir='ltr'><strong>τῆς</strong></span> <span class='ocrx_word' id='word_1_11' title='bbox 795 399 1059 470; x_wconf 80' lang='grc' dir='ltr'><strong>ταπεινῆς</strong></span> <span class='ocrx_word' id='word_1_12' title='bbox 1085 399 1263 472; x_wconf 73' lang='grc' dir='ltr'><strong>ψυχῆς</strong></span> <span class='ocrx_word' id='word_1_13' title='bbox 1290 405 1760 474; x_wconf 81' lang='grc' dir='ltr'><strong>συμπεπτωκυιας</strong></span> <span class='ocrx_word' id='word_1_14' title='bbox 1789 408 1857 477; x_wconf 76' lang='grc' dir='ltr'><strong>τῇ</strong></span> 
     </span>
    </p>
   </div>
   <div class='ocr_carea' id='block_1_5' title="bbox 1964 395 3544 480">
    <p class='ocr_par' dir='ltr' id='par_1_5' title="bbox 1964 407 3544 480">
     <span class='ocr_line' id='line_1_5' title="bbox 1964 407 3544 480; baseline 0.009 -21"><span class='ocrx_word' id='word_1_15' title='bbox 1964 407 2337 478; x_wconf 90' lang='lat' dir='ltr'><strong>importunum</strong></span> <span class='ocrx_word' id='word_1_16' title='bbox 2365 409 2437 464; x_wconf 91' lang='lat' dir='ltr'><strong>sit</strong></span> <span class='ocrx_word' id='word_1_17' title='bbox 2461 407 2616 480; x_wconf 89' lang='lat' dir='ltr'><strong>plura</strong></span> <span class='ocrx_word' id='word_1_18' title='bbox 2635 407 2739 464; x_wconf 83' lang='lat' dir='ltr'><strong>viri</strong></span> <span class='ocrx_word' id='word_1_19' title='bbox 2775 407 3022 466; x_wconf 73' lang='lat' dir='ltr'><strong>facinora</strong></span> <span class='ocrx_word' id='word_1_20' title='bbox 3057 411 3252 469; x_wconf 86' lang='lat' dir='ltr'><strong>litteris</strong></span> <span class='ocrx_word' id='word_1_21' title='bbox 3284 412 3544 474; x_wconf 73' lang='lat' dir='ltr'><strong>inserere°</strong></span> 
     </span>
    </p>
   </div>
   <div class='ocr_carea' id='block_1_6' title="bbox 205 488 1856 568">
    <p class='ocr_par' dir='ltr' id='par_1_6' title="bbox 205 488 1856 568">
     <span class='ocr_line' id='line_1_6' title="bbox 205 488 1856 568; baseline 0.005 -26"><span class='ocrx_word' id='word_1_22' title='bbox 205 489 429 561; x_wconf 81' lang='grc' dir='ltr'><strong>λύπῃ.</strong></span> <span class='ocrx_word' id='word_1_23' title='bbox 470 489 541 542; x_wconf 85' lang='grc' dir='ltr'><strong>Τί</strong></span> <span class='ocrx_word' id='word_1_24' title='bbox 573 488 683 560; x_wconf 76' lang='grc' dir='ltr'><strong>γὰρ</strong></span> <span class='ocrx_word' id='word_1_25' title='bbox 704 489 813 544; x_wconf 92' lang='grc' dir='ltr'><strong>τῶν</strong></span> <span class='ocrx_word' id='word_1_26' title='bbox 835 492 1043 546; x_wconf 69' lang='grc' dir='ltr'><strong>ἐκείνου</strong></span> <span class='ocrx_word' id='word_1_27' title='bbox 1072 492 1335 556; x_wconf 80' lang='grc' dir='ltr'><strong>τοιοῦτον,</strong></span> <span class='ocrx_word' id='word_1_28' title='bbox 1366 489 1478 549; x_wconf 74' lang='grc' dir='ltr'><strong>οἷον</strong></span> <span class='ocrx_word' id='word_1_29' title='bbox 1507 496 1540 568; x_wconf 81' lang='grc' dir='ltr'>ἢ</span> <span class='ocrx_word' id='word_1_30' title='bbox 1578 497 1679 568; x_wconf 86' lang='grc' dir='ltr'><strong>τῆς</strong></span> <span class='ocrx_word' id='word_1_31' title='bbox 1717 497 1856 568; x_wconf 75' lang='grc' dir='ltr'><strong>μνήο</strong></span> 
     </span>
    </p>
   </div>
   <div class='ocr_carea' id='block_1_7' title="bbox 215 577 1853 657">
    <p class='ocr_par' dir='ltr' id='par_1_7' title="bbox 215 577 1853 657">
     <span class='ocr_line' id='line_1_7' title="bbox 215 577 1853 657; baseline 0.005 -24"><span class='ocrx_word' id='word_1_32' title='bbox 215 596 360 649; x_wconf 82' lang='grc' dir='ltr'><strong>μης</strong></span> <span class='ocrx_word' id='word_1_33' title='bbox 396 577 568 649; x_wconf 81' lang='grc' dir='ltr'><strong>ἡμῶν</strong></span> <span class='ocrx_word' id='word_1_34' title='bbox 598 579 874 645; x_wconf 74' lang='grc' dir='ltr'><strong>ἐκπεσεῖν,</strong></span> <span class='ocrx_word' id='word_1_35' title='bbox 906 580 940 652; x_wconf 83' lang='grc' dir='ltr'>ἢ</span> <span class='ocrx_word' id='word_1_36' title='bbox 968 583 1277 636; x_wconf 79' lang='grc' dir='ltr'><strong>σιωπᾶσθαι</strong></span> <span class='ocrx_word' id='word_1_37' title='bbox 1313 584 1462 651; x_wconf 77' lang='grc' dir='ltr'><strong>ἄξιον</strong></span> <span class='ocrx_word' id='word_1_38' title='bbox 1500 587 1853 657; x_wconf 81' lang='grc' dir='ltr'><strong>νομισθῆναι;</strong></span> 
     </span>
    </p>
   </div>
   <div class='ocr_carea' id='block_1_8' title="bbox 229 670 1856 750">
    <p class='ocr_par' dir='ltr' id='par_1_8' title="bbox 229 670 1856 750">
     <span class='ocr_line' id='line_1_8' title="bbox 229 670 1856 750; baseline 0.006 -27"><span class='ocrx_word' id='word_1_39' title='bbox 229 671 414 723; x_wconf 76' lang='grc' dir='ltr'><strong>Ἀλλ’</strong></span> <span class='ocrx_word' id='word_1_40' title='bbox 448 670 603 742; x_wconf 81' lang='grc' dir='ltr'><strong>οἴμοι</strong></span> <span class='ocrx_word' id='word_1_41' title='bbox 635 671 715 742; x_wconf 80' lang='grc' dir='ltr'><strong>τῷ</strong></span> <span class='ocrx_word' id='word_1_42' title='bbox 743 673 1013 744; x_wconf 77' lang='grc' dir='ltr'><strong>ταπεινῷι</strong></span> <span class='ocrx_word' id='word_1_43' title='bbox 1050 673 1261 730; x_wconf 73' lang='grc' dir='ltr'><strong>ἔνδοθεν</strong></span> <span class='ocrx_word' id='word_1_44' title='bbox 1283 678 1373 746; x_wconf 81' lang='grc' dir='ltr'><strong>ὑφ’</strong></span> <span class='ocrx_word' id='word_1_45' title='bbox 1407 678 1601 750; x_wconf 85' lang='grc' dir='ltr'><strong>ήδονῆς</strong></span> <span class='ocrx_word' id='word_1_46' title='bbox 1629 679 1739 733; x_wconf 90' lang='grc' dir='ltr'><strong>τῶν</strong></span> <span class='ocrx_word' id='word_1_47' title='bbox 1765 679 1856 732; x_wconf 83' lang='grc' dir='ltr'><strong>λε-</strong></span> 
     </span>
    </p>
   </div>
   <div class='ocr_carea' id='block_1_9' title="bbox 214 761 1858 842">
    <p class='ocr_par' dir='ltr' id='par_1_9' title="bbox 214 761 1858 842">
     <span class='ocr_line' id='line_1_9' title="bbox 214 761 1858 842; baseline 0.005 -27"><span class='ocrx_word' id='word_1_48' title='bbox 214 761 513 832; x_wconf 51' lang='grc' dir='ltr'><strong>χθέντων</strong></span> <span class='ocrx_word' id='word_1_49' title='bbox 562 762 906 833; x_wconf 87' lang='grc' dir='ltr'><strong>κινούμενος,</strong></span> <span class='ocrx_word' id='word_1_50' title='bbox 953 764 1154 836; x_wconf 83' lang='grc' dir='ltr'><strong>λέληθα</strong></span> <span class='ocrx_word' id='word_1_51' title='bbox 1189 768 1426 837; x_wconf 68' lang='grc' dir='ltr'><strong>ἐμαυτὸν</strong></span> <span class='ocrx_word' id='word_1_52' title='bbox 1465 771 1858 842; x_wconf 84' lang='grc' dir='ltr'><strong>ὲμφιλοχωρῶν</strong></span> 
     </span>
    </p>
   </div>
   <div class='ocr_carea' id='block_1_10' title="bbox 213 851 1857 930">
    <p class='ocr_par' dir='ltr' id='par_1_10' title="bbox 213 851 1857 930">
     <span class='ocr_line' id='line_1_10' title="bbox 213 851 1857 930; baseline 0.006 -26"><span class='ocrx_word' id='word_1_53' title='bbox 213 852 317 924; x_wconf 79' lang='grc' dir='ltr'><strong>τῷ</strong></span> <span class='ocrx_word' id='word_1_54' title='bbox 361 852 565 918; x_wconf 81' lang='grc' dir='ltr'><strong>πάθει,</strong></span> <span class='ocrx_word' id='word_1_55' title='bbox 597 854 693 908; x_wconf 75' lang='grc' dir='ltr'><strong>καὶ</strong></span> <span class='ocrx_word' id='word_1_56' title='bbox 723 851 1167 925; x_wconf 78' lang='grc' dir='ltr'><strong>ὑπομιμνήσκειν</strong></span> <span class='ocrx_word' id='word_1_57' title='bbox 1191 856 1336 926; x_wconf 80' lang='grc' dir='ltr'><strong>ὑμᾶς</strong></span> <span class='ocrx_word' id='word_1_58' title='bbox 1364 858 1434 912; x_wconf 81' lang='grc' dir='ltr'><strong>τὰ</strong></span> <span class='ocrx_word' id='word_1_59' title='bbox 1456 859 1551 912; x_wconf 80' lang='grc' dir='ltr'><strong>τοῦ</strong></span> <span class='ocrx_word' id='word_1_60' title='bbox 1583 860 1857 930; x_wconf 78' lang='grc' dir='ltr'><strong>μακαρίου</strong></span> 
     </span>
    </p>
   </div>
   <div class='ocr_carea' id='block_1_11' title="bbox 221 941 1854 1020">
    <p class='ocr_par' dir='ltr' id='par_1_11' title="bbox 221 941 1854 1020">
     <span class='ocr_line' id='line_1_11' title="bbox 221 941 1854 1020; baseline 0.008 -26"><span class='ocrx_word' id='word_1_61' title='bbox 221 941 399 1014; x_wconf 76' lang='grc' dir='ltr'><strong>πρὸς</strong></span> <span class='ocrx_word' id='word_1_62' title='bbox 459 943 616 1013; x_wconf 74' lang='grc' dir='ltr'><strong>ἡμᾶς</strong></span> <span class='ocrx_word' id='word_1_63' title='bbox 664 943 1140 1015; x_wconf 81' lang='grc' dir='ltr'><strong>πρακτικεύματα,</strong></span> <span class='ocrx_word' id='word_1_64' title='bbox 1178 949 1612 1020; x_wconf 82' lang='grc' dir='ltr'><strong>παρηγορεῖσθαι</strong></span> <span class='ocrx_word' id='word_1_65' title='bbox 1645 953 1854 1007; x_wconf 70' lang='grc' dir='ltr'><strong>δοκῶνο</strong></span> 
     </span>
    </p>
   </div>
   <div class='ocr_carea' id='block_1_12' title="bbox 219 1032 1856 1114">
    <p class='ocr_par' dir='ltr' id='par_1_12' title="bbox 219 1032 1856 1114">
     <span class='ocr_line' id='line_1_12' title="bbox 219 1032 1856 1114; baseline 0.007 -28"><span class='ocrx_word' id='word_1_66' title='bbox 219 1032 580 1087; x_wconf 83' lang='grc' dir='ltr'><strong>τούναντίον</strong></span> <span class='ocrx_word' id='word_1_67' title='bbox 615 1033 896 1106; x_wconf 70' lang='grc' dir='ltr'><strong>δπικνήθω</strong></span> <span class='ocrx_word' id='word_1_68' title='bbox 936 1035 1091 1105; x_wconf 80' lang='grc' dir='ltr'><strong>ὑμῶν</strong></span> <span class='ocrx_word' id='word_1_69' title='bbox 1154 1037 1216 1090; x_wconf 83' lang='grc' dir='ltr'><strong>τὺ</strong></span> <span class='ocrx_word' id='word_1_70' title='bbox 1262 1039 1362 1108; x_wconf 83' lang='grc' dir='ltr'><strong>τῆς</strong></span> <span class='ocrx_word' id='word_1_71' title='bbox 1395 1041 1574 1111; x_wconf 83' lang='grc' dir='ltr'><strong>ψυχῆς</strong></span> <span class='ocrx_word' id='word_1_72' title='bbox 1613 1043 1856 1114; x_wconf 80' lang='grc' dir='ltr'><strong>τραῦμα,</strong></span> 
     </span>
    </p>
   </div>
   <div class='ocr_carea' id='block_1_13' title="bbox 223 1124 1862 1199">
    <p class='ocr_par' dir='ltr' id='par_1_13' title="bbox 223 1124 1862 1199">
     <span class='ocr_line' id='line_1_13' title="bbox 223 1124 1862 1199; baseline 0.006 -21"><span class='ocrx_word' id='word_1_73' title='bbox 223 1125 342 1180; x_wconf 72' lang='grc' dir='ltr'><strong>καὶ</strong></span> <span class='ocrx_word' id='word_1_74' title='bbox 378 1125 622 1179; x_wconf 78' lang='grc' dir='ltr'><strong>ἁνάπτω</strong></span> <span class='ocrx_word' id='word_1_75' title='bbox 645 1124 744 1193; x_wconf 71' lang='grc' dir='ltr'><strong>τὴν</strong></span> <span class='ocrx_word' id='word_1_76' title='bbox 771 1129 876 1197; x_wconf 86' lang='grc' dir='ltr'><strong>τῆς</strong></span> <span class='ocrx_word' id='word_1_77' title='bbox 906 1126 1135 1198; x_wconf 77' lang='grc' dir='ltr'><strong>καρδίας</strong></span> <span class='ocrx_word' id='word_1_78' title='bbox 1159 1128 1352 1199; x_wconf 83' lang='grc' dir='ltr'>φλόγα,</span> <span class='ocrx_word' id='word_1_79' title='bbox 1377 1133 1471 1185; x_wconf 77' lang='grc' dir='ltr'><strong>καὶ</strong></span> <span class='ocrx_word' id='word_1_80' title='bbox 1489 1130 1637 1198; x_wconf 75' lang='grc' dir='ltr'><strong>αὔξω</strong></span> <span class='ocrx_word' id='word_1_81' title='bbox 1664 1133 1726 1186; x_wconf 84' lang='grc' dir='ltr'><strong>τὸ</strong></span> <span class='ocrx_word' id='word_1_82' title='bbox 1754 1135 1862 1190; x_wconf 79' lang='grc' dir='ltr'><strong>πά-</strong></span> 
     </span>
    </p>
   </div>
   <div class='ocr_carea' id='block_1_14' title="bbox 224 1217 1858 1297">
    <p class='ocr_par' dir='ltr' id='par_1_14' title="bbox 224 1217 1858 1297">
     <span class='ocr_line' id='line_1_14' title="bbox 224 1217 1858 1297; baseline 0.007 -26"><span class='ocrx_word' id='word_1_83' title='bbox 224 1217 366 1282; x_wconf 84' lang='grc' dir='ltr'><strong>θος,</strong></span> <span class='ocrx_word' id='word_1_84' title='bbox 405 1219 510 1273; x_wconf 78' lang='grc' dir='ltr'><strong>καὶ</strong></span> <span class='ocrx_word' id='word_1_85' title='bbox 533 1217 786 1288; x_wconf 84' lang='grc' dir='ltr'><strong>δακρύων</strong></span> <span class='ocrx_word' id='word_1_86' title='bbox 813 1217 970 1289; x_wconf 79' lang='grc' dir='ltr'><strong>ὑμῶν</strong></span> <span class='ocrx_word' id='word_1_87' title='bbox 993 1221 1132 1293; x_wconf 85' lang='grc' dir='ltr'><strong>τάχα</strong></span> <span class='ocrx_word' id='word_1_88' title='bbox 1157 1222 1285 1288; x_wconf 80' lang='grc' dir='ltr'><strong>τοὺς</strong></span> <span class='ocrx_word' id='word_1_89' title='bbox 1307 1223 1634 1293; x_wconf 79' lang='grc' dir='ltr'><strong>ἀδελφικοὺς</strong></span> <span class='ocrx_word' id='word_1_90' title='bbox 1659 1227 1858 1297; x_wconf 76' lang='grc' dir='ltr'><strong>ὀφθαλ-</strong></span> 
     </span>
    </p>
   </div>
   <div class='ocr_carea' id='block_1_15' title="bbox 234 1311 768 1382">
    <p class='ocr_par' dir='ltr' id='par_1_15' title="bbox 234 1311 768 1382">
     <span class='ocr_line' id='line_1_15' title="bbox 234 1311 768 1382; baseline 0 -18"><span class='ocrx_word' id='word_1_91' title='bbox 234 1311 398 1380; x_wconf 76' lang='grc' dir='ltr'><strong>μοὺς</strong></span> <span class='ocrx_word' id='word_1_92' title='bbox 431 1311 660 1380; x_wconf 82' lang='grc' dir='ltr'><strong>ἀποπλη</strong></span> <span class='ocrx_word' id='word_1_93' title='bbox 671 1314 768 1382; x_wconf 87' lang='grc' dir='ltr'><strong>ρῶ.</strong></span> 
     </span>
    </p>
   </div>
   <div class='ocr_carea' id='block_1_16' title="bbox 325 1401 1858 1484">
    <p class='ocr_par' dir='ltr' id='par_1_16' title="bbox 325 1401 1858 1484">
     <span class='ocr_line' id='line_1_16' title="bbox 325 1401 1858 1484; baseline 0.008 -28"><span class='ocrx_word' id='word_1_94' title='bbox 325 1404 512 1458; x_wconf 81' lang='grc' dir='ltr'><strong>Ἀλλά</strong></span> <span class='ocrx_word' id='word_1_95' title='bbox 543 1423 633 1476; x_wconf 94' lang='grc' dir='ltr'><strong>μοι</strong></span> <span class='ocrx_word' id='word_1_96' title='bbox 660 1405 821 1479; x_wconf 79' lang='grc' dir='ltr'><strong>δεῦρο</strong></span> <span class='ocrx_word' id='word_1_97' title='bbox 842 1445 862 1475; x_wconf 92' lang='grc'><strong>,</strong></span> <span class='ocrx_word' id='word_1_98' title='bbox 906 1401 951 1463; x_wconf 82' lang='grc' dir='ltr'><strong>ὧ</strong></span> <span class='ocrx_word' id='word_1_99' title='bbox 1009 1406 1271 1482; x_wconf 81' lang='grc' dir='ltr'><strong>Πατέρων</strong></span> <span class='ocrx_word' id='word_1_100' title='bbox 1313 1411 1548 1484; x_wconf 77' lang='grc' dir='ltr'><strong>ἄριστοι,</strong></span> <span class='ocrx_word' id='word_1_101' title='bbox 1579 1413 1674 1468; x_wconf 81' lang='grc' dir='ltr'><strong>καὶ</strong></span> <span class='ocrx_word' id='word_1_102' title='bbox 1703 1413 1858 1468; x_wconf 66' lang='grc' dir='ltr'><strong>ἁδελά</strong></span> 
     </span>
    </p>
   </div>
   <div class='ocr_carea' id='block_1_17' title="bbox 229 1497 1857 1579">
    <p class='ocr_par' dir='ltr' id='par_1_17' title="bbox 229 1497 1857 1579">
     <span class='ocr_line' id='line_1_17' title="bbox 229 1497 1857 1579; baseline 0.009 -30"><span class='ocrx_word' id='word_1_103' title='bbox 229 1497 369 1564; x_wconf 84' lang='grc' dir='ltr'><strong>φῶν</strong></span> <span class='ocrx_word' id='word_1_104' title='bbox 430 1497 829 1568; x_wconf 83' lang='grc' dir='ltr'><strong>γνησιώτατοι·</strong></span> <span class='ocrx_word' id='word_1_105' title='bbox 878 1503 954 1572; x_wconf 85' lang='grc' dir='ltr'><strong>μὴ</strong></span> <span class='ocrx_word' id='word_1_106' title='bbox 1004 1503 1168 1576; x_wconf 82' lang='grc' dir='ltr'><strong>μέχρι</strong></span> <span class='ocrx_word' id='word_1_107' title='bbox 1208 1503 1415 1559; x_wconf 90' lang='grc' dir='ltr'><strong>τούτων</strong></span> <span class='ocrx_word' id='word_1_108' title='bbox 1458 1507 1552 1559; x_wconf 73' lang='grc' dir='ltr'><strong>τὸν</strong></span> <span class='ocrx_word' id='word_1_109' title='bbox 1597 1507 1857 1579; x_wconf 84' lang='grc' dir='ltr'><strong>λογισμὸν</strong></span> 
     </span>
    </p>
   </div>
   <div class='ocr_carea' id='block_1_18' title="bbox 231 1589 1854 1665">
    <p class='ocr_par' dir='ltr' id='par_1_18' title="bbox 231 1589 1854 1665">
     <span class='ocr_line' id='line_1_18' title="bbox 231 1589 1854 1665; baseline 0.006 -24"><span class='ocrx_word' id='word_1_110' title='bbox 231 1589 577 1660; x_wconf 81' lang='grc' dir='ltr'><strong>στήσωμεν,</strong></span> <span class='ocrx_word' id='word_1_111' title='bbox 615 1591 749 1662; x_wconf 76' lang='grc' dir='ltr'><strong>μηδὲ</strong></span> <span class='ocrx_word' id='word_1_112' title='bbox 775 1593 1348 1665; x_wconf 80' lang='grc' dir='ltr'><strong>καταμαλακισθῶμεν</strong></span> <span class='ocrx_word' id='word_1_113' title='bbox 1389 1598 1485 1650; x_wconf 78' lang='grc' dir='ltr'><strong>καὶ</strong></span> <span class='ocrx_word' id='word_1_114' title='bbox 1529 1599 1854 1653; x_wconf 81' lang='grc' dir='ltr'><strong>καταπέσω-</strong></span> 
     </span>
    </p>
   </div>
   <div class='ocr_carea' id='block_1_19' title="bbox 1957 499 3543 571">
    <p class='ocr_par' dir='ltr' id='par_1_19' title="bbox 1957 499 3543 571">
     <span class='ocr_line' id='line_1_19' title="bbox 1957 499 3543 571; baseline 0.009 -20"><span class='ocrx_word' id='word_1_115' title='bbox 1957 499 2097 564; x_wconf 84' lang='lat' dir='ltr'><strong>Quid</strong></span> <span class='ocrx_word' id='word_1_116' title='bbox 2135 500 2284 555; x_wconf 90' lang='lat' dir='ltr'><strong>enim</strong></span> <span class='ocrx_word' id='word_1_117' title='bbox 2314 515 2404 557; x_wconf 90' lang='lat' dir='ltr'><strong>res</strong></span> <span class='ocrx_word' id='word_1_118' title='bbox 2428 501 2549 571; x_wconf 87' lang='lat' dir='ltr'><strong>ejus</strong></span> <span class='ocrx_word' id='word_1_119' title='bbox 2592 501 2698 558; x_wconf 88' lang='lat' dir='ltr'><strong>tale</strong></span> <span class='ocrx_word' id='word_1_120' title='bbox 2738 502 2966 569; x_wconf 90' lang='lat' dir='ltr'><strong>habent,</strong></span> <span class='ocrx_word' id='word_1_121' title='bbox 3001 513 3063 559; x_wconf 91' lang='lat' dir='ltr'><strong>ut</strong></span> <span class='ocrx_word' id='word_1_122' title='bbox 3096 505 3180 560; x_wconf 91' lang='lat' dir='ltr'><strong>vel</strong></span> <span class='ocrx_word' id='word_1_123' title='bbox 3225 507 3543 566; x_wconf 82' lang='lat' dir='ltr'><strong>excisurum</strong></span> 
     </span>
    </p>
   </div>
   <div class='ocr_carea' id='block_1_20' title="bbox 1958 592 3545 666">
    <p class='ocr_par' dir='ltr' id='par_1_20' title="bbox 1958 592 3545 666">
     <span class='ocr_line' id='line_1_20' title="bbox 1958 592 3545 666; baseline 0.006 -22"><span class='ocrx_word' id='word_1_124' title='bbox 1958 592 2246 656; x_wconf 87' lang='lat' dir='ltr'><strong>memoria,</strong></span> <span class='ocrx_word' id='word_1_125' title='bbox 2278 593 2363 648; x_wconf 90' lang='lat' dir='ltr'><strong>vel</strong></span> <span class='ocrx_word' id='word_1_126' title='bbox 2393 594 2620 664; x_wconf 78' lang='lat' dir='ltr'><strong>dignum</strong></span> <span class='ocrx_word' id='word_1_127' title='bbox 2651 595 2800 666; x_wconf 93' lang='lat' dir='ltr'><strong>quod</strong></span> <span class='ocrx_word' id='word_1_128' title='bbox 2830 605 3100 662; x_wconf 73' lang='lat' dir='ltr'><strong>taceatur,</strong></span> <span class='ocrx_word' id='word_1_129' title='bbox 3139 597 3332 654; x_wconf 86' lang='lat' dir='ltr'><strong>debeat</strong></span> <span class='ocrx_word' id='word_1_130' title='bbox 3359 601 3545 658; x_wconf 60' lang='lat' dir='ltr'><strong>existi.</strong></span> 
     </span>
    </p>
   </div>
   <div class='ocr_carea' id='block_1_21' title="bbox 1960 682 3541 760">
    <p class='ocr_par' dir='ltr' id='par_1_21' title="bbox 1960 682 3541 760">
     <span class='ocr_line' id='line_1_21' title="bbox 1960 682 3541 760; baseline 0.009 -25"><span class='ocrx_word' id='word_1_131' title='bbox 1960 682 2142 737; x_wconf 82' lang='lat' dir='ltr'><strong>mari?</strong></span> <span class='ocrx_word' id='word_1_132' title='bbox 2195 683 2302 739; x_wconf 87' lang='lat' dir='ltr'><strong>Sed</strong></span> <span class='ocrx_word' id='word_1_133' title='bbox 2342 685 2448 740; x_wconf 90' lang='lat' dir='ltr'><strong>heu</strong></span> <span class='ocrx_word' id='word_1_134' title='bbox 2510 700 2600 742; x_wconf 89' lang='lat' dir='ltr'><strong>me</strong></span> <span class='ocrx_word' id='word_1_135' title='bbox 2654 687 2954 743; x_wconf 78' lang='lat' dir='ltr'><strong>humilem!</strong></span> <span class='ocrx_word' id='word_1_136' title='bbox 2997 689 3148 746; x_wconf 88' lang='lat' dir='ltr'><strong>lntus</strong></span> <span class='ocrx_word' id='word_1_137' title='bbox 3201 691 3541 760; x_wconf 86' lang='lat' dir='ltr'><strong>stimulante,</strong></span> 
     </span>
    </p>
   </div>
   <div class='ocr_carea' id='block_1_22' title="bbox 1959 774 3544 850">
    <p class='ocr_par' dir='ltr' id='par_1_22' title="bbox 1959 774 3544 850">
     <span class='ocr_line' id='line_1_22' title="bbox 1959 774 3544 850; baseline 0.008 -23"><span class='ocrx_word' id='word_1_138' title='bbox 1959 788 2126 842; x_wconf 86' lang='lat' dir='ltr'><strong>quam</strong></span> <span class='ocrx_word' id='word_1_139' title='bbox 2166 774 2305 830; x_wconf 90' lang='lat' dir='ltr'><strong>dicta</strong></span> <span class='ocrx_word' id='word_1_140' title='bbox 2339 775 2672 846; x_wconf 86' lang='lat' dir='ltr'><strong>voluptatem</strong></span> <span class='ocrx_word' id='word_1_141' title='bbox 2699 777 2926 846; x_wconf 86' lang='lat' dir='ltr'><strong>habent,</strong></span> <span class='ocrx_word' id='word_1_142' title='bbox 2977 780 3096 850; x_wconf 89' lang='lat' dir='ltr'><strong>ipse</strong></span> <span class='ocrx_word' id='word_1_143' title='bbox 3145 783 3368 838; x_wconf 88' lang='lat' dir='ltr'><strong>nescius</strong></span> <span class='ocrx_word' id='word_1_144' title='bbox 3395 785 3544 840; x_wconf 88' lang='lat' dir='ltr'><strong>velut</strong></span> 
     </span>
    </p>
   </div>
   <div class='ocr_carea' id='block_1_23' title="bbox 1961 865 3544 942">
    <p class='ocr_par' dir='ltr' id='par_1_23' title="bbox 1961 865 3544 942">
     <span class='ocr_line' id='line_1_23' title="bbox 1961 865 3544 942; baseline 0.007 -23"><span class='ocrx_word' id='word_1_145' title='bbox 1961 865 2103 920; x_wconf 84' lang='lat' dir='ltr'><strong>ultro</strong></span> <span class='ocrx_word' id='word_1_146' title='bbox 2125 866 2300 922; x_wconf 90' lang='lat' dir='ltr'><strong>dolori</strong></span> <span class='ocrx_word' id='word_1_147' title='bbox 2328 867 2628 937; x_wconf 88' lang='lat' dir='ltr'><strong>immoror;</strong></span> <span class='ocrx_word' id='word_1_148' title='bbox 2660 884 2727 926; x_wconf 82' lang='lat' dir='ltr'><strong>ac</strong></span> <span class='ocrx_word' id='word_1_149' title='bbox 2758 872 3100 942; x_wconf 73' lang='lat' dir='ltr'><strong>suggerendo</strong></span> <span class='ocrx_word' id='word_1_150' title='bbox 3137 882 3196 928; x_wconf 90' lang='lat' dir='ltr'><strong>ut</strong></span> <span class='ocrx_word' id='word_1_151' title='bbox 3224 888 3286 929; x_wconf 84' lang='lat' dir='ltr'><strong>se</strong></span> <span class='ocrx_word' id='word_1_152' title='bbox 3308 875 3392 929; x_wconf 88' lang='lat' dir='ltr'><strong>vir</strong></span> <span class='ocrx_word' id='word_1_153' title='bbox 3413 875 3544 930; x_wconf 55' lang='lat' dir='ltr'><strong>bea&#39;o</strong></span> 
     </span>
    </p>
   </div>
   <div class='ocr_carea' id='block_1_24' title="bbox 1960 958 3542 1036">
    <p class='ocr_par' dir='ltr' id='par_1_24' title="bbox 1960 958 3542 1036">
     <span class='ocr_line' id='line_1_24' title="bbox 1960 958 3542 1036; baseline 0.007 -24"><span class='ocrx_word' id='word_1_154' title='bbox 1960 966 2052 1013; x_wconf 90' lang='lat' dir='ltr'><strong>tus</strong></span> <span class='ocrx_word' id='word_1_155' title='bbox 2095 958 2151 1013; x_wconf 92' lang='lat' dir='ltr'><strong>in</strong></span> <span class='ocrx_word' id='word_1_156' title='bbox 2186 974 2291 1016; x_wconf 92' lang='lat' dir='ltr'><strong>nos</strong></span> <span class='ocrx_word' id='word_1_157' title='bbox 2339 961 2587 1030; x_wconf 84' lang='lat' dir='ltr'><strong>haberet,</strong></span> <span class='ocrx_word' id='word_1_158' title='bbox 2633 962 2784 1019; x_wconf 87' lang='lat' dir='ltr'><strong>visus</strong></span> <span class='ocrx_word' id='word_1_159' title='bbox 2823 965 3118 1032; x_wconf 85' lang='lat' dir='ltr'><strong>consolari,</strong></span> <span class='ocrx_word' id='word_1_160' title='bbox 3153 967 3338 1036; x_wconf 88' lang='lat' dir='ltr'><strong>potius</strong></span> <span class='ocrx_word' id='word_1_161' title='bbox 3373 967 3542 1023; x_wconf 80' lang='lat' dir='ltr'><strong>vestri</strong></span> 
     </span>
    </p>
   </div>
   <div class='ocr_carea' id='block_1_25' title="bbox 1957 1049 3542 1126">
    <p class='ocr_par' dir='ltr' id='par_1_25' title="bbox 1957 1049 3542 1126">
     <span class='ocr_line' id='line_1_25' title="bbox 1957 1049 3542 1126; baseline 0.005 -21"><span class='ocrx_word' id='word_1_162' title='bbox 1957 1049 2129 1105; x_wconf 89' lang='lat' dir='ltr'><strong>.animi</strong></span> <span class='ocrx_word' id='word_1_163' title='bbox 2150 1051 2352 1107; x_wconf 89' lang='lat' dir='ltr'><strong>vulnus</strong></span> <span class='ocrx_word' id='word_1_164' title='bbox 2379 1050 2603 1118; x_wconf 81' lang='lat' dir='ltr'><strong>refrico,</strong></span> <span class='ocrx_word' id='word_1_165' title='bbox 2629 1054 2981 1125; x_wconf 85' lang='lat' dir='ltr'><strong>accendoque</strong></span> <span class='ocrx_word' id='word_1_166' title='bbox 3006 1058 3245 1126; x_wconf 85' lang='lat' dir='ltr'><strong>pectoris</strong></span> <span class='ocrx_word' id='word_1_167' title='bbox 3267 1056 3542 1113; x_wconf 81' lang='lat' dir='ltr'><strong>ﬂammam</strong></span> 
     </span>
    </p>
   </div>
   <div class='ocr_carea' id='block_1_26' title="bbox 1961 1143 3544 1221">
    <p class='ocr_par' dir='ltr' id='par_1_26' title="bbox 1961 1143 3544 1221">
     <span class='ocr_line' id='line_1_26' title="bbox 1961 1143 3544 1221; baseline 0.006 -26"><span class='ocrx_word' id='word_1_168' title='bbox 1961 1155 2026 1195; x_wconf 87' lang='lat' dir='ltr'><strong>ac</strong></span> <span class='ocrx_word' id='word_1_169' title='bbox 2054 1156 2231 1210; x_wconf 84' lang='lat' dir='ltr'><strong>augeo</strong></span> <span class='ocrx_word' id='word_1_170' title='bbox 2269 1143 2542 1210; x_wconf 90' lang='lat' dir='ltr'><strong>dolorem,</strong></span> <span class='ocrx_word' id='word_1_171' title='bbox 2584 1143 2808 1216; x_wconf 80' lang='lat' dir='ltr'><strong>forsque</strong></span> <span class='ocrx_word' id='word_1_172' title='bbox 2864 1146 3095 1204; x_wconf 77' lang='lat' dir='ltr'><strong>fratrum</strong></span> <span class='ocrx_word' id='word_1_173' title='bbox 3135 1149 3328 1206; x_wconf 85' lang='lat' dir='ltr'><strong>oculos</strong></span> <span class='ocrx_word' id='word_1_174' title='bbox 3369 1150 3544 1221; x_wconf 79' lang='lat' dir='ltr'><strong>lacry-</strong></span> 
     </span>
    </p>
   </div>
   <div class='ocr_carea' id='block_1_27' title="bbox 1961 1235 2323 1305">
    <p class='ocr_par' dir='ltr' id='par_1_27' title="bbox 1961 1235 2323 1305">
     <span class='ocr_line' id='line_1_27' title="bbox 1961 1235 2323 1305; baseline 0.003 -16"><span class='ocrx_word' id='word_1_175' title='bbox 1961 1235 2068 1289; x_wconf 89' lang='lat' dir='ltr'><strong>mis</strong></span> <span class='ocrx_word' id='word_1_176' title='bbox 2106 1235 2323 1305; x_wconf 88' lang='lat' dir='ltr'><strong>oppleo.</strong></span> 
     </span>
    </p>
   </div>
   <div class='ocr_carea' id='block_1_28' title="bbox 2031 1409 3543 1488">
    <p class='ocr_par' dir='ltr' id='par_1_28' title="bbox 2031 1409 3543 1488">
     <span class='ocr_line' id='line_1_28' title="bbox 2031 1409 3543 1488; baseline 0.008 -24"><span class='ocrx_word' id='word_1_177' title='bbox 2031 1409 2341 1480; x_wconf 80' lang='lat' dir='ltr'><strong>Enimvero,</strong></span> <span class='ocrx_word' id='word_1_178' title='bbox 2374 1414 2562 1470; x_wconf 84' lang='lat' dir='ltr'><strong>adeste</strong></span> <span class='ocrx_word' id='word_1_179' title='bbox 2591 1415 2757 1482; x_wconf 91' lang='lat' dir='ltr'><strong>mihi,</strong></span> <span class='ocrx_word' id='word_1_180' title='bbox 2791 1425 2979 1486; x_wconf 88' lang='lat' dir='ltr'><strong>patres</strong></span> <span class='ocrx_word' id='word_1_181' title='bbox 3007 1417 3221 1488; x_wconf 84' lang='lat' dir='ltr'><strong>Optimi,</strong></span> <span class='ocrx_word' id='word_1_182' title='bbox 3252 1434 3317 1474; x_wconf 90' lang='lat' dir='ltr'><strong>ac</strong></span> <span class='ocrx_word' id='word_1_183' title='bbox 3346 1419 3543 1476; x_wconf 78' lang='lat' dir='ltr'><strong>fratres</strong></span> 
     </span>
    </p>
   </div>
   <div class='ocr_carea' id='block_1_29' title="bbox 1958 1502 3540 1578">
    <p class='ocr_par' dir='ltr' id='par_1_29' title="bbox 1958 1502 3540 1578">
     <span class='ocr_line' id='line_1_29' title="bbox 1958 1502 3540 1578; baseline 0.008 -23"><span class='ocrx_word' id='word_1_184' title='bbox 1958 1502 2321 1560; x_wconf 87' lang='lat' dir='ltr'><strong>sincerissimi</strong></span> <span class='ocrx_word' id='word_1_185' title='bbox 2355 1525 2368 1561; x_wconf 89' lang='lat'><strong>:</strong></span> <span class='ocrx_word' id='word_1_186' title='bbox 2402 1521 2470 1562; x_wconf 89' lang='lat' dir='ltr'><strong>ne</strong></span> <span class='ocrx_word' id='word_1_187' title='bbox 2491 1506 2598 1562; x_wconf 90' lang='lat' dir='ltr'><strong>huc</strong></span> <span class='ocrx_word' id='word_1_188' title='bbox 2623 1521 2799 1578; x_wconf 90' lang='lat' dir='ltr'><strong>usque</strong></span> <span class='ocrx_word' id='word_1_189' title='bbox 2829 1509 3242 1566; x_wconf 86' lang='lat' dir='ltr'><strong>cohibuerimus</strong></span> <span class='ocrx_word' id='word_1_190' title='bbox 3275 1513 3540 1574; x_wconf 88' lang='lat' dir='ltr'><strong>animum.</strong></span> 
     </span>
    </p>
   </div>
   <div class='ocr_carea' id='block_1_30' title="bbox 1958 1593 3544 1660">
    <p class='ocr_par' dir='ltr' id='par_1_30' title="bbox 1958 1593 3544 1660">
     <span class='ocr_line' id='line_1_30' title="bbox 1958 1593 3544 1660; baseline 0.006 -14"><span class='ocrx_word' id='word_1_191' title='bbox 1958 1607 2096 1648; x_wconf 89' lang='lat' dir='ltr'><strong>neve</strong></span> <span class='ocrx_word' id='word_1_192' title='bbox 2123 1593 2491 1660; x_wconf 87' lang='lat' dir='ltr'><strong>emolliamur,</strong></span> <span class='ocrx_word' id='word_1_193' title='bbox 2521 1605 2614 1650; x_wconf 90' lang='lat' dir='ltr'><strong>aut</strong></span> <span class='ocrx_word' id='word_1_194' title='bbox 2656 1596 2847 1653; x_wconf 90' lang='lat' dir='ltr'><strong>dolore</strong></span> <span class='ocrx_word' id='word_1_195' title='bbox 2873 1598 3232 1655; x_wconf 84' lang='lat' dir='ltr'><strong>concidamus</strong></span> <span class='ocrx_word' id='word_1_196' title='bbox 3263 1615 3332 1654; x_wconf 87' lang='lat' dir='ltr'><strong>ne</strong></span> <span class='ocrx_word' id='word_1_197' title='bbox 3357 1608 3414 1655; x_wconf 92' lang='lat' dir='ltr'><strong>et</strong></span> <span class='ocrx_word' id='word_1_198' title='bbox 3443 1617 3544 1656; x_wconf 87' lang='lat' dir='ltr'><strong>nos</strong></span> 
     </span>
    </p>
   </div>
   <div class='ocr_carea' id='block_1_31' title="bbox 239 1682 1860 1765">
    <p class='ocr_par' dir='ltr' id='par_1_31' title="bbox 239 1682 1856 1765">
     <span class='ocr_line' id='line_1_31' title="bbox 239 1682 1856 1765; baseline 0.007 -29"><span class='ocrx_word' id='word_1_199' title='bbox 239 1701 358 1754; x_wconf 84' lang='grc' dir='ltr'><strong>μεν</strong></span> <span class='ocrx_word' id='word_1_200' title='bbox 413 1682 500 1755; x_wconf 80' lang='grc' dir='ltr'><strong>τῷ</strong></span> <span class='ocrx_word' id='word_1_201' title='bbox 545 1685 728 1752; x_wconf 82' lang='grc' dir='ltr'><strong>πάθει,</strong></span> <span class='ocrx_word' id='word_1_202' title='bbox 779 1687 866 1743; x_wconf 81' lang='grc' dir='ltr'><strong>ἵνα</strong></span> <span class='ocrx_word' id='word_1_203' title='bbox 913 1689 988 1760; x_wconf 81' lang='grc' dir='ltr'><strong>μὴ</strong></span> <span class='ocrx_word' id='word_1_204' title='bbox 1038 1692 1397 1764; x_wconf 83' lang='grc' dir='ltr'><strong>κατηγορήσῃ</strong></span> <span class='ocrx_word' id='word_1_205' title='bbox 1452 1693 1548 1746; x_wconf 74' lang='grc' dir='ltr'><strong>καὶ</strong></span> <span class='ocrx_word' id='word_1_206' title='bbox 1604 1693 1765 1765; x_wconf 87' lang='grc' dir='ltr'><strong>ήμῶν</strong></span> <span class='ocrx_word' id='word_1_207' title='bbox 1826 1697 1856 1748; x_wconf 83' lang='grc' dir='ltr'>ὁ</span> 
     </span>
    </p>
   </div>
   <div class='ocr_carea' id='block_1_32' title="bbox 1964 1682 3544 1765">
    <p class='ocr_par' dir='ltr' id='par_1_32' title="bbox 1964 1684 3544 1758">
     <span class='ocr_line' id='line_1_32' title="bbox 1964 1684 3544 1758; baseline 0.007 -22"><span class='ocrx_word' id='word_1_208' title='bbox 1964 1699 2193 1756; x_wconf 78' lang='lat' dir='ltr'><strong>magnus</strong></span> <span class='ocrx_word' id='word_1_209' title='bbox 2222 1684 2522 1756; x_wconf 85' lang='lat' dir='ltr'><strong>Apostolus</strong></span> <span class='ocrx_word' id='word_1_210' title='bbox 2569 1687 2964 1758; x_wconf 87' lang='lat' dir='ltr'><strong>vituperaverit</strong></span> <span class='ocrx_word' id='word_1_211' title='bbox 2999 1707 3014 1744; x_wconf 91' lang='lat'><strong>:</strong></span> <span class='ocrx_word' id='word_1_212' title='bbox 3048 1691 3144 1746; x_wconf 87' lang='lat' dir='ltr'><strong>sed</strong></span> <span class='ocrx_word' id='word_1_213' title='bbox 3192 1706 3544 1747; x_wconf 86' lang='lat' dir='ltr'><strong>recurramus</strong></span> 
     </span>
    </p>
   </div>
   <div class='ocr_carea' id='block_1_33' title="bbox 242 1763 1860 1856">
    <p class='ocr_par' dir='ltr' id='par_1_33' title="bbox 242 1763 1852 1856">
     <span class='ocr_line' id='line_1_33' title="bbox 242 1763 1852 1856; baseline 0.005 -26"><span class='ocrx_word' id='word_1_214' title='bbox 242 1775 440 1846; x_wconf 83' lang='grc' dir='ltr'><strong>μέγας</strong></span> <span class='ocrx_word' id='word_1_215' title='bbox 496 1777 853 1843; x_wconf 75' lang='grc' dir='ltr'><strong>’Λπόστολοςο</strong></span> <span class='ocrx_word' id='word_1_216' title='bbox 888 1779 1294 1853; x_wconf 82' lang='grc' dir='ltr'><strong>ἀναδράμωμεν</strong></span> <span class='ocrx_word' id='word_1_217' title='bbox 1343 1763 1439 1838; x_wconf 74' lang='grc' dir='ltr'><strong>ἐπὶ</strong></span> <span class='ocrx_word' id='word_1_218' title='bbox 1485 1782 1584 1856; x_wconf 81' lang='grc' dir='ltr'><strong>τὴν</strong></span> <span class='ocrx_word' id='word_1_219' title='bbox 1627 1763 1852 1856; x_wconf 63' lang='grc' dir='ltr'><strong>αρχαιο-</strong></span> 
     </span>
    </p>
   </div>
   <div class='ocr_carea' id='block_1_34' title="bbox 1964 1763 3545 1856">
    <p class='ocr_par' dir='ltr' id='par_1_34' title="bbox 1964 1774 3545 1852">
     <span class='ocr_line' id='line_1_34' title="bbox 1964 1774 3545 1852; baseline 0.005 -23"><span class='ocrx_word' id='word_1_220' title='bbox 1964 1775 2025 1829; x_wconf 86' lang='lat' dir='ltr'><strong>ad</strong></span> <span class='ocrx_word' id='word_1_221' title='bbox 2059 1774 2314 1845; x_wconf 89' lang='lat' dir='ltr'><strong>antiquas</strong></span> <span class='ocrx_word' id='word_1_222' title='bbox 2347 1775 2733 1846; x_wconf 77' lang='lat' dir='ltr'><strong>generationes</strong></span> <span class='ocrx_word' id='word_1_223' title='bbox 2758 1818 2773 1843; x_wconf 93' lang='lat'><strong>,</strong></span> <span class='ocrx_word' id='word_1_224' title='bbox 2837 1779 3234 1850; x_wconf 74' lang='lat' dir='ltr'><strong>videamusque</strong></span> <span class='ocrx_word' id='word_1_225' title='bbox 3285 1796 3314 1835; x_wconf 93' lang='lat' dir='ltr'><strong>a</strong></span> <span class='ocrx_word' id='word_1_226' title='bbox 3367 1783 3545 1852; x_wconf 87' lang='lat' dir='ltr'><strong>primo</strong></span> 
     </span>
    </p>
   </div>
   <div class='ocr_carea' id='block_1_35' title="bbox 238 1865 1852 1946">
    <p class='ocr_par' dir='ltr' id='par_1_35' title="bbox 238 1865 1852 1946">
     <span class='ocr_line' id='line_1_35' title="bbox 238 1865 1852 1946; baseline 0.004 -26"><span class='ocrx_word' id='word_1_227' title='bbox 238 1865 471 1935; x_wconf 82' lang='grc' dir='ltr'><strong>γονίαν,</strong></span> <span class='ocrx_word' id='word_1_228' title='bbox 504 1867 598 1921; x_wconf 70' lang='grc' dir='ltr'><strong>καὶ</strong></span> <span class='ocrx_word' id='word_1_229' title='bbox 629 1866 832 1938; x_wconf 72' lang='grc' dir='ltr'><strong>ἴδωμεν</strong></span> <span class='ocrx_word' id='word_1_230' title='bbox 854 1869 964 1924; x_wconf 79' lang='grc' dir='ltr'><strong>ἀπὸ</strong></span> <span class='ocrx_word' id='word_1_231' title='bbox 991 1869 1084 1923; x_wconf 82' lang='grc' dir='ltr'><strong>τοῦ</strong></span> <span class='ocrx_word' id='word_1_232' title='bbox 1110 1870 1458 1944; x_wconf 78' lang='grc' dir='ltr'><strong>προπάτορος</strong></span> <span class='ocrx_word' id='word_1_233' title='bbox 1486 1872 1648 1943; x_wconf 87' lang='grc' dir='ltr'><strong>ήμῶν</strong></span> <span class='ocrx_word' id='word_1_234' title='bbox 1689 1873 1852 1946; x_wconf 86' lang='grc' dir='ltr'><strong>μέχρι</strong></span> 
     </span>
    </p>
   </div>
   <div class='ocr_carea' id='block_1_36' title="bbox 237 1957 1855 2037">
    <p class='ocr_par' dir='ltr' id='par_1_36' title="bbox 237 1957 1855 2037">
     <span class='ocr_line' id='line_1_36' title="bbox 237 1957 1855 2037; baseline 0.004 -24"><span class='ocrx_word' id='word_1_235' title='bbox 237 1957 350 2013; x_wconf 80' lang='grc' dir='ltr'><strong>τοῦ</strong></span> <span class='ocrx_word' id='word_1_236' title='bbox 373 1957 544 2030; x_wconf 83' lang='grc' dir='ltr'><strong>δεῦρο</strong></span> <span class='ocrx_word' id='word_1_237' title='bbox 562 1974 578 1990; x_wconf 81' lang='lat'><strong><em>°</em></strong></span> <span class='ocrx_word' id='word_1_238' title='bbox 605 1959 700 2013; x_wconf 85' lang='grc' dir='ltr'><strong>καί</strong></span> <span class='ocrx_word' id='word_1_239' title='bbox 727 1977 791 2030; x_wconf 91' lang='grc' dir='ltr'><strong>γε</strong></span> <span class='ocrx_word' id='word_1_240' title='bbox 815 1962 923 2031; x_wconf 84' lang='grc' dir='ltr'><strong>πρὸ</strong></span> <span class='ocrx_word' id='word_1_241' title='bbox 943 1961 1052 2014; x_wconf 90' lang='grc' dir='ltr'><strong>τῶν</strong></span> <span class='ocrx_word' id='word_1_242' title='bbox 1072 1961 1246 2018; x_wconf 75' lang='grc' dir='ltr'><strong>ἄλλων</strong></span> <span class='ocrx_word' id='word_1_243' title='bbox 1267 1963 1395 2028; x_wconf 83' lang='grc' dir='ltr'><strong>τοὺς</strong></span> <span class='ocrx_word' id='word_1_244' title='bbox 1415 1963 1536 2034; x_wconf 87' lang='grc' dir='ltr'><strong>Θεῷ</strong></span> <span class='ocrx_word' id='word_1_245' title='bbox 1557 1964 1855 2037; x_wconf 78' lang='grc' dir='ltr'><strong>εὐαρεστή-</strong></span> 
     </span>
    </p>
   </div>
   <div class='ocr_carea' id='block_1_37' title="bbox 242 2050 1854 2137">
    <p class='ocr_par' dir='ltr' id='par_1_37' title="bbox 242 2050 1854 2137">
     <span class='ocr_line' id='line_1_37' title="bbox 242 2050 1854 2137; baseline 0.005 -33"><span class='ocrx_word' id='word_1_246' title='bbox 242 2051 430 2113; x_wconf 80' lang='grc' dir='ltr'><strong>κότας</strong></span> <span class='ocrx_word' id='word_1_247' title='bbox 456 2051 548 2106; x_wconf 71' lang='grc' dir='ltr'><strong>διὰ</strong></span> <span class='ocrx_word' id='word_1_248' title='bbox 583 2050 703 2122; x_wconf 84' lang='grc' dir='ltr'><strong>βίου</strong></span> <span class='ocrx_word' id='word_1_249' title='bbox 737 2053 830 2106; x_wconf 76' lang='grc' dir='ltr'><strong>καὶ</strong></span> <span class='ocrx_word' id='word_1_250' title='bbox 860 2053 1140 2137; x_wconf 67' lang='grc' dir='ltr'><strong>πολιτείας</strong></span> <span class='ocrx_word' id='word_1_251' title='bbox 1168 2055 1403 2128; x_wconf 80' lang='grc' dir='ltr'><strong>ἀρίστης</strong></span> <span class='ocrx_word' id='word_1_252' title='bbox 1423 2071 1436 2086; x_wconf 76' lang='grc' dir='ltr'><strong>ο</strong></span> <span class='ocrx_word' id='word_1_253' title='bbox 1462 2056 1604 2125; x_wconf 76' lang='grc' dir='ltr'><strong>λέγω</strong></span> <span class='ocrx_word' id='word_1_254' title='bbox 1632 2056 1698 2129; x_wconf 86' lang='grc' dir='ltr'><strong>δὴ</strong></span> <span class='ocrx_word' id='word_1_255' title='bbox 1727 2059 1854 2123; x_wconf 77' lang='grc' dir='ltr'><strong>τοὺς</strong></span> 
     </span>
    </p>
   </div>
   <div class='ocr_carea' id='block_1_38' title="bbox 249 2141 1850 2220">
    <p class='ocr_par' dir='ltr' id='par_1_38' title="bbox 249 2141 1850 2220">
     <span class='ocr_line' id='line_1_38' title="bbox 249 2141 1850 2220; baseline 0.006 -26"><span class='ocrx_word' id='word_1_256' title='bbox 249 2141 368 2214; x_wconf 81' lang='grc' dir='ltr'><strong>πρὸ</strong></span> <span class='ocrx_word' id='word_1_257' title='bbox 411 2145 581 2214; x_wconf 84' lang='grc' dir='ltr'><strong>νόμου</strong></span> <span class='ocrx_word' id='word_1_258' title='bbox 621 2145 887 2215; x_wconf 77' lang='grc' dir='ltr'><strong>πατέρας,</strong></span> <span class='ocrx_word' id='word_1_259' title='bbox 917 2145 1287 2219; x_wconf 81' lang='grc' dir='ltr'><strong>πατριάρχας,</strong></span> <span class='ocrx_word' id='word_1_260' title='bbox 1325 2147 1599 2220; x_wconf 76' lang='grc' dir='ltr'><strong>Ἀϐραὰμ,</strong></span> <span class='ocrx_word' id='word_1_261' title='bbox 1647 2150 1850 2216; x_wconf 77' lang='grc' dir='ltr'><strong>Ἰσαὰκ,</strong></span> 
     </span>
    </p>
   </div>
   <div class='ocr_carea' id='block_1_39' title="bbox 264 2231 1856 2310">
    <p class='ocr_par' dir='ltr' id='par_1_39' title="bbox 264 2231 1856 2310">
     <span class='ocr_line' id='line_1_39' title="bbox 264 2231 1856 2310; baseline 0.007 -25"><span class='ocrx_word' id='word_1_262' title='bbox 264 2231 515 2287; x_wconf 79' lang='grc' dir='ltr'><strong>Ἰακώϐ·</strong></span> <span class='ocrx_word' id='word_1_263' title='bbox 572 2236 700 2297; x_wconf 83' lang='grc' dir='ltr'><strong>τοὺς</strong></span> <span class='ocrx_word' id='word_1_264' title='bbox 754 2235 859 2306; x_wconf 83' lang='grc' dir='ltr'><strong>πρὸ</strong></span> <span class='ocrx_word' id='word_1_265' title='bbox 915 2237 1117 2302; x_wconf 80' lang='grc' dir='ltr'><strong>αὐτῶν,</strong></span> <span class='ocrx_word' id='word_1_266' title='bbox 1165 2238 1261 2292; x_wconf 71' lang='grc' dir='ltr'><strong>καὶ</strong></span> <span class='ocrx_word' id='word_1_267' title='bbox 1317 2237 1436 2310; x_wconf 80' lang='grc' dir='ltr'><strong>μετ’</strong></span> <span class='ocrx_word' id='word_1_268' title='bbox 1479 2240 1698 2306; x_wconf 79' lang='grc' dir='ltr'><strong>αὐτοὺς,</strong></span> <span class='ocrx_word' id='word_1_269' title='bbox 1729 2242 1856 2307; x_wconf 79' lang='grc' dir='ltr'><strong>τοὺς</strong></span> 
     </span>
    </p>
   </div>
   <div class='ocr_carea' id='block_1_40' title="bbox 253 2325 1852 2406">
    <p class='ocr_par' dir='ltr' id='par_1_40' title="bbox 253 2325 1852 2406">
     <span class='ocr_line' id='line_1_40' title="bbox 253 2325 1852 2406; baseline 0.006 -28"><span class='ocrx_word' id='word_1_270' title='bbox 253 2325 317 2378; x_wconf 79' lang='grc' dir='ltr'><strong>ὲν</strong></span> <span class='ocrx_word' id='word_1_271' title='bbox 345 2325 522 2396; x_wconf 82' lang='grc' dir='ltr'><strong>νόμῳ,</strong></span> <span class='ocrx_word' id='word_1_272' title='bbox 553 2326 758 2381; x_wconf 83' lang='grc' dir='ltr'><strong>Μωσέα</strong></span> <span class='ocrx_word' id='word_1_273' title='bbox 791 2329 886 2383; x_wconf 75' lang='grc' dir='ltr'><strong>καὶ</strong></span> <span class='ocrx_word' id='word_1_274' title='bbox 929 2327 1140 2402; x_wconf 80' lang='grc' dir='ltr'><strong>’Δαρὼν</strong></span> <span class='ocrx_word' id='word_1_275' title='bbox 1163 2345 1178 2360; x_wconf 70' lang='grc' dir='ltr'><strong>ο</strong></span> <span class='ocrx_word' id='word_1_276' title='bbox 1219 2331 1347 2396; x_wconf 79' lang='grc' dir='ltr'><strong>τοὺς</strong></span> <span class='ocrx_word' id='word_1_277' title='bbox 1379 2333 1698 2402; x_wconf 88' lang='grc' dir='ltr'><strong>μετέπειτα,</strong></span> <span class='ocrx_word' id='word_1_278' title='bbox 1727 2351 1852 2406; x_wconf 88' lang='grc' dir='ltr'><strong>κρι-</strong></span> 
     </span>
    </p>
   </div>
   <div class='ocr_carea' id='block_1_41' title="bbox 256 2415 1855 2494">
    <p class='ocr_par' dir='ltr' id='par_1_41' title="bbox 256 2415 1855 2494">
     <span class='ocr_line' id='line_1_41' title="bbox 256 2415 1855 2494; baseline 0.006 -24"><span class='ocrx_word' id='word_1_279' title='bbox 256 2415 365 2482; x_wconf 68' lang='grc' dir='ltr'><strong>τὰς</strong></span> <span class='ocrx_word' id='word_1_280' title='bbox 404 2419 502 2471; x_wconf 78' lang='grc' dir='ltr'><strong>καὶ</strong></span> <span class='ocrx_word' id='word_1_281' title='bbox 531 2421 851 2491; x_wconf 83' lang='grc' dir='ltr'><strong>προφήτας·</strong></span> <span class='ocrx_word' id='word_1_282' title='bbox 885 2422 1013 2486; x_wconf 83' lang='grc' dir='ltr'><strong>τοὺς</strong></span> <span class='ocrx_word' id='word_1_283' title='bbox 1045 2423 1104 2476; x_wconf 77' lang='grc' dir='ltr'><strong>ὲν</strong></span> <span class='ocrx_word' id='word_1_284' title='bbox 1137 2424 1204 2494; x_wconf 84' lang='grc' dir='ltr'><strong>τῇ</strong></span> <span class='ocrx_word' id='word_1_285' title='bbox 1237 2423 1440 2494; x_wconf 84' lang='grc' dir='ltr'><strong>χάριτι,</strong></span> <span class='ocrx_word' id='word_1_286' title='bbox 1487 2425 1855 2492; x_wconf 80' lang='grc' dir='ltr'><strong>ἀποστόλους,</strong></span> 
     </span>
    </p>
   </div>
   <div class='ocr_carea' id='block_1_42' title="bbox 264 2509 1858 2586">
    <p class='ocr_par' dir='ltr' id='par_1_42' title="bbox 264 2509 1858 2586">
     <span class='ocr_line' id='line_1_42' title="bbox 264 2509 1858 2586; baseline 0.004 -26"><span class='ocrx_word' id='word_1_287' title='bbox 264 2509 582 2579; x_wconf 76' lang='grc' dir='ltr'><strong>μάρτυρας,</strong></span> <span class='ocrx_word' id='word_1_288' title='bbox 617 2510 1010 2582; x_wconf 35' lang='grc' dir='ltr'><strong>λόμολογητὰς,</strong></span> <span class='ocrx_word' id='word_1_289' title='bbox 1069 2512 1353 2584; x_wconf 82' lang='grc' dir='ltr'><strong>ἱεράρχας,</strong></span> <span class='ocrx_word' id='word_1_290' title='bbox 1413 2513 1618 2581; x_wconf 79' lang='grc' dir='ltr'><strong>ὁσίους,</strong></span> <span class='ocrx_word' id='word_1_291' title='bbox 1690 2517 1858 2586; x_wconf 83' lang='grc' dir='ltr'><strong>μέχρι</strong></span> 
     </span>
    </p>
   </div>
   <div class='ocr_carea' id='block_1_43' title="bbox 260 2597 1856 2678">
    <p class='ocr_par' dir='ltr' id='par_1_43' title="bbox 260 2597 1856 2678">
     <span class='ocr_line' id='line_1_43' title="bbox 260 2597 1856 2678; baseline 0.005 -28"><span class='ocrx_word' id='word_1_292' title='bbox 260 2597 361 2651; x_wconf 84' lang='grc' dir='ltr'><strong>τοῦ</strong></span> <span class='ocrx_word' id='word_1_293' title='bbox 421 2599 900 2670; x_wconf 82' lang='grc' dir='ltr'><strong>μνημονευομένου</strong></span> <span class='ocrx_word' id='word_1_294' title='bbox 924 2615 939 2629; x_wconf 82' lang='lat'><strong><em>°</em></strong></span> <span class='ocrx_word' id='word_1_295' title='bbox 1001 2601 1096 2654; x_wconf 81' lang='grc' dir='ltr'><strong>καὶ</strong></span> <span class='ocrx_word' id='word_1_296' title='bbox 1144 2600 1220 2666; x_wconf 81' lang='grc' dir='ltr'><strong>ὡς</strong></span> <span class='ocrx_word' id='word_1_297' title='bbox 1276 2601 1504 2657; x_wconf 72' lang='grc' dir='ltr'><strong>ἕκαστον</strong></span> <span class='ocrx_word' id='word_1_298' title='bbox 1546 2603 1753 2660; x_wconf 87' lang='grc' dir='ltr'><strong>τούτων</strong></span> <span class='ocrx_word' id='word_1_299' title='bbox 1789 2609 1856 2678; x_wconf 79' lang='grc' dir='ltr'><strong>τῇ</strong></span> 
     </span>
    </p>
   </div>
   <div class='ocr_carea' id='block_1_44' title="bbox 267 2691 1857 2767">
    <p class='ocr_par' dir='ltr' id='par_1_44' title="bbox 267 2691 1857 2767">
     <span class='ocr_line' id='line_1_44' title="bbox 267 2691 1857 2767; baseline 0.004 -22"><span class='ocrx_word' id='word_1_300' title='bbox 267 2691 378 2762; x_wconf 73' lang='grc' dir='ltr'><strong>ἰδίᾳ</strong></span> <span class='ocrx_word' id='word_1_301' title='bbox 437 2691 601 2763; x_wconf 81' lang='grc' dir='ltr'><strong>γενεᾷ</strong></span> <span class='ocrx_word' id='word_1_302' title='bbox 651 2692 949 2762; x_wconf 71' lang='grc' dir='ltr'><strong>ἐπιτρέψας</strong></span> <span class='ocrx_word' id='word_1_303' title='bbox 999 2692 1492 2767; x_wconf 84' lang='grc' dir='ltr'><strong>ύπηρετήσασθαι,</strong></span> <span class='ocrx_word' id='word_1_304' title='bbox 1525 2700 1639 2762; x_wconf 81' lang='grc' dir='ltr'><strong>τοῖς</strong></span> <span class='ocrx_word' id='word_1_305' title='bbox 1715 2700 1857 2752; x_wconf 82' lang='grc' dir='ltr'><strong>καθ-</strong></span> 
     </span>
    </p>
   </div>
   <div class='ocr_carea' id='block_1_45' title="bbox 267 2781 1861 2856">
    <p class='ocr_par' dir='ltr' id='par_1_45' title="bbox 267 2781 1861 2856">
     <span class='ocr_line' id='line_1_45' title="bbox 267 2781 1861 2856; baseline 0.006 -21"><span class='ocrx_word' id='word_1_306' title='bbox 267 2781 468 2854; x_wconf 86' lang='grc' dir='ltr'><strong>ήκουσι</strong></span> <span class='ocrx_word' id='word_1_307' title='bbox 515 2783 731 2855; x_wconf 81' lang='grc' dir='ltr'><strong>χρόνοις</strong></span> <span class='ocrx_word' id='word_1_308' title='bbox 763 2785 901 2856; x_wconf 80' lang='grc' dir='ltr'><strong>πρὸς</strong></span> <span class='ocrx_word' id='word_1_309' title='bbox 930 2785 1123 2839; x_wconf 78' lang='grc' dir='ltr'><strong>ἑαυτὸν</strong></span> <span class='ocrx_word' id='word_1_310' title='bbox 1153 2786 1316 2842; x_wconf 82' lang='grc' dir='ltr'><strong>πάλιν</strong></span> <span class='ocrx_word' id='word_1_311' title='bbox 1346 2789 1861 2850; x_wconf 59' lang='grc' dir='ltr'><strong>ἀνεκαλέσατολίαὶ⁵</strong></span> 
     </span>
    </p>
   </div>
   <div class='ocr_carea' id='block_1_46' title="bbox 275 2877 1858 2954">
    <p class='ocr_par' dir='ltr' id='par_1_46' title="bbox 275 2877 1858 2954">
     <span class='ocr_line' id='line_1_46' title="bbox 275 2877 1858 2954; baseline 0.008 -27"><span class='ocrx_word' id='word_1_312' title='bbox 275 2877 350 2947; x_wconf 73' lang='grc' dir='ltr'><strong>μὴ</strong></span> <span class='ocrx_word' id='word_1_313' title='bbox 383 2877 626 2931; x_wconf 79' lang='grc' dir='ltr'><strong>λυπείτω</strong></span> <span class='ocrx_word' id='word_1_314' title='bbox 659 2877 807 2947; x_wconf 76' lang='grc' dir='ltr'><strong>ὑμᾶς</strong></span> <span class='ocrx_word' id='word_1_315' title='bbox 863 2878 1013 2948; x_wconf 82' lang='grc' dir='ltr'><strong>ήτοῦ</strong></span> <span class='ocrx_word' id='word_1_316' title='bbox 1067 2880 1401 2953; x_wconf 81' lang='grc' dir='ltr'><strong>ἀειμνήστου</strong></span> <span class='ocrx_word' id='word_1_317' title='bbox 1463 2885 1801 2954; x_wconf 80' lang='grc' dir='ltr'><strong>μετάστασις</strong></span> <span class='ocrx_word' id='word_1_318' title='bbox 1843 2903 1858 2918; x_wconf 76' lang='grc' dir='ltr'><strong><em>ο</em></strong></span> 
     </span>
    </p>
   </div>
   <div class='ocr_carea' id='block_1_47' title="bbox 272 2967 1861 3046">
    <p class='ocr_par' dir='ltr' id='par_1_47' title="bbox 272 2967 1861 3046">
     <span class='ocr_line' id='line_1_47' title="bbox 272 2967 1861 3046; baseline 0.008 -27"><span class='ocrx_word' id='word_1_319' title='bbox 272 2967 614 3038; x_wconf 79' lang='grc' dir='ltr'><strong>εὐφραινέτω</strong></span> <span class='ocrx_word' id='word_1_320' title='bbox 643 2967 699 3021; x_wconf 84' lang='grc' dir='ltr'><strong>δὲ</strong></span> <span class='ocrx_word' id='word_1_321' title='bbox 738 2968 960 3038; x_wconf 80' lang='grc' dir='ltr'><strong>μᾶλλον,</strong></span> <span class='ocrx_word' id='word_1_322' title='bbox 995 2971 1078 3025; x_wconf 86' lang='grc' dir='ltr'><strong>ὄτι</strong></span> <span class='ocrx_word' id='word_1_323' title='bbox 1120 2971 1231 3024; x_wconf 88' lang='grc' dir='ltr'><strong>τῶν</strong></span> <span class='ocrx_word' id='word_1_324' title='bbox 1261 2976 1861 3046; x_wconf 75' lang='grc' dir='ltr'><strong>προμνημονευθέντων</strong></span> 
     </span>
    </p>
   </div>
   <div class='ocr_carea' id='block_1_48' title="bbox 275 3060 1862 3139">
    <p class='ocr_par' dir='ltr' id='par_1_48' title="bbox 275 3060 1862 3139">
     <span class='ocr_line' id='line_1_48' title="bbox 275 3060 1862 3139; baseline 0.006 -26"><span class='ocrx_word' id='word_1_325' title='bbox 275 3060 633 3132; x_wconf 86' lang='grc' dir='ltr'><strong>συναρίθμιος</strong></span> <span class='ocrx_word' id='word_1_326' title='bbox 661 3063 758 3116; x_wconf 75' lang='grc' dir='ltr'><strong>καὶ</strong></span> <span class='ocrx_word' id='word_1_327' title='bbox 794 3063 1162 3136; x_wconf 84' lang='grc' dir='ltr'><strong>συμμέτοχος,</strong></span> <span class='ocrx_word' id='word_1_328' title='bbox 1187 3065 1264 3129; x_wconf 88' lang='grc' dir='ltr'><strong>ὼς</strong></span> <span class='ocrx_word' id='word_1_329' title='bbox 1291 3067 1360 3120; x_wconf 76' lang='grc' dir='ltr'><strong>τὰ</strong></span> <span class='ocrx_word' id='word_1_330' title='bbox 1388 3068 1478 3122; x_wconf 88' lang='grc' dir='ltr'><strong>ῐσα</strong></span> <span class='ocrx_word' id='word_1_331' title='bbox 1509 3072 1604 3123; x_wconf 75' lang='grc' dir='ltr'><strong>καὶ</strong></span> <span class='ocrx_word' id='word_1_332' title='bbox 1656 3071 1862 3139; x_wconf 82' lang='grc' dir='ltr'><strong>ἀγωνι-</strong></span> 
     </span>
    </p>
   </div>
   <div class='ocr_carea' id='block_1_49' title="bbox 277 3153 1858 3233">
    <p class='ocr_par' dir='ltr' id='par_1_49' title="bbox 277 3153 1858 3233">
     <span class='ocr_line' id='line_1_49' title="bbox 277 3153 1858 3233; baseline 0.007 -26"><span class='ocrx_word' id='word_1_333' title='bbox 277 3153 507 3224; x_wconf 76' lang='grc' dir='ltr'><strong>σάμενος</strong></span> <span class='ocrx_word' id='word_1_334' title='bbox 532 3155 825 3227; x_wconf 81' lang='grc' dir='ltr'><strong>ἀριδήλως.</strong></span> <span class='ocrx_word' id='word_1_335' title='bbox 853 3158 983 3211; x_wconf 84' lang='grc' dir='ltr'><strong>’Ότι</strong></span> <span class='ocrx_word' id='word_1_336' title='bbox 1011 3158 1134 3212; x_wconf 79' lang='grc' dir='ltr'><strong>οὐδὲ</strong></span> <span class='ocrx_word' id='word_1_337' title='bbox 1169 3157 1528 3215; x_wconf 80' lang='grc' dir='ltr'><strong>ἀπολέλοιπεν</strong></span> <span class='ocrx_word' id='word_1_338' title='bbox 1578 3165 1724 3233; x_wconf 82' lang='grc' dir='ltr'><strong>ἡμᾶς</strong></span> <span class='ocrx_word' id='word_1_339' title='bbox 1777 3164 1858 3217; x_wconf 82' lang='grc' dir='ltr'><strong>εί-</strong></span> 
     </span>
    </p>
   </div>
   <div class='ocr_carea' id='block_1_50' title="bbox 279 3245 1860 3322">
    <p class='ocr_par' dir='ltr' id='par_1_50' title="bbox 279 3245 1860 3322">
     <span class='ocr_line' id='line_1_50' title="bbox 279 3245 1860 3322; baseline 0.007 -24"><span class='ocrx_word' id='word_1_340' title='bbox 279 3263 384 3317; x_wconf 79' lang='grc' dir='ltr'><strong>περ</strong></span> <span class='ocrx_word' id='word_1_341' title='bbox 412 3245 656 3317; x_wconf 78' lang='grc' dir='ltr'><strong>θέλομεν,</strong></span> <span class='ocrx_word' id='word_1_342' title='bbox 688 3247 824 3301; x_wconf 86' lang='grc' dir='ltr'><strong>ἀλλὰ</strong></span> <span class='ocrx_word' id='word_1_343' title='bbox 861 3248 980 3318; x_wconf 84' lang='grc' dir='ltr'><strong>μεθ’</strong></span> <span class='ocrx_word' id='word_1_344' title='bbox 1009 3249 1167 3320; x_wconf 83' lang='grc' dir='ltr'><strong>ἡμῶν</strong></span> <span class='ocrx_word' id='word_1_345' title='bbox 1197 3251 1368 3319; x_wconf 78' lang='grc' dir='ltr'><strong>ἐστιν,</strong></span> <span class='ocrx_word' id='word_1_346' title='bbox 1408 3252 1462 3304; x_wconf 77' lang='grc' dir='ltr'><strong>εί</strong></span> <span class='ocrx_word' id='word_1_347' title='bbox 1486 3269 1573 3322; x_wconf 85' lang='grc' dir='ltr'><strong>γε,</strong></span> <span class='ocrx_word' id='word_1_348' title='bbox 1600 3252 1675 3318; x_wconf 84' lang='grc' dir='ltr'><strong>ὡς</strong></span> <span class='ocrx_word' id='word_1_349' title='bbox 1698 3254 1860 3320; x_wconf 78' lang='grc' dir='ltr'><strong>αὐτὸς</strong></span> 
     </span>
    </p>
   </div>
   <div class='ocr_carea' id='block_1_51' title="bbox 279 3336 1860 3417">
    <p class='ocr_par' dir='ltr' id='par_1_51' title="bbox 279 3336 1860 3417">
     <span class='ocr_line' id='line_1_51' title="bbox 279 3336 1860 3417; baseline 0.008 -28"><span class='ocrx_word' id='word_1_350' title='bbox 279 3336 404 3408; x_wconf 78' lang='grc' dir='ltr'><strong>ἔφη,</strong></span> <span class='ocrx_word' id='word_1_351' title='bbox 462 3337 561 3400; x_wconf 85' lang='grc' dir='ltr'><strong>τὰς</strong></span> <span class='ocrx_word' id='word_1_352' title='bbox 613 3339 835 3402; x_wconf 80' lang='grc' dir='ltr'><strong>ἐντολὰς</strong></span> <span class='ocrx_word' id='word_1_353' title='bbox 895 3341 1060 3394; x_wconf 84' lang='grc' dir='ltr'><strong>αύτοῦ</strong></span> <span class='ocrx_word' id='word_1_354' title='bbox 1127 3343 1482 3412; x_wconf 61' lang='grc' dir='ltr'><strong>τηρήσομεν</strong></span> <span class='ocrx_word' id='word_1_355' title='bbox 1544 3345 1860 3417; x_wconf 82' lang='grc' dir='ltr'><strong>ύπερτέρως</strong></span> 
     </span>
    </p>
   </div>
   <div class='ocr_carea' id='block_1_52' title="bbox 281 3429 1861 3504">
    <p class='ocr_par' dir='ltr' id='par_1_52' title="bbox 281 3429 1861 3504">
     <span class='ocr_line' id='line_1_52' title="bbox 281 3429 1861 3504; baseline 0.006 -21"><span class='ocrx_word' id='word_1_356' title='bbox 281 3429 404 3499; x_wconf 79' lang='grc' dir='ltr'><strong>ἄρτι</strong></span> <span class='ocrx_word' id='word_1_357' title='bbox 433 3429 632 3498; x_wconf 81' lang='grc' dir='ltr'><strong>ἰσχύων</strong></span> <span class='ocrx_word' id='word_1_358' title='bbox 668 3429 997 3500; x_wconf 78' lang='grc' dir='ltr'><strong>πρεσϐεύειν</strong></span> <span class='ocrx_word' id='word_1_359' title='bbox 1025 3429 1088 3485; x_wconf 84' lang='grc' dir='ltr'><strong>τε</strong></span> <span class='ocrx_word' id='word_1_360' title='bbox 1113 3433 1212 3486; x_wconf 73' lang='grc' dir='ltr'><strong>καὶ</strong></span> <span class='ocrx_word' id='word_1_361' title='bbox 1245 3433 1461 3504; x_wconf 75' lang='grc' dir='ltr'><strong>βοηθεῖν</strong></span> <span class='ocrx_word' id='word_1_362' title='bbox 1486 3451 1500 3466; x_wconf 84' lang='grc'><strong>·</strong></span> <span class='ocrx_word' id='word_1_363' title='bbox 1541 3439 1636 3489; x_wconf 59' lang='grc' dir='ltr'><strong>καὶ⁸</strong></span> <span class='ocrx_word' id='word_1_364' title='bbox 1671 3438 1861 3492; x_wconf 82' lang='grc' dir='ltr'><strong>τοσοῦ-</strong></span> 
     </span>
    </p>
   </div>
   <div class='ocr_carea' id='block_1_53' title="bbox 282 3521 1860 3600">
    <p class='ocr_par' dir='ltr' id='par_1_53' title="bbox 282 3521 1860 3600">
     <span class='ocr_line' id='line_1_53' title="bbox 282 3521 1860 3600; baseline 0.006 -26"><span class='ocrx_word' id='word_1_365' title='bbox 282 3535 390 3588; x_wconf 86' lang='grc' dir='ltr'><strong>τον,</strong></span> <span class='ocrx_word' id='word_1_366' title='bbox 413 3521 535 3574; x_wconf 83' lang='grc' dir='ltr'><strong>ὅσον</strong></span> <span class='ocrx_word' id='word_1_367' title='bbox 567 3522 624 3575; x_wconf 83' lang='grc' dir='ltr'>ἐν</span> <span class='ocrx_word' id='word_1_368' title='bbox 641 3521 1040 3593; x_wconf 85' lang='grc' dir='ltr'><strong>ύποδείγματος</strong></span> <span class='ocrx_word' id='word_1_369' title='bbox 1064 3523 1199 3594; x_wconf 84' lang='grc' dir='ltr'><strong>ὅρῳ,</strong></span> <span class='ocrx_word' id='word_1_370' title='bbox 1215 3525 1481 3598; x_wconf 77' lang='grc' dir='ltr'><strong>πρότερον</strong></span> <span class='ocrx_word' id='word_1_371' title='bbox 1503 3526 1572 3580; x_wconf 78' lang='grc' dir='ltr'><strong>δι’</strong></span> <span class='ocrx_word' id='word_1_372' title='bbox 1595 3529 1860 3600; x_wconf 85' lang='grc' dir='ltr'><strong>ἐσόπτρου</strong></span> 
     </span>
    </p>
   </div>
   <div class='ocr_carea' id='block_1_54' title="bbox 284 3611 1859 3690">
    <p class='ocr_par' dir='ltr' id='par_1_54' title="bbox 284 3611 1859 3690">
     <span class='ocr_line' id='line_1_54' title="bbox 284 3611 1859 3690; baseline 0.006 -25"><span class='ocrx_word' id='word_1_373' title='bbox 284 3611 374 3666; x_wconf 72' lang='grc' dir='ltr'><strong>καὶ</strong></span> <span class='ocrx_word' id='word_1_374' title='bbox 391 3613 732 3684; x_wconf 75' lang='grc' dir='ltr'><strong>αἰνίγματος,</strong></span> <span class='ocrx_word' id='word_1_375' title='bbox 768 3612 865 3668; x_wconf 83' lang='grc' dir='ltr'><strong>νῦν</strong></span> <span class='ocrx_word' id='word_1_376' title='bbox 890 3614 948 3668; x_wconf 83' lang='grc' dir='ltr'><strong>δὲ</strong></span> <span class='ocrx_word' id='word_1_377' title='bbox 979 3615 1277 3686; x_wconf 84' lang='grc' dir='ltr'><strong>πρόσωπον</strong></span> <span class='ocrx_word' id='word_1_378' title='bbox 1349 3617 1488 3687; x_wconf 81' lang='grc' dir='ltr'><strong>πρὸς</strong></span> <span class='ocrx_word' id='word_1_379' title='bbox 1546 3619 1859 3690; x_wconf 83' lang='grc' dir='ltr'><strong>πρόσωπον,</strong></span> 
     </span>
    </p>
   </div>
   <div class='ocr_carea' id='block_1_55' title="bbox 285 3705 1863 3783">
    <p class='ocr_par' dir='ltr' id='par_1_55' title="bbox 285 3705 1863 3783">
     <span class='ocr_line' id='line_1_55' title="bbox 285 3705 1863 3783; baseline 0.006 -25"><span class='ocrx_word' id='word_1_380' title='bbox 285 3705 680 3776; x_wconf 71' lang='grc' dir='ltr'><strong>καθαρωτέροις</strong></span> <span class='ocrx_word' id='word_1_381' title='bbox 713 3705 810 3761; x_wconf 69' lang='grc' dir='ltr'><strong>καὶ</strong></span> <span class='ocrx_word' id='word_1_382' title='bbox 831 3705 988 3778; x_wconf 84' lang='grc' dir='ltr'><strong>λαμπ</strong></span> <span class='ocrx_word' id='word_1_383' title='bbox 1004 3709 1126 3779; x_wconf 88' lang='grc' dir='ltr'><strong>ροτέ</strong></span> <span class='ocrx_word' id='word_1_384' title='bbox 1137 3725 1245 3779; x_wconf 87' lang='grc' dir='ltr'><strong>ρως</strong></span> <span class='ocrx_word' id='word_1_385' title='bbox 1299 3709 1378 3780; x_wconf 86' lang='grc' dir='ltr'><strong>τῷ</strong></span> <span class='ocrx_word' id='word_1_386' title='bbox 1406 3709 1527 3780; x_wconf 84' lang='grc' dir='ltr'><strong>Θεῷ</strong></span> <span class='ocrx_word' id='word_1_387' title='bbox 1586 3711 1863 3783; x_wconf 83' lang='grc' dir='ltr'><strong>λατρεύων</strong></span> 
     </span>
    </p>
   </div>
   <div class='ocr_carea' id='block_1_56' title="bbox 288 3797 1862 3874">
    <p class='ocr_par' dir='ltr' id='par_1_56' title="bbox 288 3797 1862 3874">
     <span class='ocr_line' id='line_1_56' title="bbox 288 3797 1862 3874; baseline 0.002 -20"><span class='ocrx_word' id='word_1_388' title='bbox 288 3801 378 3854; x_wconf 77' lang='grc' dir='ltr'><strong>καὶ</strong></span> <span class='ocrx_word' id='word_1_389' title='bbox 397 3797 748 3871; x_wconf 86' lang='grc' dir='ltr'><strong>λειτουργῶν.</strong></span> <span class='ocrx_word' id='word_1_390' title='bbox 785 3800 898 3854; x_wconf 79' lang='grc' dir='ltr'><strong>Καὶ</strong></span> <span class='ocrx_word' id='word_1_391' title='bbox 920 3799 1103 3869; x_wconf 85' lang='grc' dir='ltr'><strong>ὀλίγον</strong></span> <span class='ocrx_word' id='word_1_392' title='bbox 1139 3800 1516 3874; x_wconf 78' lang='grc' dir='ltr'><strong>προενήρξατο</strong></span> <span class='ocrx_word' id='word_1_393' title='bbox 1571 3803 1672 3873; x_wconf 83' lang='grc' dir='ltr'><strong>τῆς</strong></span> <span class='ocrx_word' id='word_1_394' title='bbox 1721 3804 1862 3874; x_wconf 79' lang='grc' dir='ltr'><strong>πρὸς</strong></span> 
     </span>
    </p>
   </div>
   <div class='ocr_carea' id='block_1_57' title="bbox 288 3890 1862 3968">
    <p class='ocr_par' dir='ltr' id='par_1_57' title="bbox 288 3890 1862 3968">
     <span class='ocr_line' id='line_1_57' title="bbox 288 3890 1862 3968; baseline 0.003 -23"><span class='ocrx_word' id='word_1_395' title='bbox 288 3890 412 3945; x_wconf 78' lang='grc' dir='ltr'><strong>Θεὸν</strong></span> <span class='ocrx_word' id='word_1_396' title='bbox 431 3891 573 3957; x_wconf 82' lang='grc' dir='ltr'><strong>ὁδοῦ,</strong></span> <span class='ocrx_word' id='word_1_397' title='bbox 614 3893 989 3963; x_wconf 85' lang='grc' dir='ltr'><strong>προοδοποιῶν</strong></span> <span class='ocrx_word' id='word_1_398' title='bbox 1049 3894 1183 3964; x_wconf 87' lang='grc' dir='ltr'><strong>ήμῖν</strong></span> <span class='ocrx_word' id='word_1_399' title='bbox 1234 3894 1440 3966; x_wconf 81' lang='grc' dir='ltr'><strong>ταύτην</strong></span> <span class='ocrx_word' id='word_1_400' title='bbox 1471 3910 1486 3927; x_wconf 76' lang='grc' dir='ltr'><strong>ο</strong></span> <span class='ocrx_word' id='word_1_401' title='bbox 1525 3896 1862 3968; x_wconf 81' lang='grc' dir='ltr'><strong>εύτρεπίζων</strong></span> 
     </span>
    </p>
   </div>
   <div class='ocr_carea' id='block_1_58' title="bbox 289 3985 1864 4062">
    <p class='ocr_par' dir='ltr' id='par_1_58' title="bbox 289 3985 1864 4062">
     <span class='ocr_line' id='line_1_58' title="bbox 289 3985 1864 4062; baseline 0.005 -25"><span class='ocrx_word' id='word_1_402' title='bbox 289 3985 415 4056; x_wconf 70' lang='grc' dir='ltr'><strong>ἡμῖν</strong></span> <span class='ocrx_word' id='word_1_403' title='bbox 450 3986 704 4038; x_wconf 79' lang='grc' dir='ltr'><strong>κάκεῖθεν</strong></span> <span class='ocrx_word' id='word_1_404' title='bbox 727 3986 1088 4052; x_wconf 79' lang='grc' dir='ltr'><strong>ἀναπαύσεως</strong></span> <span class='ocrx_word' id='word_1_405' title='bbox 1114 3987 1428 4059; x_wconf 80' lang='grc' dir='ltr'><strong>κατάλυμα,</strong></span> <span class='ocrx_word' id='word_1_406' title='bbox 1461 3990 1622 4060; x_wconf 82' lang='grc' dir='ltr'><strong>είπερ</strong></span> <span class='ocrx_word' id='word_1_407' title='bbox 1669 3990 1864 4062; x_wconf 84' lang='grc' dir='ltr'><strong>εὐαρέ-</strong></span> 
     </span>
    </p>
   </div>
   <div class='ocr_carea' id='block_1_59' title="bbox 294 4075 1862 4154">
    <p class='ocr_par' dir='ltr' id='par_1_59' title="bbox 294 4075 1862 4154">
     <span class='ocr_line' id='line_1_59' title="bbox 294 4075 1862 4154; baseline 0.004 -24"><span class='ocrx_word' id='word_1_408' title='bbox 294 4091 425 4140; x_wconf 83' lang='grc' dir='ltr'><strong>στως</strong></span> <span class='ocrx_word' id='word_1_409' title='bbox 459 4077 650 4148; x_wconf 82' lang='grc' dir='ltr'><strong>Κυρίῳ</strong></span> <span class='ocrx_word' id='word_1_410' title='bbox 681 4075 1055 4149; x_wconf 81' lang='grc' dir='ltr'><strong>βιοτεύσομεν,</strong></span> <span class='ocrx_word' id='word_1_411' title='bbox 1081 4079 1176 4133; x_wconf 72' lang='grc' dir='ltr'><strong>καὶ</strong></span> <span class='ocrx_word' id='word_1_412' title='bbox 1208 4080 1284 4143; x_wconf 83' lang='grc' dir='ltr'><strong>ὡς</strong></span> <span class='ocrx_word' id='word_1_413' title='bbox 1313 4080 1476 4144; x_wconf 82' lang='grc' dir='ltr'><strong>αὐτὸς</strong></span> <span class='ocrx_word' id='word_1_414' title='bbox 1507 4082 1638 4154; x_wconf 79' lang='grc' dir='ltr'><strong>ήμῖν</strong></span> <span class='ocrx_word' id='word_1_415' title='bbox 1661 4082 1862 4154; x_wconf 78' lang='grc' dir='ltr'><strong>ἑμαθή·</strong></span> 
     </span>
    </p>
   </div>
   <div class='ocr_carea' id='block_1_60' title="bbox 293 4169 1862 4245">
    <p class='ocr_par' dir='ltr' id='par_1_60' title="bbox 293 4169 1862 4245">
     <span class='ocr_line' id='line_1_60' title="bbox 293 4169 1862 4245; baseline 0.005 -23"><span class='ocrx_word' id='word_1_416' title='bbox 293 4185 467 4224; x_wconf 86' lang='grc' dir='ltr'><strong>τευσεν</strong></span> <span class='ocrx_word' id='word_1_417' title='bbox 531 4169 678 4240; x_wconf 71' lang='grc' dir='ltr'><strong>ἔργῳ</strong></span> <span class='ocrx_word' id='word_1_418' title='bbox 741 4171 838 4224; x_wconf 74' lang='grc' dir='ltr'><strong>καὶ</strong></span> <span class='ocrx_word' id='word_1_419' title='bbox 880 4170 1044 4240; x_wconf 85' lang='grc' dir='ltr'><strong>λόγῳ.</strong></span> <span class='ocrx_word' id='word_1_420' title='bbox 1116 4172 1308 4226; x_wconf 82' lang='grc' dir='ltr'><strong>Ταῦτα</strong></span> <span class='ocrx_word' id='word_1_421' title='bbox 1363 4173 1862 4245; x_wconf 84' lang='grc' dir='ltr'><strong>παρηγορείτωσαν</strong></span> 
     </span>
    </p>
   </div>
   <div class='ocr_carea' id='block_1_61' title="bbox 296 4261 1863 4338">
    <p class='ocr_par' dir='ltr' id='par_1_61' title="bbox 296 4261 1863 4338">
     <span class='ocr_line' id='line_1_61' title="bbox 296 4261 1863 4338; baseline 0.004 -22"><span class='ocrx_word' id='word_1_422' title='bbox 296 4261 437 4333; x_wconf 82' lang='grc' dir='ltr'><strong>ὑμῶν</strong></span> <span class='ocrx_word' id='word_1_423' title='bbox 461 4261 558 4334; x_wconf 79' lang='grc' dir='ltr'><strong>τὴν</strong></span> <span class='ocrx_word' id='word_1_424' title='bbox 589 4262 868 4334; x_wconf 83' lang='grc' dir='ltr'><strong>μακαρίαν</strong></span> <span class='ocrx_word' id='word_1_425' title='bbox 900 4263 1102 4335; x_wconf 83' lang='grc' dir='ltr'><strong>ψυχήν.</strong></span> <span class='ocrx_word' id='word_1_426' title='bbox 1145 4265 1236 4317; x_wconf 87' lang='grc' dir='ltr'><strong>Ἐν</strong></span> <span class='ocrx_word' id='word_1_427' title='bbox 1269 4263 1480 4330; x_wconf 84' lang='grc' dir='ltr'><strong>τούτοις</strong></span> <span class='ocrx_word' id='word_1_428' title='bbox 1510 4267 1813 4338; x_wconf 89' lang='grc' dir='ltr'><strong>ἀνιστορῶν</strong></span> <span class='ocrx_word' id='word_1_429' title='bbox 1834 4269 1863 4323; x_wconf 85' lang='grc' dir='ltr'>ὁ</span> 
     </span>
    </p>
   </div>
   <div class='ocr_carea' id='block_1_62' title="bbox 297 4351 1862 4425">
    <p class='ocr_par' dir='ltr' id='par_1_62' title="bbox 297 4351 1862 4425">
     <span class='ocr_line' id='line_1_62' title="bbox 297 4351 1862 4425; baseline 0.003 -17"><span class='ocrx_word' id='word_1_430' title='bbox 297 4351 661 4425; x_wconf 79' lang='grc' dir='ltr'><strong>καθαρώτατος</strong></span> <span class='ocrx_word' id='word_1_431' title='bbox 713 4355 869 4423; x_wconf 80' lang='grc' dir='ltr'><strong>ὑμῶν</strong></span> <span class='ocrx_word' id='word_1_432' title='bbox 898 4355 1044 4419; x_wconf 77' lang='grc' dir='ltr'><strong>νοῦς,</strong></span> <span class='ocrx_word' id='word_1_433' title='bbox 1107 4356 1484 4420; x_wconf 76' lang='grc' dir='ltr'><strong>σαϐϐατιζέτω</strong></span> <span class='ocrx_word' id='word_1_434' title='bbox 1551 4358 1648 4413; x_wconf 72' lang='grc' dir='ltr'><strong>καὶ</strong></span> <span class='ocrx_word' id='word_1_435' title='bbox 1699 4359 1862 4413; x_wconf 75' lang='grc' dir='ltr'><strong>οἱονεὶ</strong></span> 
     </span>
    </p>
   </div>
   <div class='ocr_carea' id='block_1_63' title="bbox 1955 1863 3542 1940">
    <p class='ocr_par' dir='ltr' id='par_1_63' title="bbox 1955 1863 3542 1940">
     <span class='ocr_line' id='line_1_63' title="bbox 1955 1863 3542 1940; baseline 0.008 -26"><span class='ocrx_word' id='word_1_436' title='bbox 1955 1870 2179 1930; x_wconf 88' lang='lat' dir='ltr'><strong>parente</strong></span> <span class='ocrx_word' id='word_1_437' title='bbox 2203 1871 2414 1928; x_wconf 87' lang='lat' dir='ltr'><strong>nostro,</strong></span> <span class='ocrx_word' id='word_1_438' title='bbox 2455 1863 2522 1917; x_wconf 88' lang='lat' dir='ltr'><strong>ad</strong></span> <span class='ocrx_word' id='word_1_439' title='bbox 2547 1863 2652 1920; x_wconf 87' lang='lat' dir='ltr'><strong>hoc</strong></span> <span class='ocrx_word' id='word_1_440' title='bbox 2691 1881 2870 1936; x_wconf 86' lang='lat' dir='ltr'><strong>usque</strong></span> <span class='ocrx_word' id='word_1_441' title='bbox 2897 1875 3150 1938; x_wconf 88' lang='lat' dir='ltr'><strong>tempus;</strong></span> <span class='ocrx_word' id='word_1_442' title='bbox 3176 1878 3338 1940; x_wconf 84' lang='lat' dir='ltr'><strong>atque</strong></span> <span class='ocrx_word' id='word_1_443' title='bbox 3366 1886 3460 1926; x_wconf 85' lang='lat' dir='ltr'><strong>eos</strong></span> <span class='ocrx_word' id='word_1_444' title='bbox 3487 1871 3542 1926; x_wconf 84' lang='lat' dir='ltr'><strong>in</strong></span> 
     </span>
    </p>
   </div>
   <div class='ocr_carea' id='block_1_64' title="bbox 1954 1952 3544 2033">
    <p class='ocr_par' dir='ltr' id='par_1_64' title="bbox 1954 1952 3544 2033">
     <span class='ocr_line' id='line_1_64' title="bbox 1954 1952 3544 2033; baseline 0.006 -26"><span class='ocrx_word' id='word_1_445' title='bbox 1954 1952 2166 2023; x_wconf 85' lang='lat' dir='ltr'><strong>primis,</strong></span> <span class='ocrx_word' id='word_1_446' title='bbox 2199 1953 2295 2024; x_wconf 85' lang='lat' dir='ltr'><strong>qui</strong></span> <span class='ocrx_word' id='word_1_447' title='bbox 2321 1954 2432 2010; x_wconf 89' lang='lat' dir='ltr'><strong>vita</strong></span> <span class='ocrx_word' id='word_1_448' title='bbox 2469 1971 2534 2010; x_wconf 90' lang='lat' dir='ltr'><strong>ac</strong></span> <span class='ocrx_word' id='word_1_449' title='bbox 2561 1957 2764 2027; x_wconf 89' lang='lat' dir='ltr'><strong>optima</strong></span> <span class='ocrx_word' id='word_1_450' title='bbox 2799 1959 3252 2025; x_wconf 81' lang='lat' dir='ltr'><strong>conversatione,</strong></span> <span class='ocrx_word' id='word_1_451' title='bbox 3287 1959 3397 2017; x_wconf 88' lang='lat' dir='ltr'><strong>Deo</strong></span> <span class='ocrx_word' id='word_1_452' title='bbox 3425 1962 3544 2033; x_wconf 85' lang='lat' dir='ltr'><strong>pla-</strong></span> 
     </span>
    </p>
   </div>
   <div class='ocr_carea' id='block_1_65' title="bbox 1955 2045 3541 2120">
    <p class='ocr_par' dir='ltr' id='par_1_65' title="bbox 1955 2045 3541 2120">
     <span class='ocr_line' id='line_1_65' title="bbox 1955 2045 3541 2120; baseline 0.007 -23"><span class='ocrx_word' id='word_1_453' title='bbox 1955 2051 2188 2098; x_wconf 89' lang='lat' dir='ltr'><strong>cuerunt</strong></span> <span class='ocrx_word' id='word_1_454' title='bbox 2204 2045 2439 2113; x_wconf 85' lang='lat' dir='ltr'><strong>:Patres,</strong></span> <span class='ocrx_word' id='word_1_455' title='bbox 2461 2046 2707 2118; x_wconf 87' lang='lat' dir='ltr'><strong>inquam,</strong></span> <span class='ocrx_word' id='word_1_456' title='bbox 2721 2049 2836 2118; x_wconf 81' lang='lat' dir='ltr'><strong>lege</strong></span> <span class='ocrx_word' id='word_1_457' title='bbox 2861 2049 3226 2120; x_wconf 85' lang='lat' dir='ltr'><strong>antiquiores,</strong></span> <span class='ocrx_word' id='word_1_458' title='bbox 3242 2051 3541 2118; x_wconf 81' lang='lat' dir='ltr'><strong>Abraham,</strong></span> 
     </span>
    </p>
   </div>
   <div class='ocr_carea' id='block_1_66' title="bbox 1956 2131 3540 2213">
    <p class='ocr_par' dir='ltr' id='par_1_66' title="bbox 1956 2131 3540 2213">
     <span class='ocr_line' id='line_1_66' title="bbox 1956 2131 3540 2213; baseline 0.008 -25"><span class='ocrx_word' id='word_1_459' title='bbox 1956 2131 2127 2200; x_wconf 87' lang='lat' dir='ltr'><strong>lsaac,</strong></span> <span class='ocrx_word' id='word_1_460' title='bbox 2165 2133 2335 2190; x_wconf 81' lang='lat' dir='ltr'><strong>Jacob</strong></span> <span class='ocrx_word' id='word_1_461' title='bbox 2363 2155 2377 2191; x_wconf 88' lang='lat'><strong>:</strong></span> <span class='ocrx_word' id='word_1_462' title='bbox 2403 2137 2516 2193; x_wconf 84' lang='lat' dir='ltr'><strong>illis</strong></span> <span class='ocrx_word' id='word_1_463' title='bbox 2557 2147 2717 2194; x_wconf 61' lang='lat' dir='ltr'><strong>aetate</strong></span> <span class='ocrx_word' id='word_1_464' title='bbox 2747 2143 3083 2210; x_wconf 83' lang='lat' dir='ltr'><strong>superiores,</strong></span> <span class='ocrx_word' id='word_1_465' title='bbox 3139 2157 3206 2198; x_wconf 88' lang='lat' dir='ltr'><strong>ac</strong></span> <span class='ocrx_word' id='word_1_466' title='bbox 3255 2154 3540 2213; x_wconf 81' lang='lat' dir='ltr'><strong>posteros:</strong></span> 
     </span>
    </p>
   </div>
   <div class='ocr_carea' id='block_1_67' title="bbox 1957 2226 3546 2302">
    <p class='ocr_par' dir='ltr' id='par_1_67' title="bbox 1957 2226 3546 2302">
     <span class='ocr_line' id='line_1_67' title="bbox 1957 2226 3546 2302; baseline 0.006 -22"><span class='ocrx_word' id='word_1_467' title='bbox 1957 2238 2056 2280; x_wconf 88' lang='lat' dir='ltr'><strong>eos</strong></span> <span class='ocrx_word' id='word_1_468' title='bbox 2080 2226 2172 2296; x_wconf 86' lang='lat' dir='ltr'><strong>qui</strong></span> <span class='ocrx_word' id='word_1_469' title='bbox 2197 2226 2459 2282; x_wconf 78' lang='lat' dir='ltr'><strong>vixerunt</strong></span> <span class='ocrx_word' id='word_1_470' title='bbox 2485 2228 2591 2284; x_wconf 90' lang='lat' dir='ltr'><strong>sub</strong></span> <span class='ocrx_word' id='word_1_471' title='bbox 2631 2229 2772 2302; x_wconf 76' lang='lat' dir='ltr'><strong>lege,</strong></span> <span class='ocrx_word' id='word_1_472' title='bbox 2821 2230 3008 2286; x_wconf 80' lang='lat' dir='ltr'><strong>Mosen</strong></span> <span class='ocrx_word' id='word_1_473' title='bbox 3042 2242 3098 2288; x_wconf 90' lang='lat' dir='ltr'><strong>et</strong></span> <span class='ocrx_word' id='word_1_474' title='bbox 3139 2234 3323 2288; x_wconf 84' lang='lat' dir='ltr'><strong>Aaron</strong></span> <span class='ocrx_word' id='word_1_475' title='bbox 3353 2251 3368 2288; x_wconf 89' lang='lat'><strong>:</strong></span> <span class='ocrx_word' id='word_1_476' title='bbox 3395 2249 3546 2291; x_wconf 54' lang='lat' dir='ltr'><strong>secu.</strong></span> 
     </span>
    </p>
   </div>
   <div class='ocr_carea' id='block_1_68' title="bbox 1957 2319 3543 2397">
    <p class='ocr_par' dir='ltr' id='par_1_68' title="bbox 1957 2319 3543 2397">
     <span class='ocr_line' id='line_1_68' title="bbox 1957 2319 3543 2397; baseline 0.006 -25"><span class='ocrx_word' id='word_1_477' title='bbox 1957 2327 2154 2389; x_wconf 86' lang='lat' dir='ltr'><strong>tosque</strong></span> <span class='ocrx_word' id='word_1_478' title='bbox 2179 2319 2397 2390; x_wconf 87' lang='lat' dir='ltr'><strong>judices</strong></span> <span class='ocrx_word' id='word_1_479' title='bbox 2453 2331 2508 2376; x_wconf 80' lang='lat' dir='ltr'><strong>et</strong></span> <span class='ocrx_word' id='word_1_480' title='bbox 2543 2323 2863 2394; x_wconf 83' lang='lat' dir='ltr'><strong>prophetas.</strong></span> <span class='ocrx_word' id='word_1_481' title='bbox 2909 2325 3017 2380; x_wconf 84' lang='lat' dir='ltr'><strong>Eos</strong></span> <span class='ocrx_word' id='word_1_482' title='bbox 3054 2325 3152 2395; x_wconf 88' lang='lat' dir='ltr'><strong>qui</strong></span> <span class='ocrx_word' id='word_1_483' title='bbox 3201 2327 3306 2382; x_wconf 91' lang='lat' dir='ltr'><strong>sub</strong></span> <span class='ocrx_word' id='word_1_484' title='bbox 3345 2326 3543 2397; x_wconf 75' lang='lat' dir='ltr'><strong>gratia,</strong></span> 
     </span>
    </p>
   </div>
   <div class='ocr_carea' id='block_1_69' title="bbox 1959 2411 3548 2486">
    <p class='ocr_par' dir='ltr' id='par_1_69' title="bbox 1959 2411 3548 2486">
     <span class='ocr_line' id='line_1_69' title="bbox 1959 2411 3548 2486; baseline 0.006 -22"><span class='ocrx_word' id='word_1_485' title='bbox 1959 2411 2263 2480; x_wconf 89' lang='lat' dir='ltr'><strong>apostolos,</strong></span> <span class='ocrx_word' id='word_1_486' title='bbox 2296 2422 2591 2484; x_wconf 88' lang='lat' dir='ltr'><strong>martyres,</strong></span> <span class='ocrx_word' id='word_1_487' title='bbox 2623 2413 2977 2470; x_wconf 84' lang='lat' dir='ltr'><strong>conl&#39;essores</strong></span> <span class='ocrx_word' id='word_1_488' title='bbox 3002 2455 3017 2478; x_wconf 91' lang='lat'><strong>,</strong></span> <span class='ocrx_word' id='word_1_489' title='bbox 3052 2415 3372 2486; x_wconf 77' lang='lat' dir='ltr'><strong>pontiﬁces,</strong></span> <span class='ocrx_word' id='word_1_490' title='bbox 3415 2431 3548 2473; x_wconf 84' lang='lat' dir='ltr'><strong>san-</strong></span> 
     </span>
    </p>
   </div>
   <div class='ocr_carea' id='block_1_70' title="bbox 1960 2503 3543 2577">
    <p class='ocr_par' dir='ltr' id='par_1_70' title="bbox 1960 2503 3543 2577">
     <span class='ocr_line' id='line_1_70' title="bbox 1960 2503 3543 2577; baseline 0.003 -20"><span class='ocrx_word' id='word_1_491' title='bbox 1960 2510 2081 2558; x_wconf 89' lang='lat' dir='ltr'><strong>ctos</strong></span> <span class='ocrx_word' id='word_1_492' title='bbox 2103 2503 2203 2574; x_wconf 90' lang='lat'><strong>(7),</strong></span> <span class='ocrx_word' id='word_1_493' title='bbox 2234 2504 2301 2558; x_wconf 88' lang='lat' dir='ltr'><strong>ad</strong></span> <span class='ocrx_word' id='word_1_494' title='bbox 2338 2505 2484 2561; x_wconf 92' lang='lat' dir='ltr'><strong>hunc</strong></span> <span class='ocrx_word' id='word_1_495' title='bbox 2513 2520 2710 2576; x_wconf 91' lang='lat' dir='ltr'><strong>usque,</strong></span> <span class='ocrx_word' id='word_1_496' title='bbox 2755 2507 2823 2561; x_wconf 90' lang='lat' dir='ltr'><strong>de</strong></span> <span class='ocrx_word' id='word_1_497' title='bbox 2868 2521 2979 2577; x_wconf 91' lang='lat' dir='ltr'><strong>quo</strong></span> <span class='ocrx_word' id='word_1_498' title='bbox 3009 2508 3170 2566; x_wconf 85' lang='lat' dir='ltr'><strong>nobis</strong></span> <span class='ocrx_word' id='word_1_499' title='bbox 3194 2518 3280 2564; x_wconf 90' lang='lat' dir='ltr'><strong>est</strong></span> <span class='ocrx_word' id='word_1_500' title='bbox 3319 2523 3501 2566; x_wconf 89' lang='lat' dir='ltr'><strong>sermo</strong></span> <span class='ocrx_word' id='word_1_501' title='bbox 3530 2524 3543 2562; x_wconf 90' lang='lat'><strong>:</strong></span> 
     </span>
    </p>
   </div>
   <div class='ocr_carea' id='block_1_71' title="bbox 1962 2595 3551 2670">
    <p class='ocr_par' dir='ltr' id='par_1_71' title="bbox 1962 2595 3551 2670">
     <span class='ocr_line' id='line_1_71' title="bbox 1962 2595 3551 2670; baseline 0.004 -20"><span class='ocrx_word' id='word_1_502' title='bbox 1962 2607 2132 2665; x_wconf 88' lang='lat' dir='ltr'><strong>utque</strong></span> <span class='ocrx_word' id='word_1_503' title='bbox 2185 2595 2348 2662; x_wconf 86' lang='lat' dir='ltr'><strong>Deus,</strong></span> <span class='ocrx_word' id='word_1_504' title='bbox 2403 2596 2497 2651; x_wconf 91' lang='lat' dir='ltr'><strong>ubi</strong></span> <span class='ocrx_word' id='word_1_505' title='bbox 2557 2597 2810 2668; x_wconf 81' lang='lat' dir='ltr'><strong>singulos</strong></span> <span class='ocrx_word' id='word_1_506' title='bbox 2843 2615 2958 2653; x_wconf 70' lang='lat' dir='ltr'><strong>sua:</strong></span> <span class='ocrx_word' id='word_1_507' title='bbox 2995 2614 3272 2670; x_wconf 88' lang='lat' dir='ltr'><strong>quemque</strong></span> <span class='ocrx_word' id='word_1_508' title='bbox 3297 2601 3444 2656; x_wconf 59' lang='lat' dir='ltr'><strong>aetati</strong></span> <span class='ocrx_word' id='word_1_509' title='bbox 3483 2617 3551 2657; x_wconf 87' lang='lat' dir='ltr'><strong>ac</strong></span> 
     </span>
    </p>
   </div>
   <div class='ocr_carea' id='block_1_72' title="bbox 1961 2686 3548 2761">
    <p class='ocr_par' dir='ltr' id='par_1_72' title="bbox 1961 2686 3548 2761">
     <span class='ocr_line' id='line_1_72' title="bbox 1961 2686 3548 2761; baseline 0.003 -19"><span class='ocrx_word' id='word_1_510' title='bbox 1961 2687 2047 2742; x_wconf 88' lang='lat' dir='ltr'><strong>sui</strong></span> <span class='ocrx_word' id='word_1_511' title='bbox 2081 2686 2180 2741; x_wconf 67' lang='lat' dir='ltr'><strong>aevi</strong></span> <span class='ocrx_word' id='word_1_512' title='bbox 2209 2686 2530 2744; x_wconf 88' lang='lat' dir='ltr'><strong>hominibus</strong></span> <span class='ocrx_word' id='word_1_513' title='bbox 2566 2688 2795 2760; x_wconf 86' lang='lat' dir='ltr'><strong>obsequi</strong></span> <span class='ocrx_word' id='word_1_514' title='bbox 2832 2691 3195 2761; x_wconf 87' lang='lat' dir='ltr'><strong>permisisset,</strong></span> <span class='ocrx_word' id='word_1_515' title='bbox 3245 2693 3314 2748; x_wconf 87' lang='lat' dir='ltr'><strong>ad</strong></span> <span class='ocrx_word' id='word_1_516' title='bbox 3344 2707 3408 2749; x_wconf 89' lang='lat' dir='ltr'><strong>se</strong></span> <span class='ocrx_word' id='word_1_517' title='bbox 3426 2708 3548 2748; x_wconf 72' lang='grc' dir='ltr'><strong>ται-ι</strong></span> 
     </span>
    </p>
   </div>
   <div class='ocr_carea' id='block_1_73' title="bbox 1963 2778 3550 2850">
    <p class='ocr_par' dir='ltr' id='par_1_73' title="bbox 1963 2778 3550 2850">
     <span class='ocr_line' id='line_1_73' title="bbox 1963 2778 3550 2850; baseline 0.003 -16"><span class='ocrx_word' id='word_1_518' title='bbox 1963 2794 2085 2834; x_wconf 88' lang='lat' dir='ltr'><strong>sum</strong></span> <span class='ocrx_word' id='word_1_519' title='bbox 2102 2778 2366 2850; x_wconf 81' lang='lat' dir='ltr'><strong>congruis</strong></span> <span class='ocrx_word' id='word_1_520' title='bbox 2395 2780 2737 2850; x_wconf 87' lang='lat' dir='ltr'><strong>temporibus</strong></span> <span class='ocrx_word' id='word_1_521' title='bbox 2767 2783 3126 2838; x_wconf 80' lang='lat' dir='ltr'><strong>revocaverit.</strong></span> <span class='ocrx_word' id='word_1_522' title='bbox 3159 2782 3272 2840; x_wconf 77' lang='lat' dir='ltr'><strong>Nec</strong></span> <span class='ocrx_word' id='word_1_523' title='bbox 3293 2798 3426 2840; x_wconf 89' lang='lat' dir='ltr'><strong>vero</strong></span> <span class='ocrx_word' id='word_1_524' title='bbox 3453 2799 3550 2839; x_wconf 87' lang='lat' dir='ltr'><strong>vos</strong></span> 
     </span>
    </p>
   </div>
   <div class='ocr_carea' id='block_1_74' title="bbox 1964 2873 3550 2945">
    <p class='ocr_par' dir='ltr' id='par_1_74' title="bbox 1964 2873 3550 2945">
     <span class='ocr_line' id='line_1_74' title="bbox 1964 2873 3550 2945; baseline 0.001 -17"><span class='ocrx_word' id='word_1_525' title='bbox 1964 2873 2225 2929; x_wconf 87' lang='lat' dir='ltr'><strong>transitus</strong></span> <span class='ocrx_word' id='word_1_526' title='bbox 2254 2873 2323 2928; x_wconf 89' lang='lat' dir='ltr'><strong>ab</strong></span> <span class='ocrx_word' id='word_1_527' title='bbox 2343 2873 2600 2928; x_wconf 88' lang='lat' dir='ltr'><strong>humanis</strong></span> <span class='ocrx_word' id='word_1_528' title='bbox 2620 2874 2948 2945; x_wconf 84' lang='lat' dir='ltr'><strong>sempiterna</strong></span> <span class='ocrx_word' id='word_1_529' title='bbox 2985 2877 3252 2932; x_wconf 90' lang='lat' dir='ltr'><strong>memoria</strong></span> <span class='ocrx_word' id='word_1_530' title='bbox 3282 2877 3384 2931; x_wconf 89' lang='lat' dir='ltr'><strong>viri</strong></span> <span class='ocrx_word' id='word_1_531' title='bbox 3415 2892 3550 2932; x_wconf 59' lang='lat' dir='ltr'><strong>con-</strong></span> 
     </span>
    </p>
   </div>
   <div class='ocr_carea' id='block_1_75' title="bbox 1965 2964 3551 3038">
    <p class='ocr_par' dir='ltr' id='par_1_75' title="bbox 1965 2964 3551 3038">
     <span class='ocr_line' id='line_1_75' title="bbox 1965 2964 3551 3038; baseline 0.002 -18"><span class='ocrx_word' id='word_1_532' title='bbox 1965 2965 2292 3029; x_wconf 89' lang='lat' dir='ltr'><strong>tristaverit,</strong></span> <span class='ocrx_word' id='word_1_533' title='bbox 2329 2964 2514 3034; x_wconf 86' lang='lat' dir='ltr'><strong>potius</strong></span> <span class='ocrx_word' id='word_1_534' title='bbox 2544 2981 2675 3022; x_wconf 89' lang='lat' dir='ltr'><strong>vero</strong></span> <span class='ocrx_word' id='word_1_535' title='bbox 2693 2966 2936 3022; x_wconf 66' lang='lat' dir='ltr'><strong>laetitiam</strong></span> <span class='ocrx_word' id='word_1_536' title='bbox 2971 2967 3127 3023; x_wconf 87' lang='lat' dir='ltr'><strong>vobis</strong></span> <span class='ocrx_word' id='word_1_537' title='bbox 3155 2965 3371 3032; x_wconf 82' lang='lat' dir='ltr'><strong>fecerit,</strong></span> <span class='ocrx_word' id='word_1_538' title='bbox 3404 2967 3551 3038; x_wconf 86' lang='lat' dir='ltr'><strong>quod</strong></span> 
     </span>
    </p>
   </div>
   <div class='ocr_carea' id='block_1_76' title="bbox 1968 3057 3555 3132">
    <p class='ocr_par' dir='ltr' id='par_1_76' title="bbox 1968 3057 3555 3132">
     <span class='ocr_line' id='line_1_76' title="bbox 1968 3057 3555 3132; baseline 0.001 -20"><span class='ocrx_word' id='word_1_539' title='bbox 1968 3057 2037 3114; x_wconf 89' lang='lat' dir='ltr'><strong>iis</strong></span> <span class='ocrx_word' id='word_1_540' title='bbox 2065 3073 2304 3130; x_wconf 91' lang='lat' dir='ltr'><strong>quorum</strong></span> <span class='ocrx_word' id='word_1_541' title='bbox 2343 3058 2718 3125; x_wconf 89' lang='lat' dir='ltr'><strong>meminimus,</strong></span> <span class='ocrx_word' id='word_1_542' title='bbox 2755 3061 2826 3114; x_wconf 86' lang='lat' dir='ltr'><strong>sit</strong></span> <span class='ocrx_word' id='word_1_543' title='bbox 2879 3069 3207 3125; x_wconf 83' lang='lat' dir='ltr'><strong>consertus,</strong></span> <span class='ocrx_word' id='word_1_544' title='bbox 3260 3059 3555 3132; x_wconf 74' lang='lat' dir='ltr'><strong>factusque</strong></span> 
     </span>
    </p>
   </div>
   <div class='ocr_carea' id='block_1_77' title="bbox 1963 3149 3557 3224">
    <p class='ocr_par' dir='ltr' id='par_1_77' title="bbox 1963 3149 3557 3224">
     <span class='ocr_line' id='line_1_77' title="bbox 1963 3149 3557 3224; baseline 0.002 -20"><span class='ocrx_word' id='word_1_545' title='bbox 1963 3163 2153 3204; x_wconf 90' lang='lat' dir='ltr'><strong>eorum</strong></span> <span class='ocrx_word' id='word_1_546' title='bbox 2189 3149 2486 3221; x_wconf 87' lang='lat' dir='ltr'><strong>particeps,</strong></span> <span class='ocrx_word' id='word_1_547' title='bbox 2515 3151 2662 3206; x_wconf 91' lang='lat' dir='ltr'><strong>velut</strong></span> <span class='ocrx_word' id='word_1_548' title='bbox 2705 3152 2800 3222; x_wconf 88' lang='lat' dir='ltr'><strong>qui</strong></span> <span class='ocrx_word' id='word_1_549' title='bbox 2831 3151 3021 3208; x_wconf 89' lang='lat' dir='ltr'><strong>eadem</strong></span> <span class='ocrx_word' id='word_1_550' title='bbox 3060 3153 3241 3224; x_wconf 86' lang='lat' dir='ltr'><strong>palam</strong></span> <span class='ocrx_word' id='word_1_551' title='bbox 3271 3151 3557 3210; x_wconf 87' lang='lat' dir='ltr'><strong>desudarit</strong></span> 
     </span>
    </p>
   </div>
   <div class='ocr_carea' id='block_1_78' title="bbox 1963 3241 3556 3316">
    <p class='ocr_par' dir='ltr' id='par_1_78' title="bbox 1963 3241 3556 3316">
     <span class='ocr_line' id='line_1_78' title="bbox 1963 3241 3556 3316; baseline 0.003 -20"><span class='ocrx_word' id='word_1_552' title='bbox 1963 3241 2285 3306; x_wconf 89' lang='lat' dir='ltr'><strong>certamina,</strong></span> <span class='ocrx_word' id='word_1_553' title='bbox 2331 3241 2609 3313; x_wconf 88' lang='lat' dir='ltr'><strong>vitamque</strong></span> <span class='ocrx_word' id='word_1_554' title='bbox 2658 3244 2910 3299; x_wconf 89' lang='lat' dir='ltr'><strong>eamdem</strong></span> <span class='ocrx_word' id='word_1_555' title='bbox 2936 3245 3180 3300; x_wconf 85' lang='lat' dir='ltr'><strong>duxerit.</strong></span> <span class='ocrx_word' id='word_1_556' title='bbox 3213 3243 3351 3300; x_wconf 88' lang='lat' dir='ltr'><strong>Nam</strong></span> <span class='ocrx_word' id='word_1_557' title='bbox 3376 3258 3556 3316; x_wconf 85' lang='lat' dir='ltr'><strong>neque</strong></span> 
     </span>
    </p>
   </div>
   <div class='ocr_carea' id='block_1_79' title="bbox 1964 3333 3554 3407">
    <p class='ocr_par' dir='ltr' id='par_1_79' title="bbox 1964 3333 3554 3407">
     <span class='ocr_line' id='line_1_79' title="bbox 1964 3333 3554 3407; baseline 0.001 -17"><span class='ocrx_word' id='word_1_558' title='bbox 1964 3333 2011 3390; x_wconf 89' lang='lat' dir='ltr'><strong>si</strong></span> <span class='ocrx_word' id='word_1_559' title='bbox 2035 3334 2311 3399; x_wconf 88' lang='lat' dir='ltr'><strong>volumus,</strong></span> <span class='ocrx_word' id='word_1_560' title='bbox 2334 3349 2436 3391; x_wconf 91' lang='lat' dir='ltr'><strong>nos</strong></span> <span class='ocrx_word' id='word_1_561' title='bbox 2459 3335 2749 3406; x_wconf 85' lang='lat' dir='ltr'><strong>dereliquit</strong></span> <span class='ocrx_word' id='word_1_562' title='bbox 2769 3354 2783 3392; x_wconf 88' lang='lat'><strong>:</strong></span> <span class='ocrx_word' id='word_1_563' title='bbox 2806 3337 2939 3407; x_wconf 86' lang='lat' dir='ltr'><strong>quin</strong></span> <span class='ocrx_word' id='word_1_564' title='bbox 2961 3348 3216 3392; x_wconf 87' lang='lat' dir='ltr'><strong>versatur</strong></span> <span class='ocrx_word' id='word_1_565' title='bbox 3233 3337 3554 3393; x_wconf 87' lang='lat' dir='ltr'><strong>nobiscum:</strong></span> 
     </span>
    </p>
   </div>
   <div class='ocr_carea' id='block_1_80' title="bbox 1964 3429 3553 3500">
    <p class='ocr_par' dir='ltr' id='par_1_80' title="bbox 1964 3429 3553 3500">
     <span class='ocr_line' id='line_1_80' title="bbox 1964 3429 3553 3500; baseline 0.001 -16"><span class='ocrx_word' id='word_1_566' title='bbox 1964 3429 2148 3495; x_wconf 89' lang='lat' dir='ltr'><strong>modo,</strong></span> <span class='ocrx_word' id='word_1_567' title='bbox 2179 3437 2241 3484; x_wconf 90' lang='lat' dir='ltr'><strong>ut</strong></span> <span class='ocrx_word' id='word_1_568' title='bbox 2287 3429 2427 3484; x_wconf 81' lang='lat' dir='ltr'><strong>dixit</strong></span> <span class='ocrx_word' id='word_1_569' title='bbox 2470 3429 2606 3500; x_wconf 89' lang='lat' dir='ltr'><strong>ipse,</strong></span> <span class='ocrx_word' id='word_1_570' title='bbox 2657 3429 2778 3500; x_wconf 87' lang='lat' dir='ltr'><strong>ejus</strong></span> <span class='ocrx_word' id='word_1_571' title='bbox 2813 3429 3076 3484; x_wconf 86' lang='lat' dir='ltr'><strong>mundata</strong></span> <span class='ocrx_word' id='word_1_572' title='bbox 3116 3429 3553 3494; x_wconf 84' lang='lat' dir='ltr'><strong>servaverimus;</strong></span> 
     </span>
    </p>
   </div>
   <div class='ocr_carea' id='block_1_81' title="bbox 1963 3520 3553 3592">
    <p class='ocr_par' dir='ltr' id='par_1_81' title="bbox 1963 3520 3553 3592">
     <span class='ocr_line' id='line_1_81' title="bbox 1963 3520 3553 3592; baseline 0 -18"><span class='ocrx_word' id='word_1_573' title='bbox 1963 3520 2240 3590; x_wconf 88' lang='lat' dir='ltr'><strong>potentior</strong></span> <span class='ocrx_word' id='word_1_574' title='bbox 2285 3520 2398 3591; x_wconf 86' lang='lat' dir='ltr'><strong>jam</strong></span> <span class='ocrx_word' id='word_1_575' title='bbox 2443 3521 2510 3574; x_wconf 89' lang='lat' dir='ltr'><strong>ad</strong></span> <span class='ocrx_word' id='word_1_576' title='bbox 2551 3520 3003 3576; x_wconf 88' lang='lat' dir='ltr'><strong>intercessionem</strong></span> <span class='ocrx_word' id='word_1_577' title='bbox 3045 3528 3214 3592; x_wconf 86' lang='lat' dir='ltr'><strong>atque</strong></span> <span class='ocrx_word' id='word_1_578' title='bbox 3241 3520 3504 3575; x_wconf 79' lang='lat' dir='ltr'><strong>auxilium</strong></span> <span class='ocrx_word' id='word_1_579' title='bbox 3537 3535 3553 3574; x_wconf 86' lang='lat'><strong>:</strong></span> 
     </span>
    </p>
   </div>
   <div class='ocr_carea' id='block_1_82' title="bbox 1966 3610 3549 3683">
    <p class='ocr_par' dir='ltr' id='par_1_82' title="bbox 1966 3610 3549 3683">
     <span class='ocr_line' id='line_1_82' title="bbox 1966 3610 3549 3683; baseline -0.001 -18"><span class='ocrx_word' id='word_1_580' title='bbox 1966 3623 2229 3683; x_wconf 87' lang='lat' dir='ltr'><strong>tantoque</strong></span> <span class='ocrx_word' id='word_1_581' title='bbox 2258 3613 2518 3682; x_wconf 89' lang='lat' dir='ltr'><strong>amplius,</strong></span> <span class='ocrx_word' id='word_1_582' title='bbox 2561 3621 2851 3683; x_wconf 89' lang='lat' dir='ltr'><strong>quantum,</strong></span> <span class='ocrx_word' id='word_1_583' title='bbox 2883 3611 3120 3682; x_wconf 81' lang='lat' dir='ltr'><strong>exempli</strong></span> <span class='ocrx_word' id='word_1_584' title='bbox 3157 3626 3325 3668; x_wconf 86' lang='lat' dir='ltr'><strong>causa</strong></span> <span class='ocrx_word' id='word_1_585' title='bbox 3357 3610 3549 3676; x_wconf 80' lang='lat' dir='ltr'><strong>refert,</strong></span> 
     </span>
    </p>
   </div>
   <div class='ocr_carea' id='block_1_83' title="bbox 1963 3701 3556 3774">
    <p class='ocr_par' dir='ltr' id='par_1_83' title="bbox 1963 3701 3556 3774">
     <span class='ocr_line' id='line_1_83' title="bbox 1963 3701 3556 3774; baseline -0.001 -15"><span class='ocrx_word' id='word_1_586' title='bbox 1963 3713 2025 3759; x_wconf 92' lang='lat' dir='ltr'><strong>ut</strong></span> <span class='ocrx_word' id='word_1_587' title='bbox 2059 3705 2211 3774; x_wconf 89' lang='lat' dir='ltr'><strong>prius</strong></span> <span class='ocrx_word' id='word_1_588' title='bbox 2253 3719 2349 3774; x_wconf 88' lang='lat' dir='ltr'><strong>per</strong></span> <span class='ocrx_word' id='word_1_589' title='bbox 2401 3703 2686 3774; x_wconf 87' lang='lat' dir='ltr'><strong>speculum</strong></span> <span class='ocrx_word' id='word_1_590' title='bbox 2731 3703 2786 3758; x_wconf 91' lang='lat' dir='ltr'><strong>in</strong></span> <span class='ocrx_word' id='word_1_591' title='bbox 2830 3701 3139 3772; x_wconf 63' lang='lat' dir='ltr'><strong>aenigmate,</strong></span> <span class='ocrx_word' id='word_1_592' title='bbox 3188 3717 3338 3758; x_wconf 87' lang='lat' dir='ltr'><strong>nunc</strong></span> <span class='ocrx_word' id='word_1_593' title='bbox 3372 3712 3556 3758; x_wconf 86' lang='lat' dir='ltr'><strong>autem</strong></span> 
     </span>
    </p>
   </div>
   <div class='ocr_carea' id='block_1_84' title="bbox 1964 3792 3560 3865">
    <p class='ocr_par' dir='ltr' id='par_1_84' title="bbox 1964 3792 3560 3865">
     <span class='ocr_line' id='line_1_84' title="bbox 1964 3792 3560 3865; baseline -0.002 -15"><span class='ocrx_word' id='word_1_594' title='bbox 1964 3796 2108 3852; x_wconf 74' lang='lat' dir='ltr'><strong>facie</strong></span> <span class='ocrx_word' id='word_1_595' title='bbox 2147 3796 2212 3850; x_wconf 87' lang='lat' dir='ltr'><strong>ad</strong></span> <span class='ocrx_word' id='word_1_596' title='bbox 2237 3794 2456 3859; x_wconf 78' lang='lat' dir='ltr'><strong>faciem,</strong></span> <span class='ocrx_word' id='word_1_597' title='bbox 2497 3795 2690 3865; x_wconf 89' lang='lat' dir='ltr'><strong>purius</strong></span> <span class='ocrx_word' id='word_1_598' title='bbox 2731 3793 3188 3864; x_wconf 89' lang='lat' dir='ltr'><strong>splendidiusque</strong></span> <span class='ocrx_word' id='word_1_599' title='bbox 3211 3792 3325 3848; x_wconf 91' lang='lat' dir='ltr'><strong>Deo</strong></span> <span class='ocrx_word' id='word_1_600' title='bbox 3355 3793 3560 3848; x_wconf 86' lang='lat' dir='ltr'><strong>serviat</strong></span> 
     </span>
    </p>
   </div>
   <div class='ocr_carea' id='block_1_85' title="bbox 1963 3884 3555 3960">
    <p class='ocr_par' dir='ltr' id='par_1_85' title="bbox 1963 3884 3555 3960">
     <span class='ocr_line' id='line_1_85' title="bbox 1963 3884 3555 3960; baseline -0.003 -15"><span class='ocrx_word' id='word_1_601' title='bbox 1963 3901 2128 3960; x_wconf 89' lang='lat' dir='ltr'><strong>atque</strong></span> <span class='ocrx_word' id='word_1_602' title='bbox 2157 3887 2458 3942; x_wconf 89' lang='lat' dir='ltr'><strong>ministret.</strong></span> <span class='ocrx_word' id='word_1_603' title='bbox 2517 3891 2596 3942; x_wconf 76' lang='lat' dir='ltr'><strong>Ac</strong></span> <span class='ocrx_word' id='word_1_604' title='bbox 2641 3888 2793 3957; x_wconf 92' lang='lat' dir='ltr'><strong>prior</strong></span> <span class='ocrx_word' id='word_1_605' title='bbox 2827 3885 3230 3956; x_wconf 82' lang='lat' dir='ltr'><strong>aliquantulum</strong></span> <span class='ocrx_word' id='word_1_606' title='bbox 3269 3884 3366 3939; x_wconf 88' lang='lat' dir='ltr'><strong>Dei</strong></span> <span class='ocrx_word' id='word_1_607' title='bbox 3412 3884 3555 3940; x_wconf 89' lang='lat' dir='ltr'><strong>viam</strong></span> 
     </span>
    </p>
   </div>
   <div class='ocr_carea' id='block_1_86' title="bbox 1965 3976 3558 4048">
    <p class='ocr_par' dir='ltr' id='par_1_86' title="bbox 1965 3976 3558 4048">
     <span class='ocr_line' id='line_1_86' title="bbox 1965 3976 3558 4048; baseline -0.004 -9"><span class='ocrx_word' id='word_1_608' title='bbox 1965 3981 2270 4046; x_wconf 83' lang='lat' dir='ltr'><strong>inchoavit,</strong></span> <span class='ocrx_word' id='word_1_609' title='bbox 2302 3981 2460 4035; x_wconf 86' lang='lat' dir='ltr'><strong>nobis</strong></span> <span class='ocrx_word' id='word_1_610' title='bbox 2487 3978 2697 4035; x_wconf 86' lang='lat' dir='ltr'><strong>faciens</strong></span> <span class='ocrx_word' id='word_1_611' title='bbox 2736 3980 2841 4033; x_wconf 89' lang='lat' dir='ltr'><strong>iter</strong></span> <span class='ocrx_word' id='word_1_612' title='bbox 2869 3997 2880 4030; x_wconf 91' lang='lat'>:</span> <span class='ocrx_word' id='word_1_613' title='bbox 2921 3979 3034 4033; x_wconf 91' lang='lat' dir='ltr'><strong>illic</strong></span> <span class='ocrx_word' id='word_1_614' title='bbox 3057 3985 3356 4048; x_wconf 88' lang='lat' dir='ltr'><strong>paraturus</strong></span> <span class='ocrx_word' id='word_1_615' title='bbox 3387 3976 3558 4032; x_wconf 70' lang='lat' dir='ltr'><strong>beata:</strong></span> 
     </span>
    </p>
   </div>
   <div class='ocr_carea' id='block_1_87' title="bbox 1963 4069 3559 4146">
    <p class='ocr_par' dir='ltr' id='par_1_87' title="bbox 1963 4069 3559 4146">
     <span class='ocr_line' id='line_1_87' title="bbox 1963 4069 3559 4146; baseline -0.004 -17"><span class='ocrx_word' id='word_1_616' title='bbox 1963 4075 2169 4146; x_wconf 85' lang='lat' dir='ltr'><strong>quietis</strong></span> <span class='ocrx_word' id='word_1_617' title='bbox 2206 4073 2580 4130; x_wconf 86' lang='lat' dir='ltr'><strong>habitaculum</strong></span> <span class='ocrx_word' id='word_1_618' title='bbox 2611 4111 2626 4137; x_wconf 89' lang='lat'><strong>,</strong></span> <span class='ocrx_word' id='word_1_619' title='bbox 2663 4069 2968 4128; x_wconf 89' lang='lat' dir='ltr'><strong>dummodo</strong></span> <span class='ocrx_word' id='word_1_620' title='bbox 2998 4071 3108 4124; x_wconf 91' lang='lat' dir='ltr'><strong>Deo</strong></span> <span class='ocrx_word' id='word_1_621' title='bbox 3139 4069 3357 4140; x_wconf 86' lang='lat' dir='ltr'><strong>placitis</strong></span> <span class='ocrx_word' id='word_1_622' title='bbox 3389 4069 3559 4124; x_wconf 86' lang='lat' dir='ltr'><strong>mori-</strong></span> 
     </span>
    </p>
   </div>
   <div class='ocr_carea' id='block_1_88' title="bbox 1964 4160 3558 4236">
    <p class='ocr_par' dir='ltr' id='par_1_88' title="bbox 1964 4160 3558 4236">
     <span class='ocr_line' id='line_1_88' title="bbox 1964 4160 3558 4236; baseline -0.006 -12"><span class='ocrx_word' id='word_1_623' title='bbox 1964 4170 2069 4224; x_wconf 87' lang='lat' dir='ltr'><strong>bus</strong></span> <span class='ocrx_word' id='word_1_624' title='bbox 2102 4167 2406 4223; x_wconf 76' lang='lat' dir='ltr'><strong>vixerimus</strong></span> <span class='ocrx_word' id='word_1_625' title='bbox 2431 4208 2446 4233; x_wconf 93' lang='lat'><strong>,</strong></span> <span class='ocrx_word' id='word_1_626' title='bbox 2483 4181 2590 4236; x_wconf 89' lang='lat' dir='ltr'><strong>qua</strong></span> <span class='ocrx_word' id='word_1_627' title='bbox 2625 4165 2744 4235; x_wconf 89' lang='lat' dir='ltr'><strong>ipse</strong></span> <span class='ocrx_word' id='word_1_628' title='bbox 2787 4163 3021 4228; x_wconf 90' lang='lat' dir='ltr'><strong>ratione,</strong></span> <span class='ocrx_word' id='word_1_629' title='bbox 3071 4160 3240 4216; x_wconf 89' lang='lat' dir='ltr'><strong>verbo</strong></span> <span class='ocrx_word' id='word_1_630' title='bbox 3285 4168 3340 4215; x_wconf 87' lang='lat' dir='ltr'><strong>et</strong></span> <span class='ocrx_word' id='word_1_631' title='bbox 3395 4175 3558 4231; x_wconf 83' lang='lat' dir='ltr'><strong>opere</strong></span> 
     </span>
    </p>
   </div>
   <div class='ocr_carea' id='block_1_89' title="bbox 1964 4250 3556 4318">
    <p class='ocr_par' dir='ltr' id='par_1_89' title="bbox 1964 4250 3556 4318">
     <span class='ocr_line' id='line_1_89' title="bbox 1964 4250 3556 4318; baseline -0.007 -1"><span class='ocrx_word' id='word_1_632' title='bbox 1964 4262 2174 4318; x_wconf 89' lang='lat' dir='ltr'><strong>docuit.</strong></span> <span class='ocrx_word' id='word_1_633' title='bbox 2228 4261 2353 4315; x_wconf 78' lang='lat' dir='ltr'><strong>Sint</strong></span> <span class='ocrx_word' id='word_1_634' title='bbox 2378 4260 2496 4315; x_wconf 67' lang='lat' dir='ltr'><strong>haec</strong></span> <span class='ocrx_word' id='word_1_635' title='bbox 2528 4259 2700 4314; x_wconf 62' lang='lat' dir='ltr'><strong>beatae</strong></span> <span class='ocrx_word' id='word_1_636' title='bbox 2727 4256 2924 4311; x_wconf 80' lang='lat' dir='ltr'><strong>animae</strong></span> <span class='ocrx_word' id='word_1_637' title='bbox 2951 4263 3150 4310; x_wconf 74' lang='lat' dir='ltr'><strong>vestra:</strong></span> <span class='ocrx_word' id='word_1_638' title='bbox 3175 4252 3393 4312; x_wconf 85' lang='lat' dir='ltr'><strong>solatia.</strong></span> <span class='ocrx_word' id='word_1_639' title='bbox 3431 4250 3556 4306; x_wconf 72' lang='lat' dir='ltr'><strong>Hmc</strong></span> 
     </span>
    </p>
   </div>
   <div class='ocr_carea' id='block_1_90' title="bbox 1965 4345 3560 4423">
    <p class='ocr_par' dir='ltr' id='par_1_90' title="bbox 1965 4345 3560 4423">
     <span class='ocr_line' id='line_1_90' title="bbox 1965 4345 3560 4423; baseline -0.007 -12"><span class='ocrx_word' id='word_1_640' title='bbox 1965 4355 2216 4411; x_wconf 90' lang='lat' dir='ltr'><strong>recolens</strong></span> <span class='ocrx_word' id='word_1_641' title='bbox 2264 4353 2564 4423; x_wconf 86' lang='lat' dir='ltr'><strong>purissima</strong></span> <span class='ocrx_word' id='word_1_642' title='bbox 2620 4365 2776 4405; x_wconf 85' lang='lat' dir='ltr'><strong>mens</strong></span> <span class='ocrx_word' id='word_1_643' title='bbox 2838 4355 3058 4412; x_wconf 83' lang='lat' dir='ltr'><strong>vestra,</strong></span> <span class='ocrx_word' id='word_1_644' title='bbox 3129 4345 3432 4401; x_wconf 87' lang='lat' dir='ltr'><strong>Sabbatum</strong></span> <span class='ocrx_word' id='word_1_645' title='bbox 3493 4360 3560 4400; x_wconf 91' lang='lat' dir='ltr'><strong>ac</strong></span> 
     </span>
    </p>
   </div>
   <div class='ocr_carea' id='block_1_91' title="bbox 300 4436 1860 4518">
    <p class='ocr_par' dir='ltr' id='par_1_91' title="bbox 300 4445 1860 4518">
     <span class='ocr_line' id='line_1_91' title="bbox 300 4445 1860 4518; baseline 0.003 -19"><span class='ocrx_word' id='word_1_646' title='bbox 300 4445 658 4501; x_wconf 77' lang='grc' dir='ltr'><strong>καταπαυέτω.</strong></span> <span class='ocrx_word' id='word_1_647' title='bbox 693 4446 805 4508; x_wconf 86' lang='grc' dir='ltr'><strong>Τὰς</strong></span> <span class='ocrx_word' id='word_1_648' title='bbox 823 4447 879 4499; x_wconf 74' lang='grc' dir='ltr'><strong>δὲ</strong></span> <span class='ocrx_word' id='word_1_649' title='bbox 907 4446 999 4500; x_wconf 84' lang='grc' dir='ltr'><strong>τοῦ</strong></span> <span class='ocrx_word' id='word_1_650' title='bbox 1025 4447 1332 4518; x_wconf 78' lang='grc' dir='ltr'><strong>τρισολείου</strong></span> <span class='ocrx_word' id='word_1_651' title='bbox 1380 4448 1594 4517; x_wconf 71' lang='grc' dir='ltr'><strong>[ἰατρὸς</strong></span> <span class='ocrx_word' id='word_1_652' title='bbox 1643 4449 1860 4515; x_wconf 75' lang='grc' dir='ltr'><strong>ἐντολὰς</strong></span> 
     </span>
    </p>
   </div>
   <div class='ocr_carea' id='block_1_92' title="bbox 1964 4436 3559 4518">
    <p class='ocr_par' dir='ltr' id='par_1_92' title="bbox 1967 4436 3559 4518">
     <span class='ocr_line' id='line_1_92' title="bbox 1967 4436 3559 4518; baseline -0.007 -17"><span class='ocrx_word' id='word_1_653' title='bbox 1967 4445 2206 4518; x_wconf 88' lang='lat' dir='ltr'><strong>quietem</strong></span> <span class='ocrx_word' id='word_1_654' title='bbox 2233 4450 2378 4514; x_wconf 79' lang='lat' dir='ltr'><strong>agat.</strong></span> <span class='ocrx_word' id='word_1_655' title='bbox 2427 4442 2534 4498; x_wconf 89' lang='lat' dir='ltr'><strong>Ter</strong></span> <span class='ocrx_word' id='word_1_656' title='bbox 2570 4441 2715 4496; x_wconf 87' lang='lat' dir='ltr'><strong>beati</strong></span> <span class='ocrx_word' id='word_1_657' title='bbox 2775 4439 2949 4510; x_wconf 89' lang='lat' dir='ltr'><strong>patris</strong></span> <span class='ocrx_word' id='word_1_658' title='bbox 2976 4437 3236 4492; x_wconf 89' lang='lat' dir='ltr'><strong>mandata</strong></span> <span class='ocrx_word' id='word_1_659' title='bbox 3263 4444 3320 4491; x_wconf 90' lang='lat' dir='ltr'><strong>et</strong></span> <span class='ocrx_word' id='word_1_660' title='bbox 3366 4436 3559 4490; x_wconf 86' lang='lat' dir='ltr'><strong>admo-</strong></span> 
     </span>
    </p>
   </div>
   <div class='ocr_carea' id='block_1_93' title="bbox 301 4540 1864 4614">
    <p class='ocr_par' dir='ltr' id='par_1_93' title="bbox 301 4540 1864 4614">
     <span class='ocr_line' id='line_1_93' title="bbox 301 4540 1864 4614; baseline 0.004 -22"><span class='ocrx_word' id='word_1_661' title='bbox 301 4540 386 4593; x_wconf 74' lang='grc' dir='ltr'><strong>καὶ</strong></span> <span class='ocrx_word' id='word_1_662' title='bbox 409 4540 706 4607; x_wconf 83' lang='grc' dir='ltr'><strong>νουθεσίας,</strong></span> <span class='ocrx_word' id='word_1_663' title='bbox 736 4542 831 4595; x_wconf 73' lang='grc' dir='ltr'><strong>καὶ</strong></span> <span class='ocrx_word' id='word_1_664' title='bbox 855 4540 1000 4612; x_wconf 82' lang='grc' dir='ltr'><strong>μάλα</strong></span> <span class='ocrx_word' id='word_1_665' title='bbox 1040 4542 1256 4614; x_wconf 76' lang='grc' dir='ltr'><strong>ἡμέρας</strong></span> <span class='ocrx_word' id='word_1_666' title='bbox 1321 4544 1416 4596; x_wconf 72' lang='grc' dir='ltr'><strong>καὶ</strong></span> <span class='ocrx_word' id='word_1_667' title='bbox 1478 4545 1675 4608; x_wconf 72' lang='grc' dir='ltr'><strong>νυκτὸς</strong></span> <span class='ocrx_word' id='word_1_668' title='bbox 1727 4545 1864 4598; x_wconf 85' lang='grc' dir='ltr'><strong>ἅνα-</strong></span> 
     </span>
    </p>
   </div>
   <div class='ocr_carea' id='block_1_94' title="bbox 308 4633 1864 4706">
    <p class='ocr_par' dir='ltr' id='par_1_94' title="bbox 308 4633 1864 4706">
     <span class='ocr_line' id='line_1_94' title="bbox 308 4633 1864 4706; baseline 0.004 -22"><span class='ocrx_word' id='word_1_669' title='bbox 308 4634 738 4705; x_wconf 62' lang='grc' dir='ltr'><strong>αιμνησκόμενοι,</strong></span> <span class='ocrx_word' id='word_1_670' title='bbox 774 4634 868 4688; x_wconf 77' lang='grc' dir='ltr'><strong>καὶ</strong></span> <span class='ocrx_word' id='word_1_671' title='bbox 895 4635 1181 4705; x_wconf 87' lang='grc' dir='ltr'><strong>προσεχῶς</strong></span> <span class='ocrx_word' id='word_1_672' title='bbox 1208 4637 1267 4688; x_wconf 83' lang='grc' dir='ltr'><strong>ὲν</strong></span> <span class='ocrx_word' id='word_1_673' title='bbox 1307 4633 1533 4699; x_wconf 88' lang='grc' dir='ltr'><strong>ταύταις</strong></span> <span class='ocrx_word' id='word_1_674' title='bbox 1567 4636 1864 4706; x_wconf 80' lang='grc' dir='ltr'><strong>ὲνασχλού-</strong></span> 
     </span>
    </p>
   </div>
   <div class='ocr_carea' id='block_1_95' title="bbox 307 4722 1869 4798">
    <p class='ocr_par' dir='ltr' id='par_1_95' title="bbox 307 4722 1869 4798">
     <span class='ocr_line' id='line_1_95' title="bbox 307 4722 1869 4798; baseline 0.003 -24"><span class='ocrx_word' id='word_1_675' title='bbox 307 4738 438 4792; x_wconf 90' lang='grc' dir='ltr'><strong>μενοι</strong></span> <span class='ocrx_word' id='word_1_676' title='bbox 467 4723 562 4776; x_wconf 71' lang='grc' dir='ltr'><strong>καὶ</strong></span> <span class='ocrx_word' id='word_1_677' title='bbox 594 4723 927 4792; x_wconf 81' lang='grc' dir='ltr'><strong>μελετῶντες</strong></span> <span class='ocrx_word' id='word_1_678' title='bbox 951 4739 966 4752; x_wconf 79' lang='lat'>&#39;</span> <span class='ocrx_word' id='word_1_679' title='bbox 995 4722 1141 4778; x_wconf 68' lang='grc' dir='ltr'><strong>οὕτω</strong></span> <span class='ocrx_word' id='word_1_680' title='bbox 1161 4724 1271 4794; x_wconf 71' lang='grc' dir='ltr'><strong>γὰρ</strong></span> <span class='ocrx_word' id='word_1_681' title='bbox 1300 4725 1395 4778; x_wconf 72' lang='grc' dir='ltr'><strong>καὶ</strong></span> <span class='ocrx_word' id='word_1_682' title='bbox 1420 4725 1539 4796; x_wconf 80' lang='grc' dir='ltr'><strong>Θεῷ</strong></span> <span class='ocrx_word' id='word_1_683' title='bbox 1569 4726 1869 4798; x_wconf 74' lang='grc' dir='ltr'><strong>εὐαρεστή-</strong></span> 
     </span>
    </p>
   </div>
   <div class='ocr_carea' id='block_1_96' title="bbox 308 4805 1870 4888">
    <p class='ocr_par' dir='ltr' id='par_1_96' title="bbox 308 4805 1870 4888">
     <span class='ocr_line' id='line_1_96' title="bbox 308 4805 1870 4888; baseline 0.003 -22"><span class='ocrx_word' id='word_1_684' title='bbox 308 4828 450 4883; x_wconf 82' lang='grc' dir='ltr'><strong>σομεν</strong></span> <span class='ocrx_word' id='word_1_685' title='bbox 491 4805 536 4882; x_wconf 80' lang='grc' dir='ltr'><strong>ᾧ</strong></span> <span class='ocrx_word' id='word_1_686' title='bbox 589 4815 1134 4888; x_wconf 83' lang='grc' dir='ltr'><strong>προσκεκολλήμεθα,</strong></span> <span class='ocrx_word' id='word_1_687' title='bbox 1192 4817 1286 4871; x_wconf 66' lang='grc' dir='ltr'><strong>καὶ</strong></span> <span class='ocrx_word' id='word_1_688' title='bbox 1352 4815 1444 4870; x_wconf 76' lang='grc' dir='ltr'><strong>τὸν</strong></span> <span class='ocrx_word' id='word_1_689' title='bbox 1506 4817 1870 4887; x_wconf 83' lang='grc' dir='ltr'><strong>προκείμενον</strong></span> 
     </span>
    </p>
   </div>
   <div class='ocr_carea' id='block_1_97' title="bbox 307 4905 1868 4980">
    <p class='ocr_par' dir='ltr' id='par_1_97' title="bbox 307 4905 1868 4980">
     <span class='ocr_line' id='line_1_97' title="bbox 307 4905 1868 4980; baseline 0.004 -22"><span class='ocrx_word' id='word_1_690' title='bbox 307 4905 469 4973; x_wconf 82' lang='grc' dir='ltr'><strong>ἀγῶνα</strong></span> <span class='ocrx_word' id='word_1_691' title='bbox 493 4905 658 4969; x_wconf 83' lang='grc' dir='ltr'><strong>ὁσίως</strong></span> <span class='ocrx_word' id='word_1_692' title='bbox 686 4907 1068 4979; x_wconf 81' lang='grc' dir='ltr'><strong>ὲκτελέσομεν,</strong></span> <span class='ocrx_word' id='word_1_693' title='bbox 1090 4910 1183 4963; x_wconf 75' lang='grc' dir='ltr'><strong>καὶ</strong></span> <span class='ocrx_word' id='word_1_694' title='bbox 1203 4907 1596 4979; x_wconf 81' lang='grc' dir='ltr'><strong>δοξασθήσεται</strong></span> <span class='ocrx_word' id='word_1_695' title='bbox 1627 4908 1695 4963; x_wconf 85' lang='grc' dir='ltr'><strong>δι’</strong></span> <span class='ocrx_word' id='word_1_696' title='bbox 1711 4909 1868 4980; x_wconf 85' lang='grc' dir='ltr'><strong>ήμῶν</strong></span> 
     </span>
    </p>
   </div>
   <div class='ocr_carea' id='block_1_98' title="bbox 310 4994 1868 5070">
    <p class='ocr_par' dir='ltr' id='par_1_98' title="bbox 310 4994 1868 5070">
     <span class='ocr_line' id='line_1_98' title="bbox 310 4994 1868 5070; baseline 0.003 -21"><span class='ocrx_word' id='word_1_697' title='bbox 310 4996 391 5049; x_wconf 77' lang='grc' dir='ltr'><strong>καὶ</strong></span> <span class='ocrx_word' id='word_1_698' title='bbox 415 4994 968 5068; x_wconf 75' lang='grc' dir='ltr'><strong>ἁντιδοξάσειενὴμᾶς</strong></span> <span class='ocrx_word' id='word_1_699' title='bbox 999 5000 1274 5062; x_wconf 80' lang='grc' dir='ltr'><strong>ἐντεῦθεν,</strong></span> <span class='ocrx_word' id='word_1_700' title='bbox 1307 5000 1402 5054; x_wconf 71' lang='grc' dir='ltr'><strong>καὶ</strong></span> <span class='ocrx_word' id='word_1_701' title='bbox 1431 5003 1487 5052; x_wconf 75' lang='grc' dir='ltr'><strong>ὲν</strong></span> <span class='ocrx_word' id='word_1_702' title='bbox 1515 5000 1594 5070; x_wconf 81' lang='grc' dir='ltr'><strong>τῷ</strong></span> <span class='ocrx_word' id='word_1_703' title='bbox 1621 4999 1868 5070; x_wconf 84' lang='grc' dir='ltr'><strong>μέλλοντι</strong></span> 
     </span>
    </p>
   </div>
   <div class='ocr_carea' id='block_1_99' title="bbox 313 5085 1868 5164">
    <p class='ocr_par' dir='ltr' id='par_1_99' title="bbox 313 5085 1868 5164">
     <span class='ocr_line' id='line_1_99' title="bbox 313 5085 1868 5164; baseline 0.005 -26"><span class='ocrx_word' id='word_1_704' title='bbox 313 5085 566 5155; x_wconf 77' lang='grc' dir='ltr'><strong>ἑτοιμάσει</strong></span> <span class='ocrx_word' id='word_1_705' title='bbox 595 5087 729 5156; x_wconf 78' lang='grc' dir='ltr'>ἡμῖν</span> <span class='ocrx_word' id='word_1_706' title='bbox 761 5087 1044 5158; x_wconf 82' lang='grc' dir='ltr'><strong>βασιλείαν</strong></span> <span class='ocrx_word' id='word_1_707' title='bbox 1069 5091 1338 5162; x_wconf 81' lang='grc' dir='ltr'><strong>οὐρανῶν.</strong></span> <span class='ocrx_word' id='word_1_708' title='bbox 1396 5089 1509 5144; x_wconf 77' lang='grc' dir='ltr'><strong>Καὶ</strong></span> <span class='ocrx_word' id='word_1_709' title='bbox 1559 5091 1733 5146; x_wconf 82' lang='grc' dir='ltr'><strong>ταῦτα</strong></span> <span class='ocrx_word' id='word_1_710' title='bbox 1769 5093 1868 5164; x_wconf 70' lang='grc' dir='ltr'><strong>μὲν</strong></span> 
     </span>
    </p>
   </div>
   <div class='ocr_carea' id='block_1_100' title="bbox 311 5175 1867 5255">
    <p class='ocr_par' dir='ltr' id='par_1_100' title="bbox 311 5175 1867 5255">
     <span class='ocr_line' id='line_1_100' title="bbox 311 5175 1867 5255; baseline 0.003 -25"><span class='ocrx_word' id='word_1_711' title='bbox 311 5175 517 5248; x_wconf 79' lang='grc' dir='ltr'><strong>διῆλθον,</strong></span> <span class='ocrx_word' id='word_1_712' title='bbox 536 5179 584 5231; x_wconf 87' lang='grc' dir='ltr'><strong>εί</strong></span> <span class='ocrx_word' id='word_1_713' title='bbox 603 5181 700 5234; x_wconf 69' lang='grc' dir='ltr'><strong>καὶ</strong></span> <span class='ocrx_word' id='word_1_714' title='bbox 717 5180 857 5253; x_wconf 79' lang='grc' dir='ltr'><strong>ὑπὲρ</strong></span> <span class='ocrx_word' id='word_1_715' title='bbox 875 5181 1165 5253; x_wconf 74' lang='grc' dir='ltr'><strong>επιστολὴν</strong></span> <span class='ocrx_word' id='word_1_716' title='bbox 1200 5183 1349 5255; x_wconf 80' lang='grc' dir='ltr'><strong>παρά</strong></span> <span class='ocrx_word' id='word_1_717' title='bbox 1367 5201 1529 5236; x_wconf 86' lang='grc' dir='ltr'><strong>τινων</strong></span> <span class='ocrx_word' id='word_1_718' title='bbox 1553 5183 1831 5254; x_wconf 83' lang='grc' dir='ltr'><strong>λογισθείη</strong></span> <span class='ocrx_word' id='word_1_719' title='bbox 1849 5200 1867 5216; x_wconf 78' lang='grc' dir='ltr'><strong>ο</strong></span> 
     </span>
    </p>
   </div>
   <div class='ocr_carea' id='block_1_101' title="bbox 315 5271 1867 5348">
    <p class='ocr_par' dir='ltr' id='par_1_101' title="bbox 315 5271 1867 5348">
     <span class='ocr_line' id='line_1_101' title="bbox 315 5271 1867 5348; baseline 0.004 -24"><span class='ocrx_word' id='word_1_720' title='bbox 315 5271 430 5342; x_wconf 71' lang='grc' dir='ltr'><strong>πρὸς</strong></span> <span class='ocrx_word' id='word_1_721' title='bbox 453 5272 507 5326; x_wconf 81' lang='grc' dir='ltr'><strong>δὲ</strong></span> <span class='ocrx_word' id='word_1_722' title='bbox 529 5274 600 5327; x_wconf 76' lang='grc' dir='ltr'><strong>τὰ</strong></span> <span class='ocrx_word' id='word_1_723' title='bbox 628 5273 933 5348; x_wconf 71' lang='grc' dir='ltr'><strong>ὀφείλοντα,</strong></span> <span class='ocrx_word' id='word_1_724' title='bbox 969 5275 1088 5329; x_wconf 72' lang='grc' dir='ltr'><strong>οὐδὲ</strong></span> <span class='ocrx_word' id='word_1_725' title='bbox 1118 5276 1283 5347; x_wconf 82' lang='grc' dir='ltr'><strong>μέρος</strong></span> <span class='ocrx_word' id='word_1_726' title='bbox 1346 5276 1637 5346; x_wconf 74' lang='grc' dir='ltr'><strong>ἐπιστολῆς</strong></span> <span class='ocrx_word' id='word_1_727' title='bbox 1661 5293 1678 5310; x_wconf 82' lang='grc' dir='ltr'><strong>ο</strong></span> <span class='ocrx_word' id='word_1_728' title='bbox 1731 5277 1867 5348; x_wconf 81' lang='grc' dir='ltr'><strong>ὁμοῦ</strong></span> 
     </span>
    </p>
   </div>
   <div class='ocr_carea' id='block_1_102' title="bbox 321 5366 1871 5442">
    <p class='ocr_par' dir='ltr' id='par_1_102' title="bbox 321 5366 1871 5442">
     <span class='ocr_line' id='line_1_102' title="bbox 321 5366 1871 5442; baseline 0.003 -22"><span class='ocrx_word' id='word_1_729' title='bbox 321 5366 422 5438; x_wconf 72' lang='grc' dir='ltr'><strong>μὲν,</strong></span> <span class='ocrx_word' id='word_1_730' title='bbox 455 5367 523 5422; x_wconf 72' lang='grc' dir='ltr'><strong>τὰ</strong></span> <span class='ocrx_word' id='word_1_731' title='bbox 551 5367 696 5422; x_wconf 79' lang='grc' dir='ltr'><strong>κατὰ</strong></span> <span class='ocrx_word' id='word_1_732' title='bbox 722 5369 814 5423; x_wconf 75' lang='grc' dir='ltr'><strong>τὸν</strong></span> <span class='ocrx_word' id='word_1_733' title='bbox 856 5368 1130 5442; x_wconf 82' lang='grc' dir='ltr'><strong>μακάριον</strong></span> <span class='ocrx_word' id='word_1_734' title='bbox 1164 5371 1372 5424; x_wconf 78' lang='grc' dir='ltr'><strong>ὲιιεῐνον</strong></span> <span class='ocrx_word' id='word_1_735' title='bbox 1403 5371 1871 5442; x_wconf 78' lang='grc' dir='ltr'><strong>ἅνδραγαθήματα</strong></span> 
     </span>
    </p>
   </div>
   <div class='ocr_carea' id='block_1_103' title="bbox 1969 4528 3556 4605">
    <p class='ocr_par' dir='ltr' id='par_1_103' title="bbox 1969 4528 3556 4605">
     <span class='ocr_line' id='line_1_103' title="bbox 1969 4528 3556 4605; baseline -0.009 -12"><span class='ocrx_word' id='word_1_736' title='bbox 1969 4540 2207 4594; x_wconf 88' lang='lat' dir='ltr'><strong>nitiones</strong></span> <span class='ocrx_word' id='word_1_737' title='bbox 2236 4536 2332 4592; x_wconf 89' lang='lat' dir='ltr'><strong>diu</strong></span> <span class='ocrx_word' id='word_1_738' title='bbox 2368 4544 2646 4605; x_wconf 88' lang='lat' dir='ltr'><strong>noctuque</strong></span> <span class='ocrx_word' id='word_1_739' title='bbox 2696 4532 2964 4588; x_wconf 86' lang='lat' dir='ltr'><strong>memoria</strong></span> <span class='ocrx_word' id='word_1_740' title='bbox 3003 4529 3304 4586; x_wconf 88' lang='lat' dir='ltr'><strong>retinentes</strong></span> <span class='ocrx_word' id='word_1_741' title='bbox 3326 4570 3340 4592; x_wconf 87' lang='lat'><strong>,</strong></span> <span class='ocrx_word' id='word_1_742' title='bbox 3384 4528 3556 4582; x_wconf 86' lang='lat' dir='ltr'><strong>otium</strong></span> 
     </span>
    </p>
   </div>
   <div class='ocr_carea' id='block_1_104' title="bbox 1969 4619 3558 4698">
    <p class='ocr_par' dir='ltr' id='par_1_104' title="bbox 1969 4619 3558 4698">
     <span class='ocr_line' id='line_1_104' title="bbox 1969 4619 3558 4698; baseline -0.007 -13"><span class='ocrx_word' id='word_1_743' title='bbox 1969 4631 2023 4686; x_wconf 90' lang='lat' dir='ltr'><strong>in</strong></span> <span class='ocrx_word' id='word_1_744' title='bbox 2051 4631 2160 4684; x_wconf 91' lang='lat' dir='ltr'><strong>illis</strong></span> <span class='ocrx_word' id='word_1_745' title='bbox 2192 4642 2462 4698; x_wconf 87' lang='lat' dir='ltr'><strong>ponamus</strong></span> <span class='ocrx_word' id='word_1_746' title='bbox 2501 4641 2565 4682; x_wconf 87' lang='lat' dir='ltr'><strong>ac</strong></span> <span class='ocrx_word' id='word_1_747' title='bbox 2599 4625 2926 4680; x_wconf 92' lang='lat' dir='ltr'><strong>meditemur</strong></span> <span class='ocrx_word' id='word_1_748' title='bbox 2961 4641 2975 4677; x_wconf 90' lang='lat'><strong>:</strong></span> <span class='ocrx_word' id='word_1_749' title='bbox 3010 4622 3092 4678; x_wconf 89' lang='lat' dir='ltr'><strong>sic</strong></span> <span class='ocrx_word' id='word_1_750' title='bbox 3132 4620 3315 4685; x_wconf 90' lang='lat' dir='ltr'><strong>enim,</strong></span> <span class='ocrx_word' id='word_1_751' title='bbox 3347 4630 3401 4673; x_wconf 91' lang='lat' dir='ltr'><strong>et</strong></span> <span class='ocrx_word' id='word_1_752' title='bbox 3438 4619 3558 4688; x_wconf 87' lang='lat' dir='ltr'><strong>pla-</strong></span> 
     </span>
    </p>
   </div>
   <div class='ocr_carea' id='block_1_105' title="bbox 1969 4711 3558 4784">
    <p class='ocr_par' dir='ltr' id='par_1_105' title="bbox 1969 4711 3558 4784">
     <span class='ocr_line' id='line_1_105' title="bbox 1969 4711 3558 4784; baseline -0.01 -4"><span class='ocrx_word' id='word_1_753' title='bbox 1969 4724 2248 4780; x_wconf 89' lang='lat' dir='ltr'><strong>cuerimus</strong></span> <span class='ocrx_word' id='word_1_754' title='bbox 2267 4721 2375 4776; x_wconf 83' lang='lat' dir='ltr'><strong>Deo</strong></span> <span class='ocrx_word' id='word_1_755' title='bbox 2394 4720 2481 4774; x_wconf 93' lang='lat' dir='ltr'><strong>cui</strong></span> <span class='ocrx_word' id='word_1_756' title='bbox 2507 4718 2862 4781; x_wconf 67' lang='lat' dir='ltr'><strong>adhaesimus,</strong></span> <span class='ocrx_word' id='word_1_757' title='bbox 2890 4724 3190 4784; x_wconf 88' lang='lat' dir='ltr'><strong>sancteque</strong></span> <span class='ocrx_word' id='word_1_758' title='bbox 3210 4711 3558 4783; x_wconf 90' lang='lat' dir='ltr'><strong>propositum</strong></span> 
     </span>
    </p>
   </div>
   <div class='ocr_carea' id='block_1_106' title="bbox 1970 4802 3560 4878">
    <p class='ocr_par' dir='ltr' id='par_1_106' title="bbox 1970 4802 3560 4878">
     <span class='ocr_line' id='line_1_106' title="bbox 1970 4802 3560 4878; baseline -0.009 -8"><span class='ocrx_word' id='word_1_759' title='bbox 1970 4825 2248 4871; x_wconf 89' lang='lat' dir='ltr'><strong>certamen</strong></span> <span class='ocrx_word' id='word_1_760' title='bbox 2278 4812 2683 4868; x_wconf 76' lang='lat' dir='ltr'><strong>confecerimus</strong></span> <span class='ocrx_word' id='word_1_761' title='bbox 2714 4829 2727 4863; x_wconf 91' lang='lat'><strong>:</strong></span> <span class='ocrx_word' id='word_1_762' title='bbox 2767 4809 2926 4878; x_wconf 90' lang='lat' dir='ltr'><strong>isque</strong></span> <span class='ocrx_word' id='word_1_763' title='bbox 2957 4823 2988 4862; x_wconf 91' lang='lat' dir='ltr'><strong>a</strong></span> <span class='ocrx_word' id='word_1_764' title='bbox 3025 4806 3187 4861; x_wconf 87' lang='lat' dir='ltr'><strong>nobis</strong></span> <span class='ocrx_word' id='word_1_765' title='bbox 3220 4802 3560 4874; x_wconf 74' lang='lat' dir='ltr'><strong>glorilicabi-</strong></span> 
     </span>
    </p>
   </div>
   <div class='ocr_carea' id='block_1_107' title="bbox 1976 4895 3560 4972">
    <p class='ocr_par' dir='ltr' id='par_1_107' title="bbox 1976 4895 3560 4972">
     <span class='ocr_line' id='line_1_107' title="bbox 1976 4895 3560 4972; baseline -0.006 -14"><span class='ocrx_word' id='word_1_766' title='bbox 1976 4915 2084 4968; x_wconf 90' lang='lat' dir='ltr'><strong>tur,</strong></span> <span class='ocrx_word' id='word_1_767' title='bbox 2115 4919 2179 4958; x_wconf 87' lang='lat' dir='ltr'><strong>ac</strong></span> <span class='ocrx_word' id='word_1_768' title='bbox 2208 4902 2448 4957; x_wconf 85' lang='lat' dir='ltr'><strong>vicissim</strong></span> <span class='ocrx_word' id='word_1_769' title='bbox 2475 4899 2825 4972; x_wconf 76' lang='lat' dir='ltr'><strong>gloriﬁcabit,</strong></span> <span class='ocrx_word' id='word_1_770' title='bbox 2858 4899 3158 4968; x_wconf 83' lang='lat' dir='ltr'><strong>futuroque</strong></span> <span class='ocrx_word' id='word_1_771' title='bbox 3183 4895 3383 4951; x_wconf 68' lang='lat' dir='ltr'><strong>saeculo</strong></span> <span class='ocrx_word' id='word_1_772' title='bbox 3425 4909 3560 4963; x_wconf 79' lang='lat' dir='ltr'><strong>pra:-</strong></span> 
     </span>
    </p>
   </div>
   <div class='ocr_carea' id='block_1_108' title="bbox 1974 4990 3563 5069">
    <p class='ocr_par' dir='ltr' id='par_1_108' title="bbox 1974 4990 3563 5069">
     <span class='ocr_line' id='line_1_108' title="bbox 1974 4990 3563 5069; baseline -0.008 -16"><span class='ocrx_word' id='word_1_773' title='bbox 1974 4997 2189 5069; x_wconf 84' lang='lat' dir='ltr'><strong>parabit</strong></span> <span class='ocrx_word' id='word_1_774' title='bbox 2210 4997 2433 5052; x_wconf 78' lang='lat' dir='ltr'><strong>caeleste</strong></span> <span class='ocrx_word' id='word_1_775' title='bbox 2457 5009 2706 5066; x_wconf 77' lang='lat' dir='ltr'><strong>regnum.</strong></span> <span class='ocrx_word' id='word_1_776' title='bbox 2744 4993 2926 5062; x_wconf 80' lang='lat' dir='ltr'><strong>Atque</strong></span> <span class='ocrx_word' id='word_1_777' title='bbox 2951 4990 3068 5046; x_wconf 68' lang='lat' dir='ltr'><strong>haec</strong></span> <span class='ocrx_word' id='word_1_778' title='bbox 3096 4990 3392 5054; x_wconf 86' lang='lat' dir='ltr'><strong>hactenus;</strong></span> <span class='ocrx_word' id='word_1_779' title='bbox 3423 5001 3563 5057; x_wconf 80' lang='lat' dir='ltr'><strong>quo-</strong></span> 
     </span>
    </p>
   </div>
   <div class='ocr_carea' id='block_1_109' title="bbox 1975 5078 3562 5154">
    <p class='ocr_par' dir='ltr' id='par_1_109' title="bbox 1975 5078 3562 5154">
     <span class='ocr_line' id='line_1_109' title="bbox 1975 5078 3562 5154; baseline -0.011 -10"><span class='ocrx_word' id='word_1_780' title='bbox 1975 5086 2390 5143; x_wconf 80' lang='lat' dir='ltr'><strong>rumdamlorte</strong></span> <span class='ocrx_word' id='word_1_781' title='bbox 2412 5083 2624 5154; x_wconf 88' lang='lat' dir='ltr'><strong>judicio</strong></span> <span class='ocrx_word' id='word_1_782' title='bbox 2653 5097 2819 5151; x_wconf 86' lang='lat' dir='ltr'><strong>supra</strong></span> <span class='ocrx_word' id='word_1_783' title='bbox 2880 5079 3128 5151; x_wconf 70' lang='lat' dir='ltr'><strong>epistola:</strong></span> <span class='ocrx_word' id='word_1_784' title='bbox 3156 5078 3412 5143; x_wconf 88' lang='lat' dir='ltr'><strong>modum;</strong></span> <span class='ocrx_word' id='word_1_785' title='bbox 3437 5090 3562 5144; x_wconf 64' lang='lat' dir='ltr'><strong>quae</strong></span> 
     </span>
    </p>
   </div>
   <div class='ocr_carea' id='block_1_110' title="bbox 1977 5165 3562 5247">
    <p class='ocr_par' dir='ltr' id='par_1_110' title="bbox 1977 5165 3562 5247">
     <span class='ocr_line' id='line_1_110' title="bbox 1977 5165 3562 5247; baseline -0.009 -12"><span class='ocrx_word' id='word_1_786' title='bbox 1977 5165 2158 5235; x_wconf 83' lang='lat' dir='ltr'><strong>tamen</strong></span> <span class='ocrx_word' id='word_1_787' title='bbox 2192 5193 2292 5233; x_wconf 90' lang='lat' dir='ltr'><strong>nec</strong></span> <span class='ocrx_word' id='word_1_788' title='bbox 2321 5175 2566 5247; x_wconf 67' lang='lat' dir='ltr'><strong>epistolae</strong></span> <span class='ocrx_word' id='word_1_789' title='bbox 2605 5174 2875 5245; x_wconf 83' lang='lat' dir='ltr'><strong>attingant</strong></span> <span class='ocrx_word' id='word_1_790' title='bbox 2913 5180 3147 5242; x_wconf 89' lang='lat' dir='ltr'><strong>partem,</strong></span> <span class='ocrx_word' id='word_1_791' title='bbox 3192 5179 3249 5224; x_wconf 89' lang='lat' dir='ltr'><strong>ut</strong></span> <span class='ocrx_word' id='word_1_792' title='bbox 3280 5175 3562 5239; x_wconf 86' lang='lat' dir='ltr'><strong>spectetur</strong></span> 
     </span>
    </p>
   </div>
   <div class='ocr_carea' id='block_1_111' title="bbox 1979 5259 3562 5336">
    <p class='ocr_par' dir='ltr' id='par_1_111' title="bbox 1979 5259 3562 5336">
     <span class='ocr_line' id='line_1_111' title="bbox 1979 5259 3562 5336; baseline -0.011 -8"><span class='ocrx_word' id='word_1_793' title='bbox 1979 5273 2222 5329; x_wconf 84' lang='lat' dir='ltr'><strong>debitum</strong></span> <span class='ocrx_word' id='word_1_794' title='bbox 2252 5289 2266 5325; x_wconf 89' lang='lat'><strong>:</strong></span> <span class='ocrx_word' id='word_1_795' title='bbox 2303 5278 2420 5323; x_wconf 90' lang='lat' dir='ltr'><strong>tum</strong></span> <span class='ocrx_word' id='word_1_796' title='bbox 2445 5310 2459 5332; x_wconf 90' lang='lat'><strong>,</strong></span> <span class='ocrx_word' id='word_1_797' title='bbox 2517 5269 2735 5334; x_wconf 84' lang='lat' dir='ltr'><strong>inquam</strong></span> <span class='ocrx_word' id='word_1_798' title='bbox 2761 5309 2776 5331; x_wconf 87' lang='lat'><strong>,</strong></span> <span class='ocrx_word' id='word_1_799' title='bbox 2816 5267 2964 5336; x_wconf 85' lang='lat' dir='ltr'><strong>quod</strong></span> <span class='ocrx_word' id='word_1_800' title='bbox 3012 5263 3155 5319; x_wconf 86' lang='lat' dir='ltr'><strong>beati</strong></span> <span class='ocrx_word' id='word_1_801' title='bbox 3203 5261 3307 5317; x_wconf 86' lang='lat' dir='ltr'><strong>viri</strong></span> <span class='ocrx_word' id='word_1_802' title='bbox 3343 5259 3562 5330; x_wconf 70' lang='lat' dir='ltr'><strong>egregia</strong></span> 
     </span>
    </p>
   </div>
   <div class='ocr_carea' id='block_1_112' title="bbox 1981 5351 3561 5430">
    <p class='ocr_par' dir='ltr' id='par_1_112' title="bbox 1981 5351 3561 5430">
     <span class='ocr_line' id='line_1_112' title="bbox 1981 5351 3561 5430; baseline -0.011 -8"><span class='ocrx_word' id='word_1_803' title='bbox 1981 5367 2198 5430; x_wconf 90' lang='lat' dir='ltr'><strong>merito,</strong></span> <span class='ocrx_word' id='word_1_804' title='bbox 2235 5362 2572 5430; x_wconf 90' lang='lat' dir='ltr'><strong>humilisque</strong></span> <span class='ocrx_word' id='word_1_805' title='bbox 2628 5376 2694 5416; x_wconf 88' lang='lat' dir='ltr'><strong>ac</strong></span> <span class='ocrx_word' id='word_1_806' title='bbox 2735 5359 2947 5416; x_wconf 64' lang='lat' dir='ltr'><strong>amicta:</strong></span> <span class='ocrx_word' id='word_1_807' title='bbox 3003 5357 3200 5412; x_wconf 77' lang='lat' dir='ltr'><strong>anima:</strong></span> <span class='ocrx_word' id='word_1_808' title='bbox 3249 5361 3456 5410; x_wconf 71' lang='lat' dir='ltr'><strong>nostra:</strong></span> <span class='ocrx_word' id='word_1_809' title='bbox 3505 5351 3561 5407; x_wconf 90' lang='lat' dir='ltr'><strong>itt</strong></span> 
     </span>
    </p>
   </div>
   <div class='ocr_carea' id='block_1_113' title="bbox 1809 5499 2042 5562">
    <p class='ocr_par' dir='ltr' id='par_1_113' title="bbox 1809 5499 2042 5562">
     <span class='ocr_line' id='line_1_113' title="bbox 1809 5499 2042 5562; baseline -0.013 0"><span class='ocrx_word' id='word_1_810' title='bbox 1809 5499 2042 5562; x_wconf 66' lang='lat' dir='ltr'><strong>NOTAE.</strong></span> 
     </span>
    </p>
   </div>
   <div class='ocr_carea' id='block_1_114' title="bbox 387 5613 1867 5688">
    <p class='ocr_par' dir='ltr' id='par_1_114' title="bbox 387 5613 1867 5688">
     <span class='ocr_line' id='line_1_114' title="bbox 387 5613 1867 5688; baseline 0.003 -18"><span class='ocrx_word' id='word_1_811' title='bbox 387 5613 716 5688; x_wconf 12' lang='lat' dir='ltr'><strong>(7)78auctos.</strong></span> <span class='ocrx_word' id='word_1_812' title='bbox 755 5617 955 5680; x_wconf 83' lang='grc' dir='ltr'><strong>ὁσίους.</strong></span> <span class='ocrx_word' id='word_1_813' title='bbox 1016 5616 1151 5673; x_wconf 86' lang='lat' dir='ltr'><strong>Eam</strong></span> <span class='ocrx_word' id='word_1_814' title='bbox 1199 5632 1386 5674; x_wconf 86' lang='lat' dir='ltr'><strong>vocem</strong></span> <span class='ocrx_word' id='word_1_815' title='bbox 1438 5618 1712 5688; x_wconf 64' lang='lat' dir='ltr'><strong>praacipue</strong></span> <span class='ocrx_word' id='word_1_816' title='bbox 1746 5635 1867 5674; x_wconf 90' lang='lat' dir='ltr'><strong>mo-</strong></span> 
     </span>
    </p>
   </div>
   <div class='ocr_carea' id='block_1_115' title="bbox 330 5687 1870 5760">
    <p class='ocr_par' dir='ltr' id='par_1_115' title="bbox 330 5687 1870 5760">
     <span class='ocr_line' id='line_1_115' title="bbox 330 5687 1870 5760; baseline 0.004 -20"><span class='ocrx_word' id='word_1_817' title='bbox 330 5687 820 5760; x_wconf 71' lang='lat' dir='ltr'><strong>nachisassiguant</strong></span> <span class='ocrx_word' id='word_1_818' title='bbox 849 5726 866 5750; x_wconf 91' lang='lat'><strong>,</strong></span> <span class='ocrx_word' id='word_1_819' title='bbox 930 5703 1061 5760; x_wconf 86' lang='lat' dir='ltr'><strong>snas</strong></span> <span class='ocrx_word' id='word_1_820' title='bbox 1107 5689 1305 5760; x_wconf 90' lang='lat' dir='ltr'><strong>cuique</strong></span> <span class='ocrx_word' id='word_1_821' title='bbox 1353 5687 1564 5756; x_wconf 90' lang='lat' dir='ltr'><strong>ordini,</strong></span> <span class='ocrx_word' id='word_1_822' title='bbox 1610 5687 1679 5760; x_wconf 44' lang='lat' dir='ltr'><strong>:ut</strong></span> <span class='ocrx_word' id='word_1_823' title='bbox 1741 5693 1870 5746; x_wconf 86' lang='lat' dir='ltr'><strong>sunt</strong></span> 
     </span>
    </p>
   </div>
   <div class='ocr_carea' id='block_1_116' title="bbox 332 5756 1871 5830">
    <p class='ocr_par' dir='ltr' id='par_1_116' title="bbox 332 5756 1871 5830">
     <span class='ocr_line' id='line_1_116' title="bbox 332 5756 1871 5830; baseline 0.005 -20"><span class='ocrx_word' id='word_1_824' title='bbox 332 5756 472 5813; x_wconf 66' lang='lat' dir='ltr'><strong>Graeci</strong></span> <span class='ocrx_word' id='word_1_825' title='bbox 501 5756 908 5828; x_wconf 72' lang='grc' dir='ltr'><strong>ἀκριϐέστατοι,</strong></span> <span class='ocrx_word' id='word_1_826' title='bbox 945 5756 1494 5830; x_wconf 73' lang='grc' dir='ltr'><strong>Ιιιιι)οηιεε’ρτορι·ἰοε</strong></span> <span class='ocrx_word' id='word_1_827' title='bbox 1541 5778 1554 5815; x_wconf 89' lang='lat'><strong>:</strong></span> <span class='ocrx_word' id='word_1_828' title='bbox 1605 5759 1695 5816; x_wconf 92' lang='lat' dir='ltr'><strong>Sic</strong></span> <span class='ocrx_word' id='word_1_829' title='bbox 1745 5776 1871 5830; x_wconf 87' lang='lat' dir='ltr'><strong>pas-</strong></span> 
     </span>
    </p>
   </div>
   <div class='ocr_carea' id='block_1_117' title="bbox 629 5851 1312 5914">
    <p class='ocr_par' dir='ltr' id='par_1_117' title="bbox 629 5851 1312 5914">
     <span class='ocr_line' id='line_1_117' title="bbox 629 5851 1312 5914; baseline -0.001 0"><span class='ocrx_word' id='word_1_830' title='bbox 629 5852 899 5914; x_wconf 68' lang='lat' dir='ltr'><strong>Paraon.</strong></span> <span class='ocrx_word' id='word_1_831' title='bbox 934 5851 1049 5912; x_wconf 75' lang='lat' dir='ltr'><strong>Gn.</strong></span> <span class='ocrx_word' id='word_1_832' title='bbox 1085 5852 1312 5913; x_wconf 83' lang='lat' dir='ltr'><strong>XCIX.</strong></span> 
     </span>
    </p>
   </div>
   <div class='ocr_carea' id='block_1_118' title="bbox 1976 5603 3556 5690">
    <p class='ocr_par' dir='ltr' id='par_1_118' title="bbox 1976 5603 3556 5690">
     <span class='ocr_line' id='line_1_118' title="bbox 1976 5603 3556 5690; baseline -0.008 -19"><span class='ocrx_word' id='word_1_833' title='bbox 1976 5614 2080 5690; x_wconf 84' lang='lat' dir='ltr'><strong>sim</strong></span> <span class='ocrx_word' id='word_1_834' title='bbox 2111 5610 2391 5683; x_wconf 89' lang='lat' dir='ltr'><strong>apostolos</strong></span> <span class='ocrx_word' id='word_1_835' title='bbox 2422 5619 2622 5666; x_wconf 90' lang='lat' dir='ltr'><strong>vocant</strong></span> <span class='ocrx_word' id='word_1_836' title='bbox 2644 5603 3556 5690; x_wconf 26' lang='grc' dir='ltr'><strong>Διιιινευιβήμουςο-ἰεροιιΛιιοτυρας,</strong></span> 
     </span>
    </p>
   </div>
   <div class='ocr_carea' id='block_1_119' title="bbox 1977 5680 3555 5756">
    <p class='ocr_par' dir='ltr' id='par_1_119' title="bbox 1977 5680 3555 5756">
     <span class='ocr_line' id='line_1_119' title="bbox 1977 5680 3555 5756; baseline -0.01 -13"><span class='ocrx_word' id='word_1_837' title='bbox 1977 5680 2279 5756; x_wconf 79' lang='lat' dir='ltr'><strong>episcopos</strong></span> <span class='ocrx_word' id='word_1_838' title='bbox 2295 5692 2565 5756; x_wconf 81' lang='lat' dir='ltr'><strong>martyres</strong></span> <span class='ocrx_word' id='word_1_839' title='bbox 2593 5699 2608 5736; x_wconf 87' lang='lat'><strong>:</strong></span> <span class='ocrx_word' id='word_1_840' title='bbox 2639 5680 2934 5746; x_wconf 74' lang='grc' dir='ltr'><strong>δικαίους,</strong></span> <span class='ocrx_word' id='word_1_841' title='bbox 2961 5687 3183 5736; x_wconf 85' lang='lat' dir='ltr'><strong>sanctos</strong></span> <span class='ocrx_word' id='word_1_842' title='bbox 3213 5680 3555 5749; x_wconf 69' lang='lat' dir='ltr'><strong>coniugales.</strong></span> 
     </span>
    </p>
   </div>
   <div class='ocr_carea' id='block_1_120' title="bbox 1979 5754 3076 5828">
    <p class='ocr_par' dir='ltr' id='par_1_120' title="bbox 1979 5754 3076 5828">
     <span class='ocr_line' id='line_1_120' title="bbox 1979 5754 3076 5828; baseline -0.01 -13"><span class='ocrx_word' id='word_1_843' title='bbox 1979 5754 2075 5816; x_wconf 83' lang='lat' dir='ltr'><strong>seu</strong></span> <span class='ocrx_word' id='word_1_844' title='bbox 2102 5770 2201 5812; x_wconf 88' lang='lat' dir='ltr'><strong>nec</strong></span> <span class='ocrx_word' id='word_1_845' title='bbox 2233 5754 2474 5828; x_wconf 72' lang='lat' dir='ltr'><strong>virgines</strong></span> <span class='ocrx_word' id='word_1_846' title='bbox 2504 5765 2605 5810; x_wconf 86' lang='lat' dir='ltr'><strong>nec</strong></span> <span class='ocrx_word' id='word_1_847' title='bbox 2648 5761 2939 5825; x_wconf 77' lang='lat' dir='ltr'><strong>martyres,</strong></span> <span class='ocrx_word' id='word_1_848' title='bbox 2968 5759 3076 5808; x_wconf 84' lang='lat' dir='ltr'><strong>etc.</strong></span> 
     </span>
    </p>
   </div>
   <div class='ocr_carea' id='block_1_121' title="bbox 3077 5835 3158 5904">
    <p class='ocr_par' dir='ltr' id='par_1_121' title="bbox 3077 5835 3158 5904">
     <span class='ocr_line' id='line_1_121' title="bbox 3077 5835 3158 5904; baseline 0 0"><span class='ocrx_word' id='word_1_849' title='bbox 3077 5835 3158 5904; x_wconf 71' lang='grc' dir='ltr'><strong>ὅθ</strong></span> 
     </span>
    </p>
   </div>
  </div>
