4122 6382
172 391 324 460 183Ἱ
414 394 415 397 “

1156 380 1255 452 DE
1296 387 1526 451 OBITU
1576 386 1638 448 S.
1691 379 2087 446 THEODORI
2140 374 2511 441 STUDIT/E.

3332 371 3469 437 1838

263 527 285 562 ι
334 498 584 575 ’Δδελφοὶ
632 501 729 559 καὶ
776 503 1021 577 Πατέρες
1050 518 1064 532 ⁸
1113 503 1409 575 ἠσθένησα,
1464 501 1561 556 καὶ
1619 498 1818 559 πάλιν,

1961 514 1981 547 ι
2008 493 2249 560 Fratres,
2293 500 2605 563 patresque,
2639 485 2935 558 aegrotavi],
2954 484 3259 557 iterumque
3272 484 3473 541 vestris

166 601 377 674 εὐχαῖς
411 598 565 671 ὑμῶν
596 599 1001 669 ἀνακέκλημαι.
1039 596 1179 650 Ἀλλ’
1209 596 1319 659 ἕως
1346 595 1480 649 πότε
1518 593 1786 665 μέλλομεν

167 691 447 765 ἔρχεσθαι
476 688 570 743 ἐπὶ
584 687 646 741 τὸ
678 686 906 752 actim;
942 684 1259 740 Ἐλεὺσεται
1288 685 1354 757 δὴ
1386 682 1650 752 πάντωςή
1670 682 1787 734 ὲπι-

171 784 445 847 θάνατιος
472 781 677 853 ἡμέρα,
699 781 790 835 ὅτε
819 780 919 851 οὑχ
951 778 1065 844 ἔξει
1099 777 1284 851 χώραν
1317 776 1378 829 τὸ
1406 774 1614 841 πάλιν,
1673 789 1784 844 χωο

174 875 424 948 ρίζουσά
458 893 525 946 με
556 874 650 943 ἀφ’
685 872 864 944 ὑμῶν,
898 871 994 925 καλ.
1016 868 1469 941 παραπέμπουσα
1505 883 1573 936 με
1593 865 1660 919 ὲκ
1677 862 1788 917 τῶν

174 970 433 1025 tvm-:63.
464 966 539 1022 Οὐ
574 964 680 1038 μὴν
693 965 781 1018 διὰ
805 961 966 1017 τοῦτο
995 963 1276 1031 λογιστέον
1305 958 1573 1032 ὀρφανίαν
1594 972 1609 989 ⁸
1629 956 1791 1027 ἀψευο

173 1060 292 1134 δὴς
319 1061 430 1131 γὰρ
458 1061 487 1113 ὁ
509 1056 699 1112 εἰπών’
735 1059 857 1109 Οὐκ
890 1055 1109 1124 ἀφήσω
1140 1051 1297 1123 ὑμᾶς
1326 1050 1629 1122 ὀρφανούς
1647 1048 1787 1113 ’καὶ,

192 1146 356 1210 Ἰδοὺ
391 1150 505 1223 ἐγὼ
530 1149 659 1221 μεθ’
694 1146 861 1219 ὑμῶν
888 1150 1007 1219 εἰμι
1044 1145 1250 1211 πάσας
1279 1145 1387 1211 τὰς
1415 1139 1790 1211 ἠμέρας,ἓως

176 1247 309 1315 τῆς
337 1241 701 1308 συντελείας
726 1240 832 1296 τοῦ
860 1238 1079 1305 αἰῶνος
1111 1254 1124 1269 ο
1158 1236 1336 1299 ἄλλως
1367 1252 1427 1289 τε
1460 1234 1556 1289 καὶ
1586 1232 1791 1303 ὀψόμε-

182 1338 268 1393 θα
310 1335 577 1405 ἀλλήλους
617 1334 674 1387 ἐν
706 1335 774 1403 τῇ
808 1331 995 1403 ἡμέρᾳ
1026 1328 1241 1400 ἐκείνῃ·
1301 1325 1418 1382 ἀλλ’
1473 1325 1560 1396 εἴη
1616 1324 1792 1377 εἰπεῖν

181 1430 256 1483 ὲν
282 1425 429 1500 χαρᾷ
456 1425 809 1495 ἀνεκλαλήτῳ
840 1423 936 1475 καὶ
966 1421 1081 1491 ζωῇ
1120 1417 1481 1489 ἀτελευτήτῳ.
1520 1410 1585 1468 Ὃ
1617 1414 1672 1468 δὲ
1693 1413 1793 1467 πέ-

184 1520 374 1574 πονθα
413 1520 472 1571 ὲν
509 1520 575 1587 τῇ
619 1508 877 1586 ἀσθενείᾳ
928 1513 1047 1566 ίστε
1075 1529 1090 1542 ·
1140 1510 1257 1574 πῶς
1318 1509 1423 1563 ὑπὸ
1457 1509 1643 1579 ῥίγους
1697 1522 1792 1559 συ-

188 1610 437 1682 σχεθεὶς,
475 1609 849 1664 ἀνυπόστατον
904 1602 1093 1660 κλόνον
1154 1603 1397 1672 ὑπέστην
1426 1616 1441 1630 ·
1502 1594 1621 1653 εἶτα
1677 1598 1795 1661 πῶς

187 1705 400 1760 θᾶττον
433 1700 668 1774 ὲὸλήθην
692 1697 796 1754 ὑπὸ
828 1691 1088 1762 διακαοῦς
1110 1695 1349 1769 πυρετοῦ
1383 1696 1513 1766 ὅλην
1538 1693 1753 1765 ἡμέραν
1777 1728 1792 1746 .

1890 584 2144 657 precibus
2170 580 2445 639 convalui.
2488 578 2808 642 Enimvero,
2852 576 3098 647 quandiu
3124 577 3341 632 venturi
3379 591 3475 630 su-

1889 693 2013 733 mus
2039 677 2106 732 ad
2140 676 2271 732 illud
2297 714 2312 742 ,
2368 672 2615 729 Iterum?
2661 672 2805 727 Sane
2854 672 3082 726 omnino
3130 679 3357 725 ventura
3390 677 3477 724 est

1889 768 2087 824 mortis
2116 768 2255 831 dies,
2288 764 2509 837 quando
2556 763 2635 819 illi
2663 765 2853 818 iterum
2883 777 2991 818 non
3026 762 3098 817 sit
3138 760 3362 817 futurus
3396 759 3478 816 lo-

1890 875 1989 918 cus
2025 877 2041 915 :
2078 859 2270 915 mortis
2316 858 2539 928 inquam
2572 856 2690 912 dies
2714 896 2730 924 ,
2761 870 2869 926 qua
2905 870 2937 909 a
2983 855 3140 911 vobis
3182 854 3287 910 sim
3318 869 3477 924 sepan

1891 951 2120 1017 randus,
2161 960 2328 1021 atque
2379 950 2448 1005 ab
2500 948 2760 1004 humanis
2791 948 3152 1019 migraturus.
3192 946 3314 1003 Non
3356 948 3479 1001 ideo

1892 1051 2075 1098 tamen
2116 1041 2419 1110 reputanda
2468 1040 2716 1095 orbitas:
2746 1038 2949 1110 quippe
2997 1054 3167 1095 verax
3207 1047 3329 1106 est,
3385 1036 3476 1107 qu’

1891 1133 2029 1188 dixit
2061 1151 2075 1189 :
2109 1132 2234 1188 Non
2265 1133 2566 1203 relinquant
2612 1147 2701 1184 vos
2751 1132 3014 1197 orplmnos
3059 1132 3099 1163 ¹¹
3134 1147 3149 1197 ;
3196 1138 3253 1185 et
3287 1150 3301 1185 :
3344 1130 3480 1185 Ecce

1891 1243 1984 1298 ego
2018 1229 2286 1283 uobiscum
2325 1244 2445 1281 sum
2476 1224 2718 1280 omnibus
2749 1224 2934 1278 diebus
2958 1240 3119 1296 usque
3141 1224 3212 1278 ad
3240 1240 3485 1279 consum-

1894 1321 2180 1376 mationem
2210 1320 2395 1376 steculi
2422 1320 2464 1353 η
2492 1338 2506 1374 :
2549 1338 2565 1372 ι
2597 1316 2868 1375 Praeterea
2901 1318 3071 1373 etiam
3100 1317 3346 1375 futurum
3379 1327 3483 1381 est,

1894 1422 1957 1469 ut
1991 1429 2095 1469 nos
2126 1412 2218 1468 illa
2260 1412 2348 1467 die
2379 1419 2571 1467 mutuo
2619 1409 2906 1465 videamus
2939 1427 2952 1463 :
2990 1410 3201 1465 utinam
3247 1424 3380 1465 vero
3430 1410 3484 1464 in

1895 1506 2095 1578 gaudio
2145 1505 2541 1571 inenarrabili,
2592 1514 2647 1560 et
2695 1504 2808 1558 vita
2858 1503 3280 1559 interminabili.
3328 1502 3485 1569 Quod

1894 1615 2062 1671 porro
2102 1599 2237 1654 mihi
2274 1598 2329 1654 in
2379 1597 2699 1653 inﬁrmitate
2729 1598 2973 1665 accidit,
3015 1612 3135 1671 non
3171 1612 3269 1652 vos
3311 1597 3487 1652 latet:

1897 1670 1959 1748 ut
1997 1692 2176 1760 rigore
2206 1689 2645 1760 constringente,
2677 1688 3080 1744 intolerabilem
3126 1670 3334 1759 passus
3382 1689 3487 1743 sim

201 1794 597 1869 Ἐνεθυμήθην
625 1790 718 1849 οὖν
767 1794 846 1858 είς
877 1791 1118 1865 ἐμαυτὸν
1144 1792 1391 1861 πάσχων,
1448 1790 1532 1843 ὅτι
1585 1789 1795 1859 μήποτε

1922 1784 2307 1856 [uassationem
2333 1797 2348 1835 :
2373 1791 2545 1853 utque
2566 1782 2917 1853 postmodum
2942 1782 3012 1835 ab
3034 1780 3233 1837 ardore
3253 1779 3488 1837 febrium

191 1845 1054 1960 κ’ἆινέξρᾙ’ᾖετᾷσύσέίκδιᾷεμ
1084 1845 1316 1953 austri;
1341 1845 1453 1936 τῶν
1495 1845 1796 1950 Ταρτάρων

1922 1845 2044 1930 liem
2078 1881 2249 1928 totam
2285 1845 2583 1943 jacuerim:
2628 1870 2723 1928 Sic
2760 1887 2864 1943 ego
2915 1871 3127 1928 habens
3179 1872 3489 1943 cogitabam

192 1981 499 2055 τιμωρίας,
530 1980 648 2034 ἔστι
687 1978 1055 2050 μεταπίπτειν
1083 1977 1165 2041 εἰς
1196 1976 1297 2049 τὴν
1321 1976 1551 2045 γέενναν
1573 1970 1668 2026 τοὺ
1694 1986 1800 2023 πυ-

196 2076 303 2147 ρός
326 2093 341 2108 ·
370 2076 467 2130 καὶ
496 2075 643 2128 δυοῖν
674 2070 838 2143 τυχὸν
867 2068 1172 2142 τιμωριῶν,
1195 2069 1230 2141 ἢ
1260 2068 1356 2123 καὶ
1371 2064 1630 2121 πλειόνων
1652 2061 1801 2116 ἐστὶν

34 2186 35 2189 ‘
101 2200 106 2205 -
196 2168 517 2232 ὑπεύθυνος
549 2168 579 2220 ὁ
609 2164 962 2236 ταλαίπωρος
994 2161 1303 2232 ἄνθρωπος.

280 2335 430 2413 Πλὴν
474 2335 587 2394 εἴτε
618 2336 769 2410 μιᾶς,
822 2328 933 2392 εἴτε
964 2334 1109 2391 δυοῖν
1135 2376 1152 2404 ,
1208 2324 1607 2407 τεκμαίρεσθαι
1658 2330 1805 2385 ἔστιν

199 2435 277 2490 ὲκ
311 2434 419 2488 τῶν
466 2430 707 2487 ἐνταῦθα
733 2428 1029 2499 ἀλγεινῶν,
1061 2429 1162 2500 τὴν
1190 2428 1563 2482 ἀνυπόστατον
1586 2426 1680 2480 ἐπὶ
1693 2426 1808 2489 τοῖς

204 2518 562 2596 ἁμαρτωλοῖς
594 2520 767 2593 ὀργὴν
790 2518 884 2573 τοῦ
917 2518 1051 2573 Θεοῦ
1083 2535 1096 2548 ·
1124 2518 1221 2572 καὶ
1251 2517 1405 2589 φόϐῳ
1451 2515 1657 2587 πολλῷ,
1714 2515 1810 2569 καὶ

223 2614 425 2686 τρόμῳ
455 2611 780 2684 συνέχεσθαι
812 2610 1083 2677 ἐντεῦθεν,
1117 2611 1198 2673 είς
1228 2610 1288 2664 τδ
1322 2608 1398 2682 μὴ
1428 2603 1683 2662 ἐκπεσεῖν
1731 2606 1811 2671 είς

204 2707 318 2771 τὰς
388 2705 757 2769 ἀνυποίστους
818 2703 1075 2767 κολάσεις
1127 2702 1369 2766 ὲκείνας.
1428 2700 1736 2773 Τοιγαροῦν
1785 2700 1814 2751 ὁ

210 2797 414 2871 παρὼν
442 2797 715 2869 διωγμός·
741 2790 825 2861 οἷς
863 2794 983 2868 μὲν,
1025 2794 1128 2866 ὑλη
1178 2795 1382 2866 ἀρετῆς
1427 2794 1649 2865 εὑρέθη,
1714 2791 1817 2847 Ἔν

210 2884 266 2959 ᾧ
300 2891 659 2960 ἐξέλαμψαν
686 2888 767 2954 ὠς
794 2878 1110 2958 φωστῆρες
1127 2887 1199 2941 ἐν
1220 2888 1446 2955 κόσμῳ,
1464 2886 1651 2955 λόγον
1670 2881 1818 2953 ζωῆς

216 2976 583 3051 ἐπέχοντες,
616 2982 705 3045 είς
729 2980 1015 3048 καύχημα
1047 2977 1178 3047 ἐμοὶ
1219 2978 1289 3048 (εί
1313 2977 1472 3046 Θέμις
1496 2976 1692 3046 εἰπεῖν)
1731 2978 1820 3041 είς

210 3070 456 3145 ἡμέραν
486 3067 746 3142 Χριστοῦ
768 3089 783 3104 ·
806 3071 858 3124 τί
892 3072 951 3124 οὑ
971 3070 1134 3124 καλὸν
1161 3070 1526 3141 ἐργασάμενοι
1553 3087 1568 3136 ;
1600 3070 1682 3133 είς
1704 3068 1820 3121 οἵαν

1902 1964 2041 2037 apud
2071 1964 2366 2034 meipsum,
2412 1978 2544 2018 num
2574 1971 2628 2018 et
2656 1962 2711 2018 in
2746 1961 2933 2018 futuro
2957 1961 3192 2032 judicio,
3235 1979 3264 2017 a
3320 1972 3492 2018 tarta-

1903 2059 2014 2114 reis
2037 2054 2380 2113 cruciatibus
2396 2054 2469 2111 sit
2496 2054 2738 2111 incidere
2758 2054 2813 2111 in
2840 2056 3147 2125 gehennam
3174 2054 3317 2127 ignis
3341 2055 3492 2128 (12):

1904 2164 2107 2206 numve
2146 2148 2315 2205 miser
2344 2147 2511 2203 homo
2536 2146 2740 2219 duplici
2776 2160 2975 2219 poenae,
3002 2148 3083 2203 ait
3123 2148 3293 2205 etiam
3320 2148 3494 2221 pluris

1905 2245 2035 2309 bus,
2062 2241 2339 2298 obnoxius
2374 2241 2469 2298 sit.

1978 2335 2275 2401 Caeterum,
2312 2333 2429 2391 sive
2471 2349 2580 2389 una
2635 2341 2858 2389 maneat
2899 2348 3086 2404 paena,
3118 2333 3233 2390 sive
3274 2332 3497 2404 duplex,
3558 2320 3561 2323 λ

1908 2440 2060 2487 certo
2083 2426 2383 2496 coniectari
2416 2426 2564 2491 licet,
2588 2442 2653 2481 ex
2686 2425 2975 2497 praesentis
3016 2426 3143 2481 vitae
3180 2426 3498 2493 doloribus,

1911 2521 2031 2576 fore
2063 2519 2160 2574 Dei
2208 2522 2346 2575 iram
2387 2520 2442 2573 in
2490 2528 2809 2590 peccatores
2851 2518 3252 2575 intolerabilem
3288 2536 3303 2573 :
3335 2524 3501 2589 atque

1913 2610 2074 2676 adeo,
2109 2608 2284 2664 multo
2337 2608 2536 2664 timore
2583 2622 2650 2663 ac
2689 2616 2936 2663 tremore
2973 2608 3336 2664 habuerimus
3365 2622 3503 2663 con-

1918 2702 2140 2773 stringi,
2175 2710 2234 2756 ut
2261 2716 2331 2756 ne
2360 2700 2414 2755 in
2446 2715 2639 2772 pmnas
2672 2701 2794 2758 illas
2834 2700 3210 2758 intolerabiles
3242 2702 3505 2757 incideri-

1920 2812 2067 2852 mus.
2096 2795 2347 2851 Praesens
2376 2809 2508 2866 ergo
2540 2796 2875 2866 persecutio,
2902 2795 3025 2852 aliis
3055 2796 3301 2868 quidem,
3332 2795 3507 2851 virtu-

1918 2889 1990 2945 tis
2019 2887 2247 2943 materia
2284 2888 2505 2942 inventa
2530 2896 2639 2953 est,
2677 2888 2799 2954 Qua
2838 2888 2974 2943 sicut
3003 2888 3296 2943 luminaria
3324 2888 3510 2944 elusco

1921 2990 2044 3035 runt
2077 2981 2133 3035 in
2164 2981 2385 3045 mundo,
2416 2997 2711 3035 sermonem
2751 2982 2874 3036 vita:
2904 2982 3153 3037 habentes
3181 2983 3251 3037 ad
3285 2982 3512 3054 gloriam

1924 3087 2095 3126 meam
2130 3071 2199 3138 (si
2230 3071 2314 3127 fas
2341 3080 2427 3127 est
2455 3072 2660 3144 dicere)
2693 3072 2855 3128 indie
2876 3072 3081 3130 Christi
3118 3075 3183 3128 η.
3215 3073 3336 3140 Quo
3368 3075 3515 3129 bono

208 3160 271 3220 δὲ
305 3164 595 3237 βελτίωσιν
623 3164 685 3218 οὑ
720 3163 1121 3236 προελθόντεςς
1153 3163 1235 3216 ὅτι
1286 3162 1383 3216 καὶ
1421 3163 1670 3227 ἑαυτοὺς,
1729 3161 1818 3216 καί

1932 3185 2042 3226 non
2084 3169 2366 3226 defuncti?
2404 3168 2524 3235 Quo
2553 3184 2661 3225 non
2692 3169 2939 3241 profectu
2980 3186 3046 3227 ac
3073 3170 3411 3242 proiectione
3444 3167 3516 3225 ad

206 3254 462 3326 ἔσωσαν,
496 3259 592 3313 καὶ
629 3257 920 3323 σώζουσιν,
955 3255 1431 3327 ἐγγυμνασθὼτες
1456 3259 1570 3319 τοῖς
1619 3272 1812 3322 πειρα-

210 3352 410 3421 σμοῖς,
467 3348 811 3421 πυρωθέντες
836 3351 956 3412 ταῖς
991 3344 1203 3419 θλίψεσι
1236 3347 1585 3419 χρυσοειδῶς,
1620 3348 1814 3411 ἄλλους

208 3454 273 3493 τε
320 3439 696 3512 προσιέμενοι,
730 3436 826 3491 καὶ
866 3438 1111 3509 σωτῆρες
1145 3438 1354 3493 πολλῶν
1381 3437 1661 3509 ὀφθέντες,
1693 3438 1819 3507 ὁμο·

213 3532 420 3602 ταγῶν
450 3548 510 3584 τε
536 3531 629 3585 καὶ
651 3531 988 3602 ὲτεροταγῶν
1005 3547 1019 3562 ·
1044 3529 1164 3602 μεθ’
1186 3525 1261 3585 ῶν
1283 3531 1366 3603 είη
1395 3549 1485 3602 μοι
1516 3547 1581 3602 με
1592 3532 1695 3602 ρἰς,
1723 3530 1819 3584 καὶ

215 3627 274 3681 εἴ
300 3642 420 3679 ’τινι
451 3624 604 3695 φίλον
632 3625 756 3694 ἐμοὶ
781 3622 1174 3677 συντάττεσθαι
1199 3640 1213 3655 ο
1245 3620 1326 3685 οἷς
1356 3623 1434 3685 δὲ,
1466 3623 1562 3675 καὶ
1608 3621 1821 3684 τούτοις

218 3720 572 3787 ὀλιγοστοῖς,
622 3714 722 3788 ὕλη
777 3716 997 3782 κακίας,
1050 3717 1118 3787 τῇ
1170 3714 1477 3786 αὐθαιρέτῳ
1536 3713 1673 3786 ζωῇ,
1728 3714 1824 3767 καὶ

220 3811 404 3868 οἱονεὶ
450 3808 808 3879 ἁπονοσφίσει
838 3809 940 3879 τῆς
1000 3809 1284 3880 ὑποταγῆς
1344 3809 1678 3879 ὲνεργήσασι
1727 3807 1825 3871 τὰς

225 3904 453 3962 ἑαυτῶν
495 3903 777 3976 αἰσχύνας.
807 3902 973 3957 Ὅθεν
996 3901 1291 3972 Γραφικῶς
1345 3900 1600 3972 εὔκαιρον
1629 3902 1824 3954 εἰπεῖν·

240 3999 596 4055 Ἐσκότωσε
629 3997 695 4052 τὸ
727 3994 888 4062 εἶδος
921 3997 1026 4051 τοῦ
1054 3996 1381 4064 προσώπου
1410 3994 1628 4059 αὐτῶν,
1684 3994 1829 4049 ὡσεὶ

230 4094 307 4149 de
323 4094 498 4161 66.111'
515 4092 651 4164 πρὸς
676 4088 768 4155 οὒς
782 4091 876 4144 καὶ
896 4091 1160 4162 βοήσομαι
1182 4107 1193 4120 ⁸
1223 4090 1341 4145 Υἱοὶ
1370 4090 1603 4158 ἄνομοι,
1618 4088 1831 4157 ἐγκατ-

234 4182 480 4241 ελίπετε
526 4181 634 4237 τὸν
667 4184 883 4252 Κύριον
908 4197 920 4210 ⁸
954 4181 1222 4252 ἡλλάξατε
1256 4181 1325 4234 τὰ
1353 4180 1559 4251 νόμιμα
1586 4180 1685 4250 τῆς
1733 4195 1832 4249 μοι

239 4276 469 4347 ναδικῆς
490 4274 829 4339 διαϐιώσεως
855 4292 870 4309 ο
901 4274 1126 4345 τροχιὰς
1164 4273 1330 4344 ὀρθὰς
1379 4273 1481 4326 οὑκ
1520 4271 1694 4344 ἔχετε,
1717 4271 1833 4326 ἀλλ’

240 4368 321 4433 ὼς
351 4368 519 4439 χωλοὶ
553 4366 887 4439 ἐκτρέπεσθε
919 4362 1022 4422 ὧδε
1053 4370 1279 4421 κακεῑσε
1310 4366 1599 4438 φερόμενοι
1632 4384 1648 4399 ·
1696 4367 1836 4421 dmo-

242 4459 521 4515 ὃιίστασθε
550 4461 661 4513 τῶν
715 4460 974 4514 συνοδιῶν
1026 4459 1218 4531 ὑμῶν’
1274 4458 1688 4529 φιλογυνιάζετε
1718 4475 1735 4493 ’
1786 4459 1836 4513 ei

1918 3263 2169 3318 meliora?
2184 3262 2319 3317 Nam
2348 3271 2404 3318 et
2427 3272 2719 3318 servarunt
2747 3264 2958 3334 seipsos
2986 3272 3333 3334 servantque,
3362 3276 3520 3318 exen-

1920 3355 2073 3413 citati
2153 3355 2545 3410 tentationibus
2575 3393 2592 3423 ,
2632 3356 2751 3410 auri
2822 3355 2999 3410 instar
3051 3355 3519 3421 tribulationibus,

1920 3449 2070 3505 velut
2117 3447 2239 3519 igne
2301 3448 2517 3518 probati
2564 3446 2888 3518 purgatique
2930 3463 2945 3514 ;
2994 3447 3088 3518 qui
3146 3456 3202 3503 et
3252 3446 3523 3517 recipiant

1926 3541 2088 3606 alios,
2125 3548 2180 3594 et
2212 3538 2509 3594 multorum
2538 3554 2597 3594 se
2620 3548 2932 3595 servatores
2963 3537 3336 3604 exbibuerint,
3367 3538 3522 3607 ejus-

1927 3633 2053 3689 dem
2079 3648 2270 3688 secum
2303 3647 2370 3689 ac
2394 3632 2600 3688 diversi
2630 3632 2842 3688 ordinis
2879 3650 2894 3687 :
2934 3632 3267 3703 quibuscum
3308 3640 3521 3702 partem

1929 3726 2068 3781 mihi
2102 3725 2248 3780 Deus
2276 3725 2641 3793 concesserit,
2672 3741 2738 3781 ac
2765 3725 2813 3781 si
2852 3725 2965 3791 cui,
2998 3738 3056 3781 ut
3086 3725 3223 3779 mihi
3251 3724 3526 3795 adiunge-

1931 3825 2040 3879 tur,
2077 3814 2334 3884 placitum
2371 3815 2534 3869 fuerit
2578 3828 2595 3868 :
2636 3815 2759 3870 aliis
2816 3827 2998 3873 autem
3066 3819 3244 3889 ilsque
3295 3820 3524 3888 paucis,

1934 3908 2166 3965 materia
2210 3907 2316 3963 fuit
2366 3915 2423 3961 et
2453 3906 2675 3962 occasio
2709 3907 2936 3963 sceleris
2964 3922 3030 3965 ac
3062 3911 3249 3981 probri
3275 3928 3288 3965 :
3321 3911 3409 3975 iis,
3439 3912 3529 3966 in-

1936 4014 2127 4071 quam,
2160 3999 2256 4069 qui
2298 3998 2424 4053 vita:
2466 3997 2736 4063 libertate,
2784 4014 2851 4056 ac
2898 4000 3047 4057 velut
3078 4002 3343 4058 'suifurati
3394 4004 3530 4059 obe-

1938 4091 2198 4148 dientiam
2230 4090 2366 4161 (1'5),
2410 4104 2509 4146 sua
2540 4090 2788 4160 ipsorum
2822 4092 3092 4150 dedecora
3126 4096 3339 4165 operati
3378 4104 3528 4153 sunt.

1939 4185 2123 4250 Quare
2166 4191 2476 4253 opportune
2508 4197 2605 4237 ceu
2642 4181 2943 4253 Scripturae
2971 4186 3155 4243 verbis
3181 4186 3480 4243 dixerimus
3512 4204 3528 4243 :

1946 4276 2299 4333 Obtenebruta
2328 4285 2404 4330 est
2435 4277 2631 4345 species
2677 4277 2852 4331 vultus
2881 4292 3063 4332 eorum
3093 4280 3232 4333 sicut
3257 4280 3427 4351 [uligo
3454 4281 3531 4334 ’δι

1945 4370 2012 4425 ad
2044 4385 2183 4440 quos
2214 4368 2377 4424 etiam
2413 4369 2697 4426 clamabo:
2735 4367 2867 4424 Filii
2903 4370 3135 4437 scelesti,
3171 4372 3530 4443 dereliquistis

1950 4461 2238 4516 Dominum
2269 4459 2351 4515 “z
2384 4460 2720 4516 immutastis
2750 4460 2991 4531 legitima
3019 4462 3146 4518 vitae
3173 4464 3532 4519 monasticae:

248 4554 372 4625 μὲν,
406 4552 785 4625 μεμονωμένοι
813 4552 1176 4624 τυγχάνοντες
1199 4568 1214 4583 ο
1248 4554 1297 4605 οἱ
1328 4552 1406 4618 δὲ,
1425 4552 1647 4617 δούλους
1675 4551 1816 4607 ὠνού

1949 4556 2069 4613 Νοιι
2108 4554 2318 4611 habetis
2348 4568 2572 4625 gressus
2605 4562 2786 4610 rectos
2820 4554 2883 4623 ης
2910 4554 3004 4610 sed
3034 4555 3185 4611 velut
3214 4555 3396 4611 claudi
3431 4557 3537 4612 huc

250 4662 446 4718 μενοι·
480 4646 636 4711 ἔνιοι,
663 4645 975 4719 ἐμπορικὴν
1018 4644 1166 4717 ζωὴν
1202 4644 1582 4716 διαμείϐοντες
1627 4644 1718 4699 διὰ
1740 4646 1840 4717 τὴν

321 4761 364 4795 ¹¹
400 4760 559 4818 Joan.
600 4777 717 4829 τιν,
743 4761 833 4818 l8.
929 4762 974 4794 “
1005 4759 1200 4817 Matth.
1236 4774 1435 4828 xxvm,
1467 4761 1561 4817 ρο.

250 4849 356 4899 ιιι,
394 4832 485 4887 l3.

1681 4764 1725 4797 ³³
1762 4763 1906 4823 Phil.
1939 4781 2003 4833 tt,
2038 4764 2127 4820 15.
2220 4762 2265 4794 ¹⁸
2290 4758 2498 4816 Thren.
2545 4776 2621 4827 tv,
2650 4760 2703 4817 8.

1948 4658 2114 4721 atque
2148 4649 2278 4704 illuc
2307 4647 2648 4703 deﬂectentes
2674 4647 2798 4716 iter,
2831 4646 3089 4704 ferimini.
3160 4648 3536 4719 Abjungimini

2784 4761 2854 4797 ν¹⁸
2904 4761 3011 4818 lsa.
3047 4778 3087 4829 ι,
3133 4763 3191 4819 4.
3295 4763 3341 4796 ⁸⁸
3370 4760 3536 4820 Hebr.

1780 4926 2020 4987 ΝΟΤΑΞ.

255 5016 553 5080 districtio,
594 5017 660 5089 in
713 5017 782 5071 iis
823 5016 1087 5089 maxime,
1135 5032 1262 5089 qua;
1316 5028 1444 5089 sunt
1492 5017 1743 5086 canonis,
1789 5029 1846 5077 et

258 5097 459 5159 sancte
492 5088 765 5159 obtinent,
798 5087 1167 5143 continenda!
1189 5087 1435 5156 religioni
1484 5104 1712 5159 prorsus
1746 5105 1844 5147 nc-

258 5158 522 5231 cessaria.
580 5158 737 5227 Apud
760 5227 772 5231 Α
810 5159 1041 5231 Paulum
1113 5158 1495 5231 ἀπαράὸατος
1531 5158 1802 5231 ἱερωσύνη
1828 5202 1843 5224 ,

261 5226 429 5285 Hebr.
458 5245 557 5291 vn,
586 5226 955 5282 sacerdotium
986 5236 1089 5293 est,
1138 5226 1283 5299 quod
1328 5244 1436 5283 non
1488 5226 1728 5285 transeat
1779 5226 1847 5286 ad

262 5300 453 5361 alium,
484 5314 661 5369 eoque
686 5310 1032 5370 perpetuum,
1059 5309 1222 5367 atque
1247 5299 1503 5370 utreddit
1532 5300 1803 5370 interpres
1829 5317 1843 5355 :

261 5368 653 5438 sempiternum.
707 5369 859 5437 Apud
896 5368 1068 5437 Epict.
1110 5368 1466 5440 ἀπαράϐατος
1489 5368 1845 5438 νόμοςίιεαε,

263 5457 425 5497 auum
459 5456 608 5494 nemo
635 5440 1082 5509 lransgrediatur.

335 5510 448 5580 (l2)
481 5512 524 5564 Α
563 5508 1166 5581 ιανιατοίζςλενιιείαιὶὁιιε
1195 5509 1262 5563 sit
1294 5508 1525 5581 iucide_re
1560 5511 1611 5563 in
1652 5511 1845 5581 gehen-

263 5578 391 5640 nam
425 5578 583 5653 ignis.
610 5578 1265 5653 MultisgPinedaadgle.
1297 5595 1424 5635 xxxv
1452 5578 1577 5644 Job,
1617 5578 1730 5653 quo
1764 5584 1847 5634 vi-

266 5654 425 5709 detur
446 5650 642 5721 auctor
669 5651 974 5721 respicere;
1021 5650 1088 5706 de
1131 5650 1565 5721 illa'ﬁpoenarum
1608 5652 1847 5707 alterna-

266 5725 436 5779 tione.
470 5718 700 5778 Videtur
725 5718 868 5791 quod
895 5722 985 5777 hic
1019 5722 1200 5777 innuit
1228 5718 1573 5791 Theodorus,
1606 5737 1729 5777 esse
1760 5736 1847 5777 res

270 5793 452 5849 minus
481 5802 660 5861 certa;
686 5790 870 5863 minus
914 5802 1061 5848 certe
1102 5792 1325 5848 coniicit
1364 5790 1455 5863 ille
1483 5791 1657 5863 locus,
1685 5808 1845 5863 quem

270 5865 417 5921 varie
449 5874 750 5936 exponunt.
801 5862 996 5935 Magna
1038 5871 1217 5921 tamen
1270 5862 1676 5936 probabilitate,
1698 5862 1850 5920 velut

1952 5034 2191 5078 consona
2231 5017 2367 5075 satis
2408 5016 2910 5089 Scripturzetnec
2960 5017 3167 5073 habens
3194 5016 3398 5089 aliquid
3441 5019 3539 5074 ab-

1952 5092 2132 5157 surdi;
2158 5089 2531 5160 Patribusque
2558 5088 2839 5160 nonnullis
2866 5104 2931 5143 ac
2957 5089 3225 5160 theologis
3257 5089 3379 5143 aliis
3412 5106 3539 5159 pro:

1954 5165 2101 5228 bata,
2137 5159 2348 5215 admitti
2382 5166 2560 5230 potest
2614 5173 2678 5213 ac
2710 5158 2936 5230 timeri:
2971 5158 3296 5230 Quanquam
3342 5158 3537 5229 parum

1956 5232 2146 5294 refert,
2177 5232 2505 5301 timeaturne
2530 5229 2788 5301 ipsa,7vel
2819 5229 2971 5285 solus
2997 5231 3155 5301 ignis.

2028 5302 2138 5373 (15)
2178 5300 2333 5373 Velut
2361 5299 2616 5373 suffurgti
2643 5299 3223 5373 obedientiam'Olovel
3244 5300 3537 5373 ἀπονοσφί-

1957 5369 2045 5427 σει
2067 5369 2166 5442 τῆς
2201 5371 2502 5452 ὑποταγῆς.
2529 5369 2813 5439 Tanquam
2838 5371 3044 5454 alludat
3072 5372 3139 5423 ad
3163 5372 3363 5424 factum
3392 5372 3540 5425 Ana-

1954 5444 2058 5499 nim
2089 5454 2142 5498 et
2174 5440 2420 5510 Saphtru:
2450 5440 2569 5493 Act.
2608 5456 2661 5500 ν,
2692 5455 2804 5509 quo
2832 5442 3110 5503 dicuntur,
3143 5440 3537 5510 νοσφίσασθαι’

1950 5513 2281 5569 subtraxisse
2308 5527 2371 5564 ac
2399 5511 2752 5581 defraudasse
2783 5511 2848 5564 de
2885 5513 3057 5577 pretio
3081 5510 3237 5581 agri;
3268 5512 3417 5567 velut
3456 5513 3543 5566 di-

1953 5593 2039 5639 cat
2094 5603 2106 5639 :
2157 5579 2557 5638 Substractibne
2609 5579 2921 5637 obedientia:
2965 5597 2984 5636 :
3035 5579 3137 5651 qua
3192 5582 3539 5651 sacrilegium

1954 5657 2196 5711 immane
2244 5660 2472 5721 peccant
2518 5652 2701 5722 devoti
2752 5652 2863 5708 Deo
2935 5652 3181 5707 homines
3209 5691 3225 5716 ,
3273 5652 3541 5722 siquidem

1953 5726 2106 5796 quasi
2138 5721 2705 5796 peceatum_ar_iolandi
2739 5736 2842 5796 est,
2878 5736 3196 5796 repugnare,
3222 5721 3385 5779 etc.’l
3414 5721 3542 5793 Reg.

1954 5791 2045 5860 iv,
2075 5791 2271 5864 nempe
2299 5792 2354 5846 in
2388 5791 2609 5865 debitis.
2632 5792 2825 5865 qualia
2868 5791 3125 5851 lacit'vel
3164 5793 3341 5865 ipsum
3371 5791 3539 5864 spon-

1926 5908 1927 5911 η
1954 5861 2457 5932 ἀεηιοιηίδροηεὶο
2487 5861 2761 5929 religiosa.
