4122 6382
578 371 718 438 1839

1505 355 1910 426 ΛΡΡΕΝΒΙΧ.
1937 383 2009 396 --
2046 358 2468 420 ΝΑυυιιΑΤΠ
2501 360 2916 424 ENCYCLICA

3717 361 3865 428 1840

575 497 606 536 a
636 477 836 536 vestris
865 474 1266 532 conventibus:
1295 475 1428 532 estis
1464 477 1784 543 mulierosi;
1813 475 1902 530 alii
1939 471 2159 545 quidem

2269 471 2608 546 φιλάργυρον
2636 474 2886 547 γνώμην.
2916 474 2992 530 Οὐ
3017 475 3176 546 φοδεῖ
3205 453 3371 548 ὑμας,
3405 475 3534 532 οὒτε
3562 475 3676 549 ἀρὰ
3709 495 3860 551 προ-

577 574 806 633 solitarii
831 573 1006 638 estis;
1039 571 1131 627 alii
1151 581 1330 628 autem
1363 571 1574 627 emistis
1609 585 1798 626 servos
1826 585 1840 636 ;
1874 567 1968 622 alii
2005 565 2155 622 deni-

575 683 706 738 que,
751 681 863 737 pra:
905 663 1075 720 animi
1118 663 1375 720 sordibus
1406 679 1472 720 ac
1514 660 1768 728 avaritia,
1791 667 2157 715 mercaturam

577 759 880 816 assumitis.
929 757 1052 811 Non
1099 771 1198 811 vos
1245 764 1469 820 terrent,
1501 754 1586 809 vel
1624 754 1758 809 dira:
1803 751 2155 824 prophetica;

577 852 659 906 vel
707 850 1018 920 apostolica
1063 848 1256 914 mium;
1298 847 1380 903 vel
1432 862 1565 902 mea:
1591 847 1762 917 ipsius
1796 843 2157 908 humilitatis,

577 944 654 998 uti
687 945 852 998 etiam
890 943 1038 1006 novi,
1077 940 1402 1006 admonitio,
1435 940 1656 1008 quando
1685 938 1851 993 etiam
1887 934 2158 1006 ejusmodi

575 1036 811 1107 aliquis,
843 1034 1141 1088 amicitiam
1186 1033 1365 1087 iniens
1399 1047 1522 1087 eum
1570 1031 1772 1102 puella,
1800 1039 2028 1099 excepto
2067 1043 2160 1083 ra-

575 1135 694 1196 ptu,
727 1127 892 1180 etiam
934 1125 1134 1178 divina:
1183 1124 1559 1192 asliernationi
1593 1123 1759 1193 pedes
1787 1121 1993 1192 aptavit
2021 1118 2158 1192 (14).

574 1217 714 1285 Quid
737 1217 818 1272 ais
848 1216 1039 1272 infelix
1065 1231 1129 1272 ac
1151 1216 1354 1270 miser?
1379 1215 1606 1282 Quoties
1627 1215 1861 1271 cantasti
1891 1232 1902 1267 :
1930 1211 2046 1278 Quo
2076 1212 2160 1266 ibo

574 1325 606 1362 a
639 1307 832 1376 spiritu
872 1316 984 1373 tuo,
1026 1313 1203 1375 etquo
1247 1322 1279 1358 a
1329 1305 1466 1374 facie
1511 1314 1604 1358 tua
1640 1305 1844 1374 fugiam
1876 1303 1965 1356 ‘7?
1996 1301 2162 1356 Plane

577 1396 851 1466 impulsus
885 1411 946 1452 es
973 1395 1025 1450 in
1057 1411 1325 1461 amorem,
1361 1396 1678 1466 serpentino
1703 1395 1798 1450 illo
1819 1392 2025 1458 afﬂatu,
2051 1407 2162 1463 quo

576 1490 798 1545 seducta
832 1487 964 1556 Eva,
1001 1503 1105 1544 una
1149 1503 1272 1542 cum
1309 1489 1489 1558 primo
1523 1495 1750 1558 parente
1779 1487 1974 1551 Adam,
2006 1486 2162 1557 pulsa

573 1590 657 1636 est
687 1580 964 1650 paradiso.
1007 1579 1229 1649 Cogitas
1277 1577 1505 1632 omnino
1541 1577 1824 1634 Christum
1866 1578 2158 1645 abnegare,

574 1669 663 1724 cui
714 1655 939 1725 vovens°
961 1670 1334 1740 virginitatem
1366 1669 1739 1739 desponsatas
1768 1683 1850 1734 es,
1885 1679 1946 1722 ut
1978 1668 2162 1722 adhae-

2260 566 2466 636 φητική
2501 582 2515 598 ο
2541 565 2666 620 οὔτε
2721 567 3056 638 ἀποστολικὴ
3089 568 3290 640 ἀπειλή
3317 584 3333 600 ·
3373 567 3499 622 οὔτε
3559 572 3662 641 τῆς
3713 570 3866 642 ἐμῆς

2259 656 2645 723 ταπεινώσεως
2675 661 2707 731 ἡ
2737 659 3060 732 παραίνεσις
3085 676 3100 691 ·
3129 658 3208 724 ὡς
3265 660 3583 732 μεμάθηκα,
3630 662 3713 715 ὅτι
3757 661 3867 715 καί

2259 765 2342 812 τις
2373 749 2483 802 τῶν
2516 750 2796 815 τοιούτων,
2834 753 2928 806 καί
2962 751 3099 826 κόρῃ
3129 752 3519 822 συμφιλιάσας,
3552 753 3690 823 πρὸς
3713 753 3863 827 αὐτῇ

2262 844 2326 912 τῇ
2358 843 2604 916 ἁρπαγῇ,
2633 845 2731 898 καὶ
2751 847 2817 916 τῇ
2846 844 3102 916 ἀθετήσει
3153 846 3247 899 τοῦ
3284 845 3443 913 Θεοῦ,
3496 847 3622 911 τοὺς
3686 847 3870 908 πόδας

2261 934 2657 1006 surgimus.“
2683 937 2883 1004 λέγεις,
2910 932 2954 991 ὧ
2980 937 3131 992 ἄθλιε
3156 940 3250 992 καὶ
3279 939 3632 1011 ταλαίπωρε;
3679 941 3866 994 ποσά-

2263 1046 2350 1092 κις
2384 1028 2614 1100 ἕψαλλες
2640 1045 2654 1060 ⁸
2685 1029 2810 1084 Ποῦ
2861 1030 3134 1099 πορευθῶ
3171 1030 3290 1086 ἀπὸ
3345 1032 3453 1087 τοῦ
3514 1033 3868 1104 πνεύματός

2263 1135 2420 1184 σονς
2451 1121 2550 1176 καὶ
2605 1121 2726 1177 ἀπὸ
2761 1121 2872 1177 τοῦ
2928 1121 3256 1191 προσώπου
3305 1139 3422 1178 σου
3473 1123 3593 1180 ποῦ
3640 1127 3868 1196 φύγδα

2267 1213 2540 1278 Φιλιάζειν
2565 1213 2701 1276 ὅλως
2724 1213 2901 1285 ἦχθης
2932 1213 3075 1267 κατὰ
3103 1214 3200 1267 τοῦ
3239 1215 3414 1282 ὃςρεως
3440 1217 3533 1270 τοῦ
3573 1217 3870 1288 ἡπατηκό-

2264 1322 2356 1367 τος
2402 1307 2508 1376 τὴν,
2530 1305 2696 1370 Εὔαν,
2727 1307 2824 1360 καὶ
2860 1306 3284 1371 πνεκϐαλόντος
3313 1309 3378 1360 ὲκ
3398 1309 3491 1362 τοῦ
3521 1310 3867 1380 παραδείσου

2278 1395 2449 1466 Ἀδὰμ
2475 1397 2566 1450 τὸν
2605 1397 2929 1469 προπάτορα
2968 1398 3148 1468 ἡμῶν.
3194 1397 3435 1470 Ἐνθυμῇ
3493 1398 3631 1465 ὅλως
3685 1400 3870 1472 ἀρνή-

2267 1487 2466 1543 σασθαι
2517 1481 2562 1558 ᾧ
2609 1488 2893 1562 ήρμόσθης
2925 1489 3172 1560 Χριστῷ,
3228 1489 3319 1543 διὰ
3375 1489 3470 1544 τοῦ
3524 1489 3866 1562 παρθενικοῦ

2267 1581 2709 1652 ἐπαγγέλματος,
2743 1581 2838 1636 καὶ
2872 1581 3214 1652 συναφθῆναι
3243 1585 3309 1654 τῇ
3355 1581 3621 1654 ἁμαρτία,
3680 1583 3752 1637 δι’
3790 1577 3867 1655 ἧς

2271 1674 2498 1738 Θάνατος
2529 1675 2610 1737 είς
2631 1673 2725 1727 τὸν
2754 1673 2957 1745 κόσμον
2993 1673 3245 1744 εἰσῆλθεν
3274 1690 3290 1740 ;
3328 1674 3433 1728 οὐκ
3489 1673 3711 1739 ἀκούεις
3758 1675 3866 1746 τῆς

576 1777 701 1818 reas
732 1773 1102 1833 peccato,qno
1120 1778 1265 1818 mors
1292 1763 1345 1816 in
1379 1762 1647 1816 mundum
1678 1761 1928 1830 ingressa
1958 1767 2043 1815 est
2071 1759 2158 1814 “1'

2269 1765 2488 1838 Γραφῆς
2539 1764 2753 1838 βοώσης
2800 1767 2930 1838 περὶ
2983 1765 3093 1821 τῶν
3154 1765 3298 1820 οὕτω
3349 1767 3703 1838 πραττόντων
3726 1784 3740 1797 ·
3801 1767 3864 1820 '0

575 1845 696 1904 Non
733 1849 889 1904 audis
920 1849 1248 1905 clamantem
1291 1848 1629 1920 Scripturam
1675 1849 1732 1904 in
1759 1864 1877 1915 eos,
1907 1849 2002 1920 qui
2029 1849 2161 1904 talia

576 1951 744 2014 agunt
778 1960 792 1994 :
843 1939 1042 1996 Verulis
1072 1959 1254 1996 eorum
1291 1958 1395 1996 non
1423 1942 1701 2007 nrorietur,
1729 1949 1780 1996 et
1817 1942 1955 2012 ignis
1980 1957 2162 1996 eorum

576 2050 682 2087 non
713 2033 1084 2103 exstinguetur
1114 2032 1206 2087 ὀἳ
1237 2029 1357 2087 Non
1393 2033 1552 2090 audis
1581 2032 1852 2089 dicentem
1885 2030 2118 2088 Paulum
2146 2053 2160 2090 :

578 2122 960 2180 Fornicatores
987 2133 1038 2180 et
1076 2124 1354 2180 adulteros
1387 2123 1659 2193 judicabit
1689 2123 1834 2180 Deus
1865 2125 1951 2178 ﬂ'?
1975 2125 2042 2178 Et
2065 2123 2165 2180 ite-

573 2232 695 2272 rum
733 2231 749 2270 :
789 2215 847 2271 Si
880 2217 998 2286 quis
1040 2216 1295 2286 templum
1333 2215 1430 2270 Dei
1469 2215 1769 2280 uiolauerit,
1803 2215 2069 2286 disperdat
2095 2216 2165 2270 ιι-

572 2309 686 2365 lum
739 2307 884 2364 Deus
933 2309 1018 2364 “‘2
1065 2307 1209 2376 Quid
1254 2323 1316 2365 es
1351 2307 1701 2374 inventurus,
1738 2323 1864 2364 cum
1900 2323 2162 2364 consum-

573 2400 1230 2471 maverisiniquitatcm?
1278 2399 1471 2455 Nonne
1503 2400 1758 2456 tenebras
1813 2400 2165 2472 gladiumque

572 2493 972 2550 dissecaturum
1016 2507 1111 2548 cor
1157 2492 1356 2548 tuum?
1397 2490 1592 2548 Nonne
1627 2492 2030 2563 desperationis
2061 2506 2199 2565 pu-'

576 2587 774 2644 teum‘l
810 2585 1003 2643 Nonne
1031 2587 1212 2657 ipsum
1249 2583 1512 2642 Satanam
1544 2585 1638 2656 qui
1669 2585 1926 2654 seduxit,
1964 2601 2165 2657 urgen-

567 2689 682 2735 tem
730 2687 790 2734 ut
837 2678 1026 2734 restim
1069 2677 1422 2748 amplexeris,
1463 2677 1519 2732 in
1557 2691 1727 2747 quam
1763 2677 1894 2732 olim
1943 2676 2166 2746 impulit

573 2769 766 2828 ludam
791 2771 814 2826 ?
845 2769 1126 2840 Resipisee
1152 2769 1248 2839 qui
1281 2769 1525 2825 tenebris
1554 2769 1868 2825 obcmcatus
1895 2784 1992 2824 es:
2017 2767 2168 2839 Fuge

573 2863 768 2918 mortis
794 2863 1068 2934 laqueum,
1097 2861 1191 2933 qui
1233 2861 1386 2918 fuisti
1421 2863 1843 2933 supplantatus:
1873 2877 1940 2918 ne
1965 2860 2166 2919 inferni

573 2965 809 3035 capiaris
854 2972 1083 3035 petauro
1113 2964 1250 3036 (l5),
1280 2963 1337 3019 in
1371 2977 1504 3036 quo,
1545 2964 1712 3020 etiam
1747 2963 2008 3036 praesenti
2043 2979 2162 3020 τεγο

574 3056 733 3112 Caini
763 3057 970 3114 vixeris
1000 3058 1202 3124 vitam;
1235 3056 1520 3128 fuerisque
1553 3068 1794 3112 tremens
1825 3071 1891 3112 ac
1917 3072 2162 3128 gemens,

573 3161 882 3218 omnesque
901 3155 1062 3204 notos
1086 3147 1334 3218 fugiens:
1356 3147 1412 3200 in
1428 3125 1632 3200 futuro
1655 3153 1866 3211 autem,
1887 3125 2164 3200 damneris
2191 3125 2237 3186 Ο

575 3240 632 3295 in
679 3241 928 3312 gehenna
968 3241 1129 3312 ignis.
1165 3240 1307 3306 Quid
1335 3254 1500 3306 vero,
1527 3238 1698 3293 miser
1739 3252 1871 3310 ego,
1897 3237 2019 3293 loco
2055 3252 2168 3294 uno

573 3331 832 3390 definitus
865 3333 921 3388 in
947 3347 1139 3388 omnes
1168 3332 1427 3402 praefatos
1453 3347 1612 3402 agam
1636 3332 1660 3386 ‘I
1703 3330 1870 3398 Quid,
1917 3331 2165 3401 inquam,

575 3425 762 3490 aliud,
808 3439 976 3495 quam
1026 3433 1090 3479 ut
1127 3424 1330 3495 gemitu
1379 3423 1626 3495 lugeam,
1669 3430 2076 3492 conteSterque,
2103 3435 2169 3476 ac

581 3527 870 3573 venturum
907 3515 1152 3585 gladium
1190 3516 1555 3571 annuntiem?
1589 3515 1719 3572 Etsi
1747 3515 2020 3572 audierint
2045 3515 2171 3587 qui-

575 3609 724 3674 dem,
758 3608 1071 3680 fuerintque
1097 3607 1350 3664 conversi
1389 3622 1422 3662 a
1459 3607 1550 3662 via
1579 3607 1790 3662 erroris
1826 3607 1934 3675 sui,
1957 3616 2013 3663 et
2048 3622 2170 3678 quas

574 3699 644 3754 ad
676 3697 1043 3770 perditionem
1074 3698 1265 3764 ducit,
1297 3697 1404 3754 sibi
1454 3697 1591 3769 ipsis
1637 3713 1883 3769 meaeque
1947 3699 2171 3754 humili-

567 3791 699 3858 tati,
727 3791 891 3846 saluti
921 3791 1128 3848 fuerint
1157 3811 1170 3848 :
1213 3791 1296 3848 sin
1333 3800 1520 3848 autem
1546 3831 1562 3856 ,
1585 3791 1687 3847 soli
1715 3790 1972 3847 haurient
2000 3791 2166 3860 mala,

575 3883 680 3940 soli
699 3883 852 3938 ibunt
872 3883 926 3937 in
947 3883 1155 3954 ignem,
1174 3897 1337 3953 quem
1359 3881 1771 3938 succenderunt
1793 3881 1934 3949 ;soli
1959 3897 2164 3952 poenam

577 3976 719 4030 luent
741 4013 757 4040 ,
809 3983 1066 4030 retentum
1108 3973 1382 4029 interitum
1413 3989 1449 4028 a
1478 3972 1620 4042 [acie
1672 3971 1807 4039 Dei,
1847 3981 1898 4026 et
1932 3989 1964 4025 a
1993 3972 2167 4044 gloria

573 4062 789 4117 uirtutis
821 4062 960 4132 ejus,
991 4077 1112 4116 cum
1137 4063 1336 4118 uerterit
1370 4061 1670 4132 gloriﬁcari
1707 4061 1763 4116 in
1796 4061 1997 4116 sanctis
2028 4061 2162 4127 suis,

567 4171 624 4232 et
652 4161 994 4218 admirabilis
1035 4162 1156 4232 ﬁeri
1193 4162 1252 4215 in
1288 4160 1528 4216 omnibus
1553 4161 1618 4226 ³³,
1653 4161 1748 4232 qui
1777 4175 1844 4216 ex
1874 4159 2166 4215 mandato-

573 4277 696 4317 rum
730 4261 904 4333 ipsius
934 4261 1255 4331 prmscriplo
1285 4259 1519 4315 fideliter
1559 4259 1966 4314 ambulaverint
1999 4273 2018 4310 :
2055 4256 2164 4314 illis

589 4355 813 4424 quidem
864 4354 1174 4410 retribuens
1218 4352 1488 4424 condigna
1535 4350 1782 4424 praemia;
1833 4349 2165 4406 adversariis

2266 1857 2516 1925 σκώληξ
2545 1857 2748 1912 αὐτῶν
2775 1859 2846 1913 οὐ
2881 1859 3258 1926 τελευτήσει,
3296 1859 3395 1914 καὶ
3425 1859 3492 1914 τὸ
3518 1859 3640 1930 πῦρ
3659 1857 3868 1914 αὐτῶν

2264 1951 2336 2006 οὐ
2369 1949 2815 2018 σϐεσθήσεται;
2862 1951 2978 2006 Οὐκ
3007 1951 3223 2017 ἐπαϊεις
3242 1953 3337 2006 τοῦ
3390 1952 3723 2006 ’Δποστόλου
3770 1951 3868 2006 λέ-

2264 2059 2456 2111 γοντος
2475 2059 2490 2075 ο
2521 2044 2796 2113 Πόρνους
2815 2043 2918 2098 καί
2945 2043 3203 2114 μοιχοὺς
3232 2044 3430 2115 κρινεῖ
3485 2047 3519 2099 ὀ
3545 2045 3733 2112 Θεός;
3766 2045 3866 2098 καὶ

2265 2137 2421 2204 αὖθις
2447 2155 2462 2168 ο
2497 2137 2569 2192 Εἴ
2591 2154 2682 2205 τις
2714 2137 2826 2192 τὸν
2851 2137 3005 2192 ναὸν
3036 2137 3146 2192 τοῦ
3177 2137 3329 2193 Θεοῦ
3358 2141 3605 2208 φθείρει,
3657 2138 3871 2209 φθερεῖ

2267 2227 2482 2282 τοῦτον
2518 2230 2552 2282 ὁ
2580 2227 2768 2294 Θεός;
2809 2227 2874 2281 Τί
2901 2228 3158 2300 εὑρήσεις
3195 2229 3255 2284 ἐν
3283 2229 3362 2302 τῷ
3401 2231 3718 2286 συντελέσαι
3761 2232 3864 2303 τὴν

2267 2318 2537 2390 ἀνομίαν;
2573 2319 2697 2390 οὐχὶ
2729 2319 2921 2384 σκότος
2949 2324 3042 2374 καὶ
3073 2321 3356 2392 μάχαιραν
3408 2323 3717 2392 τέμνουσὰν
3762 2342 3864 2380 σου

2265 2411 2366 2482 τὴν
2393 2411 2622 2483 καρδίαν
2649 2428 2664 2477 ;
2696 2411 2820 2482 οὐχὶ
2847 2411 3218 2482 ἀπογνώσεως
3249 2413 3442 2487 βόθρον
3467 2433 3484 2483 ;
3533 2416 3636 2472 οὐκ
3697 2419 3869 2472 αὐτὸν

2266 2501 2591 2572 ὴπατηκότα
2619 2519 2678 2555 σε
2703 2503 2978 2569 Σατανᾶν,
2999 2502 3099 2574 τὴν
3120 2504 3359 2576 ἀγχόνην
3377 2521 3440 2558 σε
3467 2508 3872 2577 κατεπείγοντα

2267 2591 2639 2656 ἀσπάσασθαι,
2662 2593 2914 2663 καθάπερ
2978 2595 3070 2649 τὸν
3108 2596 3309 2651 Ἰούδαν
3331 2598 3498 2667 cross;
3539 2600 3868 2673 ‘Avdv'gqov,

2265 2687 2295 2738 ὁ
2339 2685 2758 2756 ὲσκοτισμένος·
2793 2686 2932 2756 φύγε
2953 2687 3055 2760 τὴν
3088 2689 3298 2758 παγῖδα
3354 2689 3450 2744 τοῦ
3520 2690 3780 2758 θανάτου,
3835 2698 3869 2748 ὁ

2267 2776 2652 2848 ὲσκελισμένος
2676 2796 2690 2809 ο
2726 2779 2800 2850 μὴ
2836 2779 2981 2849 ἀλεῖς
3037 2782 3118 2846 είς
3170 2780 3448 2854 πέταυρον
3504 2783 3658 2856 ᾆδον,
3681 2787 3778 2855 ὑφ’
3803 2781 3868 2841 οὗ

2269 2870 2552 2925 κάνταῦθα
2587 2871 2680 2924 τοῦ
2709 2871 2851 2926 Καῒν
2879 2871 2978 2940 τὴν
3029 2872 3178 2946 ζωὴν
3224 2871 3442 2944 ζήσειςο
3505 2876 3726 2948 τρέμων
3769 2881 3870 2933 καὶ

2271 2963 2474 3019 στένων
2515 2965 2636 3036 ἔσῃ,
2673 2965 2772 3018 καὶ
2817 2965 3153 3034 ἀποφεύγων
3193 2967 3484 3038 πρόσωπον
3535 2969 3822 3043 γνώριμον
3848 2987 3866 3002 ⁸

2269 3061 2326 3116 ἔν
2357 3079 2418 3114 τε
2440 3061 2517 3134 τῷ
2547 3062 2797 3133 μέλλοντι
2831 3062 3011 3129 αἰῶνι,
3046 3063 3544 3136 καταδικαζόμενος
3565 3066 3624 3120 ὲν
3639 3069 3705 3137 τῇ
3768 3084 3869 3136 γε·

2271 3157 2398 3229 έννῃ
2425 3153 2522 3210 τοῦ
2559 3155 2748 3227 πυρός.
2779 3154 2846 3208 Τί
2874 3154 2969 3209 οὖν
3021 3155 3149 3209 ἄλλο
3176 3158 3390 3227 ποιήσω
3421 3159 3449 3211 ό
3475 3159 3642 3222 τάλας
3665 3197 3681 3220 ,
3710 3175 3871 3230 περι-

2271 3247 2574 3320 ωρισμένος
2597 3249 2654 3300 ὲν
2684 3248 2766 3301 ἐνὶ
2799 3247 2971 3319 τόπῳ,
2989 3247 3125 3319 πρὸς
3157 3247 3406 3313 ἅπαντας
3428 3250 3555 3313 τοὺς
3589 3267 3870 3324 προειρη-

2277 3341 2473 3412 μένους
2503 3357 2518 3406 ;
2551 3340 2617 3393 Τί
2647 3339 2910 3411 ἓτερον,ἢ
2943 3341 3002 3392 τὸ
3018 3340 3225 3393 στένειν
3263 3341 3359 3393 καὶ
3386 3340 3867 3414 διαμαρτύρασθαι

2273 3433 2366 3484 καὶ
2392 3430 2492 3502 τὴν
2521 3430 2827 3502 ἐρχομένην
2861 3430 3142 3502 ῥομφαίαν
3162 3431 3516 3501 ἀναγγέλλειν
3541 3450 3557 3499 ;
3586 3413 3680 3487 xui.
3698 3413 3745 3487 εί
3763 3434 3868 3504 μὲν

2271 3524 2580 3590 ἀκούσοιεν,
2611 3524 2706 3577 καὶ
2738 3523 3132 3595 ἐπιστρέψαιεν
3165 3524 3274 3578 ἀπὸ
3304 3523 3408 3594 τῆς
3438 3524 3868 3596 πεπλανημένης

2272 3615 2454 3669 αὐτῶν
2478 3614 2622 3680 ὁδοῦ,
2653 3613 2928 3684 φερούσης
2959 3613 3040 3678 είς
3067 3613 3290 3684 ὄλεθρον
3321 3629 3337 3645 °
3371 3615 3584 3676 ἑαυτοῖς
3646 3615 3868 3670 ἔσονται

2274 3707 2566 3778 σωτήριον,
2597 3705 2695 3760 καὶ
2723 3707 2791 3776 τῇ
2824 3706 2931 3778 ἐμῇ
2960 3705 3293 3778 ταπεινώσει
3313 3725 3328 3739 ο
3363 3707 3408 3759 εί
3440 3706 3500 3760 δὲ
3555 3706 3652 3778 μὴ,
3709 3708 3869 3779 μόνοι

2269 3798 2599 3870 ἀντλήσουσι
2644 3799 2714 3853 τὰ
2740 3799 2913 3865 κακὰ,
2949 3799 3100 3870 μόνοι
3126 3798 3488 3871 πορεύσονται
3538 3803 3606 3873 τῇ
3647 3796 3870 3876 φλογὶῇ

2270 3889 2591 3957 ἐξέκαυσαν,
2633 3891 2818 3946 Μόνοι
2849 3891 3135 3946 τίσουσιν
3167 3889 3420 3960 ὄλεθρον
3448 3892 3689 3947 αἰώνιον
3743 3893 3869 3948 ἀπὸ

2269 3983 2597 4052 προσώπου
2638 3982 2747 4038 τοῦ
2806 3983 2976 4049 Θεοῦ,
3024 3982 3125 4037 καὶ
3186 3982 3306 4038 ἀπὸ
3346 3983 3459 4052 τῆς
3515 3983 3706 4054 δόξης
3749 3984 3870 4054 τῆς

2271 4075 2486 4144 ισχύος
2509 4073 2718 4141 αὑτοῦ,
2753 4074 2901 4130 ὅταν
2933 4073 3080 4144 ἔλθῃ
3126 4073 3572 4145 ἐνδοξασθῆναι
3630 4079 3700 4130 ἐν
3729 4077 3868 4144 τοῖς

2266 4165 2458 4236 ἁγίοις
2487 4165 2694 4230 αὐτοῦ,
2711 4166 2808 4221 καὶ
2829 4164 3252 4236 θαυμασθῆναι
3280 4167 3350 4220 ἐν
3378 4166 3530 4223 πᾶσι
3554 4172 3667 4233 τοῖς
3720 4174 3868 4224 κατὰ

2266 4259 2368 4323 τὰς
2404 4258 2625 4323 ἐντολὰς
2658 4259 2826 4313 αὐτοῦ
2868 4260 3076 4324 πιστῶς
3130 4260 3478 4333 πορευθεῖσιν
3510 4280 3523 4294 ο
3558 4263 3739 4326 αὐτοῖς
3763 4263 3871 4334 μὲν

2272 4350 2562 4414 ἀποδιδοὺς
2593 4353 2667 4405 τὰ
2700 4347 2827 4415 ἄξια
2856 4351 2994 4423 γέρα
3013 4365 3030 4380 ⁶
3060 4353 3174 4415 τοῖς
3189 4352 3245 4405 δὲ
3279 4353 3564 4416 ἐναντίοις,
3595 4353 3690 4416 τὰς
3716 4355 3872 4424 ἡτοι-

581 4459 792 4510 autem.
819 4457 1010 4518 parata
1039 4456 1246 4503 aeterna
1277 4446 1567 4516 supplicia.
1599 4444 1710 4500 Vos
1738 4451 1945 4506 autem,
1971 4441 2165 4497 fratres

2275 4445 2565 4514 μασμένας
2592 4443 2779 4508 αὐτοῖς
2806 4445 3202 4516 ἁτελευτήτους
3235 4445 3508 4509 κολάσεις.
3563 4446 3755 4516 Ὑμεῖς
3777 4447 3866 4513 δὲ,

573 4543 682 4600 mei
706 4583 720 4608 ,
767 4544 907 4600 bene
952 4557 1140 4615 quaeso
1192 4540 1604 4598 ambulaveritis
1629 4579 1644 4606 ,
1683 4550 1742 4596 ut
1771 4539 2088 4608 diffamatus
2127 4539 2160 4592 ὰ

2273 4531 2494 4601 ἀδελφοί
2519 4549 2644 4603 μου,
2676 4531 2738 4586 εὖ
2777 4532 3124 4604 πορεύοισθε,
3157 4535 3482 4606 παρακαλῶ,
3535 4537 3609 4601 ὠς
3646 4536 3714 4590 ἂν
3762 4537 3871 4608 ἀφ’

642 4725 686 4762 ⁸⁷
711 4723 859 4783 Psal.
882 4739 1145 4792 cxxxvnt,
1164 4725 1218 4780 7.
1260 4725 1304 4766 ιε
1334 4724 1379 4780 ll
1402 4724 1532 4782 Cor.
1568 4739 1629 4790 ιι,
1656 4723 1710 4779 2.
1792 4724 1835 4755 ”
1865 4723 1968 4780 lsa.
1994 4740 2140 4780 vat.

2295 4725 2342 4758 ὀ
2363 4722 2528 4779 Hebr.
2555 4737 2681 4785 xm,
2707 4721 2763 4777 4.
2839 4723 2882 4754 ’⁸
2911 4721 3072 4779 lCor.
3097 4724 3288 4786 111.17.
3365 4726 3411 4757 η
3441 4723 3482 4780 ll
3507 4724 3731 4791 Thesl,
3771 4725 3866 4783 10.

2091 4863 2330 4948 now.

643 4978 777 5052 (l4).
826 4977 1060 5051 Excepto
1111 4989 1270 5052 raptu
1300 5021 1315 5045 ,
1362 4984 1526 5037 etiam
1577 4981 1772 5037 diuina:
1818 4981 2167 5050 aﬂirmationi

573 5049 734 5124 pedes
767 5049 994 5124 aptavit.
1021 5051 1159 5124 προς
1177 5049 1322 5124 ἀὐτῇ
1337 5056 1404 5124 τῇ
1431 5054 1679 5124 ἁρπαγῇ.
1706 5049 1889 5124 καιτῇ
1906 5051 2164 5124 ἁθετήσει

569 5119 664 5194 τοῦ
684 5121 837 5194 -Θεού
861 5122 990 5194 τούς
1029 5119 1200 5186 πόδας
1223 5119 1532 5194 εὐτρέπισε.
1552 5119 1785 5194 videtur
1805 5119 2035 5177 inlinere
2061 5119 2166 5178 ἠθ-

569 5190 765 5246 [aridas
811 5191 1054 5258 nuptias,
1098 5209 1238 5262 quas
1292 5190 1442 5248 velut
1491 5195 1546 5248 in
1587 5193 1686 5250 Dei
1747 5201 2162 5263 contemptum,

568 5271 758 5330 apuSta
785 5275 946 5331 quem
978 5273 1154 5328 notat,
1198 5265 1579 5320 contraxerit:
1620 5263 1811 5335 quales
1856 5261 1985 5318 iere
2025 5278 2162 5335 con-

569 5340 858 5404 traxerunt
900 5343 1165 5402 apostatae
1224 5335 1428 5400 nostri,
1479 5333 1790 5390 novo—orto
1842 5333 2166 5404 Evangelio,

569 5399 810 5474 Luthero
839 5399 1173 5471 praedicante
1220 5423 1235 5459 :
1272 5406 1418 5474 quod
1470 5413 1804 5470 monstrum,
1849 5399 2166 5474 quanquam

568 5470 659 5544 alii
691 5470 1014 5528 aesuescere
1041 5484 1230 5530 coacta
1260 5470 1437 5530 Gallia
1470 5485 1686 5541 nostra,
1731 5470 1883 5530 haud
1932 5470 2033 5529 ita'
2053 5476 2164 5544 pti—

568 5540 718 5615 dem,
749 5545 1014 5599 severiori
1047 5548 1341 5615 sanctione
1367 5547 1422 5600 iu
1462 5561 1584 5600 eam
1616 5540 1729 5600 rem
1767 5547 1936 5609 edita,
1965 5540 2165 5615 {depel-

569 5611 681 5687 l_cre
709 5626 906 5687 conata
946 5624 1052 5687 est.
1077 5613 1262 5672 Potest
1289 5619 1406 5687 ipse
1435 5611 1990 5687 Tlteodorusconsuli
2019 5611 2162 5687 apud

570 5681 889 5750 Baronintn,
924 5685 1014 5739 ubi
1040 5681 1396 5742 nonnulla-de
1423 5687 1576 5742 falsis
1617 5687 1725 5742 illis
1759 5681 2163 5740 fratribus—Est

570 5751 715 5820 apud
747 5754 1141 5828 Theophanem
1166 5759 1234 5812 de
1270 5759 1580 5824 monachis,
1611 5773 1750 5828 quos
1783 5757 2028 5812 nonnulli
2058 5757 2166 5828 im-

571 5830 854 5894 peratores
883 5826 1234 5882 iconoclastae
1263 5830 1532 5896 cogebant
1573 5826 1853 5886 coronari.
1899 5843 1938 5882 ι.
1986 5827 2163 5883 sacri-

2273 4979 2564 5103 legajnirle
2587 4975 2870 5103 lconiugia,
2903 4988 2966 5034 ut
2994 4979 3157 5036 docto
3188 4985 3485 5054 συμμυστῇ
3532 4983 3653 5053 ejus
3693 4983 3866 5039 inter-

2275 5063 2416 5103 m'cll
2460 5067 2508 5103 γι
2551 5065 2580 5103 e
2611 5065 2698 5103 ur.

2317 5060 2416 5106 I'Cll
2460 5060 2698 5104 \‘ldellll‘.

2275 5068 2416 5122 preti
2460 5068 2698 5104 \‘tuetur.

2294 5191 2305 5194 Α
2347 5121 2484 5194 (l5).
2515 5117 2598 5174 Ne
2622 5119 2818 5194 inferni
2850 5117 3084 5194 capiaris
3107 5129 3348 5194 petauro.
3385 5119 3550 5176 Plura
3587 5120 3855 5194 Steplian.

2275 5190 2468 5247 de'illa
2499 5191 2723 5262 voceiin
2763 5191 3081 5262 appendice.
3122 5190 3219 5246 llic
3251 5191 3468 5247 videtur
3492 5190 3698 5247 auctor'
3718 5195 3868 5250 acci-

2276 5277 2404 5333 pere
2449 5275 2557 5333 pro_
2590 5261 2686 5333 tali
2729 5276 2925 5330 genere
2965 5261 3165 5333 laquei,
3213 5277 3326 5333 quo
3364 5278 3464 5318 ceu
3508 5278 3726 5320 carcere
3765 5281 3864 5320 ca-

2277 5331 2428 5402 ptum
2450 5331 2974 5406 ’anintalteneatur
3023 5349 3037 5386 :
3067 5331 3170 5406 __sic
3211 5332 3356 5406 enim
3395 5335 3632 5403 quadrat
3660 5336 3868 5406 optime

2277 5400 2794 5476 exemplumCaini,
2817 5403 2886 5476 a_b
2932 5402 3189 5476 omnibus
3221 5400 3471 5476 timentis
3504 5415 3560 5460 et
3595 5400 3738 5476 vagi.
3773 5405 3866 5460 Vel

2274 5465 2551 5544 etiam'eb,
2582 5465 2787 5544 ὑφ’λοῦέ
2829 5472 3037 5535 Fuerit,
3089 5475 3237 5527 velut
3279 5489 3393 5544 quo
3438 5465 3754 5541 detinenfe,
3795 5492 3865 5531 eo

2275 5543 2442 5616 modo
2474 5557 2584 5610 quo
2605 5542 2746 5606 avis,
2779 5545 2917 5611 pede
2940 5543 3142 5616 autala
3174 5542 3455 5599 detinetur
3493 5547 3726 5616 laqueo,
3777 5546 3864 5600 fu-

2275 5615 2521 5686 gilatque
2555 5627 2620 5666 ac
2663 5622 2821 5686 pavet
2861 5613 3062 5668 omnia.
3105 5613 3683 5686 Enniamplitudinem
3727 5618 3864 5673 satis

2273 5683 2752 5754 refertnostrum,
2789 5684 2843 5736 in
2885 5699 3010 5754 quo,
3061 5693 3168 5738 etc.
3215 5683 3397 5739 Utitur
3427 5701 3490 5741 ea
3524 5703 3656 5741 Voce
3687 5689 3858 5743 Andr.

2270 5754 2420 5808 Cret.
2454 5752 2827 5830 Enc_omi9_ei;
2861 5752 3270 5830 rﬁvauorouiiv
3300 5756 3395 5809 τοῦ
3426 5758 3582 5824 ἁγίου
3623 5759 3861 5830 Προδρό-

2273 5843 2402 5893 μου,
2431 5825 2666 5880 necdum
2691 5823 2877 5881 Graece
2894 5823 3058 5881 edito.
3077 5823 3546 5898 γυνὴᾶφρωνοῦκ
3563 5823 3863 5884 ἐπίσταται
