4122 6382
273 255 407 322 1841

1227 247 1324 308 DE
1365 247 1590 307 OBI'l‘U
1631 246 1693 306 S.
1742 243 2136 306 THEODORI
2172 244 2518 306 STUDITIE

3391 240 3526 308 1842

269 362 436 435 ὑμῶν
461 360 870 433 ἐξηχυύμενος
903 361 935 413 ό
966 358 1148 428 ,λόγος
1172 353 1284 424 τῆς
1325 352 1564 423 ἀρετῆς,
1605 355 1702 408 καὶ
1754 353 1848 408 ἐπὶ

1953 353 2092 410 vobis
2139 354 2354 409 uirtutis
2402 368 2573 407 sermo
2605 350 2652 384 "
2675 392 2691 418 ,
2730 351 2814 408 vel
2851 351 2992 422 apud
3025 351 3174 424 ipsos
3209 351 3526 420 set-leiatos.

269 457 397 518 τοὺς
425 453 783 518 ἀτασθάλους,
811 447 1218 522 ἀγάγοιαύτοὺς
1244 448 1330 512 είς
1345 447 1674 515 ἐπίγνωσιν
1699 444 1845 514 d111-

270 549 434 615 θείας
456 563 471 578 ο
519 543 717 600 πάντα
748 543 1175 613 ὑπομένοντες,
1216 539 1302 594 ἴνα
1342 538 1545 602 πάντες
1580 537 1640 591 ὲν
1679 539 1845 592 πᾶσιν

271 639 738 712 εύαρεστήσαντες
771 634 849 705 τῷ
895 635 1105 706 Κυρίῳ,
1143 631 1410 702 φύγοιμεν
1434 630 1710 694 κολάσεως
1744 647 1845 683 κα-

269 736 518 804 ταδίκην,
546 732 641 787 καὶ
669 730 928 801 τύχοιμεν
964 727 1242 799 βασιλείας
1267 725 1536 798 οὐρανῶν,
1588 724 1647 778 ἐν
1698 723 1846 795 αύτῷ

269 826 494 898 Χριστῷ
515 825 596 895 τῷ
623 823 815 895 Κυρίῳ
845 821 1022 893 ημῶν,
1059 814 1104 890 ᾧ
1137 822 1173 891 ἡ
1203 819 1332 887 δόξα
1358 819 1452 873 καὶ
1503 817 1567 871 τὸ
1622 817 1844 889 κράτος,

271 919 370 972 σὺν
399 917 476 988 τῷ
526 914 705 986 Ilath
735 914 830 970 καὶ
855 911 934 984 τῷ
983 912 1123 983 ἁγίῳ
1158 911 1458 982 Πνεύματι,
1488 909 1584 964 νῦν
1618 909 1716 964 καὶ
1735 909 1842 977 ἀεὶ,

270 1010 368 1066 καὶ
395 1010 474 1073 είς
501 1009 628 1071 τοὺς
657 1005 861 1070 αἰῶνας
903 1005 1010 1058 τῶν
1038 1001 1271 1058 αίώνων.
1318 1001 1508 1073 Ἀμήν.

305 1081 494 1157 ’Μετὰ
523 1100 580 1154 δὲ
605 1099 704 1169 τὴν
727 1095 1088 1168 τετράριθμον
1115 1095 1223 1149 τῶν
1247 1094 1468 1166 ἡμερῶν
1492 1095 1559 1166 τῇ
1591 1091 1716 1164 ἑξῆς
1739 1109 1752 1121 ⁸
1779 1088 1850 1164 ἦν

268 1191 379 1264 γὰρ
406 1191 778 1261 ἀναστάσιμος
811 1187 950 1259 αὕτη
977 1203 994 1220 ο
1021 1187 1108 1256 ἐφ’
1209 1185 1352 1242 κατά
1383 1184 1446 1238 τὸ
1475 1183 1666 1248 εἰωθὸς
1709 1201 1846 1255 προ-

269 1279 560 1344 καθεσθεὶς
592 1281 622 1333 ὁ
653 1276 987 1350 μακαρίτης,
1019 1275 1116 1330 καὶ
1150 1272 1593 1344 ἀναγνωσθείσης
1626 1272 1727 1341 τῆς
1754 1271 1849 1326 αύ-

268 1372 373 1442 τῆς
409 1371 790 1441 κατηχήσεως
828 1367 883 1422 τί
903 1368 1108 1440 γίνεται
1134 1384 1152 1435 ;
1183 1365 1452 1436 ῥώννυται
1476 1366 1544 1436 τῇ
1571 1363 1848 1436 προθυμίᾳ

270 1465 395 1520 istst
421 1463 539 1528 καὶ,
568 1461 644 1526 ὥς
661 1475 793 1532 φησι
815 1503 829 1528 ,
873 1461 1035 1524 πόνος
1065 1458 1255 1528 ὑγείαν
1277 1457 1585 1529 χαρίζεται,
1618 1456 1712 1509 καὶ
1725 1472 1850 1528 προ⁹

272 1548 444 1621 θυμία
487 1549 715 1620 νεκροὺς
759 1548 1060 1618 ἀνίστησιν.
1099 1546 1251 1600 Ἐπεὶ
1273 1546 1331 1600 δὲ
1373 1545 1479 1600 ἔδει
1509 1546 1604 1599 καὶ
1643 1561 1847 1617 μυστα-

270 1639 479 1710 γωγίαν
516 1639 794 1708 γενέσθαι,
825 1638 892 1710 ἢν
942 1639 1202 1693 ἑκάστοτε
1254 1638 1341 1691 διὰ
1377 1636 1579 1706 πολλῆς
1639 1637 1668 1690 ό
1694 1653 1848 1708 τρισ-

1947 459 2042 500 eos
2066 443 2239 499 ducat
2266 442 2335 498 ad
2360 443 2667 514 ignitionem
2689 459 2705 492 ι
2727 443 2931 496 eritatis
2955 442 3022 497 “.
3073 440 3392 512 Sit/ferentes
3415 461 3528 499 om-

1947 535 2037 589 nia
2069 534 2204 606 (16);
2236 534 2423 589 omnia
2453 533 2774 600 credentes;
2799 535 2982 587 omnia
3007 534 3345 592 sustinentes
3376 537 3444 603 ’⁸,
3470 549 3529 593 ιιι

1945 641 2138 682 omnes
2170 626 2226 681 in
2265 626 2522 682 omnibus
2561 625 2838 695 placentes
2880 624 3140 692 Domino,
3170 627 3436 697 gehennae
3461 642 3528 683 ac

1947 717 2198 787 supplicii
2226 716 2635 772 damnationem
2664 715 3009 785 cﬂ'ugiamus,
3038 731 3102 772 ac
3126 732 3528 787 consequamur

1947 812 2212 866 caelorum
2246 823 2498 879 regnum,
2519 807 2572 862 in
2595 807 2787 863 eodem
2814 807 3035 864 Christo
3061 806 3294 864 Domino
3316 819 3524 874 nostro,

1947 903 2032 959 cui
2065 902 2237 974 gloria
2265 911 2320 956 et
2348 901 2664 971 imperium,
2700 916 2823 956 cum
2851 900 3011 956 Patre
3039 909 3094 955 et
3129 909 3320 956 sancto
3351 899 3526 971 Spiri-

1949 1003 2029 1062 tu,
2049 1008 2197 1050 nunc
2220 1003 2274 1048 et
2291 1007 2530 1063 semper,
2549 1001 2603 1048 et
2625 993 2676 1048 in
2703 993 2900 1049 saecula
2927 994 3273 1050 saeculorum.
3293 995 3520 1050 Amen.»

2024 1085 2197 1141 Porro
2235 1093 2428 1139 exacta
2476 1093 2672 1154 quarta
2727 1086 2852 1152 die;
2883 1084 3198 1155 postridie,
3256 1101 3378 1155 qua:
3429 1086 3528 1140 fuit

1949 1176 2230 1233 Dominica
2277 1192 2343 1232 ac
2382 1191 2537 1248 sacra
2566 1175 3004 1234 Resurrcctionis
3033 1178 3171 1244 dies,
3207 1195 3330 1234 cum
3377 1181 3526 1248 prius

1946 1281 2047 1336 pro
2085 1281 2236 1324 more
2282 1268 2368 1322 vir
2406 1268 2600 1325 beatus
2639 1269 2873 1325 sedisset
2913 1269 3215 1341 fuissetque
3239 1269 3380 1326 lecta
3411 1262 3527 1326 iniec

1948 1360 2067 1430 ipsa
2097 1359 2401 1417 catechesis
2435 1399 2452 1427 ,
2488 1359 2618 1432 quid
2654 1361 2849 1416 accidit
2883 1360 3239 1418 ?Animatior
3271 1363 3328 1416 fit
3357 1363 3524 1416 animi

1948 1453 2232 1508 alacritate
2265 1471 2278 1508 :
2315 1468 2440 1508 nam
2489 1461 2544 1510 et
2571 1453 2742 1519 labor,
2775 1454 2952 1520 aiunt,
2985 1453 3272 1510 sanitatem
3304 1455 3523 1525 praebet,

1947 1546 2233 1616 animique
2265 1544 2524 1600 alacritas
2552 1559 2616 1600 ac
2646 1545 2950 1616 impensius
2983 1545 3248 1610 studium,
3279 1553 3528 1600 mortuos

1949 1637 2198 1692 suscitat.
2240 1635 2379 1702 Quia
2421 1651 2552 1690 vero
2579 1650 2694 1691 rem
2747 1649 2960 1692 sacram
2995 1636 3178 1708 peragi
3215 1637 3523 1708 oportebat,

273 1731 461 1802 ράκαρ
489 1731 710 1798 ἐκεῖνος,
737 1727 882 1801 εἶχεν
926 1727 1244 1800 ἐπιθυμίας,
1266 1728 1493 1781 εἴσεισιν
1521 1727 1602 1790 είς
1625 1727 1686 1780 τὸ
1704 1725 1846 1798 ἱερὸν

1953 1728 2108 1797 cujus
2144 1726 2228 1781 vir
2257 1735 2340 1782 ter
2368 1725 2585 1794 beatus,
2610 1727 2784 1783 multo
2808 1727 3052 1798 quotidie
3075 1727 3350 1784 desiderio
3376 1738 3526 1784 tene-

271 1821 530 1894 καθαρῶς
559 1819 873 1894 λατρεύσων
898 1819 975 1890 τῷ
1003 1819 1216 1890 Κυρίῳ,
1248 1819 1342 1872 καὶ
1372 1819 1476 1890 τὴν
1508 1818 1846 1890 ἀναίμακτον

271 1912 598 1985 προσφέρων
624 1911 834 1966 θυσίαν.

343 2001 455 2056 Καὶ
483 2001 686 2071 ταύτην
712 1998 1114 2071 πεπληρωκὼς,
1149 1997 1244 2054 καὶ
1269 1998 1530 2070 μεταδοὺς
1555 1999 1669 2062 τοῖς
1699 2013 1844 2068 παρ-

271 2092 413 2159 οῦσι,
445 2092 542 2149 καὶ
599 2092 777 2146 πάντα
808 2089 1169 2155 ὲκτετελεκὼς
1202 2088 1606 2162 ἁρμοδιώτατα,
1635 2087 1845 2142 ἐκεῖθεν

272 2185 366 2240 ἀπὶ
392 2183 494 2257 τὴν
519 2183 803 2256 τράπεζαν
834 2181 1236 2252 ἀνακέκληταιο
1272 2181 1358 2251 ἐφ’
1465 2181 1557 2235 καὶ
1588 2179 1846 2246 δεξιωσά-

275 2277 440 2348 μενός
465 2278 628 2343 ,τινας
662 2275 772 2328 τῶν
805 2272 1264 2346 παραγενομένων
1299 2273 1560 2344 Πατέρων
1594 2273 1689 2326 καὶ
1713 2273 1846 2344 ὀμο-

271 2364 539 2437 λογητῶν,
568 2365 665 2419 καὶ
697 2363 1037 2434 φιλοφρόνως
1069 2360 1306 2427 ξενίσας,
1334 2361 1400 2416 τὰ
1430 2359 1530 2432 τῆς
1573 2360 1847 2431 μεταστά-

275 2473 412 2520 σεως
440 2455 528 2510 διὰ
557 2454 800 2521 πάντων,
831 2452 926 2508 καὶ
957 2451 1494 2525 προσφθεγγόμενος,
1523 2451 1616 2505 καὶ
1645 2449 1846 2521 ὁμιλῶν

271 2545 506 2608 τούτοις,
545 2543 963 2614 παρεπέμπετο.
990 2540 1098 2594 Καί
1123 2556 1186 2608 γε
1206 2537 1368 2592 τοῦτο
1395 2538 1518 2609 οὐχὶ
1545 2544 1847 2610 τηνικαῦτα

277 2636 462 2709 μόνον,
500 2634 576 2700 ὦς
621 2637 768 2699 ὲστε,
803 2633 917 2688 ἀλλ’
959 2631 1080 2696 ὅλος
1127 2631 1157 2685 ὁ
1197 2627 1388 2700 χρόνος
1420 2629 1519 2700 τῆς
1569 2625 1846 2700 μακαρῖας

273 2725 369 2782 τοῦ
396 2725 642 2796 ἀοιδίμου
670 2723 835 2794 ζωῆς,
866 2721 1018 2776 οὐδὲν
1044 2720 1206 2774 πλέον
1245 2715 1334 2791 ἦν,
1379 2719 1413 2792 ἢ
1444 2719 1643 2791 μελέτη
1677 2719 1844 2774 θανά-

275 2835 371 2874 του
393 2859 409 2885 ,
430 2818 527 2872 καὶ
563 2813 832 2888 ἐπιθυμία
865 2812 972 2868 τοῦ
990 2811 1316 2876 ἀναλῦσαι,
1340 2811 1439 2865 καὶ
1466 2810 1589 2866 σὺν
1615 2812 1847 2879 Χριστῷ

273 2905 450 2964 εἶναι.
498 2905 588 2972 Ἐξ
627 2901 695 2978 ἧς
729 2905 973 2976 μνήμης,
1014 2904 1211 2966 ὁπόσος
1241 2901 1410 2972 αὐτῷ,
1453 2902 1546 2956 καὶ
1587 2901 1775 2972 ἡλίκος
1818 2903 1847 2954 ό

275 2998 622 3068 καθεκάστην
673 2996 850 3065 ἀγών;
900 2996 994 3048 καὶ
1027 2995 1096 3048 τὰ
1144 2994 1231 3047 διὰ
1271 2993 1504 3063 σπουδῆς
1553 2992 1846 3064 κατορθού-

1946 1820 2110 1875 batur
2137 1818 2273 1891 (l7),
2304 1819 2613 1891 ingreditur
2643 1821 3140 1890 templum,munde
3168 1820 3396 1878 Domino
3417 1822 3525 1877 mi-

1945 1908 2300 1973 nistraturus,
2331 1923 2398 1964 ac
2423 1907 2710 1964 oblaturus
2742 1909 3082 1964 incruentam
3116 1911 3372 1964 hostiam.

1998 1996 2192 2064 Porro,
2211 2005 2432 2067 peracta
2457 2013 2515 2053 re
2531 2012 2707 2062 saera,
2723 1997 3140 2068 impertitusqne
3165 1996 3250 2060 iis.
3269 1997 3365 2068 qui
3381 1996 3528 2051 ades-

1947 2097 2094 2150 sent,
2128 2084 2348 2140 viviﬁca
2379 2095 2744 2150 sacramenta,
2775 2099 2839 2138 ac
2867 2083 3126 2138 omnibus
3147 2081 3528 2154 congruentis-

1946 2178 2086 2233 sime
2120 2177 2536 2244 consummatis;
2572 2177 2721 2232 illinc
2753 2177 2818 2231 ad
2846 2189 3092 2232 mensam
3125 2189 3384 2231 reversus
3397 2181 3523 2230 est:

1947 2269 2039 2324 ubi
2075 2269 2241 2324 etiam
2273 2269 2589 2332 nonnullos,
2613 2269 2702 2339 qui
2729 2269 3004 2332 adessent,
3024 2268 3210 2323 Patres
3238 2277 3291 2322 ct
3313 2265 3526 2322 confes-

1948 2371 2127 2424 sores,
2159 2356 2526 2426 amplexatus,
2564 2371 2628 2412 ac
2665 2363 2918 2410 amanter
2959 2355 3260 2425 excipiens,
3301 2354 3390 2408 vix
3423 2353 3524 2408 nisi

1947 2447 2018 2502 de
2054 2456 2228 2501 morte
2273 2457 2528 2502 conserto
2569 2461 2823 2502 sermone
2865 2461 2931 2501 ac
2977 2446 3274 2516 colloquio,
3319 2443 3529 2500 dimisit

1946 2551 2062 2592 eos.
2094 2537 2204 2592 Nec
2247 2551 2399 2604 sane,
2432 2539 2504 2592 ita
2547 2544 2679 2592 tunc
2708 2537 2909 2602 solum,
2939 2545 3000 2590 ut
3038 2536 3227 2602 scitis;
3262 2535 3355 2590 sed
3386 2541 3526 2590 tem-

1948 2640 2052 2694 pus
2083 2633 2258 2680 totum
2293 2626 2466 2680 beatae
2502 2626 2603 2680 viri
2630 2625 2816 2697 inclyti
2851 2626 2976 2681 vitae
2999 2665 3015 2691 ,
3058 2625 3196 2681 nihil
3228 2625 3398 2694 magis
3429 2624 3528 2679 ha-

1947 2717 2088 2783 buit,
2114 2732 2278 2787 quam
2302 2718 2494 2773 mortis
2520 2717 2950 2779 meditationem.
2975 2725 3030 2773 ct
3056 2717 3374 2771 desiderium
3413 2717 3526 2770 dis-

1947 2809 2077 2863 solvi
2123 2815 2174 2861 et
2211 2823 2320 2862 esse
2363 2823 2482 2860 cum
2527 2808 2823 2864 Christo".
2852 2807 2927 2862 Ex
2958 2823 3021 2863 ea
3060 2808 3344 2874 memoria,
3369 2808 3528 2876 quale

1949 2899 2052 2970 ipsi
2085 2915 2150 2954 ac
2173 2908 2442 2970 quantum
2469 2901 2716 2970 quotidie
2747 2911 3023 2956 certamen
3060 2899 3197 2956 fuit?
3228 2899 3366 2968 Quid
3395 2916 3527 2957 vero

1949 3004 2112 3060 opus,
2144 2989 2354 3046 referre
2376 3007 2442 3046 eo
2472 2993 2656 3048 studio
2701 3001 2852 3064 gesta
2879 2991 3094 3063 egregia
3129 3001 3243 3048 tum
3271 2993 3524 3064 privatim

279 3100 419 3154 μενα
467 3062 590 3136 ιδιά
619 3099 680 3135 τε
723 3062 1027 3152 καὶκοινῇ,
1073 3081 1124 3134 τί
1160 3080 1242 3134 δεῖ
1288 3081 1384 3134 καὶ
1417 3062 1618 3149 λέγειν,
1667 3062 1849 3135 αὐτῶν

1955 3092 2070 3138 tum
2101 3083 2342 3153 publice,
2378 3099 2502 3139 cum
2530 3084 2618 3139 vix
2653 3084 2770 3155 ipsa
2799 3099 2909 3139 non
2935 3083 3219 3139 clament?
3250 3081 3406 3140 Nunc
3427 3100 3527 3139 au-
3619 3079 3624 3082 ’

275 3175 484 3232 τούτων
542 3174 870 3245 μονονουχὶ,
927 3173 1022 3226 καλ⁵
1071 3173 1219 3245 ἔργῳ
1276 3172 1558 3244 βοώντων;
1608 3174 1747 3227 Νυνὶ
1793 3173 1850 3230 δὲ

277 3265 461 3338 πολλῷ
520 3265 714 3320 πλέον’
771 3263 847 3328 ὡς
899 3261 1098 3335 μικροῦ
1149 3263 1393 3328 ἐνιαυτὸς
1443 3264 1847 3335 παρίππευσεν,

278 3359 522 3430 ὁπηνίκα
547 3357 772 3421 τελείως
805 3356 941 3428 πρὸς
964 3357 1061 3428 τὴν
1092 3356 1270 3424 ἔξοδον
1308 3356 1720 3430 παρεσκεύαστο
1740 3373 1755 3389 ο
1777 3357 1853 3422 ὡς

281 3449 562 3512 πολλάκις.
598 3447 694 3502 καὶ
733 3447 824 3500 ἐπὶ
852 3446 1030 3518 συχνῷ
1076 3448 1463 3519 παρεδρεύοντί
1500 3465 1590 3519 μοι
1618 3446 1787 3519 αὐτῷ,
1823 3448 1853 3501 ό

279 3541 462 3594 πάντα
511 3538 764 3611 βουλήσει
819 3537 954 3592 Θεοῦ
1005 3537 1102 3592 καὶ
1148 3539 1291 3609 δρῶν
1335 3541 1430 3592 καὶ
1467 3539 1661 3608 λέγων,
1704 3539 1854 3610 ὅμως

279 3630 718 3704 Χριστομιμήτῳ
747 3625 1076 3687 ταπεινώσει
1122 3628 1223 3682 οὐκ
1257 3629 1486 3698 ἀπηξίου
1537 3629 1853 3700 προσφθέγ-

279 3722 496 3794 γεσθαι,
526 3722 622 3776 καὶ
661 3723 726 3792 τῇ
760 3721 1010 3794 ἡμετέρᾳ
1034 3719 1367 3778 ταπεινώσει
1400 3723 1458 3776 ὲν
1482 3719 1698 3784 τούτοις
1718 3737 1734 3752 ο
1758 3723 1849 3793 Μή

279 3830 334 3870 τι
363 3812 678 3882 ἔνελίπομεν
702 3807 810 3882 ἆρα
830 3810 940 3864 τῶν
963 3809 1286 3882 ὀφειλόντων
1306 3810 1606 3883 λαληθῆναι
1628 3811 1770 3866 κατά
1790 3811 1852 3866 τὸ

281 3904 614 3972 ἀναγκαῖον;
649 3902 726 3973 μή
761 3918 814 3956 τι
860 3901 970 3956 τῶν
1014 3902 1516 3974 κεχρεωστημένων
1551 3905 1685 3975 ἡμῖν
1711 3921 1851 3975 παρ-

280 3993 583 4066 ημέληται;
625 3991 767 4047 οὕτω
806 3991 904 4047 καὶ
958 3993 1086 4065 περὶ
1121 3993 1230 4047 τῶν
1263 3994 1579 4067 τοιούτωνὴ
1605 3997 1850 4066 μακαρία

279 4085 467 4158 ἐκείνη
516 4083 922 4156 πολυμέριμνος
965 4084 1113 4156 ψυχη
1159 4084 1477 4154 ἠγωνίζετο,
1511 4087 1607 4140 καὶ
1654 4087 1848 4158 ἐφρόν-

280 4176 438 4242 τιζεο
479 4176 576 4230 καὶ
607 4174 747 4248 μετά
769 4175 868 4246 τὴν
910 4174 1068 4246 ἑξῆς⁶
1121 4171 1190 4248 ῆν
1229 4174 1338 4248 γὰρ
1366 4177 1524 4248 τρίτη
1570 4176 1680 4230 τῶν
1711 4179 1846 4249 ἠμει-

1951 3186 2059 3232 tem
2088 3175 2248 3248 longe
2284 3176 2522 3247 amplius
2558 3193 2572 3232 :
2603 3177 2792 3243 utjam
2825 3174 2942 3232 fere
2971 3175 3040 3230 ab
3069 3191 3238 3241 anno,
3268 3177 3435 3231 morti
3466 3192 3527 3234 se

1951 3264 2194 3337 perfecte
2239 3275 2616 3337 comparasset
2648 3285 2660 3321 :
2692 3266 2842 3320 Adeo
2875 3276 2934 3320 ut
2955 3303 2972 3330 ,
2998 3265 3122 3320 cum
3152 3265 3200 3320 ei
3238 3267 3439 3335 saepius
3464 3282 3528 3323 ac

1955 3355 2213 3426 frequens
2253 3358 2524 3422 adessem,
2556 3357 2650 3427 qui
2689 3357 2871 3411 omnia
2911 3356 3004 3412 Dei
3037 3359 3314 3414 voluntate
3349 3369 3403 3415 et
3443 3359 3528 3414 fa-

1957 3459 2105 3508 ceret
2131 3456 2186 3504 et
2216 3450 2564 3521 loqueretur;
2608 3464 2707 3504 nec
2743 3449 2826 3505 sic
2864 3458 3072 3517 tamen,
3103 3450 3310 3507 Christi
3341 3452 3528 3526 humi-

1956 3544 2126 3600 litatis
2153 3543 2405 3606 mmulus,
2430 3539 2798 3595 humilitatem
2828 3554 3004 3595 meam
3035 3555 3200 3610 super
3219 3540 3304 3597 his
3327 3541 3530 3614 alloqui

1958 3636 2372 3710 dedignaretur:
2396 3631 2538 3686 Num
2557 3640 2830 3700 superest,
2857 3631 3056 3698 aiebat,
3080 3631 3287 3703 aliquid
3313 3647 3527 3695 eorum.

1959 3737 2081 3793 quae
2125 3719 2436 3777 necessarie
2482 3717 2630 3786 loqui
2671 3716 3006 3772 habuimus?
3045 3719 3304 3789 Nunquid
3339 3736 3530 3776 eorum

1956 3813 2164 3884 aliquid
2215 3809 2579 3880 negleximus,
2625 3821 2859 3876 quorum
2908 3823 3154 3866 essemus
3215 3813 3534 3870 debitores?

1958 3905 2051 3961 Sic
2081 3905 2134 3959 in
2165 3900 2436 3972 ejusmodi
2461 3899 2827 3956 contendebat
2849 3910 2904 3954 et
2929 3901 3124 3971 agebat
3142 3902 3528 3968 curam,beata

1956 3997 2068 4065 illa,
2101 4009 2166 4050 ac
2190 3993 2375 4048 multa:
2406 3991 2796 4048 sollicitudinis
2820 3992 3025 4045 anima.
3062 3989 3265 4052 Verum
3295 4005 3418 4062 post
3439 4009 3528 4050 se-

1956 4097 2211 4161 quentem
2241 4087 2384 4142 diem
2417 4103 2434 4142 :
2475 4086 2580 4141 fuit
2616 4087 2762 4142 enim
2791 4086 2948 4141 tertia
2988 4085 3126 4150 dies,
3159 4101 3266 4156 qua
3293 4088 3529 4143 occurrit

1955 4181 2216 4237 memoria
2243 4178 2355 4251 (l8)
2404 4179 2586 4248 magni
2637 4178 2968 4235 confessoris
3006 4177 3193 4245 Pauli;
3227 4180 3312 4234 vir
3341 4179 3533 4235 beatus

353 4309 401 4343 ³³
432 4307 454 4363 ί
487 4306 651 4363 Thes.
685 4324 724 4371 ι,
755 4309 809 4363 8.
884 4309 932 4340 ³⁸
962 4308 982 4361 l
1012 4308 1152 4364 Tim.
1195 4323 1255 4372 ιι,
1285 4311 1341 4373 4.
1415 4309 1462 4346 ⁸⁸
1509 4309 1527 4363 1
1575 4309 1703 4364 Cor.
1754 4326 1849 4364 xm

1957 4348 1971 4365 .
2047 4312 2094 4344 "
2120 4309 2354 4380 Philipp.
2407 4323 2448 4376 ι,
2471 4308 2564 4364 25.

282 4404 576 4476 αἰσχύνην·
629 4401 878 4476 ἀλλ’-ἐπὶ
917 4403 1349 4476 πέταυρον-ᾇδου
1395 4405 1664 4476 ωναντᾷξ
1712 4421 1849 4476 qua:

1954 4416 2004 4462 et
2043 4423 2073 4462 a
2104 4406 2214 4460 Deo
2249 4421 2278 4459 a
2307 4420 2416 4475 quo
2463 4405 2618 4474 ipse;
2650 4405 2972 4474 inspectanti
3043 4406 3238 4460 fratres
3282 4419 3531 4471 sorores-

282 4471 895 4544 verbahabenturl’rou.
915 4471 1290 4540 x1.§0ci:uritin
1302 4471 1621 4544 profundum
1639 4471 1850 4544 inferni.

284 4539 690 4615 Βεεγςιιηεῖδος
729 4539 1211 4615 παγίδος-ταμείας
1242 4539 1461 4615 quoque
1501 4545 1626 4598 vitae
1649 4539 1852 4599 Νῖσοιαί

288 4611 518 4668 Studita:
546 4614 613 4666 de
635 4613 905 4681 Cypriano
931 4611 1136 4667 Nicolai
1163 4611 1448 4682 discipulo,
1480 4629 1604 4668 cum
1636 4615 1853 4683 juvenis

285 4684 429 4738 inter
458 4683 748 4753 Scholares
798 4683 913 4736 alas
948 4683 1207 4746 militans,
1238 4700 1265 4736 a
1295 4684 1521 4738 muliere
1577 4683 1849 4753 impudica

283 4755 396 4824 jam
437 4754 596 4808 tertio
637 4752 702 4824 ad
742 4752 1447 4824 libidinemprovocaretur
1487 4768 1502 4805 :
1545 4754 1620 4814 ὡς
1657 4752 1850 4824 δέκα).

285 4822 470 4895 τρίτον
487 4823 813 4895 ἐπιστᾶσαν,
843 4822 938 4876 καὶ
962 4822 1386 4895 προς-πέταυρον
1402 4823 1528 4895 ᾅδου
1546 4823 1851 4894 κατασῦραί

1961 4493 2067 4546 que
2095 4476 2409 4546 audirent:
2455 4489 2576 4546 eam
2619 4476 2717 4546 viri
2757 4476 3010 4544 pietatem
3040 4515 3055 4540 ,
3112 4477 3534 4532 commendante

1965 4544 2096 4614 Deo,
2139 4544 2371 4600 mirabili
2399 4545 2631 4614 quadam
2662 4545 2712 4598 in
2745 4560 2831 4598 res
2855 4559 3046 4600 omnes
3089 4546 3442 4611 auctoritate,
3475 4558 3532 4602 ut

1961 4619 2159 4672 nedum
2183 4618 2361 4679 hruta,
2390 4617 2482 4686 sed
2507 4615 2589 4686 vel
2615 4615 2911 4679 insensata,
2936 4614 3083 4686 velut
3117 4614 3338 4686 fratrem
3363 4632 3532 4686 agno-

1961 4695 2194 4752 scerent,
2219 4699 2283 4740 ac
2309 4700 2410 4739 nec
2439 4684 2580 4754 ignis
2599 4684 3214 4748 cruciaret-,cruciatum
3238 4683 3534 4755 deprecan~

1960 4765 2162 4905 ιθῗῖτ),
2177 4824 2352 4905 diuite
2369 4823 2604 4905 gyolidie
2639 4823 3223 4905 desiderioieneb‘atur.
3248 4825 3343 4905 ’ᾖν
3365 4823 3530 4878 ἑκάσ-

291 4889 719 4975 μεβουλομένην
752 4889 1019 4975 έώρακαδ
1049 4890 1148 4975 ιζὺὶ
1161 4889 1535 4975 j_am'tcrtiutit
1568 4889 1849 4975 instantem

1953 4889 2070 4975 τοτε
2117 4889 2224 4949 ⁷διὸι
2265 4889 2466 4975 πολλῆς
2508 4889 2674 4975 εἶχενΔ
2702 4893 3016 4975 ἐπιθυμίαςζ
3063 4894 3224 4975 Non"
3244 4889 3385 4948 forte
3438 4910 3536 4975 per

286 4979 339 5019 τι

342 4965 630 5033 (Ιίηιηετμιε
663 4963 715 5014 in
745 4963 938 5030 inferni
968 4963 1286 5033 profundum
1327 4965 1580 5033 volentem
1624 4963 1847 5033 trahere.

359 5032 472 5104 (l6)
515 5030 837 5104 ,Suﬂ'erentes
875 5030 1076 5088 omnia.
1128 5035 1266 5088 Sunt
1302 5030 1644 5104 verbaAPauli
1677 5035 1695 5085 l
1727 5031 1852 5086 Cor.

291 5101 411 5160 xui.
447 5101 674 5172 Soloque
697 5104 989 5172 antiquarii
1024 5105 1178 5172 lapsu
1206 5105 1411 5156 videtur
1440 5101 1500 5172 τὸ
1534 5102 1851 5172 στέργοντες

291 5173 597 5243 irrepsisse,
629 5171 754 5226 ἀντὶ
772 5173 867 5226 τοῦ
895 5171 1195 5240 στέγοντες.
1211 5172 1348 5237 Quid
1371 5173 1416 5228 si
1439 5171 1512 5225 ita
1533 5171 1661 5241 legit
1681 5171 1859 5226 Theo-

291 5242 481 5310 dorus,
513 5242 598 5297 vel
628 5243 720 5312 ita
769 5243 1125 5312 apostolicam
1159 5258 1345 5296 vocem
1397 5243 1644 5306 detorsit,
1687 5253 1746 5296 ut
1783 5243 1858 5296 si-

292 5313 578 5384 gniticaret
604 5311 698 5384 illa
727 5311 1001 5384 iustorum
1033 5313 1259 5376 viscera,
1300 5312 1500 5384 quibus
1527 5327 1651 5384 vere
1675 5314 1860 5368 omnia

289 5381 542 5436 videntur
577 5381 848 5453 στέργειν,
892 5383 1168 5446 adamare,
1199 5392 1253 5437 et
1277 5381 1525 5453 quadam,
1565 5383 1852 5453 charitate,

292 5466 399 5532 pro
427 5451 697 5532 cujusque
741 5454 819 5508 rei
861 5453 1090 5517 ratione,
1129 5451 1387 5532 prosequi
1425 5469 1439 5505 :
1475 5452 1639 5532 ﬁam,
1690 5451 1855 5508 Novit

285 5522 464 5591 justus
499 5522 860 5591 jumentorum
899 5538 1116 5576 suorum
1165 5523 1394 5588 animas,
1439 5523 1638 5577 viscera
1678 5533 1851 5577 autem

289 5594 572 5660 impiorum
623 5593 881 5647 crudelia.
917 5593 1075 5647 Prov.
1107 5607 1204 5657 ιιι,
1231 5607 1374 5646 vers.
1423 5592 1508 5647 10.
1551 5592 1856 5647 Praecelluit

289 5660 621 5720 Franciscus
650 5663 895 5720 Asisinas
922 5677 986 5720 ea
1015 5663 1304 5729 eharitate,
1331 5663 1419 5718 cui
1448 5663 1628 5718 omnia
1653 5673 1714 5718 ut
1737 5665 1850 5730 Dei,

1953 4966 2192 5035 Scipsum
2229 4963 2471 5034 quotidie
2497 4963 2839 5032 peracturus,
2869 4964 3016 5033 quod
3053 4978 3151 5018 nec
3186 4963 3372 5018 Graeca
3395 4963 3528 5035 satis

1961 5034 2273 5105 significant
2315 5035 2446 5088 :vel
2493 5035 2735 5105 quotidie
2779 5044 3102 5104 peracturus
3152 5035 3392 5104 quidem,
3437 5034 3530 5105 sed

1966 5103 2136 5160 veto:
2169 5119 2336 5175 reque
2381 5103 2528 5171 ipsa,
2560 5103 2800 5175 quaties
2849 5105 3096 5158 Ιίοιιιε›οι
3145 5103 3182 5169 ,ί
3215 5120 3378 5175 quam
3428 5103 3537 5158 ire»

1967 5177 2188 5246 quentis
2217 5173 2603 5246 celebrationis
2629 5174 2978 5242 cupiditatem
3003 5183 3206 5228 tantam
3221 5174 3534 5246 habuerunt

1968 5242 2146 5301 sancti
2190 5260 2300 5300 non
2345 5245 2529 5314 pauci,
2569 5252 2626 5297 ut
2675 5247 2822 5298 velut
2867 5245 3116 5310 dcsolati,
3159 5259 3264 5314 qua
3309 5242 3395 5298 die
3426 5259 3532 5297 non

1969 5317 2361 5378 celebrassent,
2385 5315 2478 5385 rvix
2527 5314 2784 5385 gaudiqu
2821 5315 3081 5369 haberent
3114 5331 3126 5368 :
3181 5315 3260 5368 ira
3299 5317 3536 5368 manune

1969 5396 2156 5440 noster
2188 5384 2518 5448 Ludovicus,
2537 5384 2658 5440 etc.

2033 5455 2145 5525 ([8)
2180 5454 2358 5525 Magni
2391 5455 2704 5524 confessoris
2731 5453 2914 5508 Pauli.
2947 5453 3112 5525 Ponit
3135 5451 3363 5525 Migracl
3389 5451 3538 5525 hunc

1961 5521 2104 5579 diem
2128 5521 2174 5580 ’6
2203 5521 2544 5592 Novembris,
2577 5542 2608 5579 a
2637 5540 2747 5594 quo
2778 5535 3057 5594 superstes
3090 5521 3191 5576 fuit
3217 5521 3538 5575 Theodorus

1963 5609 2138 5666 usque
2172 5597 2238 5651 ad
2270 5597 2410 5666 diem
2443 5603 2635 5652 sancto
2653 5592 2881 5665 martyri
2928 5592 3094 5648 Mente
3127 5608 3345 5648 sacrum
3378 5631 3393 5656 ,
3437 5607 3537 5644 ιιυ-

1959 5665 2243 5724 ιιὶεειιιιοιί
2274 5665 2513 5723 Martini.
