4122 6382
625 248 764 324 1843

1541 245 1948 308 APPENDIX.
1997 267 2056 286 --
2087 239 2508 303 NAUCRATII
2544 241 2954 306 ENCYCLICA

3728 228 3882 296 18H

625 366 769 420 velut
825 360 919 434 qui
949 359 1044 417 Dei
1101 368 1158 416 et
1181 367 1500 416 sanctorum
1546 369 1697 418 esset
1723 374 1938 425 amans,
1999 358 2196 414 iterum

2313 353 2432 424 ρῶν,
2470 354 2530 409 ὲν
2629 355 2932 427 ἐφέστηκεν
2968 355 3002 426 ἠ
3054 353 3250 425 μνήμη
3288 349 3384 405 τοῦ
3414 347 3654 418 μεγάλου
3683 347 3885 418 ὀμολο·

625 451 860 523 tmplens
889 448 1254 521 apostolicum
1292 447 1514 513 scitum,
1551 463 1666 502 rem
1702 461 1917 502 sacram
1947 444 2194 516 peragit,

625 541 682 594 in
735 537 912 594 sancti
947 535 1250 605 defungens
1297 533 1616 588 memoriam
1659 532 1796 604 (19).
1835 532 1957 588 Jam
2011 541 2197 588 autem

625 625 770 683 facto
814 640 1068 697 vespere,
1103 639 1228 680 eum
1269 638 1368 693 pro
1400 637 1553 678 more
1591 621 1798 690 secum]
1827 621 2196 689 considentes,

626 715 816 770 multis
852 713 1126 769 allocutus
1153 718 1328 774 esset,
1361 709 1642 780 multaque
1675 710 1925 773 dixisset,
1957 709 2083 764 inde
2112 709 2200 764 in-

627 815 850 874 gressus
880 801 936 855 in
957 798 1228 864 cellulam,
1247 806 1626 867 consuetaque
1655 797 1995 866 psalmorum
2028 809 2198 866 penso

626 905 692 946 ac
722 889 974 960 precibus
1019 884 1312 952 absolutis,
1361 899 1421 940 se
1455 885 1506 938 iu
1539 885 1800 942 lectulum
1837 885 2006 941 dedit.
2037 883 2197 940 Circa

625 985 809 1036 autem
841 975 1034 1029 horam
1064 980 1342 1042 quartam,
1370 971 1539 1027 subiit
1563 973 1760 1029 solitus
1785 988 1852 1028 ex
1871 972 2200 1044 egritudine

625 1065 800 1130 dolor,
834 1070 1138 1131 vocatoque
1164 1075 1274 1114 uuo
1309 1061 1542 1119 fratrum
1570 1063 1958 1120 excubantium
1991 1063 2058 1118 ad
2086 1063 2199 1118 cel-

629 1156 756 1217 tam,
783 1167 943 1206 suum
973 1150 1305 1218 eidolorem,
1324 1151 1620 1222 statimque
1641 1151 1873 1209 fratrum
1903 1169 2199 1210 accurren-

627 1244 760 1303 tium
797 1257 1032 1306 coronae,
1058 1242 1382 1309 denuntiat.
1413 1241 1548 1298 Cum
1591 1259 1754 1313 porro
1795 1245 1940 1300 haud
1975 1245 2047 1301 ita
2085 1261 2201 1302 mo-

626 1334 758 1395 leste
785 1347 906 1386 eam
931 1332 1072 1386 diem
1101 1331 1324 1402 egisset,
1361 1333 1624 1402 postridie
1664 1336 1871 1392 accitos
1893 1340 2084 1392 omnes
2106 1337 2199 1407 qui

625 1421 898 1486 adessent,
941 1421 1211 1493 supremis
1251 1423 1619 1486 sermonibus,
1652 1438 1749 1479 ceu
1785 1425 1898 1494 jam
1943 1426 2203 1498 migratu-

627 1528 759 1576 rus,
814 1512 1036 1569 eosdem
1091 1512 1288 1569 affatus
1317 1524 1419 1570 cst.
1467 1513 1680 1580 Quibus
1719 1516 1863 1572 illis?
1889 1516 1960 1573 lis
1991 1519 2200 1589 utique,

626 1618 765 1674 quos
795 1603 1040 1674 quotidie
1067 1618 1178 1662 nou
1205 1605 1454 1660 cessabat
1487 1606 1662 1676 loqui,
1686 1607 1892 1678 diuque
1931 1623 1996 1664 ac
2033 1622 2201 1666 noctu

627 1693 684 1750 in
715 1695 1032 1753 memoriam
1066 1695 1394 1762 revocabat;
1434 1695 1512 1751 ita
1557 1711 1684 1752 cum
1721 1697 1914 1768 primis
1952 1699 2142 1755 dicens
2179 1717 2196 1755 :

637 1800 653 1805 -
697 1780 916 1805 D-.-a_--
970 1791 1258 1805 _-._--..---
1292 1801 1302 1805 _
1339 1783 1598 1805 n----|___.-
1644 1784 1745 1805 1---
1781 1800 2057 1805 --μ--..---η-
2105 1795 2174 1805 ,ξι

2313 1693 2790 1805 Ᾰέθὲυξῖἐνεξδε
2823 1726 2884 1788 οὗ

602 1789 654 1836 ἰ
697 1780 918 1844 Fratres
970 1791 1305 1854 patresque:
1339 1783 1604 1839 Poculum
1644 1784 1750 1840 hoc
1773 1800 2066 1843 commune
2095 1795 2201 1854 est,

629 1877 774 1946 quod
811 1875 1066 1936 biberunt
1110 1889 1304 1934 omnes
1335 1888 1516 1946 patres
1553 1877 1743 1932 nostri.
1774 1877 1959 1947 Ipsum
1986 1895 2088 1950 ego
2119 1879 2206 1935 bi-

629 1964 846 2022 biturus
885 1979 1028 2030 sum,
1071 1963 1316 2033 vadoque
1353 1965 1420 2018 ad
1461 1975 1646 2034 patres
1674 1981 1848 2020 meos.
1885 1964 2077 2024 Videte
2127 1977 2206 2024 te-

629 2062 958 2118 stamentum
983 2055 1126 2124 quod
1143 2055 1360 2110 condidi
1381 2055 1538 2112 vobis
1565 2073 1580 2123 ;
1606 2054 1794 2112 Fidem
1825 2068 2058 2115 vestram
2087 2074 2206 2114 ser-

633 2151 753 2206 vate
779 2141 1200 2208 inconcussam,
1243 2151 1298 2196 et
1373 2141 1541 2197 vitam
1591 2143 2024 2205 immaculatam.
2057 2145 2205 2201 Nihil

630 2231 778 2287 enim
821 2230 965 2286 ultra
1011 2230 1184 2286 habeo
1224 2231 1425 2298 dicere,
1458 2232 1604 2302 quod
1634 2232 1749 2302 jam
1781 2233 1912 2288 olim
1942 2235 2206 2306 quidquid

630 2334 810 2392 opem:
837 2318 1069 2388 pretium
1093 2325 1231 2386 erat,
1273 2318 1716 2382 anuuntiaveritu
1766 2320 1944 2387 vobis,
1996 2338 2208 2395 VOSque

632 2405 816 2470 omnia
843 2404 1254 2486 pratdocuerim.
1300 2422 1319 2455 ι

704 2663 972 2720 Ρτκιειεα
1000 2663 1148 2720 istud
1185 2664 1405 2736 adjecit,
1441 2680 1569 2720 vere
1607 2663 1753 2724 ﬁlius
1779 2665 1936 2738 pacis
1985 2677 2040 2724 et
2069 2667 2211 2726 dile-

637 2755 833 2822 ctionis
860 2771 876 2810 :
900 2773 918 2807 ι
952 2753 1186 2809 Domino
1212 2766 1400 2810 nostro
1427 2755 1706 2827 episcopo,
1731 2757 1961 2814 salutem
1988 2770 2042 2815 et
2055 2775 2214 2816 oscu-

637 2850 750 2915 ium
786 2863 912 2909 cum
953 2847 1257 2906 reverentia
1291 2855 1347 2902 et
1383 2848 1616 2912 honore,
1643 2864 1675 2903 a
1707 2865 1795 2905 me
1829 2849 2212 2922 impertimini.

639 2935 886 3014 Reliquis
923 2934 1048 2988 item
1078 2932 1332 2998 Patribus
1353 2975 1367 2999 ,
1397 2934 1783 3006 episcopisque
1814 2946 1868 2991 et
1922 2936 2216 2994 sacerdoti-

2298 441 2468 512 γητοῦ
2501 443 2716 496 Παύλου
2736 459 2752 476 ο
2803 443 2881 506 ὼς
2913 441 3181 510 φιλόθεος,
3214 440 3307 494 καὶ
3343 439 3594 510 φιλάγιος
3628 438 3692 492 τὺ
3735 437 3882 490 ἀπο-

2301 537 2543 592 στολικδν
2576 537 2820 610 πληρῶν,
2849 539 2948 592 καὶ
2974 534 3152 604 αὖθις,
3169 535 3380 590 ὲκτελεῖ
3405 533 3505 606 τὴν
3527 531 3679 586 θείαν
3709 545 3885 602 μυστ-

2299 629 2570 700 αγωγίαν,
2601 632 2669 701 τῇ
2724 629 2820 684 τοῦ
2877 629 3035 699 ἁγίου
3090 630 3280 700 μνήμῃ
3321 625 3735 696 ἀφοσιούμενος.
3763 621 3881 674 και

2299 722 2541 794 ἑσπέρας
2573 721 2676 794 ἤδη
2718 721 3166 792 καταλαϐούσης,
3197 719 3429 772 πλεῖστα
3461 717 3558 770 καὶ
3585 714 3882 786 ὁμιλήσας,

2299 814 2397 870 καὶ
2441 812 2956 886 προσφθεγξάμενος
2998 814 3110 877 τοῖς
3171 809 3663 879 συγκαθεζομένοις
3701 803 3882 876 αὐτῷ.

2300 907 2444 963 κατὰ
2469 907 2532 961 τὸ
2565 907 2779 975 εἰωθὸς,
2808 906 3068 961 κάκεῖθεν
3097 905 3194 958 επὶ
3216 905 3280 959 τὸ
3318 902 3529 956 κελλίον
3553 900 3719 955 αὐτοῦ
3763 902 3886 953 εἱσ-

2301 1001 2496 1068 ελθὼν,
2535 1002 2633 1058 καὶ
2683 1001 2786 1074 τὴν
2817 1000 3024 1071 συνήθη
3068 998 3389 1070 ψαλμῳδίαν
3432 995 3528 1049 καὶ
3571 993 3669 1056 τὰς
3712 992 3888 1137 εῗᾷὰς

2301 1093 2685 1137 exerceamus-
2716 1093 2983 1137 ἀνέπεσεν
3016 1091 3109 1137 ἐπὶ
3135 1088 3233 1137 τοῦ
3277 1087 3552 1137 κλινιδίου.
3600 1086 3712 1137 Καὶ
3795 1083 3886 1137 sol

2301 1093 2688 1160 ὲκτετελεκὼς,
2716 1093 2983 1148 ἀνέπεσεν
3016 1091 3109 1146 ἐπὶ
3135 1088 3233 1145 τοῦ
3277 1087 3552 1142 κλινιδίου.
3600 1086 3712 1140 Καὶ
3749 1083 3886 1155 περὶ

2301 1185 2452 1257 ὥραν
2477 1185 2761 1258 τετάρτην,
2799 1183 3127 1254 ύπεισῆλθεν
3173 1179 3322 1253 αὐτῷ
3347 1182 3377 1235 ὁ
3407 1179 3550 1234 κατὰ
3586 1177 3889 1248 συνήθειαν

2301 1279 2500 1341 πόνος·
2549 1277 2645 1331 καὶ
2683 1277 2749 1348 δὴ
2796 1276 3054 1347 φωνήσας
3085 1275 3208 1329 τινὰ
3241 1272 3352 1328 τῶν
3399 1273 3506 1345 πρὸ
3541 1271 3644 1338 τῆς
3677 1268 3888 1340 κέλλης

2302 1367 2472 1422 αὐτοῦ
2526 1366 2897 1421 καθευδόντων
2933 1363 3201 1435 ἀδελφῶν,
3240 1361 3572 1432 ἀπαγγέλλει
3619 1361 3772 1432 αὐτῷ
3821 1359 3890 1414 τὺ

2303 1461 2547 1530 ἄλγημα,
2571 1458 2668 1512 καὶ⁹
2711 1461 2777 1530 τῇ
2815 1459 2952 1529 αὐτῇ
2999 1457 3272 1530 συνδρομῇ
3321 1455 3430 1509 τῶν
3463 1453 3732 1524 ἀδελφῶν.
3771 1452 3889 1506 Καὶ

2303 1549 2674 1623 διημερεύσας
2727 1550 3140 1620 μετριοπόνως,
3189 1549 3253 1618 τῇ
3300 1546 3428 1617 ἑξῆς
3489 1545 3889 1616 προσκαλεῖται

2304 1645 2431 1709 τοὺς
2452 1644 2727 1716 παρόντας
2757 1641 3002 1705 ἅπαντας
3035 1640 3133 1694 καὶ
3163 1640 3289 1703 τοὺς
3311 1639 3617 1710 ἐξιτηρίους
3643 1640 3888 1691 ποιεῖται

2887 1747 3005 1797 τοις
3039 1729 3136 1795 οὓς
3167 1730 3429 1784 ἑκάστοτε
3459 1730 3522 1782 ού
3547 1727 3756 1782 διέλιπε
3787 1727 3889 1780 καὶ

2304 1828 2506 1896 λαλεῖν,
2562 1827 2658 1881 καὶ
2713 1825 3156 1896 ὑπομιμνήσκειν
3209 1822 3427 1893 νύκτωρ
3480 1837 3543 1874 τε
3607 1819 3705 1874 καὶ
3762 1817 3886 1889 μεθ’

2305 1920 2553 1992 ἡμέρανο
2597 1918 2756 1974 τοῦτο
2801 1917 2860 1972 δὲ
2905 1917 3025 1970 κατ’
3077 1915 3386 1989 ἐξαίρετον·
3443 1933 3464 1968 ι
3507 1913 3752 1984 Ἀδελφοί.
3787 1913 3889 1968 καὶ

2308 2011 2581 2084 Πατέρες’
2616 2010 2678 2063 τὸ
2725 2010 2984 2080 ποτήριον
3020 2007 3183 2061 τοῦτο
3227 2009 3409 2062 κοινόν
3440 2009 3610 2072 ἐστιν,
3655 2005 3685 2058 δ
3729 2005 3888 2058 ἔπιον

2308 2103 2508 2167 πάντες
2536 2103 2586 2156 oi
2622 2103 2857 2174 πατέρες
2889 2102 3068 2173 ἡμῶν.
3096 2101 3171 2154 Τὸ
3198 2098 3330 2154 αύτδ
3357 2099 3569 2171 πίνοιμι
3591 2095 3774 2167 κάγὼ,
3791 2096 3888 2150 καὶ

2307 2195 2615 2267 πορεύομαι
2663 2194 2803 2266 πρὸς
2855 2194 2982 2258 τοὺς
3031 2191 3280 2263 πατέρας
3330 2209 3454 2262 μου.
3497 2188 3738 2244 Βλέπετε
3786 2187 3890 2259 τὴν

2309 2287 2636 2360 παραθήκην
2678 2285 2748 2358 ἣν
2781 2284 3106 2357 παρεθέμην
3157 2283 3316 2354 ύμῖν·
3359 2282 3459 2353 τὴν
3510 2279 3698 2335 πίστιν
3731 2279 3891 2351 ὑμῶν

2308 2379 2581 2450 φυλάξατε
2615 2377 2935 2443 ἀσάλευτον,
2961 2375 3054 2431 καὶ
3079 2367 3172 2430 τὸν
3203 2374 3318 2448 βίον
3348 2373 3698 2451 ἀκηλίδωτον.
3719 2371 3891 2426 Πλέον

2309 2473 2420 2543 γάρ
2451 2490 2505 2525 τι
2532 2471 2711 2545 λέγειν
2740 2472 2840 2525 οὐκ
2870 2470 2998 2546 ἔχω,
3040 2468 3132 2524 διὰ
3178 2468 3240 2521 τὸ
3269 2468 3449 2521 πάντα
3479 2467 3549 2519 τὰ
3579 2465 3890 2534 ὀφείλοντα,

2311 2565 2405 2624 καὶ
2439 2563 2868 2636 προαναγγεῖλαι
2898 2563 3048 2632 ὑμῖν,
3090 2561 3185 2614 καὶ
3213 2557 3554 2630 προδιδάξαι.
3591 2576 3612 2608 ι

2383 2656 2651 2729 Προσθεὶς
2685 2657 2780 2711 καὶ
2808 2653 2989 2720 τοῦτο,
3021 2655 3049 2711 ὁ
3089 2653 3192 2724 τῆς
3227 2652 3451 2724 εἰρήνης
3475 2651 3646 2716 ὅντως
3671 2648 3770 2703 καὶ
3795 2664 3896 2720 της

2313 2750 2538 2821 ἀγάπης
2579 2749 2728 2812 υἱόςο
2762 2767 2781 2800 ι
2817 2747 2909 2819 Τῷ
2953 2745 3192 2819 δεσπότῃ
3219 2743 3378 2816 ήμῶν
3405 2742 3484 2814 τῷ
3525 2743 3779 2814 ἀρχιερεῖ
3802 2741 3896 2795 τὸν

2315 2842 2380 2896 δι’
2409 2841 2592 2905 αἰδοῦς
2632 2841 2729 2895 καὶ
2763 2841 2929 2911 τιμῆς
2953 2838 3244 2909 ἀσπασμὸν
3272 2838 3333 2904 ἐξ
3362 2835 3496 2909 ἐμοῦ
3516 2835 3856 2906 ἀπονείματε
3875 2845 3896 2863 ⁶

2315 2937 2428 2996 τοῖς
2455 2932 2660 2996 λοιποῖς
2686 2931 2987 3003 Πατράσιν,
3015 2931 3299 3001 ίεράρχαις
3326 2945 3386 2982 τε
3415 2928 3508 2982 καὶ
3540 2927 3748 2998 ἱερεῦσι
3785 2929 3901 2990 τοῖς

641 3027 743 3088 bus
761 3023 959 3088 Christi
975 3022 1413 3092 ;confessoribus
1430 3033 1652 3095 propter
1667 3023 1956 3080 Dominum
1975 3041 2211 3096 persecu-

2323 3023 2584 3096 Χριστοῦ,
2612 3023 2974 3093 ὁμολογηταῖς
3005 3023 3118 3084 τοῖς
3145 3018 3232 3073 διὰ
3260 3017 3465 3090 Κύριον
3488 3015 3900 3087 δεδιωγμένοις,

643 3115 848 3184 tionem
866 3115 1264 3173 sustinentibus
1288 3133 1302 3172 :
1330 3115 1588 3172 fratribus
1607 3118 1899 3184 universis,
1919 3119 2220 3195 amicisque

641 3215 696 3262 et
713 3205 878 3271 notis,
911 3221 974 3262 ac
989 3205 1078 3270 iis,
1095 3206 1191 3276 qui
1213 3205 1498 3264 uobiscum
1526 3207 1939 3264 collaborarunt
1971 3209 2022 3262 in
2046 3218 2223 3265 certa-

643 3296 790 3360 mine
818 3295 964 3364 tldei,
1001 3305 1117 3352 tum
1157 3297 1360 3366 parvis,
1397 3308 1511 3354 tum
1553 3297 1788 3367 magnis.
1835 3314 1858 3349 ι
1902 3296 2217 3365 Enimvero,

643 3388 864 3452 beatum
896 3389 1050 3444 illum
1082 3403 1147 3444 ac
1176 3389 1482 3454 studiosum
1515 3388 1794 3444 animum!
1823 3397 1881 3444 ut
1913 3405 2087 3461 neque
2120 3392 2222 3448 sub

643 3495 763 3535 eam
790 3479 1005 3544 horam,
1031 3479 1182 3534 aliud
1215 3479 1348 3550 quid
1369 3489 1464 3540 aut
1484 3480 1860 3546 meditaretur,
1886 3489 1979 3537 aut
1999 3491 2223 3543 conten-

644 3569 819 3633 deret,
850 3583 1018 3640 quam
1052 3578 1114 3625 ut
1151 3571 1331 3625 solum
1368 3571 1608 3641 placeret
1641 3570 1773 3640 Deo,
1801 3572 2082 3649 Deumque
2110 3577 2226 3648 glo»

645 3657 902 3720 rideat-et.
933 3659 1194 3730 Denique,
1218 3669 1570 3730 percontante
1598 3676 1718 3716 mea
1744 3661 2076 3732 humilitate,
2093 3666 2223 3736 quid

645 3751 712 3814 de
745 3751 850 3816 illis
878 3750 1117 3829 juberet,
1151 3751 1234 3807 vel
1272 3751 1559 3818 fratribus,
1593 3753 1677 3809 vel
1715 3753 1871 3810 laicis
1896 3755 1990 3826 qui
2047 3760 2224 3827 poenis

647 3842 866 3906 obnoxii
918 3853 1108 3900 essent
1163 3859 1230 3903 ac
1271 3845 1662 3915 paenitentibus
1704 3843 1821 3916 (20)
1863 3863 1876 3900 :
1923 3844 2223 3916 Respondit

645 3947 770 3986 vere
799 3934 1134 4004 compatiens
1184 3935 1428 3990 medicus
1470 3944 1524 3990 et
1557 3935 1764 3996 Christi
1796 3935 2040 3992 imitator
2069 3955 2081 3992 :
2114 3935 2213 3992 In-

645 4024 876 4106 dulgebit
901 4023 1161 4083 Dominus
1189 4026 1444 4095 universis
1472 4027 1553 4091 ’τι
1580 4026 1914 4097 subjungens
1941 4027 2012 4083 ad
2056 4027 2216 4085 ﬁdem

644 4113 993 4177 astrueudam
1026 4155 1042 4181 ,
1087 4128 1214 4170 vere
1247 4115 1294 4170 is
1339 4114 1445 4178 fide
1495 4115 1713 4186 dignus,
1757 4114 1926 4180 etiam
1968 4116 2214 4172 divinam

645 4217 742 4273 per
788 4202 1010 4276 Moysen
1056 4205 1177 4276 ejus
1229 4203 1490 4261 famulum
1520 4247 1534 4274 ,
1575 4207 2015 4263 ordinationem:
2046 4221 2214 4278 seque

2323 3116 2492 3173 ἅπασι
2524 3116 2637 3177 τοῖς
2669 3112 2916 3184 ἀδελφοῖς
2939 3153 2954 3177 ,
2994 3111 3170 3183 φίλοις
3207 3127 3268 3163 τε
3295 3112 3390 3164 καὶ
3433 3108 3767 3180 γνωρίμοις,
3805 3107 3904 3160 καὶ

2321 3208 2433 3267 τοῖς
2463 3208 2520 3260 ὲν
2552 3204 2629 3277 τῷ
2662 3205 2803 3279 ὑπὲρ
2828 3204 2930 3274 τῆς
2961 3204 3198 3267 πίστεως
3221 3203 3394 3273 ἀγῶνι
3427 3201 3905 3270 συγκεκοπιακὸσι

2322 3299 2478 3374 ἡμῖν,
2511 3299 2726 3371 μικροῖς
2753 3313 2815 3350 τε
2845 3295 2943 3356 καὶ
2979 3295 3258 3367 μεγάλοις.
3290 3313 3310 3347 ι
3329 3294 3472 3351 Ἀλλ’
3495 3293 3623 3364 εὖγε
3651 3293 3757 3363 τῆς
3794 3309 3904 3366 μα·-

2323 3389 2520 3462 καρίας
2545 3388 2762 3455 ἐκείνης
2791 3389 2886 3442 καὶ
2928 3387 3222 3458 φιλαρὲτου
3253 3385 3458 3459 ψυχῆς,
3489 3387 3610 3460 ἥτις
3637 3386 3761 3442 οὐδὲ
3810 3386 3902 3438 ἐπ’

2324 3482 2492 3552 αὐτῆς
2539 3481 2637 3552 τῆς
2678 3479 2828 3552 ὥρας
2857 3479 3046 3553 ἕτερόν
3075 3497 3129 3533 τι
3160 3479 3194 3550 ἢ
3222 3479 3476 3550 ἐμελέτα,
3504 3480 3539 3549 ἢ
3571 3479 3902 3550 ἠγωνίζετο,

2320 3573 2353 3645 ἢ
2390 3572 2550 3645 μόνον
2571 3571 2651 3644 τῷ
2693 3571 2812 3643 Θεῷ
2839 3573 3035 3644 ἀρέσαι
3055 3612 3070 3638 ,
3099 3571 3195 3626 καὶ
3240 3571 3374 3625 Θεὸν
3402 3571 3643 3636 δοξάσαι.
3678 3569 3904 3638 Ἀμέλει

2320 3661 2618 3734 ἐρωτηθεὶς
2668 3659 2821 3732 παρὰ
2867 3661 2966 3732 τῆς
3010 3658 3397 3724 ταπεινώσεως
3440 3661 3596 3730 ἡμῶν
3627 3663 3758 3731 περὶ
3788 3658 3903 3712 τῶν

2320 3753 2378 3806 ὲν
2407 3751 2706 3824 ἐπιτιμίοις
2736 3751 2906 3807 ὄντων
2933 3751 3198 3822 ἀδελφῶν,
3232 3752 3266 3825 ἢ
3293 3751 3388 3806 καὶ
3422 3751 3604 3818 ξένων,
3629 3752 3683 3805 τί
3710 3752 3778 3806 ἂν
3801 3769 3903 3806 κε-

2318 3842 2463 3898 λεύοι
2483 3842 2785 3923 ’ἀπεκρίθη
2817 3844 2846 3905 ὁ
2877 3843 3050 3905 ὅντως
3080 3842 3501 3914 φιλοσυμπαθης
3539 3842 3635 3897 καὶ
3663 3844 3904 3915 Χριστο-

2325 3931 2563 4004 μίμητος
2621 3931 2835 4003 ίατρός’
2887 3930 2951 3987 'O
2990 3932 3206 4002 Κύριος
3253 3930 3633 4000 συγχωρήσει
3679 3930 3897 3996 πᾶσιν,

2323 4022 2636 4092 ἐπενεγκὼν
2665 4023 2801 4094 πρὸς
2826 4021 3112 4088 πίστωσιν,
3145 4025 3174 4076 ὁ
3198 4021 3274 4086 ὡς
3308 4022 3525 4094 ἀληθῶς
3558 4023 3898 4088 ἀξιόπιστος,

2322 4114 2418 4168 καὶ
2434 4115 2534 4186 τὴν
2563 4113 2656 4167 τοῦ
2683 4113 2818 4167 Θεοῦ
2843 4113 2933 4167 διὰ
2954 4113 3051 4167 τοῦ
3075 4113 3410 4185 θεράποντος
3430 4115 3591 4169 αύτοῦ
3611 4116 3901 4181 Μωῡσέως

2318 4203 2609 4274 διαταγήν·
2658 4204 2754 4256 καὶ
2787 4203 2852 4257 ὲκ
2887 4203 3076 4274 τρίτου
3108 4207 3587 4276 κατασφραγίσας,
3618 4205 3900 4278 ιπηύξατο

645 4293 823 4364 ipsum
875 4296 1032 4351 tertio
1072 4297 1430 4368 consignans,
1476 4297 1802 4370 adprecatus
1829 4308 1934 4367 est,
1961 4299 2151 4358 dicens
2193 4316 2208 4356 τ

2319 4296 2520 4367 εἰπών)
2561 4295 2624 4350 '0
2661 4296 2875 4365 Κύριος
2923 4295 3035 4367 τῆς
3081 4297 3332 4366 εἰρήνης
3376 4298 3740 4370 ἕσταιμετὰ
3783 4299 3899 4358 ι’σῦ

725 4426 771 4460 ³⁷
803 4425 907 4494 1.5a...
948 4445 1101 4498 xxvx.
1137 4429 1221 4498 15-.

2143 4511 2378 4584 NOTA'I.
2449 4567 2453 4570 -

745 4633 850 4702 i9).
918 4633 985 4710 in
1027 4638 1202 4710 sancti
1250 4637 1533 4710 defungens
1585 4639 1928 4710 memoriam,
1980 4640 2046 4710 τῇ
2112 4640 2209 4704 τοῦ

643 4705 798 4772 ἁγίου
837 4706 1024 4778 μνήμῃ
1070 4705 1494 4778 ἀφοσιούμενοςο
1525 4709 1670 4762 velut
1709 4705 2046 4764 calefaciensw
2076 4711 2214 4767 satis

647 4776 924 4848 memoriae
973 4776 1171 4848 sancti,
1220 4776 1388 4847 seque
1421 4778 1680 4848 religione
1716 4780 1784 4848 ad
1824 4779 1992 4846 ipsam
2030 4779 2214 4834 absol-

641 4859 798 4909 veus.
859 4842 1022 4900 Plura
1075 4845 1210 4900 Bud.
1269 4842 1374 4902 col.
1416 4842 1550 4911 387:
1568 4857 1671 4902 etc.
1713 4842 1883 4901 Porro
1913 4849 2044 4903 dicit
2071 4850 2214 4903 cele-

647 4915 855 4992 brasse,
896 4915 1303 4992 nlqpouvraﬁb
1334 4917 1731 4992 _dutooto_ilw.6v._
1771 4917 1926 4992 _Ve_lut
1965 4917 2214 4992 Apostoli

648 4983 851 5056 scitum
891 5000 904 5037 :
942 4983 1058 5056 non
1082 4987 1416 5052 saucientis,
1459 4988 1552 5041 sed
1591 4989 1734 5056 quod
1771 4988 1993 5042 haberet
2013 4983 2217 5043 ’1)οωί-

647 5053 767 5128 nica
795 5055 1026 5128 sanctio,
1060 5057 1482 5128 prouiulgantis.
1516 5053 1628 5124 Ego
1655 5059 1793 5112 enim
1819 5059 2000 5128 accepi
2032 5074 2065 5112 a
2107 5057 2218 5116 Do-

646 5123 827 5200 mino,
863 5125 1033 5200 quod)
1063 5123 1177 5182 Vetc.
1214 5125 1242 5190 ι
1281 5123 1413 5200 Cor.
1454 5144 1510 5182 ιι.
1539 5127 1821 5200 Chrysost.
1858 5123 1962 5182 non
2005 5142 2130 5186 raro
2167 5128 2219 5200 id

647 5191 915 5270 privilegii
944 5191 1124 5270 eil'ert.
1157 5205 1214 5255 ut
1239 5191 2013 5270 miles,‘coram'imperatore
2046 5199 2224 5257 uomi-

647 5265 828 5344 iretur,
869 5265 1252 5344 habeaturque
1277 5267 1379 5344 sub
1427 5267 1598 5338 ipsam
1643 5265 1775 5321 rem
1805 5283 2019 5344 sacram
2093 5285 2224 5344 san-2

644 5339 856 5458 βιογιὸηι
904 5335 1177 5391 memoria‘
1219 5355 1234 5392 :
1270 5335 1469 5407 quibus
1494 5346 1676 5392 tamen
1717 5351 1825 5394 non
1861 5335 2108 5404 facimus,
2131 5337 2228 5393 sed

649 5417 742 5458 uni
819 5419 905 5458 eo.
1721 5441 1724 5444 ι

717 5468 876 5547 (20).Δ
897 5473 1002 5540 Qui
1029 5486 1227 5547 essent
1267 5476 1430 5547 panis
1475 5476 1688 5530 obnoxii
1735 5492 1798 5531 ac
1827 5476 2218 5547 penitentibus,

651 5543 782 5618 περὶ
811 5543 918 5618 τῶν
942 5547 1001 5618 ἐν
1024 5543 1343 5618 ἐπιτιμίοις.
1373 5548 1721 5618 Desciveraut
1757 5543 1912 5602 multi
1945 5563 1975 5604 a
2007 5547 2130 5611 ﬁde,
2157 5559 2220 5611 ut

649 5613 785 5687 solet
816 5613 868 5667 in
905 5613 1191 5687 ejusmodi
1228 5617 1618 5687 minationibus
1643 5635 1658 5684 ;
1688 5619 1739 5674 in
1777 5632 1916 5687 quos
1965 5632 2216 5687 magnam

651 5681 948 5742 [unitatem
974 5685 1191 5743 exhibet
1252 5685 1596 5753 Theodorus,
1646 5681 1896 5744 animans
1949 5689 2014 5744 ad
2059 5681 2214 5759 spem

2317 4643 2508 4710 venire,
2543 4641 2708 4714 etiam
2743 4641 2928 4714 Moyse
2965 4645 3140 4700 ascito
3162 4645 3216 4700 in
3255 4654 3447 4701 testem
3495 4646 3693 4703 divinae
3723 4650 3890 4704 mise-

2317 4715 2564 4789 ricordia:
2592 4713 2790 4789 πίθοι-ξς
2819 4727 2947 4789 vero
2975 4717 3199 4789 respicit
3223 4732 3274 4771 v.
3294 4716 3362 4770 45
3381 4732 3618 4774 c.xxxu.
3650 4721 3894 4789 Denter;

2318 4799 2424 4852 quo
2449 4783 2609 4838 etiam
2641 4800 2699 4839 se
2735 4781 3030 4838 Machabzei
3067 4781 3199 4840 cum
3248 4796 3425 4840 matre
3460 4789 3803 4853 solabamur,
3839 4781 3896 4846 et

2317 4855 2633 4907 animabant
2673 4855 2740 4909 ad
2780 4855 3144 4908 constantiam
3189 4855 3245 4910 Il
3286 4855 3538 4914 Machab.
3597 4875 3693 4916 vu.
3725 4862 3899 4916 Aliter

2317 4922 2592 4999 Melctius,
2618 4935 2675 4979 ut
2704 4932 2788 4979 est
2819 4924 2962 4991 apud
2989 4923 3186 4999 Epiph.
3223 4929 3353 4982 har.
3390 4931 3482 4993 48,
3502 4929 3573 4988 al.
3600 4931 3690 4990 68,
3715 4947 3895 4999 quan-

2319 5007 2491 5070 quam
2524 4995 3040 5070 minus_c_onsouen_t_
3070 4997 3184 5070 alii,
3215 5009 3393 5070 eo,_et
3416 5001 3582 5053 nimia
3613 5002 3667 5052 in
3712 4995 3892 5070 lapsos

2321 5063 2634 5135 severitate,
2657 5064 2951 5135 schismate
2989 5066 3199 5122 divisus
3231 5083 3261 5121 a
3305 5067 3468 5124 Petro
3503 5063 3894 5135 Alexandrino,

2323 5149 2389 5210 ac
2415 5133 2633 5210 demum
2670 5135 2722 5187 in
2755 5134 2904 5210 suis,_
2919 5133 3100 5210 factus
3131 5135 3244 5191 Arii
3278 5135 3568 5195 fautorzut
3592 5133 3892 5210 martyrum

2328 5203 2574 5277 Ecclesia
2598 5202 3003 5277 promoveritiu
3020 5211 3462 5262 conventiculum
3485 5221 3538 5262 et
3562 5202 3793 5277 synagiig
3805 5227 3892 5266 am

2329 5274 2759 5346 haereticorum;
2793 5272 2872 5329 sic
2900 5275 3098 5344 ubique
3125 5277 3448 5346 periculum,
3480 5272 3656 5335 scindi
3691 5272 3898 5336 abl-3c-

2331 5343 2496 5418 clesia
2529 5343 2802 5418 catholica
2827 5383 2844 5418 ,
2881 5343 3060 5418 qualis
3094 5343 3252 5418 velut
3302 5349 3526 5418 proprio
3577 5350 3898 5408 charactere

2335 5414 2612 5479 distincta,
2660 5415 2917 5488 audiebat
2960 5415 3056 5488 illa
3094 5415 3240 5472 Petri
3283 5414 3508 5487 legitimi
3549 5421 3895 5488 patriarcha,

2329 5499 2641 5558 quanquam
2679 5487 2858 5558 minor
2883 5502 2898 5550 ;
2925 5485 3199 5558 plerisque
3220 5485 3404 5558 specie
3438 5485 3565 5544 zeli'
3588 5485 3899 5548 deficienti;

2327 5551 2432 5682 llius
2457 5551 2523 5681 atii
2542 5551 2840 5625 Meletium,
2871 5551 2941 5612 ut'
2957 5551 3228 5628 nusquam
3247 5551 3442 5617 desunt
3466 5560 3678 5618 colores
3697 5562 3897 5622 volenti

2367 5640 2474 5682 ISCC
2516 5641 2628 5682 cre.

2367 5640 2628 5684 ISCCGCI’C.
