4122 6382
311 224 449 290 1845

1303 233 1402 294 DE
1433 234 1663 300 OBITU
1703 240 1766 301 S.
1798 240 2193 306 THEODORI
2234 246 2601 312 ΞΤΗΒΓΓίΕ.

3447 250 3580 328 Ιειε

306 334 650 404 πνεύματος
686 334 888 405 ὑμῶν’
924 337 1018 392 καὶ
1043 339 1433 414 ἀσπασάμενος
1467 347 1596 411 τοὺς
1621 350 1861 418 παρόντα

309 428 557 454 κρυ---
607 427 877 454 ὶιλ..-...-..
913 428 1084 454 ,τε---Α
1136 434 1240 454 ΙῙ-Λ
1282 434 1374 454 _1,_
1449 437 1462 454 ο
1515 437 1525 454 ι
1597 439 1622 454 α
1687 441 1766 454 μοι

1964 399 1970 420 ,
2003 353 2266 411 Dominus
2297 361 2444 427 pacis
2474 361 2575 416 erit
2607 377 2726 418 cum
2756 367 2950 435 spiritu
2981 379 3149 426 vestro
3172 373 3239 428 ’⁸.
3267 373 3581 454 Omnesque

305 428 577 492 ἅπαντας,
605 427 878 498 διέμεινεν
910 428 1105 497 οὕτως.
1135 434 1246 488 Καὶ
1277 434 1377 507 τὴν
1404 437 1573 510 αὐτὴν
1592 439 1888 498 διαδίδοται

302 521 335 586 ή
365 521 526 589 ἀκοὴ,
577 519 676 573 καὶ
721 521 1086 592 παραγίνεται
1129 525 1260 580 λαοῦ
1303 528 1511 599 πλῆθος
1559 532 1658 586 οὐκ
1686 533 1887 604 ὀλίγον.

303 610 416 664 Καὶ
463 609 608 664 οὕτω
655 611 1082 685 δισημερεύσας,
1133 617 1365 673 ἕκαστον
1421 621 1532 674 τῶν
1557 623 1889 694 ἐρχομένων,

301 701 400 757 καὶ
426 706 914 776 κατασφραγίζων,
950 709 1045 763 καὶ
1077 709 1356 780 εὐλογῶν,
1395 715 1491 769 καὶ
1536 719 1890 785 κατασπαζό-

300 810 484 864 μενος,
517 796 611 850 καὶ
653 797 836 868 ἠρέμα
868 800 1412 873 προσφθεγγόμενος,
1455 808 1550 861 καὶ
1577 810 1888 883 ἐπευχόμε-

297 903 388 950 νος
431 887 461 940 ό
511 891 936 978 τρισμακάριος,
976 893 1220 964 ἀπέλυεν
1270 897 1330 950 έν
1377 898 1572 971 εἰρήνῃ
1599 938 1616 967 ,
1667 902 1887 978 ἑκάστῳ

301 983 521 1048 μνήμης
552 977 828 1044 ἄξιονκαὶ
859 983 1134 1054 σωτηρίας
1187 985 1399 1055 ἐφόδιον
1430 977 1880 1061 καταλιμπάνων.

370 1069 481 1122 Καὶ
500 1072 566 1140 τῇ
598 1072 853 1144 Κυριακῇ
883 1073 943 1124 ἐν
974 1068 1007 1148 ᾖ
1041 1075 1074 1145 ἡ
1109 1077 1302 1148 μνήμη
1337 1078 1635 1146 ἐξετελεῖτο
1663 1083 1760 1137 τοῦ
1781 1102 1882 1155 με·

293 1158 463 1227 γάλου
501 1160 781 1232 μάρτυρος
828 1161 1030 1231 Μηνᾶ,
1083 1165 1336 1236 ἐψαλκὼς
1368 1168 1438 1223 τὰ
1483 1171 1730 1244 συνήθη·
1781 1170 1882 1229 εἶθ’

292 1249 470 1316 οὕτως
523 1250 810 1323 μετασχὼν
858 1253 966 1307 τῶν
1015 1257 1377 1328 ἁγιασμάτων
1435 1261 1543 1316 τῶν
1596 1261 1880 1327 {mort-olim

291 1342 554 1409 ἐκείνων,
605 1342 700 1396 καὶ
742 1344 884 1398 κατὰ
926 1345 986 1399 τὸ
1040 1348 1232 1413 εἰωθὸς
1297 1350 1735 1423 ὲπαλειψάμενος
1784 1357 1881 1411 καὶ

290 1431 908 1502 κατασφραγισάμενος,
966 1434 1102 1504 ὑψοῦ
1160 1437 1260 1501 τὰς
1315 1441 1505 1510 χεῖρας
1564 1443 1724 1514 ἄρας,
1782 1445 1880 1499 κα)⁸

290 1521 758 1593 προσευξάμενος,
789 1528 918 1595 περὶ
944 1525 1095 1598 ὥραν
1121 1527 1291 1600 ἕκτην
1320 1532 1647 1603 αἰσθόμενος
1677 1536 1875 1589 ἑαυτοῦ

289 1613 689 1684 ἡσθενηκότος,
745 1616 1080 1685 προστάσσει
1139 1619 1324 1690 ἠρέμα
1378 1623 1658 1694 κηραψίαν
1717 1627 1873 1695 γενέ-

1993 449 2088 520 qui
2121 450 2357 507 aderant
2374 455 2744 526 amplexatus,
2767 461 2839 516 ita
2864 465 3147 522 remansit.
3179 465 3420 528 ,lnterim
3447 449 3578 528 vero

1989 539 2170 610 gliscit
2197 540 2366 609 fama,
2387 544 2652 618 adestque
2678 553 2863 622 populi
2887 555 3181 614 multitudo
3205 575 3316 616 non
3337 563 3574 623 modica.

1994 631 2099 688 Ubi
2129 633 2211 728 sic
2235 635 2320 690 vir
2351 646 2433 693 ter
2463 638 2658 698 beatus
2683 643 2825 701 duos
2855 649 3129 719 exegisset
3159 652 3296 719 dies,
3329 655 3574 728 singulos

1989 720 2314 779 accedentes
2355 728 2712 800 cousignans,
2753 746 2821 787 ac
2863 735 3196 795 benedicens
3241 750 3297 796 et
3340 720 3578 802 deoscu-

1987 817 2128 876 Ians,
2160 812 2392 904 leneque
2420 833 2487 875 ac
2510 821 2789 879 submisse
2819 826 3105 898 alloquens
3125 839 3180 886 et
3211 827 3571 904 adprecatus;

1986 909 2151 969 atque
2193 903 2408 976 signum
2457 915 2744 980 memoria,
2779 925 2835 971 et
2875 919 3150 976 salubrem
3205 903 3571 984 commeatum

1983 993 2320 1066 rcliquisset,
2347 1001 2560 1059 dimisit
2594 1007 2646 1061 in
2679 1023 2832 1078 pace.

2062 1088 2235 1147 Porro
2277 1092 2366 1149 die
2409 1093 2717 1164 Dominica,
2747 1116 2858 1170 qua
2901 1106 3086 1176 magni
3120 1111 3376 1182 martyris
3405 1111 3572 1169 Mena

1984 1182 2251 1246 memoria
2287 1183 2617 1250 celebratur,
2649 1187 2745 1242 ubi
2784 1201 3049 1248 consueta
3087 1195 3314 1251 Cantica
3339 1208 3392 1252 et
3415 1198 3570 1254 Psal-

1985 1285 2104 1324 mos
2157 1271 2481 1338 recitasset;
2519 1281 2746 1344 tumque
2783 1279 3060 1351 particeps
3098 1297 3383 1340 sacrorum
3441 1288 3569 1344 επο-

1982 1369 2108 1413 ctus
2133 1356 2268 1429 (21);
2293 1372 2602 1427 sacrorum,
2635 1363 2886 1432 inquam,
2919 1383 3044 1438 quae
3068 1369 3284 1426 viviﬁca
3313 1383 3472 1442 sunt;
3503 1391 3569 1433 ac

1981 1459 2084 1516 pro
2113 1460 2268 1502 more
2323 1448 2588 1505 inunctus
2665 1452 3135 1526 consignatusque
3175 1475 3191 1513 :
3230 1460 3461 1518 sublatis
3508 1465 3566 1522 in

1981 1536 2221 1593 sublime
2248 1537 2523 1607 manibus,
2549 1555 2846 1612 oransque;
2867 1559 3016 1612 cum,
3043 1548 3191 1604 circa
3212 1551 3407 1608 horam
3439 1571 3566 1611 sex-

1980 1632 2116 1691 tam,
2160 1640 2222 1682 se
2258 1626 2466 1682 sensim
2509 1627 2742 1685 deficere
2772 1633 3057 1702 sensisset,
3089 1650 3221 1693 voce
3247 1654 3405 1696 cassa
3433 1645 3563 1700 sub-

289 1705 448 1760 σοαι’
502 1705 780 1782 κάνταῦθα
837 1707 1251 1782 προσδὰλλομεν
1291 1715 1356 1784 τῇ
1404 1713 1697 1788 ψαλμῳδία
1725 1732 1742 1749 ο
1778 1719 1861 1772 κα)

1981 1711 2258 1782 missaque
2287 1727 2478 1770 cereos
2509 1716 2734 1776 accendi
2763 1715 2920 1787 jubet
2965 1736 2980 1774 :
3023 1721 3388 1797 deincepsque
3410 1725 3566 1784 Psal-

286 1801 346 1853 ὲν
383 1798 462 1870 τῷ
509 1800 705 1871 στίχῳ,
739 1801 796 1852 ὲν
909 1818 1109 1872 φησιν,
1144 1805 1250 1872 Εἰς
1290 1806 1397 1861 τὸν
1439 1807 1628 1863 αἰῶνα
1667 1812 1740 1866 οὐ
1781 1809 1868 1882 μὴ

282 1892 656 1962 ἐπιλάθωμαι
683 1891 801 1946 τῶν
831 1892 1241 1965 δικαιωμάτων
1266 1913 1410 1966 σου,
1447 1899 1536 1954 ὅτι
1564 1902 1636 1956 ἐν
1663 1903 1871 1972 αὐτοῖς

281 1984 505 2054 ἐζησὰς
557 2001 656 2055 με,
701 1985 1174 2057 ὲνδιατριϐόντων,
1224 1990 1511 2062 παρέδωκε
1547 1994 1645 2063 τὴν
1683 2013 1869 2066 μακα-

285 2076 410 2148 ρίαν
464 2078 558 2131 καὶ
603 2076 852 2148 καθαρὰν
899 2078 1067 2133 αὑτοῦ
1095 2079 1274 2153 ψυχὴν
1322 2084 1435 2147 τοῖς
1492 2085 1672 2154 ἁγίοις
1701 2087 1894 2157 ἁγγέ--

278 2167 415 2232 λοις.
446 2168 602 2222 Οὕτω
633 2167 732 2239 μὲν
767 2163 862 2222 οὖν
895 2169 970 2233 ὡς
995 2171 1053 2224 ὲν
1087 2171 1352 2245 συντομίᾳ
1377 2176 1410 2245 ἠ
1437 2175 1532 2228 τοῦ
1556 2179 1868 2249 τρισμάκα-

282 2275 377 2328 ρος
407 2258 696 2330 κοίμησις,
747 2260 843 2313 καὶ
876 2261 970 2314 τοῦ
1001 2261 1298 2332 ἀθλητικοῦ
1333 2265 1536 2338 δρόμου
1565 2267 1625 2321 τὸ
1655 2269 1862 2342 πέραςο

278 2353 378 2406 καὶ
425 2351 566 2422 αὕτη
601 2355 634 2423 ἡ
678 2351 786 2405 τῶν
822 2353 1032 2409 πολλῶν
1078 2355 1331 2424 ἀγώνων,
1375 2360 1470 2412 καὶ
1521 2360 1719 2429 πόνων,
1771 2364 1867 2418 καὶ

279 2441 525 2515 ἱδρώτων
548 2444 628 2506 είς
658 2443 831 2498 αἰῶνα
864 2445 1063 2510 αἰῶνος
1098 2449 1466 2514 κατάπαυσις.
1549 2462 1558 2472 '

367 2533 510 2589 Ἀλλ’
555 2535 625 2602 ὣ,
669 2535 790 2600 πῶς
830 2538 961 2609 ὑμῖν
1025 2539 1291 2611 ἀδακρυτὶ
1323 2542 1394 2596 τὰ
1439 2543 1570 2614 ἑξῆς
1618 2545 1708 2600 ὑπ’
1741 2546 1864 2618 ὄψιν

273 2627 494 2697 ἀγάγω,
551 2628 998 2700 πυρπολούμενος
1031 2634 1145 2695 τοῖς
1197 2631 1504 2705 λογισμοῖς,
1554 2636 1651 2692 καὶ
1699 2639 1864 2694 οἱονεὶ

273 2717 593 2791 ἐξεστηκὼς
621 2723 686 2792 τῇ
721 2721 953 2793 καρδίας
979 2722 1075 2776 καί
1110 2740 1201 2793 μοι
1229 2723 1347 2778 δότε
1374 2727 1570 2799 μικρὸν
1597 2729 1862 2803 ἐνδιατρί-

270 2810 375 2880 ψαι
406 2811 486 2882 τῷ
511 2810 834 2883 διηγήματι.
884 2813 1102 2868 Ἕκειτο
1130 2809 1224 2868 οὖν
1252 2815 1281 2868 ό
1311 2819 1633 2892 τρισμάκαρ
1663 2820 1862 2892 (καλὸν

270 2901 383 2971 γὰρ
462 2903 596 2973 μηδὲ
646 2903 806 2956 τοῦτο
863 2905 1280 2976 παραδραμεῖν,
1331 2908 1524 2982 ὥσπερ
1602 2929 1655 2966 τι
1710 2912 1863 2980 ξένον

271 2996 500 3066 θέαμα),
537 2995 815 3067 αἰδέσιμος
836 3001 901 3068 τῇ
935 2997 1079 3068 ὄψει,
1105 3000 1458 3073 ἀγγελοειδὴς
1488 3001 1568 3073 τῷ
1592 3005 1857 3076 σχήματι,

266 3086 371 3160 τῆς
411 3088 798 3158 ὲνδημησὰσης
829 3088 967 3161 πρὸς
1017 3089 1224 3162 Κύριον
1267 3091 1446 3163 ψυχῆς
1483 3092 1673 3166 ὥσπερ
1702 3096 1858 3162 τινὰς

268 3180 584 3250 φωτωιόεῖς
633 3181 859 3246 ἀκτῖνας
915 3181 1417 3256 ὲναπομαξαμένης
1456 3185 1534 3256 τῷ
1582 3188 1714 3258 ίερῷ
1746 3189 1858 3243 σώ-

269 3290 426 3345 ματι,
450 3273 568 3342 μεθ’
601 3265 662 3326 οὗ
693 3273 788 3328 καὶ
813 3274 900 3344 ἐφ’
921 3266 964 3343 ᾧ
995 3274 1326 3347 λελατρευκε
1358 3279 1422 3348 τῇ
1454 3276 1588 3350 ἁγίᾳ
1638 3278 1852 3351 Τριάδι.

269 3363 662 3427 Προστέθειται
700 3362 962 3438 ἐξαπίνης
981 3367 1096 3431 τοῖς
1118 3367 1454 3439 προλαϐοῦσι
1490 3368 1700 3440 πλῆθος
1737 3370 1856 3425 ἕτε-

267 3475 388 3532 ρον,
419 3457 555 3528 ὁμοῦ
589 3457 687 3528 μὲν
716 3457 1022 3527 μοναστῶν,
1047 3458 1184 3529 όμοῦ
1207 3459 1265 3514 δὲ
1299 3459 1392 3513 καὶ
1422 3461 1687 3530 μιγάδων·
1717 3464 1854 3517 πολ-

263 3550 350 3605 λοὶ
375 3551 460 3604 ὅτι
498 3548 757 3621 μάλιστα,
802 3551 896 3603 κα.)⁵
923 3549 1030 3604 τῶν
1062 3549 1288 3622 ὲξόχων,
1336 3551 1460 3622 μεθ’
1486 3545 1564 3607 ὧν
1596 3554 1694 3608 καὶ
1739 3557 1854 3627 ίερ-

264 3642 470 3712 ἀρχαι,
519 3641 616 3695 καὶ
671 3641 873 3711 ίερετς,
929 3641 1328 3715 ἐπιφερόμενος
1365 3641 1595 3706 ἕκαστος
1641 3645 1712 3700 τὰ
1751 3646 1853 3716 τῆς

265 3732 551 3806 μακαρίας
585 3732 804 3803 ἐκείνης
848 3731 1071 3802 κηδείας
1110 3731 1207 3786 καὶ
1253 3732 1439 3803 ταφῆς
1487 3734 1763 3806 ἁρμόδιαο
1801 3736 1852 3789 οἱ

264 3822 365 3895 μὲν
386 3823 591 3893 κηροὺς
623 3820 928 3892 ὲξάσπρους
958 3822 1052 3877 καὶ
1080 3822 1410 3894 πολυτίμους
1429 3841 1443 3855 ·
1473 3825 1502 3878 ό
1529 3826 1605 3892 δὲ,
1628 3827 1844 3882 σινδόνα

262 3913 704 3985 πεποικιλμένην
723 3930 739 3947 ο
768 3913 955 3986 ἕτερος
985 3913 1388 3987 καταπέτασμα
1410 3917 1847 3990 περιπόρφυρον·

261 4010 358 4066 καὶ
390 4009 540 4064 ἄλλοι
583 4009 755 4080 σκεύη
786 4011 1030 4082 ἀργυρᾶ,
1069 4011 1164 4066 καὶ
1188 4012 1572 4084 χρυσάργυρα,
1609 4013 1706 4068 καὶ
1733 4013 1851 4084 ὴλεο

260 4099 534 4172 κτριὼδηο
568 4100 664 4156 κα)⁵
703 4102 754 4154 oi.
789 4102 887 4170 μὲν
918 4100 1210 4172 ἀρώματα,
1239 4103 1333 4156 καὶ
1375 4103 1719 4176 θυμιάματα,
1752 4106 1848 4160 καὶ

258 4194 418 4256 ἄλλος
455 4193 603 4257 ἄλλο,
635 4197 730 4248 καὶ
763 4195 954 4265 ἔτερος
987 4195 1196 4268 ἕτερον,
1239 4197 1326 4250 ἵνα
1358 4197 1435 4269 μὴ
1482 4199 1842 4272 μακρηγορῶ.

260 4289 476 4351 Πάντες
504 4285 549 4340 δ’
573 4286 666 4342 οὖν
695 4287 846 4358 ὅμως
879 4287 1062 4342 πίστει
1093 4288 1417 4353 σπεύδοντες
1447 4290 1599 4356 ἄξιον
1622 4291 1845 4362 μνήμης

258 4380 338 4453 τῷ
378 4378 510 4450 ἱερῷ
544 4379 783 4452 λειψάνῳ
815 4382 1122 4452 προσοῖσαι,
1148 4380 1244 4434 καὶ
1269 4381 1348 4451 τῷ
1375 4381 1545 4452 τιμίῳ
1569 4382 1724 4454 τάφῳ
1749 4383 1844 4437 ἐπ·
1871 4415 1922 4474 D

257 4473 581 4529 αποθέσθαι.
612 4472 809 4541 Γέγονε
855 4472 911 4526 δὲ
955 4472 1164 4543 χειμὼν
1199 4472 1343 4526 κατὰ
1391 4473 1453 4526 τὸ
1497 4475 1840 4546 νυχθήμερον

257 4568 437 4627 ἐκεῖνο
478 4565 727 4636 σφοδρὸς,
763 4564 837 4627 ὡς
882 4565 1049 4617 πάλαι
1078 4565 1171 4619 ἐπὶ
1201 4564 1296 4618 τοῦ
1347 4565 1584 4636 μεγάλου
1633 4567 1840 4638 Πέτρου

271 4662 698 4734 Ἀλεξανδρείας.
733 4659 843 4714 Καὶ
873 4656 940 4732 ἦν
962 4661 1090 4712 ἰδεῖν
1121 4660 1401 4732 ὑπερφυὲς
1429 4661 1491 4714 τὸ
1521 4661 1832 4731 γενόμενον.

325 4778 372 4809 ⁸⁸
398 4775 561 4834 Num.
593 4795 667 4841 γι,
701 4778 792 4833 26.
871 4779 914 4810 ’θ
940 4777 1085 4834 Psal.
1115 4792 1308 4840 cxvnt,
1337 4775 1428 4831 93.

1975 1817 2096 1857 mos
2127 1802 2419 1872 incipimus
2455 1819 2470 1856 :
2511 1811 2673 1874 atque
2703 1805 2771 1858 ad
2802 1805 2958 1860 illum
2990 1823 3209 1865 versum
3240 1829 3256 1867 :
3305 1811 3375 1867 In
3406 1825 3561 1870 ceter-

1971 1910 2099 1949 mtnt
2125 1909 2232 1949 non
2263 1894 2550 1950 obliviscar
2574 1897 2990 1968 justiﬁcationes
3026 1911 3165 1967 tuas,
3195 1907 3321 1976 quia
3352 1908 3406 1962 in
3431 1909 3559 1978 ipsis

1971 1985 2248 2055 viviﬁcasti
2259 2002 2338 2042 me
2350 1987 2396 2019 "
2416 1985 2872 2046 :immorantibus
2889 1991 3047 2048 nobis
3063 1991 3409 2064 Psalmodite,
3431 1999 3561 2056 bea-

1971 2086 2082 2133 tam
2106 2077 2481 2149 mundamque
2506 2094 2662 2136 suam
2715 2079 2956 2137 animam
2985 2087 3190 2142 sanctis
3212 2089 3419 2157 angelis
3448 2098 3559 2147 tra-

1969 2165 2130 2220 didit.
2160 2167 2252 2221 Sic
2291 2180 2427 2222 sane
2458 2166 2603 2222 velut
2629 2169 2954 2238 compendio
2983 2182 3204 2228 narrata
3231 2174 3422 2234 habuit
3455 2179 3556 2234 viri

1970 2266 2051 2314 ter
2093 2258 2236 2313 beati
2281 2257 2561 2315 dormitio.
2600 2258 2718 2314 Tali
2763 2262 3002 2316 termino
3058 2264 3266 2322 athleta
3325 2269 3557 2326 absolvit

1967 2363 2218 2405 cursum.
2243 2350 2370 2405 Fuit
2398 2351 2512 2407 haec
2537 2353 2834 2410 multorum
2861 2359 3245 2422 certaminum,
3273 2360 3556 2417 laborum-

1965 2455 2072 2514 que
2095 2454 2149 2498 et
2181 2442 2471 2510 sudorum,
2503 2446 2762 2502 saeculum
2797 2448 2850 2502 in
2884 2450 3069 2504 saeculi
3103 2452 3344 2522 requies.

2039 2535 2358 2605 Enimvero,
2395 2551 2504 2607 qua
2531 2537 2691 2594 vobis
2714 2539 2946 2607 ratione,
2973 2555 3092 2610 qum
3120 2552 3249 2597 sunt
3269 2541 3552 2616 deinceps,

1964 2621 2087 2678 sine
2128 2622 2386 2695 lacrytnis
2433 2627 2504 2680 ob
2547 2625 2736 2682 oculos
2777 2641 2998 2697 ponam,
3043 2644 3207 2700 quem
3253 2645 3354 2687 ceu
3414 2631 3554 2704 ignis

1965 2716 2338 2785 cogitationes
2365 2715 2672 2784 devastent,
2705 2719 2911 2789 quique
2947 2719 3094 2775 velut
3130 2723 3317 2778 animo
3337 2706 3552 2781 del'éce-

1964 2805 2092 2860 ritu.
2134 2804 2332 2861 Verum
2397 2806 2562 2863 liceat
2606 2809 2858 2864 nonnihil
2915 2811 3219 2868 narrationi
3273 2814 3549 2873 insistere.

1964 2897 2190 2956 Iacebat
2229 2899 2398 2967 igitur
2437 2899 2525 2956 vir
2565 2909 2644 2957 ter
2685 2901 2878 2958 beatus
2910 2919 2924 2958 :
2958 2903 3185 2961 Pra-stat
3209 2906 3392 2975 enim,
3451 2924 3549 2966 nec

1965 2990 2098 3046 illud
2148 2991 2298 3046 velut
2346 3007 2550 3049 novum
2595 2993 2949 3066 insolensque
2987 2999 3356 3068 spectaculum
3389 3001 3547 3057 oniit-

1885 3060 1929 3120 (ἶ
1966 3089 2083 3138 tere
2120 3101 2135 3139 :
2164 3081 2403 3152 jacehat,
2437 3083 2684 3155 inquam,
2739 3060 2881 3141 facie
2949 3060 3277 3145 venerabilis
3305 3107 3320 3146 :
3351 3089 3546 3162 ﬁgura,

1966 3175 2115 3230 velut
2199 3177 2503 3244 angelicam
2555 3177 2790 3248 speciem
2840 3177 3122 3249 referens,
3167 3181 3374 3250 anima,
3427 3200 3551 3256 quas

1964 3275 2114 3324 esset
2152 3269 2496 3339 peregrinata
2532 3269 2600 3324 ad
2634 3268 2952 3337 Dominum,
2987 3273 3133 3328 velut
3167 3276 3437 3345 quosdam
3467 3276 3549 3333 lu-

1962 3361 2044 3416 cis
2099 3360 2305 3426 radios,
2361 3375 2522 3416 sacro
2579 3363 2821 3430 corpori,
2877 3378 3002 3418 cum
3050 3381 3182 3435 quo,
3215 3381 3280 3421 ac
3329 3367 3385 3422 in
3435 3384 3546 3440 quo

1962 3460 2168 3509 sanctae
2200 3450 2457 3508 Trinitati
2505 3451 2789 3520 servisset,
2823 3468 2890 3510 ex
2925 3469 3006 3522 se,
3037 3471 3104 3512 ac
3148 3457 3266 3514 suis
3312 3457 3546 3532 fulgori-

1959 3545 2086 3612 bus,
2109 3545 2456 3616 imprimente
2485 3545 2621 3618 (22).
2645 3545 2928 3603 Prioribus
2953 3547 3271 3618 confestim,
3299 3567 3422 3610 sese
3444 3568 3544 3625 po-

1959 3638 2074 3708 puli
2103 3637 2194 3692 alii
2219 3638 2612 3708 adjunxerunt,
2648 3654 2758 3711 qua
2808 3639 3228 3708 monachorum,
3272 3659 3376 3716 qua
3410 3659 3545 3718 pro-

1961 3729 2189 3784 miscuae
2249 3729 2618 3784 multitudinis
2675 3749 2687 3786 :
2738 3731 3009 3803 multique
3063 3732 3118 3787 in
3171 3735 3384 3806 primis,
3438 3738 3542 3794 viri

1959 3821 2196 3886 nobiles,
2223 3835 2290 3876 ac
2312 3831 2618 3891 magnates,
2650 3836 2756 3876 una
2789 3838 2914 3878 cum
2943 3824 3218 3896 episcopis
3268 3836 3324 3882 et
3359 3844 3545 3886 sacer-

1957 3913 2206 3982 dotibus;
2271 3913 2505 3986 singulis
2562 3913 2959 3980 inl'erentibus,
3031 3933 3153 3987 qua:
3197 3917 3378 3976 beatis
3434 3921 3543 3979 illis

1957 4007 2242 4078 exsequiis
2265 4021 2330 4062 ac
2363 4005 2542 4061 funeri
2568 4021 2808 4078 congrua
2825 4016 3030 4064 essent.
3082 4009 3401 4068 Ail'erehant
3446 4014 3544 4070 alii

1955 4100 2176 4172 quidem
2235 4099 2388 4156 albos
2448 4112 2512 4153 ac
2569 4099 2750 4168 magni
2805 4100 2964 4171 pretii
2995 4115 3185 4158 cereos
3238 4103 3388 4175 (25);
3449 4104 3541 4164 hic

1953 4192 2190 4264 Phrygio
2220 4206 2384 4262 opere
2409 4190 2612 4263 pictam
2654 4191 2980 4262 sindonem;
3010 4194 3098 4276 ille
3152 4204 3538 4266 praetextatum

1951 4287 2173 4354 velum;
2205 4285 2297 4341 alii
2331 4293 2518 4340 autem
2582 4298 2715 4341 vasa
2760 4293 3026 4357 argentea
3069 4296 3125 4343 et
3171 4288 3452 4356 deaurata,
3482 4299 3538 4347 et

1952 4380 2209 4439 succinea
2245 4397 2259 4434 :
2296 4393 2362 4434 ac
2391 4377 2484 4434 alii
2513 4377 2738 4449 quidem
2785 4389 3027 4434 aromata
3067 4389 3122 4436 et
3155 4381 3396 4451 sumtus;
3439 4384 3535 4440 alii

1950 4474 2118 4539 aliud,
2146 4480 2206 4528 ut
2238 4486 2307 4527 ne
2335 4471 2391 4527 in
2441 4471 2662 4542 longum
2705 4485 3017 4527 sermonem
3072 4474 3413 4543 protraham.
3459 4474 3532 4533 ita

1950 4563 2307 4620 nihilominus
2337 4569 2397 4617 ut
2423 4572 2774 4618 occurrentes
2807 4577 2999 4620 omnes
3029 4564 3201 4622 sacris
3225 4565 3535 4638 aliquidre-

1953 4656 2117 4728 iquiis
2148 4671 2249 4727 pro
2275 4654 2538 4710 memoria
2583 4654 2959 4720 admoverent,
2997 4671 3061 4712 ac
3089 4657 3390 4714 venerabili
3444 4667 3532 4715 tu-

1774 4873 2007 4930 NOTAE.

333 5009 467 5082 (2|).
491 5081 496 5082 ί
522 5011 793 5082 Porticcps
823 5026 1096 5066 sacrorum
1147 5011 1344 5080 factus,
1405 5009 1694 5081 μετασχὼν
1725 5011 1836 5065 τῶν

257 5079 641 5150 ἁγιασμάτων.
656 5079 815 5136 Velut
834 5079 1329 5150 sacramcnmrum,
1354 5098 1384 5135 a
1408 5079 1698 5144 sacranda,
1721 5096 1843 5150 qua:

258 5149 383 5205 ideo
415 5151 688 5215 dicantur,
712 5151 982 5217 ζωποιὰ·
1026 5149 1243 5220 Viviﬁca
1281 5161 1640 5215 sacramenta,
1679 5149 1842 5206 nimi-

260 5235 378 5274 rum
398 5220 752 5278 Encliaristize
777 5239 789 5274 :
816 5231 928 5275 tum
947 5220 1094 5274 addit
1119 5225 1186 5276 de
1215 5221 1335 5276 solo
1365 5229 1708 5278 sacramento
1741 5238 1843 5276 un-

256 5291 477 5357 c'ionis,
517 5307 625 5362 quo
644 5293 754 5362 jam
787 5292 1137 5360 migraturus,
1173 5302 1346 5362 utrest
1369 5293 1540 5348 moris
1571 5292 1720 5345 velut
1743 5307 1840 5362 pro

258 5374 513 5434 supremo
533 5361 708 5433 agone
731 5363 985 5434 iniunctus
1009 5361 1112 5414 sit:
1137 5361 1595 5434 ἐπαλειψάμενοςε
1609 5361 1840 5434 Michael

255 5430 430 5504 litem,
467 5441 523 5504 ut
556 5430 1144 5504 expressithinterprcs
1188 5430 1426 5504 Baronii,
1457 5433 1631 5504 magis
1674 5433 1827 5504 vide-

255 5511 342 5573 tur
366 5500 762 5558 Eucharistiam
807 5502 987 5558 dicere
1022 5517 1034 5554 τ
1106 5500 1305 5556 Deinde
1385 5500 1650 5573 mysteriis
1688 5503 1825 5558 divi-

254 5571 355 5636 nis,
382 5586 440 5627 ut
470 5575 660 5628 animo:
683 5573 927 5627 uiaticum
947 5581 994 5624 et
1013 5573 1283 5642 nttmimen
1303 5571 1493 5637 essent,
1513 5573 1819 5642 participat.

1951 5027 2120 5082 quam
2160 5012 2214 5064 in
2255 5011 2374 5066 suis
2407 5010 2625 5082 Graecis
2678 5011 3040 5082 improbante,
3073 5021 3124 5082 et
3161 5021 3216 5066 ut
3253 5013 3529 5071 novellum

1949 5081 2197 5156 errorem
2227 5097 2258 5137 a
2281 5083 2556 5156 sordibus,
2597 5081 2895 5156 damnante
2919 5081 3180 5156 Arcudio,
3232 5098 3341 5138 non
3377 5100 3532 5156 sper-

1951 5154 2130 5208 nenda
2170 5152 2224 5206 in
2279 5152 2394 5207 suis
2420 5151 2800 5220 Euchologicis
2839 5162 3023 5205 noster
3055 5150 3222 5207 Goar.

2023 5222 2163 5294 (92).
2208 5221 2296 5294 Ea;
2340 5237 2433 5294 se,
2467 5237 2530 5275 ac
2572 5223 2684 5294 suis
2734 5292 2743 5294 4
2767 5221 3121 5294 [αίθοτὶόᾉιιεη
3173 5223 3524 5292 imprimente.

1953 5291 2046 5347 Sic
2072 5291 2569 5362 ci’rcnmloquimur
2599 5291 2682 5362 τὸ,
2727 5291 3255 5362 ἐναπομαξαμένηςί
3275 5295 3422 5361 quod
3454 5296 3528 5350 sit

1950 5364 2099 5444 velut
2136 5379 2167 5444 α
2205 5378 2266 5418 se
2299 5361 2663 5444 alistergendo
2685 5362 3017 5444 imprimere,
3058 5361 3123 5416 ac
3149 5361 3382 5444 quadam
3415 5381 3446 5444 α
3467 5379 3529 5420 se

1937 5433 2280 5488 derivatione
2311 5451 2324 5486 :
2361 5433 2466 5488 alia
2494 5431 2643 5504 'voce
2671 5441 2726 5488 et
2768 5431 2963 5504 Simili,
2988 5431 3525 5504 ἐναπομόργνυσθαι·

1935 5505 2095 5572 plane
2127 5503 2608 5572 signantissimum
2635 5503 2688 5557 in
2724 5503 2951 5572 materia
2986 5502 3252 5569 subjecta;

2004 5574 2138 5643 (‘25).
2188 5574 2347 5628 Albos
2377 5589 2588 5636 cereos,
2634 5575 2838 5643 κηροὺς
2880 5571 3220 5643 ὲξᾲσπρους·
3276 5573 3387 5629 Vox
3441 5591 3528 5630 sc-

257 5643 329 5696 lte
350 5644 458 5698 ritu
501 5645 828 5700 sacramenti
859 5641 1178 5715 unctionis,
1220 5643 1467 5715 nonnihil
1514 5644 1716 5698 Grazcis
1756 5659 1821 5699 ac
1929 5641 2104 5715 quiori
2131 5644 2354 5699 Graeciae
2380 5642 2767 5715 usitatissima,
2793 5651 2851 5695 ul.
2890 5641 3408 5702 ctiamltumistnata
3437 5663 3526 5702 ar-

253 5712 465 5776 Latinis
495 5715 732 5782 diverso,
763 5714 1010 5786 utrisque
1049 5711 1405 5771 nihilominus
1442 5728 1598 5781 sano,
1643 5729 1818 5785 quan-
1926 5711 2118 5788 gentes
2163 5729 2192 5770 a
2221 5717 2408 5771 colore
2438 5715 2686 5784 ἄσπρους
2729 5712 2932 5770 dicant.
