4122 6382
575 232 710 302 1847
1983 221 2174 282 APPE

2278 219 2395 282 ιῘΧ.
3707 206 3850 274 1848

569 351 726 407 mulo
741 351 1198 419 superponerent.
1215 345 1389 402 Porro
1415 339 1560 397 facta
1576 348 1660 396 est
1683 339 1774 395 die
1795 338 1888 393 illa
1907 351 1973 393 ac
1999 343 2160 391 nocte

2278 334 2472 396 Πάντες
2520 331 2632 402 γὰρ
2662 327 3082 402 κατεφρόνησαν
3115 327 3212 382 καὶ
3261 325 3540 397 Θαλάσσης
3562 365 3580 391 ,
3625 326 3717 378 καὶ
3745 324 3848 378 u-

571 416 870 514 tempestas
910 416 1141 504 vvalida,
1193 437 1379 510 qualis
1444 435 1578 492 olim
1641 433 1697 488 in
1764 430 1953 502 magni
2007 427 2160 483 Petri

2278 440 2377 488 >ος,
2420 422 2518 477 καὶ
2565 421 2908 482 ὲπικλύσεως
2942 419 3248 490 ποταμῶν..
3271 419 3370 473 καὶ
3397 416 3704 488 πειρασμοῦ
3735 417 3850 469 τῶν

570 509 924 590 Alexandrini
955 531 1144 586 funere
1182 529 1318 602 (26).
1368 529 1610 596 Eratque
1663 523 1850 580 videre
1897 537 2011 577 rem
2051 521 2160 576 mi-

2278 513 2632 589 ιρατούντων,
2661 515 2757 569 καὶ
2786 513 2841 568 εί
2864 530 3010 578 τινος
3037 513 3224 577 ἄλλου,
3243 509 3479 581 δεύτερα
3504 509 3684 564 πάντα
3705 510 3852 579 ἡγη-

570 627 822 684 rabilem.
879 625 1094 696 Quippe
1137 631 1463 696 spreverunt
1511 634 1728 684 omnes,
1780 631 2062 688 mareque,
2105 625 2162 673 et

2278 611 2509 680 ιάμενοι.
2552 606 2716 662 Ἀλλὰ
2741 606 2837 660 καὶ
2870 605 3054 660 δοῦλοι
3079 605 3362 660 δεσποτῶν
3388 602 3686 675 θεραπείαν
3707 641 3723 668 ,
3756 602 3855 656 καὶ

575 734 782 784 aerem,
819 725 877 773 et
927 695 1343 772 inundationem
1390 711 1703 775 ﬂuminum,
1741 709 2163 779 principumque

2278 703 2520 774 {SQMVOL
2561 701 2661 771 τὴν
2700 699 2969 772 ἐργασίαν
2991 738 3008 764 ,
3060 699 3154 751 καὶ
3179 697 3474 766 ἐπίτροποι
3501 695 3602 765 τὴν
3627 697 3857 784 cumf-

572 783 954 875 tentationem,
991 823 1057 864 ac
1089 808 1136 864 si
1161 807 1293 878 quid
1327 805 1474 863 aliud
1499 812 1586 860 est
1624 813 1894 860 terrorem
1926 800 2157 862 habens,

2278 795 2412 861 τίαν,
2440 795 2536 848 καὶ
2567 790 2857 860 πλωτῆρες
2907 791 3004 843 καὶ
3032 788 3270 858 ἔμποροι
3302 785 3400 857 τὴν
3433 783 3727 856 ἐμπορίαν,
3757 783 3857 836 καὶ

571 902 960 973 posthabuere.
981 899 1122 966 Quin
1152 875 1208 954 et
1231 898 1398 962 servi,
1423 895 1773 952 dominorum
1793 890 2157 961 obsequium;

2278 886 2438 948 ίδῖται
2481 883 2694 938 οίκείαν
2717 882 2867 936 όδόνο
2899 882 3000 935 καὶ
3025 878 3440 950 περιεχέχυντο,
3468 877 3549 940 εἰς
3574 875 3741 929 αὑτὸν
3780 875 3859 936 ῶς

573 967 629 1048 et
654 993 927 1063 agricolae,
963 991 1195 1048 culturae
1230 1004 1486 1061 operam;
1519 998 1916 1056 curatoresque
1941 994 1996 1040 et
2023 998 2163 1054 prte-

2278 980 2350 1042 ιίς
2380 977 2526 1047 ἱερὸν
2551 975 2842 1046 κειμήλιον
2867 971 3295 1034 άποὸλέποντες,
3327 969 3364 1039 ἢ
3419 967 3619 1039 μᾶλλον
3659 968 3859 1020 οίκειόη

573 1061 724 1148 fecti,
749 1083 1089 1139 curationem
1138 1096 1204 1142 ac
1247 1079 1665 1152 praefecturam;
1723 1088 1905 1134 nauta:
1950 1075 2080 1131 item
2108 1081 2166 1129 et

2282 1086 2345 1124 τε
2355 1086 2448 1141 ρον
2489 1069 2687 1132 εἰπεῖν,
2711 1066 2786 1130 ὡς
2812 1065 3060 1136 ἔμπνουν
3088 1063 3184 1117 καὶ
3207 1063 3407 1132 φωνεῖν
3433 1061 3750 1132 δυνάμενον.

578 1189 936 1245 mercatores,
975 1187 1390 1243 mercaturam;
1444 1193 1510 1232 ac
1552 1177 1814 1241 viatores,
1873 1175 1978 1230 iter
2035 1189 2052 1228 :
2105 1179 2167 1225 ut
2204 1181 2398 1224 omnes
2465 1163 2786 1221 circumfusi
2867 1170 3089 1230 essent,
3133 1160 3310 1217 oculis
3342 1161 3400 1214 in
3444 1173 3595 1225 eum,
3651 1173 3755 1212 eeo
3805 1155 3864 1211 in

574 1273 878 1348 pretiosum
917 1274 1117 1329 mobile
1155 1273 1351 1329 intenti
1390 1291 1405 1328 ι
1449 1273 1534 1328 vel
1560 1280 1618 1327 ut
1639 1271 1856 1342 proprie
1903 1268 2081 1339 magis
2118 1266 2320 1331 dicam,
2353 1262 2502 1317 velut
2524 1263 2578 1316 in
2613 1261 2915 1330 spirantem
2944 1274 3012 1314 ac
3049 1257 3355 1314 etiamnum
3391 1256 3538 1326 loqui
3564 1254 3864 1310 valentem.

540 1386 546 1400 ι
647 1368 912 1437 Proinde,
947 1384 1012 1424 ea
1047 1369 1393 1426 Psalmorum
1437 1368 1815 1424 modulatione
1872 1380 1938 1420 ac
1993 1361 2157 1418 lumi-

2327 1359 2441 1413 Καὶ
2480 1355 2626 1412 οὕτω
2673 1357 2772 1412 σὺν
2817 1354 3167 1426 ψαλμῳδίαις
3227 1353 3325 1407 καὶ
3387 1350 3700 1422 φωταψίαις
3740 1352 3867 1414 ταῖς

536 1443 542 1450 ’
575 1474 709 1516 num
737 1459 1096 1526 accensione;
1135 1459 1315 1530 iisque
1349 1458 1574 1530 vigiliis,
1621 1471 1686 1512 ac
1720 1457 1896 1512 sacris
1925 1453 2160 1508 inclina-

2278 1449 2640 1521 ιαθηκούσαις
2661 1490 2677 1514 ,
2697 1447 2986 1518 παννυχίσι
3009 1463 3071 1500 τε
3099 1446 3197 1500 καὶ
3213 1443 3539 1516 ἐπικλήσεσι
3568 1444 3766 1516 ἱεραῖς,
3791 1444 3863 1512 τῇ

581 1551 856 1618 tionibus;
887 1560 1102 1622 postera
1140 1551 1248 1617 die,
1285 1566 1342 1606 re
1373 1565 1532 1606 sacra
1578 1548 1646 1603 de
1706 1561 1862 1602 more
1918 1552 2158 1616 peracta,

2278 1543 2392 1613 ἑξῆς
2427 1542 2571 1598 κατὰ
2612 1543 2676 1595 τδ
2727 1540 2959 1611 σύνηθες
2991 1539 3522 1611 λειτουργήσαντες,
3555 1537 3686 1606 περὶ
3711 1535 3867 1606 ὥραν

577 1641 800 1697 Circitcr
839 1641 974 1695 hora
1015 1639 1274 1710 septima,
1312 1637 1546 1693 traditus
1580 1629 1680 1691 est
1728 1633 1986 1705 sepulcro
2048 1632 2164 1686 sive

2278 1635 2525 1705 πέμπτην
2547 1631 2820 1705 παρεδόθη
2843 1632 2923 1703 τῷ
2953 1630 3084 1702 ίερῷ
3097 1629 3278 1700 τάφῳ,
3322 1631 3446 1699 ἦτοι
3466 1628 3866 1697 γλωσσοκόμῳ,

575 1733 792 1790 tumulo
823 1731 938 1802 (25)
974 1749 988 1785 :
1021 1721 1208 1786 nec-id
1251 1731 1414 1799 plane
1462 1743 1571 1783 non
1614 1742 1780 1797 aegre,
1830 1739 1896 1780 ac
1949 1723 2163 1789 labore,

2278 1727 2371 1780 οὐκ
2402 1727 2675 1795 άκαματὶ,
2728 1723 2838 1777 οὐδ’
2884 1723 2946 1776 οὐ
2989 1721 3098 1793 μὴν
3138 1721 3408 1788 ἀπονητὶ,
3442 1720 3532 1774 διά
3565 1720 3626 1774 τὸ
3673 1723 3869 1774 ἐπιπε-

578 1819 825 1880 irruente
861 1822 1046 1894 populi
1097 1820 1473 1884 multitudine,
1510 1826 1571 1873 ut
1604 1818 1710 1874 sibi
1745 1817 2003 1888 quisque,
2059 1813 2159 1868 ali-

2278 1817 2552 1873 πτωκίναι
2579 1815 2643 1870 τὺ
2684 1813 2782 1868 τοῦ
2827 1813 2954 1869 λαοῦ
3004 1813 3234 1883 πλῆθος,
3283 1809 3416 1884 ἇραί
3446 1830 3502 1866 τι
3554 1812 3667 1866 τῶν
3702 1811 3870 1885 ἱερῶν

577 1915 709 1986 quid
749 1915 816 1972 de
842 1901 1307 1971 sacris'demortui
1341 1911 1605 1974 exsnviis,
1643 1908 2013 1980 pretiosisque
2041 1905 2171 1960 reli-

579 2007 751 2078 quiis,
782 2007 1020 2062 tolleret.
1054 2004 1316 2060 Traditus
1346 2001 1712 2058 nihilominus
1743 2010 1848 2063 est,
1875 2013 1940 2053 ac
1977 1998 2032 2052 in
2066 1995 2168 2052 do-

580 2101 840 2156 muncula
869 2115 970 2155 sua
1003 2097 1311 2169 depositus,
1359 2111 1468 2167 quo
1515 2095 1637 2150 loco
1678 2093 1762 2148 vir
1815 2091 2171 2146 beatissimus

581 2191 779 2247 solitus
809 2199 954 2246 esset
991 2189 1163 2246 libros
1190 2203 1378 2246 sacros
1408 2187 1675 2252 scribere,
1715 2203 1780 2242 ac
1810 2185 2045 2240 Domino
2069 2177 2180 2238 ιηῙέ

584 2282 844 2346 nistrare.
871 2280 986 2338 Hoc
1007 2283 1152 2337 enim
1169 2281 1324 2351 juxta
1355 2279 1702 2351 Apostolum,
1726 2279 1892 2334 etiam
1915 2277 1984 2333 ab
2039 2275 2170 2330 aﬂ'e—

583 2374 694 2434 etis
726 2374 954 2441 viribus,
985 2382 1040 2429 et
1069 2373 1212 2428 mala
1245 2372 1578 2438 valetudine,
1602 2389 1633 2426 a
1673 2371 2052 2442 persecutione
2083 2385 2173 2424 se-

581 2465 811 2538 nioque,
839 2481 978 2536 opus
997 2480 1261 2520 manuum
1278 2464 1534 2522 habebat.
1562 2465 1708 2519 Sane
1734 2478 1864 2518 vero
1885 2461 2174 2532 appositus

582 2567 690 2625 est,
718 2555 903 2624 Pater,
933 2557 1198 2614 Patribus
1228 2574 1246 2625 ;
1279 2557 1570 2622 sacerdos,
1615 2554 1996 2616 Pontificibus,
2041 2563 2174 2606 ante

583 2651 748 2706 etiam
785 2649 1096 2706 unctionem
1143 2649 1257 2720 (26)
1298 2667 1315 2717 ;
1363 2648 1668 2714 confessor,
1707 2645 2173 2712 confessoribus;

585 2742 940 2814 martyribus,
968 2741 1251 2813 proposito
1276 2749 1484 2812 martyr
1510 2756 1526 2807 ;
1555 2738 2028 2810 praedicatoribus,
2055 2751 2175 2790 ma-

590 2847 702 2908 gna
745 2832 994 2887 veritatis
1021 2833 1174 2886 tuba.
1205 2829 1311 2884 Sed
1361 2839 1417 2884 et
1461 2829 1565 2884 hoc
1606 2828 1910 2884 addiderim
1942 2846 1954 2882 :
1986 2827 2178 2883 Conti-

586 2938 725 2980 nens
754 2922 868 2988 ille,
896 2920 1340 2989 continentibus;
1375 2932 1586 2986 castus,
1627 2923 1898 2978 castitatis
1944 2920 2180 2975 amanti-

583 3017 691 3076 bus
720 3033 737 3085 ;
768 3017 1073 3088 hospitalis.
1107 3016 1200 3084 iis,
1233 3018 1329 3089 Qui
1377 3018 1720 3074 studuissent
1761 3017 2124 3089 hospitalitati
2162 3035 2177 3083 ;

2269 1909 2563 1978 ὲνταφίων,
2612 1906 2648 1977 ἢ
2693 1905 2788 1960 τοῦ
2832 1905 3018 1976 τιμίου
3046 1905 3328 1976 λειψάνου.
3376 1905 3662 1978 Παροδὸθη
3691 1907 3738 1960 δ’
3772 1903 3870 1960 οὖν

2271 2004 2444 2072 ὅμως,
2491 2001 2588 2054 καὶ
2613 1997 2857 2069 άπετὲθη
2888 2000 2949 2052 ὲν
2977 1997 3058 2069 τῷ
3088 1998 3278 2070 οἰκείῳ
3323 1998 3606 2070 δωματίῳ,
3644 1999 3770 2053 καθ’
3809 1999 3868 2052 ὃν

2240 2099 2251 2110 ’
2270 2095 2439 2147 τόπον
2468 2091 2650 2146 είώθει
2683 2093 2712 2145 ό
2756 2090 3166 2161 τρισμακάριος
3187 2091 3290 2154 τὰς
3324 2090 3476 2162 ἱεράς
3501 2091 3738 2160 γράφειν
3778 2089 3870 2144 Βί-

2274 2186 2457 2252 ϐλους,
2504 2185 2601 2238 καὶ
2643 2184 2986 2252 λειτουργεῖν
3027 2183 3246 2253 Κυρίῳ.
3278 2181 3453 2236 Τοῦτο
3480 2183 3591 2253 γάρ
3624 2179 3695 2254 ἦν
3716 2183 3870 2254 αὐτῷ

2273 2274 2672 2340 ἀποστολικῶς,
2703 2276 2802 2329 καὶ
2837 2275 2978 2345 μετὰ
3014 2274 3312 2344 διωκτικὴν
3343 2275 3590 2328 κάκωσιν
3642 2275 3735 2328 καὶ
3764 2275 3867 2344 γῆ-

2279 2387 2398 2442 ραις,
2439 2367 2779 2439 ἐργόχειρον.
2829 2367 2942 2422 Καί
2974 2384 3040 2436 γε
3095 2365 3407 2439 προσετέθη
3445 2367 3475 2419 6
3517 2367 3711 2438 Πατὴρ
3753 2370 3870 2432 :52;

2278 2445 2596 2538 Πατράσιν·
2642 2466 2672 2519 6
2709 2465 2893 2536 ἱερεὺς
2947 2465 3065 2528 τοῖς
3115 2462 3423 2534 ίεράρχαις,
3469 2463 3567 2515 καὶ
3613 2461 3721 2530 πρὸ
3769 2462 3870 2532 τῆς

2276 2557 2512 2630 κρίσεως
2534 2579 2547 2591 ·
2579 2559 2608 2612 ό
2635 2556 2982 2629 όμολογητὴς
3010 2559 3126 2620 τοῖς
3151 2555 3516 2628 όμολογηταῖς
3535 2570 3549 2582 ·
3582 2556 3698 2618 τοῖς
3729 2553 3872 2625 μάρο

2279 2667 2464 2713 τυσιν,
2495 2651 2523 2704 ὁ
2551 2651 2942 2722 προαιρετικὸς
2976 2650 3222 2719 μάρτυςο
3253 2650 3282 2702 ό
3307 2646 3624 2708 διδάσκαλος
3651 2649 3765 2708 τοῖς
3787 2646 3872 2699 διο

2282 2743 2610 2806 δασκά).οις·
2659 2743 2776 2806 τοῖς
2824 2742 3078 2812 κήρυξιν,
3123 2743 3157 2812 ἠ
3211 2739 3424 2811 μεγάλη
3471 2739 3572 2809 τῆς
3607 2738 3873 2808 ἀληθείας

2285 2833 2542 2903 σάλπιγξ.
2589 2832 2898 2906 Προσθείην
2957 2833 3005 2886 δ’
3036 2832 3102 2886 ἂν
3136 2831 3235 2886 καὶ
3265 2831 3440 2886 ταῦτα
3463 2848 3478 2862 ο
3525 2832 3555 2884 ό
3595 2829 3876 2901 ἐγκρατὴς

2281 2928 2398 2989 τοῖς
2443 2925 2794 2997 ὲγκρατέσιν,
2845 2927 2874 2978 6
2913 2923 3078 2995 ἁγνὸς
3146 2926 3261 2988 τοῖς
3301 2923 3605 2993 φιλάγνοις,
3653 2923 3684 2976 ὁ
3721 2921 3876 2990 φιλό-

2287 3017 2437 3084 ξενος
2467 3021 2579 3082 τοῖς
2631 3018 2967 3088 φιλοξένοις·
3011 3019 3041 3072 6
3088 3016 3333 3089 μέτριος,
3377 3020 3491 3080 τοῖς
3546 3017 3879 3088 μετριὸφρο-

584 3107 892 3174 modestus,
936 3123 1124 3174 sensu,
1149 3107 1415 3164 modestis
1444 3124 1509 3164 ac
1546 3108 1870 3164 humilibus.
1907 3108 2010 3175 Qui
2043 3109 2175 3162 bene

2285 3128 2404 3164 aw'
2439 3111 2703 3165 Ἀπαντα
2748 3110 2874 3177 τοῖς
2921 3109 3112 3166 πᾶσιν
3152 3105 3222 3166 εὖ
3264 3109 3545 3180 γεγονὼς,
3595 3109 3720 3163 καθ’
3752 3109 3880 3163 ὅσον

587 3201 767 3255 omnia
798 3201 1039 3256 omnibus
1068 3201 1136 3265 ⁸⁸,
1155 3202 1339 3271 quoad
1362 3201 1480 3257 fieri
1502 3212 1708 3272 posset,
1733 3199 1919 3257 divina
1943 3202 2182 3272 quadam

589 3293 802 3347 ratione
835 3291 1025 3360 [uisset
1054 3292 1252 3362 factus,
1285 3303 1345 3348 ut
1375 3310 1576 3358 omnes,
1605 3303 1770 3348 autve
1788 3294 1975 3363 plures
2006 3293 2181 3347 salvos

587 3389 785 3456 Iaceret
810 3384 879 3453 ⁸⁸,
913 3385 1345 3454 apostolicorum
1377 3393 1658 3456 gestorum
1693 3385 2184 3441 informationibus

589 3476 775 3531 nixus.
802 3475 882 3530 Ac
907 3477 1125 3544 quidem
1169 3477 1332 3532 modo
1379 3492 1394 3531 :
1436 3489 1823 3534 consummato
1879 3477 2182 3549 apostolico

588 3582 778 3632 cursu,
819 3567 990 3622 cmlos
1016 3582 1214 3638 pompa
1247 3567 1570 3638 ingreditur,
1608 3583 1674 3623 ac
1701 3585 1810 3623 una
1846 3584 1973 3622 cum
2011 3585 2181 3640 ange-

590 3659 659 3714 lis
695 3658 862 3714 festos
889 3658 1090 3713 choros
1121 3658 1293 3726 ducit,
1329 3660 1385 3714 in
1426 3659 1541 3716 loco
1579 3659 1912 3716 tabernaculi
1935 3659 2179 3715 admira-

590 3746 737 3812 bilis,
781 3747 838 3800 in
885 3746 1214 3816 epulantium
1265 3762 1397 3801 sono
1457 3749 1777 3815 ",aeternis
1830 3748 1888 3803 in
1946 3748 2180 3805 Domino

587 3831 779 3897 l‘rucns
813 3841 972 3896 bonis
1013 3857 1028 3897 :
1066 3855 1278 3909 nosque
1312 3841 1440 3896 inde
1475 3841 1745 3913 prapitius
1780 3841 2024 3910 intuens,
2050 3858 2180 3898 suas

586 3952 687 4012 pro
712 3933 1012 3990 humilibus
1048 3933 1210 3990 nobis
1242 3935 1673 4006 supplicationes
1721 3936 1832 3990 Deo
1877 3935 2178 3992 ferventius

587 4026 766 4090 Olfert.
794 4026 910 4089 Nos
937 4042 1101 4099 porro
1129 4026 1364 4083 humiles
1408 4027 1741 4098 abjectiquc,
1785 4043 1882 4098 spe
1931 4027 1986 4082 in
2039 4029 2177 4085 alios

588 4121 806 4186 mutati,
839 4121 1098 4184 feramus,
1131 4121 1338 4190 gratias
1371 4136 1621 4190 agentes,
1649 4123 1693 4176 si
1717 4121 1845 4192 quid
1883 4123 2173 4176 molestum

589 4213 815 4286 ingruit,
843 4215 1115 4286 egregiam
1161 4214 1311 4269 illam
1347 4213 1614 4288 prolocuti
1648 4229 1834 4270 vocem
1864 4233 1878 4270 :
1913 4212 2173 4268 Dominus

589 4307 758 4374 dedit,
791 4307 1051 4362 Dominus
1097 4306 1319 4362 abstulit
1351 4324 1367 4361 :
1398 4308 1536 4361 sicut
1568 4306 1797 4362 Domino
1835 4307 2059 4377 placuit,
2098 4308 2173 4360 ita

587 4408 639 4454 et
674 4400 875 4470 factum
905 4410 983 4456 est
1014 4400 1081 4454 ³⁸.
1118 4397 1176 4454 Si
1207 4399 1336 4470 quid
1365 4401 1511 4455 enim
1543 4397 1644 4454 fuit
1687 4400 1911 4460 factum,
1957 4399 2170 4454 Domini

589 4490 790 4546 factum
821 4503 904 4548 est
943 4493 1242 4558 voluntate,
1275 4493 1368 4562 qui
1400 4493 1583 4546 omnia
1619 4492 1824 4548 utiliter
1845 4491 2129 4560 dispensat
2156 4511 2168 4546 :

597 4575 873 4634 Voluntati
894 4589 1070 4646 autem
1104 4580 1242 4651 ejus,
1275 4580 1454 4652 inquit
1479 4581 1821 4637 admirabilis
1851 4580 2166 4650 Apostolus,

2284 3199 2395 3258 οἷόν
2445 3223 2504 3258 τε
2559 3203 2918 3275 θεοπρεπῶς,
2973 3204 3075 3258 ἵνα
3132 3205 3276 3270 τοὺς
3319 3202 3552 3270 πάντας
3584 3247 3599 3272 ,
3649 3202 3689 3270 ἦ
3733 3201 3880 3268 τοὺς

2284 3295 2576 3362 πλείονας
2601 3293 2801 3364 σώσῃ,
2822 3294 3205 3360 ἀποστολικοῖς
3228 3292 3652 3365 κατορθώμασιν
3669 3295 3766 3346 ἐπε
3775 3309 3835 3364 ρε
3844 3311 3883 3346 ιο

2283 3387 2530 3458 δόμενος.
2563 3387 2675 3442 Καὶ
2723 3387 2820 3440 νῦν
2878 3387 3042 3450 αὐτὸς
3089 3387 3212 3458 μὲν,
3247 3386 3607 3442 άποστολικδν
3650 3387 3878 3439 ἐκτετε-

2283 3478 2460 3542 λεκὼς
2503 3479 2729 3551 δρόμον,
2759 3479 2908 3532 ἔστιν
2941 3479 3208 3550 οὐρανοὺς
3250 3477 3596 3550 ἐμϐατεύων,
3644 3478 3738 3532 καὶ
3774 3478 3880 3545 ἀγ·

2285 3570 2463 3639 γέλων
2494 3567 3004 3642 συμπανηγυρίζων
3035 3569 3424 3640 χορείαις,Ἐν
3452 3573 3618 3638 τόπῳ
3636 3569 3880 3638 σκηνῆς

2285 3657 2664 3730 θαυμαστῆς,
2707 3659 2777 3714 ἐν
2802 3659 2933 3729 ἤχῳ
2964 3658 3390 3728 ἑορταζόντων,
3429 3661 3488 3714 ἐν
3517 3660 3708 3731 Κυρίῳ
3736 3661 3878 3714 άποο

2281 3752 2462 3807 λαύων
2508 3753 2617 3806 τῶν
2669 3752 2904 3807 αἰωνίων
2957 3752 3213 3822 ἀγαθῶν*
3268 3751 3527 3807 κάκεῖθεν
3578 3753 3729 3822 ἡμᾶς
3772 3753 3882 3804 ἐπ-

2285 3842 2536 3898 οπτεύων
2575 3843 2756 3909 ἵλεως,
2781 3842 2882 3906 τὰς
2908 3843 3049 3916 ὑπὲρ
3076 3843 3237 3915 ἡμῶν
3274 3844 3387 3898 τῶν
3416 3845 3691 3898 ταπεινῶν
3720 3843 3884 3908 λιτὰς

2284 3935 2366 4007 τῷ
2399 3935 2589 4007 Κυρίῳ
2628 3935 2932 4009 προσφέρει
2967 3935 3326 4009 θερμότερον.
3352 3935 3550 4009 Ἡμεῖς
3590 3937 3646 3990 δὲ
3678 3939 3728 3990 οξ
3769 3954 3879 3991 τα-

2291 4029 2491 4096 πεινοὶ,
2520 4032 2587 4101 τῇ
2625 4029 2726 4100 μὲν
2755 4029 2936 4084 ἑλπίδι
2967 4029 3456 4101 μεταὸαλλόμενοι,
3491 4030 3751 4102 φέρωμεν
3778 4031 3880 4083 εὖ·

2281 4119 2560 4191 χαρίστως
2583 4119 2646 4172 τδ
2689 4119 2956 4190 λυπηρὸν,
2991 4120 3091 4190 τὴν
3119 4121 3366 4190 ἀοίδιμον
3389 4121 3605 4189 ἐκείνην
3636 4120 3882 4190 9027?»;-

2280 4229 2434 4284 μενοι
2467 4213 2683 4284 φωνήν
2736 4212 2788 4265 '0
2830 4213 3047 4281 Κύριος
3076 4211 3322 4281 ἔδωκεν,
3367 4217 3402 4268 ὁ
3449 4216 3666 4283 Κύριος
3697 4214 3876 4282 ἀρεί-

2275 4309 2418 4360 λετο
2438 4319 2453 4336 ⁸
2482 4305 2564 4372 ὡς
2595 4303 2676 4371 τῷ
2706 4306 2902 4373 Κιιρίφ
2921 4305 3160 4371 ἔδοξεν,
3196 4307 3350 4360 οὕτω
3375 4307 3475 4361 καί
3504 4308 3772 4377 ἐγένετο.
3807 4306 3882 4358 Εἴ

2274 4415 2326 4450 τι
2366 4397 2477 4469 γὰρ
2511 4397 2724 4466 γέγονε,
2767 4396 3039 4470 θελήματι
3069 4398 3278 4471 Κυρίου
3314 4400 3530 4468 γέγονε,
3585 4399 3678 4451 τοῦ
3735 4415 3881 4469 συμ-

2277 4491 2552 4561 φερόντως
2594 4492 2774 4544 πάντα
2809 4490 3254 4561 οἱκονομοῦντος·
3296 4489 3379 4556 τῷ
3418 4491 3488 4544 δὲ
3510 4490 3867 4559 ,βουλήματι

2276 4581 2486 4648 αὐτοῦ,
2543 4581 2619 4645 ὥς
2673 4597 2840 4652 φησιν
2885 4583 2916 4635 6
2960 4581 3102 4646 θεῖος
3169 4583 3521 4650 ’Δπόστολος,
3578 4583 3668 4650 τίς
3719 4584 3875 4638 ἀνθ·

658 4696 705 4728 ”
753 4695 797 4748 ll
838 4695 967 4750 Cor.
1023 4697 1252 4759 13.22.
1328 4698 1370 4732 ³⁸
1426 4697 1468 4751 ιι
1509 4695 1650 4750 Tim.
1694 4712 1766 4749 tv.
1801 4696 1853 4750 7.
1931 4696 1977 4728 ³⁸
2016 4697 2162 4751 Psal.

2278 4711 2308 4763 I,
2355 4697 2409 4752 5.
2488 4696 2534 4730 ³³
2570 4695 2670 4753 Job
2704 4715 2744 4764 l,
2772 4697 2866 4754 21.

2114 4835 2352 4891 NOTAE.

661 4927 800 4999 (24).
836 4928 904 4982 In
929 4931 1109 4999 magni
1143 4927 1298 4986 Petri
1323 4931 1686 4999 Alexandrini
1711 4931 1914 4999 funere,
1956 4931 2050 4984 ἐπὶ
2083 4929 2178 4985 τοῦ

589 4998 832 5072 μεγάλου
863 4998 1073 5072 Πέτρου
1093 4999 1536 5072 Ἀλεξανδρείας.
1571 4998 1687 5054 Non
1713 4998 1933 5056 Videtur
1963 5010 2180 5056 exstare

589 5070 757 5140 quam
783 5079 978 5123 auctor
999 5070 1246 5126 insinuat
1276 5070 1585 5137 historiam,
1605 5071 1811 5125 oborta:
1839 5073 2180 5140 tempestatis

591 5139 660 5195 ad
708 5139 1002 5212 elationem
1043 5141 1250 5197 funeris
1301 5141 1492 5210 Petri;
1541 5143 1838 5212 probanda:
1914 5139 2176 5195 nimirum

591 5210 873 5266 devotioni
897 5210 1072 5281 plebis
1117 5210 1628 5275 Alexamlrinzmiin
1679 5227 2009 5267 coronarum
2060 5212 2176 5282 jam

589 5289 866 5354 pastorem
899 5298 1080 5354 suum.
1120 5283 1170 5354 in
1194 5299 1356 5352 quem
1393 5283 1460 5338 ad
1479 5299 1746 5338 coronam
1786 5294 2176 5354 properantem

585 5351 667 5409 sic
682 5351 923 5408 fuissent
943 5352 1170 5418 assidui,
1192 5351 1252 5409 ut
1273 5355 1362 5408 vix
1385 5369 1492 5408 non
1511 5353 1862 5422 impedierint
1876 5351 2171 5421 coronam;

589 5424 713 5493 ipso
760 5425 898 5478 adeo
944 5425 1130 5490 Petro,
1167 5441 1234 5478 ne
1274 5425 1366 5480 illa
1411 5423 1820 5479 desiderantem
1863 5424 2128 5494 effugeret
2155 5465 2169 5486 .

589 5495 896 5548 clanculum
932 5503 987 5549 et
1025 5496 1111 5562 pia
1149 5495 1341 5550 fraude
1364 5535 1379 5560 ,
1404 5494 1798 5564 spiculatoretn
1821 5495 2170 5560 admittente,

587 5565 716 5616 dato
748 5565 975 5619 consilio
1007 5564 1336 5620 suli'odiendi
1361 5578 1525 5620 noctu
1562 5580 1802 5630 murutn,
1828 5582 1938 5634 quo
1963 5565 2011 5621 is
2032 5574 2170 5630 tuto,

591 5635 822 5702 Iusoque
852 5636 1072 5703 populo.
1106 5649 1267 5704 Caput
1315 5647 1700 5705 amputaturus
1741 5635 2043 5691 accederet.
2074 5635 2171 5692 Mi-

591 5707 774 5764 l‘andau
803 5705 1029 5761 omnino
1063 5715 1230 5773 artes,
1265 5705 1362 5764 sed
1391 5707 1704 5764 amantibus
1729 5716 1890 5764 notae.

2355 4930 2491 5002 (9.5).
2529 4930 2632 4987 Seu
2657 4932 2885 4997 tumulo,
2931 4933 3052 5003 ἦτοι
3093 4931 3487 5003 γλωσσοκόμῳ.
3535 4929 3649 4986 Vox
3686 4930 3873 4986 minus

2280 4999 2542 5071 frequens
2599 5017 2666 5056 eo
2724 4999 3052 5070 significato.
3106 4999 3279 5058 Fat-te
3349 4999 3622 5072 signiﬁcat
3682 5003 3866 5070 ipsum

2279 5073 2617 5142 pheretrum,
2674 5074 2821 5143 quod
2864 5073 3028 5128 fuerit
3065 5074 3340 5141 clausum,
3385 5073 3674 5128 condendo
3710 5083 3872 5126 terra:

2279 5156 2444 5198 sacro
2476 5146 2832 5211 corpusculo,
2879 5145 3024 5212 quod
3079 5147 3348 5199 hactenus
3381 5143 3868 5212 Olnnibttsiviscn-

2279 5214 2408 5268 dum
2437 5213 2770 5282 prostitisset
2798 5232 2812 5280 ;
2855 5211 2912 5270 ut
2939 5214 3262 5278 etiamnum,
3292 5216 3531 5269 maxime
3567 5217 3619 5266 in
3649 5211 3759 5268 Deo
3779 5231 3873 5267 sa-

2279 5299 2502 5356 crorum
2532 5285 2822 5356 hominum
2853 5285 3153 5356 exsequiis,
3188 5286 3301 5340 fieri
3328 5287 3486 5342 solet.

2355 5354 2490 5428 (26).
2519 5353 2782 5428 Sacerdos
2825 5353 3181 5425 pontificibus,
3214 5367 3344 5428 ante
3362 5359 3525 5412 etiam
3549 5361 3871 5428 unctionem,

2277 5427 2304 5499 ό
2333 5425 2515 5499 ἱερεὺς
2549 5427 2661 5489 τοῖς
2685 5427 3114 5499 ⁸ίεράρχαιςριιι).
3133 5427 3241 5498 πρὸ
3267 5428 3387 5499 τῆς-
3408 5431 3662 5499 κρίσεως.
3679 5425 3876 5487 Szmtle

2279 5493 2443 5549 habet
2471 5493 2635 5550 Joan.
2679 5493 3209 5569 llierosolymitatttts
3266 5493 3332 5552 in'
3365 5493 3634 5569 Joannem
3677 5503 3876 5557 Dama-

2278 5581 2547 5638 scenum,
2571 5581 2853 5636 exponens
2875 5568 3056 5638 sancti
3098 5568 3359 5638 Stephani
3377 5568 3628 5634 jnnioris‘
3659 5573 3872 5628 dictum

2279 5637 2409 5713 illud
2441 5637 2494 5689 in
2539 5635 2880 5713 ipsutn,_qun
2909 5635 3054 5694 θέῖον
3075 5639 3173 5713 καί
3195 5635 3459 5713 θεοφόρον
3491 5650 3650 5696 vocat
3676 5660 3691 5708 ;
3747 5660 3876 5713 qua:

2277 5706 2540 5764 nimirum
2570 5709 2793 5781 propria
2829 5719 2959 5766 sunt
2985 5706 3336 5782 putttilicuut,
3363 5706 3492 5779 κᾶν,
3547 5706 3868 5780 imminui:
