4122 6382
377 193 513 260 1349
1435 195 1535 256 DE
1569 147 1997 256 SCHISMATE
2045 194 2571 262 STUDITARUM.
3508 201 3646 272 1850

370 313 631 379 ἐστηκεξ
700 309 849 381 Πλὴν
899 309 986 366 δτι
1037 309 1134 365 καὶ
1187 309 1250 365 τὸ
1310 311 1411 381 τῆς
1457 309 1676 379 φύσεως
1745 307 1922 363 πανθά

2027 307 2178 378 ,quis
2213 309 2411 364 restitit
2442 310 2520 364 “‘l
2551 309 2846 378 Caeterum,
2879 311 3006 383 quia
3035 313 3200 369 etiam
3266 323 3474 370 natura:
3518 315 3643 386 jura

372 419 538 476 νομεν
565 441 582 467 ,
652 402 750 456 καὶ
825 401 1146 473 όρφανικῶς
1227 399 1658 472 ἀποδυρόμενοι,
1721 399 1812 452 τὸν
1885 398 1960 462 ὡς

371 497 589 569 ἀληθῶς
611 535 628 562 ,
697 495 792 550 καὶ⁹
852 495 1105 566 φιλόθεον
1131 535 1146 562 ,
1206 495 1305 549 καὶ
1368 493 1685 562 φιλότεκνον
1733 493 1959 564 Πατέρα

370 589 764 661 διεξερχόμεθα
782 604 801 622 ο
823 589 918 644 καί
947 605 1027 658 γε,
1055 588 1294 661 μάλιστα
1322 586 1560 658 ὁρῶντες
1584 585 1954 655 καθεκάστην,

371 683 626 754 καθάπερ
703 682 972 753 πετηνοὺς
1035 681 1163 742 τοὺς
1220 679 1487 748 ἀδελφοὺς
1535 678 1694 750 ἡμῶν
1759 679 1958 743 ἄλλους

367 774 685 846 ἀλλαχόθεν,
737 773 864 837 τοὺς
923 773 1022 844 μὲν
1071 771 1328 840 ἐγγύθεν.
1374 770 1502 834 τοὺς
1551 771 1610 825 δὲ
1663 769 1955 842 πόρρωθεν

367 866 808 941 προστρέχοντας
859 863 939 936 τῷ
991 863 1248 936 πατρικῷ
1281 864 1465 936 ’τάφῳ
1487 904 1502 928 ,
1571 863 1819 933 ἀμειδεῖς
1871 861 1954 934 τῷ

367 960 670 1031 προσώπῳ,
701 957 1130 1031 ὲρικνωμένους,
1169 958 1516 1030 αὐχμηροὺς,
1543 955 1952 1029 δακρυρῤοοῦνο

365 1073 488 1120 τας,
532 1051 1030 1125 συστρεφομένους,
1065 1051 1163 1104 καὶ
1185 1052 1251 1104 ὲκ
1278 1048 1479 1121 βάθους
1506 1049 1913 1120 ποτνιωμένους
1931 1061 1950 1081 ⁸

365 1147 444 1212 ὡς
475 1147 569 1202 καὶ
607 1145 669 1212 ἐξ
697 1145 873 1216 αὐτῆς
904 1143 1084 1210 ὅψεως
1114 1141 1486 1215 γνωρίζεσθαι
1528 1143 1666 1196 πᾶσι
1699 1141 1790 1194 τὸν
1823 1139 1950 1212 τρό-

365 1249 468 1296 πον
486 1256 502 1274 ο
535 1237 676 1295 ἀλλὰ
706 1237 814 1311 μὴν
843 1238 939 1292 καὶ
975 1237 1196 1308 ἐτέρους
1239 1235 1492 1298 πλείονας
1521 1233 1632 1287 τῶν
1661 1231 1948 1303 πατρικῶν

365 1330 821 1389 ἅπολελαυκότων
849 1329 1180 1400 εὐεργεσιῶν
1230 1325 1351 1381 κατ’
1386 1324 1701 1396 ἀμφότερα.
1755 1317 1947 1394 Ὑμεῖς

363 1426 442 1490 δὲ,
474 1419 520 1479 ὦ
549 1421 990 1496 μακαριώτατοι,
1023 1420 1092 1474 τά
1126 1417 1218 1473 ἴσα
1249 1421 1298 1472 εί
1332 1417 1430 1472 καὶ
1459 1416 1684 1470 πλείονα
1713 1413 1943 1479 εἴποιτε,

362 1519 438 1582 ὡς
474 1513 898 1584 ἀπολειφθέντες
943 1514 1038 1568 καὶ
1079 1513 1179 1581 τῆς
1227 1510 1322 1564 ἐπὶ
1366 1513 1433 1581 τῇ
1476 1507 1809 1580 μεταστάσει
1846 1505 1943 1561 τοῦ

2062 399 2313 456 subimus
2343 398 2478 474 (27),
2499 402 2825 473 pupillorum
2855 419 3008 460 more
3027 405 3394 476 deplorantes,
3427 423 3554 464 vere
3589 417 3646 464 et

2063 491 2157 546 Dei
2206 503 2260 548 et
2297 493 2537 548 ﬁliorum
2607 495 2845 552 amantis
2886 494 3099 562 Patris,
3149 513 3238 553 res
3297 513 3640 556 enarramus.

2063 581 2209 639 Sane
2237 585 2321 640 vel
2361 585 2624 653 maxime,
2663 601 2786 642 cum
2831 602 2931 642 ceu
2965 587 3232 654 aviculas,
3294 589 3493 646 fratres
3542 605 3641 646 no-

2059 685 2228 742 stros,
2258 677 2396 733 alios
2427 679 2699 751 aliosque,
2718 697 2784 734 ex
2817 680 2940 737 aliis
2971 681 3205 752 aliisque
3229 684 3639 754 propinquiori-

2057 769 2163 828 bus
2181 785 2245 826 ac
2270 771 2662 829 remotioribus
2693 772 2850 839 locis,
2873 774 2937 826 ad
2971 785 3259 844 paternum
3319 777 3632 847 sepulcrum

2056 875 2430 931 aceurrentes,
2462 865 2518 920 in
2551 866 2670 921 dies
2698 865 3006 934 videamus,
3031 868 3186 924 vultu
3221 867 3502 936 tetricoso,
3533 869 3638 924 im-

2056 957 2290 1014 maniter
2318 959 2547 1014 aﬂlictos
2571 975 2638 1016 ac
2671 959 2854 1016 tristes
2887 961 3025 1033 (ἳὸ).
3071 962 3384 1033 squalidos,
3458 964 3638 1036 lacry-

2054 1052 2161 1107 mis
2193 1051 2540 1120 dimuentes,
2599 1069 2722 1111 sese
2787 1064 3246 1127 contorquentes,
3291 1073 3469 1128 exque
3524 1060 3637 1114 imo

2053 1155 2276 1216 pectore
2307 1155 2611 1218 gementes,
2640 1157 2704 1203 ut
2736 1149 2818 1204 vel
2859 1166 2927 1204 ex
2980 1149 3106 1220 ipso
3151 1161 3402 1222 aspectu,
3437 1154 3629 1224 quivis

2052 1240 2238 1294 statim
2294 1250 2559 1312 agnoscat
2615 1241 2895 1297 aﬂ'ectum.
2945 1242 3088 1309 Quin
3135 1251 3190 1298 et
3241 1244 3382 1299 alios
3429 1244 3632 1314 plures,

2049 1331 2146 1399 qui
2183 1330 2237 1385 in
2286 1339 2522 1401 utroque
2565 1342 2793 1402 paterna
2853 1333 3115 1390 beneﬁcia
3173 1334 3453 1389 consecuti
3499 1334 3632 1389 sint.

2040 1423 2160 1492 ,Vos
2193 1438 2378 1494 porro,
2417 1424 2748 1489 beatissimi,
2779 1426 2992 1489 eadem,
3032 1441 3098 1482 ac
3127 1425 3193 1482 iis
3226 1427 3383 1495 plura
3428 1425 3634 1481 dixeri-

2050 1514 2141 1580 tis,
2173 1515 2279 1570 hoc
2304 1516 2369 1570 ad
2405 1516 2508 1571 alia
2551 1515 2920 1586 deplorantes,
2964 1516 3109 1588 quod
3149 1517 3222 1572 sit
3251 1526 3532 1584 negatum,
3576 1527 3635 1572 ut

359 1609 738 1682 παμμάκαρος
792 1603 1058 1674 αὐτοψίας
1084 1641 1100 1667 ,
1167 1603 1264 1658 καὶ
1323 1601 1750 1672 ἀποκλαιόμενοι
1775 1640 1790 1665 ,
1849 1604 1922 1654 κα

2047 1613 2132 1661 ter
2163 1607 2305 1662 beati
2338 1608 2438 1662 viri
2465 1608 2720 1663 transitui
2753 1617 3052 1678 praesentes
3073 1609 3286 1664 essetis.
3315 1609 3631 1675 Enimvero,

359 1676 781 1772 ἀποδυρόμενοι.
828 1696 965 1752 Ἀλλ’
999 1691 1094 1750 οὖν
1121 1695 1212 1748 διὰ
1259 1694 1370 1748 τῶν
1406 1692 1806 1758 ἀκουσθέντων,
1846 1691 1922 1746 κα

2045 1697 2426 1765 consolamini,
2454 1713 2552 1769 per
2572 1714 2635 1754 ea
2667 1714 2790 1770 qu:e
2822 1699 3054 1754 audistis
3096 1708 3152 1754 et
3179 1702 3437 1770 speratis,
3471 1699 3632 1755 refri-

357 1793 732 1864 ὲλπιζομένων
794 1781 1227 1861 παρηγορήθητε
1283 1785 1381 1840 καὶ
1427 1783 1770 1852 ἀναψύξατε,
1846 1783 1922 1838 κα

2042 1787 2302 1857 gerioque
2326 1789 2557 1855 alacres,
2591 1789 2864 1859 reliquum
2903 1791 3106 1846 bonum
3133 1807 3354 1846 cursum
3385 1800 3627 1846 vestrum

358 1887 498 1958 πρὸς
517 1885 578 1940 τὸ
603 1883 731 1954 ἑξῆς
761 1882 952 1953 ἔχεσθε
983 1881 1082 1935 τοῦ
1113 1879 1282 1934 καλοῦ
1313 1877 1471 1948 ὑμῶν
1486 1876 1692 1950 δρόμου
1724 1876 1922 1945 ἀνολιγ¹

2043 1879 2277 1949 impigre
2304 1882 2700 1951 prosequimini
2732 1899 2746 1934 :
2780 1883 2946 1936 etiam
2988 1882 3362 1938 indesinenter
3399 1897 3498 1954 pro
3528 1897 3630 1937 no-

353 1979 550 2051 ὡρως⁹
587 1977 876 2048 εὐχόμενοι
911 1975 1020 2043 acati}
1047 1973 1189 2044 ὑπὲρ
1231 1972 1331 2044 τῆς
1356 1968 1741 2032 ταπεινώσεως
1780 1969 1922 2040 ἡμῶτ

2039 1980 2150 2026 stra
2181 1973 2490 2028 humilitate
2517 1983 2826 2042 precantes,
2857 1974 3079 2045 quando
3108 1983 3164 2028 et
3185 1990 3286 2030 nos
3312 1991 3412 2045 pro
3447 1975 3628 2029 hono-

353 2069 740 2132 ἀδιαλείπτως,
790 2067 914 2121 ἐπεὶ
960 2063 1056 2119 καὶ
1096 2065 1256 2136 ἡμεῖς
1299 2061 1442 2133 ὑπὲρ
1488 2061 1592 2131 τῆς
1624 2060 1922 2132 τιμιότητος

2038 2061 2208 2116 randa
2246 2072 2426 2118 vestra
2453 2064 2721 2118 charitate
2756 2085 2768 2118 :
2808 2079 3124 2135 quanquam
3157 2065 3409 2120 videatur
3442 2066 3494 2122 id
3527 2081 3628 2118 au-

353 2162 513 2232 ὐμῶν
532 2200 550 2227 ,
589 2161 639 2214 εί
673 2160 772 2214 καὶ
791 2156 1108 2229 τολμηρῶς.
1139 2157 1330 2210 Πᾶσαν
1361 2151 1517 2224 ὑμῶν
1545 2152 1646 2222 τὴν
1685 2151 1934 2206 συνοδίαν

355 2257 494 2328 μετὰ
551 2256 646 2310 καὶ
687 2253 800 2318 πῶν
840 2252 1046 2306 λοιπῶν
1091 2248 1405 2318 ἅδελςρικῶς
1455 2245 1939 2318 προσαγορεύομεν

349 2351 420 2406 δι’
449 2349 624 2422 ὑμῶν.
662 2350 725 2402 Οἱ
760 2350 857 2402 σὺν
888 2347 1044 2419 ἡμῖν,
1077 2345 1309 2420 πλεῖστα
1330 2341 1802 2415 προσαγορεύουσι
1839 2340 1940 2393 τὶεν

351 2443 664 2515 ἁγιωσύνην
704 2441 882 2514 ὑμῶν.

422 2583 470 2615 ³⁵
500 2579 658 2636 Rom.
693 2595 771 2645 ix,
810 2577 896 2632 l9.

2043 2151 2358 2209 daciuscule
2383 2154 2588 2209 dictum
2612 2171 2625 2206 :
2653 2154 2756 2210 Per
2782 2171 2900 2220 vos,
2927 2157 3167 2213 fraterne
3187 2160 3367 2215 saluto
3383 2169 3624 2214 vestrum

2043 2259 2264 2300 omnem
2322 2256 2650 2300 conventum
2696 2259 2820 2301 cum
2872 2247 3122 2318 reliquis.
3178 2249 3278 2317 Qui
3335 2249 3624 2305 nobiscum

2042 2348 2173 2394 sunt
2238 2337 2437 2395 fratres
2487 2339 2784 2409 plurimum
2839 2341 3081 2396 salutant
3135 2343 3480 2398 sanctitatem
3537 2358 3624 2398 ve-

2041 2441 2234 2488 stram.

432 2738 1473 2772 Wo;
1503 2726 3589 2758 md“

1063 2891 1148 2954 IN
1191 2881 1826 2958 SUBSEQUENTEM
1876 2882 2886 2946 NABRATIONEMMONITUM.

415 3032 496 3089 Ad
529 3047 644 3088 rem
675 3034 998 3090 canonicam
1032 3035 1189 3090 valde
1220 3033 1457 3105 pertinet
1505 3032 1752 3088 narratio
1810 3029 2057 3102 quzedam
2103 3029 2314 3085 dissidii
2361 3029 2446 3084 vel
2501 3031 2686 3102 potius
2723 3029 3039 3086 schismatis
3072 3028 3344 3085 Theodori
3389 3027 3616 3082 Studitae

345 3137 374 3176 a
406 3121 624 3176 duobus
654 3121 984 3192 patriarchis
1019 3120 1250 3178 Tarasio
1269 3130 1324 3177 et
1359 3121 1703 3192 Nicephoro,
1731 3121 1875 3190 quod
1910 3135 1941 3175 a
1982 3117 2160 3174 Studii
2204 3119 2400 3175 deinde
2457 3121 2744 3176 monachis
2805 3119 2968 3190 paulo
3021 3119 3190 3174 ditius
3233 3119 3611 3174 continuatum

343 3207 469 3264 fuit.
499 3207 576 3262 Ea
609 3223 734 3264 cum
765 3209 902 3264 mihi
929 3218 1224 3280 conspecta
1259 3207 1424 3264 fuerit
1452 3211 1506 3264 in
1547 3209 1683 3265 Cod.
1721 3207 1841 3262 Vat.
1876 3208 2102 3278 praecisa
2134 3209 2430 3265 admodum
2456 3212 2521 3280 fet
2553 3211 2690 3266 satis
2715 3210 2887 3276 utilis,
2929 3208 3057 3264 nolo
3081 3207 3334 3264 fraudare
3355 3207 3610 3272 lectores,

343 3311 497 3352 meos
526 3297 592 3350 de
623 3295 726 3352 hac
759 3297 1143 3353 ecclesiasticae
1161 3297 1406 3354 historiae
1434 3297 1725 3368 particula.
1756 3325 1826 3338 -κ
1854 3296 1988 3350 Anc.
2025 3293 2134 3350 MAI
2166 3295 2420 3370 Spicileg.
2456 3296 2616 3352 Rom.
2657 3308 2696 3353 t.
2741 3297 2851 3364 VII,
2884 3313 2940 3367 p.
2983 3314 3136 3352 xxxx.

342 3517 483 3588 Περὶ
526 3513 822 3584 Ταρασιου
849 3513 947 3568 καί
969 3515 1314 3594 Νικηφόρον
1345 3514 1464 3572 τῶν
1490 3518 1562 3573 ἐν
1591 3518 1784 3590 ἁγίοις
1808 3537 1921 3575 πα·
1948 3528 1991 3587 c

963 3601 1279 3653 τριαρχων.

410 3703 538 3757 Ὅτι
567 3701 844 3774 Ταράσιος
886 3700 982 3755 xui.
1020 3701 1338 3772 Νικηφόρος
1369 3703 1419 3755 οἱ
1448 3702 1686 3773 ἀοίδιμοι
1726 3721 1924 3776 πατρι-

344 3795 512 3866 ἀρχαι
583 3791 900 3863 οἰκονομίας
959 3791 1114 3856 τινὰς
1176 3794 1492 3861 ἀναγκαίως
1550 3797 1876 3869 ἐποιήσαντο
1901 3839 1918 3865 ,

336 3885 408 3940 δι’
441 3885 508 3947 ἃς
537 3884 632 3938 καὶ
660 3884 960 3961 ἀπέσχισεν
983 3884 1176 3939 ἑαυτὸν
1200 3887 1264 3942 ἐκ
1301 3887 1404 3958 τῆς
1455 3887 1664 3942 τούτων
1720 3907 1918 3946 κοινω-

336 3978 456 4042 νίας
492 3980 522 4032 ὁ
562 3979 622 4030 ἐν
674 3977 853 4046 ἁγίοις
908 3977 1188 4050 Θεόδωρος
1243 3980 1272 4033 ό
1322 3981 1637 4054 Στουδίτης,
1681 3981 1758 4046 ὡς
1816 3983 1914 4056 ἤδη

335 4067 806 4140 παρεδηλώσαμεν
830 4087 845 4101 ·
909 4069 1160 4141 βούλεται
1194 4067 1288 4126 οὖν
1335 4073 1365 4127 ὁ
1393 4071 1551 4142 λόγος
1582 4073 1792 4135 ταύτας
1836 4075 1912 4128 διο

332 4161 664 4234 ηγὴσασοαι.
707 4162 766 4216 Ὀ
820 4162 931 4235 γὰρ
962 4161 1217 4235 βασιλεὺς
1263 4165 1694 4233 Κωνσταντῖνος,
1743 4168 1772 4221 ὁ
1815 4166 1916 4237 τῆς

2151 3519 2227 3574 De
2254 3521 2453 3574 sanctis
2482 3520 2804 3590 patriam/iis
2833 3519 3053 3574 Tarasio
3077 3529 3128 3575 et
3158 3519 3482 3592 Nicephoro.

2100 3705 2436 3761 Patriarchae
2474 3705 2718 3760 celebres
2751 3703 3016 3760 Tarasius
3066 3712 3231 3775 atque
3263 3704 3608 3776 Nicephorus

2027 3795 2468 3862 dispensatioues
2505 3794 2773 3864 quasdam
2824 3793 3091 3860 fecerunt,
3153 3812 3387 3865 quarum
3435 3812 3602 3852 causa

2035 3885 2311 3956 separavit
2341 3899 2402 3940 se
2431 3885 2501 3940 ab
2535 3884 2755 3938 illorum
2775 3885 3160 3942 communione
3189 3897 3410 3944 sanctus
3427 3888 3604 3943 Theo-

2023 3981 2193 4035 dorus
2222 3977 2464 4041 Studita,
2507 3985 2568 4034 ut
2605 3977 2718 4048 jam
2771 3978 3222 4050 significavimus.
3274 3977 3373 4035 Rei
3437 3980 3603 4058 igitur

2025 4070 2257 4125 historia
2307 4068 2594 4141 pandenda
2652 4079 2757 4123 est.
2814 4067 3118 4138 Imperator
3181 4069 3600 4137 Constantinus,

2025 4164 2293 4236 religiosa
2338 4163 2521 4220 lrenes
2543 4162 2708 4231 filius,
2739 4177 2912 4218 uxore
2943 4177 3042 4218 sua
3065 4162 3258 4232 ejecta,
3281 4169 3337 4218 et
3360 4177 3458 4233 per
3489 4164 3597 4220 vim

1867 4261 2101 4320 ΝΟΤᾹΣ.

330 4376 691 4452 κεχρισμένος
717 4372 788 4452 ἦν
817 4376 1229 4450 ἀρχιερωσύνης
1247 4377 1643 4452 τῷίχρίσματιοί
1662 4379 1741 4436 sic
1765 4380 1910 4436 enim

328 4450 598 4522 ego’cuin
619 4463 726 4503 ms.
747 4450 1057 4522 jungerem,
1083 4464 1202 4522 non
1229 4458 1290 4522 ut
1330 4451 1537 4522 habent
1583 4451 1753 4522 edita,
1784 4467 1908 4506 cum

329 4519 690 4592 sequentibus
747 4521 815 4592 de
838 4519 1156 4592 _martyrio,
1194 4520 1276 4592 ad
1309 4520 1459 4591 quod
1492 4521 1732 4576 chrisma
1779 4522 1909 4576 illud

331 4589 655 4658 pontificum
700 4589 1074 4662 accidentario
1115 4589 1299 4656 habet,
1330 4589 1622 4662 communi
1659 4593 1906 4662 martyrii

330 4664 518 4717 laurea
557 4662 708 4715 omni
753 4661 1035 4714 hominum
1067 4662 1234 4714 statui
1265 4669 1320 4716 et
1346 4661 1556 4729 ordini;
1589 4678 1690 4718 nec
1724 4661 1910 4718 minus

330 4734 396 4787 ad
425 4745 617 4785 omnes
655 4729 913 4792 habente,
941 4744 1108 4800 quam
1141 4730 1338 4786 habeat
1363 4731 1565 4787 Christi
1595 4732 1900 4797 eharitas,m

329 4818 436 4874 qua
480 4810 584 4866 est,
623 4808 702 4874 ut
753 4804 1074 4874 martyrium
1116 4801 1222 4874 sit;
1279 4811 1540 4874 operante
1594 4803 1651 4874 in
1699 4818 1794 4874 eo,
1828 4812 1905 4874 ut

327 4869 530 4928 Christi
561 4872 816 4942 passione
841 4869 938 4942 per
963 4869 1329 4942 imitationem
1351 4872 1553 4942 operis,
1590 4872 1664 4926 ita
1696 4871 1900 4942 Spiritu

326 4954 519 4995 saneto
544 4940 638 5011 per
664 4940 1007 5008 potissimum
1037 4940 1346 4996 dileCtiouis
1371 4940 1644 5002 allectum,
1669 4940 1905 4999 ut'scite

325 5011 520 5064 doctor
571 5021 762 5080 noster
806 5012 1088 5079 angelicus
1114 5011 1166 5065 '5.
1210 5027 1261 5080 p.
1291 5027 1350 5080 q.
1379 5011 1468 5066 66.
1502 5027 1531 5065 a
1564 5013 1652 5067 12.
1677 5011 1794 5066 Non
1823 5016 1903 5069 sic

324 5079 408 5153 τὸ,
461 5079 754 5153 θεοφόρον·
801 5083 896 5153 sed
942 5083 1009 5136 iis
1043 5082 1189 5134 velut
1213 5079 1504 5151 proprium
1555 5092 1658 5146 est.
1699 5084 1900 5153 quibus

325 5151 619 5225 Apostolus
639 5151 946 5225 doctrinam
975 5160 1046 5225 _ut
1096 5153 1371 5222 propriam
1415 5153 1601 5206 tribuit
1649 5173 1662 5208 :
1708 5151 1903 5225 nempe

324 5221 717 5294 pastoribuset
745 5222 1018 5294 episcopis
1044 5221 1232 5294 Aquuos
1257 5232 1509 5292 oporteat
1549 5225 1618 5277 ab
1665 5226 1777 5294 ipsa
1812 5221 1903 5280 ra-

326 5292 475 5345 tione
499 5291 661 5345 ollicii
701 5307 822 5346 esse
870 5292 976 5345 Deo
1001 5291 1232 5357 amatos,
1265 5291 1330 5348 ac
1375 5309 1471 5348 ceu
1517 5291 1734 5349 amante
1789 5295 1900 5352 Deo

325 5362 520 5416 docere
544 5360 817 5430 subjectas
849 5363 1052 5433 plebes;
1086 5373 1142 5416 ut
1165 5363 1258 5416 alii
1279 5377 1504 5428 omnes,
1541 5368 1654 5420 sive
1698 5365 1900 5424 Dama-1

324 5445 544 5497 scenus,
562 5433 1031 5502 sivefl‘heodorus.
1053 5433 1168 5488 sive
1191 5433 1480 5499 Maximus,
1509 5445 1605 5490 aut
1623 5437 1894 5502 Ephraem,

323 5511 640 5578 nosterque
661 5500 1052 5578 Hieronymus,
1082 5519 1146 5558 ac
1174 5513 1444 5578 quotquot
1467 5522 1588 5578 non,
1627 5500 1890 5578 episcopi,

323 5585 448 5648 vere
471 5572 730 5648 ⁸θεοφόροι
763 5583 816 5628 et
841 5572 942 5648 ipsi
966 5572 1209 5648 luerunt,
1237 5576 1409 5648 velut
1449 5572 1685 5644 quadam
1721 5572 1888 5648 parti-

317 5641 936 5713 cipationeqpastora’lis
964 5645 1110 5706 illius
1169 5644 1417 5768 spiritus,
1464 5641 1738 5718 ejusmodi
1767 5649 1888 5704 fue-

320 5713 433 5768 rint
470 5731 484 5768 :
519 5714 664 5768 velut
690 5713 935 5768 s'eniores
965 5716 1166 5768 auibus
1219 5717 1460 5768 )ominus
1493 5723 1560 5768 de
1582 5718 1745 5768 Musis
1777 5721 1885 5768 sni-

320 5713 433 5780 rint
470 5731 484 5770 :
519 5714 664 5770 velut
690 5713 935 5772 s'eniores
965 5716 1166 5788 quibus
1199 5713 1460 5772 Dominus
1492 5713 1560 5773 ile
1581 5718 1745 5776 Musis
1777 5721 1885 5796 spi~

2013 4380 2144 4441 ritu,
2183 4378 2430 4435 subsidio
2453 4379 2627 4432 eidem
2654 4376 2873 4434 futuris.
2900 4373 3132 4431 dederit.

2083 4452 2198 4518 (27)
2231 4451 2368 4514 Quia
2423 4459 2472 4504 et
2521 4458 2768 4503 naturam
2804 4447 3090 4518 discimus,
3134 4444 3194 4498 τὸ
3234 4444 3333 4518 τῆς
3363 4445 3586 4518 φύσεως

2009 4515 2374 4592 πανθάνομεν.
2389 4519 2546 4592 Velut
2565 4520 2732 4592 dicat,
2750 4516 2963 4592 afﬁcior
2973 4525 3182 4569 natura
3197 4515 3585 4592 aﬂeqionibus,

2008 4607 2070 4646 ac
2092 4586 2382 4662 praeséutio
2405 4593 2455 4644 in
2494 4591 2580 4646 his
2611 4589 2874 4652 adversis,
2895 4596 2948 4640 et
2973 4586 3249 4662 communi
3273 4586 3584 4662 afﬂictione,

2005 4655 2152 4732 quod
2179 4669 2260 4716 est
2290 4662 2548 4726 hominis,
2585 4672 2903 4732 quanquam
2934 4655 3274 4732 propositum
3297 4657 3585 4732 animisn-

2007 4725 2174 4788 blime
2222 4741 2306 4787 est
2328 4773 2342 4800 ,
2371 4748 2437 4786 ac
2481 4725 2546 4785 ad
2578 4725 2820 4800 sanctam
2849 4725 3301 4800 illamAdmthstav
3331 4727 3580 4800 impellit.

1929 4786 1982 4846 D
2011 4786 2222 4858 Similia
2252 4786 2366 4857 fere
2400 4801 2597 4871 Sulpit.
2630 4799 2975 4871 delacrymis
3007 4797 3060 4850 in
3084 4796 3235 4850 obitu
3269 4786 3582 4871 boati'Marg

2011 4874 2139 4940 tini;
2165 4888 2265 4928 nec
2287 4888 2418 4927 vero
2447 4867 2738 4942 Apostolus
2758 4867 2852 4923 eas
2879 4869 3150 4942 lacrymas
3183 4867 3452 4936 prohibet,
3484 4870 3578 4942 sed

2009 4939 2198 5013 quales
2220 4953 2349 4998 sunt
2377 4939 2566 4997 eorum
2598 4941 2692 5012 qui
2715 4953 2864 5010 spem
2905 4954 3013 4993 non
3052 4939 3405 5013 habent,_au_t
3436 4940 3581 5013 velut

2011 5008 2116 5069 non
2144 5014 2406 5068 haberent
2429 5008 2888 5081 minus-castigate
2909 5017 2962 5065 et
2983 5008 3250 5081 modestia
3265 5008 3576 5071 Christiana

2008 5086 2381 5158 lacrymautur
2419 5093 2473 5139 et
2505 5079 2895 5158 lamentantur,
2937 5081 3085 5137 velut
3123 5079 3267 5135 facto
3316 5091 3576 5158 negantes

2007 5149 2467 5232 resurrectionem
2508 5173 2547 5232 ξ-
2551 5155 2604 5232 in
2635 5149 3279 5232 quos'ghrysostomus,“
3314 5151 3478 5232 hom.
3504 5149 3566 5205 2|

2007 5226 2061 5282 in
2092 5227 2252 5292 Acta,
2283 5227 2389 5282 eti
2419 5226 2473 5280 in
2509 5221 2681 5296 Epist.
2715 5227 2782 5280 atl
2810 5221 2975 5281 Hebr.
3002 5223 3091 5278 ubi
3123 5233 3178 5276 et
3216 5221 3589 5296 _divinissime-

2005 5307 2246 5370 enarrat,
2281 5298 2429 5370 quod
2474 5293 2713 5352 Ecclesia
2743 5299 2894 5370 velut
2935 5293 3397 5370 resurrectionem
3433 5306 3573 5362 prae-.-

2002 5368 2192 5443 dicans
2219 5370 2272 5423 in
2294 5365 2530 5443 fidelium
2555 5368 2849 5443 exsequiis,
2871 5365 3261 5443 suavissimum
3284 5370 3567 5443 personat:

2003 5439 2333 5506 Convertere,
2347 5441 2548 5505 anima,
2567 5441 2620 5493 in
2636 5432 2864 5510 requiem
2884 5448 3030 5490 tuam
3041 5477 3055 5503 ,
3069 5433 3194 5505 quia
3215 5432 3467 5485 Dominus
3481 5433 3568 5486 be.

2001 5511 2186 5576 nefecit
2213 5511 2328 5565 tibi.

2070 5571 2179 5652 (28)
2224 5581 2534 5652 [inmaniter
2558 5579 2789 5652 afﬂictos
2821 5596 2883 5634 ac
2914 5580 3115 5652 tristes,
3140 5571 3562 5652 ὲρικνωμέγους.

1995 5643 2117 5719 Ωιιό
2137 5643 2301 5722 sensu
2323 5643 2726 5722 llesycliio""l'b,
2751 5651 3071 5722 κνωμένων,
3089 5643 3562 5718 οείπονουμένων,

1993 5735 2044 5780 et
2069 5723 2148 5788 τὸ,
2177 5719 2394 5796 κνῆσαι,
2420 5719 2678 5790 λυπῆσαι.
