4122 6382
548 173 680 243 1851
1979 202 2098 262 ΑΡ]

2201 203 2386 266 ίῡῐΧ.
3678 215 3828 281 1852

541 300 728 360 tonsa,
757 294 922 352 aliam
955 297 1390 360 subintroduxit.
1419 303 1486 360 Et
1513 315 1742 364 sanctus
1769 309 1991 379 quidem
2017 311 2094 367 Ta

2201 318 2582 392 ,φιλοχρίστου
2627 322 2874 394 Εἰρήνης
2918 321 3054 391 υίὸς,
3103 323 3202 395 τὴν
3229 324 3424 379 ἑαυτοῦ
3458 323 3692 397 σύμϐιον
3727 328 3822 393 ἑξ-

537 383 742 452 rasius,
771 387 866 456 qui
903 395 1036 445 tunc
1065 392 1332 462 temporis
1359 393 1992 468 Constantinopolitanae
2019 399 2126 456 Ec-

536 473 718 530 clesia:
739 476 953 533 clavum
989 481 1406 550 moderabatur,
1441 501 1670 556 prorsus
1691 503 1798 544 non
1819 493 2122 559 consensit;

537 566 635 622 sed
659 568 904 624 ecclesia:
931 572 1217 644 presbyter
1253 576 1502 646 quidam,
1552 579 1776 635 nomine
1822 579 2120 654 Josephus,

534 656 659 714 illos
686 662 991 717 coronavit.
1028 661 1186 720 Tunc
1221 682 1352 736 ergo
1381 683 1613 740 magnus
1652 668 1980 730 Theodorus
2018 675 2120 730 im-

531 759 839 820 peratorem
877 753 1064 809 divino
1093 757 1210 810 zelo
1243 769 1556 815 commotus
1590 767 2113 834 excommunieavit,

529 852 587 899 et
623 858 723 899 ceu
750 847 994 915 graviter
1018 856 1209 905 contra
1239 850 1332 920 jus
1356 860 1609 922 agentem
1650 856 1953 928 redarguit,
1990 861 2116 918 aliis

529 935 721 990 multis
757 940 1095 1008 prepositum
1125 941 1246 1013 ejus
1293 943 1585 1015 zelumque
1607 951 1946 1006 sectantibus
1983 970 1998 1007 :
2038 955 2116 1010 si-

529 1028 755 1098 mulque
808 1032 1082 1101 separavit
1113 1049 1172 1088 se
1219 1035 1288 1090 ab
1314 1035 1562 1093 Ecclesia
1595 1048 1650 1094 et
1689 1055 1720 1094 a
1762 1046 2111 1117 patriarcha;

527 1121 657 1190 quia
702 1121 916 1179 etiamsi
959 1126 1167 1196 nuptiis
1211 1128 1416 1184 illicitis
1461 1147 1569 1188 non
1615 1142 1973 1194 consenserat
2013 1157 2112 1210 pa-

525 1212 788 1280 triarcha,
816 1217 959 1272 haud
999 1228 1179 1273 tamen
1213 1231 1404 1276 contra
1428 1221 1622 1290 iverat,
1657 1245 1833 1299 neque
1860 1232 2110 1288 divinum

525 1305 700 1360 zelum
741 1308 1005 1366 adversus
1036 1312 1418 1382 imperatorem
1463 1322 1596 1375 tanti
1623 1321 1809 1393 ﬂagitii
1835 1340 1988 1380 reum
2011 1342 2110 1380 ex-

523 1410 890 1469 prompserat.
920 1401 1027 1458 Sed
1057 1417 1346 1478 postquam
1383 1410 1494 1467 Deo
1539 1414 1752 1471 vindice
1785 1416 2134 1496 Constantis

525 1507 630 1547 nus
665 1505 970 1552 excaecatus
1023 1497 1150 1564 fuit,
1181 1511 1236 1555 et
1291 1502 1456 1573 hujus
1496 1521 1716 1578 quoque
1752 1520 1927 1566 mater
1955 1511 2108 1568 lrene

523 1580 755 1652 imperio
783 1588 1003 1655 excidit,
1057 1590 1104 1647 is
1137 1593 1231 1664 qui
1264 1594 1405 1652 hanc
1462 1599 1680 1656 insidiis
1727 1607 2104 1660 exauctoravit

519 1669 868 1745 Nicephorus
913 1690 1129 1750 sceptro
1159 1662 1407 1754 potitus,
1461 1687 1606 1745 inter
1655 1691 1763 1747 alia
1813 1708 2102 1765 perperam
2136 1662 2180 1717 Β

520 1775 852 1836 perpetrata,
893 1785 1116 1842 operam
1165 1777 1315 1830 dedit
1368 1785 1427 1832 ut
1467 1781 1762 1848 praedictus
1815 1788 2106 1860 presbyter

518 1849 812 1922 Josephus,
848 1857 960 1928 jam
994 1865 1168 1919 sacris
1187 1869 1470 1935 exclusus,
1511 1887 1705 1928 rursus
1727 1873 1784 1928 in
1808 1877 2101 1933 ecclesiam

520 1945 879 2015 reciperetur.
907 1949 1046 2007 Tum
1075 1966 1298 2015 sanctus
1331 1959 1698 2031 Nicephorus,
1744 1969 1948 2023 mortui
1985 1969 2099 2039 jam

519 2033 733 2093 Tarasii
763 2057 1076 2112 successor,
1116 2047 1413 2121 Nicephori
1451 2054 1800 2126 imperatoris
1830 2064 2101 2118 voluntati

518 2129 929 2199 eondescendit,
954 2145 1007 2192 et
1041 2139 1344 2211 Josephum
1373 2147 1618 2203 admisit.
1676 2149 1852 2216 Quam
1881 2155 2100 2211 ob'rem

519 2234 716 2276 rursus
759 2239 990 2294 magnus
1027 2227 1354 2290 Theodorus
1389 2237 1460 2290 ab
1504 2238 1672 2308 hujus
1701 2257 1918 2314 quoque
1949 2260 2103 2301 com-

519 2315 782 2371 munione
821 2328 996 2374 semet
1035 2327 1290 2381 secrevit.
1341 2327 1409 2384 Et
1455 2332 1677 2401 quidem
1714 2335 1828 2404 jam
1863 2337 1989 2395 inde
2032 2341 2102 2396 ab

520 2403 679 2460 initio
721 2420 948 2467 sanctus
996 2412 1318 2475 Theodorus
1384 2421 1731 2492 iniquitatem
1789 2427 1935 2484 illam
1988 2447 2100 2489 non

523 2498 764 2568 tulerat;
816 2519 1132 2577 quanquam
1190 2511 1587 2573 Constantinus
1636 2517 1939 2590 imperator
1986 2541 2104 2581 mu-

519 2605 650 2645 nera
715 2609 935 2666 quoque
987 2598 1282 2671 obtulerat,
1335 2620 1573 2679 eumque
1622 2613 1850 2670 omnino
1884 2617 2103 2687 placare

517 2690 788 2754 sategerat
809 2696 922 2744 tum
951 2693 1066 2760 ipse
1087 2695 1278 2765 perjse,
1305 2705 1419 2752 tum
1437 2714 1532 2768 per
1557 2701 1716 2769 alios,
1731 2714 1787 2761 et
1811 2722 1907 2777 per
1925 2709 2100 2779 ipsam

517 2772 754 2844 denique
782 2776 1124 2850 illegitimam
1162 2785 1480 2857 cenjugem,
1514 2805 1638 2860 quaa
1659 2772 1963 2854 Theodoro
1983 2811 2102 2857 erat

516 2865 694 2925 aﬂinis
730 2887 743 2924 :
782 2888 961 2944 neque
990 2876 1143 2942 item,
1177 2883 1506 2952 gravissima
1545 2889 1736 2945 abillo
1778 2907 2098 2963 perpessus,

2228 411 2398 479 ώσας,
2419 413 2516 468 καὶ
2533 415 2838 485 ἀποκείρας
2853 415 3096 470 ἄκουσαν
3115 417 3297 489 καὶμὴ
3321 417 3676 490 βουλομένην,
3695 419 3821 473 ἐ.τέ-

2230 523 2331 576 ραν
2361 507 2476 559 ἀντ’
2497 506 2670 577 αὐτῆς
2695 507 2940 576 ἠγάγετο
2964 525 2976 538 ·
3003 510 3102 562 καὶ
3127 512 3156 562 6
3187 510 3287 580 μὲν
3337 509 3494 579 ἅγιος
3537 511 3820 582 Ταράσιος

2231 591 2408 667 (οὗτος
2437 593 2640 669 γὰρῆν
2663 599 2968 670 τηνικαῦτα
2997 601 3128 664 τοὺς
3152 600 3347 664 οίακας
3381 601 3576 657 ίθύνων
3628 602 3734 674 τῆς
3757 603 3818 655 ὲν

2224 689 2809 742 Κωνσταντινουπὸλει
2855 691 3210 760 Ἐκκλησίας.
3245 691 3382 756 ὅλως
3407 694 3490 758 είς
3534 691 3694 747 τοῦτο
3747 693 3812 746 οὐ

2224 781 2620 852 συνευδόκησεν
2641 797 2656 814 ο
2684 781 2821 836 ἀλλὰ
2838 782 3214 856 πρεσϐύτερός
3241 801 3328 848 τις
3349 787 3451 855 τῆς
3478 784 3813 853 Ἐκκλησία

2220 874 2396 946 δνομα
2441 873 2664 946 Ἰωσὴφ,
2691 875 3074 945 ἐστεφάνωσεν
3103 875 3303 940 αὐτούς
3333 892 3347 906 ·
3380 877 3508 930 τότε
3532 894 3538 898 ‘
3563 877 3747 930 τοίνυν
3780 879 3812 930 6

2223 967 2396 1037 μέγας
2432 965 2708 1038 Θεόδωρος
2733 966 2824 1020 τὸν
2859 965 3087 1037 βασιλέα
3117 966 3218 1038 μὲν
3253 969 3606 1040 ἀπεκήρυξεν
3658 969 3813 1041 ζήλῳ

2218 1058 2348 1130 θείῳ
2377 1058 2836 1128 κινούμενος,κα“ί
2864 1059 2941 1122 ὡς
2965 1060 3028 1114 οὐ
3061 1059 3298 1130 μετρίως
3327 1062 3809 1132 παρανομήσαντα

2217 1149 2470 1221 ἤλεγξεν,
2507 1149 2995 1221 ἀκολουθησάντων
3023 1151 3103 1221 τῷ
3131 1151 3298 1205 αὑτοῦ
3355 1151 3548 1223 σκοπῷ
3602 1171 3662 1206 τε
3707 1154 3808 1206 καὶ

2214 1241 2359 1314 ζήλῳ
2381 1243 2476 1296 καὶ
2493 1242 2670 1296 ἄλλων
2696 1243 2983 1296 πλειόνωνο
3006 1241 3318 1315 ἀφώρισεδὲ
3343 1244 3538 1298 ἑαυτὸν
3549 1245 3648 1314 τῆς
3677 1245 3809 1298 ἐκ-

2213 1334 2444 1405 κλησίας
2474 1334 2570 1390 καὶ
2593 1335 2688 1388 τοῦ
2714 1338 3063 1408 πατριάρχου
3101 1352 3115 1366 ·
3143 1336 3279 1390 διότι
3306 1338 3352 1390 εί
3380 1338 3476 1392 καὶ
3503 1337 3580 1409 μὴ
3601 1355 3800 1392 συνευ-

2211 1426 2440 1498 δόκησεν
2487 1429 2567 1491 εἰς
2624 1429 2718 1482 τὸν
2763 1428 3085 1500 παράνομον
3139 1430 3318 1499 γάμον
3350 1432 3378 1483 6
3421 1431 3801 1501 πατριάρχης,

2210 1520 2324 1575 ἀλλ’
2347 1520 2457 1574 οὐδ’
2489 1520 2806 1590 ἐπεξῆλθεν,
2822 1521 2944 1574 οὐδὲ
2959 1521 3122 1590 ζῆλον
3139 1521 3281 1576 θεῖον
3305 1522 3623 1588 ἐπεδείξατο
3655 1524 3806 1578 κατὰ

2208 1611 2303 1664 τοῦ
2351 1611 2674 1682 τηλικοῦτον
2727 1615 2882 1678 μῖσος
2912 1613 3291 1684 ἐργασαμένου
3325 1613 3612 1683 βασιλέως.
3653 1614 3802 1668 Ἀλλ’

2210 1703 2348 1774 μετὰ
2403 1704 2504 1774 τὴν
2560 1706 2626 1758 ὲκ
2679 1705 2832 1768 θείας
2881 1705 3038 1776 δίκης
3087 1705 3166 1776 τῷ
3204 1707 3597 1776 Κωνσταντίνῳ
3631 1709 3802 1764 ὲπεν-

2207 1793 2459 1865 εχθείσαν
2481 1793 2780 1864 τύφλωσιν,
2796 1797 2892 1848 καὶ
2907 1797 3008 1866 τὴν
3026 1797 3091 1850 ὲκ
3112 1795 3212 1866 τῆς
3231 1795 3510 1865 βασιλείας
3531 1795 3801 1865 καθαίρε-

2208 1903 2294 1942 σιν
2327 1889 2562 1960 Εἰρήνης
2589 1889 2689 1958 τῆς
2723 1888 2912 1944 τούτου
2942 1889 3170 1960 μητρὸς,
3195 1891 3225 1942 6
3252 1888 3459 1960 ταύτην
3482 1887 3544 1953 ἐξ
3572 1887 3798 1943 ἐπιδου-

2205 1980 2305 2051 λῆς
2331 1981 2578 2034 καθελὼν
2631 1981 2950 2052 Νικηφόρος
3007 1982 3118 2036 τῶν
3154 1983 3451 2054 σκήπτρων
3512 1980 3798 2053 ἐγκρατὴς

2204 2072 2518 2142 γενόμενος,
2551 2075 2687 2143 μετὰ
2714 2072 2825 2128 τῶν
2855 2073 3032 2128 ἄλλων
3056 2066 3131 2126 ὧν
3161 2075 3262 2127 οὐκ
3286 2073 3503 2141 εὐαγῶς
3529 2071 3794 2142 ἔπραξεν,

2205 2161 2504 2227 ἐσπούδαζε
2536 2164 2631 2218 καὶ
2661 2165 2754 2216 τὸν
2781 2163 3156 2236 προλεχθέντα
3185 2163 3561 2234 πρεσϐύτερον
3589 2162 3795 2232 Ἰωσὴφ

2202 2253 2594 2326 καθῃρημένον
2632 2255 2757 2326 ἤδη,
2785 2256 3046 2326 δεχθῆναι
3072 2255 3237 2310 πάλιν
3269 2257 3328 2311 ἐν
3378 2258 3446 2328 τῇ
3476 2254 3749 2324 ἐκκλησίᾳ
3774 2268 3790 2281 ·

2203 2349 2231 2401 ὁ
2268 2348 2325 2401 δὲ
2367 2351 2428 2402 ὲν
2454 2349 2630 2417 ἁγίοις
2654 2350 2994 2420 Νικηφόρος,
3030 2351 3415 2421 διαδεξάμενος
3448 2348 3551 2420 ήδη
3597 2347 3791 2400 τελευ-

2202 2439 2448 2510 τήσαντα
2472 2440 2564 2493 τὸν
2590 2441 2884 2512 Ταράσιον,
2919 2441 3232 2512 συγκατέόη
3284 2443 3351 2512 τῇ
3381 2438 3478 2494 τοῦ
3522 2437 3794 2509 βασιλέως

2203 2532 2524 2604 Νικηφόρον
2563 2533 2788 2603 σπουδῇ,
2827 2535 2921 2587 καὶ
2951 2533 3259 2600 εἰσεδέξατο
3279 2532 3369 2585 τὸν
3410 2533 3610 2601 Ἰωσήφ
3632 2546 3648 2561 ο
3667 2530 3793 2584 ὅθεν

2203 2623 2368 2678 πάλιν
2397 2627 2425 2677 6
2461 2623 2643 2694 μέγας
2658 2624 2933 2695 Θεόδωρος
2951 2625 3045 2677 καὶ
3073 2625 3139 2678 ὲκ
3165 2625 3265 2694 τῆς
3289 2623 3483 2676 τούτου
3501 2621 3789 2684 κοινωνίας

2203 2714 2618 2786 ἀπορρἡνυται
2635 2727 2648 2742 ·
2669 2714 2784 2767 ἀλλ’
2814 2714 2980 2778 αὐτὸς
3005 2714 3107 2784 μὲν
3158 2716 3188 2768 6
3209 2715 3268 2766 ὲν
3296 2713 3476 2782 ἁγίοις
3509 2712 3791 2794 Θεόδωρος

2203 2806 2329 2861 οὔτε
2363 2807 2424 2873 ἐξ
2455 2808 2719 2880 ἀρχῆςτῇ
2764 2809 3084 2881 παρανομία
3138 2807 3433 2861 συνθέσθαι
3488 2807 3791 2878 ἠνέσχετο,

2205 2900 2414 2971 καίπερ
2444 2899 2539 2953 τοῦ
2569 2899 2840 2971 βασιλέως
2865 2899 3284 2955 Κωνσταντίνου
3310 2901 3405 2954 καὶ
3433 2898 3585 2970 δῶρα
3646 2915 3788 2970 προ-

515 2961 710 3016 exsilia
754 2964 984 3034 scilicet,
1034 2984 1314 3039 carceres,
1368 2975 1584 3050 longam
1639 2980 1860 3050 famem,
1926 2987 2098 3058 plagis

2201 2989 2493 3056 τείνοντος,
2534 2992 2629 3044 καὶ
2660 2991 2932 3056 παντοίως
2959 2989 3305 3045 τιθασσεύειν
3351 2991 3518 3044 αὑτὸν
3581 2991 3793 3058 ἐπιχει-

514 3053 678 3108 etiam
705 3056 868 3113 dorso
900 3059 1142 3129 inﬂictis,
1187 3075 1240 3120 et
1276 3069 1612 3128 omnimodis
1639 3053 1998 3149 cruciatibus,
2031 3082 2100 3139 de

513 3144 698 3202 divino
729 3150 846 3204 zelo
876 3154 1175 3225 quidquam
1208 3163 1440 3233 remisit,
1464 3181 1642 3236 neque
1676 3172 1899 3241 segnius
1963 3176 2102 3232 resi-

511 3249 663 3297 stere
703 3244 857 3301 visus
886 3255 990 3304 est.
1033 3249 1289 3310 Profecto
1346 3259 1462 3314 leve
1524 3262 1694 3318 videri
1723 3279 1831 3320 non
1881 3277 2096 3337 poterat

515 3341 680 3390 tanta:
711 3338 930 3395 virtutis
966 3342 1084 3397 viro
1114 3344 1463 3407 Constantini
1504 3353 1798 3426 ﬂagitium,
1834 3361 1982 3432 quod
2024 3363 2096 3419 ab

513 3429 844 3500 imperatore
889 3438 1165 3510 inceptum
1236 3444 1303 3498 ad
1352 3445 1716 3515 plurimarum
1777 3453 2090 3512 animarum

512 3517 925 3578 subversionem
965 3525 1081 3595 jam
1120 3527 1484 3588 redundabat.
1544 3533 1760 3592 Etenim
1827 3543 2090 3600 mortales

512 3607 693 3678 mulli,
735 3617 1036 3681 praesertim
1079 3619 1144 3676 ad
1180 3621 1463 3680 libidinem
1505 3629 1687 3698 proni,
1733 3646 1925 3688 ansam
1966 3634 2092 3692 inde

511 3697 843 3770 abripientes
869 3706 933 3760 ad
969 3721 1098 3765 suas
1125 3712 1420 3782 explendas
1464 3717 1895 3789 intemperantes
1931 3725 2091 3795 cupi-

507 3787 724 3858 ditates,
765 3793 880 3864 jam
919 3807 1180 3871 tanquam
1215 3803 1386 3876 legem
1429 3787 1695 3879 ﬂagitium
1742 3787 2092 3886 imperatoris

505 3882 879 3953 sectabantur,
943 3890 1213 3962 legitimas
1264 3896 1514 3968 pellendo
1558 3915 1782 3967 uxores,
1819 3882 1890 3959 et
1949 3907 2086 3966 alias

505 3982 671 4042 prout
693 3977 892 4050 cuique
924 3984 1098 4054 magis
1117 3987 1406 4056 placebant
1430 3991 1534 4047 sibi
1570 3995 1911 4064 copulantes.
1935 3999 2088 4059 lianc

506 4076 713 4134 pestem
742 4068 857 4139 jam
891 4074 958 4128 ad
979 4075 1162 4146 plures
1206 4082 1458 4150 regiones
1490 4097 1807 4144 manantem
1853 4107 2086 4150 cernens

508 4171 743 4226 mag-"Is
773 4159 1117 4234 Theodorus,
1149 4175 1448 4229 commovit
1481 4177 1598 4247 ipse
1631 4195 1791 4235 suum
1820 4183 2086 4245 adversus

508 4247 898 4320 imperatorem
931 4257 1177 4316 divinum
1213 4265 1410 4333 zelum,
1444 4276 1504 4322 ut
1540 4270 1804 4341 diximus,
1841 4283 1895 4332 et
1918 4278 1985 4333 ad
2017 4281 2084 4335 li-

2207 3083 2423 3157 ροῦντος
2457 3081 2548 3136 διὰ
2576 3099 2636 3136 τε
2667 3081 2884 3147 ἑαυτοῦ,
2917 3081 3014 3135 καὶ
3039 3083 3106 3136 δι’
3131 3081 3360 3153 ἐτέρων,
3390 3081 3486 3134 καὶ
3511 3081 3582 3135 δι’
3613 3078 3792 3149 αὐτῆς

2199 3176 2265 3246 δὴ
2295 3176 2393 3247 τῆς
2417 3175 2674 3246 ἁθέσμως
2703 3173 2852 3245 αὑτῷ
2879 3175 3303 3244 συνοικησάσης,
3336 3171 3636 3241 συγγενοῦς
3691 3169 3790 3224 οὗ·

2201 3286 2303 3341 σης
2340 3268 2434 3322 τοῦ
2465 3269 2676 3338 Πατρΰς
2701 3285 2716 3298 ο
2744 3265 2869 3320 οὔτε
2917 3263 3074 3331 αὖθις
3101 3267 3169 3320 τὰ
3204 3265 3487 3321 δεινότατα
3543 3263 3787 3328 ὑποστὰς

2199 3363 2331 3433 παρ’
2355 3359 2519 3415 αὐτοῦ
2536 3362 2592 3412 ὲν
2609 3357 2868 3430 ὲξορίαις,
2884 3361 2978 3412 καὶ
2999 3361 3262 3429 είρκταϊς,
3281 3357 3377 3412 καὶ
3401 3356 3548 3428 λιμῷ
3564 3356 3790 3426 μακρῷ,

2197 3456 2436 3529 πληγαῖς
2469 3461 2528 3509 τε
2557 3459 2680 3520 ταῖς
2706 3455 2850 3511 κατὰ
2881 3456 2991 3510 τῶν
3019 3455 3227 3520 νώτων,
3251 3455 3347 3508 καὶ
3377 3454 3662 3516 παντοίαις
3684 3469 3791 3506 κα-

2198 3548 2426 3614 κώσεσι,
2457 3547 2742 3619 καθυφῆκέ
2768 3566 2821 3602 τι
2855 3547 2952 3602 τοῦ
2985 3547 3129 3602 θείου
3154 3545 3342 3619 ζήλου,
3378 3546 3412 3617 ἢ
3437 3545 3576 3608 ὅλως
3603 3545 3796 3616 ἡττων

2195 3638 2350 3710 ὤφθη
2381 3641 2483 3711 τὴν
2512 3640 2782 3696 ἔνστασιν.
2803 3641 2880 3694 Οὐ
2909 3640 3020 3712 γὰρ
3043 3636 3113 3710 ἦν
3150 3639 3386 3711 ἐλαφρὸν
3424 3639 3602 3693 δοκεῖν
3626 3633 3790 3708 ἀνδρὶ

2193 3731 2436 3802 τοσούτῳ
2450 3733 2548 3803 τὴν
2565 3735 2595 3786 ἀ
2604 3731 2767 3803 ρετὴν
2784 3731 2846 3785 τὺ
2861 3731 2954 3786 τοῦ
2970 3731 3383 3784 Κωνσταντίνου
3403 3729 3783 3801 παράπτωμα·

2197 3826 2294 3879 καὶ
2323 3824 2434 3896 γὰρ
2465 3825 2562 3878 ἀπ’
2591 3823 2756 3878 αὐτοῦ
2790 3823 2985 3878 τούτου
3013 3823 3110 3877 τοῦ
3145 3822 3411 3893 βασιλέως
3472 3821 3784 3894 ἀρξάμενον

2193 3919 2273 3981 εἰς
2301 3917 2692 3989 καταστροφὴν
2725 3915 2936 3988 μυρίων
2974 3915 3163 3986 ψυχῶν
3220 3915 3325 3986 ήδη
3380 3914 3733 3986 προέδαινειν
3756 3928 3780 3950 ε

2193 4007 2242 4060 oi
2270 4006 2381 4076 γὰρ
2412 4006 2599 4061 πολλοὶ
2624 4007 2736 4061 τῶν
2765 4005 3092 4079 ἀνθρώπιον,
3142 4007 3238 4060 καὶ
3263 4007 3463 4078 μᾶλλον
3490 4008 3539 4059 οι
3588 4008 3782 4076 ὲμπα-.

2192 4099 2459 4170 θέστεροι,
2491 4101 2745 4172 ἀφορμὴν
2763 4103 2827 4156 ἐκ
2847 4102 3039 4156 τούτου
3067 4101 3435 4173 λαμϐάνοντες
3463 4101 3543 4164 είς
3567 4099 3780 4172 ὲκπλήη

2197 4208 2365 4263 ρωσιν
2414 4191 2525 4246 τῶν
2556 4191 2874 4246 ἀκολάστων
2903 4192 3085 4247 αὐτῶν
3115 4192 3446 4263 ἐπιθυμιῶν,
3496 4191 3572 4253 ὡς
3626 4191 3786 4261 νόμῳ

2189 4280 2353 4352 δῆθεν
2382 4283 2448 4354 τῇ
2512 4281 2828 4354 παρανομίᾳ
2852 4281 2948 4336 τοῦ
2984 4283 3248 4354 βασιλέως
3276 4283 3514 4346 εἵποντο,
3549 4282 3650 4344 τὰς
3677 4280 3774 4351 μὲν

507 4357 633 4398 nem
675 4360 849 4416 usque
895 4349 1176 4410 dissensit.
1212 4356 1383 4413 Porro
1415 4374 1483 4415 ex
1527 4362 1690 4433 dictis
1733 4369 2082 4442 patriarchis,

2201 4349 2335 4432 κατᾶ
2368 4349 2534 4448 νόμον
2571 4349 2673 4449 ήδη
2723 4349 3117 4448 συζευχθε-ίσας
3157 4379 3343 4441 αὐτοῖς
3367 4377 3635 4445 γυναῖκας
3678 4375 3774 4426 ὲκ-

505 4437 667 4493 divus
701 4441 919 4509 quidem
967 4442 1229 4503 Tarasius
1269 4450 1391 4506 ideo
1427 4455 1838 4527 eondescendit,
1885 4471 1940 4518 et
1983 4437 2088 4522 hoe

507 4528 758 4601 iniquum
816 4532 1164 4592 Constantini
1224 4539 1440 4602 facinus
1508 4547 1898 4621 dissimulavit,
1953 4559 2083 4628 quia

505 4622 821 4680 minabatur
850 4625 990 4683 idem
1013 4629 1408 4693 Constantinus
1462 4639 1784 4714 imperator,
1829 4645 1936 4704 nisi
1971 4665 2086 4705 sua:

501 4717 769 4772 voluutali
799 4720 1016 4776 cederet
1038 4725 1372 4793 patriarcha.
1403 4746 1462 4786 se
1488 4735 1827 4804 superiorem
1845 4738 2084 4812 impera-

501 4815 684 4863 torum
709 4809 963 4868 haeresim
986 4815 1443 4883 instauraturum.
1476 4832 1530 4878 et
1555 4829 1894 4887 venerandas
1953 4849 2084 4888 sau-

501 4908 736 4972 etasque
783 4903 1051 4974 imagines
1093 4910 1274 4966 denuo
1303 4911 1736 4974 destructurum.
1787 4919 2082 4994 Propterea

502 4989 669 5062 igitur
702 4993 880 5049 visum
909 5005 994 5052 est
1019 4999 1069 5054 ei
1097 4999 1438 5072 aliquantum
1468 5005 1536 5062 de
1562 5007 1816 5067 districto
1839 4989 1965 5084 jure
1991 5032 2079 5072 re-

501 5083 736 5152 mittere,
779 5101 849 5144 ne
885 5091 964 5146 rei
991 5106 1264 5148 summam
1302 5100 1701 5166 pessumdaret.
1748 5105 1817 5160 At
1846 5083 2080 5166 sanctus

498 5173 864 5250 Nicephorus,
912 5198 1039 5238 cum
1086 5185 1243 5242 valde
1287 5198 1449 5246 antea
1491 5194 1786 5253 restitisset
1831 5205 2080 5272 regnanti

498 5278 626 5338 post
653 5267 1077 5330 Constantinum
1117 5275 1469 5350 Nicephoro;
1517 5295 1706 5355 postea
1735 5267 1917 5347 tamen
1946 5309 2078 5350 cou-

499 5365 796 5420 tumaciam
858 5367 1025 5438 hujus
1071 5373 1384 5446 mentisque
1446 5380 1771 5448 pravitatem
1833 5388 2080 5457 apprime

501 5453 701 5522 sciens,
731 5457 1042 5532 timensque
1073 5479 1142 5520 ne
1167 5465 1462 5538 aliquando
1494 5486 1581 5526 res
1605 5487 1798 5530 omnes
1817 5478 2080 5536 ecclesia-

500 5547 668 5604 sticas
718 5551 964 5612 turbaret
1003 5571 1070 5613 ac
1101 5561 1480 5630 permisceret,
1526 5567 1920 5624 condescendit
1961 5570 2078 5641 ipse

497 5654 740 5717 quoque,
782 5654 838 5702 et
896 5639 1322 5718 exa’uctoratum,
1377 5653 1674 5730 Josephum
1721 5658 1946 5735 recepit,
1982 5639 2071 5720 ἠυιί

2189 4466 2499 4534 ϐάλλοντες,
2531 4465 2726 4539 ἑτέρας
2771 4467 2829 4521 δὲ
2867 4468 3048 4540 ἇσπερ
3079 4462 3226 4540 εἶχον
3253 4465 3622 4535 καταθυμίους
3656 4463 3774 4518 sitt-

2188 4560 2524 4630 οικιζόμενοι
2569 4574 2583 4587 °
2641 4557 2848 4629 ταύτην
2911 4558 3013 4630 τὴν
3065 4559 3245 4630 λύμην
3294 4561 3376 4623 είς
3421 4556 3619 4619 πολλὰς
3665 4554 3772 4626 ἤδη

2187 4653 2598 4725 διαδραμοῦσαν
2615 4649 2797 4725 χώρας
2814 4653 3003 4724 ὁρῶνξό
3029 4653 3204 4722 μέγας
3219 4653 3518 4723 Θεόδωρος,
3543 4650 3773 4720 ἐκίνησὲ

2184 4763 2246 4799 τε
2274 4744 2418 4799 κατὰ
2460 4743 2558 4798 τοῦ
2601 4744 2864 4816 βασιλέως
2892 4743 2984 4799 τὸν
3011 4744 3156 4803 θεῖον
3202 4744 3387 4816 ζῆλον,
3413 4744 3489 4807 ὡς
3517 4742 3768 4813 εἴπομεν,

2185 4837 2281 4890 καὶ
2329 4837 2492 4909 μέχρι
2522 4835 2708 4901 τέλους
2743 4835 2905 4891 αὐτὸν
2935 4836 3261 4909 διετήρησεν
3288 4853 3305 4871 ·
3355 4837 3451 4891 καὶ
3481 4832 3636 4901 οὗτος
3670 4835 3772 4908 μὲν

2182 4929 2345 4986 οὕτω.

2252 5022 2375 5077 Τῶν
2398 5022 2456 5077 δὲ
2483 5023 2966 5094 μνημονευθέντων
2995 5025 3356 5098 πατριαρχῶν
3410 5024 3441 5079 6
3470 5023 3572 5096 μὲν
3623 5021 3768 5086 θεῖος

2181 5113 2456 5186 Ταράσιος
2497 5115 2585 5168 διὰ
2606 5114 2764 5170 τοῦτο
2797 5117 3111 5189 συγκατέὸη
3169 5117 3266 5172 καὶ
3314 5115 3631 5188 ὲφησύχασε
3689 5113 3771 5186 τῷ

2179 5205 2409 5278 τοιούτῳ
2427 5206 2651 5283 ἀθέσμῳ
2666 5208 2760 5264 τοῦ
2784 5209 3197 5265 Κωνσταντίνου
3214 5210 3494 5284 δραματου
3503 5208 3762 5281 ργήματιι

2183 5297 2375 5370 ἐπειδὴ
2410 5297 2628 5368 ἠπείλει
2659 5299 2689 5354 6
2715 5299 2880 5364 αὐτὸς
2913 5300 3327 5366 Κωνσταντῖνος
3352 5301 3382 5354 6
3412 5298 3689 5371 βασιλεὺς,
3713 5297 3763 5351 εί

2185 5390 2288 5461 μὲν
2318 5389 2397 5461 τῷ
2459 5389 2626 5444 αὐτοῦ
2671 5389 2939 5462 θελήματι
3000 5391 3273 5463 ὕποκύψει
3311 5394 3341 5447 6
3391 5391 3764 5463 πατριάρχης,

2177 5481 2287 5536 τῶν
2321 5480 2547 5554 ἔναγχος
2582 5481 3018 5553 βασιλευσάντων
3050 5485 3148 5558 τὴν
3189 5485 3403 5557 αἵρεσιν
3451 5481 3765 5538 ἀνανεώσα‹

2180 5573 2328 5639 σθαι,
2377 5575 2469 5630 καὶ
2513 5575 2611 5639 τὰς
2643 5576 2846 5642 σεπτὰς
2875 5578 2971 5632 καὶ
2995 5577 3159 5647 ἁγίας
3193 5578 3408 5642 εἰκόνας
3440 5575 3602 5631 πάλιν
3631 5573 3767 5628 καθ-

2178 5667 2456 5744 αιρήσειν*
2508 5668 2700 5726 τούτου
2751 5687 2846 5727 ουν
2901 5670 3080 5742 ἔδοξεν
3131 5672 3326 5749 ’ἐνεκενΔ
3357 5669 3508 5752 αὐτῷ
3566 5667 3764 5746 μικρὸν

4106 4977 4112 5208 1

4107 5333 4112 5638 1
