4122 6382
374 209 510 271 1883

1425 198 1984 278 οεδρΗΙεΜΑΤΕ
2022 208 2524 273 STUDITARUM

3487 211 3623 275 1854

364 319 607 376 ινδοῢναι
635 319 736 393 τῆς
761 322 1067 395 ἀκριϐείας,
1086 324 1172 380 ίνα
1205 323 1280 397 μὴ
1294 323 1559 378 ἀπολέσαι
1585 323 1655 377 τὰ
1687 321 1919 395 μέγιστα

2040 317 2246 373 dictum
2289 325 2393 372 est.
2430 315 2817 373 Verumtamen
2858 325 3043 373 utrum
3090 330 3319 390 magnus
3359 318 3613 379 Theodoo

367 414 394 464 6
422 410 479 465 δὲ
509 413 566 466 ὲν
601 413 777 481 ἁγίοις
801 415 1118 490 Νικηφόρος
1146 415 1322 471 πολλὰ
1350 415 1617 487 πρότερον
1649 415 1940 468 ἀντικαταο

367 504 500 568 στὰς
537 505 616 576 τῷ
645 505 783 577 μετά
803 508 977 563 ταῦτα
998 509 1377 581 βασιλεύσαντι
1396 506 1718 579 Νικηφόρῳ,
1749 505 1941 559 ἔπειτα

363 594 425 647 τὸ
488 593 790 665 δύστροπον
830 597 998 653 αὐτοῦ
1036 598 1129 652 καὶ
1159 599 1221 652 τὸ
1256 598 1358 668 τῆς
1390 597 1618 668 γνώμης
1645 594 1939 657 κακοθελὲς

363 686 607 757 ἀκριϐῶς
632 687 1014 759 ἐπιστάμενος,
1044 689 1141 743 καὶ
1168 688 1526 760 ὑφορώμενος
1581 688 1657 758 μή
1688 702 1823 740 ποτε
1840 701 1940 739 τα-

365 777 507 851 ράξῃ
536 778 633 831 καὶ
664 779 864 850 συγχέῃ
909 780 1088 834 πάντα
1112 781 1181 834 τὰ
1211 778 1661 849 ὲκκλησιαστικὰ,
1689 791 1941 845 συγκατ-ο

360 868 461 938 ἐϐη
502 868 597 922 κα)⁸
636 869 819 937 αὐτὸς,
860 871 958 924 καὶ
1003 871 1222 937 ἐδέξατο
1273 870 1367 924 τὸν
1395 866 1777 938 καθῃρημένον
1828 866 1939 919 Ἰω-

362 958 496 1031 σὴφ,
524 959 601 1025 ώς
632 960 957 1032 προείρηται
984 977 999 992 ·
1033 962 1173 1033 πλὴν
1205 961 1313 1015 εἴτε
1361 962 1389 1014 6
1447 960 1622 1029 μέγας
1663 957 1939 1027 Θεόδωρος

357 1053 608 1123 κρεῖττον
657 1051 864 1118 επραξε
897 1052 1423 1124 παρρησιασάμενος
1453 1048 1597 1105 κατά
1624 1051 1725 1117 τῆς
1756 1063 1937 1118 παρα-

356 1142 551 1212 νομίας
590 1142 686 1195 καὶ
710 1143 869 1213 μέχρι
900 1143 1085 1207 τέλους
1111 1141 1303 1205 ἐνστὰς
1323 1181 1339 1207 ,
1369 1140 1499 1195 εἴτε
1524 1141 1577 1194 οἱ
1597 1142 1935 1209 πατριάρχαι

357 1233 804 1301 συγκαταϐἀντες
831 1233 919 1288 διὰ
969 1236 1071 1299 τάς
1108 1234 1409 1306 εἰρημένας
1464 1233 1663 1297 αίτίας,
1729 1229 1936 1300 ἑτέροις

352 1322 669 1395 δοκιμάζειν
688 1314 1108 1397 καταλείψομεν,
1137 1327 1249 1390 τοῖς
1287 1324 1471 1395 ἔχουσι
1498 1325 1589 1378 τὸν
1620 1322 1814 1392 λύχνον
1834 1321 1935 1388 τῆς

280 1486 281 1489 η
351 1413 611 1484 γνώσεως
643 1418 702 1469 ὲν
739 1418 955 1480 ἑαυτοῖς
1003 1417 1285 1486 φαίνοντα,
1330 1417 1427 1469 καὶ
1481 1414 1816 1487 ἐρρωμένοις
1864 1413 1934 1467 τὰ

348 1509 452 1577 τῆς
479 1506 654 1577 ψυχῆς
671 1508 997 1580 αἰσθητήρια
1022 1508 1155 1579 πρὸς
1169 1511 1269 1579 τὴν
1297 1507 1407 1561 τῶν
1434 1506 1693 1561 τοιούτων
1718 1506 1931 1577 διάκρι-

2040 425 2137 464 rus
2166 408 2362 463 melius
2402 422 2460 463 se
2494 409 2727 478 gesserit
2768 408 2974 478 ﬂagitio
3008 409 3305 469 adversans
3340 422 3395 470 et
3445 432 3620 488 usque

2040 498 2107 554 ad
2166 499 2328 555 ﬁnem
2376 498 2672 567 resistens;
2724 515 2792 554 an
2853 500 3038 571 potius
3094 502 3203 558 duo
3263 505 3615 575 patriarchae,

2038 593 2217 649 dictas
2248 592 2318 647 ob
2359 606 2559 647 causas
2596 591 3120 657 condescendentes,
3156 594 3279 651 aliis
3302 595 3617 664 dijudican-

2038 685 2168 741 dum
2214 668 2616 753 permittemus,
2668 684 2762 754 qui
2791 684 3034 739 scientia:
3079 685 3360 741 lucernam
3411 689 3615 746 habent

2038 778 2182 848 apud
2212 791 2271 831 se
2295 777 2650 840 relucentem,
2686 777 2962 846 lirmoque
2990 777 3186 831 anima:
3203 793 3371 833 sensu
3400 781 3610 849 praediti

2038 876 2169 923 sunt
2215 869 2280 923 ad
2334 869 2449 924 hzec
2497 867 2881 923 discernenda.
2937 866 3183 938 Namque
3241 878 3295 924 et
3359 880 3610 927 sanctum

2038 957 2195 1029 Cypri
2264 957 2627 1029 Epiphanium
2701 959 3092 1029 comperimus,
3164 975 3349 1031 parem
3412 977 3612 1034 magno

2036 1047 2321 1104 Theodoro
2366 1050 2567 1114 zelum,
2628 1057 2683 1105 et
2727 1050 2988 1105 invictum
3026 1049 3316 1107 resistendi
3365 1052 3607 1123 vigorem

2035 1140 2445 1208 exprompsisse
2495 1148 2686 1196 contra
2736 1139 3040 1196 Eudoxiam
3092 1151 3429 1213 augustam:
3488 1159 3611 1212 qua:

2033 1230 2164 1286 dum
2191 1231 2486 1302 aliquando
2508 1233 2812 1287 minaretur
2849 1232 3121 1288 idolorum
3167 1233 3367 1303 templa
3393 1249 3453 1289 se
3492 1233 3610 1290 fore

2034 1330 2426 1387 reseraturam,
2465 1322 2571 1377 nisi
2602 1322 2763 1378 divus
2789 1318 3236 1394 ’Chrysostomus
3272 1324 3327 1378 in
3352 1324 3607 1386 exsilium

2036 1410 2346 1479 pelleretur,
2372 1410 2517 1465 haud
2534 1410 2719 1465 animo
2742 1410 2984 1465 concidit
3001 1426 3176 1481 neque
3197 1413 3365 1467 cessit
3382 1413 3608 1479 omnino

2034 1500 2118 1553 vir
2149 1508 2408 1566 sanctus;
2442 1500 2536 1555 sed
2570 1501 2758 1556 dicens
2797 1519 2812 1556 :
2844 1500 3081 1557 Mundus
3109 1517 3211 1571 ego
3241 1519 3365 1559 sum
3407 1504 3475 1559 ab
3503 1505 3607 1563 hoc

351 1616 441 1652 σιν
473 1613 486 1628 ⁸
523 1597 645 1652 ἐπεὶ
673 1599 884 1654 καὶτὸν
916 1600 1072 1669 ἀγιον
1118 1599 1435 1668 Ἐπιφάνιον
1469 1597 1562 1652 τὸν
1580 1596 1809 1668 Κύπρου
1838 1597 1922 1650 εύ-

2030 1588 2261 1657 judicio,
2295 1588 2570 1654 discessit,
2602 1590 2815 1659 plenam
2842 1589 3049 1645 irarum
3069 1591 3241 1661 ipsam
3263 1593 3602 1663 relinquens.

350 1687 639 1761 ρίσκομεν⁸
670 1687 763 1741 τὸν
789 1668 1054 1759 αὐτὸντῷ
1091 1688 1312 1760 μεγάλῳ
1351 1686 1610 1759 Θεοδώρῳ
1645 1685 1805 1755 ζῆλον
1832 1686 1922 1739 καὶ

2031 1678 2207 1733 Aliam
2241 1694 2461 1748 quoque
2490 1679 2562 1735 ob
2596 1694 2819 1734 causam
2847 1679 3070 1744 dicitur,
3100 1681 3169 1736 ab
3192 1681 3491 1736 illustribus
3515 1697 3610 1752 pa-

346 1778 603 1833 ἔνστασιν
631 1779 898 1850 ἀήττητον
937 1778 1312 1849 ἐνδειξάμενον
1343 1778 1481 1849 πρὸς
1523 1778 1623 1849 τὴν
1682 1777 1929 1849 βασίλισ-

347 1885 453 1923 σαν
487 1869 740 1936 Εὺδοξίαν
764 1885 780 1902 ο
813 1869 1145 1940 ἀπειλούσης
1189 1868 1299 1942 γάρ
1326 1869 1587 1941 κάκείνης
1621 1869 1775 1933 ποτὲ,
1803 1869 1932 1933 τοὺς

341 1962 462 2017 τῶν
482 1961 714 2016 εἰδώλων
748 1964 909 2027 ναοὺς
951 1962 1208 2032 ἀνοίγειν,
1240 1965 1287 2015 εί
1327 1961 1402 2034 μὴ
1459 1965 1486 2016 6
1530 1961 1670 2026 θεῖος
1720 1962 1930 2033 Χρυσό-

344 2068 553 2124 στομος
578 2052 850 2125 ὲξορισθῇ,
881 2053 942 2106 οὐ
971 2051 1332 2123 κατέπτηξεν,
1350 2052 1471 2106 οὐδὲ
1503 2052 1777 2106 ἐνέδωκεν»
1789 2052 1927 2116 ὅλως

338 2141 375 2195 ὸ
406 2140 596 2211 ἀγιος·
628 2141 741 2194 ἀλλ’
783 2141 975 2208 είπὼν,
1009 2140 1212 2204 Ἀθῶός
1240 2144 1357 2210 είμι
1394 2141 1503 2195 ἀπὸ
1556 2141 1656 2211 τῆς
1690 2139 1928 2212 κρίσεως

336 2232 576 2304 ταύτης,
616 2232 830 2302 ἐξῆλθε,
852 2231 1025 2303 θυμοῦ
1065 2233 1334 2287 πνέουσαν
1360 2232 1695 2302 καταλείψας
1724 2233 1919 2303 αὐτήν.

341 2325 588 2395 Λέγεται
621 2324 678 2379 δὲ
706 2325 789 2379 ὅτι
809 2324 877 2377 δι’
912 2324 1105 2396 ἑτέραν
1140 2324 1322 2379 αἰτίαν
1364 2324 1475 2379 ἀπὸ
1511 2323 1621 2379 τῶν
1665 2322 1925 2394 ἀοιδίμων

340 2416 709 2491 πατριαρχῶν
741 2418 771 2471 6
810 2416 869 2469 ἐν
898 2416 1078 2486 ἁγίοις
1106 2416 1385 2489 Θεόδωρος
1417 2415 1709 2489 ἀπερῤάγη
1734 2431 1749 2447 ·
1785 2416 1818 2486 ἡ
1868 2414 1925 2470 δὲ

336 2506 434 2579 ἦν,
471 2509 577 2575 ὅτι,
604 2508 790 2580 φησὶν,
825 2508 933 2561 ἀπὸ
954 2508 1160 2565 λαῖκῶν
1189 2509 1452 2575 εὐθὺςξείς
1473 2510 1567 2562 τὸν
1591 2524 1919 2580 πατριαρχι·

345 2598 444 2652 κδν
477 2597 667 2670 θρόνον
698 2597 1160 2667 ἀνεϐιϐάσθησαν,
1193 2598 1286 2652 καὶ
1335 2598 1395 2651 ού
1427 2598 1568 2651 κάτά
1602 2597 1804 2668 θεσμὸν
1828 2599 1922 2651 ὲκ-

339 2689 731 2761 κλησιαστικδν
757 2689 975 2758 ἐγένετο
1026 2690 1057 2758 ἡ
1084 2688 1290 2743 τούτων
1321 2688 1628 2760 χειροτονία
1651 2706 1665 2721 ο
1701 2688 1839 2758 πρὸς
1864 2689 1920 2741 δὲ

340 2780 499 2834 τοῦτο
527 2779 873 2849 ἀπολογεῖται
907 2781 935 2832 ό
962 2779 1031 2833 τὰ
1059 2780 1179 2833 κατ’
1207 2780 1405 2843 αὐτοὺς
1440 2779 1917 2850 συγγραψάμενος,

342 2870 428 2923 δτι
458 2870 507 2922 oi
543 2867 677 2921 θεῖοι
706 2869 932 2932 κανόνες
961 2868 1062 2921 οὐκ
1088 2867 1438 2923 ἀποκλείουσι
1469 2867 1648 2936 πάντη
1675 2868 1735 2920 τὸ
1784 2868 1921 2938 πρᾶ-

339 2973 480 3037 γμσν
494 2957 610 3013 ἀλλ’
634 2956 976 3030 ὑφορώμενοι
991 2959 1062 3029 μή
1081 2976 1197 3021 πως
1214 2957 1439 3029 ἄπειρος
1450 2958 1525 3011 ῶν
1543 2960 1571 3011 6
1586 2975 1669 3029 χει
1677 2957 1919 3028 ροτονοὺ-
1945 2998 1990 3061 C

340 3067 509 3124 μενος
538 3050 646 3104 τῶν
670 3053 735 3122 τῇ
777 3048 1045 3123 ἱερωσύνῃ
1078 3049 1445 3120 καθηκόντων,
1474 3051 1553 3113 είς
1601 3050 1808 3102 πτῶσιν
1828 3052 1917 3102 ὲν-

341 3144 483 3213 έγκῃ
511 3141 580 3195 τὰ
607 3139 1062 3210 ὲκκλησιαστικά⁹
1082 3131 1229 3198 οὗτοι
1251 3139 1328 3204 δὲ,
1347 3141 1375 3193 ό
1396 3138 1589 3209 μέγας,
1619 3139 1786 3209 φημὶ,
1811 3140 1912 3192 Τα-

340 3234 531 3310 ράσιος
555 3231 648 3285 καὶ
676 3232 704 3285 6
736 3229 877 3293 θεῖος
908 3229 1243 3302 Νικηφόρος,
1282 3230 1363 3292 είς
1384 3229 1451 3287 τὰ
1480 3229 1666 3300 πρόσω
1711 3228 1918 3298 βαίνειν

336 3325 439 3396 τὴν
485 3322 810 3394 Ἐκκλησίαν
842 3321 1199 3393 πεποιήκασι,
1245 3321 1342 3374 καὶ
1372 3320 1548 3374 πάντα
1591 3320 1769 3385 καλῶς
1820 3322 1917 3375 καὶ

337 3414 620 3486 ἐνθέσμως
655 3412 926 3486 ἔπραττον
948 3428 962 3443 ·
991 3412 1084 3465 καὶ
1103 3411 1192 3465 διὰ
1221 3410 1381 3464 τοῦτο
1406 3411 1506 3481 οὐχ
1532 3413 1762 3466 ἅπτεται
1811 3411 1915 3464 αὐ-

335 3508 450 3561 τῶν
510 3508 538 3561 6
575 3503 775 3559 κανών.
824 3498 1018 3558 ’ἰστέον
1069 3503 1254 3573 μέντοι
1286 3503 1368 3556 ὅτι
1413 3502 1474 3556 τὸ
1544 3502 1913 3573 προσκροῦσαι

335 3599 453 3663 τοῖς
478 3596 740 3668 ἀοιδίμοις
773 3595 1143 3667 πατριάρχαις
1180 3593 1275 3647 τὸν
1320 3594 1494 3664 μέγαν
1520 3592 1794 3665 Θεόδωρον
1849 3594 1914 3648 ἐκ

335 3687 474 3743 Θεοῦ
504 3686 1012 3758 κεκινημένοις,καὶ
1028 3684 1221 3756 μικρὸν
1248 3684 1457 3739 ὲνδοῦσι
1480 3684 1578 3754 τῆς
1603 3681 1910 3754 ἀκριϐείας,

334 3780 428 3845 διὰ
448 3779 512 3835 τὸ
552 3779 628 3850 μὴ
645 3776 898 3849 γενέσθαι
931 3778 1153 3847 μείζονα
1188 3776 1409 3849 βλάϐην,
1438 3776 1531 3829 καὶ
1563 3776 1752 3829 ἑαυτὸν
1777 3776 1914 3828 ἀπο-

338 3871 524 3943 σχίσαι
552 3871 653 3941 τῆς
689 3869 1034 3935 Ἐκκλησίας,
1074 3869 1135 3922 ού
1172 3868 1368 3940 μικρὸν
1397 3866 1600 3937 πτῶμα
1631 3869 1745 3933 τοῖς
1793 3868 1910 3921 Πα-

335 3964 533 4035 τράσιν
575 3961 754 4027 ἔδοξεν
780 3978 794 3992 ·
828 3959 945 4016 ἀλλ’
992 3961 1144 4030 ὅμως
1181 3959 1345 4014 πάλιν
1399 3958 1771 4030 διωρθώσατο,
1834 3959 1912 4023 ὡς

334 4054 664 4126 προείρηται
699 4070 716 4087 ο
747 4053 843 4107 καὶ
863 4053 1015 4123 δηλοῖ
1045 4053 1145 4124 μὲν
1176 4052 1337 4111 τοῦτο
1364 4053 1397 4123 ἡ
1422 4053 1532 4106 τῶν
1576 4053 1697 4105 κατ’
1747 4052 1911 4108 αὐτὸν

339 4147 552 4218 ίστορία
579 4161 594 4177 ·
628 4145 778 4218 δηλοῖ
800 4145 857 4199 δὲ
883 4146 980 4199 καὶ
1023 4147 1052 4198 ό
1096 4145 1267 4215 μέγας
1295 4144 1558 4208 Μεθόδιος
1593 4146 1650 4197 ὲν
1675 4144 1752 4214 τῷ
1805 4143 1907 4214 ἥδη

340 4253 449 4306 μνη
459 4232 770 4305 μονευθέντι
793 4234 935 4305 λόγῳ
956 4232 1120 4288 αὑτοῦ
1153 4233 1231 4304 τῷ
1256 4233 1391 4304 πρὸς
1416 4234 1542 4296 τοὺς
1582 4234 1869 4309 Στουδίτας
1890 4248 1904 4263 °

2034 1768 2291 1823 triarchis
2312 1767 2604 1823 dissidium
2630 1767 2827 1822 fecisse
2848 1776 3069 1823 sanctus
3090 1769 3448 1835 Theodorus;
3474 1772 3605 1841 quia

2029 1858 2279 1913 videlicet
2308 1858 2373 1914 de
2404 1866 2553 1914 cmtu
2587 1858 2791 1925 laicali,
2836 1867 2897 1913 ut
2923 1852 3124 1925 aiebat,
3166 1859 3233 1913 ad
3265 1861 3605 1930 patriarcha-

2030 1951 2133 2005 lem
2164 1951 2344 2005 sedem
2372 1948 2587 2005 fuerant
2620 1948 2912 2019 assumpti,
2946 1964 3123 2019 neque
3164 1966 3354 2005 eorum
3405 1952 3605 2008 electio

2028 2040 2095 2094 ad
2124 2038 2266 2109 juris
2288 2038 2646 2094 ecclesiastici
2670 2038 2940 2093 tramitem
2971 2037 3132 2094 facta.
3156 2038 3276 2095 Iam
3301 2056 3436 2103 vero
3471 2044 3603 2100 huic

2026 2140 2347 2199 argumento
2378 2129 2673 2200 respondet
2710 2130 2800 2184 ille
2860 2131 2953 2198 qui
3003 2131 3200 2186 horum
3265 2149 3356 2188 res
3418 2145 3600 2204 gestas

2026 2221 2266 2293 scripsit,
2301 2236 2497 2292 nempe
2523 2235 2714 2277 sacros
2738 2237 2976 2278 canones
3001 2223 3145 2277 haud
3179 2224 3427 2280 districtc
3455 2227 3602 2283 hanc

2024 2329 2139 2369 rem
2162 2322 2345 2370 vetare
2378 2331 2393 2369 :
2425 2315 2517 2370 sed
2563 2323 2810 2369 verentes
2855 2321 3097 2381 tantum,
3140 2328 3210 2369 ne
3244 2315 3291 2370 si
3332 2315 3471 2371 forte
3505 2332 3601 2373 sa-

2024 2406 2323 2462 cerdotalis
2350 2405 2508 2462 ofﬁcii
2539 2407 2764 2479 ignarus
2795 2406 3113 2476 eligeretur,
3150 2422 3239 2462 res
3264 2408 3602 2464 ecclesiasti-

2023 2512 2116 2552 cas
2158 2500 2556 2568 pessumdaret.
2594 2500 2663 2553 At
2708 2498 2857 2567 enim
2911 2497 2991 2566 bi,
3046 2513 3302 2569 magnus,
3345 2498 3593 2567 inquam,

2024 2585 2285 2643 Tarasius
2316 2596 2371 2642 et
2396 2588 2555 2643 divus
2585 2586 2946 2657 Nicephorus,
2976 2602 3090 2643 rem
3121 2587 3232 2642 imo
3260 2588 3599 2667 ecclesiasti-

2021 2694 2141 2734 cam
2163 2680 2218 2733 in
2240 2680 2434 2734 melius
2470 2687 2853 2747 provexerunt,
2888 2688 3052 2751 atque
3072 2680 3255 2733 omnia
3279 2688 3427 2734 recte
3458 2678 3598 2748 legi-

2022 2768 2263 2838 timeque
2289 2777 2596 2839 gesserunt.
2627 2768 2865 2840 Ideoque
2896 2770 3045 2840 ipsos
3067 2785 3244 2824 canon
3278 2784 3388 2824 non
3418 2767 3597 2825 attin-

2020 2861 2117 2931 git.
2145 2859 2437 2918 Sciendum
2468 2876 2599 2917 vero
2622 2842 2735 2924 est,
2767 2863 2950 2933 magni
2982 2861 3253 2918 Theodori
3273 2862 3599 2918 obluctatio~

2022 2965 2147 3003 nem
2171 2950 2434 3007 adversus
2455 2950 2694 3007 illustres
2712 2952 3075 3022 patriarchas,
3102 2953 3196 3024 qui
3217 2953 3311 3009 Dei
3329 2953 3597 3009 instinctu

2021 3043 2357 3111 aliquantum
2389 3042 2459 3097 de
2502 3043 2679 3114 rigore
2707 3044 3041 3100 remiserunt
3092 3061 3159 3099 ne
3202 3045 3384 3116 majus
3428 3045 3600 3101 detri-

2021 3141 2262 3185 mentum
2289 3131 2467 3199 ﬁeret,
2502 3141 2669 3203 atque
2699 3134 2945 3202 eiusdem
2967 3136 3034 3191 ab
3059 3135 3303 3192 Ecclesia
3328 3136 3601 3193 secessio-

2020 3234 2167 3285 nem,
2207 3218 2381 3275 visam
2406 3236 2528 3278 esse
2546 3221 2798 3279 Patribns
2828 3225 2970 3279 haud
2995 3227 3326 3282 mediocrem
3357 3242 3592 3285 noxam.

2020 3306 2126 3363 Sed
2169 3318 2350 3365 tamen
2384 3319 2567 3368 actum
2619 3313 2877 3381 correxit,
2920 3324 2978 3369 ut
3016 3331 3188 3384 supra
3238 3316 3447 3372 dictum
3485 3326 3595 3385 est,

2016 3412 2184 3471 atque
2225 3413 2284 3459 ut
2322 3406 2515 3460 horum
2574 3406 2805 3461 historia
2850 3408 3211 3464 demonstrat.
3250 3408 3501 3466 Ostendit
3541 3411 3596 3467 id

2015 3508 2248 3565 magnus
2279 3511 2500 3567 quoque
2532 3496 2849 3555 Methodius
2891 3499 2945 3555 in
2983 3513 3288 3557 memorato
3335 3517 3593 3559 sermone

2017 3598 2120 3638 suo
2159 3585 2226 3639 ad
2256 3587 2544 3644 Studitas:
2580 3601 2769 3645 narrat
2797 3592 2943 3646 enim
2985 3590 3333 3649 Theodorum
3368 3604 3595 3651 senten-

2017 3677 2150 3730 tiam
2188 3692 2344 3732 suam
2370 3678 2718 3747 immutasse,
2754 3697 2863 3750 qua
2898 3683 3159 3754 abreptus
3203 3684 3401 3751 fuerat,
3441 3693 3496 3741 et
3532 3701 3593 3741 se

2016 3782 2142 3823 cum
2188 3767 2435 3824 Ecclesia
2479 3772 2918 3828 reconciliasse:
2960 3783 3015 3829 et
3060 3776 3206 3830 circa
3254 3777 3381 3831 vitae
3428 3778 3592 3833 finem

2015 3861 2243 3916 multam
2271 3860 2442 3916 animi
2475 3863 2945 3933 conjunctionem,
2980 3868 3303 3923 charitatem
3339 3883 3405 3925 ac
3431 3867 3596 3924 fami~

2014 3954 2304 4009 liaritatem
2338 3968 2656 4025 perpetuam
2709 3973 2834 4012 cum
2863 3959 3060 4015 illustri
3082 3962 3391 4032 patriarcha
3420 3960 3591 4018 Nice-

2014 4047 2187 4118 phoro
2222 4047 2446 4105 fovisse.
2491 4047 2659 4135 igitur
2688 4050 2741 4106 in
2791 4067 2856 4107 eo
2888 4057 3216 4125 completum
3267 4065 3351 4111 est
3394 4058 3593 4127 psalmi

2012 4139 2146 4194 illud
2177 4141 2243 4195 de
2265 4141 2419 4211 justo
2463 4142 2687 4198 homine
2720 4144 2949 4213 dictum,
2990 4150 3135 4218 quod
3172 4165 3289 4207 cum
3319 4148 3590 4205 ceciderit.

2013 4247 2115 4285 non
2133 4232 2431 4297 collidelur,
2448 4235 2574 4305 quia
2587 4234 2847 4290 Dominus
2860 4243 3103 4308 supponit
3124 4257 3338 4298 manum
3353 4257 3505 4296 suam
3520 4241 3588 4295 ".

333 4326 601 4398 διηγεῖται
630 4326 739 4397 γὰρ
766 4327 849 4380 ὅτι
880 4325 1044 4380 πάλιν
1067 4325 1302 4397 ἠθέτησε
1326 4324 1423 4397 τὴν
1439 4325 1663 4396 γνώμην
1692 4327 1759 4397 ἥν
1784 4325 1909 4397 ἔσχε

2024 4323 2154 4379 Nam
2191 4324 2239 4379 si
2266 4324 2351 4380 vel
2377 4326 2601 4382 cuilibet
2628 4331 2900 4384 sacerdoti
2924 4332 3222 4397 adversari,
3254 4342 3479 4402 excepta
3506 4333 3590 4388 ni~

335 4417 482 4473 κατά
521 4417 898 4488 συναρπαγὴν,
928 4418 1024 4471 καὶ
1050 4419 1115 4488 τῇ
1166 4417 1461 4489 Ἐκκλησία
1490 4418 1741 4488 συνήφθη
1770 4436 1785 4450 ’
1810 4418 1908 4472 καὶ

331 4509 418 4564 ὅτι
449 4509 587 4582 πρὸς
614 4509 693 4581 τῷ
723 4508 866 4563 τέλει
891 4508 1052 4563 αὑτοῦ
1076 4507 1278 4579 πολλὴν
1307 4508 1501 4565 ἕνωσιν
1552 4510 1651 4562 καὶ
1686 4508 1907 4583 ἀγάπην

333 4601 432 4656 καὶ
459 4600 771 4672 συνομιλίαν
804 4601 1026 4655 ἁὶνναον
1054 4599 1194 4671 μετὰ
1233 4600 1549 4672 Νικηφόρου
1593 4601 1687 4654 τοῦ
1739 4601 1908 4657 ἀοιδί-

337 4709 443 4763 μου
481 4692 820 4764 πατριάρχου
854 4693 1121 4764 ἐκέκτητο
1146 4706 1161 4721 ⁸
1191 4690 1485 4763 ἐπληρώθη
1521 4692 1653 4760 γοῦν
1685 4693 1770 4747 ἐπ’
1801 4694 1905 4748 αὑ...

332 4782 413 4853 τῷ
465 4782 527 4843 τὸ
551 4784 608 4835 ὲν
638 4784 888 4854 Ψαλμοῖς
920 4781 1210 4853 εἰρημένον
1240 4781 1370 4852 περὶ
1403 4780 1497 4834 τοῦ
1525 4781 1765 4851 δικαίου,
1824 4783 1907 4837 ὅτι

333 4869 524 4925 ’Ὅταν
552 4870 822 4940 πέσῃ,οῠ
839 4869 1411 4939 καταῤῥαχθήσεται,
1440 4868 1531 4924 ὅτι
1555 4871 1770 4945 Κύριος
1798 4872 1907 4928 ἀν-

335 4959 651 5031 τιστηρίζει
710 4960 877 5030 χεῖρα
933 4960 1158 5017 αὐτοῦ’
1209 4963 1257 5013 εί
1279 4960 1388 5032 γὰρ
1415 4960 1477 5013 τὸ
1534 4963 1907 5035 προσκροῦσαι

335 5051 432 5118 καὶ
458 5050 536 5121 τῷ
563 5050 779 5120 τυχόντι
804 5051 962 5120 ἱερεῖ,
1006 5049 1133 5104 ἀνευ
1161 5048 1361 5121 δηλαδὴ
1387 5048 1673 5120 αἱρέσεως,
1731 5050 1905 5122 μέγαν

2019 4414 2220 4471 mirum
2251 4418 2468 4485 haeresi,
2496 4434 2827 4491 magnopere
2855 4423 3226 4493 periculosum
3257 4432 3360 4491 est,
3394 4425 3586 4495 quanti

2018 4509 2279 4563 momenti
2298 4507 2519 4564 demum
2552 4510 2657 4566 fuit
2684 4513 2884 4567 talibus
2906 4513 3185 4570 adversari
3215 4516 3586 4585 pontiﬁcibus,

2016 4596 2358 4666 pontificum,
2388 4601 2633 4671 inquam,
2655 4602 3028 4673 pontificibus,
3058 4604 3139 4658 vel
3171 4606 3351 4673 potius
3370 4615 3591 4677 aposto-

2015 4690 2107 4758 lis,
2149 4700 2210 4746 ut
2248 4708 2477 4763 magnus
2505 4694 3116 4769 loquitur'Dionysius?
3145 4696 3260 4753 Hoc
3287 4709 3469 4754 autem
3504 4698 3589 4758 di-

2013 4797 2115 4839 vus
2149 4800 2369 4858 quoque
2400 4786 2709 4844 Methodius
2740 4789 2918 4845 sancti
2944 4790 3047 4844 viri
3081 4790 3379 4861 discipulis,
3413 4792 3465 4847 id
3501 4801 3586 4850 est

2015 4873 2268 4943 Studitis,
2290 4878 2439 4948 juste
2463 4879 2683 4949 obiecit,
2702 4880 2782 4936 sic
2801 4881 2985 4938 dicens
3019 4900 3035 4937 :
3066 4880 3148 4936 Tu
3178 4882 3476 4939 monachus
3501 4899 3584 4948 es,

2014 4984 2191 5039 neque
2220 4970 2316 5027 tibi
2343 4972 2470 5028 licet
2487 4973 2833 5030 sacerdotum
2861 4989 2947 5029 res
2967 4973 3234 5042 scrutari;
3258 4976 3353 5031 sed
3377 4984 3428 5031 te
3448 4975 3585 5032 sub-

2007 5060 2215 5131 jectum
2253 5078 2375 5120 esse
2396 5073 2630 5136 oportet,
2655 5081 2765 5122 non
2789 5068 2927 5123 alios
2949 5066 3221 5136 subjicere
3245 5077 3341 5124 aut
3364 5067 3581 5123 eventi~

335 5143 451 5215 ἔχει
481 5144 575 5197 τὸν
617 5143 883 5207 κίνδυνον,
927 5142 1157 5213 πηλίκον
1212 5137 1283 5211 ἦν
1332 5142 1393 5196 τὸ
1445 5142 1583 5214 πρὸς
1630 5145 1904 5216 τοιούτους
1986 5146 2153 5212 ἰειι-ε,

334 5236 612 5308 ἀρχιερεῖς
645 5235 803 5290 τοῦτο
859 5235 1133 5305 γενέσθαι,
1165 5236 1260 5290 καὶ¹
1292 5235 1595 5307 ἀρχιερέων
1634 5240 1932 5313 ἀρχιερεῖς,
1976 5248 2178 5317 μᾶλλον
2205 5251 2263 5306 δὲ
2300 5253 2397 5307 καὶ
2429 5252 2759 5319 ἀποστόλους
2792 5254 3012 5323 αὐτοὺς,
3061 5253 3205 5310 κατά
3265 5252 3360 5308 τὸν
3405 5250 3581 5324 μέγαν

334 5325 649 5393 νονύσιονς
702 5325 862 5379 τοῦτο
907 5326 1017 5396 γὰρ
1061 5327 1203 5380 καὶὸ
1237 5328 1380 5392 θεῖος
1427 5328 1692 5394 Μεοόδιος
1742 5334 1879 5402 πρὸς
1912 5339 2037 5403 τοὺς
2082 5342 2176 5395 τοῦ
2242 5344 2400 5413 ἁγίου
2445 5345 2715 5415 μαθητάς,
2766 5348 2894 5411 τοὺς
2932 5348 3218 5412 Στουδίτας
3273 5346 3439 5417 φημὶ,
3494 5344 3576 5398 διε

334 5419 505 5483 ιαίως
533 5419 894 5513 προτείνεται,
928 5418 1294 5513 λέγων-οὓτως
1318 5418 1440 5513 ’-Σὺ
1484 5421 1716 5513 μοναχός
1741 5418 1812 5489 εἴ,
1849 5428 1941 5481 καὶ
1976 5432 2076 5485 οὐκ
2106 5433 2286 5500 ἔξεστί
2355 5454 2439 5493 σοι
2473 5436 2750 5504 ἐξετάζειν
2798 5438 2870 5499 τὰ
2909 5437 3019 5494 τῶν
3056 5438 3242 5513 ἱερῶν,
3286 5434 3403 5492 ἀλλ’
3448 5435 3583 5501 ὑποη

335 5507 634 5577 τάσσεσθαι
663 5524 723 5561 σε
766 5507 894 5580 χρὴ,
926 5508 1023 5562 καὶ
1068 5508 1167 5580 οὐχ
1197 5510 1526 5567 ύποτάσσειν
1559 5511 1680 5567 οὐδὲ
1709 5513 1986 5584 ἐξετάζειν
2016 5524 2232 5592 αὐτούς.

410 5627 455 5665 ³⁵
484 5624 624 5684 Psal.
649 5638 833 5688 xxm.
867 5623 957 5690 2i.
