4122 6382
535 377 674 446 1859
1743 371 1984 438 INDEX
2021 369 2163 435 EPI!

2167 366 2579 436 S'I‘OLARUM.
3668 359 3795 430 186(

1283 665 1852 731 EPISTOLARUM
1874 663 2332 730 EARUMDEM
2363 667 2558 730 ΑΗΔ
2585 661 3012 729 DISTRIBUT
3015 663 3101 728 10

1849 850 1914 888 ex
1947 833 2118 904 Regio
2145 833 2335 890 codice
2370 832 2494 888 709.

603 948 663 1010 1n
699 951 806 1009 hac
833 950 1009 1008 sancti
1040 947 1320 1007 Theodori
1363 947 1522 1008 Stud.
1557 950 1915 1022 epistolarum
1953 951 2196 1007 editione
2229 951 2404 1007 secuti
2442 951 2662 1022 quidem
2696 967 2892 1009 sumus
2919 951 3168 1008 ordinem
3213 958 3268 1008 et
3299 959 3524 1007 modum
3553 967 3665 1023 quo
3697 965 3800 1008 σου

536 1043 754 1112 scriptae
801 1047 931 1096 sunt
968 1040 1024 1095 in
1052 1039 1438 1096 Colutnnensis
1477 1039 1823 1096 bibliothecae
1851 1039 2064 1103 codice,
2095 1054 2260 1109 quem
2302 1039 2509 1109 passim
2554 1039 2743 1096 laudat
2787 1047 2842 1096 et
2893 1050 3158 1112 perpetuo
3198 1042 3452 1112 sequitur
3492 1037 3803 1098 Cardinalis

536 1129 831 1187 Baronius.
857 1127 1087 1184 Gratum
1136 1138 1318 1184 tamen
1358 1128 1658 1184 lectoribus
1700 1144 1800 1184 nec
1837 1142 2305 1198 supervacaneum
2349 1126 2468 1182 fore
2513 1129 2832 1199 putavimus
2880 1129 3048 1184 aliam
3084 1130 3405 1185 earumdem
3443 1130 3805 1200 epistolarum

537 1217 1010 1284 distributionem,
1039 1232 1206 1288 quam
1237 1215 1462 1274 Graecus
1487 1217 1670 1290 Regia:
1698 1217 2044 1273 bibliotheca
2060 1203 2243 1272 'chex
2278 1216 2520 1282 exhibet,
2557 1216 2649 1272 hic
2678 1217 2844 1272 etiam
2889 1217 3157 1288 conspici.

609 1305 732 1377 Ipso
763 1307 1120 1378 epistolarum
1177 1309 1426 1364 omnium
1472 1307 1630 1364 initio
1659 1309 1829 1364 codex
1878 1305 2084 1375 Regius
2113 1307 2236 1360 ’han

2179 1320 2273 1360 anc
2314 1305 2478 1360 habet
2519 1305 2928 1375 inscriptionem
2969 1325 2983 1360 :
3027 1306 3196 1378 Ἀρχὴ
3217 1304 3313 1360 τοῦ
3341 1305 3561 1377 πρώτου
3597 1305 3807 1376 βιϐλίου

537 1392 632 1447 τοῦ
655 1394 820 1448 αὑτοῦ
855 1396 919 1448 ἐκ
943 1393 1054 1448 τῶν
1107 1393 1380 1467 διαφόρων
1408 1394 1576 1450 αὑτοῦ
1608 1393 1906 1450 ἐπιστολῶν
1937 1412 1952 1426 ο
1985 1393 2165 1460 ὲκλογὶ

2179 1393 2315 1464 ιτῆς
2363 1393 2554 1465 τρίτης
2587 1395 2826 1466 saeptae.
2865 1394 2943 1450 Ac
2978 1405 3284 1465 sequuntur
3321 1394 3570 1465 epistolae
3609 1396 3807 1448 decem

541 1496 775 1550 quarum
808 1497 1152 1552 unaquaeque
1186 1484 1506 1538 inscribitur
1540 1500 1554 1536 :
1587 1481 1905 1553 Δογματικὴ
1931 1481 2060 1552 περὶ
2094 1480 2169 1532 τῶ

2183 1499 2202 1533 ν
2236 1482 2487 1537 εἰκόνων.
2529 1481 2623 1538 liae
2650 1476 2781 1539 sunt
2811 1483 2865 1538 in
2888 1483 3127 1540 editione
3166 1491 3375 1550 nostra,
3430 1485 3530 1540 lib.
3583 1482 3653 1550 ll,
3687 1485 3811 1553 epi-

542 1575 681 1628 stola
701 1575 755 1640 1,
784 1573 838 1641 4,
865 1574 919 1640 6,
951 1575 1005 1641 8,
1047 1574 1136 1640 10,
1165 1576 1256 1641 2l,
1287 1575 1377 1640 25,
1400 1575 1490 1639 26,
1521 1575 1590 1630 55
1616 1585 1668 1629 et
1697 1573 1787 1628 56.
2855 1572 2866 1583 '

611 1661 809 1718 Postea
833 1662 885 1716 in
935 1661 1106 1734 Regio
1146 1661 1347 1717 Codice
1387 1663 1581 1732 legitur
1609 1662 1896 1732 inscriptio
1937 1661 2090 1716 haec:
2127 1659 2234 1712 Τοῦ

2186 1659 2234 1712 r3
2269 1657 2524 1727 δευτέρου
2574 1656 2803 1728 βιϐλίου.
2849 1649 2987 1712 Tum
3025 1665 3335 1729 sequuntur
3383 1655 3630 1727 epistola:
3669 1673 3814 1727 qua-

543 1748 813 1818 draginta,
843 1765 1074 1819 quarum
1101 1746 1330 1818 singulae
1358 1749 1736 1803 inscribuntur
1773 1749 1938 1803 etiam
1969 1766 1982 1801 :
2014 1750 2171 1817 Δογμι

2187 1745 2332 1816 ιτικὴ
2356 1745 2615 1815 περὶτῶν
2637 1745 2810 1815 ἁγίων
2849 1746 3096 1800 εἰκόνων·
3139 1755 3268 1802 sunt
3297 1755 3483 1802 autem
3517 1747 3572 1799 in
3617 1754 3815 1800 nostra

543 1832 808 1899 editione,
851 1833 976 1888 libri
1017 1834 1247 1887 secundi
1273 1833 1501 1901 epistola
1525 1834 1615 1897 11,
1646 1833 1738 1897 42,
1761 1831 1852 1899 65,
1885 1831 1974 1897 72,
2005 1831 2095 1896 84,
2126 1832 2171 1886 81

2183 1832 2683 1898 ἰ,151,198,156,
2722 1835 2847 1896 158,
2884 1835 3320 1902 161,162,165,
3357 1832 3635 1900 166,167,
3677 1835 3811 1899 169,

543 1921 672 1984 290,
703 1920 826 1985 191,
861 1920 984 1985 199,
1011 1920 1139 1989 204,
1173 1919 1301 1986 212,
1331 1917 1459 1986 217,
1485 1920 1615 1988 218,
1650 1920 1773 1988 152,
1804 1919 1927 1987 155,
1963 1920 2086 1988 154,
2113 1921 2237 1989 155,
2272 1922 2396 1990 157,
2421 1921 2547 1988 159,
2576 1920 2701 1990 160,
2728 1922 2851 1989 164,
2884 1923 3014 1991 165,
3042 1924 3168 1989 168,
3199 1921 3325 1991 170,
3359 1923 3484 1990 171,
3518 1923 3649 1989 172,
3683 1918 3818 1986 175,

545 2008 671 2073 193,
694 2007 822 2075 215,
853 2007 959 2062 219

615 2095 749 2163 Quae
769 2097 1018 2167 proxime
1053 2106 1362 2166 sequuntur
1382 2097 1628 2166 epistolae
1655 2111 1885 2152 numero
1905 2098 2306 2172 quinquaginta
2331 2118 2450 2167 sex,
2488 2103 2692 2159 habent
2721 2102 2866 2158 hanc
2894 2099 3309 2171 inscriptionem
3341 2117 3356 2154 :
3394 2099 3504 2154 Τοῦ
3529 2097 3701 2153 αὐτοῦ
3749 2099 3822 2152 ἐκ

545 2185 656 2239 τῶν
699 2185 975 2255 διαφόρων
1016 2185 1180 2240 αὑτοῦ
1217 2183 1516 2240 ἐπιστολῶν
1546 2185 1746 2257 ἐκλογὴ
1783 2185 1883 2256 τῆς
1916 2186 2142 2258 πρώτης

2193 2191 2269 2244 rat
2293 2191 2556 2264 δευτέρας
2591 2189 2831 2264 ὲξορῑας.
2870 2191 2950 2247 Ac
2978 2189 3200 2246 easdem
3227 2202 3477 2259 prorsus,
3507 2186 3821 2257 eodemque

546 2271 688 2328 inter
719 2271 868 2342 ipsas
907 2271 1122 2338 ordine,
1157 2273 1210 2326 in
1237 2281 1424 2328 nostra
1447 2271 1687 2328 editione
1713 2283 2070 2343 reprasentat
2101 2276 2239 2333 liber
2275 2279 2509 2349 primus.

619 2360 716 2416 His
749 2360 1071 2429 subiunctus
1103 2369 1188 2415 est
1216 2359 1270 2414 in
1311 2359 1502 2416 codice
1545 2360 1639 2415 illo
1668 2359 1860 2418 Graeco
1886 2360 2048 2420 lndex
2085 2365 2154 2420 ad
2187 2376 2481 2437 sequentes
2509 2367 2775 2439 epistolas
2817 2367 3119 2437 pertinens,
3149 2373 3316 2435 atque
3355 2363 3430 2418 ita
3464 2363 3770 2433 inscriptus
3803 2377 3822 2414 :

548 2446 659 2501 Τοῦ
703 2448 868 2502 αὐτοῦ
903 2449 968 2502 ἐκ
997 2447 1107 2502 τῶν
1144 2447 1417 2523 διαφόρῳν
1467 2447 1634 2502 αὐτοῦ
1678 2449 1983 2504 ἐπιστολῶν
2015 2451 2176 2521 ὲκλογ

2193 2451 2217 2524 ἡ
2259 2455 2359 2524 τῆς
2389 2453 2580 2528 τρίτης
2637 2454 2875 2528 ὲξορῑσις.
2919 2453 3059 2509 Tum
3115 2454 3170 2507 iu
3203 2451 3387 2507 Indice
3420 2450 3515 2506 illo
3546 2460 3821 2506 notantur

550 2536 814 2592 continua
848 2538 991 2594 serie
1015 2538 1376 2594 ducentarum
1414 2547 1471 2594 et
1501 2538 1664 2594 unius
1698 2538 2057 2608 epistolarum
2097 2543 2262 2609 tituli,
2290 2543 2617 2601 exhibentes
2651 2542 2854 2616 slnguli
2882 2556 3086 2598 nomen
3119 2539 3362 2596 illius'ad
3387 2554 3552 2611 quem
3578 2538 3822 2610 epistola

549 2626 810 2682 mittitur.

621 2678 1034 2772 gest—ludimm
1081 2717 1369 2790 descriptae
1421 2726 1553 2775 sunt
1600 2718 1850 2790 epistolae
1901 2719 2009 2776 illa:
2057 2719 2307 2775 ducentae
2337 2678 2548 2787 etuna,
2581 2719 2689 2777 sub
2723 2720 2830 2776 hoc
2869 2719 3167 2774 lemmate:
3211 2715 3446 2788 Ἐκλογὴ
3482 2716 3584 2787 τῆς
3626 2715 3822 2786 τρίτης

551 2801 790 2872 ἑξορεας.
822 2803 962 2860 Tum
995 2805 1051 2861 in
1085 2817 1322 2877 quatuor
1349 2806 1520 2865 libros
1558 2808 1900 2864 tribuuntur.

627 2891 808 2947 Prima
861 2893 1027 2964 igitur
1067 2910 1135 2949 ex
1166 2894 1235 2950 iis
1275 2895 1560 2966 epistolis,
1607 2905 1806 2966 praeter
1860 2895 2035 2966 ipsius
2085 2892 2500 2965 inscriptionem
2544 2894 2844 2966 propriam,
2900 2894 3067 2950 habet
3099 2893 3248 2948 hunc
3278 2904 3501 2963 quoque
3538 2889 3762 2945 titulum
3796 2905 3814 2943 :

553 2980 746 3034 ΑΡΧΗ
775 2980 1056 3035 ΒΙΒΛΙΟΥ
1093 2981 1174 3036 A'.
1217 2981 1322 3048 Qui
1371 2983 1565 3039 titulus
1617 2985 1851 3053 pertinet
1881 2983 2142 3038 nimirum
2192 2982 2259 3037 ad
2310 2982 2572 3052 epistolas
2624 2981 2848 3053 triginta
2881 2996 2974 3038 sex
3011 2997 3031 3038 :
3057 2996 3180 3052 qua:
3211 2979 3670 3057 subsequuntur:
3703 2977 3814 3065 nisi

555 3069 703 3138 quod
733 3085 843 3126 una
873 3070 1059 3135 deest;
1097 3070 1258 3142 cujus
1308 3081 1496 3126 tamen
1532 3087 1744 3127 vacuus
1788 3070 2013 3126 relictus
2059 3080 2144 3126 est
2191 3070 2370 3126 locus.
2421 3069 2534 3126 llas
2582 3079 2788 3136 autem,
2837 3069 3144 3142 eodemque
3174 3069 3392 3134 ordine,
3428 3074 3617 3123 nostra
3643 3066 3824 3122 editio

555 3155 816 3224 exhibet,
851 3157 920 3212 ab
953 3155 1107 3213 inltio
1135 3172 1329 3228 nempe
1359 3157 1482 3214 libri
1506 3157 1733 3214 secundi
1761 3173 1937 3228 usque
1965 3159 2031 3214 ad
2065 3157 2396 3214 tricesitnam
2451 3157 2741 3228 septimam
2782 3158 3115 3229 epistolam;
3149 3167 3379 3230 excepta
3426 3165 3611 3214 tamen
3653 3154 3820 3212 tertia

560 3244 781 3299 numeri
805 3243 986 3313 illius;
1013 3253 1180 3316 atque
1205 3247 1321 3302 haec
1350 3255 1436 3302 est
1455 3261 1556 3317 pro
1575 3262 1682 3317 qua
1703 3262 1939 3302 vacuum
1969 3247 2147 3302 locum
2183 3245 2347 3300 habet
2379 3244 2548 3301 codex
2575 3241 2814 3315 Regius;
2843 3245 2937 3315 qui
2963 3247 3328 3303 nihilominus
3357 3248 3414 3302 in
3447 3246 3630 3302 indice
3648 3258 3820 3315 supra

559 3339 888 3398 memorato,
925 3331 1071 3388 illius
1106 3333 1358 3403 epistolae
1387 3332 1804 3403 inscriptionem
1843 3333 2064 3388 exhibet
2097 3347 2162 3388 ac
2190 3331 2404 3388 numeri
2437 3341 2645 3398 notam,
2682 3331 2936 3390 videlicet
2961 3334 3023 3389 Γ.
3052 3335 3366 3407 ἡγουμένῳ.

624 3438 833 3496 Deinde
884 3441 940 3496 in
997 3441 1201 3498 Codice
1253 3441 1446 3498 Graeco
1494 3453 1717 3497 notatur
1745 3440 1936 3495 ΑΡΧΗ
1976 3441 2252 3496 ΒΙΒΔΙΟΥ
2283 3442 2361 3500 B'.
2403 3443 2484 3498 Ac
2525 3450 2828 3512 sequuntur
2881 3440 3279 3512 quinquaginta
3323 3441 3568 3512 epistolae
3615 3455 3631 3492 :
3679 3452 3821 3508 quas

561 3537 751 3586 nostra
781 3530 949 3586 editio
987 3531 1152 3586 simili
1180 3545 1412 3601 prorsus
1441 3529 1635 3586 ordine
1663 3529 1908 3600 subjicit,
1938 3543 1969 3584 a
2004 3529 2276 3586 tricesima
2296 3539 2450 3588 sexta
2477 3530 2689 3588 scilicet
2717 3528 2840 3584 libri
2866 3529 3093 3585 secundi
3123 3545 3299 3600 usque
3329 3528 3397 3585 ad
3421 3527 3818 3599 octog'csimam

564 3620 878 3689 septimam.

636 3709 768 3766 lude
819 3711 875 3765 in
913 3709 1114 3766 Codice
1150 3709 1342 3767 Graeco
1374 3709 1565 3765 ΑΡΧΗ
1607 3711 1883 3766 ΒΙΒΛΙΟΥ
1905 3711 1990 3766 -Γ’.
2025 3719 2080 3768 et
2111 3715 2417 3780 sequuntur
2441 3707 2689 3780 epistolae
2731 3709 3016 3779 sexaginta
3061 3714 3298 3778 quatuor
3345 3719 3468 3777 quae
3497 3704 3553 3759 in
3579 3701 3821 3759 editione

567 3806 776 3864 nostra,
837 3797 1030 3854 eodem
1083 3797 1247 3854 etiam
1298 3797 1512 3867 ordine,
1565 3799 1635 3854 ab
1681 3799 2011 3871 octogesima
2066 3809 2221 3854 sexta
2269 3799 2481 3856 scilicet
2536 3816 2714 3873 usque
2771 3801 2842 3857 ad
2892 3801 3255 3858 centesimam
3304 3795 3819 3869 quinquagesimum

565 3902 823 3956 primam.

631 3995 772 4053 Tum
822 3997 1060 4071 denique
1092 3999 1285 4055 ΑΡΧΗ
1339 3999 1617 4054 ΒΙΒΔΙΟΥ
1649 3997 1722 4053 A'.
1760 3997 1826 4052 Et
1853 4007 2160 4068 sequuntur
2189 3961 2432 4068 cpistola:
2458 3999 2703 4069 quinque
2743 4005 2799 4053 et
2847 3996 3075 4068 triginta
3123 4011 3245 4068 qua:
3274 3995 3331 4049 in
3367 4001 3550 4049 nostra
3579 3992 3821 4047 editione

567 4097 699 4143 sunt
748 4086 870 4142 libri
922 4088 1147 4144 secundi
1177 4087 1408 4159 epistola
1439 4087 1562 4152 174,
1606 4086 1731 4152 175,
1767 4085 1890 4148 176,
1920 4081 2042 4150 177,
2081 4081 2195 4151 1'781

2189 4125 2204 4151 ,
2230 4085 2352 4152 179,
2382 4085 2506 4151 180,
2539 4087 2666 4149 181,
2698 4085 2822 4150 182,
2855 4085 2978 4149 185,
3019 4083 3144 4148 184,
3174 4083 3305 4148 185,
3346 4080 3472 4145 186,
3523 4079 3642 4143 187,
3689 4077 3817 4143 188,

568 4174 693 4243 189,
725 4176 814 4242 91,
840 4175 930 4243 92,
963 4176 1054 4243 95,
1084 4175 1178 4243 96,
1209 4175 1300 4241 97,
1319 4175 1446 4242 200,
1471 4175 1598 4241 201,
1632 4175 1762 4240 202,
1797 4174 1926 4240 201,
1949 4173 2079 4238 205,
2108 4171 2196 4228 201

2017 4173 2079 4238 l5,
2108 4171 2238 4239 206,
2271 4170 2400 4237 907,
2431 4169 2559 4238 208,
2589 4170 2717 4238 209,
2737 4169 2864 4234 210,
2891 4168 3020 4237 212,
3055 4167 3183 4234 215,
3209 4167 3338 4236 214,
3365 4166 3494 4232 215,
3519 4164 3645 4218 216.

568 4365 2438 4397 W

1520 4516 1712 4581 ALIA
1742 4515 1943 4580 ITEM
1981 4514 2362 4578 PARTITIO
2417 4509 2875 4577 EARUMDEM

1824 4683 1897 4742 Ut
1931 4690 2132 4740 notata:
2170 4690 2299 4740 sunt
2337 4681 2390 4736 iu
2431 4695 2568 4738 mss.

1871 4869 2146 4911 EPISTOLIE
2173 4866 2514 4910 υοωιλτιω.

644 4969 810 5031 Libro
835 4968 904 5040 11,
935 4972 1110 5046 Epist.
1141 4972 1196 5042 1,
1227 4971 1283 5039 1,
1325 4973 1380 5042 6,
1429 4972 1518 5039 10,
1545 4971 1638 5038 21,
1659 4970 1752 5037 25,
1787 4969 1880 5036 26,
1911 4968 2004 5035 55,
2031 4967 2121 5036 56,
2153 4967 2272 5036 11,.

2184 4968 2242 5036 ι1,
2265 4969 2359 5034 42,
2385 4968 2474 5031 45,
2508 4969 2598 5036 72,
2637 4967 2730 5033 81,
2761 4964 2854 5032 85,
2891 4965 3017 5032 151,
3057 4962 3182 5034 152,
3213 4961 3338 5029 155,
3376 4961 3506 5030 154,
3547 4963 3670 5027 155,
3707 4961 3812 5018 156

574 5063 1013 5131 157,158,159,
1063 5061 1188 5129 160,
1241 5063 1366 5129 161,
1421 5061 1546 5126 162,
1601 5060 1726 5126 165,
1775 5057 1900 5124 161,
1932 5056 2059 5124 165,
2101 5056 2202 5113 166

2187 5056 2226 5127 ς,
2256 5055 2379 5124 167,
2421 5056 2546 5126 168,
2581 5055 2862 5123 169,170,
2902 5053 3028 5123 171,
3064 5055 3190 5124 172,
3229 5052 3354 5121 17s,
3391 5049 3519 5123 190,
3554 5052 3815 5109 195.191

574 5154 697 5218 198,
730 5151 853 5221 199,
881 5150 1010 5221 201,
1034 5149 1163 5220 212,
1189 5148 1318 5220 215,
1348 5148 1474 5219 217,
1499 5149 1628 5217 218,
1662 5145 1790 5204 219.

2002 5265 2414 5310 (ΞΔΤΕΟΒΕΤΙΩΒ.

642 5350 809 5408 Libro
830 5350 876 5420 1,
909 5349 1081 5424 Epist.
1115 5349 1206 5418 51,
1248 5349 1413 5407 Libro
1440 5349 1507 5418 ll,
1536 5348 1710 5422 Epist.
1739 5346 1796 5420 8,
1825 5344 1917 5415 21,
1949 5344 2040 5410 57,
2072 5342 2164 5407 58,
2195 5343 2270 5398 62

1847 5344 1917 5415 11,
1949 5344 2040 5410 57,
2072 5342 2164 5407 58,
2195 5343 2284 5407 62,
2317 5338 2674 5413 61,90,112,
2707 5340 2834 5412 124,
2867 5338 3155 5411 131,155,
3193 5337 3317 5406 119,
3354 5337 3475 5395 ita.

770 5509 775 5514 .
2011 5447 2405 5491 PARENETICE.

643 5529 808 5589 Libro
834 5531 898 5602 ll,
936 5531 1113 5604 Epist.
1144 5532 1237 5599 55,
1279 5531 1400 5601 102,
1439 5531 1560 5599 105,
1594 5527 1717 5588 109.

1975 5623 2414 5668 CONSOLATORIB.

642 5695 806 5760 Libro
834 5697 877 5769 1,
915 5700 1086 5773 Epist.
1126 5703 1214 5772 12,
1242 5703 1331 5762 50.

4078 2111 4084 2250 ι

4085 2370 4089 2550 Κ

3669 6300 4103 6327 ,ηδ-ι-
