3872 6230
491 402 590 455 bii)
1493 401 1576 456 DE
1617 401 1870 456 FELlCiS
1908 402 1994 456 ET
2032 401 2341 456 ELIPA‘NDI
2379 399 2648 454 ll.-EftESi

3563 400 3687 459 589

489 514 726 567 doctrina
764 526 912 578 teque
935 527 997 565 ac
1031 512 1308 564 sanctitate
1345 521 1656 578 prtestantes
1681 551 1694 572 ,
1727 513 1862 566 sicut
1889 512 2024 564 alter
2053 517 2100 574 Λ
2126 519 2409 565 tractatum
2439 528 2451 561 :
2479 509 2860 578 itai‘Concilium
2887 510 3408 578 Forojuliense,ietsl
3446 511 3514 563 ad
3540 527 3692 565 con-

490 582 714 633 alterum
757 580 820 632 ad
855 588 1124 632 certamen
1149 586 1332 632 contra
1371 581 1551 632 hostes
1580 580 1827 632 Ecclesia;
1861 581 2026 632 susci-

489 649 734 716 piendum
764 646 1032 716 incitabat,
1062 648 1140 716 sic
1160 646 1293 716 alter
1313 661 1428 698 cum
1449 647 1616 716 altero
1644 648 2027 716 dehumilitate

489 713 746 771 certabat.
781 713 910 765 Nam
933 715 1087 768 sicuti
1111 714 1360 766 Alcuinus
1388 714 1593 766 volebat
1621 715 1816 780 scripta
1843 729 1939 766 sua
1962 715 2027 766 ad
2053 734 2062 741 ~

489 783 692 836 Paulini
738 795 959 835 examen
1011 781 1215 844 deduci,
1268 782 1341 832 ita
1389 781 1638 834 Paulinus
1681 783 1920 834 hortatus
1946 791 2029 835 est

486 850 729 904 Carolum
753 849 971 916 epistola
1008 850 1258 915 quadam,
1290 849 1438 915 cujus
1472 851 1642 902 adhuc
1676 847 2026 916 fragmentum

487 915 1174 986 superest,ntexploratam,
1215 918 1520 986 priusquam
1550 915 1904 986 publicaliliri
1946 917 2025 969 sui

485 983 750 1039 frueretur
789 983 934 1047 luce,
979 984 1184 1037 Alcuini
1215 983 1432 1037 haberet
1472 983 1800 1036 sententiam.
1831 983 2027 1037 Orabat

485 1063 660 1107 autem
694 1071 705 1105 :
765 1044 1072 1118 «Quatenus
1097 1053 1240 1121 (sunt
1276 1051 1388 1118 ejus
1428 1052 1605 1120 verba)
1643 1052 1742 1104 hoc
1765 1061 2021 1115 nostrum,

485 1121 608 1174 licet
648 1137 750 1174 non
795 1122 1082 1188 pretiosum
1105 1159 1118 1180 ,
1151 1121 1497 1186 quodcunque
1528 1128 1700 1188 tamen
1741 1135 2024 1173 munuscu-

484 1189 592 1241 lum
614 1190 678 1240 atl
704 1187 888 1240 manus
916 1188 1320 1240 reverentissimi
1343 1188 1462 1248 viri,
1490 1195 1544 1239 et
1570 1188 1621 1239 in
1652 1187 1842 1240 divinis
1867 1191 2024 1241 rebus

485 1257 789 1324 peritissimi
808 1266 858 1307 et
876 1255 1108 1324 pneclari
1132 1255 1299 1307 Albini
1315 1255 1746 1324 scilicetsummze
1757 1256 2024 1324 religionis

485 1323 770 1393 perspicui
790 1323 1015 1376 oratoris
1042 1323 1242 1393 vestri,
1290 1323 1522 1393 mihique
1549 1336 1705 1390 super
1729 1323 1903 1393 omnia
1932 1323 2025 1376 fla-

485 1390 718 1445 ventium
748 1390 983 1444 favorum
1024 1391 1326 1458 dulcissima
1368 1391 1522 1444 mella
1543 1429 1558 1452 ,
1598 1391 1907 1458 urgentibus
1935 1405 2023 1444 ve-

485 1461 610 1513 stris
644 1459 952 1512 venerandis
979 1459 1213 1525 imperiis
1244 1457 1526 1512 deferatur.
1559 1478 1576 1508 ι

554 1527 722 1582 LVlll.
747 1527 946 1597 Libros
983 1527 1140 1597 hosce
1182 1541 1318 1578 anno
1347 1526 1446 1578 796
1492 1525 2018 1597 Paulinusvulgavit,

484 1605 541 1648 ut
581 1612 680 1648 non
711 1596 932 1665 obscure
971 1595 1264 1665 colligimus
1287 1609 1352 1646 ex
1383 1609 1531 1665 anno
1551 1594 1802 1665 bissextili
1828 1635 1842 1658 ,
1862 1594 2022 1665 cujus

485 1666 754 1732 mysticam
781 1663 1263 1732 interpretationem
1293 1663 1625 1729 prosequitur
1651 1663 1702 1715 in
1732 1665 1840 1732 ipsa
1877 1663 2021 1717 dedi-

482 1729 705 1786 ca’tionis
733 1729 970 1798 epistola,
999 1730 1120 1800 quia
1147 1729 1264 1782 talis
1289 1745 1464 1782 revera
1479 1740 1601 1800 _erat
1629 1729 1799 1800 annus
1824 1731 2018 1800 Septin-

2127 580 2512 632 demnationem
2546 576 2734 631 Felicis
2761 576 3132 645 congregatum
3163 577 3300 629 haud
3329 580 3558 643 dicatur,
3599 591 3691 629 at—

2125 655 2298 698 tamen
2329 646 2538 713 proprie
2566 653 2619 697 et
2652 660 2774 698 vere
2804 646 3046 698 haeresim
3088 645 3409 697 Felicianam
3435 647 3536 698 sub
3579 665 3686 698 τεο-

2126 715 2266 765 ntine
2293 715 2622 778 adoptionem
2656 715 2708 765 in
2729 713 2858 765 Filio
2889 713 2979 765 Dei
3010 713 3285 765 incarnato
3311 717 3686 767 astruentium

2123 782 2446 847 proscripsit.
2479 780 2581 832 Sed
2602 789 2826 845 emptam
2856 781 2990 832 viam
3015 795 3415 848 prosequamur.

2194 849 2300 900 LX.
2341 848 2529 916 Opera,
2553 863 2668 916 quae
2695 849 2962 916 hucusque
2992 855 3195 916 regesta
3221 856 3360 910 sunt,
3389 858 3442 900 et
3471 850 3524 901 in
3549 865 3686 915 qua:

2124 915 2446 968 desutlarunt
2477 915 2722 968 Paulinus
2746 922 2799 966 et
2828 915 3106 976 Alcuinus,
3150 925 3379 982 quatuor
3404 932 3687 969 annorum

2123 985 2348 1050 spatium
2395 983 2862 1049 comprehendunt,
2915 998 3100 1050 nempe
3134 985 3200 1036 ab
3251 1000 3393 1037 anno
3438 984 3542 1037 796
3598 985 3688 1035 in-

2123 1052 2446 1121 clusivequo
2467 1050 2768 1121 prodierunt
2789 1051 2989 1102 Paulini
3019 1051 3135 1121 libri
3156 1066 3274 1121 cum
3301 1053 3500 1121 Regula
3521 1052 3687 1111 ﬁdei,

2121 1120 2186 1170 ad
2221 1119 2416 1171 an.799
2443 1134 2546 1184 quo
2573 1118 2742 1169 medio
2771 1128 3004 1184 tempore
3026 1118 3278 1170 Alcuinus
3305 1118 3430 1172 suos
3451 1122 3682 1172 concia-

2121 1195 2355 1239 naverat.
2390 1187 2580 1238 Verum
2606 1185 2866 1238 incassum
2889 1194 3075 1238 cuncta
3099 1184 3293 1252 jact'at,
3324 1195 3378 1238 et
3407 1187 3591 1240 oleum
3629 1196 3688 1239 et

2121 1269 2334 1332 operam
2381 1253 2564 1332 Patres
2623 1254 2674 1305 hi
2711 1254 3018 1332 perdidisse
3059 1254 3390 1332 videbantur.
3425 1256 3689 1332 _Animos

2125 1329 2299 1375 tamen
2344 1338 2445 1375 non
2497 1321 2772 1388 despondit
2809 1321 3026 1375 Carolus
3055 1324 3332 1374 revocandi
3373 1324 3438 1375 ad
3477 1323 3688 1375 salutis

2120 1390 2259 1442 viam
2309 1391 2648 1452 errabundus,
2689 1404 2985 1455 novumque
3030 1388 3252 1454 lapidem
3295 1391 3475 1452 movit,
3527 1391 3684 1442 indi-

2119 1458 2285 1526 cendo
2311 1457 2511 1511 scilicet
2536 1457 2813 1526 concilium
2841 1456 3241 1526 Urgellitanum,
3269 1469 3415 1510 ratus
3438 1472 3683 1526 anguem

2119 1525 2326 1580 facilius
2354 1525 2700 1587 enecandum,
2730 1525 2771 1578 si
2804 1526 2856 1576 in
2886 1525 2984 1593 sua
3007 1537 3163 1592 specu
3190 1533 3478 1593 peteretur,
3512 1525 3565 1578 et
3595 1527 3688 1578 in-

2120 1609 2276 1662 super
2327 1593 2654 1647 sollicitando
2697 1593 2925 1646 Leonem
2975 1592 3038 1646 lll
3077 1594 3142 1645 ad
3193 1592 3331 1645 aliud
3379 1594 3679 1647 concilium

2123 1661 2302 1714 Ruina:
2330 1663 2637 1728 cogendum.

2187 1730 2316 1782 LXI.
2359 1726 2649 1798 Romanum
2681 1731 2778 1798 hoc
2806 1728 3083 1798 concilium
3119 1744 3220 1782 non
3249 1744 3387 1781 anno
3412 1729 3482 1783 52
3515 1726 3683 1798 regni

483 1796 807 1874 gentesimus
835 1796 1424 1874 nonagesiniussextus.
1468 1798 1574 1874 _Sed
1606 1814 1707 1874 non
1732 1796 2020 1874 hisce'tan-
2053 1817 2095 1874 Β
2120 1796 2325 1874 Caroli,_
2365 1808 2421 1850 ut
2447 1797 2647 1874 putavit
2692 1796 2956 1874 La_bb'.eus_
2965 1798 3105 1874 1“sed
3131 1798 3543 1874 Silcelebrptum
3574 1796 3679 1849 ad-

482 1865 752 1921 {utnmodo
798 1865 1008 1934 scriptis
1051 1867 1099 1918 in
1130 1865 1442 1919 Felicianam
1468 1868 1708 1920 haeresim
1748 1868 1847 1921 hoc
1880 1883 2018 1922 anno

485 1937 789 1997 iusurrexit,
831 1950 1012 1986 verum
1043 1937 1198 1986 etiam
1229 1935 1611 2002 proscriptione
1640 1937 1886 2002 synodica
1917 1936 2021 1989 lue-

483 2019 678 2065 rescos,
708 2006 756 2055 in
785 2018 878 2056 suo
899 2003 1122 2056 concilio
1149 2001 1486 2066 Forojuliensi
1517 2001 1891 2070 prolata,quod
1919 2005 2019 2057 hoc

481 2088 620 2125 anno
660 2073 978 2124 celebratum
1007 2080 1120 2138 post
1158 2071 1427 2123 Paschalis
1455 2071 1641 2123 festum
1683 2072 1734 2124 in
1769 2072 2020 2125 disserta-

481 2142 622 2194 tione
651 2148 824 2192 nostra
847 2140 1068 2192 secunda
1092 2140 1219 2191 satis
1241 2153 1498 2207 superque
1525 2139 2017 2207 demonstravimus.

483 2208 581 2261 llic
604 2211 788 2262 sistere
818 2207 1316 2275 aliquantulumiuos
1332 2206 1487 2274 cogit.
1520 2206 1583 2275 VP.
1609 2207 1819 2275 Pagius,
1848 2209 1934 2275 qui
1955 2208 2020 2260 ad

480 2291 567 2330 an.
601 2279 718 2339 791,
749 2294 801 2328 n.
832 2276 864 2327 5
893 2273 944 2327 ct
973 2291 1118 2341 seqq.
1147 2273 1317 2335 affert,
1358 2273 1456 2327 etsi
1484 2274 1583 2325 alia
1616 2273 1904 2328 intentione
1933 2291 2017 2327 ar-

515 2355 806 2406 umentum,
831 2344 968 2410 quod
996 2344 1244 2394 honorem
1269 2341 1621 2395 damnationis
1641 2343 1902 2397 hereseos
1923 2343 2021 2396 Fe-

515 2360 806 2406 umenunn,
831 2360 968 2410 quou
998 2360 1244 2394 nonorcm
1269 2360 1621 2395 damnationis
1641 2360 1902 2397 nmrcseos
1923 2360 2019 2396 re-

481 2360 686 2466 ﬁciam:
707 2412 924 2465 Paulino
961 2412 1176 2479 ejusque
1201 2411 1422 2463 concilio
1451 2412 1652 2477 eripere
1678 2422 1852 2476 posset
1877 2452 1891 2475 ,
1922 2411 2019 2464 nisi

482 2483 728 2534 diluatur.
779 2480 866 2550 Ait
897 2484 1031 2550 enim
1061 2480 1311 2531 adversus
1354 2482 1746 2550 impugnatores
1785 2481 2018 2550 mysterii

481 2549 857 2603 lucu-nationis
915 2548 966 2599 in
1006 2559 1195 2614 genere
1239 2547 1599 2598 tantummodo
1649 2547 1920 2600 delinitqu
1967 2549 2019 2601 in

479 2618 726 2678 concilio,
759 2632 860 2668 non
890 2630 1012 2667 vero
1039 2615 1290 2666 adversus
1331 2615 1557 2666 Felicem
1600 2615 1650 2665 in
1692 2617 2015 2680 pal‘titrnlari.

478 2686 538 2738 Si
567 2687 665 2739 hoc
693 2685 944 2743 admittis,
965 2682 1014 2733 in
1045 2683 1380 2734 damnatione
1403 2681 1588 2734 Felicis
1613 2682 1833 2749 ejusque
1863 2683 2021 2736 ntale-

483 2770 624 2806 sanae
654 2752 906 2805 doctrinze.
930 2749 1177 2820 Paulinus
1199 2765 1325 2820 cum_
1345 2765 1439 2820 suo
1466 2749 1689 2802 concilio
1716 2751 1883 2804 nullas
1903 2767 2020 2820 par-

483 2833 562 2874 tes
604 2821 892 2882 habuisset,
924 2818 988 2881 si,
1023 2817 1160 2884 quod
1197 2819 1269 2871 ait
1298 2818 1514 2887 Psgius,
1565 2821 1854 2885 generatim
1903 2817 2017 2872 tan-

483 2889 749 2942 tummodo
794 2887 976 2940 fuisset
1028 2904 1044 2934 ι
1083 2895 1257 2938 actum
1290 2887 1340 2938 in
1383 2903 1445 2939 eo
1489 2888 1734 2948 concilio,
1768 2888 2019 2941 adversus

480 2974 570 3012 eos
598 2959 684 3027 qui
714 2949 874 3010 variis
897 2953 1164 3027 erroribus
1196 2955 1443 3027 implicati
1475 2957 1537 3006 de
1565 2956 1814 3027 mysterio
1844 2956 2017 3027 Triui-_

483 3020 637 3089 tatis',
678 3025 1072 3094 prtesertimque
1106 3020 1172 3074 de
1212 3020 1543 3094 precessione
1588 3021 1816 3088 Spiritus
1850 3025 2017 3094 sancti

477 3111 580 3149 non
608 3091 748 3147 recte
769 3092 1080 3150 sentiebant,
1111 3104 1170 3141 ac
1190 3098 1442 3156 pneterea
1466 3091 1716 3142 adversus
1739 3106 1827 3144 eos
1850 3092 1938 3158 qui
1965 3092 2015 3149 in

480 3165 609 3216 duas
639 3163 879 3215 videntur
899 3159 1032 3212 filios
1071 3171 1228 3210 unum
1257 3159 1522 3211 Christum
1551 3158 1642 3210 Dei
1671 3158 1858 3211 Filium
1884 3161 2017 3214 divi-

481 3232 623 3292 dere,
657 3231 779 3282 dum
817 3228 959 3282 illtun
1000 3226 1289 3280 naturalem
1317 3235 1370 3280 et
1413 3229 1712 3294 adoptivum
1755 3227 2016 3280 aiiirmare

481 3301 786 3376 nioiiuntur,
813 3297 982 3376 inquit
1020 3294 1268 3376 Pauiinus
1303 3295 1359 3376 in
1399 3310 1491 3376 sua
1518 3295 2018 3376 OrationenQuibus

479 3369 654 3420 verbis
699 3363 929 3419 ostendit
972 3363 1252 3414 concilium
1301 3363 1436 3414 istud
1490 3364 1742 3415 adversus
1790 3364 2016 3416 Felicem

479 3436 859 3504 Urgeltitanum
880 3439 1276 3504 _eongregatum
1312 3447 1410 3504 non
1439 3429 1597 3483 fuisse
1617 3470 1647 3504 ,_
1681 3431 1768 3484 sed
1800 3447 2016 3504 genera-

478 3499 581 3556 tiui
595 3505 844 3555 adversus
880 3499 1162 3562 Ebionitas,
1194 3499 1552 3560 Nestor-ianos,
1584 3500 1818 3567 aliosque
1855 3501 2018 3552 luere-

479 3574 610 3625 ticos
659 3571 711 3624 in
754 3584 962 3624 sacrum
1012 3567 1391 3622 lncarnationis
1442 3569 1749 3636 mysterium
1795 3583 2017 3636 peccan-

480 3651 576 3693 tes.
625 3660 644 3691 ι

547 3709 676 3761 LIX.
717 3707 909 3760 Verum
937 3719 1001 3758 ex
1031 3711 1175 3756 textu
1198 3703 1399 3755 Paulini
1428 3719 1455 3754 a
1482 3703 1642 3770 Pagio
1681 3703 1846 3755 relato
1874 3705 2017 3756 evin-

478 3778 634 3840 citur,
663 3785 714 3828 et
738 3774 948 3842 quidem
973 3781 1028 3824 ut
1055 3787 1150 3842 ego
1178 3772 1346 3842 sentio
1375 3771 1704 3842 apertissime
1734 3787 1840 3842 non
1866 3773 2017 3842 modo

479 3847 531 3898 in
557 3840 770 3914 genere,
812 3840 1206 3914 seduspeciatim
1247 3841 1545 3892 damnatum
1591 3841 1775 3914 dogma
1804 3840 2012 3914 Felicis,

482 3909 703 3982 quodex
731 3911 883 3982 factis
909 3909 1115 3962 illorum
1154 3916 1446 3982 temporum
1471 3911 1871 3982 comprobatur;
1893 3909 2015 3982 Duae

478 3976 736 4050 pnecipue
775 3980 1012 4050 haereses
1039 3986 1162 4029 tunc
1181 3976 1442 4050 _tcmporis
1461 3977 1808 4050 _lacessebant
1835 3978 2017 4050 Εουιθτ

480 4044 610 4104 siam
639 4044 651 4100 Ξ
673 4049 835 4107 altera
857 4047 907 4098 in
928 4045 1140 4100 Oriente
1163 4045 1226 4096 de
1245 4045 1576 4111 processione
1600 4044 1826 4111 Spiritus
1847 4047 2014 4098 sancti

480 4119 617 4185 apud
636 4117 881 4185 Griecos;
909 4115 1072 4185 altera
1097 4113 1147 4164 in
1179 4112 1458 4185 Occidente
1478 4113 1542 4165 de
1569 4114 1846 4185 adoptione
1869 4114 2016 4185 Chri-

479 4178 545 4241 sti
566 4185 679 4239 Filii
702 4183 792 4236 Dei
813 4182 949 4248 apud
970 4181 1242 4247 Hispanos.
1263 4178 1316 4230 In
1343 4188 1617 4247 utramque
1640 4178 1860 4248 insurgit
1880 4182 2017 4234 Pau-

479 4256 638 4313 linus,
669 4247 945 4318 utramque
989 4248 1268 4317 proscribit
1307 4258 1360 4302 et
1407 4247 1640 4318 damnat.
1685 4247 1833 4302 Sicut
1874 4251 2013 4303 enim

482 4322 583 4375 dici
626 4320 762 4373 haud
788 4317 956 4386 potest
988 4319 1258 4386 damnatos
1289 4324 1490 4369 tantum
1537 4317 1588 4368 in
1630 4331 1821 4384 genere
1849 4319 2014 4385 impu-

479 4385 987 4466 gnatoresnmysterii
1015 4385 1290 4466 Trinitatis
1308 4424 1322 4447 ,
1349 4398 1468 4466 cum
1497 4385 1866 4466 pressertim‘de
1891 4403 2011 4452 pro-

2122 1868 2278 1920 vertit
2307 1866 2425 1934 jure
2447 1864 2684 1919 Cointius
2710 1865 2776 1917 ad
2802 1881 2888 1934 an.
2929 1865 3046 1934 799,
3077 1881 3129 1917 n.
3165 1867 3228 1917 l6
3253 1883 3264 1917 :
3314 1883 3331 1914 ι
3367 1864 3477 1917 Hoc
3501 1879 3674 1934 anno,

2120 1935 2194 1987 ait
2219 1932 2477 1988 amialista
2519 1934 2777 1994 laudatus,
2804 1932 3027 2002 Carolus
3052 1950 3244 1986 annum
3275 1935 3422 2002 regni
3455 1934 3538 1986 sui
3567 1932 3677 1984 tri~

2120 2003 2375 2056 cesimum
2418 2002 2642 2071 primum
2673 2001 2893 2071 absolvit
2916 2042 2928 2061 ,
2980 2002 3196 2071 iniitque
3229 2001 3551 2071 tricesimum
3584 2015 3672 2071 se-

2120 2072 2347 2123 cundum
2407 2068 2596 2124 octavo
2651 2069 2913 2123 Kalendas
2970 2068 3230 2123 Octobris.
3284 2090 3302 2121 ι
3361 2069 3467 2122 Leo
3519 2069 3678 2122 enim

2121 2149 2344 2207 exeunte
2375 2138 2538 2207 Aprili
2574 2153 2753 2207 mense
2776 2177 2791 2201 ,
2832 2139 2900 2207 ob
2929 2137 3182 2207 tumultus
3209 2141 3260 2192 in
3287 2154 3344 2190 se
3370 2138 3680 2190 concitatos

2120 2215 2174 2258 et
2199 2205 2458 2274 injurias‘a
2484 2205 2764 2274 Paschasio
2781 2214 2829 2258 et
2853 2205 3106 2274 Campulo
3128 2205 3345 2274 Adriani
3371 2207 3679 2274 decessoris

2121 2274 2198 2325 sui
2230 2272 2510 2339 gentilibus
2532 2313 2545 2336 ,
2585 2273 2682 2325 sibi
2723 2273 2894 2326 illatas
2917 2272 2998 2326 vri
3038 2273 3152 2328 Kal.
3183 2272 3346 2327 Maias
3381 2275 3433 2325 in
3467 2273 3679 2325 litaniis

2121 2342 2424 2411 majoribus,
2448 2343 2608 2411 Roma
2639 2341 2878 2411 discessit
2897 2341 2948 2393 in
2970 2339 3167 2411 Gallias
3193 2342 3258 2394 ad
3278 2341 3527 2395 Carolnm
3551 2356 3680 2411 pro-

2118 2409 2369 2478 fecturus,
2404 2409 2672 2478 abfuitque
2701 2409 2839 2464 Urbe
2861 2423 3025 2477 usque
3058 2410 3124 2462 ad
3149 2411 3252 2478 divi
3283 2411 3508 2462 Andre-.e
3535 2409 3669 2476 apo-

2119 2479 2238 2532 stoli
2267 2477 2478 2540 festum,
2526 2477 2711 2547 nempe
2750 2492 2915 2545 usque
2958 2479 3024 2532 ad
3070 2477 3204 2546 prid.
3248 2478 3361 2547 Kal.
3411 2478 3668 2530 Deccmb.

2119 2547 2230 2612 Qua
2257 2548 2320 2598 de
2351 2561 2407 2598 re
2433 2545 3003 2599 consule'Anastasinm
3035 2545 3089 2598 in
3116 2547 3290 2599 eumd.
3318 2546 3449 2598 Cum
3487 2555 3673 2598 autem

2120 2631 2205 2666 an.
2249 2613 2315 2666 55
2351 2614 2581 2667 Carolini
2628 2615 2792 2682 regni,
2834 2623 2966 2668 teste
3011 2615 3232 2667 Alcuino
3272 2613 3404 2666 infra
3448 2615 3673 2668 citando

2119 2698 2172 2733 η.
2203 2682 2267 2733 74
2295 2683 2345 2733 ἱη
2375 2698 2434 2734 ea
2473 2682 2672 2750 synodo
2710 2682 2855 2750 Felix
2893 2682 3145 2750 ejurando
3183 2683 3456 2748 perfidiam
3490 2695 3672 2742 suam,

2120 2751 2435 2818 mentionem
2462 2765 2671 2818 quoque
2700 2749 2884 2804 fecerit
2920 2749 3105 2818 Synodi
3143 2749 3388 2818 Romanae
3421 2751 3534 2817 jam
3565 2750 3673 2802 sub

2117 2817 2289 2871 Leone
2322 2818 2511 2870 habitze
2547 2823 2612 2871 ad
2641 2833 2794 2884 quam
2823 2832 2918 2871 nec
2942 2817 3134 2872 citatus
3157 2829 3236 2870 est
3271 2817 3434 2878 Felix,
3463 2833 3560 2870 nec
3585 2818 3673 2869 in-

2119 2887 2319 2949 terfuit,
2362 2887 2615 2954 quidquid
2663 2895 2844 2940 contra
2891 2884 3167 2939 Berninius
3219 2887 3414 2939 Hister.
3467 2887 3668 2939 hatres.

2118 2969 2238 3006 szec.
2270 2969 2341 3015 ts,
2372 2970 2418 3006 c.
2449 2955 2471 3004 t
2500 2955 2724 3017 scribat;
2752 2971 2871 3006 nam
2899 2955 3162 3008 confessm
3181 2954 3299 3012 fidei
3319 2954 3512 3007 Felicis
3532 2969 3668 3017 non,

2118 3022 2313 3090 utiipse
2340 3031 2504 3090 putat,
2537 3023 2713 3074 habita
2739 3030 2818 3074 est
2855 3022 3054 3087 Rouue,
3098 3023 3188 3075 sed
3224 3022 3567 3090 Aquisgraui,
3607 3030 3673 3076 ut

2119 3089 2252 3142 infra
2283 3089 2507 3156 patebit;
2531 3104 2855 3210 conseqitens
2882 3098 2968 3143 est
2989 3091 3123 3143 hanc
3151 3091 3264 3159 cogi
3293 3089 3672 3157 non’potuisse

2119 3159 2217 3210 nisi
2247 3167 2366 3210 ante
2395 3159 2670 3210 adventum
2752 3160 2898 3210 conis
2931 3159 2980 3210 in
3009 3157 3202 3210 Gallias
3225 3196 3239 3210 .
3274 3158 3510 3210 adeooue
3539 3168 3671 3210 ante

2118 3159 2217 3211 nisi
2247 3167 2366 3210 ante
2395 3159 2670 3210 adventum
2709 3157 2898 3211 Leonis
2931 3159 2980 3211 in
3009 3157 3239 3222 Gallias,
3274 3158 3510 3224 adeoque
3539 3168 3671 3212 ante

2116 3227 2254 3296 diem
2275 3227 2578 3296 vigesimum
2608 3226 2842 3294 quintam
2867 3227 3076 3296 Aprilis.
3103 3226 3264 3296 Igiiar
3283 3227 3497 3280 ineunte
3520 3241 3669 3296 anno

2118 3295 2239 3362 799,
2285 3294 2556 3362 trigesimo
2607 3296 2776 3361 primo
2805 3297 2947 3361 regni
2980 3294 3154 3348 Caroli
3181 3295 3286 3348 Leo
3319 3297 3556 3362 pontifex
3608 3295 3668 3347 in

2117 3361 2332 3414 basilica
2360 3361 2525 3414 sancti
2553 3362 2692 3414 Petri
2720 3364 2992 3430 episcopos
3031 3378 3250 3432 numero
3274 3361 3667 3432 quinquaginta

2119 3439 2319 3495 septem
2349 3432 2656 3482 convocavit
2685 3470 2696 3492 ,
2743 3432 2830 3498 qui
2860 3429 3032 3483 denuo
3058 3429 3301 3483 haeresim
3341 3429 3666 3484 Fel’icianam

2116 3500 2554 3566 proscripserunt.
2605 3499 2902 3551 Conventus
2933 3499 3140 3552 occasio
3185 3498 3408 3561 libellus,
3458 3501 3526 3552 de
3555 3513 3668 3566 quo

2118 3583 2271 3633 supra
2304 3568 2560 3626 diximus,
2591 3568 2720 3628 fuit,
2751 3578 2807 3619 ut.
2838 3568 2993 3619 habet
3022 3566 3124 3621 Leo
3147 3567 3198 3620 in
3224 3578 3328 3621 act.
3362 3567 3397 3621 2
3425 3568 3663 3629 c0ncilii,

2116 3645 2167 3686 ct
2198 3636 2337 3687 Felix
2369 3634 2540 3687 fassus
2576 3648 2654 3688 est
2686 3639 2735 3688 in
2777 3637 3100 3703 professione
3140 3635 3257 3689 fidei
3288 3637 3450 3703 Aquis
3483 3634 3660 3689 factm.

2123 3722 2138 3751 ι
2175 3703 2272 3756 Per
2301 3705 2663 3755 auctoritatem
2694 3706 2896 3770 synodi,
2928 3705 3029 3764 ait,
3057 3719 3172 3769 qua:
3211 3719 3374 3770 nuper
3402 3705 3452 3756 in
3493 3704 3662 3756 Roma

2118 3773 2214 3824 hac
2244 3772 2548 3830 intentione,
2581 3773 2911 3838 pi-zecipiente
2932 3772 3307 3836 gloriosissimo
3332 3786 3392 3824 ac
3418 3771 3663 3838 piiSsimo

2119 3839 2340 3892 Domino
2386 3849 2562 3891 nostro
2604 3839 2809 3901 Carolo,
2861 3840 3112 3892 advers-ns
3156 3839 3430 3906 epistolam
3459 3853 3658 3904 meam,

2116 3923 2271 3974 quam
2297 3908 2487 3960 dudum
2521 3919 2640 3972 (non
2662 3918 2826 3959 autem
2858 3923 3046 3974 nuper,
3077 3917 3127 3959 ut
3150 3908 3297 3958 habet
3324 3907 3538 3974 Pagius)
3571 3923 3661 3960 ve-

2116 3925 2271 3974 quam
2297 3925 2487 3960 uuuum
2521 3925 2640 3972 (non
2662 3925 2826 3959 autem
2858 3925 3046 3974 nuper,
3077 3925 3127 3959 tu
3150 3925 3297 3958 navet
3324 3925 3398 3959 ra
3435 3925 3538 3974 ius)
3571 3925 3660 3960 ve-

2116 3976 2330 4050 nerabili
2383 3977 2494 4027 viro
2544 3976 2731 4027 Albino
2786 3978 2958 4050 abbaii
3027 3976 3346 4050 Tugptieosis
3403 3925 3660 4050 adesim

2116 4046 2777 4114 scripseram,congregata
2801 4053 2898 4096 est.
2922 4045 2974 4097 In
3000 4059 3099 4112 qua
3115 4045 3282 4111 ’222
3305 4045 3503 4114 synodo
3525 4059 3660 4114 prat-

2115 4123 2262 4165 Sente
2311 4113 2482 4183 l.eone
2517 4114 2800 4183 apostolico
2841 4121 3057 4183 et‘CItan
3093 4128 3156 4164 eo
3201 4113 3376 4165 centeri
3417 4113 3658 4183 episcopi

2117 4196 2332 4233 numero
2359 4181 2424 4232 57
2451 4182 2754 4240 residentes,
2783 4189 2834 4233 et
2872 4179 3124 4249 plerique”
3139 4181 3430 4249 presbyteri
3461 4190 3514 4234 et
3541 4179 3659 4237 dia-

2115 4249 2231 4299 coni
2259 4264 2376 4302 cum
2403 4250 2479 4301 eis
2523 4250 2574 4299 in
2609 4249 2763 4301 domo
2786 4249 3070 4306 beatissimi
3102 4247 3241 4300 Petri
3274 4247 3518 4317 apostoli.
3551 4288 3566 4301 .
3593 4289 3610 4303 .
3638 4288 3654 4304 .

2115 4317 2282 4368 dictas
2327 4318 2629 4370 sententias.
2667 4353 2680 4368 .
2717 4356 2730 4370 .
2773 4323 2978 4369 nostras
3013 4317 3366 4372 excluserunt.
3403 4336 3420 4366 ι
3456 4317 3656 4372 Verum

2117 4386 2304 4436 nedum
2335 4385 2689 4448 excluserunt,
2734 4386 2824 4438 sed
2854 4386 2951 4437 nisi
2979 4386 3330 4452 resipisceret,
3376 4399 3493 4437 eum
3524 4401 3658 4438 ana-

481 4437 1132 4522 'c’é's'iiaiié'spiriiits'taiuit
1161 4437 1423 4517 nortr'ecte
1451 4437 1736 4506 sentientes
1764 4437 2015 4506 damnan-
2047 4437 2088 4490 ἶ)
2117 4437 2362 4506 thematis
2386 4453 2638 4522 ivineulo
2679 4437 3153 4520 'perstrinxerun‘t.
3178 4437 3294 4506 iAit
3318 4437 3329 4448 ’
3351 4454 3488 4506 enim

480 4535 586 4585 tor,
613 4525 684 4575 ita
715 4521 814 4574 nun
836 4530 916 4574 est
935 4521 1210 4574 dicendum
1235 4528 1432 4571 tantum
1463 4522 1512 4572 in
1534 4535 1724 4588 genere
1739 4523 2016 4588 damnatos

478 4593 872 4660 irnpugniatores
901 4589 1134 4660 mysterii
1161 4588 1562 4660 incarnationis,
1604 4604 1726 4660 cum
1739 4592 2014 4660 conceptis

484 4655 660 4738 verbis
684 4658 931 4738 Paulinus
955 4655 1045 4711 eos
1068 4656 1492 4738 danmctnqnuijn
1519 4655 1836 4738 duas/ﬁlios,
1863 4655 2014 4736 natu-

480 4727 636 4780 ralem
664 4736 708 4778 et
731 4725 1040 4793 adoptivum,
1064 4725 1284 4777 dividere
1307 4722 1561 4776 Christum
1585 4722 1777 4793 Filium
1793 4726 1885 4776 Dei
1902 4741 2011 4778 mo-

478 4795 690 4849 liuntur.
732 4792 838 4849 Nos
857 4794 1066 4860 quidem
1101 4808 1202 4860 non
1231 4793 1452 4846 dicimus
1479 4792 1757 4844 concilium
1798 4793 2014 4860 praecise

479 4872 848 4932 congregatum
869 4859 1119 4932 adversus
1139 4859 1384 4932 Felicem,
1401 4860 1744 4932 sicutineque
1762 4859 2014 4914 adversus

476 4928 932 4999 πνιιὶμαὶομᾲχους
952 4930 1182 4990 Graecos,
1203 4928 1293 4999 sed
1318 4928 1537 4999 dicimus
1559 4929 1609 4999 in
1626 4943 1689 4980 eo
1710 4928 2011 4999 damnatam

481 4995 758 5064 utramque
777 4995 1036 5060 hlirresim,
1060 5007 1112 5050 et
1135 4997 1263 5049 satis
1287 4995 1732 5064 circumscriptam
1756 4996 1893 5064 illam
1917 4996 2013 5048 Fe-

483 5065 621 5128 licis,
650 5062 750 5117 etsi
795 5066 955 5132 ipsius
997 5065 1220 5116 nominis
1245 5062 1439 5132 mentio
1467 5078 1567 5113 non
1596 5063 1703 5114 liat.
1734 5063 1846 5117 Non
1871 5065 2011 5117 enim

481 5141 562 5186 εει
589 5131 822 5195 necesse,
849 5140 904 5184 ut
931 5132 1204 5184 concilium
1247 5131 1313 5182 ad
1353 5131 1451 5183 hoc
1488 5145 1669 5192 unum,
1711 5139 1761 5182 et
1803 5147 1904 5185 non
1947 5132 2013 5184 ad

482 5201 620 5253 aliud
668 5201 990 5267 propositum
1036 5206 1398 5265 congregetur,
1446 5207 1502 5250 ut
1545 5197 1750 5267 dicatur
1795 5214 1917 5253 vere
1959 5209 2012 5252 et

479 5265 688 5333 proprie
715 5265 946 5320 errorem
975 5267 1198 5335 aliquem
1228 5267 1615 5332 proscripsisse.
1641 5265 1884 5335 Alioquin
1915 5283 2011 5321 nec

481 5336 547 5386 ab
573 5336 682 5400 ipsa
710 5337 906 5401 synodo
934 5333 1456 5395 Francofurtana,vcl
1485 5333 1848 5401 ltatispooensi
1869 5351 2010 5389 ema-

481 5416 633 5454 nasse
660 5403 918 5455 luereseos
947 5403 1220 5455 Felicianm
1251 5416 1522 5453 censuram
1550 5412 1601 5454 et
1623 5404 2031 5457 damnationem.

481 5469 756 5540 dicendum
780 5479 938 5540 esset,
966 5471 1103 5537 quod
1128 5483 1279 5540 nemo
1301 5471 1467 5540 adhuc
1499 5471 1646 5522 dixit.
1676 5470 2012 5540 Quandoqui-

482 5536 597 5607 dem
628 5553 728 5591 non
771 5538 837 5591 ad
885 5536 1145 5607 negotium
1189 5537 1349 5591 solius
1377 5537 1726 5607 damnationis
1767 5536 2009 5594 aduri-lita:

483 5602 712 5678 fuerunt,
761 5609 851 5678 sed
889 5602 1080 5678 in'hac
1109 5606 1558 5678 deconjurationc
1604 5606 1772 5678 Pipini
1819 5610 1870 5662 in
1916 5624 2008 5678 pa-

485 5681 644 5733 trem,
678 5676 726 5727 in
762 5675 844 5729 illa
883 5676 947 5728 de
991 5673 1391 5744 quamplurimis
1429 5674 1545 5726 aliis
1584 5673 1738 5729 rebus
1770 5687 1851 5730 est
1889 5673 2009 5744 per-

2115 4523 2302 4590 act.75.
2333 4540 2349 4570 ι
2381 4521 2542 4590 Felici
2563 4521 2898 4590 Ol‘gCliitaDlB
2925 4522 3157 4575 ecclesige
3187 4523 3451 4590 episcopo,
3481 4523 3527 4576 si
3555 4537 3656 4577 no-

2113 4587 2269 4642 luerit
2320 4589 2584 4658 declinare
2621 4587 2687 4644 ab
2732 4591 2978 4642 htetetico
3026 4587 3266 4658 dogmate
3311 4587 3406 4643 suo
3453 4591 3504 4643 in
3543 4605 3657 4658 quo

2113 4672 2272 4711 ausus
2298 4666 2380 4710 est
2413 4657 2602 4710 Filium
2629 4658 2721 4709 Dei
2752 4658 3049 4724 adoptivum
3074 4657 3332 4720 aSserere,
3364 4657 3656 4712 anathema

2113 4725 2198 4800 _sit,
2237 4745 2254 4776 ι
2300 4725 2375 4779 De
2408 4727 2507 4800 hac
2550 4725 2747 4800 synodo
2784 4726 3120 4800 continuator
3151 4725 3306 4800 _Pauli
3330 4727 3545 4800 Diaconi
3569 4727 3658 4782 sic

2114 4793 2309 4845 habet:
2368 4811 2386 4842 ‹
2431 4793 2621 4863 Contra
2660 4808 2814 4860 quam
2863 4794 3100 4863 hatresim
3150 4793 3484 4863 Leortertius
3509 4808 3656 4863 papa

2112 4872 2424 4928 congregata
2449 4862 2624 4931 “quae
2649 4863 2867 4931 synodo,
2899 4862 3215 4931 multiseam
3245 4862 3654 4930 Evangeliorum

2111 4937 2165 4981 et
2187 4938 2484 5006 sanctorum
2509 4929 2722 4981 Patrum
2747 4930 3058 4986 testimoniis
3081 4929 3132 4982 in
3162 4929 3468 5000 perpetuum
3495 4931 3656 4986 dam-

2112 5005 2274 5048 navit.
2307 5017 2324 5048 ›
2856 5020 2862 5027 ·
3126 5027 3134 5035 -

2186 5065 2336 5133 LXII.
2378 5065 2528 5117 llaud
2562 5063 2634 5133 ita
2661 5065 2823 5118 multo
2845 5074 2959 5133 post
2993 5074 3188 5124 aetum,
3221 5063 3401 5119 Roma:
3421 5067 3656 5122 concilio

2111 5131 2218 5183 Leo
2263 5132 2325 5184 lil
2355 5133 2490 5186 male
2528 5132 2756 5195 habitus,
2796 5131 2860 5185 ut'
2895 5134 3092 5186 dictum
3133 5140 3234 5196 est,
3269 5134 3512 5188 Carolum
3546 5134 3656 5188 Pa-

2113 5199 2346 5268 dcrbune
2375 5202 2647 5268 degentem
2677 5201 2744 5252 ob
2775 5201 3024 5253 tumultus
3051 5202 3340 5254 Saxonicos
3379 5203 3527 5255 adsit.
3566 5203 3652 5258 Ex

2114 5267 2256 5329 hinc,
2279 5283 2332 5320 re
2360 5267 2476 5321 cum
2503 5268 2675 5320 Leone
2697 5271 3287 5336 communicata,utpar
3308 5282 3379 5322 est
3407 5271 3654 5337 credere,

2113 5351 2321 5407 manum
2347 5337 2706 5407 ρρὶςςουοηιιη
2731 5347 2782 5388 et
2803 5337 3042 5407 abbatem
3072 5353 3163 5390 rex
3195 5338 3336 5407 misit
3362 5338 3653 5407 Urgellam,

2112 5413 2166 5456 ut
2198 5405 2388 5457 ibidem
2418 5403 2682 5457 celebrato
2707 5406 2928 5458 concilio
2953 5405 3180 5458 Felicem
3209 5406 3274 5459 ad
3307 5421 3398 5460 cor
3433 5403 3684 5462 FerocaQ‘

2113 5481 2248 5542 rent.
2291 5472 2564 5542 Provincia
2591 5476 2869 5526 commissa
2903 5481 2983 5527 est
3015 5473 3274 5542 Laidrado
3311 5474 3653 5542 Lugdunensi

2111 5541 2374 5662 #iscopo,
2409 5541 2496 5607 qui
2545 5542 2870 5605 accitissibi
2924 5541 3082 5594 sociis
3128 5542 3360 5595 Nefridio
3395 5541 3653 5614 episcopo

2159 5609 2456 5662 arbonensi.
2493 5619 2546 5660 ct
2570 5607 2848 5662 Benedicto
2867 5611 3072 5662 abbate.
3097 5611 3314 5662 aliisuue
3338 5613 3652 5662 earumdem

2159 5607 2456 5671 arbonensi,
2493 5619 2546 5660 ct
2570 5607 2848 5662 Benedicto
2867 5611 3072 5670 abbate,
3097 5611 3314 5677 aliisque
3338 5607 3652 5666 earumdem

2111 5677 2420 5744 dignitatum
2453 5677 2577 5729 viris
2623 5677 2719 5729 hoc
2766 5679 2877 5744 ipso
2923 5693 3059 5731 anno
3088 5680 3318 5744 perrexit
3358 5677 3646 5757 l‘rgcllam.
