3872 6230
475 371 483 380 1

1046 419 1504 476 CIVITATELVSE.

502 512 729 582 genitri;
767 517 943 582 nostra
983 507 1243 582 advixerit
1272 508 1440 575 ipsum
1478 506 1797 560 frumentum
1827 507 1877 558 in
1908 506 2040 582 inte-

505 575 744 648 érumide
765 577 878 645 ejus
899 577 1164 648 pertineat
1180 583 1467 644 potestate;
1499 590 1670 648 grano
1691 589 1814 648 vero
1846 575 2042 625 rustico

503 641 760 716 Equallter
791 641 985 716 amodo
1026 641 1293 716 dividant:
1318 641 1599 716 postvero
1626 641 1739 716 ejus
1766 642 2039 716 decessum

502 710 677 769 omnia
703 713 997 766 comuniter
1014 711 1079 763 de
1102 711 1215 776 ipse
1236 711 1426 763 Molino
1448 710 1687 762 habitare
1708 710 1760 760 in
1789 717 1964 760 monte
1988 711 2041 761 in

500 783 705 838 Carnea
739 781 877 847 quod
910 793 1005 832 nos
1035 775 1288 846 pertinuit
1321 778 1649 847 medietatem
1686 775 2040 847 supradictum

504 844 877 904 monasterium
911 844 1287 900 monachamm
1323 846 1579 905 habeant,
1620 850 1673 895 et
1706 844 2040 902 medietatem

503 916 881 971 monasterium
907 916 959 968 in
984 913 1178 967 Sexto:
1206 913 1386 965 volunt
1410 911 1564 964 simul
1589 926 1832 978 pascere,
1861 912 2042 963 volunt

502 987 734 1040 dividere
757 999 938 1048 eorum
966 983 1034 1036 sit
1057 981 1349 1048 potestatis.
1381 980 1454 1032 De
1484 995 1633 1032 casas
1659 979 1880 1048 quidem
1901 995 2040 1031 mas~

501 1054 715 1109 saritias
762 1046 1081 1105 nominative
1121 1046 1722 1117 determinamuquuae
1765 1047 1830 1117 ad
1871 1047 2039 1117 ipsum

504 1121 880 1176 monasterium
909 1117 1198 1186 puellarum
1225 1117 1488 1186 pertinere
1514 1115 1738 1167 debeant
1761 1129 1775 1186 :_
1805 1115 1927 1166 item
1954 1131 2041 1166 ca-

501 1204 598 1259 sas
619 1190 672 1242 in
702 1183 951 1259 Sogiaco,
983 1200 1136 1259 casas
1161 1183 1532 1259 in’Magr‘etas,
1574 1197 1724 1259 casas
1764 1183 1814 1259 in
1856 1196 2042 1259 campo

503 1257 722 1325 Majora,
747 1250 901 1325 casas
912 1255 970 1325 in
992 1253 1184 1316 Maras,
1208 1250 1427 1325 casasin
1453 1251 1585 1325 l'f‘ara
1603 1250 1752 1316 juxta
1773 1250 2040 1325 Tui-riam,

501 1316 652 1382 casas
675 1316 727 1378 in
750 1323 1052 1386 Ardeliaco,
1079 1335 1232 1375 casas
1255 1321 1306 1373 in
1338 1319 1629 1380 Mattiarlu,
1659 1333 1808 1371 casas
1836 1319 1884 1368 in
1911 1316 2043 1370 duas

500 1393 787 1454 Basilicas,
815 1407 967 1445 casas
999 1389 1052 1443 in
1079 1390 1391 1451 Aureliano,
1423 1402 1574 1440 casas
1609 1387 1659 1439 in
1689 1386 2038 1448 Avenianico,

502 1475 656 1516 casas
679 1461 731 1514 in
755 1459 1048 1522 Gratialeo,
1077 1473 1228 1512 casas
1255 1458 1307 1510 in
1332 1456 1536 1509 Caroea
1565 1456 1617 1507 in
1642 1456 1757 1507 vico
1780 1454 2040 1522 Ampetio,

501 1545 652 1584 casas
669 1529 886 1583 Joannis
916 1526 1194 1580 Mattiarlo.
1228 1525 1408 1590 Itaque
1434 1523 1767 1576 concedimus
1794 1522 1843 1574 in
1875 1523 2042 1577 redito

500 1599 645 1666 ipse,
681 1597 822 1666 quod
854 1595 1123 1666 annuatim
1160 1594 1351 1666 debent
1384 1593 1540 1654 dare,
1575 1605 1726 1666 casas
1763 1591 1812 1666 in
1851 1591 2043 1666 Rema-

499 1660 640 1721 cieto
657 1706 672 1729 ,
698 1660 753 1718 et
775 1674 944 1717 terras
963 1670 1025 1716 'et
1054 1663 1236 1715 vineas
1258 1660 1340 1714 vel
1367 1668 1514 1728 prata
1541 1660 1679 1727 quod
1707 1660 1956 1729 habemus
1983 1661 2035 1713 in

1475 308 1563 361 AD
1599 306 1820 363 OPERA
1855 306 1914 359 Β.
1958 301 2220 358 PAULINI
2257 300 2684 358 APPENDICES.

3585 299 3695 353 6'53

2697 412 3140 468 MANIACENSE.

2139 505 2395 556 advixerit
2419 504 2586 572 ipsum
2617 503 2936 572 frumentum
2966 504 3016 557 in
3046 505 3308 572 integrum
3341 505 3394 557 in
3421 503 3538 570 ejus
3564 519 3691 572 per-

2139 572 2301 640 tineat
2315 570 2644 640 potestatem.
2665 570 2899 624 Granum
2922 586 3044 640 vero
3066 570 3386 626 rus‘icerum
3409 570 3692 640 aequaliter

2136 639 2324 694 amodo
2345 639 2634 692 dividatur:
2659 647 2776 707 post
2798 655 2923 693 vero
2941 639 3056 706 ejus
3077 641 3368 693 discessum
3392 641 3461 693 ab
3476 639 3692 695 eisdem

2135 707 2310 774 omnia
2329 707 2677 759 communiter
2695 707 2756 761 de
2774 709 2888 774 ipse
2909 707 3098 774 Molino
3115 709 3394 770 habeatur,
3413 719 3466 760 et
3491 708 3692 762 Montis

2137 774 2188 825 in
2217 773 2446 836 Carnea,
2471 776 2558 842 qui
2578 775 2650 844 ad
2681 791 2776 829 nos
2800 773 3050 842 pertinuit
3077 777 3412 830 medietatem
3438 779 3694 844 supradi-

2137 851 2278 893 ctum
2308 842 2681 895 monasterium
2706 845 3076 896 monacluarum
3104 845 3326 906 habeat,
3356 856 3409 898 et
3433 842 3692 897 incdit-ta-

2138 916 2240 979 tem
2275 913 2650 979 monasterium
2690 912 2739 963 in
2768 910 2960 973 Sexto,
2989 911 3150 964 velint
3181 913 3390 964 insimul
3423 928 3649 979 pascere
3669 953 3683 970 ,

2137 976 2299 1028 velint
2319 978 2558 1048 dividere
2577 1018 2591 1039 ,
2615 993 2796 1048 eorum
2824 979 2896 1031 sit
2923 987 3172 1046 potestas.
3201 981 3274 1033 De
3304 976 3441 1032 casis
3466 981 3689 1048 quidem

2138 1044 2438 1114 masaritias
2473 1047 2743 1098 nominare
2771 1044 3103 1100 decernimus
3129 1064 3244 1114 qua:
3274 1049 3338 1099 ad
3369 1044 3536 1114 ipsum
3571 1064 3690 1099 mo-

2139 1113 2429 1181 nasterium
2463 1114 2752 1181 puellarum
2789 1115 3050 1181 pertinere
3083 1113 3327 1168 debeant.
3369 1113 3496 1168 item
3529 1131 3692 1168 casas

2139 1180 2203 1258 de
2230 1179 2665 1262 Logiaco'tcasas
2692 1183 2744 1234 in
2774 1179 3062 1260 Blacretas,
3095 1198 3245 1260 casas
3271 1183 3325 1236 in
3353 1199 3542 1262 campo
3571 1184 3689 1236 Ma-

2133 1249 2280 1312 jore,
2309 1263 2458 1302 casas
2486 1249 2536 1300 in
2562 1249 2732 1302 Avora
2758 1289 2772 1312 ,
2803 1265 2952 1302 casas
2979 1250 3032 1302 in
3059 1259 3170 1303 tara
3190 1250 3340 1316 juxta
3370 1249 3650 1304 tuitionem
3671 1292 3690 1312 ,

2139 1329 2288 1369 casas
2316 1316 2368 1368 in
2396 1317 2662 1380 Adeliaco,
2687 1333 2841 1370 casas
2868 1318 2918 1370 in
2950 1317 3268 1379 Maitinculo,
3294 1335 3444 1372 casas
3469 1320 3522 1373 in
3548 1321 3693 1372 duas

2139 1383 2402 1452 basilicas,
2430 1400 2580 1438 casas
2606 1386 2658 1438 in
2686 1386 2989 1452 Aureliano,
3023 1401 3174 1441 casas
3203 1387 3254 1440 in
3286 1387 3562 1447 Aviniaco,
3598 1403 3694 1441 ca-

2140 1465 2226 1504 sas
2255 1452 2305 1504 in
2329 1451 2650 1524 _Gratiolaco,
2683 1469 2841 1524 casas
2858 1455 2908 1524 in
2931 1451 3119 1524 Carnia
3146 1457 3333 1510 anvico
3357 1458 3601 1524 ampitio,
3633 1466 3694 1508 et

2139 1534 2289 1591 casas
2321 1517 2584 1584 Joannis,‘
2602 1531 2656 1575 et
2691 1522 2952 1576 Martiale.
2993 1522 3174 1591 Itaque
3209 1517 3549 1578 concedimus
3586 1517 3695 1576 tibi

2140 1587 2344 1641 reddito
2367 1597 2600 1658 tempore
2621 1591 2760 1658 quod
2783 1605 2956 1644 annue
2974 1587 3165 1644 debent
3189 1593 3316 1646 dare
3337 1608 3477 1647 cas-.2
3498 1594 3549 1647 in
3575 1591 3694 1646 Be-

2140 1665 2397 1728 macette,
2421 1669 2472 1710 et
2503 1668 2670 1721 trans,
2701 1667 2755 1728 et
2779 1660 3068 1728 vineasvel
3099 1668 3246 1726 prata
3278 1677 3394 1728 qua:
3423 1663 3694 1715 habemus

499 1724 762 1795 Daunino,
781 1743 832 1785 et
846 1731 1106 1800 quidquid
1128 1729 1319 1783 habere
1343 1724 1438 1781 visi
1463 1724 1644 1800 sumus
1668 1729 1718 1780 in
1745 1727 2032 1792 Celoniola,
2072 1725 2110 1780 Β
2138 1725 2190 1800 in_
2231 1724 2474 1800 _Dauvin_o
2493 1765 2509 1787 ,
2539 1736 2593 1780 ct
2619 1724 3209 1800 quidquidhabcre—visi
3238 1724 3420 1782 su'mus
3448 1728 3696 1800 inﬂato-

499 1812 556 1856 et
579 1803 730 1854 vinea
753 1801 807 1852 in
831 1797 1154 1866 G‘roba’gnas,
1178 1813 1332 1866 quem
1361 1806 1541 1850 tenent
1564 1797 1730 1866 filius,
1745 1804 2042 1866 et_i_iepotcs

499 1870 734 1923 Antonii.
773 1868 900 1920 item
939 1863 1206 1919 addemus
1229 1867 1280 1918 in
1319 1874 1468 1918 culte
1501 1875 1682 1917 nostra
1720 1864 1772 1916 in
1809 1863 2040 1932 Medegia

501 1953 602 1992 oon
623 1937 767 1990 omni
794 1935 1112 2004 pertinentia
1140 1949 1233 1986 sua
1251 1973 1266 1997 ,
1292 1933 1536 1987 similiter
1555 1946 1708 2004 casas
1735 1932 1789 1984 in
1817 1929 2042 1985 Cisiario

501 2000 810 2059 secundum
830 2003 1055 2072 qualiter
1079 2010 1256 2056 cartas
1293 2015 1476 2072 earum
1502 2000 1802 2072 continetur
1831 2008 2040 2054 centum

501 2073 713 2127 auferas
749 2067 871 2125 vino
907 2071 972 2124 ad
1002 2072 1114 2138 ipso
1150 2070 1468 2123 monasterio
1495 2067 1786 2136 puellarum
1817 2079 2036 2137 regant;

657 2139 976 2194 superfuerit
989 2153 1160 2192 annue
1177 2138 1512 2190 concedimus
1527 2145 1710 2190 nostro
1727 2139 2042 2192 monasterio

543 2219 693 2264 exto:
719 2204 840 2261 feno
860 2208 1052 2260 faciant
1074 2208 1125 2258 in
1149 2205 1404 2269 Mariano,
1428 2213 1481 2258 et
1501 2205 1566 2256 ad
1588 2205 1779 2258 Molino
1803 2204 2042 2259 laborent

425 2283 427 2286 ‘
503 2279 557 2332 in
593 2277 846 2330 Palatiolo
879 2268 1018 2328 sicut
1053 2275 1290 2327 consueti
1323 2281 1480 2336 sunt,
1521 2273 1780 2340 simulque
1816 2274 2043 2328 habeant

501 2346 690 2414 Sylvas
715 2347 767 2398 in
793 2352 951 2414 vente
977 2350 1031 2414 et
1057 2342 1353 2396 Comariola
1384 2341 1676 2414 puellarum
1707 2344 2040 2396 monasteriis

496 2411 644 2469 Porti
667 2414 732 2467 dc
756 2413 1073 2467 senodochio
1094 2425 1255 2478 prope
1273 2421 1355 2464 est
1377 2412 1577 2479 positus
1601 2411 1715 2463 sine
1737 2425 1890 2464 omne
1918 2427 2040 2466 sen-

497 2483 605 2536 tire
633 2496 752 2535 cum
782 2488 1040 2548 potestate
1068 2479 1131 2532 de
1158 2480 1394 2547 predicto
1423 2480 1742 2548 monasterio
1770 2480 2037 2548 pabulent.

496 2549 555 2604 1n
584 2545 904 2604 monasterio
930 2549 1140 2620 quidem
1159 2545 1402 2620 'virorum
1430 2545 1672 2620 in_S_exto
1701 2545 1957 2620 volumus,
1988 2558 2041 2620 ut

499 2621 636 2673 dona
661 2628 840 2673 nostra
865 2617 1093 2672 habeant
1116 2619 1252 2671 inter
1275 2619 1432 2671 fluvio
1458 2617 1788 2670 Taliamento
1811 2625 1864 2670 et
1885 2617 2043 2670 fluvio

497 2686 792 2756 Liquentia:
819 2687 1074 2756 quidquid
1103 2687 1241 2756 inter
1271 2687 1412 2756 ipsos
1449 2686 1515 2738 ad
1547 2695 1783 2756 nostram
1815 2695 2044 2753 potesta-

496 2753 605 2826 tem
639 2753 906 2826 pertinere
941 2753 1300 2826 dignoscitur,
1319 2755 1430 2826 sive
1467 2762 1616 2826 curte
1653 2753 1704 2806 in
1743 2764 1928 2826 sex_to,_
1954 2756 2040 2806 ubi

499 2822 671 2892 ipsum
699 2822 1077 2892 monasterium
1089 2822 1462 2892 edificavimus
1481 2825 1630 2892 ,Asive
1653 2830 1801 2892 curte
1821 2824 1879 2892 in
1908 2822 2042 2874 Lau-

497 2889 670 2946 ientia
689 2906 808 2945 cum
830 2890 1064 2944 oratorio
1085 2889 1234 2942 Domi
1258 2889 1564 2953 Salvator-is,
1586 2889 1674 2957 qui
1699 2890 1768 2942 ibi
1791 2890 1921 2943 situs
1941 2898 2039 2952 est,

494 2975 592 3016 seu
612 2962 668 3013 in
683 2967 831 3014 curte
851 2959 903 3012 in
925 2966 1107 3012 sancte
1127 2957 1323 3011 Focate
1349 2973 1469 3012 cum
1494 2958 1655 3021 casis,
1683 2958 1869 3021 curtis,
1902 2974 2044 3011 cam-

2125 2680 2356 2736 .fluvium
2377 2683 2687 2738 Taliamenti
2709 2693 2760 2737 et
2782 2681 2994 2736 fluvium
3015 2682 3324 2751 Liquentite,
3353 2694 3407 2740 et

2142 2752 2279 2806 inter
2305 2753 2414 2808 ipsa
2437 2753 2501 2806 ad
2527 2762 2760 2806 nostram
2787 2761 3100 2808 potestatem
3124 2701 3463 2808 pervenire

2140 1792 2299 1856 niela,
2327 1793 2608 1862 etévineam
2635 1792 2688 1847 in
2714 1792 3058 1862 Brombagiis,
3083 1811 3241 1862 quam
3267 1805 3445 1851 tenent
3471 1795 3561 1850 ﬁlii
3589 1812 3693 1849 seu
3727 1819 3732 1822 ν

2140 1855 2357 1928 nepotes
2379 1855 2581 1915 Budoni
2599 1902 2614 1925 ,
2642 1871 2697 1916 et
2718 1855 2969 1916 addemus
2998 1855 3323 1918 tibi-curtem
3364 1873 3601 1918 nostra
3635 1864 3693 1916 in

2141 1928 2336 1999 Medeja
2379 1944 2498 1999 cum
2539 1931 2785 1984 omnibus
2824 1933 3210 1999 pertinentibus
3252 1935 3394 1994 suis,
3435 1932 3697 1987 similiter

2139 1995 2293 2068 casas
2323 1998 2374 2051 in
2409 1995 2619 2068 stiano
2656 1995 2944 2068 secundum
2979 2008 3032 2052 et
3066 2001 3293 2068 qualiter
3319 2010 3464 2055 carta
3495 2016 3692 2065 eorum

2139 2066 2648 2138 continet.__Centum
2675 2067 2960 2138 amphoras
2986 2066 3098 2122 vini
3125 2070 3186 2123 ad
3217 2070 3387 2138 ipsum
3421 2077 3696 2123 monaste-

2139 2135 2274 2204 rium
2307 2135 2595 2204 puellarum
2623 2136 2866 2204 vehatur,
2897 2141 3034 2204 quod
3063 2135 3321 2204 superﬂuit
3349 2153 3522 2191 annue
3549 2153 3695 2192 con-

2139 2203 2374 2256 cedimus
2411 2204 2463 2255 in
2498 2205 2817 2257 monasterio
2845 2203 3084 2258 Sestensi
3111 2203 3355 2268 {Fenum
3395 2205 3592 2264 faciant
3635 2206 3698 2259 in

2141 2270 2424 2335 Marciano,
2455 2280 2509 2326 et
2534 2274 2599 2326 ad
2634 2271 2881 2326 Melinum
2913 2273 2964 2326 in
2993 2273 3044 2325 P.
3068 2275 3155 2327 lati
3183 2274 3246 2328 lo
3275 2276 3411 2329 sicut
3445 2274 3699 2330 consueti

2141 2348 2281 2393 sunt.
2325 2340 2597 2408 Simulque
2635 2341 2830 2394 habent
2867 2341 3024 2395 silvas
3058 2343 3108 2395 in
3146 2343 3360 2397 Vetrete
3397 2353 3451 2397 et
3483 2343 3700 2398 Carna-

2141 2409 2270 2461 riola
2304 2409 3005 2476 puellarummonasterium
3042 2411 3195 2464 Porci
3223 2413 3288 2464 de
3320 2411 3694 2474 Senodochio,

2141 2477 2228 2543 qui
2252 2493 2413 2548 prope
2437 2487 2518 2531 est
2538 2479 2741 2548 positus
2763 2479 2876 2548 sine
2898 2481 3268 2548 omnescarico
3281 2497 3401 2534 cum
3425 2481 3603 2548 porcis
3623 2480 3697 2535 de

2140 2546 2392 2611 pr‘ndicto
2419 2546 2736 2599 monasterio
2756 2547 3022 2613 pabulent.
3049 2547 3104 2600 lu
3131 2546 3452 2602 monasterio
3474 2550 3697 2602 tandem

2139 2615 2373 2666 virorum
2398 2614 2449 2666 in
2473 2617 2635 2667 Sexto
2659 2615 2915 2677 volumus,
2940 2622 2998 2666 ut
3021 2617 3309 2669 dominium
3335 2617 3527 2670 habeat
3549 2617 3700 2670 inter

3467 2685 3698 2738 nideuid

2142 2699 2356 2736 nuvium
2379 2699 2687 2738 ‘Ianamenu
2709 2699 2760 2737 et
2782 2699 2994 2736 uuvium
3015 2699 3324 2751 Liquenuze,
3353 2699 3407 2740 et
3467 2699 3698 2752 umqum

2142 2752 2279 2833 inter
2305 2753 2414 2833 ipsa
2437 2753 2501 2806 ad
2527 2754 3398 2833 nostramnpotestatempervenire
3421 2701 3698 2833 dignosci-

2144 2827 2227 2891 tur
2250 2837 2268 2891 ;j
2296 2820 2407 2891 sive
2443 2828 2645 2891 curtem
2676 2822 2729 2873 in
2763 2820 2957 2891 Sexto,
2987 2823 3076 2891 ubi
3107 2820 3274 2891 ipsum
3305 2820 3698 2890 monasterium

2141 2883 2546 2952 nidificavimus,
2577 2890 2685 2942 sive
2710 2897 2912 2943 curtem
2942 2883 2993 2941 in
3018 2883 3366 2945 Lam-rentiaca
3404 2906 3526 2945 cum
3565 2883 3701 2949 uia-

2144 2959 2278 3011 torio
2307 2956 2512 3009 Domini
2538 2967 2592 3011 et
2616 2956 2924 3019 Salvatoris,
2948 2959 3036 3024 qui
3063 2958 3134 3010 ibi
3163 2960 3295 3012 situs
3314 2968 3418 3022 est,
3443 2973 3539 3013 seu
3565 2975 3702 3012 cur-

494 3030 598 3098 pis,
633 3028 821 3100 pratis,
848 3027 1035 3100 vineis,
1053 3025 1230 3100 silvis,
1260 3026 1858 3100 astalariistmontibus,
1889 3027 2037 3100 vivis,
2068 3039 2112 3100 (ς
2143 3035 2246 3100 tem
2273 3025 2325 3100 in
2354 3033 2539 3100 sancte
2562 3025 2756 3100 Focate
2775 3039 2898 3100 cum
2923 3026 3079 3087 casis,
3105 3026 3290 3100 curtis,
3313 3027 3541 3100 campis,
3565 3042 3700 3100 pra-

493 3094 724 3167 pascuis,
741 3104 898 3216 atque
911 3095 1206 3165 paludibus,
1223 3110 1319 3149 nec
1341 3109 1446 3148 non
1464 3094 1705 3154 meliuas,
1722 3109 1813 3147 seu
1831 3095 2040 3150 mobilia

495 3173 553 3216 et
587 3165 800 3216 immobi
825 3166 873 3216 ia
899 3163 1156 3216 uuiduuid
1190 3164 1257 3216 ad
1279 3165 1418 3216 ipsas
1441 3173 1617 3216 certes
1644 3173 2040 3216 suoernarratas

495 3163 553 3220 ξι
587 3163 873 3220 immobilia
899 3163 1156 3233 quidquid
1190 3164 1418 3233 adjpsas
1441 3173 1617 3216 certes
1644 3173 2044 3233 supernarratas

495 3233 562 3288 de
589 3242 771 3288 nostro
795 3230 1085 3299 jure’inte'r
1110 3231 1224 3299 ipsa
1251 3230 1466 3284 flumina
1496 3232 1763 3298 pertinere
1789 3231 2045 3299 dignosci-

494 3311 603 3355 tur.
635 3298 890 3356 Similiter
917 3308 970 3354 et
998 3298 1150 3352 casas
1178 3298 1503 3352 Massaritias
1531 3299 1582 3351 in
1614 3299 1732 3353 vico
1761 3298 2043 3352 macerano

493 3371 736 3424 teriterio
753 3369 1088 3432 Veronense;
1112 3367 1237 3421 item
1260 3382 1416 3421 casas
1434 3368 1486 3421 in
1508 3368 1743 3427 Bellone,
1761 3365 2041 3432 judiciaria

493 3438 790 3492 Conetense
811 3435 1113 3491 transfluvio
1130 3435 1477 3497 Taliamento,
1500 3450 1620 3489 casa
1645 3438 1696 3488 in
1718 3435 2043 3489 Ramnssello

494 3521 615 3560 cum
647 3506 789 3559 omni
827 3505 1144 3575 pertinentia
1182 3519 1296 3567 sua,
1332 3518 1424 3575 seu
1463 3506 1515 3557 in
1554 3504 1760 3575 Saleto,
1801 3503 1880 3557 vel
1899 3505 2044 3575 quid

493 3575 623 3642 quid
643 3575 771 3628 inibi
791 3573 857 3628 ei
878 3575 983 3627 vita
1005 3573 1243 3642 conjugis
1263 3587 1381 3625 mee.
1399 3573 1593 3642 habere
1613 3573 1872 3625 videntur.
1895 3573 2042 3642 Unde

495 3641 593 3719 ego
611 3642 740 3719 βε·ΐο
762 3643 951 3719 exinde
974 3641 1349 3719 vegaria‘feci,
1383 3641 1481 3701 etsi
1505 3655 1672 3708 super
1699 3642 1809 3719 ipsa
1832 3641 2040 3719 vegaria

494 3708 624 3765 inibi
654 3709 815 3763 fuerit
841 3709 993 3775 juxta
1010 3708 1501 3777 considerationem
1537 3723 1683 3761 suam
1715 3708 1826 3777 ipse
1855 3709 2002 3760 Abba
2023 3749 2037 3769 ,

494 3780 584 3848 qui
613 3794 710 3848 pro
727 3786 986 3848 tempore
1001 3775 1160 3830 fuerit
1181 3777 1373 3830 exinde
1397 3778 1449 3848 in
1474 3775 1776 3839 elemosina,
1803 3777 2038 3848 velinis-

491 3845 580 3900 sas
609 3845 699 3900 aut
726 3846 1021 3900 Psalmodia
1049 3859 1222 3898 annue
1257 3845 1588 3913 persolvant,
1620 3858 1672 3897 et
1708 3846 2002 3912 proscripto
2021 3886 2035 3908 ,

493 3930 652 3982 quam
671 3914 781 3980 jam
806 3922 928 3967 ante
943 3914 1002 3982 in
1029 3915 1143 3982 ipso
1168 3915 1421 3980 pertinuit
1450 3915 1789 3976 monasterio,
1813 3921 1864 3965 et
1890 3928 2041 3982 casas

494 3980 547 4036 in
579 3982 780 4037 Carnns
810 3983 861 4034 in
892 3980 1232 4034 Vinea‘retum
1261 3996 1353 4033 seu
1388 3991 1442 4034 et
1474 3995 1597 4034 casa
1636 3990 1812 4033 nostra
1853 3983 1903 4032 in
1934 3980 2039 4032 Ma-

495 4056 674 4112 riano,
703 4066 821 4103 cum
851 4050 995 4102 omni
1024 4049 1344 4116 pertinentia
1374 4064 1498 4110 sua,
1530 4060 1583 4102 et
1610 4051 1946 4102 medietatem
1977 4051 2040 4100 de

494 4121 800 4172 (histenetto
831 4118 880 4170 in
909 4117 1238 4178 Ausemano,
1271 4124 1325 4168 et
1356 4117 1635 4170 medietate
1664 4118 1727 4170 de
1759 4117 1950 4170 Molino
1986 4118 2036 4169 iu

494 4187 766 4249 Palatiulo,
786 4186 922 4238 sicut
942 4184 1183 4252 superius
1205 4183 1553 4246 definivimus,
1573 4195 1624 4236 et
1644 4193 1818 4238 monte
1842 4188 1891 4237 in
1914 4185 2040 4237 (Iar-

496 4272 592 4309 nea
617 4255 706 4322 qui
733 4256 798 4308 ad
822 4267 916 4307 nos
940 4253 1201 4322 pertinet,
1228 4252 1559 4322 medietatem
1584 4254 1634 4306 in
1662 4255 1904 4306 omnibus
1931 4255 2037 4321 ipsa

496 4321 814 4400 monasteria
832 4321 1432 4400 equaliter.pnssi_tleant.
1462 4321 1720 4400 Deservis
1741 4337 1808 4373 no
1840 4323 1934 4374 tris
1959 4323 2034 4374 vel

495 4391 717 4445 ancillas
739 4430 752 4451 ,
785 4388 1042 4458 Aldiones
1061 4388 1143 4442 vel
1163 4388 1414 4442 Aldionas
1443 4391 1717 4458 utriusque
1746 4404 1900 4443 sexus
1920 4405 2038 4442 om-

494 4475 590 4513 nes
614 4459 811 4512 liberas
841 4457 1164 4517 dimisimus,
1197 4466 1251 4508 et
1279 4466 1452 4510 cat-tas
1477 4457 1660 4512 eorum
1694 4459 1762 4511 ’de
1799 4459 2040 4511 libertate

492 4529 716 4582 fecimus
739 4526 984 4580 similiter
1007 4535 1060 4579 et
1081 4527 1146 4593 de
1169 4526 1371 4577 casaria
1399 4527 1628 4593 ipsorum
1654 4543 1745 4580 seu
1776 4537 1829 4578 et
1855 4527 1919 4577 ad
1947 4542 2040 4580 eos

495 4597 619 4650 dicti
639 4594 748 4664 jam
777 4602 929 4648 antea
953 4594 1103 4648 liberi
1125 4592 1366 4664 fuerunt,
1394 4592 1611 4650 fecinms
1631 4605 1686 4649 et
1703 4597 1941 4648 volumus
1961 4603 2040 4646 at-

493 4681 596 4732 que
621 4662 927 4732 definimus,
959 4671 1018 4714 ut
1047 4662 1219 4716 nullus
1246 4677 1426 4732 eorum
1466 4679 1624 4731 super
1653 4664 2037 4732 impositionem

492 4731 686 4796 faciat,
720 4732 814 4786 sed
847 4731 983 4785 sicut
1006 4745 1199 4783 eorum
1236 4731 1507 4784 continent
1541 4743 1685 4785 carte
1707 4731 1825 4795 ,iita
1867 4733 2040 4786 facere

494 4800 950 4880 debeant._Abbas
985 4813 1111 4852 vero
1148 4798 1244 4880 vel.
1265 4813 1600 4880 successores
1636 4801 1776 4880 ejus.
1815 4803 1904 4880 qui
1943 4816 2040 4880 pro

494 4879 728 4936 tempore
751 4870 801 4921 in
825 4868 938 4936 ipso
964 4867 1283 4920 monasterio
1306 4868 1356 4920 in
1384 4869 1546 4922 Sexto
1565 4867 1846 4922 ordinatus
1859 4867 2036 4933 fuerit,

493 4939 804 5007 regulariter
832 4951 958 5007 cum
980 4937 1106 5007 ipsis
1137 4937 1276 4988 vivat
1316 4940 1616 5007 monachis,
1658 4946 1711 4990 et
1748 4938 2040 5007 ordinando

493 4999 650 5074 atqttc
675 4999 1084 5074 disponendo‘de
1110 5005 1430 5058 monasterio
1456 4999 1764 5059 feminarum
1794 5007 1844 5057 in
1874 5004 2036 5068 Salto,

492 5071 648 5144 257
673 5071 833 5144 seu-in
851 5071 1181 5126 S.-nodochio
1199 5081 1582 5144 regenteatque
1601 5075 1911 5142 disponente
1928 5075 2040 5141 ipso

492 5141 699 5198 abbate.
721 5141 897 5194 Abbas
921 5155 1048 5193 vero
1074 5157 1191 5194 cum
1221 5143 1494 5195 monachis
1518 5145 1614 5196 sibi
1641 5141 1934 5198 commissis
1961 5159 2042 5195 re-

489 5210 745 5281 gulariter
770 5211 980 5270 debent,
1011 5218 1063 5261 et
1081 5211 1177 5281 sub
1193 5211 1331 5263 nulla
1356 5210 1601 5279 deinceps
1627 5220 1828 5273 nostra,
1845 5212 1925 5265 vel
1950 5213 2039 5265 be-

492 5279 675 5334 redum
722 5287 1019 5331 nostrorum
1062 5279 1328 5346 redigatur
1365 5288 1642 5348 potestate,
1685 5281 1774 5332 sed
1813 5285 2041 5348 supersit

490 5349 601 5403 suis
635 5349 746 5416 ipse
782 5347 1100 5416 monasterio
1135 5347 1398 5410 virorum,
1427 5357 1644 5416 excepto
1673 5347 1918 5402 defuncto
1954 5353 2042 5401 al;-

489 5418 614 5471 bate
627 5414 777 5485 iusso
790 5414 914 5467 olim
936 5414 1048 5485 fieri
1067 5416 1237 5470 solent
1254 5419 1514 5470 monachi.
1535 5414 1702 5471 Unum
1725 5432 2037 5471 consensum

490 5485 544 5538 in
572 5483 729 5538 unam
759 5483 1082 5553 concordare
1109 5500 1418 5553 personam,
1455 5495 1545 5538 aut
1571 5487 1707 5552 quozl
1739 5486 1894 5547 absit,
1926 5503 2038 5538 ma-

491 5554 599 5606 lum
627 5553 724 5606 sibi
751 5551 1005 5622 elegerint
1025 5551 1207 5622 caput;
1233 5563 1356 5607 tunc
1382 5554 1521 5607 sedis
1538 5551 1888 5621 Aquileiensis
1917 5571 2039 5622 pon-

492 5624 616 5675 tit‘ex
643 5636 734 5675 eos
763 5621 828 5674 ad
857 5635 958 5674 una
998 5620 1178 5675 redeat
1215 5623 1528 5685 conmordia,
1567 5620 1627 5675 ac
1671 5624 1788 5675 meli
1811 5620 1946 5675 ηεριὴ
1973 5621 2037 5674 de

2144 3095 2228 3155 tis,
2253 3094 2441 3164 vineis,
2468 3094 2631 3164 silvis,
2657 3093 2940 3157 astalariis,
2970 3095 3255 3164 mentibus,
3283 3093 3698 3164 rivis,'pascuis,

2141 3171 2298 3282 atque
2320 3163 2616 3243 paludibus,
2638 3177 2742 3243 .nec
2770 3177 2871 3242 non
2899 3170 2956 3242 et
2981 3163 3315 3226 molendinis,
3346 3179 3438 3219 seu
3458 3163 3700 3246 mobilia

2141 3245 2204 3282 ve
2250 3232 2539 3282 immobilia
2563 3232 2686 3282 quid
2706 3233 2830 3282 quid
2853 3231 2918 3282 ad
2944 3247 3086 3282 rosas
3112 3242 3290 3282 curtas
3314 3247 3700 3282 snnrannomi—

2140 3231 2221 3283 vel
2250 3231 2539 3302 immobilia
2563 3231 2918 3302 quid_quid_ad
2944 3231 3086 3302 ipsas
3112 3242 3290 3302 certes
3314 3234 3700 3302 suprannomi-

2140 3308 2327 3368 tiatas,
2364 3299 2446 3368 vel
2481 3297 2662 3368 nostro
2678 3297 2807 3368 jure
2842 3297 2979 3352 inter
3017 3300 3127 3367 ipsa
3167 3297 3394 3354 flumina'
3415 3303 3700 3368 pertinent:

2141 3366 2486 3436 dignoscitur.
2518 3365 2774 3420 Similiter
2800 3375 2853 3436 et
2876 3365 3107 3421 casas’et
3137 3365 3464 3422 massaritias
3490 3370 3542 3423 in
3573 3371 3700 3424 vico

2142 3434 2404 3495 Mariano,
2446 3437 2496 3486 in
2537 3435 2778 3488 teritorio
2807 3435 3127 3500 Veronense,
3159 3446 3212 3490 et
3250 3453 3401 3491 casas
3431 3437 3486 3488 in
3512 3437 3702 3492 Bellu-

2141 3519 2229 3566 uo,
2271 3504 2480 3556 Vicaria
2513 3503 2823 3564 Cenetense,
2861 3512 2914 3557 et
2949 3512 3095 3558 trans
3133 3504 3346 3559 fluvium
3385 3505 3700 3560 Tiliamenti

2139 3583 2340 3624 curtem
2365 3573 2415 3623 in
2447 3572 2774 3640 llamussello
2797 3587 2916 3624 cum
2940 3574 3080 3626 omni
3107 3575 3423 3640 pertinentia
3451 3587 3568 3634 sua,
3596 3589 3702 3629 seu

2139 3648 2192 3692 et
2222 3640 2452 3709 Salette,
2483 3648 2537 3692 et
2564 3639 2819 3709 Palttdcs,
2851 3640 2932 3693 vel
2959 3641 3085 3709 quid
3108 3639 3237 3709 quid
3269 3644 3397 3696 inibi
3427 3653 3541 3706 est,
3572 3659 3701 3709 quae

2139 3710 2315 3760 omnia
2344 3706 2847 3780 fecerun_t_ronjugis
2877 3706 3023 3780 mea}.
3052 3706 3241 3780 Cui-tes
3279 3711 3333 3763 in
3372 3709 3544 3780 Rippa
3581 3706 3702 3780 fia-

2139 3786 2245 3838 cta,
2272 3785 2448 3829 curtes
2474 3778 2526 3829 in
2551 3776 2758 3838 Bivcro,
2779 3776 2965 3829 curtes
2989 3778 3040 3829 in
3069 3777 3271 3841 Azano,
3298 3776 3553 3832 curte—sin
3577 3779 3698 3834 Pis~

2140 3855 2341 3924 scttan‘a
2367 3861 2491 3924 cum
2511 3847 2755 3924 omnibus
2781 3846 3111 3924 pertinentiis
3136 3847 3265 3908 suis,
3283 3849 3547 3924 εει-μῶλυ
3580 3848 3699 3903 Silo

2139 3929 2256 3966 eum
2285 3912 2550 3982 Oratorio,
2577 3921 2754 3968 curtcs
2780 3912 2832 3966 in
2857 3912 3098 3982 BlesSaga
3128 3930 3245 3968 cum
3277 3914 3440 3969 Cella.
3469 3913 3696 3970 Curtem

2140 3982 2202 4033 de.
2228 3981 2377 4045 Villa,
2399 3992 2603 4036 curtem
2628 3997 2796 4050 aqum,
2822 3998 2937 4050 qua:
2963 3981 3155 4035 dicitur
3185 3983 3427 4051 Hedago.
3454 3984 3699 4039 decurrit

2139 4065 2200 4101 cx
2226 4065 2324 4100 una
2353 4059 2500 4118 parte
2525 4050 2757 4119 Lemida,
2783 4061 2836 4104 et
2858 4067 2921 4104 cx
2945 4051 3064 4119 allia
3090 4066 3254 4119 usque
3279 4050 3345 4104 ad
3370 4052 3566 4106 fossam
3592 4051 3698 4108 Sa-

2139 4132 2415 4180 vonarum,
2439 4126 2594 4185 atque
2618 4118 2906 4172 Coibulam.
2931 4118 3144 4171 Cnrtem
3166 4118 3230 4171 de
3250 4119 3456 4184 Anonc,
3479 4130 3695 4183 curtem

2141 4187 2191 4256 in
2218 4184 2403 4256 sacco,
2428 4184 2704 4256 curtemin
2727 4185 3030 4256 Crispinaga
3053 4202 3170 4256 cum
3194 4188 3442 4244 Castello.
3468 4188 3694 4245 Curtem

2141 4254 2402 4325 de_\'eruo
2429 4264 2481 4325 et
2506 4254 2570 4325 de
2598 4254 3054 4325 lilylinego,ct;de
3083 4255 3318 4325 Lutrano
3342 4276 3353 4287 ·
3382 4256 3603 4312 Curtetn
3626 4259 3698 4310 de

2070 4355 2115 4413 ο
2142 4321 2286 4413 sit?
2305 4321 3168 4413 0.2'_'1'..€19l‘?.:‘53:sategit"???
3196 4323 3457 4413 1935's!!!
3474 4325 3540 4413 εἰς
3560 4325 3697 4413 εκεῖ-

2142 4392 2293 4458 pirio.
2323 4391 2535 4444 (Zurtcm
2565 4394 2627 4445 de
2655 4391 2769 4444 vico
2796 4391 3028 4446 Leonum
3052 4407 3172 4445 cum
3199 4392 3342 4446 Cella
3370 4395 3537 4448 sancti
3569 4393 3694 4450 Flo-

2141 4461 2273 4513 riani
2295 4474 2308 4514 :
2333 4459 2545 4529 Curtem
2569 4461 2632 4512 de
2656 4459 2872 4529 Medeja,
2897 4469 2948 4529 et
2970 4459 3093 4527 quid
3115 4461 3240 4529 quid
3261 4462 3458 4516 habere
3477 4463 3694 4516 videtur

2139 4529 2305 4580 nostri
2331 4527 2467 4594 juris
2491 4529 2629 4580 inter
2652 4527 2816 4594 aquas
2851 4527 3158 4592 detinentes,
3185 4530 3283 4583 hoc
3323 4540 3407 4583 est
3434 4532 3578 4585 inter
3597 4531 3696 4587 Ti-

2139 4597 2444 4668 liamentum
2484 4603 2537 4647 ct
2567 4595 2933 4668 Liqueutiam,
2970 4606 3024 4649 et
3062 4599 3198 4668 sicut
3234 4598 3692 4668 viaUngarorum

2138 4665 2390 4726 cernitur,
2420 4673 2473 4716 ct
2497 4664 2714 4737 paludes
2745 4666 2936 4728 maris,
2967 4674 3022 4718 et
3048 4666 3177 4737 quid
3212 4667 3341 4737 quid
3377 4664 3462 4720 ad'
3483 4668 3693 4737 regiam

2137 4741 2450 4805 potestatem
2477 4733 2704 4805 pertinet
2722 4773 2734 4793 ,
2759 4743 2813 4785 et
2835 4749 2956 4805 cu_m
2981 4734 3122 4786 omni
3148 4733 3382 4788 dominio
3406 4735 3535 4804 quid
3546 4733 3694 4805 'quid

2140 4803 2239 4856 dici
2270 4803 2349 4854 vel
2380 4802 2637 4854 nominari
2666 4811 2853 4870 potest.
2894 4803 3110 4870 Insuper
3135 4810 3188 4856 et
3214 4802 3692 4859 curtcm‘nosti'am

2139 4871 2203 4922 de
2229 4870 2458 4922 Mariano
2487 4885 2604 4921 cum
2635 4869 2879 4922 onmi::us
2909 4869 3238 4938 pertinentiis
3263 4873 3392 4924 suis.
3421 4871 3495 4925 De
3517 4875 3696 4928 servis

2140 4941 2336 4991 nostris
2365 4939 2443 4990 vel
2484 4938 2689 5012 ancillis
2715 4938 2968 5012 Aldiones
3002 4939 3079 4991 vel
3121 4939 3371 5012 Aldionas
3408 4941 3696 5012 utriusque

2138 5021 2297 5059 sexus
2336 5021 2517 5059 omnes
2559 5008 2752 5059 liberos
2797 5007 3120 5068 dimisimus,
3159 5017 3212 5059 et
3247 5009 3463 5062 chartas
3497 5007 3693 5064 corium

2139 5077 2204 5128 de
2241 5077 2482 5129 libertate
2531 5076 2785 5127 fecimus:
2828 5076 3070 5132 similiter
3104 5084 3156 5126 et
3192 5076 3257 5128 de
3293 5076 3501 5131 salariis
3543 5077 3558 5130 i

2142 5160 2254 5196 rum
2273 5184 2286 5207 ,
2317 5159 2407 5196 seu
2438 5145 2501 5197 ad
2526 5158 2616 5196 eos
2643 5144 2730 5210 qui
2754 5144 2862 5210 jam
2895 5153 3048 5196 antea
3087 5144 3235 5197 liberi
3273 5144 3520 5207 fuerunt,
3551 5144 3694 5202 feci-

2140 5228 2257 5265 mus
2303 5214 2536 5272 chartas,
2589 5219 2641 5264 ct
2689 5213 2955 5271 volumus,
3010 5221 3167 5280 atque
3214 5213 3582 5279 definivimus,
3631 5226 3696 5270 ut

2140 5281 2312 5334 nullus
2354 5295 2538 5334 eorum
2576 5295 2732 5347 super
2770 5279 3156 5348 impositioncm
3195 5279 3384 5345 faciat,
3426 5281 3509 5338 vel
3547 5283 3698 5340 sicut

2138 5364 2319 5401 eorum
2343 5349 2613 5401 continent
2634 5357 2791 5401 carta-
2813 5347 2882 5400 ita
2907 5349 3077 5401 facore
3097 5347 3340 5413 debeant,
3362 5350 3542 5404 Abbas
3557 5363 3698 5408 rem

2141 5418 2220 5470 vel
2241 5431 2574 5470 successores
2596 5418 2696 5476 sui,
2719 5417 2804 5483 qui
2829 5425 3063 5483 tempore
3085 5417 3134 5468 in
3155 5418 3268 5484 ipso
3288 5417 3618 5476 monasterio
3637 5420 3697 5476 in

2141 5487 2303 5538 Sexto
2345 5487 2617 5554 ordinatus
2667 5485 2842 5546 fuerit,
2888 5486 3198 5553 regulariter
3235 5500 3358 5540 cum
3395 5485 3522 5554 ipsis
3542 5487 3697 5545 vivat

2141 5555 2432 5616 monachis,
2462 5553 2936 5622 ordimmlomatque
2965 5554 3287 5622 disponendo
3319 5557 3383 5609 de
3414 5553 3695 5612 iuonasteb

2143 5625 2220 5676 rio
2257 5622 2570 5675 feminarum
2603 5622 2651 5673 in
2690 5619 2861 5682 ἕλκεις
2887 5639 2975 5674 seu
3016 5619 3065 5675 in
3106 5622 3433 5678 Sunonachio
3467 5635 3695 5693 metu:
