3872 6230
244 304 364 370 633

806 430 1267 487 CIVITA'I‘ENSE.

246 519 387 592 ipsis
416 521 689 573 monachis
733 522 1013 573 constiti-rat
1058 525 1321 576 abbatem.
1370 524 1647 579 Humiliter
1692 528 1801 592 ipse

245 589 422 661 abbas
448 602 566 661 cum
596 602 849 661 consensu
886 593 1147 657 pontiﬁcis
1171 594 1309 645 sedis
1339 595 1687 661 Aquileiensis
1712 589 1802 645 or-

245 655 445 729 dinare
462 656 652 708 debeat
669 655 1005 721 abbatissam,
1024 661 1161 729 quod
1182 670 1262 713 est
1282 655 1437 728 quam
1462 678 1559 714 una
1584 678 1803 714 concors

244 723 494 790 elegerit,
518 732 608 777 aut
634 739 755 791 pars
775 741 875 791 que
901 723 1084 780 melior
1112 723 1381 789 fuerin-ut
1410 731 1597 783 exinde
1619 747 1799 783 eorum

246 805 443 863 magna
472 807 673 863 merces
694 795 957 853 adveniat,
981 808 1031 849 et
1054 798 1192 863 ipsas
1214 799 1325 850 sine
1346 813 1521 851 morsu
1544 800 1802 851 tliabolico

247 859 305 909 in
333 859 427 911 Dei
457 862 739 926 persistant
765 864 997 915 servitio.
1030 859 1157 917 Nam
1197 866 1333 918 nulla
1375 866 1475 919 alia
1504 881 1683 919 eorum
1724 870 1799 919 vel

244 942 437 1001 earum
462 930 691 1001 habeant
712 930 972 984 licentiam
996 948 1152 1001 super
1173 934 1504 1001 imposilione
1522 935 1691 987 facere
1718 952 1803 988 Ire-

245 1010 357 1070 que
378 998 472 1048 sibi
493 1007 722 1070 receptu,
743 1014 910 1065 neque
932 998 1146 1054 missum
1168 998 1317 1054 suum
1342 1004 1613 1069 arrtaliqrra
1638 1004 1801 1070 impe-

250 1067 459 1142 ratione
487 1082 653 1145 neque
676 1068 723 1145 in
758 1071 1073 1148 monasterio
1093 1086 1259 1148 neqne
1283 1071 1430 1148 iure.
1456 1088 1515 1124 us
1535 1067 1606 1148 in:
1631 1067 1803 1148 nas—te:

252 1133 472 1205 riorunr,
494 1135 590 1185 nisi
614 1135 865 1205 invitatus
880 1138 1035 1190 fuerit
1054 1133 1281 1205 pontifex
1299 1141 1365 1189 ab
1382 1140 1494 1205 ipso
1515 1142 1700 1191 abbate
1724 1140 1801 1191 vel

249 1202 537 1274 abbatissa,
555 1204 681 1274 etsi,
698 1206 831 1270 quod
848 1207 1003 1268 absit,
1020 1202 1128 1273 ipsa
1144 1202 1475 1274 congregatio
1492 1208 1803 1273 regulariter

246 1270 430 1343 vivere
458 1272 769 1343 neglexerit;
806 1274 913 1340 ipse
944 1270 1180 1328 Pontifex
1207 1270 1298 1329 eos
1321 1270 1611 1330 comoncat.
1635 1292 1801 1343 quan—

247 1345 365 1412 tum
388 1339 464 1390 sic
487 1339 670 1412 decere
680 1339 882 1407 juvant.
902 1344 1049 1412 Quod
1066 1346 1106 1396 si
1125 1346 1555 1412 contempserint,
1573 1339 1799 1412 correpti

245 1404 442 1487 iterum
463 1416 618 1487 atque
641 1404 827 1487 iterum
851 1404 947 1464 sub
973 1411 1309 1487 allegationcs
1330 1404 1693 1487 ejrrsdistr'ingi
1712 1404 1801 1487 de:

242 1473 394 1547 bCat,
428 1484 481 1547 et
510 1473 573 1539 si,
604 1479 741 1544 quod
774 1496 875 1532 non
906 1473 1100 1547 optans
1118 1486 1167 1533 in
1193 1473 1423 1533 deterius
1446 1473 1687 1543 iruerint,
1711 1482 1796 1546 qui

243 1541 314 1617 de
356 1545 540 1617 eodem
580 1541 1084 1613 nionasterioftunc
1122 1557 1350 1602 mutetur
1393 1551 1501 1617 ipse
1539 1541 1800 1602 monaste-

244 1612 390 1685 rinm
426 1616 476 1665 in
513 1616 829 1681 senodocbio
874 1627 1087 1684 regente
1130 1628 1287 1685 atque
1334 1612 1641 1681 disponente
1686 1620 1799 1685 ipso

242 1680 441 1753 abbate
468 1698 569 1735 una
601 1700 719 1737 cum
748 1680 1005 1738 consensu
1030 1688 1181 1739 sedis
1205 1680 1551 1753 Aquileiensis
1589 1680 1797 1752 pontiﬁ-

1722 325 1781 376 ω

1898 324 2197 380 recuses.
2644 393 2653 399 _
3335 330 3433 383 sar

1780 464 1794 477 α
1830 440 1877 496 Α

2461 437 2903 491 MANIACENSE.

1900 533 2055 591 atque.
2081 524 2387 591 disponente
2421 526 2531 592 ipso
2568 527 2773 579 abbate.
2808 528 2980 579 Abbas
3006 543 3129 580 vero
3162 544 3279 580 curn
3322 545 3434 581 nro-

1900 593 2081 644 nachis
2110 593 2205 644 sibi
2238 594 2529 647 commissis
2567 596 2877 661 regulariter
2903 597 3077 647 vivere
3106 597 3347 659 debeant,
3384 605 3437 651 et

1900 661 1996 713 sub
2025 660 2162 711 rnrlla
2204 662 2445 726 deinceps
2494 660 2671 715 nostra
2718 664 2792 713 vel
2844 664 3090 715 heredum
3138 673 3435 717 nostrorum

1902 730 2168 793 redigatur
2197 738 2485 793 potestate;
2531 732 2620 783 sed
2659 746 2865 797 semper
2888 734 3063 797 pra-sit
3090 731 3199 798 ipse
3237 733 3287 783 in
3321 747 3436 785 mo-

1902 798 2393 867 n;~.steriovirorum
2434 808 2650 867 excepto
2678 799 2921 851 defuncto
2958 800 3167 860 abbate,
3200 808 3258 852 ut
3288 799 3436 866 jussu

1900 864 1989 917 liti
2037 864 2147 916 ﬁeri
2178 866 2325 923 solet,
2360 874 2411 917 et
2441 864 2577 918 tunc'
2598 868 2639 919 si
2670 868 2908 919 monachi
2939 868 2987 918 in
3025 882 3183 919 unum
3219 864 3435 920 conten-

1898 940 2008 1003 tum
2039 936 2284 986 unaninre
2312 950 2410 985 non
2436 939 2813 987 concordarent
2838 949 3130 1002 personam,
3167 944 3275 996 aut,
3300 936 3439 1003 quod

1899 1002 2055 1070 absit,
2094 1002 2286 1053 nralnm
2320 1004 2416 1054 sibi
2450 1006 2702 1069 eligerent
2737 1004 3076 1069 caput,‘tunc
3112 1004 3250 1055 sedis
3272 1002 3438 1070 Aqui-

1900 1068 2109 1120 leiensis
2133 1070 2363 1137 pontifex
2395 1072 2457 1123 ad
2488 1068 2639 1124 unam
2668 1087 2757 1125 cos
2785 1068 2967 1123 reddat
2992 1068 3349 1133 concordiam,
3375 1086 3438 1123 ac

1888 1138 2171 1189 meliorem
2200 1139 2263 1191 de
2294 1139 2418 1206 ipsis
2449 1142 2718 1193 monachis
2746 1141 3029 1193 constituat
3054 1141 3314 1201 abbatem,
3344 1141 3439 1191 hu-

1900 1206 2093 1275 militer
2114 1207 2223 1274 ipse
2243 1208 2403 1258 abbas
2423 1224 2539 1261 cum
2561 1224 2816 1262 consensu
2838 1207 3098 1275 pontificis
3120 1208 3258 1260 sedis
3278 1209 3440 1274 Aqui-

1899 1273 2111 1327 leieusis
2135 1273 2381 1328 erdinare
2409 1277 2597 1330 debeat
2636 1273 2975 1337 abbatissam,
3012 1284 3063 1327 et
3103 1276 3203 1328 hoc
3232 1273 3439 1342 quando

1897 1356 2082 1414 omnes
2106 1358 2208 1414 non
2225 1346 2553 1414 concorditer
2576 1346 2846 1414 eligerent,
2862 1354 2949 1397 aut
2968 1344 3137 1411 major
3162 1359 3301 1412 pars,
3322 1360 3439 1411 quae

1898 1411 2085 1481 melior
2114 1412 2288 1474 fuerit,
2320 1422 2375 1465 ut
2400 1414 2587 1467 exinde
2622 1411 2801 1467 earum
2834 1427 3019 1481 magna
3050 1411 3253 1465 merces
3278 1413 3435 1465 adve-
3468 1439 3475 1446 μ

1898 1478 2026 1535 niat.
2055 1488 2106 1531 et
2136 1481 2275 1547 ipsas
2307 1483 2418 1535 sine
2448 1498 2625 1536 morsu
2664 1478 3003 1535 diabolico'in
3035 1480 3124 1532 Dei
3154 1481 3439 1548 persistant

1898 1548 2131 1599 servitio.
2170 1549 2375 1601 Nullam
2403 1558 2575 1602 tamen
2606 1550 2769 1605 ,aliam
2799 1566 2978 1605 eorum
3015 1548 3097 1601 vel
3125 1563 3306 1601 earum
3348 1551 3424 1601 ha.

1898 1614 2019 1666 beat
2046 1616 2309 1670 licentiam
2332 1634 2488 1685 super
2510 1619 2893 1687 impositionem
2923 1619 3114 1687 facere,
3144 1632 3312 1684 neque
3338 1616 3437 1670 sibi

1899 1694 2187 1752 receptum,
2217 1702 2383 1753 neque
2412 1686 2627 1740 missum
2657 1703 2829 1751 suum,
2857 1696 2949 1740 aut
2967 1686 3193 1753 aliquam
3216 1687 3437 1753 impera-

243 1751 346 1823 gis,
371 1751 508 1823 sient
530 1753 771 1823 superius
797 1754 1023 1807 diximus
1047 1756 1111 1808 de
1135 1751 1456 1807 monasterio
1484 1755 1793 1823 puellarum.
1830 1763 1874 1821 Β
1903 1751 2094 1823 tionem
2127 1751 2374 1822 nequerin
2406 1757 2721 1809 monasterio
2752 1770 2921 1823 neque
2953 1756 3002 1807 in
3040 1751 3437 1823 monasterium,

242 1814 381 1892 Nam
413 1819 514 1892 alia
552 1814 607 1892 in
634 1820 762 1892 ipsis
788 1823 944 1875 rebus
973 1824 1055 1892 vel
1087 1824 1359 1877 monachis
1387 1814 1799 1877 seu'monaclras
1830 1814 1870 1857 '7
1897 1821 1998 1892 _nisi
2031 1814 2277 1877 inritatirs
2306 1823 2462 1877 fuerit
2492 1824 2719 1892 pontifex
2751 1826 2815 1875 ab
2835 1814 2956 1892 ipso
2991 1823 3202 1885 abbate,
3232 1822 3320 1892 vel?
3343 1814 3436 1892 abé

242 1887 447 1959 nullam
475 1889 633 1959 faciat
655 1887 929 1943 leSionem.
958 1891 1031 1945 Te
1046 1907 1172 1944 vero
1192 1893 1279 1957 qui
1301 1906 1518 1958 presens
1539 1892 1795 1959 pontifex,

234 1964 312 2027 .et_
328 1956 436 2010 Deo
467 1958 652 2027 dignus
690 1973 808 2012 esse
842 1960 1167 2024 dignosceris
1194 1956 1416 2013 domino
1456 1956 1667 2027 Sig—uald
1708 1976 1798 2027 pa-

243 2024 445 2094 t_riarca
470 2024 566 2093 per
593 2026 801 2080 Patrem
830 2037 883 2081 et
910 2028 1099 2081 Filinrn
1138 2038 1188 2081 et
1221 2037 1459 2081 sanctum
1496 2024 1798 2094 adjnramus

242 2091 534 2165 _Spiritum,
564 2103 616 2148 et
644 2112 737 2164 per
763 2096 973 2149 beatum
1006 2099 1216 2149 Petrum
1255 2091 1796 2165 principcm‘aposto-

242 2160 418 2233 lorum
446 2172 503 2216 ut
540 2160 683 2233 nulla
711 2165 814 2233 eis,
846 2166 926 2217 vel
957 2180 1139 2218 earum
1168 2160 1402 2233 permitti
1427 2160 1659 2231 patiaris
1688 2167 1797 2219 vio-

241 2229 454 2300 lentias,
488 2248 581 2285 nec
614 2232 724 2299 ipse
746 2232 936 2297 facias;
967 2234 1057 2286 sed
1090 2229 1225 2287 hanc
1254 2229 1452 2285 cartani
1481 2236 1797 2300 perpetuali-

240 2308 329 2350 ter
363 2298 514 2352 ﬁrma
542 2302 610 2354 sit
636 2298 735 2354 Sub
771 2304 1103 2356 anathemate
1138 2303 1327 2369 scripta
1347 2342 1361 2365 ,
1392 2312 1448 2355 ut
1481 2298 1796 2355 tuisncccs-

239 2382 393 2420 seres
420 2370 673 2437 majorem
704 2370 933 2424 habeant
954 2386 1154 2431 curram,
1183 2380 1233 2423 et
1262 2372 1353 2423 tibi
1380 2386 1565 2436 magna
1595 2387 1795 2424 merces

237 2436 673 2503 acrescat.’Quod
692 2440 735 2491 si
757 2438 929 2493 facere
950 2441 1347 2505 contempseris,
1374 2440 1648 2491 Dominum
1674 2458 1794 2492 cum

239 2506 448 2573 angelis
471 2508 582 2560 suis
616 2507 869 2571 formida.
890 2508 1035 2560 lianc
1063 2517 1262 2561 cartam
1294 2508 1355 2560 ad
1389 2524 1483 2559 nos
1510 2507 1644 2560 facta
1671 2508 1795 2560 Am-

238 2582 421 2640 sperto
468 2591 689 2630 monaco
727 2578 956 2630 scribere
1002 2577 1318 2644 rogavimus.
1360 2575 1470 2630 Hoc
1508 2586 1683 2628 autem
1728 2579 1794 2630 ad

236 2646 619 2713 monasterium
666 2654 967 2699 sanctorum
1011 2645 1242 2699 omnium
1288 2646 1643 2713 apostolorum
1693 2647 1793 2698 sito

237 2708 566 2767 Nonantulas
591 2715 855 2766 territorio
893 2715 942 2766 in
977 2714 1261 2767 Mutinense
1294 2708 1431 2765 anno
1459 2712 1790 2766 dominorum

235 2788 542 2850 nostrorum
572 2782 823 2836 Desiderii
852 2792 905 2834 ct
932 2782 1178 2838 Adelchis
1210 2783 1419 2850 regibus
1445 2792 1609 2842 sexto,
1638 2783 1791 2835 tertio

236 2845 415 2902 Madio
443 2850 726 2904 indictione
754 2852 935 2919 quinta
975 2854 1175 2906 decima
1206 2865 1251 2904 α.
1273 2845 1323 2919 ’ἥ-
1358 2851 1467 2920 Ego
1494 2866 1620 2920 ergo
1658 2851 1792 2903 indi-

233 2932 373 2985 gnus
400 2921 686 2973 monachus
723 2918 784 2973 in
816 2922 952 2974 banc
984 2929 1184 2975 cartam
1220 2934 1250 2971 a
1288 2918 1370 2973 me
1401 2918 1589 2973 factam
1631 2934 1790 2972 manu

232 3000 357 3055 mea
388 2989 572 3055 scripsi
602 2998 656 3041 et
682 2990 1016 3043 subscribere
1042 2988 1242 3054 rogavi.
1273 2988 1312 3054 -ισ
1342 2988 1450 3055 Ego
1473 2988 1678 3042 Marcus
1705 2989 1787 3041 in-

230 3054 426 3124 dignus
448 3054 580 3109 abba
623 3058 674 3111 in
718 3059 852 3111 hanc
889 3057 1222 3111 consentiens
1252 3071 1406 3108 manu
1437 3072 1551 3109 mea
1578 3056 1783 3123 scripsi.

309 3124 418 3195 Ego
448 3126 585 3177 Anto
619 3127 863 3195 indignus
902 3125 1187 3195 monachus
1213 3140 1383 3195 _manu
1422 3140 1537 3178 mea
1579 3126 1784 3191 scripsi.

226 3191 273 3259 -ῖ-
306 3191 416 3260 Εςο
453 3191 787 3248 Victorianus
828 3204 1075 3260 peccator
1120 3194 1171 3246 in
1212 3193 1347 3246 hanc
1385 3203 1584 3247 carlanr
1632 3208 1791 3246 manu

226 3276 355 3313 mea
380 3263 789 3333 scripsiL-lego
817 3262 1070 3317 Silvester
1103 3262 1348 3330 indignus
1379 3263 1513 3315 abba
1551 3270 1785 3333 vocatus,

226 3340 453 3398 rogatus
475 3333 542 3384 ab
572 3331 764 3385 Erl'one
787 3334 843 3385 in
868 3334 1004 3386 hanc
1029 3339 1232 3386 cartam
1256 3346 1410 3385 manu
1438 3346 1553 3383 mea
1578 3331 1785 3398 scripsi.

222 3398 277 3481 1:
308 3397 414 3481 l‘lgo
437 3399 712 3455 Guidnlfus
738 3401 981 3481 indignus
1007 3401 1294 3479 monachus
1319 3408 1629 3481 sanctorum
1645 3397 1785 3481 .829.-

225 3465 491 3521 stolarum
522 3478 735 3533 rogatus
767 3472 831 3522 ab
854 3465 1053 3522 'Erl‘one
1082 3476 1176 3536 pro
1198 3467 1434 3534 jussione
1459 3468 1654 3521 domini
1688 3465 1789 3521 Sil-

221 3538 397 3603 vestri
428 3538 634 3590 abbatis
673 3539 723 3590 in
766 3539 899 3591 hanc
927 3545 1129 3592 cartam
1156 3551 1313 3589 manu
1357 3550 1473 3589 mea
1506 3537 1713 3602 scripsi.
1747 3539 1785 3603 οἱ·

223 3602 354 3675 5:20,
374 3604 538 3675 Ursus
566 3605 686 3659 licet
715 3606 959 3675 indignus
997 3605 1272 3674 presbyter
1305 3616 1359 3657 et
1387 3606 1672 3675 monachus
1698 3614 1787 3675 aut

221 3670 430 3745 _Christi
462 3684 514 3725 et
542 3670 846 3745 archangeli
869 3670 1147 3745 Michaelis
1158 3670 1395 3745 rogatus
1424 3675 1487 3745 ab
1519 3674 1708 3745 Erfone
1728 3674 1783 3745 _in

224 3740 371 3794 hanc
398 3751 595 3796 cartam
623 3740 779 3797 manu
812 3760 925 3798 mea
966 3744 1171 3811 scripsi.
1204 3740 1387 3810 {Ego
1424 3742 1614 3795 Beatus
1653 3742 1784 3793 indi-

236 3823 367 3879 gnus
395 3811 645 3865 diaconus
675 3821 977 3866 sanctorum
1009 3821 1062 3865 ct
1090 3812 1444 3879 apostolorum
1477 3820 1688 3877 rogatus
1717 3812 1783 3864 ab

246 3875 603 3949 Erlirneimanu
633 3897 747 3934 mea
772 3882 976 3949 scripsi.
1002 3882 1040 3946 ’ἶ-
1062 3875 1169 3948 Εέο
1194 3880 1513 3946 Theophilus
1540 3875 1784 3944 indignus

224 3948 1121 4018 eronachussanctorunrrogatus
1168 3950 1231 3999 ab
1276 3949 1466 3999 lirl'ono
1505 3962 1600 4014 pro
1632 3948 1780 4015 jussu

222 4011 439 4067 Domini
492 4015 729 4070 Silvestri
775 4011 995 4070 abbatis
1025 4018 1074 4068 in
1122 4018 1257 4069 banc
1306 4011 1518 4069 cartam
1547 4011 1778 4069 nostram

222 4096 387 4135 manu
415 4086 625 4155 propria
656 4088 863 4155 scripsi.
890 4088 925 4153 ἦ·
954 4087 1061 4154 Ego
1088 4086 1369 4137 Anselmus
1392 4086 1513 4139 licet
1538 4085 1781 4155 indignus

218 4154 522 4222 tironaclrus
560 4164 859 4208 sanct::rum
898 4156 1131 4207 omnium
1166 4154 1532 4221 Apostolorum
1570 4154 1780 4222 rogatus

219 4218 512 4288 alrErfone
543 4224 697 4275 uroJo
728 4225 934 4285 abbate,
963 4234 1014 4275 ct
1038 4218 1271 4288 jussionc
1305 4224 1498 4274 domini
1539 4218 1776 4275 Silvestri

216 4286 432 4340 abbatis
478 4291 612 4343 hanc
648 4292 901 4345 cartrrlarn
942 4286 1239 4344 donationis
1273 4300 1428 4356 alque
1460 4290 1777 4343 definitionis

218 4356 379 4427 istam
412 4359 477 4409 ad
508 4358 877 4413 Monachorum
908 4361 959 4412 in
989 4359 1150 4412 Sexto
1177 4360 1482 4426 conscripsi,
1512 4360 1774 4427 similique

216 4424 326 4475 alia
348 4435 498 4478 carta
530 4430 643 4495 pari
675 4438 854 4481 tenore
889 4437 942 4480 et
968 4444 1121 4481 sensu
1163 4444 1316 4493 quem
1354 4424 1544 4479 (iebent
1578 4424 1773 4481 habere

217 4496 583 4549 irronasterins
621 4499 991 4550 monachorum
1024 4498 1073 4547 in
1105 4495 1267 4557 Salto,
1301 4497 1437 4549 unde
1465 4504 1516 4547 et
1545 4497 1773 4563 reliquas

216 4570 399 4643 cartas
431 4579 531 4616 una
565 4579 661 4643 pro
701 4565 902 4643 Ursone
933 4565 1224 4643 preslritc'r'o
1263 4574 1315 4616 et
1348 4564 1447 4615 alia
1481 4579 1575 4631 pro
1614 4565 1773 4643 beato

216 4630 447 4701 diacono
486 4630 701 4701 scripta,
752 4634 895 4700 quod
933 4630 986 4685 in
1024 4633 1175 4701 simul
1215 4643 1337 4684 sunt
1377 4630 1617 4698 quatuor.
1670 4634 1771 4685 Ista

213 4698 341 4751 daia
380 4708 465 4751 est
492 4702 556 4753 ad
592 4698 967 4754 monasterium
1001 4703 1049 4754 in
1082 4700 1263 4761 Sexto,
1303 4710 1355 4752 et
1398 4701 1498 4752 alia
1542 4702 1660 4753 data
1692 4713 1773 4754 est

213 4766 287 4817 ad
314 4770 694 4822 monasterium
719 4769 1029 4834 feminarum
1054 4772 1103 4822 in
1128 4769 1290 4821 Salto.
1318 4770 1490 4821 Tertia
1518 4771 1566 4820 in
1592 4786 1770 4821 mona-

212 4835 384 4887 sterio
411 4836 624 4889 domino
646 4839 948 4891 Victori-ano
979 4839 1150 4891 abbati
1181 4839 1228 4889 in
1253 4838 1569 4889 monasterio
1595 4840 1763 4891 sanch

212 4903 522 4973 archangeli
564 4905 847 4959 Michaelis.
886 4906 1079 4969 Quarta
1122 4908 1328 4972 quidem
1366 4908 1414 4957 in
1446 4908 1763 4959 monasterio

212 4969 666 5041 domini'Erfonis
701 4976 751 5027 in
783 4975 994 5034 Tussia,
1026 4987 1083 5027 ut
1110 4969 1303 5039 absque
1334 4975 1431 5026 alia
1461 4973 1642 5028 fraude
1670 4990 1761 5041 pe-

215 5039 420 5109 reniter
448 5042 546 5108 ipsi
584 5044 870 5096 venerandi
899 5044 994 5097 loci
1032 5044 1331 5109 pcrsistant.
1372 5043 1614 5109 Explicit.
1657 5039 1763 5095 Deo

213 5108 438 5172 gratias.
464 5108 651 5163 Amen.
682 5111 841 5164 Orate
868 5128 962 5179 pro
987 5108 1137 5164 nobis
1163 5126 1345 5164 omnes
1365 5108 1591 5164 sanctos.

1896 1888 2113 1961 batissa,
2141 1901 2195 1943 et
2222 1893 2284 1951 si,
2318 1894 2453 1958 quod
2485 1888 2637 1953 absit,
2676 1895 2786 1961 ipsa
2817 1888 3152 1961 congregatio
3180 1891 3438 1959 regulari-

1898 1967 1978 2010 ter
2016 1960 2191 2011 rivere
2229 1962 2548 2028 neglexerit,
2585 1963 2694 2028 ipse
2735 1962 2966 2029 pontifex
2996 1974 3100 2029 eos
3140 1967 3438 2021 comoneat,

1896 2035 2153 2093 quatenus
2181 2029 2318 2081 sicut
2342 2030 2614 2091 condecet,
2642 2028 2839 2091 vivant,
2872 2028 3009 2095 quod
3033 2028 3074 2080 si
3105 2036 3435 2094 contempse-

1899 2096 2015 2153 rint,
2053 2098 2277 2165 correpti
2328 2099 2515 2150 iterum
2557 2106 2713 2165 atque
2757 2094 2943 2150 iterum
2989 2096 3085 2148 sub
3129 2094 3439 2165 allegatione

1896 2166 2181 2232 constringi
2210 2164 2450 2218 debeant.
2484 2166 2552 2218 At
2592 2164 2656 2229 si,
2696 2166 2835 2232 quod
2877 2180 2975 2217 non
3017 2171 3274 2231 Optamus,
3308 2164 3440 2217 ulte-

1897 2233 2312 2303 riuscreverint,
2344 2236 2431 2303 qui
2460 2237 2511 2288 in
2535 2237 2717 2287 eodem
2748 2234 3063 2286 monasterio
3089 2232 3283 2285 nullam
3323 2247 3436 2284 nro-

1894 2302 2151 2353 nasticarn
2200 2302 2482 2356 habuerint
2530 2304 2959 2365 ofservantiam,
3010 2309 3134 2353 tunc
3182 2309 3436 2353 mutatum

1895 2368 2060 2435 ipsunr
2087 2372 2464 2423 monasterium
2495 2372 2545 2423 in
2574 2372 2889 2423 senodocbio
2932 2378 3143 2435 regente
3187 2369 3298 2436 ipso
3340 2371 3433 2419 ab-

1872 2436 2012 2490 bate
2043 2452 2143 2489 una
2172 2454 2288 2490 cum
2327 2456 2581 2492 consensu
2615 2440 2754 2493 sedis
2782 2438 3129 2506 Aquileiensis
3154 2437 3436 2504 pontiﬁcis,

1893 2506 2030 2557 sicut
2053 2508 2293 2575 superius
2317 2508 2542 2560 diximus
2566 2509 2630 2561 de
2650 2507 2968 2560 monasterio
2999 2506 3323 2575 puellarum,
3340 2522 3437 2575 nec

1892 2573 2131 2653 amplius
2157 2577 2311 2653 rebus
2354 2578 2454 2653 vel"
2474 2578 2777 2653 monachis,_
2806 2591 2894 2629 seu
2940 2573 3435 2653 monacbaadnullarn
3465 2589 3468 2592 ’

1894 2641 2048 2712 faciat
2085 2644 2368 2698 Iarsionem.
2415 2646 2487 2700 Te
2528 2661 2651 2700 vero
2694 2647 2779 2711 qui
2824 2659 3055 2712 prmsens
3098 2641 3349 2712 pontifex,
3385 2651 3437 2695 et

1892 2711 1999 2761 Deo
2016 2712 2213 2782 _dignus
2249 2728 2365 2766 esse
2405 2710 2725 2782 dignosceris
2764 2710 2837 2765 DC
2859 2712 3097 2782 Sigoalde
3135 2710 3434 2782 patriarcha

1890 2792 1984 2845 per
2010 2778 2238 2843 Patrem,
2268 2793 2314 2834 et
2347 2778 2532 2835 Filium
2563 2792 2618 2835 et
2643 2792 2881 2835 sanctum
2923 2778 3229 2847 adjuramus
3267 2779 3434 2847 Spiri-

1891 2856 2021 2908 tum,
2046 2857 2099 2901 et
2134 2866 2229 2918 per
2262 2851 2471 2904 beatum
2498 2852 2707 2905 Petrum
2736 2852 3023 2918 principem
3058 2852 3433 2918 apostemrum,

1890 2926 1947 2968 ut
1974 2917 2166 2988 nullam
2194 2919 2270 2972 eis
2297 2920 2378 2973 vel
2402 2935 2582 2985 earum
2610 2917 2840 2988 permitti
2872 2919 3086 2988 patiaris
3111 2917 3433 2988 violentiam,

1890 2998 1985 3037 nec
2016 2986 2124 3053 ipse
2152 2988 2328 3050 facies,
2362 2998 2415 3041 et
2442 2990 2555 3043 hiDC
2583 2986 2730 3042 carta
2768 2986 3137 3055 perpetualiter
3172 2986 3320 3055 tit-ma
3369 2990 3435 3039 sit

1891 3056 1987 3125 _sub
2015 3056 2353 3123 anathemate
2381 3059 2597 3125 scripta,
2630 3066 2687 3109 ut
2720 3058 2792 3109 tui
2823 3054 3153 3110 successores
3180 3054 3434 3121 majorem

1890 3121 2120 3192 habeant
2160 3121 2362 3189 curam,
2409 3134 2463 3179 et
2491 3121 2598 3179 —sibi
2650 3141 2836 3192 magna
2889 3139 3090 3176 merces
3143 3131 3430 3175 accrescat.

1889 3190 2040 3264 Quod
2064 3193 2123 3264 _si
2160 3192 2346 3264 facere
2388 3190 2803 3264 contempseris,
2832 3192 2891 3243 Ι).
2934 3206 3049 3264 cum
3089 3192 3288 3259 angelis
3326 3192 3434 3244 suis

1890 3261 2131 3313 formida.
2159 3262 2304 3315 lianc
2327 3273 2528 3316 cartam
2554 3278 2583 3316 a
2602 3260 2762 3315 'nobis
2784 3263 2971 3314 factam
2995 3260 3308 3327 Anspertum
3336 3276 3430 3311 no-

1888 3329 2078 3401 tarium
2109 3332 2339 3385 scribere
2377 3334 2692 3401 rogavimus.
2735 3332 2841 3401 Hoc
2868 3337 3040 3381 actnrn
3062 3330 3136 3401 ad
3170 3338 3433 3401 monaste-

1889 3398 2023 3467 rium
2054 3409 2355 3452 sanctorum
2384 3395 2615 3452 omnium
2647 3400 2999 3467 apostolorum
3032 3397 3189 3467 situm
3218 3395 3427 3467 Nonnu-

1889 3466 1993 3517 tnla
2023 3469 2259 3520 teritorio
2296 3468 2601 3521 Mutinense.
2642 3464 2789 3520 Anno
2832 3467 2895 3518 ab
2936 3464 3293 3516 incarnatione
3323 3465 3427 3517 Do-

1888 3534 2010 3586 mini
2041 3536 2202 3588 nostri
2230 3534 2352 3589 Jesu
2385 3536 2577 3589 Christi
2605 3538 2723 3589 760.
2753 3535 3036 3588 indictione
3065 3533 3139 3583 l-i.
3172 3531 3429 3601 Tempore

1884 3602 2211 3670 dominorum
2250 3614 2545 3657 nostrorum
2587 3605 2839 3657 Desiderii
2868 3613 2920 3655 et
2952 3601 3194 3653 Adclcbis
3224 3617 3424 3670 regum.

1885 3669 2062 3722 Tertio
2090 3673 2173 3724 die
2201 3674 2430 3727 intrante
2460 3689 2636 3727 mense
2667 3672 2799 3727 Maio
2828 3686 2872 3723 ιι.

1955 3739 2059 3807 Ego
2104 3740 2265 3794 llerto
2308 3742 2549 3810 indignus
2590 3745 2751 3794 abbas
2796 3758 2952 3794 manu
2998 3754 3111 3793 mea
3150 3738 3423 3810 scripsiin

1882 3806 1987 3884 hac
2006 3806 2149 3884 carta
2183 3825 2210 3861 a
2239 3825 2319 3863 me
2353 3806 2504 3884 facta,
2538 3819 2590 3862 et
2617 3811 3068 3884 lros_srrlrscr'i5_;ere
3099 3807 3322 3884 rogavia

1949 3875 2057 3944 Ego
2102 3878 2307 3931 Marcus
2352 3880 2594 3948 indignus
2646 3880 2809 3931 abbas
2861 3880 2909 3930 in
2955 3880 3050 3930 bac
3092 3875 3423 3927 consentiens

1881 3959 2037 3997 manu
2068 3962 2178 3999 mea
2206 3948 2409 4014 scripsi.

1948 4014 2056 4089 Ego
2080 4016 2215 4089 ._\_nt0
2243 4011 2484 4089 indignus
2508 4016 2672 4067 abbas
2694 4032 2848 4089 manu
2877 4030 2989 4067 mea
3018 4011 3223 4078 scripsi.
3300 4078 3311 4089 .
3381 4079 3391 4089 I

1947 4082 2054 4153 ljgo
2082 4082 2413 4153 Victorianus
2439 4092 2681 4153 peccator
2706 4086 2867 4137 abbas
2892 4100 3046 4134 manu
3073 4095 3186 4134 mea
3212 4082 3413 4144 scripsi.

1947 4150 2055 4221 Ego
2088 4152 2341 4205 Silvestcr
2376 4150 2615 4221 indignus
2655 4154 2815 4205 abbas
2850 4160 3084 4211 vocatus,
3121 4158 3175 4200 et
3208 4158 3420 4215 rogatus

1879 4221 1942 4271 ab
1965 4220 2158 4273 Ertonc
2189 4222 2238 4273 in
2270 4222 2367 4275 bac
2393 4220 2536 4274 car-ta
2566 4237 2719 4272 rrranu
2748 4237 2861 4273 mea
2883 4220 3087 4287 scripsi.

1944 4287 2052 4356 Ego
2082 4289 2370 4343 Gandulfus
2401 4291 2564 4343 abbas
2598 4299 2811 4357 rogatus
2847 4289 3074 4340 ilertone
3103 4298 3261 4336 manu
3297 4297 3413 4336 mea

1877 4370 1931 4408 sc
1939 4372 2080 4425 rrpsr.

1800 4399 1848 4455 υ
2099 4426 2264 4480 Ursus
2306 4427 2428 4479 licet
2470 4427 2711 4495 indignus
2757 4427 2917 4478 abbas
2960 4419 3269 4491 Arcbangeli
3321 4419 3414 4483 Mi-

1870 4494 2066 4575 chaelis
2104 4505 2315 4563 rogatus
2343 4496 2406 4549 ab
2439 4494 2666 4548 Hertonc
2708 4495 2760 4547 in
2796 4496 2894 4547 hac
2922 4502 3064 4547 carta
3100 4505 3258 4572 manu
3293 4501 3409 4540 mea

1868 4577 2051 4616 SCl'IDSl
2061 4604 2073 4616 .

1938 4579 2265 4700 l[iiﬁrhﬂeatus
2287 4633 2525 4701 indignus
2549 4632 2711 4685 abbas
2735 4639 3036 4701 sanctorum
3056 4627 3406 4696 apostolorum

1871 4710 2080 4767 rogatus
2109 4704 2173 4754 ab
2204 4700 2432 4755 Hertone
2460 4717 2613 4755 rnanu
2642 4715 2756 4752 mea
2785 4700 2991 4765 scripsi.

1934 4770 2050 4850 ligo.
2068 4771 2384 4838 TbeOphilus
2406 4778 2652 4838 peccator
2677 4768 2839 4821 abbas
2865 4776 3075 4835 rogatus
3104 4779 3259 4816 manu
3290 4780 3405 4817 mea

1869 4851 2072 4892 Si'l‘lDSl.

1937 4853 2355 4974 Egblbnshertus
2374 4908 2505 4961 aulie
2526 4908 2682 4975 regia:
2705 4904 2938 4975 notarius
2958 4910 3170 4975 rogatus
3190 4901 3254 4975 ab
3278 4900 3405 4975 lier-

1870 4969 2213 5031 tone'illustre
2249 4979 2435 5029 abbate
2472 4992 2535 5029 ex
2562 4969 2794 5040 jussione
2820 4972 2969 5023 lll.mo
2994 4971 3163 5040 Dium.
3192 4969 3311 5040 Anti
3327 4977 3403 5040 _et

1867 5041 2025 5095 Marci
2062 5046 2195 5099 hanc
2236 5055 2432 5098 cartam
2473 5035 2766 5096 donationis
2798 5050 2951 5112 atque.
2981 5037 3293 5112 deﬁnitionis
3322 5035 3399 5112 fa-

1864 5118 1999 5161 ctam
2031 5116 2093 5165 ad
2118 5116 2490 5166 monasterium
2514 5112 2885 5165 nronachorunr
2908 5110 2957 5159 in
2980 5108 3139 5159 Sexto
3165 5108 3397 5157 conscri-

1864 5181 1962 5250 psi,
1994 5182 2251 5250 simulque
2283 5183 2436 5234 aliam
2465 5188 2661 5233 cartam
2690 5180 2801 5246 pari
2829 5186 3005 5229 tenore
3034 5185 3091 5228 et
3116 5186 3396 5250 consensu,

211 5253 378 5317 (11³³ῐὲ
406 5240 915 5317 ἀβὺεηῌιῖώεπε-ίη
953 5246 1269 5317 monasterio
1308 5247 1679 5317 monachorum
1710 5248 1761 5298 in
1798 5240 1961 5317 Salto,
2028 5240 2183 5304 unde.
2215 5260 2279 5313 ,ει
2322 5252 2545 5317 reliquas
2566 5240 2711 5317 idna's
2742 5256 2916 5299 cartas
2942 5260 3041 5317 una
3075 5256 3171 5309 pro
3199 5241 3397 5317 Urtone

210 5309 477 5390 prte‘dicti,
507 5311 681 5390 et'alia
702 5328 797 5390 pro
822 5313 1224 5390 Beato_diacono
1251 5316 1618 5390 script-etsunt,
1679 5331 1794 5381 qua:
1832 5316 1977 5390 fiunt
2023 5309 2248 5390 quatno'r
2278 5320 2326 5390 in
2358 5309 2528 5390 simul.
2560 5316 2661 5368 lsla
2687 5319 2810 5390 data
2826 5314 2997 5390 estad
3024 5314 3394 5390 irronasteriuni

211 5373 271 5428 in
298 5373 483 5439 Sexto,
501 5387 556 5432 et
573 5379 673 5433 alia
700 5373 819 5434 data
841 5383 1006 5435 estad
1032 5373 1404 5435 monasterium
1458 5373 1791 5435 Feminarum
1830 5386 1879 5435 in
1948 5373 2109 5439 Salio.
2149 5388 2324 5441 Tertia
2355 5389 2404 5439 in
2436 5386 2750 5438 monasterio
2778 5383 2837 5433 D.
2871 5379 3154 5434 Victoriam
3190 5376 3394 5429 abbatis

238 5494 258 5572 ’ί
284 5511 311 5572 ε
336 5500 392 5553 In
406 5511 638 5572 _utroque
662 5503 944 5572 exemplari
968 5520 1119 5557 error
1136 5514 1219 5557 est
1242 5506 1291 5557 in
1317 5506 1453 5559 notis
1474 5508 1751 5561 chronolo-

209 5571 363 5640 sicis.
403 5570 458 5623 In
485 5570 964 5640 Maniacensiﬁpria
1004 5590 1101 5625 non
1141 5576 1441 5639 apponitur:
1473 5577 1520 5626 in
1556 5576 1750 5629 Cirita-

210 5639 373 5704 tonsi,
404 5639 526 5707 quia
549 5656 647 5693 non
676 5643 821 5695 bene.
848 5642 983 5710 Lege
1014 5643 1061 5693 in
1088 5644 1182 5695 hoc
1214 5659 1223 5693 :
1254 5644 1398 5693 iuno
1421 5644 1450 5696 ti
1474 5654 1518 5695 el
1546 5646 1593 5697 ζῖ.
1620 5646 1747 5698 (Ζωι-

1853 5515 1997 5578 xenit
2029 5515 2101 5567 sic
2125 5530 2240 5567 cum
2274 5530 2409 5567 anno
2436 5513 2534 5565 762
2561 5522 2612 5566 ct
2633 5528 2753 5565 cum
2784 5512 2940 5565 indict
2986 5512 3060 5563 i3.
3098 5511 3221 5563 \‘idc
3252 5508 3387 5557 e'icta

1861 5584 1906 5633 in
1938 5584 2049 5634 Vita
2079 5584 2244 5637 sancti
2274 5583 2496 5645 Paulini,
2526 5598 2637 5649 cap.
2665 5581 2717 5644 4,
2747 5598 2796 5633 ιι.
2821 5582 2871 5631 2.
