3872 6230
145 426 244 483 641

1415 424 1742 479 ΑΡΡΙΞΝΜΧ
1785 422 2113 476 SECUNDA.

3239 418 3343 474 642

144 541 362 594 futurus
409 541 691 608 episcopus
736 552 818 591 me
863 537 1066 608 iidelem
1105 545 1159 588 et
1189 537 1699 608 _ol_iedieiitein__esse
1727 543 1774 601 Α
1800 533 1940 608 hunc
1975 531 2145 582 locum
2172 531 2238 584 ad
2266 530 2518 608 honorem
2547 537 2729 583 sancte
2757 527 3120 608 etnindividue‘
3161 527 3342 608 :l‘rini-

145 617 347 663 sancte
392 602 733 676 Aqiiilegeasi
776 606 1121 676 ecclesiamet
1165 605 1496 676 tibidomno
1533 602 1700 676 ﬂeve-

147 679 310 730 ναι-(10
361 671 686 744 patriarcha:
732 675 938 744 tuisque
978 673 1394 744 successoribus
1415 671 1699 744 secundum

144 740 394 798 ordinem
449 759 655 806 meum,
683 743 825 796 salva
856 740 1122 794 ﬁdelitate
1168 741 1398 795 Heinrici
1439 741 1595 808 regis,
1625 740 1700 792 sic

146 828 233 868 me
255 813 402 882 Deus
425 815 659 882 adjuvet,
681 812 874 882 etimne
887 818 1069 882 sancta
1088 819 1316 876 quatuor
1337 809 1635 882 Evangelia.
1661 877 1664 880 λ

214 882 272 936 2.
285 873 601 956 Largam.
618 873 808 956 1021;)
831 873 1286 956 ’i’ollicenonatque
1321 873 1570 956 promitto
1580 877 1700 956 nego

145 944 393 1002 ArtulTus
423 949 716 1004 Vicentinaa
749 944 996 1002 Ecclesia:
1022 945 1231 999 futurus
1258 944 1534 1013 episcopus
1575 944 1701 997 tide-

144 1017 250 1073 letn
276 1028 333 1070 et
352 1018 692 1071 obedientem
713 1031 828 1070 esse
857 1027 1054 1068 sanctte
1077 1014 1406 1083 Aquilegensi
1433 1013 1697 1073 Ecclesia},

144 1098 200 1139 et
229 1085 327 1139 tibi
359 1088 561 1140 domno
590 1085 818 1152 Popponi
848 1085 1161 1152 patriarchtc
1189 1084 1392 1149 tuisque
1432 1095 1700 1152 successo-

146 1154 296 1206 ribus
348 1149 932 1210 secundum—ordinem
995 1166 1204 1212 meum,
1255 1153 1397 1204 salva
1453 1149 1700 1202 fidelitate

145 1222 459 1276 Cnbonradi
503 1221 854 1290 imperatoris,
887 1220 1082 1286 ﬁliique
1124 1220 1237 1286 ejus
1266 1219 1499 1290 illinrici,
1529 1219 1572 1272 si
1617 1232 1700 1270 me

146 1290 287 1345 Deus
313 1292 556 1360 adjuvet,
576 1288 774 1360 ethice
800 1297 985 1360 salicta
1011 1297 1238 1354 quatuor
1263 1288 1558 1360 Evangelia.

215 1360 270 1412 3.
304 1355 488 1423 (Circa
516 1375 602 1411 an.
641 1355 816 1425 1027.)
846 1356 1103 1409 Polliceor
1131 1365 1286 1420 atque
1323 1357 1569 1422 promitto
1604 1369 1700 1423 ego

145 1425 615 1500 Joannessancta:
639 1425 888 1500 [felictisis
929 1425 1171 1476 Ecclesia:
1195 1427 1402 1500 iuturus
1427 1425 1700 1500 episc0pus
1735 1442 1782 1450 ~'

145 1509 232 1548 me
280 1495 500 1548 ﬁdelem
539 1504 594 1547 et
618 1495 949 1548 obedientem
985 1506 1100 1544 esse
1136 1502 1330 1544 sanctae
1367 1493 1697 1560 Aquilegensi

146 1563 427 1627 Ecclesia,
455 1572 510 1616 et
534 1562 625 1615 tibi
653 1563 844 1614 domno
871 1560 1102 1628 Pepponi
1129 1561 1463 1628 patriarchae,
1495 1568 1699 1628 tuisque

147 1633 558 1687 successoribus
581 1630 864 1682 secundum
895 1627 1068 1680 meum
1089 1629 1348 1691 ordinem,
1375 1628 1514 1680 salva
1537 1627 1699 1680 lideli—

147 1699 254 1752 late
300 1699 613 1753 Cuhonradi
645 1699 996 1766 imperatoris,
1028 1695 1223 1764 ﬁliique
1251 1697 1364 1764 ejus
1393 1695 1696 1765 l'lenynrici,

148 1768 192 1820 si
239 1782 326 1820 me
358 1767 505 1820 Deus
532 1766 761 1835 adjuvet,
789 1774 845 1818 et
881 1767 993 1818 haec
1031 1774 1213 1818 sancta
1252 1773 1478 1833 quatuor
1523 1766 1696 1817 Eva'n-

183 1836 302 1888 elia.

149 1851 487 1971 seriam:
513 1919 600 1955 an.
633 1901 810 1971 109.7.)
850 1901 1106 1955 Polliceor
1142 1909 1300 1970 atque
1330 1918 1362 1969 p
1387 1902 1702 1971 omitto.ch

152 1969 498 2024 Roodbertus
539 1980 734 2024 sancta:
765 1969 1168 2024 Concordiensis
1212 1969 1460 2024 Ecclesize
1496 1969 1703 2023 futurus

150 2041 435 2107 episcOpus
467 2053 548 2093 me
576 2039 779 2091 ﬁdelem
815 2048 970 2105 atque
1007 2040 1338 2091 obedientem
1365 2053 1480 2089 esse
1510 2048 1703 2090 sanctae

149 2106 495 2176 Aquilegensi
524 2106 788 2168 Ecclesiae,
812 2116 866 2176 et
890 2107 980 2158 tibi
1009 2108 1200 2159 domno
1228 2107 1458 2174 Popponi
1479 2107 1703 2176 patriar-

151 2176 263 2228 cha:
293 2174 508 2243 tuisque
531 2174 924 2243 successoribus
944 2175 1228 2228 secundum
1249 2190 1420 2226 meum
1442 2174 1700 2234 ordinem,

154 2243 298 2311 salva
347 2242 604 2296 ﬁdelitate
629 2242 929 2311 Cubonradi
969 2244 1318 2310 imperatoris,
1350 2243 1545 2310 tiliique
1593 2244 1705 2311 ejus

155 2310 411 2372 Hcinrici,
441 2311 486 2364 si
513 2325 597 2365 me
622 2309 760 2363 Deus
787 2310 1015 2378 adjuvet,
1046 2309 1100 2362 et
1135 2311 1245 2365 haec
1269 2321 1448 2364 saneta
1469 2309 1706 2377 quatuor

153 2378 460 2449 Evangelia.

883 2447 971 2499 XII

448 2569 474 2596 ι
513 2555 980 2611 DOCUMENTUM
1019 2556 1417 2610 DOIv'ATIONlS

645 2661 859 2699 COIITIS
893 2662 1219 2708 CANCI'LMJNI,

159 2754 263 2811 Pro
309 2756 616 2825 fundatione
665 2755 889 2825 abitalia;
929 2773 988 2808 ac
1033 2757 1330 2808 monasterii
1370 2755 1704 2808 Mosuircnsis

709 2825 810 2876 sive
837 2823 889 2874 Μ
895 2826 1168 2876 osacemis.

222 2932 403 2985 Bonus
430 2932 590 2984 homo
630 2932 693 2984 de
733 2933 870 2983 bono
897 2932 1144 2984 thesauro
1179 2932 1354 2984 cordis
1389 2933 1467 2985 sui
1507 2933 1707 3000 profert

161 3003 353 3055 bonum
378 3018 392 3052 :
416 3007 742 3068 quapropter
784 3008 961 3051 notum
992 3001 1060 3051 sit
1083 3001 1324 3053 omnibus
1353 3001 1551 3054 Christi
1581 3003 1707 3056 tile-

159 3069 291 3123 libus
320 3077 432 3120 tam
462 3068 653 3120 futuris
681 3083 837 3134 quam
881 3068 1225 3134 presentibus
1267 3069 1491 3136 qualiter
1529 3085 1706 3123 comes

159 3136 491 3191 Caneellinus
531 3136 756 3205 alodium
797 3151 946 3187 suum
973 3145 1214 3203 patenter
1245 3150 1298 3189 et
1326 3139 1524 3205 absque
1564 3139 1702 3189 omni

161 3205 573 3259 contradictione
621 3204 891 3256 Friderico
935 3205 1252 3270 patriarelnc
1302 3204 1535 3268 tradidit,
1567 3221 1706 3258 sam-

163 3287 372 3350 nmpere
401 3279 596 3350 rogans
617 3272 755 3350 quod
778 3272 844 3350 in_
864 3273 1258 3350 eodeni‘predio
1281 3274 1513 3325 divinum
1527 3275 1708 3350 _l'aui_u-

161 3339 322 3392 latum
362 3339 656 3393 ordinaret.
697 3339 844 3408 Quod
892 3340 1014 3405 quia
1059 3339 1359 3393 Fridericus
1405 3342 1706 3408 patriarcha

164 3419 331 3478 inerte
366 3417 668 3476 prazventus
693 3407 894 3478 solvi-re
922 3423 1026 3478 Anon
1061 3410 1249 3475 potuit,
1281 3407 1554 3462 successor
1593 3411 1708 3478 ejus

165 3474 440 3530 Udalriciis
483 3485 748 3543 patr.arca
796 3474 1020 3528 feliciter
1064 3474 1384 3544 atlimplevit.
1451 3474 1707 3541 Quoniam

166 3613 287 3656 tom.
339 3603 381 3666 l,
439 3604 490 3656 in
541 3603 857 3665 Mantuanis,
909 3602 1201 3654 Marcianus
1251 3603 1315 3654 ad
1362 3617 1476 3654 eam
1530 3603 1704 3656 sedem

165 3673 465 3724 assumitur.
515 3669 752 3722 Astulfus
797 3671 1103 3738 Vicentinus
1157 3671 1431 3738 episcopus
1470 3670 1705 3722 interfuit

166 3755 298 3792 anno
347 3739 513 3801 1046,
539 3754 632 3791 vui
661 3738 782 3790 'Kal.
818 3737 1127 3791 Novembris
1177 3737 1397 3792 concilio
1437 3739 1703 3805 Papienr-i,

165 3814 222 3880 ut
246 3816 388 3880 patet
414 3821 480 3860 ex
499 3808 724 3880 charta,
754 3822 907 3880 quam
939 3806 1137 3880 profert
1182 3806 1429 3876 Ughellus
1458 3809 1508 3880 in
1538 3808 1701 3880 vero-

167 3875 432 3943 iieusibus,
459 3876 548 3928 ubi
575 3876 751 3943 agitur
780 3876 844 3928 de
882 3875 1181 3926 immediata
1208 3875 1326 3942 post
1353 3877 1703 3943 patriarcham

166 3941 548 4010 Aquileiensen.
569 3941 800 3995 sessione
818 3943 1045 4010 episcopi
1070 3941 1398 4003 Veronensis,
1429 3944 1704 3997 occasione

167 4011 343 4077 synodi
389 4009 688 4077 Papiensis,
726 4010 776 4062 in
805 4026 903 4077 qua
938 4009 1232 4062 Eberardus
1260 4012 1558 4077 patriarcha
1585 4027 1702 4063 cum

168 4027 343 4077 synoui
391 4027 462 4063 ra
502 4027 688 4070 ien3is,
726 4027 776 4062 in
805 4027 903 4077 qua
938 4027 1232 4062 nueruruus
1260 4027 1558 4077 patriarcha
1585 4027 1702 4063 cum

168 4077 262 4129 hoc
289 4027 498 4131 Astull’g
524 4080 662 4130 inter
690 4087 908 4130 caeteros
935 4077 1189 4129 interfuit.
1232 4079 1333 4130 Sed
1357 4081 1476 4144 quia
1511 4083 1560 4130 iu
1594 4079 1704 4144 pol-

169 4143 450 4199 licitatione
497 4148 796 4199 nominatur
846 4146 1112 4199 Conradus
1157 4147 1305 4214 imp.,
1347 4143 1435 4213 qui
1481 4143 1706 4199 decessit

168 4224 300 4265 anno
338 4215 492 4276 10359,
522 4225 644 4266 ante
686 4216 824 4268 hunc
867 4230 1056 4266 annum
1103 4215 1276 4265 datam
1328 4229 1442 4267 esse
1489 4216 1705 4268 evidens

169 4290 260 4332 est.
293 4279 509 4347 Insuper
533 4287 653 4347 quia
687 4283 937 4335 scribitur
965 4292 1084 4334 ante
1114 4281 1348 4335 Polensis
1374 4293 1427 4335 et
1469 4282 1700 4336 Concor-

171 4348 358 4402 dlensis
408 4348 692 4410 formulas,
725 4365 842 4416 quze
888 4352 1022 4402 datae
1064 4360 1204 4409 sunt,
1233 4360 1289 4402 ut
1318 4365 1438 4402 mox
1473 4351 1702 4415 dicetur,

170 4416 302 4468 circa
345 4433 536 4471 annum
591 4417 741 4478 1027,
777 4427 898 4469 ante
941 4418 1034 4469 has
1087 4417 1276 4469 factam
1321 4419 1606 4479 credimus,
1649 4429 1700 4471 et

1803 600 1945 661 tatis,
1975 607 2029 650 et
2055 608 2234 652 sancte
2270 600 2462 660 crucis,
2500 608 2784 664 sancteque
2811 596 2902 648 Dei
2932 597 3202 664 genitricis
3232 596 3344 656 Ma-

1801 668 1880 720 rie
1907 676 1960 720 et
1995 668 2160 720 sancti
2188 664 2405 719 Joannis
2431 667 2696 734 Baptistc,
2724 665 2892 734 sancti
2924 664 3147 734 Joannis
3183 680 3344 720 evan-

1835 736 2004 798 eliste,
2033 742 2088 790 et
2113 744 2413 786 sanctorum
2455 731 2810 802 apostolorum
2852 732 3089 794 Andree,
3120 731 3343 802 Bartbo-

1835 751 2004 798 ellStc,
2033 751 2088 790 et
2113 751 2413 786 sanetorum
2455 751 2810 802 apostolorum
2852 751 3089 794 nnuree,
3121 751 3343 788 Darmo-

1799 751 1955 857 l‘omei
1988 809 2042 856 et
2063 802 2303 865 Mattliei,
2333 811 2635 870 sanctorum
2664 803 2824 854 etiam
2851 802 3128 870 mairtirum
3150 800 3344 870 Blasii,

1799 872 1998 934 Caneii,
2025 871 2294 935 Canciani,
2319 869 2617 939 Grisogoni,
2657 869 2884 931 Tatiani,
2908 867 3183 939 Cermani,
3205 867 3343 939 Ceri-

1799 941 1930 993 vasii
1959 948 2014 993 et
2036 939 2281 1002 Protasii,
2315 948 2470 1006 atque
2483 936 2772 992 beatorum
2797 936 3157 1006 confesserum
3201 937 3343 990 Mar-

1800 1009 1917 1070 tini,
1946 1016 1999 1061 et
2026 1009 2234 1060 nomine
2262 1005 2426 1060 sancti
2451 1007 2581 1060 Galli
2615 1008 2807 1074 magni,
2830 1005 3344 1074 0thmarii,_necnon

1800 1086 2100 1130 sanctarum
2152 1077 2413 1144 virginum
2463 1072 3054 1144 Cccilie,'7Margarite,_
3092 1072 3346 1144 Columbe

1800 1145 2110 1206 construxit,
2144 1141 2304 1210 atque
2328 1144 2577 1196 antedicti
2600 1143 2806 1196 comitis
2834 1141 3000 1210 alodio
3026 1141 3248 1210 dolavit.

1870 1213 1976 1266 Hec
2018 1209 2371 1264 autein’sunt
2419 1212 2552 1273 loca,
2581 1226 2684 1278 que
2733 1225 2911 1277 comes
2956 1209 3250 1262 Caecllinus
3294 1211 3346 1264 in

1799 1282 2013 1333 odorem
2061 1280 2333 1332 suavitatis
2364 1280 2582 1331 Domitio
2610 1281 2824 1341 libavit,
2856 1292 2967 1346 quc.
2995 1278 3152 1330 etiam
3187 1279 3343 1332 Udal-

1802 1351 1941 1402 ricus
1978 1349 2264 1416 patriarca,
2291 1357 2557 1414 tamquam
2602 1348 2770 1400 ﬁdelis
2804 1355 2858 1398 et
2893 1347 3123 1415 prudens
3164 1363 3348 1400 servus

1800 1432 1957 1484 supra
1980 1415 2248 1468 ’l‘amiliam
2291 1416 2496 1469 Domini
2537 1417 2851 1468 constitutus
2892 1415 3198 1484 perenniter
3229 1417 3347 1470 huic

1798 1486 2020 1540 ecclesie
2048 1485 2328 1552 copulavit.
2705 1551 2713 1552 ί
2977 1549 3008 1552 μ
3222 1533 3230 1542 .

1867 1555 1923 1606 ln
1957 1549 2143 1621 primis
2179 1553 2432 1620 quidquid
2466 1553 2516 1604 in
2560 1551 2661 1604 hoc
2702 1551 2818 1621 loco
2864 1549 3133 1621 predictus
3170 1567 3347 1606 comes

1798 1618 1984 1675 habuit
2008 1637 2128 1674 cum
2155 1618 2398 1674 omnibus
2423 1620 2753 1688 pertinentiis
2795 1619 2932 1686 apud
2963 1618 3158 1688 _Valach
3191 1636 3346 1688 supc-

1800 1691 1909 1743 rius
1935 1701 1990 1744 et
2018 1688 2238 1743 inferius
2263 1686 2443 1757 viginti
2477 1698 2586 1742 tres
2625 1702 2836 1741 mansos
2872 1695 2925 1740 et
2954 1686 3167 1739 Sartum
3199 1686 3346 1741 mon—

1802 1767 1906 1811 tem
1935 1759 2000 1811 ad
2028 1768 2258 1810 montem
2304 1757 2551 1818 habilem,
2584 1768 2638 1809 et
2680 1771 2798 1809 cum
2838 1757 3081 1808 omnibus
3133 1757 3198 1808 ad
3245 1758 3345 1811 ista

1802 1828 2185 1894 pertinentibus
2221 1826 2339 1878 huic
2384 1826 2703 1894 monasterio
2729 1825 2924 1877 dicavit
2950 1839 3012 1877 ac
3041 1825 3241 1877 tribuit.
3266 1827 3347 1879 Ad

1804 1893 1904 1948 hoc
1935 1896 2094 1948 etiam
2127 1895 2379 1961 quidquid
2424 1893 2638 1946 Mariaiii
2685 1899 3015 1961 etniontem
3062 1908 3224 1944 unum
3269 1894 3345 1947 la-

1806 1965 1968 2016 nachs
1989 1973 2043 2016 ct
2068 1959 2201 2030 apud
2226 1959 2456 2014 i'u’strech
2479 1959 2810 2029 quidquid‘jn
2831 1961 3100 2029 preprium
3117 1964 3351 2030 possedit

1804 2042 1856 2083 et
1887 2034 2086 2084 habuit.

1872 2100 1951 2151 Ad
1990 2098 2294 2152 Adelarium
2335 2097 2393 2150 11
2437 2112 2677 2166 mansos,
2707 2096 2760 2148 in
2791 2095 2906 2166 loco
2932 2097 3019 2163 qui
3046 2096 3222 2150 Fortis
3255 2115 3349 2166 ap-

1805 2168 2046 2234 pellatur.
2092 2167 2288 2220 Lacum
2324 2166 2483 2218 etiam
2510 2168 2597 2231 qui
2624 2165 2820 2218 dicitur
2858 2164 3036 2233 lngan,
3066 2167 3202 2218 sicut
3238 2164 3348 2234 ipse

1803 2238 2128 2304 possederat,
2152 2238 2291 2288 omni
2310 2235 2428 2303 jure
2455 2235 2703 2304 omnique
2731 2236 3064 2304 possessione?
3087 2243 3140 2286 et
3169 2236 3349 2288 habitu

1797 2301 1928 2372 Wlmic
1957 2305 2070 2357 loco
2099 2301 2495 2372 seinper'lixum
2521 2311 2574 2354 et
2603 2302 2868 2372 immobile
2897 2303 3166 2354 stabilivit.
3197 2305 3349 2372 Apud

1807 2371 2077 2426 Bellunum
2104 2371 2227 2425 octo
2254 2386 2464 2425 mansos
2493 2371 2832 2422 contradidit.

1875 2442 2121 2492 Preterea
2170 2442 2307 2492 idem
2355 2439 2658 2506 patriarcha
2702 2438 3052 2504 perpendens,
3072 2438 3211 2506 quod
3260 2440 3349 2507 qui

1805 2509 2031 2560 seminat
2056 2509 2108 2559 in
2137 2507 2586 2560 benedictionibus
2614 2507 2678 2558 de
2707 2506 3161 2559 benedictionibus
3189 2506 3351 2561 metet

1805 2579 1966 2628 vitam
2013 2585 2279 2640 etcrnam;
2312 2578 2450 2628 hunc
2487 2573 2657 2626 locum
2701 2575 2862 2626 etiam
2886 2581 2939 2626 et
2962 2575 3041 2626 sui
3065 2584 3217 2642 parte
3261 2577 3353 2630 de-

1805 2654 1986 2697 center
2023 2646 2320 2712 ampliando
2359 2643 2731 2711 magniticavit.
2777 2642 2832 2694 ln
2871 2643 2991 2699 villa
3019 2660 3120 2712 que
3157 2646 3353 2698 dicitur

1806 2713 2057 2782 l’laguths
2077 2714 2232 2782 263
2259 2713 2634 2782 quinquaginta
2660 2726 2872 2766 mansos
2896 2731 2907 2765 :
2935 2714 3352 2782 apudWalcben

1808 2782 1871 2833 ll.
1901 2779 2128 2850 mansos,
2145 2779 2300 2850 'apud
2343 2780 2512 2835 Colles
2546 2779 2604 2850 16
2644 2797 2874 2844 mansos,
2907 2779 3040 2848 apud
3070 2781 3350 2836 Saleanum

1808 2851 1892 2912 10,
1914 2849 2052 2904 Utini
2079 2849 2260 2914 unum,
2285 2851 2420 2916 apud
2447 2849 2764 2901 Basilianum
2804 2851 2862 2900 11
2893 2864 3124 2912 mansos,
3157 2851 3206 2902 in
3229 2851 3349 2904 villa

1805 2934 1906 2985 que
1931 2920 2138 2986 lnipons
2165 2929 2386 2971 vocatur
2419 2919 2469 2969 ll
2500 2918 2551 2968 in
2578 2918 2840 2985 Versegna
2863 2933 3024 2969 unum
3057 2919 3106 2970 in
3135 2934 3350 2974 nemore

1807 2989 1993 3041 Schint
2019 3005 2030 3038 :
2057 2989 2107 3038 in
2152 2988 2273 3039 villa
2313 2987 2475 3040 Cauni
2505 3001 2663 3037 unum
2690 2990 2754 3037 ad
2786 2987 3092 3040 nutriendos
3138 3002 3348 3054 porcos,

1805 3068 1859 3128 et
1893 3071 1988 3123 pro
2028 3056 2681 3128 utilitate__c0tiiniiiiiiouis
2725 3054 2965 3128 villarum
2991 3054 3260 3128 _Plaguths
3296 3067 3351 3110 et

1807 3122 1981 3191 lngan.
2025 3123 2079 3174 lu
2107 3123 2403 3176 Castellano
2437 3123 2494 3173 l6
2522 3137 2751 3191 mansos,
2781 3122 3037 3191 Bagnaric
3069 3122 3352 3178 tres'man-
3443 3123 3445 3125 ’

1809 3190 1895 3244 sos
1919 3208 1930 3241 :
1956 3192 2007 3242 in
2032 3193 2322 3243 Aventione
2353 3206 2534 3260 unum,
2565 3201 2618 3242 et
2647 3190 2876 3260 milstria
2908 3192 3078 3253 locum
3107 3194 3196 3260 qui
3223 3193 3353 3246 Por-

1811 3271 1896 3312 tus
1945 3267 2164 3310 vocatur
2217 3273 2336 3311 cum
2384 3259 2627 3310 omnibus
2680 3259 2778 3310 sibi
2831 3259 3216 3325 pertinentibus
3265 3263 3352 3315 isti

1806 3327 2028 3380 ecclesie
2077 3327 2254 3378 datum
2299 3326 2648 3379 conﬁrmavit.
2700 3327 2838 3378 Duas
2883 3329 3041 3380 etiam
3089 3329 3255 3383 molas
3300 3333 3352 3383 iu

1806 3395 1997 3448 Lccina
2027 3394 2155 3447 sitas
2200 3396 2378 3448 dedit:
2409 3396 2640 3448 decimas
2681 3411 2888 3462 quoque
2914 3397 2978 3449 de
3019 3396 3269 3462 Furnich,
3299 3408 3352 3451 et

1806 3466 1870 3517 dc
1917 3463 2231 3530 quibusdam
2278 3463 2395 3516 aliis
2441 3463 2580 3515 villis
2608 3464 2659 3515 in
2699 3464 2850 3531 plebe
2887 3473 3070 3517 sancte
3098 3465 3262 3519 Marie
3289 3469 3355 3520 de

1804 3601 1858 3654 in
1907 3601 2177 3654 servitium
2224 3599 2876 3678 ecclesiteAquileieusis,
2906 3603 3178 3678 inseritur,
3205 3605 3354 3675 cujus

1803 3679 1859 3724 et
1885 3680 2196 3725 cmterormn
2237 3671 2304 3722 ibi
2348 3671 2738 3723 nominatornm
2783 3673 3000 3725 consilio
3049 3689 3164 3726 eam
3193 3671 3356 3728 dona-

1805 3741 1998 3814 tionem
2025 3737 2200 3814 Popiio
2225 3740 2450 3814 perlieii.
2481 3739 2546 3814 In
2579 3740 3056 3814 Concordicnsibus
3079 3744 3216 3811 apud
3248 3743 3352 3814 Ug-

1803 3808 1998 3860 bellum
2029 3807 2222 3858 dicitur
2248 3809 2386 3874 quod
2417 3807 2717 3861 Rudbertns
2761 3810 2881 3862 huic
2920 3807 3188 3864 donationi
3232 3807 3355 3865 sub-
3383 3870 3385 3872 ,

1803 3877 2005 3927 scribit.
2036 3875 2089 3926 ln
2119 3875 2540 3942 Aquileiensibus
2567 3877 2621 3927 in
2654 3879 2899 3944 l’oppone
2947 3878 3083 3930 inter
3126 3881 3355 3933 subseri-

1801 3945 1986 3996 bentcs
2017 3959 2118 3994 non
2165 3951 2409 4010 apparet;
2443 3945 2533 3995 sed
2575 3948 2630 3995 in
2674 3959 2895 4009 corpore
2937 3945 3243 4000 Documenti
3277 3951 3353 4002 uti

1802 4012 2084 4083 consultus
2102 4012 2384 4083 invenitur.
2411 4011 2474 4062 Et
2501 4013 2603 4073 hic,
2627 4024 2682 4083 ut
2709 4011 2938 4083 Joannes
2960 4013 3214 4079 Polensis,
3236 4027 3356 4083 post

1803 4094 1997 4130 annum
2029 4079 2180 4140 1026,
2205 4087 2258 4132 et
2282 4087 2401 4130 ante
2427 4095 2620 4132 annum
2657 4081 2804 4146 1051,
2833 4084 2900 4134 ob
2929 4084 3168 4136 eamdem
3196 4079 3354 4138 ratio-

1802 4163 1921 4200 nem
1946 4149 2348 4212 promissionem
2378 4164 2525 4200 suam
2556 4148 2732 4203 facere
2760 4151 3044 4203 debuisset.

1873 4228 1896 4253 θ
1927 4215 2003 4267 Ex
2033 4217 2238 4269 duobus
2263 4232 2388 4268 mss.
2425 4218 2826 4284 exemplaribus,
2861 4219 3026 4272 altero
3075 4221 3228 4273 nobis
3256 4237 3350 4275 ex—

1802 4284 1968 4337 hibito
2017 4301 2045 4336 a
2094 4284 2155 4335 D.
2196 4285 2459 4353 Agricola,
2494 4286 2679 4356 altero
2708 4303 2753 4356 ra
2797 4288 2856 4356 D.
2901 4285 3130 4354 Josepho
3177 4289 3352 4356 Binio,

1803 4361 2024 4419 utroque
2061 4362 2235 4405 tamen
2263 4369 2328 4406 ex
2357 4355 2590 4405 archivio
2635 4353 2858 4406 abbatia:
2909 4353 3227 4409 Mosacensis
3256 4353 3351 4411 ex;

1803 4429 1990 4489 tracto,
2018 4422 2167 4489 cujus
2191 4422 2427 4474 ecclesiae
2452 4421 2634 4489 titulus
2657 4423 2822 4475 sancti
2850 4421 2982 4475 Galli
3009 4426 3220 4486 dicitur,
3252 4427 3352 4481 hoc

171 4486 479 4563 erroremin
508 4485 726 4563 Ugliello
746 4487 960 4563 subesse
987 4494 1249 4563 putamus,
1280 4487 1368 4563 qui
1399 4501 1548 4563 anno
1569 4478 1696 4563 103_7
1730 4478 1778 4536 D
1802 4503 1896 4563 per
1922 4478 2304 4563 Beriiai‘ditiuni
2330 4487 2674 4563 q.m_Joamiis
2717 4491 3120 4563 Andreussium,
3145 4478 3231 4548 illo
3255 4478 3350 4563 per

173 4550 516 4620 Theobaldum
539 4550 837 4620 episcopum
867 4550 1191 4606 Vicehtinum
1214 4550 1358 4620 ponit
1381 4564 1502 4606 ante
1524 4555 1650 4607 Astu
1661 4556 1700 4606 l-

171 4616 292 4681 funi,
325 4631 378 4673 et
411 4629 530 4674 ante
571 4616 926 4674 Tlieobaldum
968 4637 1105 4675 anno
1161 4616 1293 4674 1040
1343 4623 1696 4684 Lambcrtum,

172 4694 222 4737 et
239 4696 356 4741 ante
383 4689 519 4742 hunc
545 4688 704 4741 alium
733 4689 1108 4742 Theobaldum.
1128 4691 1218 4744 Vel
1243 4691 1426 4744 unicus
1448 4691 1704 4745 Theobal-

173 4753 263 4823 dus
285 4752 400 4820 fuit,
429 4757 512 4812 cui
529 4757 782 4809 successit
803 4756 1036 4810 Astulfus
1058 4760 1196 4812 circa
1220 4774 1411 4811 annum
1438 4759 1591 4823 1021,
1621 4760 1702 4813 vel

174 4820 395 4878 Astull‘us
423 4832 545 4878 ante
585 4825 921 4877 Lambertum
953 4833 1004 4877 et
1033 4827 1193 4878 alium
1237 4820 1592 4880 Thcobaldum
1624 4839 1703 4881 est

175 4887 429 4964 locandus.
485 4893 598 4964 lloc
640 4895 901 4964 posterius
950 4894 1160 4964 admitti
1208 4910 1315 4964 non
1358 4904 1548 4964 potest,
1580 4897 1700 4964 quia

176 4958 466 5026 episcopum
513 4958 768 5014 habemus
813 4961 1074 5014 Astulfum
1119 4978 1255 5014 anno
1299 4958 1451 5014 10116.
1506 4958 1703 5017 Unicus

175 5038 290 5098 ergo
328 5036 409 5080 est
433 5029 784 5098 Theobaldus,
815 5031 897 5081 cui
934 5031 1185 5083 successit
1221 5029 1474 5082 Astull‘us.
1516 5030 1704 5098 Ughcl-

178 5091 252 5145 lus
277 5095 384 5162 ipse
408 5097 584 5151 verbis
611 5098 773 5162 aiunt,
808 5107 1017 5148 narrant
1063 5100 1256 5151 indicat
1284 5113 1339 5150 se
1382 5091 1587 5151 censor
1608 5115 1703 5152 suo

179 5159 542 5216 non'nimium
599 5159 778 5218 lldere.
857 5163 1083 5218 Joannes
1136 5166 1369 5219 Polensis
1419 5167 1704 5220 subscribit

180 5243 304 5300 anno
328 5229 452 5300 1031
499 5231 822 5300 Documento
851 5234 1256 5286 consecrationis
1282 5235 1517 5288 ecclesiae
1543 5234 1703 5300 Aqui—

182 5294 376 5369 leiensis
405 5301 500 5369 sub
536 5299 799 5367 Popponc,
848 5302 897 5353 in
945 5315 1048 5369 quo
1083 5301 1274 5353 dicitur
1305 5303 1348 5355 is
1379 5317 1546 5369 annus
1587 5294 1703 5356 esse

216 5365 379 5420 nintus
421 5363 692 5437 Conradi',
721 5382 906 5435 nempe
933 5363 1327 5423 a'coronatione
1367 5363 1479 5437 ejus
1525 5370 1703 5426 lloma:

230 5442 308 5506 _c_ta
327 5449 464 5506 anno
491 5436 642 5489 10‘27.
669 5435 748 5488 Ab
777 5452 914 5506 anno
942 5453 1066 5506 ergo
1093 5439 1223 5490 1027
1245 5435 1405 5505 atque
1419 5442 1483 5491 ad
1507 5453 1700 5492 annum

187 5497 296 5578 103__l
317 5504 482 5578 ‘datur
525 5506 635 5578 bgec
659 5505 959 5578 promissio,
992 5497 1044 5578 iit
1073 5523 1171 5578 qua
1208 5497 1540 5578 imperatoris
1566 5506 1701 5578 Cons

185 5568 283 5620 radi
313 5569 393 5641 ti_t_
405 5572 626 5641 mentio.
660 5568 971 5641 'Rodbertus
998 5568 1398 5628 Coricordieiisis
1427 5579 1471 5628 is
1501 5586 1580 5627 est
1611 5577 1697 5641 qui

187 5637 463 5714 ξιηιιιῌθὸι
505 5639 556 5693 in
586 5641 884 5714 donatione
906 5640 1165 5708 Popponis
1207 5645 1516 5714 patriarclim
1548 5637 1698 5714 ins-ti-

189 5707 364 5759 mentis
395 5719 661 5760 numcmm
703 5707 1052 5773 sacerdotum,
1079 5707 1222 5776 quosi
1240 5711 1428 5764 fratres
1453 5711 1696 5777 appellat,

1799 4557 2071 4608 Albertum
2099 4566 2196 4623 q.m
2219 4558 2597 4610 Ben-nardinum
2623 4560 3001 4612 Andreussium
3030 4557 3348 4618 Mosacensis

1799 4625 2021 4676 abbatia:
2067 4626 2425 4696 cancellarios,
2473 4627 2615 4696 istud;
2652 4628 3054 4681 instrumentum
3096 4633 3346 4696 produci-

1801 4707 1934 4753 mus,
1955 4695 2091 4764 quod
2114 4695 2353 4764 quamvis
2374 4702 2547 4746 actum
2571 4694 2774 4764 dicatur
2801 4710 2887 4746 an.
2914 4697 3060 4758 l072,
3088 4694 3192 4764 quo
3212 4707 3348 4751 tem-

1800 4776 1925 4829 pore
1955 4762 2298 4832 fSiugeii-edus
2318 4770 2434 4832 erat
2457 4762 2777 4832 patriarcha,
2803 4779 2904 4816 non
2928 4762 3220 4832 completur
3267 4775 3344 4819 ta-

1802 4845 1920 4881 men
1946 4830 2174 4899 intentio
2203 4831 2456 4899 dotatoris
2490 4844 2586 4882 nec
2615 4831 2681 4883 ab
2707 4830 2952 4894 Henrico,
2983 4830 3073 4898 qui
3112 4833 3341 4899 patriar-

1801 4899 1900 4950 cha
1926 4898 2116 4965 dicitur
2151 4913 2236 4948 an.
2271 4898 2421 4960 1077,
2466 4914 2563 4951 nec
2604 4913 2633 4950 a
2679 4899 2968 4961 Friderico,
3003 4901 3090 4965 qui
3113 4898 3351 4956 decessit

1801 4981 1886 5016 an.
1942 4964 2091 5026 108-1,
2125 4965 2204 5016 vel
2260 4966 2410 5027 1085,
2434 4967 2524 5018 sed
2573 4977 2774 5019 tantum
2820 4969 2915 5018 sub
2971 4964 3233 5032 Uilalrico,
3266 4976 3347 5024 vel

1801 5034 2216 5099 Voldarico,‘qui
2252 5050 2337 5086 an.
2369 5035 2501 5086 1086
2541 5036 2841 5102 patriarcha
2875 5037 3204 5091 renuntiatus
3241 5049 3349 5101 est,

1801 5111 1853 5154 et
1883 5102 1946 5152 ad
1977 5118 2063 5154 an.
2095 5119 2260 5169 usque
2309 5103 2460 5162 1119,
2503 5105 2678 5170 sedem
2714 5104 2908 5165 tenuit;
2960 5108 3057 5155 sub
3104 5121 3207 5170 quo
3255 5121 3343 5158 an.

1803 5171 1935 5221 1H8
1959 5171 2230 5223 dedicatur
2256 5171 2476 5223 ecclesia
2502 5169 2836 5234 Mosacensis,
2865 5171 3014 5238 cujus
3061 5169 3348 5226 dedicatio-

1802 5238 2274 5308 nisdocunientum
2305 5241 2465 5308 babes
2488 5241 2757 5308 ex_eodem
2783 5239 3010 5306 Josepho
3036 5239 3183 5292 Binio
3208 5243 3348 5308 apud

1804 5305 2074 5375 Ughellum
2119 5307 2169 5358 in
2202 5305 2492 5359 Voldarico.
2548 5305 2646 5358 Ubi
2693 5305 2922 5359 notabile
2965 5309 3161 5360 habeas
3204 5305 3346 5375 quod

1800 5374 1964 5426 ferme
1996 5374 2150 5426 iidem
2176 5375 2341 5428 sancti
2373 5375 2441 5427 ibi
2471 5386 2821 5441 apponuntur,
2839 5376 2928 5441 qui
2949 5375 3003 5427 in
3028 5376 3126 5428 hoc
3153 5374 3347 5430 instru-

1803 5450 1975 5495 mento
2021 5444 2358 5494 nominantur
2386 5456 2398 5492 :
2428 5452 2480 5493 et
2520 5444 2758 5495 Andreas
2790 5446 3069 5510 epismpus
3105 5445 3346 5498 Civitatis

1800 5525 1965 5569 ιιονίὲ,
1998 5511 2086 5576 qui
2118 5511 2168 5562 in
2194 5512 2290 5563 hoc
2318 5518 2398 5562 est
2421 5511 2586 5570 testis,
2612 5512 2661 5564 in
2690 5523 2754 5562 eo
2779 5513 3095 5565 documento
3123 5520 3203 5565 est
3225 5527 3349 5564 con-

1801 5589 2035 5650 secrator
2059 5579 2294 5650 ccclesi.e
2326 5593 2350 5650 τί
2368 5580 2599 5650 adeoque
2621 5593 2776 5645 supra
2799 5594 2966 5650 annos
2993 5581 3337 5650 quadraginta

1801 5663 1888 5699 sex
1921 5647 1969 5697 in
1991 5649 2290 5713 episcopatu
2316 5649 2557 5699 Civitatis
2583 5661 2729 5700 nova:
2759 5648 2972 5701 resedit.
