  <div class='ocr_page' id='page_1' title='image "/cluster/home/n/w/nwhite01/storage/ocr_20150623/99/uva.x000827057/332.png"; bbox 0 0 3872 6230; ppageno 0'>
   <div class='ocr_carea' id='block_1_1' title="bbox 108 432 217 483">
    <p class='ocr_par' dir='ltr' id='par_1_1' title="bbox 108 432 217 483">
     <span class='ocr_line' id='line_1_1' title="bbox 108 432 217 483; baseline 0.055 -6"><span class='ocrx_word' id='word_1_1' title='bbox 108 432 217 483; x_wconf 62' lang='lat' dir='ltr'><strong>ﬂii-&#39;1</strong></span> 
     </span>
    </p>
   </div>
   <div class='ocr_carea' id='block_1_2' title="bbox 1363 414 2153 475">
    <p class='ocr_par' dir='ltr' id='par_1_2' title="bbox 1363 414 2153 475">
     <span class='ocr_line' id='line_1_2' title="bbox 1363 414 2153 475; baseline -0.014 0"><span class='ocrx_word' id='word_1_2' title='bbox 1363 419 1698 475; x_wconf 69' lang='lat' dir='ltr'><strong>APPEXDlX</strong></span> <span class='ocrx_word' id='word_1_3' title='bbox 1740 414 2068 471; x_wconf 59' lang='lat' dir='ltr'><strong>SECUNDA.</strong></span> <span class='ocrx_word' id='word_1_4' title='bbox 2150 448 2153 453; x_wconf 83' lang='lat'><strong><em>-</em></strong></span> 
     </span>
    </p>
   </div>
   <div class='ocr_carea' id='block_1_3' title="bbox 3196 409 3300 461">
    <p class='ocr_par' dir='ltr' id='par_1_3' title="bbox 3196 409 3300 461">
     <span class='ocr_line' id='line_1_3' title="bbox 3196 409 3300 461; baseline 0 0"><span class='ocrx_word' id='word_1_5' title='bbox 3196 409 3300 461; x_wconf 60' lang='lat'><strong>63$</strong></span> 
     </span>
    </p>
   </div>
   <div class='ocr_carea' id='block_1_4' title="bbox 113 517 3301 642">
    <p class='ocr_par' dir='ltr' id='par_1_4' title="bbox 113 517 3301 642">
     <span class='ocr_line' id='line_1_4' title="bbox 113 517 3301 642; baseline -0.006 -47"><span class='ocrx_word' id='word_1_6' title='bbox 113 539 848 609; x_wconf 62' lang='lat' dir='ltr'><strong>virginistlariematrisejus,</strong></span> <span class='ocrx_word' id='word_1_7' title='bbox 868 547 919 590; x_wconf 88' lang='lat' dir='ltr'><strong>et</strong></span> <span class='ocrx_word' id='word_1_8' title='bbox 938 538 1207 590; x_wconf 77' lang='lat' dir='ltr'><strong>beatorum</strong></span> <span class='ocrx_word' id='word_1_9' title='bbox 1228 536 1502 588; x_wconf 86' lang='lat' dir='ltr'><strong>martirum</strong></span> <span class='ocrx_word' id='word_1_10' title='bbox 1515 533 1645 586; x_wconf 53' lang='lat' dir='ltr'><strong>Her-</strong></span> <span class='ocrx_word' id='word_1_11' title='bbox 1679 540 1719 591; x_wconf 79' lang='grc' dir='ltr'><strong>Α</strong></span> <span class='ocrx_word' id='word_1_12' title='bbox 1750 524 2412 606; x_wconf 68' lang='lat' dir='ltr'><strong>rumdamprivilegiorum</strong></span> <span class='ocrx_word' id='word_1_13' title='bbox 2443 518 2793 642; x_wconf 58' lang='lat' dir='ltr'><strong>Aquileiensis</strong></span> <span class='ocrx_word' id='word_1_14' title='bbox 2828 517 3301 586; x_wconf 64' lang='lat' dir='ltr'><strong>ecclesim,.quibus</strong></span> 
     </span>
     <span class='ocr_line' id='line_1_5' title="bbox 113 588 3301 642; baseline 0 0"><span class='ocrx_word' id='word_1_15' title='bbox 113 625 329 642; x_wconf 67' lang='grc' dir='ltr'><strong>..νυνι-ιο</strong></span> <span class='ocrx_word' id='word_1_16' title='bbox 356 618 405 642; x_wconf 66' lang='grc' dir='ltr'><strong>αθ</strong></span> <span class='ocrx_word' id='word_1_17' title='bbox 451 609 722 642; x_wconf 62' lang='grc' dir='ltr'><strong>Πανί-πηριιί</strong></span> <span class='ocrx_word' id='word_1_18' title='bbox 752 615 1087 642; x_wconf 69' lang='grc' dir='ltr'><strong>ησιθνηηηηῑηι</strong></span> <span class='ocrx_word' id='word_1_19' title='bbox 1119 614 1419 642; x_wconf 72' lang='lat' dir='ltr'><strong>nnclrnrnm</strong></span> <span class='ocrx_word' id='word_1_20' title='bbox 1484 612 1536 642; x_wconf 68' lang='lat' dir='ltr'><strong>pl</strong></span> <span class='ocrx_word' id='word_1_21' title='bbox 1570 602 1647 642; x_wconf 62' lang='grc' dir='ltr'><strong>ἀεὶ</strong></span> <span class='ocrx_word' id='word_1_22' title='bbox 1758 597 1815 642; x_wconf 71' lang='grc' dir='ltr'><strong>ῆι</strong></span> <span class='ocrx_word' id='word_1_23' title='bbox 1852 604 2048 642; x_wconf 73' lang='lat' dir='ltr'><strong>mentm</strong></span> <span class='ocrx_word' id='word_1_24' title='bbox 2072 595 2134 642; x_wconf 62' lang='lat' dir='ltr'><strong>di!</strong></span> <span class='ocrx_word' id='word_1_25' title='bbox 2170 606 2461 642; x_wconf 79' lang='lat' dir='ltr'><strong>Dl‘OlnlSSlS.</strong></span> <span class='ocrx_word' id='word_1_26' title='bbox 2532 602 2834 642; x_wconf 66' lang='lat' dir='ltr'><strong>tanarcmtlr</strong></span> <span class='ocrx_word' id='word_1_27' title='bbox 2858 596 2909 639; x_wconf 54' lang='lat' dir='ltr'><strong>te</strong></span> <span class='ocrx_word' id='word_1_28' title='bbox 2937 588 3157 641; x_wconf 84' lang='lat' dir='ltr'><strong>reddere</strong></span> <span class='ocrx_word' id='word_1_29' title='bbox 3186 603 3301 642; x_wconf 84' lang='lat' dir='ltr'><strong>cer-</strong></span> 
     </span>
    </p>
   </div>
   <div class='ocr_carea' id='block_1_5' title="bbox 112 602 1649 675">
    <p class='ocr_par' dir='ltr' id='par_1_5' title="bbox 112 602 1649 675">
     <span class='ocr_line' id='line_1_6' title="bbox 112 602 1649 675; baseline -0.007 -12"><span class='ocrx_word' id='word_1_30' title='bbox 112 602 329 663; x_wconf 64' lang='lat' dir='ltr'><strong>manre</strong></span> <span class='ocrx_word' id='word_1_31' title='bbox 356 618 409 662; x_wconf 90' lang='lat' dir='ltr'><strong>et</strong></span> <span class='ocrx_word' id='word_1_32' title='bbox 451 602 1088 675; x_wconf 58' lang='lat' dir='ltr'><strong>Fortunati&#39;patronorum</strong></span> <span class='ocrx_word' id='word_1_33' title='bbox 1118 614 1440 667; x_wconf 88' lang='lat' dir='ltr'><strong>nostrorum,</strong></span> <span class='ocrx_word' id='word_1_34' title='bbox 1484 612 1539 675; x_wconf 78' lang='lat' dir='ltr'><strong>et</strong></span> <span class='ocrx_word' id='word_1_35' title='bbox 1570 602 1649 675; x_wconf 87' lang='lat' dir='ltr'><strong>&#39;a_d</strong></span> 
     </span>
    </p>
   </div>
   <div class='ocr_carea' id='block_1_6' title="bbox 112 670 1653 738">
    <p class='ocr_par' dir='ltr' id='par_1_6' title="bbox 112 670 1653 738">
     <span class='ocr_line' id='line_1_7' title="bbox 112 670 1653 738; baseline -0.006 -7"><span class='ocrx_word' id='word_1_36' title='bbox 112 680 373 731; x_wconf 84' lang='lat' dir='ltr'><strong>honorem</strong></span> <span class='ocrx_word' id='word_1_37' title='bbox 400 686 589 738; x_wconf 87' lang='lat' dir='ltr'><strong>status,</strong></span> <span class='ocrx_word' id='word_1_38' title='bbox 620 686 672 729; x_wconf 89' lang='lat' dir='ltr'><strong>et</strong></span> <span class='ocrx_word' id='word_1_39' title='bbox 700 670 1068 729; x_wconf 66' lang='lat' dir='ltr'><strong>eialtationem</strong></span> <span class='ocrx_word' id='word_1_40' title='bbox 1097 680 1327 724; x_wconf 88' lang='lat' dir='ltr'><strong>nostram</strong></span> <span class='ocrx_word' id='word_1_41' title='bbox 1354 681 1409 724; x_wconf 90' lang='lat' dir='ltr'><strong>et</strong></span> <span class='ocrx_word' id='word_1_42' title='bbox 1432 670 1653 724; x_wconf 81' lang='lat' dir='ltr'><strong>ecclesie</strong></span> 
     </span>
    </p>
   </div>
   <div class='ocr_carea' id='block_1_7' title="bbox 110 740 1654 814">
    <p class='ocr_par' dir='ltr' id='par_1_7' title="bbox 110 740 1654 814">
     <span class='ocr_line' id='line_1_8' title="bbox 110 740 1654 814; baseline -0.006 -16"><span class='ocrx_word' id='word_1_43' title='bbox 110 747 413 814; x_wconf 73' lang='lat' dir='ltr'><strong>Aquilcjen.</strong></span> <span class='ocrx_word' id='word_1_44' title='bbox 442 757 495 799; x_wconf 88' lang='lat' dir='ltr'><strong>et</strong></span> <span class='ocrx_word' id='word_1_45' title='bbox 525 746 590 797; x_wconf 88' lang='lat' dir='ltr'><strong>ad</strong></span> <span class='ocrx_word' id='word_1_46' title='bbox 613 744 888 814; x_wconf 77' lang='lat' dir='ltr'><strong>comedam</strong></span> <span class='ocrx_word' id='word_1_47' title='bbox 914 741 1148 814; x_wconf 79' lang='lat' dir='ltr'><strong>omnium</strong></span> <span class='ocrx_word' id='word_1_48' title='bbox 1180 740 1535 814; x_wconf 73' lang='lat' dir='ltr'><strong>subjectorum</strong></span> <span class='ocrx_word' id='word_1_49' title='bbox 1562 754 1654 814; x_wconf 44' lang='lat' dir='ltr'><strong>no:</strong></span> 
     </span>
    </p>
   </div>
   <div class='ocr_carea' id='block_1_8' title="bbox 111 806 1655 885">
    <p class='ocr_par' dir='ltr' id='par_1_8' title="bbox 111 806 1655 885">
     <span class='ocr_line' id='line_1_9' title="bbox 111 806 1655 885; baseline -0.006 -18"><span class='ocrx_word' id='word_1_50' title='bbox 111 806 351 885; x_wconf 45' lang='lat' dir='ltr'><strong>sutorum</strong></span> <span class='ocrx_word' id='word_1_51' title='bbox 379 823 432 865; x_wconf 90' lang='lat' dir='ltr'><strong>et</strong></span> <span class='ocrx_word' id='word_1_52' title='bbox 462 814 599 885; x_wconf 85' lang='lat' dir='ltr'><strong>dicte</strong></span> <span class='ocrx_word' id='word_1_53' title='bbox 627 812 917 885; x_wconf 77' lang='lat' dir='ltr'><strong>Aquilejen.</strong></span> <span class='ocrx_word' id='word_1_54' title='bbox 949 808 1170 885; x_wconf 71' lang='lat' dir='ltr'><strong>ccelesie</strong></span> <span class='ocrx_word' id='word_1_55' title='bbox 1190 847 1205 870; x_wconf 94' lang='lat'><strong>,</strong></span> <span class='ocrx_word' id='word_1_56' title='bbox 1238 808 1464 870; x_wconf 81' lang='lat' dir='ltr'><strong>ﬁximus,</strong></span> <span class='ocrx_word' id='word_1_57' title='bbox 1492 816 1545 859; x_wconf 91' lang='lat' dir='ltr'><strong>et</strong></span> <span class='ocrx_word' id='word_1_58' title='bbox 1568 806 1655 885; x_wconf 83' lang='lat' dir='ltr'><strong>tigi</strong></span> 
     </span>
    </p>
   </div>
   <div class='ocr_carea' id='block_1_9' title="bbox 110 876 1657 957">
    <p class='ocr_par' dir='ltr' id='par_1_9' title="bbox 110 876 1657 957">
     <span class='ocr_line' id='line_1_10' title="bbox 110 876 1657 957; baseline -0.006 -23"><span class='ocrx_word' id='word_1_59' title='bbox 110 884 439 957; x_wconf 76' lang='lat' dir='ltr'><strong>precipimus</strong></span> <span class='ocrx_word' id='word_1_60' title='bbox 480 883 613 957; x_wconf 77' lang='lat' dir='ltr'><strong>hanc</strong></span> <span class='ocrx_word' id='word_1_61' title='bbox 642 876 892 957; x_wconf 76' lang='lat' dir='ltr'><strong>perticam</strong></span> <span class='ocrx_word' id='word_1_62' title='bbox 923 892 1053 957; x_wconf 68' lang='lat' dir='ltr'><strong>cum</strong></span> <span class='ocrx_word' id='word_1_63' title='bbox 1086 876 1234 957; x_wconf 77' lang='lat' dir='ltr'><strong>sigqo</strong></span> <span class='ocrx_word' id='word_1_64' title='bbox 1266 886 1450 957; x_wconf 63' lang='lat' dir='ltr'><strong>sancte</strong></span> <span class='ocrx_word' id='word_1_65' title='bbox 1483 876 1657 957; x_wconf 71' lang='lat' dir='ltr'><strong>crucis</strong></span> 
     </span>
    </p>
   </div>
   <div class='ocr_carea' id='block_1_10' title="bbox 113 942 1657 1016">
    <p class='ocr_par' dir='ltr' id='par_1_10' title="bbox 113 942 1657 1016">
     <span class='ocr_line' id='line_1_11' title="bbox 113 942 1657 1016; baseline -0.005 -13"><span class='ocrx_word' id='word_1_66' title='bbox 113 942 164 1003; x_wconf 78' lang='lat' dir='ltr'><strong>in</strong></span> <span class='ocrx_word' id='word_1_67' title='bbox 194 942 300 1005; x_wconf 75' lang='lat' dir='ltr'><strong>hoc</strong></span> <span class='ocrx_word' id='word_1_68' title='bbox 323 965 507 1016; x_wconf 86' lang='lat' dir='ltr'><strong>eampo</strong></span> <span class='ocrx_word' id='word_1_69' title='bbox 541 942 815 1013; x_wconf 82' lang='lat' dir='ltr'><strong>insignum</strong></span> <span class='ocrx_word' id='word_1_70' title='bbox 839 945 1089 1016; x_wconf 27' lang='lat' dir='ltr'><strong>quod‘hic</strong></span> <span class='ocrx_word' id='word_1_71' title='bbox 1116 942 1356 1016; x_wconf 74' lang='lat' dir='ltr'><strong>volumus</strong></span> <span class='ocrx_word' id='word_1_72' title='bbox 1374 942 1531 995; x_wconf 89' lang='lat' dir='ltr'><strong>dante</strong></span> <span class='ocrx_word' id='word_1_73' title='bbox 1556 943 1657 995; x_wconf 86' lang='lat' dir='ltr'><strong>Do-</strong></span> 
     </span>
    </p>
   </div>
   <div class='ocr_carea' id='block_1_11' title="bbox 113 1011 1657 1080">
    <p class='ocr_par' dir='ltr' id='par_1_11' title="bbox 113 1011 1657 1080">
     <span class='ocr_line' id='line_1_12' title="bbox 113 1011 1657 1080; baseline -0.006 -9"><span class='ocrx_word' id='word_1_74' title='bbox 113 1022 261 1072; x_wconf 88' lang='lat' dir='ltr'><strong>mino</strong></span> <span class='ocrx_word' id='word_1_75' title='bbox 282 1011 606 1078; x_wconf 72' lang='lat' dir='ltr'><strong>construere,</strong></span> <span class='ocrx_word' id='word_1_76' title='bbox 640 1011 695 1066; x_wconf 65' lang='lat' dir='ltr'><strong>et</strong></span> <span class='ocrx_word' id='word_1_77' title='bbox 711 1011 947 1068; x_wconf 71' lang='lat' dir='ltr'><strong>construi</strong></span> <span class='ocrx_word' id='word_1_78' title='bbox 970 1013 1141 1065; x_wconf 88' lang='lat' dir='ltr'><strong>facere</strong></span> <span class='ocrx_word' id='word_1_79' title='bbox 1160 1011 1441 1080; x_wconf 84' lang='lat' dir='ltr'><strong>quamdam</strong></span> <span class='ocrx_word' id='word_1_80' title='bbox 1463 1021 1657 1080; x_wconf 87' lang='lat' dir='ltr'><strong>terram</strong></span> 
     </span>
    </p>
   </div>
   <div class='ocr_carea' id='block_1_12' title="bbox 109 1079 1659 1148">
    <p class='ocr_par' dir='ltr' id='par_1_12' title="bbox 109 1079 1659 1148">
     <span class='ocr_line' id='line_1_13' title="bbox 109 1079 1659 1148; baseline -0.006 -8"><span class='ocrx_word' id='word_1_81' title='bbox 109 1099 163 1141; x_wconf 91' lang='lat' dir='ltr'><strong>et</strong></span> <span class='ocrx_word' id='word_1_82' title='bbox 195 1088 372 1139; x_wconf 89' lang='lat' dir='ltr'><strong>forum</strong></span> <span class='ocrx_word' id='word_1_83' title='bbox 416 1097 650 1138; x_wconf 89' lang='lat' dir='ltr'><strong>nostrum</strong></span> <span class='ocrx_word' id='word_1_84' title='bbox 692 1083 902 1135; x_wconf 83' lang='lat' dir='ltr'><strong>nomine</strong></span> <span class='ocrx_word' id='word_1_85' title='bbox 928 1079 1221 1148; x_wconf 79' lang='lat' dir='ltr'><strong>Aquilejen.</strong></span> <span class='ocrx_word' id='word_1_86' title='bbox 1249 1080 1488 1141; x_wconf 90' lang='lat' dir='ltr'><strong>ecclesie,</strong></span> <span class='ocrx_word' id='word_1_87' title='bbox 1520 1079 1659 1146; x_wconf 87' lang='lat' dir='ltr'><strong>quod</strong></span> 
     </span>
    </p>
   </div>
   <div class='ocr_carea' id='block_1_13' title="bbox 113 1149 1661 1220">
    <p class='ocr_par' dir='ltr' id='par_1_13' title="bbox 113 1149 1661 1220">
     <span class='ocr_line' id='line_1_14' title="bbox 113 1149 1661 1220; baseline -0.006 -13"><span class='ocrx_word' id='word_1_88' title='bbox 113 1155 470 1209; x_wconf 75' lang='lat' dir='ltr'><strong>Mediolanum</strong></span> <span class='ocrx_word' id='word_1_89' title='bbox 498 1151 791 1220; x_wconf 82' lang='lat' dir='ltr'><strong>Raymundi</strong></span> <span class='ocrx_word' id='word_1_90' title='bbox 816 1150 1054 1203; x_wconf 87' lang='lat' dir='ltr'><strong>volumus</strong></span> <span class='ocrx_word' id='word_1_91' title='bbox 1077 1158 1131 1202; x_wconf 89' lang='lat' dir='ltr'><strong>et</strong></span> <span class='ocrx_word' id='word_1_92' title='bbox 1153 1149 1432 1220; x_wconf 78' lang='lat' dir='ltr'><strong>statuimus</strong></span> <span class='ocrx_word' id='word_1_93' title='bbox 1457 1163 1661 1220; x_wconf 81' lang='lat' dir='ltr'><strong>nuneu-</strong></span> 
     </span>
    </p>
   </div>
   <div class='ocr_carea' id='block_1_14' title="bbox 112 1214 1658 1291">
    <p class='ocr_par' dir='ltr' id='par_1_14' title="bbox 112 1214 1658 1291">
     <span class='ocr_line' id='line_1_15' title="bbox 112 1214 1658 1291; baseline -0.005 -17"><span class='ocrx_word' id='word_1_94' title='bbox 112 1226 249 1291; x_wconf 89' lang='lat' dir='ltr'><strong>pari,</strong></span> <span class='ocrx_word' id='word_1_95' title='bbox 280 1232 335 1275; x_wconf 84' lang='lat' dir='ltr'><strong>et</strong></span> <span class='ocrx_word' id='word_1_96' title='bbox 362 1214 645 1291; x_wconf 79' lang='lat' dir='ltr'><strong>predictam</strong></span> <span class='ocrx_word' id='word_1_97' title='bbox 668 1220 922 1287; x_wconf 80' lang='lat' dir='ltr'><strong>perticam</strong></span> <span class='ocrx_word' id='word_1_98' title='bbox 944 1233 1065 1271; x_wconf 90' lang='lat' dir='ltr'><strong>cum</strong></span> <span class='ocrx_word' id='word_1_99' title='bbox 1087 1232 1244 1271; x_wconf 88' lang='lat' dir='ltr'><strong>cruce</strong></span> <span class='ocrx_word' id='word_1_100' title='bbox 1266 1216 1351 1284; x_wconf 81' lang='lat' dir='ltr'><strong>ﬁgi</strong></span> <span class='ocrx_word' id='word_1_101' title='bbox 1372 1214 1591 1269; x_wconf 82' lang='lat' dir='ltr'><strong>fecimus</strong></span> <span class='ocrx_word' id='word_1_102' title='bbox 1606 1216 1658 1267; x_wconf 91' lang='lat' dir='ltr'><strong>in</strong></span> 
     </span>
    </p>
   </div>
   <div class='ocr_carea' id='block_1_15' title="bbox 112 1290 643 1358">
    <p class='ocr_par' dir='ltr' id='par_1_15' title="bbox 112 1290 643 1358">
     <span class='ocr_line' id='line_1_16' title="bbox 112 1290 643 1358; baseline -0.008 -15"><span class='ocrx_word' id='word_1_103' title='bbox 112 1290 306 1358; x_wconf 86' lang='lat' dir='ltr'><strong>campo</strong></span> <span class='ocrx_word' id='word_1_104' title='bbox 334 1290 566 1358; x_wconf 85' lang='lat' dir='ltr'><strong>prcdicto</strong></span> <span class='ocrx_word' id='word_1_105' title='bbox 597 1300 643 1339; x_wconf 76' lang='grc' dir='ltr'><strong>ιι.</strong></span> 
     </span>
    </p>
   </div>
   <div class='ocr_carea' id='block_1_16' title="bbox 182 1353 1661 1427">
    <p class='ocr_par' dir='ltr' id='par_1_16' title="bbox 182 1353 1661 1427">
     <span class='ocr_line' id='line_1_17' title="bbox 182 1353 1661 1427; baseline -0.005 -15"><span class='ocrx_word' id='word_1_106' title='bbox 182 1353 299 1427; x_wconf 71' lang='lat' dir='ltr'><strong>Ego</strong></span> <span class='ocrx_word' id='word_1_107' title='bbox 325 1353 554 1411; x_wconf 76' lang='lat' dir='ltr'><strong>Joannes</strong></span> <span class='ocrx_word' id='word_1_108' title='bbox 576 1356 886 1427; x_wconf 14' lang='lat' dir='ltr'><strong>de‘LupicoA</strong></span> <span class='ocrx_word' id='word_1_109' title='bbox 906 1355 1045 1407; x_wconf 85' lang='lat' dir='ltr'><strong>sacri</strong></span> <span class='ocrx_word' id='word_1_110' title='bbox 1073 1355 1277 1427; x_wconf 83' lang='lat' dir='ltr'><strong>imperii</strong></span> <span class='ocrx_word' id='word_1_111' title='bbox 1305 1353 1547 1427; x_wconf 74' lang='lat' dir='ltr'><strong>publicus</strong></span> <span class='ocrx_word' id='word_1_112' title='bbox 1568 1368 1661 1427; x_wconf 79' lang='lat' dir='ltr'><strong>no-</strong></span> 
     </span>
    </p>
   </div>
   <div class='ocr_carea' id='block_1_17' title="bbox 112 1421 1663 1494">
    <p class='ocr_par' dir='ltr' id='par_1_17' title="bbox 112 1421 1663 1494">
     <span class='ocr_line' id='line_1_18' title="bbox 112 1421 1663 1494; baseline -0.004 -14"><span class='ocrx_word' id='word_1_113' title='bbox 112 1421 284 1481; x_wconf 70' lang='lat' dir='ltr'><strong>tarius</strong></span> <span class='ocrx_word' id='word_1_114' title='bbox 325 1424 694 1494; x_wconf 88' lang='lat' dir='ltr'><strong>suprascriptis</strong></span> <span class='ocrx_word' id='word_1_115' title='bbox 729 1421 974 1494; x_wconf 78' lang='lat' dir='ltr'><strong>omnibus</strong></span> <span class='ocrx_word' id='word_1_116' title='bbox 1001 1437 1219 1494; x_wconf 59' lang='lat' dir='ltr'><strong>presens</strong></span> <span class='ocrx_word' id='word_1_117' title='bbox 1244 1421 1479 1494; x_wconf 73' lang='lat' dir='ltr'><strong>interfui,</strong></span> <span class='ocrx_word' id='word_1_118' title='bbox 1508 1430 1561 1474; x_wconf 87' lang='lat' dir='ltr'><strong>et</strong></span> <span class='ocrx_word' id='word_1_119' title='bbox 1584 1421 1663 1494; x_wconf 6' lang='lat' dir='ltr'><strong>jde</strong></span> 
     </span>
    </p>
   </div>
   <div class='ocr_carea' id='block_1_18' title="bbox 110 1490 1662 1562">
    <p class='ocr_par' dir='ltr' id='par_1_18' title="bbox 110 1490 1662 1562">
     <span class='ocr_line' id='line_1_19' title="bbox 110 1490 1662 1562; baseline -0.003 -14"><span class='ocrx_word' id='word_1_120' title='bbox 110 1498 365 1548; x_wconf 86' lang='lat' dir='ltr'><strong>mandato</strong></span> <span class='ocrx_word' id='word_1_121' title='bbox 391 1490 743 1562; x_wconf 55' lang='lat' dir='ltr'><strong>&#39;suprascripti</strong></span> <span class='ocrx_word' id='word_1_122' title='bbox 778 1491 974 1562; x_wconf 83' lang='lat' dir='ltr'><strong>domini</strong></span> <span class='ocrx_word' id='word_1_123' title='bbox 1024 1490 1317 1562; x_wconf 67' lang='lat' dir='ltr'><strong>[laymundi</strong></span> <span class='ocrx_word' id='word_1_124' title='bbox 1345 1492 1662 1559; x_wconf 76' lang='lat' dir='ltr'><strong>patriarcha:</strong></span> 
     </span>
    </p>
   </div>
   <div class='ocr_carea' id='block_1_19' title="bbox 108 1560 1294 1632">
    <p class='ocr_par' dir='ltr' id='par_1_19' title="bbox 108 1560 1294 1632">
     <span class='ocr_line' id='line_1_20' title="bbox 108 1560 1294 1632; baseline -0.008 -14"><span class='ocrx_word' id='word_1_125' title='bbox 108 1565 302 1632; x_wconf 84' lang='lat' dir='ltr'><strong>scripsi</strong></span> <span class='ocrx_word' id='word_1_126' title='bbox 339 1565 393 1616; x_wconf 93' lang='lat' dir='ltr'><strong>in</strong></span> <span class='ocrx_word' id='word_1_127' title='bbox 425 1560 657 1615; x_wconf 65' lang='lat' dir='ltr'><strong>formant</strong></span> <span class='ocrx_word' id='word_1_128' title='bbox 676 1560 938 1628; x_wconf 85' lang='lat' dir='ltr'><strong>publicam</strong></span> <span class='ocrx_word' id='word_1_129' title='bbox 978 1560 1294 1612; x_wconf 89' lang='lat' dir='ltr'><strong>reducendo.</strong></span> 
     </span>
    </p>
   </div>
   <div class='ocr_carea' id='block_1_20' title="bbox 800 1668 981 1721">
    <p class='ocr_par' dir='ltr' id='par_1_20' title="bbox 800 1668 981 1721">
     <span class='ocr_line' id='line_1_21' title="bbox 800 1668 981 1721; baseline 0 -1"><span class='ocrx_word' id='word_1_130' title='bbox 800 1668 981 1721; x_wconf 75' lang='lat' dir='ltr'><strong>XXIII.</strong></span> 
     </span>
    </p>
   </div>
   <div class='ocr_carea' id='block_1_21' title="bbox 508 1778 1289 1835">
    <p class='ocr_par' dir='ltr' id='par_1_21' title="bbox 508 1778 1289 1835">
     <span class='ocr_line' id='line_1_22' title="bbox 508 1778 1289 1835; baseline -0.001 -3"><span class='ocrx_word' id='word_1_131' title='bbox 508 1782 534 1819; x_wconf 73' lang='grc' dir='ltr'>δ</span> <span class='ocrx_word' id='word_1_132' title='bbox 573 1779 910 1835; x_wconf 76' lang='lat' dir='ltr'><strong>FUNDATIO</strong></span> <span class='ocrx_word' id='word_1_133' title='bbox 947 1778 1289 1833; x_wconf 71' lang='lat' dir='ltr'><strong>ECCLESUE</strong></span> 
     </span>
    </p>
   </div>
   <div class='ocr_carea' id='block_1_22' title="bbox 478 1874 1317 1929">
    <p class='ocr_par' dir='ltr' id='par_1_22' title="bbox 478 1874 1317 1929">
     <span class='ocr_line' id='line_1_23' title="bbox 478 1874 1317 1929; baseline -0.006 0"><span class='ocrx_word' id='word_1_134' title='bbox 478 1876 655 1929; x_wconf 83' lang='lat' dir='ltr'><strong>Sancti</strong></span> <span class='ocrx_word' id='word_1_135' title='bbox 721 1874 925 1927; x_wconf 80' lang='lat' dir='ltr'><strong>Nicolai</strong></span> <span class='ocrx_word' id='word_1_136' title='bbox 982 1876 1046 1927; x_wconf 87' lang='lat' dir='ltr'><strong>de</strong></span> <span class='ocrx_word' id='word_1_137' title='bbox 1103 1874 1317 1928; x_wconf 74' lang='lat' dir='ltr'><strong>Saeillo.</strong></span> 
     </span>
    </p>
   </div>
   <div class='ocr_carea' id='block_1_23' title="bbox 179 1962 1666 2035">
    <p class='ocr_par' dir='ltr' id='par_1_23' title="bbox 179 1962 1666 2035">
     <span class='ocr_line' id='line_1_24' title="bbox 179 1962 1666 2035; baseline -0.007 -17"><span class='ocrx_word' id='word_1_138' title='bbox 179 1966 428 2035; x_wconf 81' lang='lat' dir='ltr'><strong>Paganus</strong></span> <span class='ocrx_word' id='word_1_139' title='bbox 451 1966 553 2035; x_wconf 85' lang='lat' dir='ltr'><strong>Dei</strong></span> <span class='ocrx_word' id='word_1_140' title='bbox 568 1974 621 2016; x_wconf 81' lang='lat' dir='ltr'><strong>et</strong></span> <span class='ocrx_word' id='word_1_141' title='bbox 648 1964 948 2035; x_wconf 67' lang='lat' dir='ltr'><strong>apostolica:</strong></span> <span class='ocrx_word' id='word_1_142' title='bbox 975 1963 1118 2035; x_wconf 76' lang='lat' dir='ltr'><strong>sedis</strong></span> <span class='ocrx_word' id='word_1_143' title='bbox 1141 1962 1312 2035; x_wconf 80' lang='lat' dir='ltr'><strong>gratia</strong></span> <span class='ocrx_word' id='word_1_144' title='bbox 1354 1968 1550 2012; x_wconf 75' lang='lat' dir='ltr'><strong>sanctae</strong></span> <span class='ocrx_word' id='word_1_145' title='bbox 1585 1972 1666 2035; x_wconf 82' lang='lat' dir='ltr'><strong>se-</strong></span> 
     </span>
    </p>
   </div>
   <div class='ocr_carea' id='block_1_24' title="bbox 117 2028 1666 2101">
    <p class='ocr_par' dir='ltr' id='par_1_24' title="bbox 117 2028 1666 2101">
     <span class='ocr_line' id='line_1_25' title="bbox 117 2028 1666 2101; baseline -0.007 -14"><span class='ocrx_word' id='word_1_146' title='bbox 117 2035 194 2087; x_wconf 88' lang='lat' dir='ltr'><strong>dis</strong></span> <span class='ocrx_word' id='word_1_147' title='bbox 219 2028 588 2101; x_wconf 64' lang='lat' dir='ltr'><strong>Aquilegeusis</strong></span> <span class='ocrx_word' id='word_1_148' title='bbox 618 2028 936 2100; x_wconf 72' lang='lat' dir='ltr'><strong>patriarcha.</strong></span> <span class='ocrx_word' id='word_1_149' title='bbox 975 2028 1247 2101; x_wconf 77' lang='lat' dir='ltr'><strong>Universis</strong></span> <span class='ocrx_word' id='word_1_150' title='bbox 1271 2036 1559 2095; x_wconf 76' lang='lat' dir='ltr'><strong>prmsentcs</strong></span> <span class='ocrx_word' id='word_1_151' title='bbox 1590 2028 1666 2077; x_wconf 89' lang='lat' dir='ltr'><strong>in-</strong></span> 
     </span>
    </p>
   </div>
   <div class='ocr_carea' id='block_1_25' title="bbox 115 2100 1374 2169">
    <p class='ocr_par' dir='ltr' id='par_1_25' title="bbox 115 2100 1374 2169">
     <span class='ocr_line' id='line_1_26' title="bbox 115 2100 1374 2169; baseline -0.007 -14"><span class='ocrx_word' id='word_1_152' title='bbox 115 2100 378 2169; x_wconf 69' lang='lat' dir='ltr'><strong>spectoris</strong></span> <span class='ocrx_word' id='word_1_153' title='bbox 410 2100 633 2153; x_wconf 77' lang='lat' dir='ltr'><strong>salutem</strong></span> <span class='ocrx_word' id='word_1_154' title='bbox 657 2102 706 2153; x_wconf 90' lang='lat' dir='ltr'><strong>in</strong></span> <span class='ocrx_word' id='word_1_155' title='bbox 732 2101 952 2153; x_wconf 89' lang='lat' dir='ltr'><strong>Domino</strong></span> <span class='ocrx_word' id='word_1_156' title='bbox 980 2100 1374 2167; x_wconf 74' lang='lat' dir='ltr'><strong>sempiternam.</strong></span> 
     </span>
    </p>
   </div>
   <div class='ocr_carea' id='block_1_26' title="bbox 187 2164 1669 2232">
    <p class='ocr_par' dir='ltr' id='par_1_26' title="bbox 187 2164 1669 2232">
     <span class='ocr_line' id='line_1_27' title="bbox 187 2164 1669 2232; baseline -0.007 -9"><span class='ocrx_word' id='word_1_157' title='bbox 187 2170 528 2223; x_wconf 78' lang='lat' dir='ltr'><strong>Universitati</strong></span> <span class='ocrx_word' id='word_1_158' title='bbox 560 2178 744 2221; x_wconf 67' lang='lat' dir='ltr'><strong>vestra:</strong></span> <span class='ocrx_word' id='word_1_159' title='bbox 769 2169 1014 2220; x_wconf 84' lang='lat' dir='ltr'><strong>volumus</strong></span> <span class='ocrx_word' id='word_1_160' title='bbox 1033 2164 1149 2221; x_wconf 76' lang='lat' dir='ltr'><strong>esse</strong></span> <span class='ocrx_word' id='word_1_161' title='bbox 1180 2176 1379 2226; x_wconf 90' lang='lat' dir='ltr'><strong>notum,</strong></span> <span class='ocrx_word' id='word_1_162' title='bbox 1405 2164 1544 2232; x_wconf 88' lang='lat' dir='ltr'><strong>quod</strong></span> <span class='ocrx_word' id='word_1_163' title='bbox 1577 2178 1669 2214; x_wconf 82' lang='lat' dir='ltr'><strong>vo-</strong></span> 
     </span>
    </p>
   </div>
   <div class='ocr_carea' id='block_1_27' title="bbox 118 2232 1669 2305">
    <p class='ocr_par' dir='ltr' id='par_1_27' title="bbox 118 2232 1669 2305">
     <span class='ocr_line' id='line_1_28' title="bbox 118 2232 1669 2305; baseline -0.003 -18"><span class='ocrx_word' id='word_1_164' title='bbox 118 2247 282 2290; x_wconf 80' lang='lat' dir='ltr'><strong>tentes</strong></span> <span class='ocrx_word' id='word_1_165' title='bbox 312 2236 747 2305; x_wconf 75' lang='lat' dir='ltr'><strong>postulationibus</strong></span> <span class='ocrx_word' id='word_1_166' title='bbox 770 2236 1065 2297; x_wconf 83' lang='lat' dir='ltr'><strong>subvenire,</strong></span> <span class='ocrx_word' id='word_1_167' title='bbox 1098 2237 1212 2288; x_wconf 88' lang='lat' dir='ltr'><strong>viso</strong></span> <span class='ocrx_word' id='word_1_168' title='bbox 1239 2242 1292 2287; x_wconf 88' lang='lat' dir='ltr'><strong>et</strong></span> <span class='ocrx_word' id='word_1_169' title='bbox 1334 2234 1565 2301; x_wconf 91' lang='lat' dir='ltr'><strong>undique</strong></span> <span class='ocrx_word' id='word_1_170' title='bbox 1593 2232 1669 2305; x_wconf 83' lang='lat' dir='ltr'><strong>di-</strong></span> 
     </span>
    </p>
   </div>
   <div class='ocr_carea' id='block_1_28' title="bbox 119 2301 1666 2373">
    <p class='ocr_par' dir='ltr' id='par_1_28' title="bbox 119 2301 1666 2373">
     <span class='ocr_line' id='line_1_29' title="bbox 119 2301 1666 2373; baseline -0.004 -17"><span class='ocrx_word' id='word_1_171' title='bbox 119 2301 341 2373; x_wconf 74' lang='lat' dir='ltr'><strong>ligenter</strong></span> <span class='ocrx_word' id='word_1_172' title='bbox 368 2308 601 2372; x_wconf 87' lang='lat' dir='ltr'><strong>inspecto</strong></span> <span class='ocrx_word' id='word_1_173' title='bbox 629 2306 854 2373; x_wconf 80' lang='lat' dir='ltr'><strong>quodam</strong></span> <span class='ocrx_word' id='word_1_174' title='bbox 886 2305 1165 2373; x_wconf 86' lang='lat' dir='ltr'><strong>privilegio</strong></span> <span class='ocrx_word' id='word_1_175' title='bbox 1204 2305 1351 2373; x_wconf 76' lang='lat' dir='ltr'><strong>bonze</strong></span> <span class='ocrx_word' id='word_1_176' title='bbox 1385 2301 1666 2373; x_wconf 70' lang='lat' dir='ltr'><strong>nicanori-.13</strong></span> 
     </span>
    </p>
   </div>
   <div class='ocr_carea' id='block_1_29' title="bbox 122 2370 1667 2441">
    <p class='ocr_par' dir='ltr' id='par_1_29' title="bbox 122 2370 1667 2441">
     <span class='ocr_line' id='line_1_30' title="bbox 122 2370 1667 2441; baseline -0.005 -15"><span class='ocrx_word' id='word_1_177' title='bbox 122 2370 352 2427; x_wconf 78' lang='lat' dir='ltr'><strong>Bertoldi</strong></span> <span class='ocrx_word' id='word_1_178' title='bbox 390 2370 706 2441; x_wconf 72' lang='lat' dir='ltr'><strong>patriarcha:</strong></span> <span class='ocrx_word' id='word_1_179' title='bbox 742 2370 1099 2439; x_wconf 77' lang='lat' dir='ltr'><strong>Aquilejensis</strong></span> <span class='ocrx_word' id='word_1_180' title='bbox 1130 2372 1303 2441; x_wconf 83' lang='lat' dir='ltr'><strong>sigillo</strong></span> <span class='ocrx_word' id='word_1_181' title='bbox 1349 2370 1464 2441; x_wconf 83' lang='lat' dir='ltr'><strong>ejus</strong></span> <span class='ocrx_word' id='word_1_182' title='bbox 1514 2383 1667 2441; x_wconf 68' lang='lat' dir='ltr'><strong>cerea</strong></span> 
     </span>
    </p>
   </div>
   <div class='ocr_carea' id='block_1_30' title="bbox 122 2437 1669 2509">
    <p class='ocr_par' dir='ltr' id='par_1_30' title="bbox 122 2437 1669 2509">
     <span class='ocr_line' id='line_1_31' title="bbox 122 2437 1669 2509; baseline -0.005 -16"><span class='ocrx_word' id='word_1_183' title='bbox 122 2441 365 2508; x_wconf 81' lang='lat' dir='ltr'><strong>pendenti</strong></span> <span class='ocrx_word' id='word_1_184' title='bbox 392 2437 500 2493; x_wconf 76' lang='lat' dir='ltr'><strong>non</strong></span> <span class='ocrx_word' id='word_1_185' title='bbox 529 2450 778 2509; x_wconf 90' lang='lat' dir='ltr'><strong>corrupto</strong></span> <span class='ocrx_word' id='word_1_186' title='bbox 805 2437 964 2494; x_wconf 76' lang='lat' dir='ltr'><strong>nobis</strong></span> <span class='ocrx_word' id='word_1_187' title='bbox 993 2454 1089 2508; x_wconf 89' lang='lat' dir='ltr'><strong>per</strong></span> <span class='ocrx_word' id='word_1_188' title='bbox 1110 2437 1544 2509; x_wconf 61' lang='lat' dir='ltr'><strong>dilectttnrlilitttn</strong></span> <span class='ocrx_word' id='word_1_189' title='bbox 1573 2438 1669 2509; x_wconf 60' lang='grc' dir='ltr'><strong>ξς-</strong></span> 
     </span>
    </p>
   </div>
   <div class='ocr_carea' id='block_1_31' title="bbox 120 2504 1668 2577">
    <p class='ocr_par' dir='ltr' id='par_1_31' title="bbox 120 2504 1668 2577">
     <span class='ocr_line' id='line_1_32' title="bbox 120 2504 1668 2577; baseline -0.005 -16"><span class='ocrx_word' id='word_1_190' title='bbox 120 2504 450 2575; x_wconf 67' lang='lat' dir='ltr'><strong>gebaldintnu</strong></span> <span class='ocrx_word' id='word_1_191' title='bbox 474 2504 751 2577; x_wconf 78' lang='lat' dir='ltr'><strong>plebanmn</strong></span> <span class='ocrx_word' id='word_1_192' title='bbox 778 2504 1014 2561; x_wconf 66' lang='lat' dir='ltr'><strong>ecclesiae</strong></span> <span class='ocrx_word' id='word_1_193' title='bbox 1040 2504 1447 2577; x_wconf 76' lang='lat' dir='ltr'><strong>sanetiNycolay</strong></span> <span class='ocrx_word' id='word_1_194' title='bbox 1478 2504 1543 2555; x_wconf 90' lang='lat' dir='ltr'><strong>de</strong></span> <span class='ocrx_word' id='word_1_195' title='bbox 1567 2506 1668 2577; x_wconf 84' lang='lat' dir='ltr'><strong>_Sa-</strong></span> 
     </span>
    </p>
   </div>
   <div class='ocr_carea' id='block_1_32' title="bbox 121 2573 1666 2645">
    <p class='ocr_par' dir='ltr' id='par_1_32' title="bbox 121 2573 1666 2645">
     <span class='ocr_line' id='line_1_33' title="bbox 121 2573 1666 2645; baseline -0.003 -18"><span class='ocrx_word' id='word_1_196' title='bbox 121 2573 235 2629; x_wconf 77' lang='lat' dir='ltr'><strong>eillo</strong></span> <span class='ocrx_word' id='word_1_197' title='bbox 262 2573 519 2639; x_wconf 76' lang='lat' dir='ltr'><strong>exhibito,</strong></span> <span class='ocrx_word' id='word_1_198' title='bbox 565 2578 737 2645; x_wconf 90' lang='lat' dir='ltr'><strong>ipsum</strong></span> <span class='ocrx_word' id='word_1_199' title='bbox 766 2578 831 2629; x_wconf 86' lang='lat' dir='ltr'><strong>ad</strong></span> <span class='ocrx_word' id='word_1_200' title='bbox 858 2577 1092 2645; x_wconf 81' lang='lat' dir='ltr'><strong>ejusdem</strong></span> <span class='ocrx_word' id='word_1_201' title='bbox 1124 2573 1331 2644; x_wconf 39' lang='lat' dir='ltr'><strong>pleha‘ni</strong></span> <span class='ocrx_word' id='word_1_202' title='bbox 1350 2573 1666 2645; x_wconf 79' lang='lat' dir='ltr'><strong>instantiam</strong></span> 
     </span>
    </p>
   </div>
   <div class='ocr_carea' id='block_1_33' title="bbox 119 2641 1668 2713">
    <p class='ocr_par' dir='ltr' id='par_1_33' title="bbox 119 2641 1668 2713">
     <span class='ocr_line' id='line_1_34' title="bbox 119 2641 1668 2713; baseline -0.003 -16"><span class='ocrx_word' id='word_1_203' title='bbox 119 2654 171 2697; x_wconf 84' lang='lat' dir='ltr'><strong>et</strong></span> <span class='ocrx_word' id='word_1_204' title='bbox 198 2641 630 2713; x_wconf 77' lang='lat' dir='ltr'><strong>supplicationem</strong></span> <span class='ocrx_word' id='word_1_205' title='bbox 678 2641 926 2696; x_wconf 78' lang='lat' dir='ltr'><strong>humilem</strong></span> <span class='ocrx_word' id='word_1_206' title='bbox 969 2660 1064 2711; x_wconf 91' lang='lat' dir='ltr'><strong>per</strong></span> <span class='ocrx_word' id='word_1_207' title='bbox 1092 2641 1304 2696; x_wconf 81' lang='lat' dir='ltr'><strong>manum</strong></span> <span class='ocrx_word' id='word_1_208' title='bbox 1348 2641 1668 2713; x_wconf 75' lang='lat' dir='ltr'><strong>infraseripti</strong></span> 
     </span>
    </p>
   </div>
   <div class='ocr_carea' id='block_1_34' title="bbox 125 2662 1665 2779">
    <p class='ocr_par' dir='ltr' id='par_1_34' title="bbox 125 2662 1665 2779">
     <span class='ocr_line' id='line_1_35' title="bbox 125 2662 1665 2766; baseline -0.003 -69"><span class='ocrx_word' id='word_1_209' title='bbox 125 2662 171 2697; x_wconf 82' lang='lat' dir='ltr'><strong>et</strong></span> <span class='ocrx_word' id='word_1_210' title='bbox 198 2662 630 2766; x_wconf 73' lang='lat' dir='ltr'><strong>suppneauonem</strong></span> <span class='ocrx_word' id='word_1_211' title='bbox 678 2662 926 2696; x_wconf 87' lang='lat' dir='ltr'><strong>numuem</strong></span> <span class='ocrx_word' id='word_1_212' title='bbox 969 2662 1064 2711; x_wconf 90' lang='lat' dir='ltr'><strong>per</strong></span> <span class='ocrx_word' id='word_1_213' title='bbox 1092 2662 1304 2696; x_wconf 90' lang='lat' dir='ltr'><strong>manum</strong></span> <span class='ocrx_word' id='word_1_214' title='bbox 1348 2662 1665 2707; x_wconf 75' lang='lat' dir='ltr'><strong>mirasenpu</strong></span> 
     </span>
     <span class='ocr_line' id='line_1_36' title="bbox 125 2710 1665 2779; baseline -0.004 -14"><span class='ocrx_word' id='word_1_215' title='bbox 125 2716 290 2765; x_wconf 87' lang='lat' dir='ltr'><strong>notari</strong></span> <span class='ocrx_word' id='word_1_216' title='bbox 354 2715 518 2766; x_wconf 89' lang='lat' dir='ltr'><strong>nostri</strong></span> <span class='ocrx_word' id='word_1_217' title='bbox 575 2714 853 2765; x_wconf 86' lang='lat' dir='ltr'><strong>transcribi</strong></span> <span class='ocrx_word' id='word_1_218' title='bbox 902 2721 956 2765; x_wconf 89' lang='lat' dir='ltr'><strong>et</strong></span> <span class='ocrx_word' id='word_1_219' title='bbox 1007 2713 1245 2765; x_wconf 89' lang='lat' dir='ltr'><strong>renovari</strong></span> <span class='ocrx_word' id='word_1_220' title='bbox 1299 2710 1665 2779; x_wconf 66' lang='lat' dir='ltr'><strong>praxcepimns.</strong></span> 
     </span>
    </p>
   </div>
   <div class='ocr_carea' id='block_1_35' title="bbox 128 2778 1667 2844">
    <p class='ocr_par' dir='ltr' id='par_1_35' title="bbox 128 2778 1667 2844">
     <span class='ocr_line' id='line_1_37' title="bbox 128 2778 1667 2844; baseline -0.003 -12"><span class='ocrx_word' id='word_1_221' title='bbox 128 2782 387 2841; x_wconf 76' lang='lat' dir='ltr'><strong>Volentes,</strong></span> <span class='ocrx_word' id='word_1_222' title='bbox 441 2783 816 2843; x_wconf 86' lang='lat' dir='ltr'><strong>decernentes,</strong></span> <span class='ocrx_word' id='word_1_223' title='bbox 854 2789 908 2833; x_wconf 87' lang='lat' dir='ltr'><strong>et</strong></span> <span class='ocrx_word' id='word_1_224' title='bbox 952 2788 1273 2839; x_wconf 88' lang='lat' dir='ltr'><strong>statuentes,</strong></span> <span class='ocrx_word' id='word_1_225' title='bbox 1332 2786 1389 2829; x_wconf 90' lang='lat' dir='ltr'><strong>ut</strong></span> <span class='ocrx_word' id='word_1_226' title='bbox 1423 2779 1522 2830; x_wconf 87' lang='lat' dir='ltr'><strong>hoc</strong></span> <span class='ocrx_word' id='word_1_227' title='bbox 1553 2778 1667 2844; x_wconf 89' lang='lat' dir='ltr'><strong>ejus</strong></span> 
     </span>
    </p>
   </div>
   <div class='ocr_carea' id='block_1_36' title="bbox 124 2846 1665 2916">
    <p class='ocr_par' dir='ltr' id='par_1_36' title="bbox 124 2846 1665 2916">
     <span class='ocr_line' id='line_1_38' title="bbox 124 2846 1665 2916; baseline -0.003 -15"><span class='ocrx_word' id='word_1_228' title='bbox 124 2858 527 2915; x_wconf 76' lang='lat' dir='ltr'><strong>transumptum,</strong></span> <span class='ocrx_word' id='word_1_229' title='bbox 572 2850 679 2901; x_wconf 89' lang='lat' dir='ltr'><strong>sive</strong></span> <span class='ocrx_word' id='word_1_230' title='bbox 718 2849 1012 2916; x_wconf 81' lang='lat' dir='ltr'><strong>exemplum</strong></span> <span class='ocrx_word' id='word_1_231' title='bbox 1062 2848 1300 2901; x_wconf 88' lang='lat' dir='ltr'><strong>eamdem</strong></span> <span class='ocrx_word' id='word_1_232' title='bbox 1332 2847 1435 2898; x_wconf 86' lang='lat' dir='ltr'><strong>vim</strong></span> <span class='ocrx_word' id='word_1_233' title='bbox 1471 2846 1665 2897; x_wconf 84' lang='lat' dir='ltr'><strong>habeat</strong></span> 
     </span>
    </p>
   </div>
   <div class='ocr_carea' id='block_1_37' title="bbox 124 2916 1671 2985">
    <p class='ocr_par' dir='ltr' id='par_1_37' title="bbox 124 2916 1671 2985">
     <span class='ocr_line' id='line_1_39' title="bbox 124 2916 1671 2985; baseline -0.001 -18"><span class='ocrx_word' id='word_1_234' title='bbox 124 2919 465 2985; x_wconf 76' lang='lat' dir='ltr'><strong>eamdemque</strong></span> <span class='ocrx_word' id='word_1_235' title='bbox 513 2918 742 2983; x_wconf 73' lang='lat' dir='ltr'><strong>vigerent</strong></span> <span class='ocrx_word' id='word_1_236' title='bbox 789 2933 852 2969; x_wconf 90' lang='lat' dir='ltr'><strong>ac</strong></span> <span class='ocrx_word' id='word_1_237' title='bbox 896 2918 1033 2969; x_wconf 86' lang='lat' dir='ltr'><strong>idem</strong></span> <span class='ocrx_word' id='word_1_238' title='bbox 1084 2916 1245 2969; x_wconf 90' lang='lat' dir='ltr'><strong>robur</strong></span> <span class='ocrx_word' id='word_1_239' title='bbox 1286 2916 1524 2985; x_wconf 75' lang='lat' dir='ltr'><strong>optineat</strong></span> <span class='ocrx_word' id='word_1_240' title='bbox 1578 2929 1671 2981; x_wconf 88' lang='lat' dir='ltr'><strong>per</strong></span> 
     </span>
    </p>
   </div>
   <div class='ocr_carea' id='block_1_38' title="bbox 128 2983 1665 3077">
    <p class='ocr_par' dir='ltr' id='par_1_38' title="bbox 128 2983 1665 3077">
     <span class='ocr_line' id='line_1_40' title="bbox 128 2983 1665 3077; baseline -0.001 -40"><span class='ocrx_word' id='word_1_241' title='bbox 128 2983 747 3077; x_wconf 58' lang='lat' dir='ltr'><strong>omniaqt&#39;iodIoriginale</strong></span> <span class='ocrx_word' id='word_1_242' title='bbox 777 2986 1084 3077; x_wconf 58' lang='lat' dir='ltr'><strong>praedictum</strong></span> <span class='ocrx_word' id='word_1_243' title='bbox 1135 2986 1370 3037; x_wconf 85' lang='lat' dir='ltr'><strong>noscitur</strong></span> <span class='ocrx_word' id='word_1_244' title='bbox 1401 2983 1665 3077; x_wconf 64' lang='lat' dir='ltr'><strong>optinere,</strong></span> 
     </span>
    </p>
   </div>
   <div class='ocr_carea' id='block_1_39' title="bbox 130 3051 1669 3120">
    <p class='ocr_par' dir='ltr' id='par_1_39' title="bbox 130 3051 1669 3120">
     <span class='ocr_line' id='line_1_41' title="bbox 130 3051 1669 3120; baseline -0.002 -15"><span class='ocrx_word' id='word_1_245' title='bbox 130 3055 329 3106; x_wconf 85' lang='lat' dir='ltr'><strong>etiamsi</strong></span> <span class='ocrx_word' id='word_1_246' title='bbox 353 3051 485 3106; x_wconf 86' lang='lat' dir='ltr'><strong>illud</strong></span> <span class='ocrx_word' id='word_1_247' title='bbox 517 3051 791 3119; x_wconf 85' lang='lat' dir='ltr'><strong>nunquam</strong></span> <span class='ocrx_word' id='word_1_248' title='bbox 806 3054 1145 3120; x_wconf 88' lang='lat' dir='ltr'><strong>imposterum</strong></span> <span class='ocrx_word' id='word_1_249' title='bbox 1175 3060 1469 3119; x_wconf 87' lang='lat' dir='ltr'><strong>appareret.</strong></span> <span class='ocrx_word' id='word_1_250' title='bbox 1502 3051 1669 3118; x_wconf 81' lang='lat' dir='ltr'><strong>thue</strong></span> 
     </span>
    </p>
   </div>
   <div class='ocr_carea' id='block_1_40' title="bbox 134 3121 1670 3191">
    <p class='ocr_par' dir='ltr' id='par_1_40' title="bbox 134 3121 1670 3191">
     <span class='ocr_line' id='line_1_42' title="bbox 134 3121 1670 3191; baseline -0.001 -19"><span class='ocrx_word' id='word_1_251' title='bbox 134 3122 261 3174; x_wconf 81' lang='lat' dir='ltr'><strong>idem</strong></span> <span class='ocrx_word' id='word_1_252' title='bbox 316 3122 695 3191; x_wconf 84' lang='lat' dir='ltr'><strong>Sygebaldinus</strong></span> <span class='ocrx_word' id='word_1_253' title='bbox 749 3121 1036 3191; x_wconf 79' lang='lat' dir='ltr'><strong>plebanus,</strong></span> <span class='ocrx_word' id='word_1_254' title='bbox 1082 3130 1135 3173; x_wconf 75' lang='lat' dir='ltr'><strong>rt</strong></span> <span class='ocrx_word' id='word_1_255' title='bbox 1182 3121 1295 3188; x_wconf 92' lang='lat' dir='ltr'><strong>ejus</strong></span> <span class='ocrx_word' id='word_1_256' title='bbox 1336 3134 1670 3191; x_wconf 82' lang='lat' dir='ltr'><strong>successores</strong></span> 
     </span>
    </p>
   </div>
   <div class='ocr_carea' id='block_1_41' title="bbox 133 3189 1667 3255">
    <p class='ocr_par' dir='ltr' id='par_1_41' title="bbox 133 3189 1667 3255">
     <span class='ocr_line' id='line_1_43' title="bbox 133 3189 1667 3255; baseline 0.001 -17"><span class='ocrx_word' id='word_1_257' title='bbox 133 3189 364 3242; x_wconf 73' lang='lat' dir='ltr'><strong>eamdem</strong></span> <span class='ocrx_word' id='word_1_258' title='bbox 401 3189 431 3241; x_wconf 87' lang='lat' dir='ltr'><strong>a</strong></span> <span class='ocrx_word' id='word_1_259' title='bbox 470 3190 623 3242; x_wconf 88' lang='lat' dir='ltr'><strong>nobis</strong></span> <span class='ocrx_word' id='word_1_260' title='bbox 651 3190 1016 3242; x_wconf 85' lang='lat' dir='ltr'><strong>auctoritatem</strong></span> <span class='ocrx_word' id='word_1_261' title='bbox 1047 3191 1275 3241; x_wconf 66' lang='lat' dir='ltr'><strong>haieant</strong></span> <span class='ocrx_word' id='word_1_262' title='bbox 1302 3189 1667 3255; x_wconf 84' lang='lat' dir='ltr'><strong>compescendi</strong></span> 
     </span>
    </p>
   </div>
   <div class='ocr_carea' id='block_1_42' title="bbox 133 3257 1670 3324">
    <p class='ocr_par' dir='ltr' id='par_1_42' title="bbox 133 3257 1670 3324">
     <span class='ocr_line' id='line_1_44' title="bbox 133 3257 1670 3324; baseline -0.001 -15"><span class='ocrx_word' id='word_1_263' title='bbox 133 3273 221 3323; x_wconf 87' lang='lat' dir='ltr'><strong>per</strong></span> <span class='ocrx_word' id='word_1_264' title='bbox 244 3272 517 3309; x_wconf 73' lang='lat' dir='ltr'><strong>censuram</strong></span> <span class='ocrx_word' id='word_1_265' title='bbox 562 3257 970 3310; x_wconf 87' lang='lat' dir='ltr'><strong>ecclesiasticam</strong></span> <span class='ocrx_word' id='word_1_266' title='bbox 998 3259 1352 3324; x_wconf 86' lang='lat' dir='ltr'><strong>detemptores</strong></span> <span class='ocrx_word' id='word_1_267' title='bbox 1384 3257 1582 3323; x_wconf 87' lang='lat' dir='ltr'><strong>jurium</strong></span> <span class='ocrx_word' id='word_1_268' title='bbox 1615 3265 1670 3308; x_wconf 89' lang='lat' dir='ltr'><strong>et</strong></span> 
     </span>
    </p>
   </div>
   <div class='ocr_carea' id='block_1_43' title="bbox 136 3324 1671 3391">
    <p class='ocr_par' dir='ltr' id='par_1_43' title="bbox 136 3324 1671 3391">
     <span class='ocr_line' id='line_1_45' title="bbox 136 3324 1671 3391; baseline 0.001 -17"><span class='ocrx_word' id='word_1_269' title='bbox 136 3328 513 3391; x_wconf 70' lang='lat' dir='ltr'><strong>poesessionum</strong></span> <span class='ocrx_word' id='word_1_270' title='bbox 560 3326 711 3377; x_wconf 66' lang='lat' dir='ltr'><strong>dicta:</strong></span> <span class='ocrx_word' id='word_1_271' title='bbox 750 3324 1021 3385; x_wconf 68' lang='lat' dir='ltr'><strong>ecclesiaz,</strong></span> <span class='ocrx_word' id='word_1_272' title='bbox 1073 3326 1325 3377; x_wconf 87' lang='lat' dir='ltr'><strong>canonica</strong></span> <span class='ocrx_word' id='word_1_273' title='bbox 1384 3324 1671 3376; x_wconf 90' lang='lat' dir='ltr'><strong>monitione</strong></span> 
     </span>
    </p>
   </div>
   <div class='ocr_carea' id='block_1_44' title="bbox 139 3392 1670 3459">
    <p class='ocr_par' dir='ltr' id='par_1_44' title="bbox 139 3392 1670 3459">
     <span class='ocr_line' id='line_1_46' title="bbox 139 3392 1670 3459; baseline -0.001 -16"><span class='ocrx_word' id='word_1_274' title='bbox 139 3395 413 3457; x_wconf 74' lang='lat' dir='ltr'><strong>pnemissa,</strong></span> <span class='ocrx_word' id='word_1_275' title='bbox 466 3409 562 3446; x_wconf 88' lang='lat' dir='ltr'><strong>nec</strong></span> <span class='ocrx_word' id='word_1_276' title='bbox 594 3408 694 3445; x_wconf 89' lang='lat' dir='ltr'><strong>non</strong></span> <span class='ocrx_word' id='word_1_277' title='bbox 739 3394 1017 3445; x_wconf 83' lang='lat' dir='ltr'><strong>violatores</strong></span> <span class='ocrx_word' id='word_1_278' title='bbox 1066 3394 1328 3445; x_wconf 90' lang='lat' dir='ltr'><strong>dictorum</strong></span> <span class='ocrx_word' id='word_1_279' title='bbox 1370 3392 1565 3459; x_wconf 83' lang='lat' dir='ltr'><strong>jurium</strong></span> <span class='ocrx_word' id='word_1_280' title='bbox 1616 3402 1670 3443; x_wconf 86' lang='lat' dir='ltr'><strong>et</strong></span> 
     </span>
    </p>
   </div>
   <div class='ocr_carea' id='block_1_45' title="bbox 139 3460 1670 3527">
    <p class='ocr_par' dir='ltr' id='par_1_45' title="bbox 139 3460 1670 3527">
     <span class='ocr_line' id='line_1_47' title="bbox 139 3460 1670 3527; baseline -0.002 -14"><span class='ocrx_word' id='word_1_281' title='bbox 139 3464 512 3527; x_wconf 87' lang='lat' dir='ltr'><strong>possessionum</strong></span> <span class='ocrx_word' id='word_1_282' title='bbox 539 3501 552 3524; x_wconf 95' lang='lat'><strong>,</strong></span> <span class='ocrx_word' id='word_1_283' title='bbox 582 3477 673 3514; x_wconf 91' lang='lat' dir='ltr'><strong>seu</strong></span> <span class='ocrx_word' id='word_1_284' title='bbox 701 3462 1113 3515; x_wconf 86' lang='lat' dir='ltr'><strong>contradictores</strong></span> <span class='ocrx_word' id='word_1_285' title='bbox 1141 3471 1194 3513; x_wconf 92' lang='lat' dir='ltr'><strong>et</strong></span> <span class='ocrx_word' id='word_1_286' title='bbox 1223 3460 1446 3513; x_wconf 87' lang='lat' dir='ltr'><strong>rebelles</strong></span> <span class='ocrx_word' id='word_1_287' title='bbox 1466 3499 1479 3521; x_wconf 89' lang='lat'><strong>,</strong></span> <span class='ocrx_word' id='word_1_288' title='bbox 1511 3474 1670 3525; x_wconf 89' lang='lat' dir='ltr'><strong>quam</strong></span> 
     </span>
    </p>
   </div>
   <div class='ocr_carea' id='block_1_46' title="bbox 142 3527 1670 3598">
    <p class='ocr_par' dir='ltr' id='par_1_46' title="bbox 142 3527 1670 3598">
     <span class='ocr_line' id='line_1_48' title="bbox 142 3527 1670 3598; baseline 0 -19"><span class='ocrx_word' id='word_1_289' title='bbox 142 3530 266 3580; x_wconf 85' lang='lat' dir='ltr'><strong>idem</strong></span> <span class='ocrx_word' id='word_1_290' title='bbox 317 3539 491 3583; x_wconf 88' lang='lat' dir='ltr'><strong>noster</strong></span> <span class='ocrx_word' id='word_1_291' title='bbox 540 3531 894 3598; x_wconf 56' lang='lat' dir='ltr'><strong>praedecessor</strong></span> <span class='ocrx_word' id='word_1_292' title='bbox 940 3531 1202 3597; x_wconf 87' lang='lat' dir='ltr'><strong>quondam</strong></span> <span class='ocrx_word' id='word_1_293' title='bbox 1246 3529 1389 3581; x_wconf 88' lang='lat' dir='ltr'><strong>Bono</strong></span> <span class='ocrx_word' id='word_1_294' title='bbox 1436 3527 1670 3598; x_wconf 87' lang='lat' dir='ltr'><strong>ejusdem</strong></span> 
     </span>
    </p>
   </div>
   <div class='ocr_carea' id='block_1_47' title="bbox 139 3595 1672 3665">
    <p class='ocr_par' dir='ltr' id='par_1_47' title="bbox 139 3595 1672 3665">
     <span class='ocr_line' id='line_1_49' title="bbox 139 3595 1672 3665; baseline -0.001 -17"><span class='ocrx_word' id='word_1_295' title='bbox 139 3597 361 3649; x_wconf 65' lang='lat' dir='ltr'><strong>ecclesia:</strong></span> <span class='ocrx_word' id='word_1_296' title='bbox 407 3595 643 3665; x_wconf 82' lang='lat' dir='ltr'><strong>plebano.</strong></span> <span class='ocrx_word' id='word_1_297' title='bbox 687 3606 740 3649; x_wconf 90' lang='lat' dir='ltr'><strong>et</strong></span> <span class='ocrx_word' id='word_1_298' title='bbox 785 3595 899 3662; x_wconf 87' lang='lat' dir='ltr'><strong>ejus</strong></span> <span class='ocrx_word' id='word_1_299' title='bbox 943 3595 1338 3665; x_wconf 72' lang='lat' dir='ltr'><strong>Successortbus</strong></span> <span class='ocrx_word' id='word_1_300' title='bbox 1379 3612 1472 3664; x_wconf 89' lang='lat' dir='ltr'><strong>per</strong></span> <span class='ocrx_word' id='word_1_301' title='bbox 1511 3597 1672 3664; x_wconf 85' lang='lat' dir='ltr'><strong>privi-</strong></span> 
     </span>
    </p>
   </div>
   <div class='ocr_carea' id='block_1_48' title="bbox 144 3663 1672 3736">
    <p class='ocr_par' dir='ltr' id='par_1_48' title="bbox 144 3663 1672 3736">
     <span class='ocr_line' id='line_1_50' title="bbox 144 3663 1672 3736; baseline 0.002 -22"><span class='ocrx_word' id='word_1_302' title='bbox 144 3666 319 3732; x_wconf 77' lang='lat' dir='ltr'><strong>legium</strong></span> <span class='ocrx_word' id='word_1_303' title='bbox 349 3663 515 3736; x_wconf 78' lang='lat' dir='ltr'><strong>ipsum</strong></span> <span class='ocrx_word' id='word_1_304' title='bbox 548 3666 784 3718; x_wconf 89' lang='lat' dir='ltr'><strong>noscitur</strong></span> <span class='ocrx_word' id='word_1_305' title='bbox 812 3666 1156 3720; x_wconf 88' lang='lat' dir='ltr'><strong>concessisse.</strong></span> <span class='ocrx_word' id='word_1_306' title='bbox 1185 3663 1347 3733; x_wconf 82' lang='lat' dir='ltr'><strong>Cujus</strong></span> <span class='ocrx_word' id='word_1_307' title='bbox 1378 3663 1526 3717; x_wconf 77' lang='lat' dir='ltr'><strong>tenor</strong></span> <span class='ocrx_word' id='word_1_308' title='bbox 1552 3664 1672 3717; x_wconf 92' lang='lat' dir='ltr'><strong>talis</strong></span> 
     </span>
    </p>
   </div>
   <div class='ocr_carea' id='block_1_49' title="bbox 141 3745 264 3784">
    <p class='ocr_par' dir='ltr' id='par_1_49' title="bbox 141 3745 264 3784">
     <span class='ocr_line' id='line_1_51' title="bbox 141 3745 264 3784; baseline 0.008 -2"><span class='ocrx_word' id='word_1_309' title='bbox 141 3745 216 3784; x_wconf 73' lang='lat' dir='ltr'><strong>CSI.</strong></span> <span class='ocrx_word' id='word_1_310' title='bbox 253 3751 264 3783; x_wconf 76' lang='grc' dir='ltr'>ἒ</span> 
     </span>
    </p>
   </div>
   <div class='ocr_carea' id='block_1_50' title="bbox 208 3799 1670 3867">
    <p class='ocr_par' dir='ltr' id='par_1_50' title="bbox 208 3799 1670 3867">
     <span class='ocr_line' id='line_1_52' title="bbox 208 3799 1670 3867; baseline 0.001 -16"><span class='ocrx_word' id='word_1_311' title='bbox 208 3810 226 3834; x_wconf 76' lang='grc' dir='ltr'><em>ε</em></span> <span class='ocrx_word' id='word_1_312' title='bbox 272 3801 538 3854; x_wconf 70' lang='grc' dir='ltr'><strong>Βειίοὶιιιις</strong></span> <span class='ocrx_word' id='word_1_313' title='bbox 564 3800 654 3854; x_wconf 85' lang='lat' dir='ltr'><strong>Dei</strong></span> <span class='ocrx_word' id='word_1_314' title='bbox 682 3803 845 3867; x_wconf 83' lang='lat' dir='ltr'><strong>gratia</strong></span> <span class='ocrx_word' id='word_1_315' title='bbox 885 3811 1082 3855; x_wconf 60' lang='lat' dir='ltr'><strong>saneta:</strong></span> <span class='ocrx_word' id='word_1_316' title='bbox 1106 3802 1247 3853; x_wconf 88' lang='lat' dir='ltr'><strong>sedis</strong></span> <span class='ocrx_word' id='word_1_317' title='bbox 1265 3799 1556 3867; x_wconf 83' lang='lat' dir='ltr'><strong>Aquilejen.</strong></span> <span class='ocrx_word' id='word_1_318' title='bbox 1581 3816 1670 3867; x_wconf 87' lang='lat' dir='ltr'><strong>pa-</strong></span> 
     </span>
    </p>
   </div>
   <div class='ocr_carea' id='block_1_51' title="bbox 146 3868 1669 3937">
    <p class='ocr_par' dir='ltr' id='par_1_51' title="bbox 146 3868 1669 3937">
     <span class='ocr_line' id='line_1_53' title="bbox 146 3868 1669 3937; baseline 0.001 -20"><span class='ocrx_word' id='word_1_319' title='bbox 146 3868 382 3937; x_wconf 73' lang='lat' dir='ltr'><strong>triarcha.</strong></span> <span class='ocrx_word' id='word_1_320' title='bbox 404 3869 610 3922; x_wconf 82' lang='lat' dir='ltr'><strong>Dilecto</strong></span> <span class='ocrx_word' id='word_1_321' title='bbox 652 3868 759 3922; x_wconf 79' lang='lat' dir='ltr'><strong>tilio</strong></span> <span class='ocrx_word' id='word_1_322' title='bbox 793 3870 936 3923; x_wconf 87' lang='lat' dir='ltr'><strong>Bono</strong></span> <span class='ocrx_word' id='word_1_323' title='bbox 967 3871 1190 3937; x_wconf 84' lang='lat' dir='ltr'><strong>plebano</strong></span> <span class='ocrx_word' id='word_1_324' title='bbox 1223 3870 1459 3921; x_wconf 71' lang='lat' dir='ltr'><strong>eeclesim</strong></span> <span class='ocrx_word' id='word_1_325' title='bbox 1504 3870 1669 3937; x_wconf 77' lang='lat' dir='ltr'><strong>sancti</strong></span> 
     </span>
    </p>
   </div>
   <div class='ocr_carea' id='block_1_52' title="bbox 148 3934 1672 4001">
    <p class='ocr_par' dir='ltr' id='par_1_52' title="bbox 148 3934 1672 4001">
     <span class='ocr_line' id='line_1_54' title="bbox 148 3934 1672 4001; baseline 0.001 -17"><span class='ocrx_word' id='word_1_326' title='bbox 148 3934 357 4001; x_wconf 71' lang='lat' dir='ltr'><strong>Nycolay</strong></span> <span class='ocrx_word' id='word_1_327' title='bbox 386 3937 447 3989; x_wconf 92' lang='lat' dir='ltr'><strong>de</strong></span> <span class='ocrx_word' id='word_1_328' title='bbox 478 3936 671 3990; x_wconf 84' lang='lat' dir='ltr'><strong>Saeillo</strong></span> <span class='ocrx_word' id='word_1_329' title='bbox 693 3938 915 3991; x_wconf 85' lang='lat' dir='ltr'><strong>salutem</strong></span> <span class='ocrx_word' id='word_1_330' title='bbox 956 3934 1009 3989; x_wconf 75' lang='lat' dir='ltr'><strong>et</strong></span> <span class='ocrx_word' id='word_1_331' title='bbox 1041 3937 1455 3989; x_wconf 82' lang='lat' dir='ltr'><strong>benedictionem</strong></span> <span class='ocrx_word' id='word_1_332' title='bbox 1493 3937 1543 3987; x_wconf 94' lang='lat' dir='ltr'><strong>in</strong></span> <span class='ocrx_word' id='word_1_333' title='bbox 1572 3934 1672 3987; x_wconf 88' lang='lat' dir='ltr'><strong>Do-</strong></span> 
     </span>
    </p>
   </div>
   <div class='ocr_carea' id='block_1_53' title="bbox 148 4005 1674 4072">
    <p class='ocr_par' dir='ltr' id='par_1_53' title="bbox 148 4005 1674 4072">
     <span class='ocr_line' id='line_1_55' title="bbox 148 4005 1674 4072; baseline 0.001 -20"><span class='ocrx_word' id='word_1_334' title='bbox 148 4005 291 4072; x_wconf 86' lang='lat' dir='ltr'><strong>mino.</strong></span> <span class='ocrx_word' id='word_1_335' title='bbox 320 4005 601 4057; x_wconf 84' lang='lat' dir='ltr'><strong>Prudentia</strong></span> <span class='ocrx_word' id='word_1_336' title='bbox 632 4015 720 4057; x_wconf 91' lang='lat' dir='ltr'><strong>tua</strong></span> <span class='ocrx_word' id='word_1_337' title='bbox 765 4008 916 4059; x_wconf 89' lang='lat' dir='ltr'><strong>nobis</strong></span> <span class='ocrx_word' id='word_1_338' title='bbox 946 4020 1065 4056; x_wconf 89' lang='lat' dir='ltr'><strong>cum</strong></span> <span class='ocrx_word' id='word_1_339' title='bbox 1093 4006 1340 4056; x_wconf 87' lang='lat' dir='ltr'><strong>instantia</strong></span> <span class='ocrx_word' id='word_1_340' title='bbox 1370 4005 1530 4056; x_wconf 89' lang='lat' dir='ltr'><strong>multa</strong></span> <span class='ocrx_word' id='word_1_341' title='bbox 1556 4020 1674 4072; x_wconf 55' lang='lat' dir='ltr'><strong>sup.</strong></span> 
     </span>
    </p>
   </div>
   <div class='ocr_carea' id='block_1_54' title="bbox 147 4070 1671 4142">
    <p class='ocr_par' dir='ltr' id='par_1_54' title="bbox 147 4070 1671 4142">
     <span class='ocr_line' id='line_1_56' title="bbox 147 4070 1671 4142; baseline 0.001 -20"><span class='ocrx_word' id='word_1_342' title='bbox 147 4070 341 4142; x_wconf 69' lang='lat' dir='ltr'><strong>plieavit</strong></span> <span class='ocrx_word' id='word_1_343' title='bbox 386 4073 701 4142; x_wconf 84' lang='lat' dir='ltr'><strong>frequenter,</strong></span> <span class='ocrx_word' id='word_1_344' title='bbox 738 4074 898 4142; x_wconf 73' lang='lat'><strong>268</strong></span> <span class='ocrx_word' id='word_1_345' title='bbox 926 4082 981 4123; x_wconf 92' lang='lat' dir='ltr'><strong>ut</strong></span> <span class='ocrx_word' id='word_1_346' title='bbox 1011 4089 1104 4139; x_wconf 89' lang='lat' dir='ltr'><strong>per</strong></span> <span class='ocrx_word' id='word_1_347' title='bbox 1142 4074 1337 4139; x_wconf 87' lang='lat' dir='ltr'><strong>scripta</strong></span> <span class='ocrx_word' id='word_1_348' title='bbox 1376 4082 1557 4142; x_wconf 84' lang='lat' dir='ltr'><strong>nostra</strong></span> <span class='ocrx_word' id='word_1_349' title='bbox 1586 4070 1671 4139; x_wconf 59' lang='lat' dir='ltr'><strong>sv-</strong></span> 
     </span>
    </p>
   </div>
   <div class='ocr_carea' id='block_1_55' title="bbox 148 4138 1670 4209">
    <p class='ocr_par' dir='ltr' id='par_1_55' title="bbox 148 4138 1670 4209">
     <span class='ocr_line' id='line_1_57' title="bbox 148 4138 1670 4209; baseline 0.003 -22"><span class='ocrx_word' id='word_1_350' title='bbox 148 4138 242 4203; x_wconf 81' lang='lat' dir='ltr'><strong>gilli</strong></span> <span class='ocrx_word' id='word_1_351' title='bbox 264 4141 419 4209; x_wconf 87' lang='lat' dir='ltr'><strong>nostri</strong></span> <span class='ocrx_word' id='word_1_352' title='bbox 450 4138 692 4209; x_wconf 81' lang='lat' dir='ltr'><strong>roborata</strong></span> <span class='ocrx_word' id='word_1_353' title='bbox 722 4138 1030 4203; x_wconf 51' lang='lat' dir='ltr'><strong>inuiti—mine,</strong></span> <span class='ocrx_word' id='word_1_354' title='bbox 1067 4156 1161 4209; x_wconf 86' lang='lat' dir='ltr'><strong>per</strong></span> <span class='ocrx_word' id='word_1_355' title='bbox 1189 4138 1289 4207; x_wconf 82' lang='lat' dir='ltr'><strong>que</strong></span> <span class='ocrx_word' id='word_1_356' title='bbox 1335 4140 1427 4209; x_wconf 89' lang='lat' dir='ltr'><strong>tibi</strong></span> <span class='ocrx_word' id='word_1_357' title='bbox 1455 4149 1507 4193; x_wconf 90' lang='lat' dir='ltr'><strong>et</strong></span> <span class='ocrx_word' id='word_1_358' title='bbox 1552 4138 1670 4191; x_wconf 90' lang='lat' dir='ltr'><strong>suc-</strong></span> 
     </span>
    </p>
   </div>
   <div class='ocr_carea' id='block_1_56' title="bbox 148 4208 1673 4275">
    <p class='ocr_par' dir='ltr' id='par_1_56' title="bbox 148 4208 1673 4275">
     <span class='ocr_line' id='line_1_58' title="bbox 148 4208 1673 4275; baseline 0.002 -18"><span class='ocrx_word' id='word_1_359' title='bbox 148 4208 427 4260; x_wconf 74' lang='lat' dir='ltr'><strong>cessoribus</strong></span> <span class='ocrx_word' id='word_1_360' title='bbox 472 4208 574 4260; x_wconf 90' lang='lat' dir='ltr'><strong>tuis</strong></span> <span class='ocrx_word' id='word_1_361' title='bbox 600 4224 659 4261; x_wconf 88' lang='lat' dir='ltr'><strong>ac</strong></span> <span class='ocrx_word' id='word_1_362' title='bbox 702 4210 819 4262; x_wconf 89' lang='lat' dir='ltr'><strong>aliis</strong></span> <span class='ocrx_word' id='word_1_363' title='bbox 844 4208 1187 4275; x_wconf 80' lang='lat' dir='ltr'><strong>imposterutu</strong></span> <span class='ocrx_word' id='word_1_364' title='bbox 1228 4208 1501 4261; x_wconf 89' lang='lat' dir='ltr'><strong>manifesta</strong></span> <span class='ocrx_word' id='word_1_365' title='bbox 1527 4216 1673 4275; x_wconf 83' lang='lat' dir='ltr'><strong>pate-</strong></span> 
     </span>
    </p>
   </div>
   <div class='ocr_carea' id='block_1_57' title="bbox 152 4276 1673 4344">
    <p class='ocr_par' dir='ltr' id='par_1_57' title="bbox 152 4276 1673 4344">
     <span class='ocr_line' id='line_1_59' title="bbox 152 4276 1673 4344; baseline 0.003 -22"><span class='ocrx_word' id='word_1_366' title='bbox 152 4282 221 4324; x_wconf 85' lang='lat' dir='ltr'><strong>ret</strong></span> <span class='ocrx_word' id='word_1_367' title='bbox 246 4276 478 4344; x_wconf 80' lang='lat' dir='ltr'><strong>veritatis</strong></span> <span class='ocrx_word' id='word_1_368' title='bbox 508 4277 759 4343; x_wconf 83' lang='lat' dir='ltr'><strong>cognitio.</strong></span> <span class='ocrx_word' id='word_1_369' title='bbox 805 4287 854 4329; x_wconf 90' lang='lat' dir='ltr'><strong>te</strong></span> <span class='ocrx_word' id='word_1_370' title='bbox 892 4287 1102 4329; x_wconf 89' lang='lat' dir='ltr'><strong>cautum</strong></span> <span class='ocrx_word' id='word_1_371' title='bbox 1132 4277 1304 4329; x_wconf 84' lang='lat' dir='ltr'><strong>facere</strong></span> <span class='ocrx_word' id='word_1_372' title='bbox 1336 4277 1673 4344; x_wconf 82' lang='lat' dir='ltr'><strong>dignarentur</strong></span> 
     </span>
    </p>
   </div>
   <div class='ocr_carea' id='block_1_58' title="bbox 152 4342 1674 4411">
    <p class='ocr_par' dir='ltr' id='par_1_58' title="bbox 152 4342 1674 4411">
     <span class='ocr_line' id='line_1_60' title="bbox 152 4342 1674 4411; baseline 0.002 -20"><span class='ocrx_word' id='word_1_373' title='bbox 152 4342 482 4397; x_wconf 79' lang='lat' dir='ltr'><strong>certificautes</strong></span> <span class='ocrx_word' id='word_1_374' title='bbox 507 4345 559 4395; x_wconf 89' lang='lat' dir='ltr'><strong>in</strong></span> <span class='ocrx_word' id='word_1_375' title='bbox 590 4343 687 4396; x_wconf 90' lang='lat' dir='ltr'><strong>illis</strong></span> <span class='ocrx_word' id='word_1_376' title='bbox 708 4352 864 4411; x_wconf 88' lang='lat' dir='ltr'><strong>prout</strong></span> <span class='ocrx_word' id='word_1_377' title='bbox 893 4346 1071 4411; x_wconf 91' lang='lat' dir='ltr'><strong>opinio</strong></span> <span class='ocrx_word' id='word_1_378' title='bbox 1093 4356 1271 4397; x_wconf 85' lang='lat' dir='ltr'><strong>nostra</strong></span> <span class='ocrx_word' id='word_1_379' title='bbox 1298 4342 1441 4396; x_wconf 82' lang='lat' dir='ltr'><strong>tenet</strong></span> <span class='ocrx_word' id='word_1_380' title='bbox 1471 4352 1674 4411; x_wconf 86' lang='lat' dir='ltr'><strong>nostra-</strong></span> 
     </span>
    </p>
   </div>
   <div class='ocr_carea' id='block_1_59' title="bbox 153 4410 1673 4479">
    <p class='ocr_par' dir='ltr' id='par_1_59' title="bbox 153 4410 1673 4479">
     <span class='ocr_line' id='line_1_61' title="bbox 153 4410 1673 4479; baseline 0 -18"><span class='ocrx_word' id='word_1_381' title='bbox 153 4423 242 4479; x_wconf 74' lang='lat' dir='ltr'><strong>que</strong></span> <span class='ocrx_word' id='word_1_382' title='bbox 281 4412 395 4479; x_wconf 84' lang='lat' dir='ltr'><strong>jura</strong></span> <span class='ocrx_word' id='word_1_383' title='bbox 426 4413 673 4473; x_wconf 84' lang='lat' dir='ltr'><strong>fatentur,</strong></span> <span class='ocrx_word' id='word_1_384' title='bbox 710 4410 757 4466; x_wconf 79' lang='lat' dir='ltr'><strong>si</strong></span> <span class='ocrx_word' id='word_1_385' title='bbox 808 4410 1028 4465; x_wconf 78' lang='lat' dir='ltr'><strong>ecclesia</strong></span> <span class='ocrx_word' id='word_1_386' title='bbox 1070 4412 1208 4464; x_wconf 89' lang='lat' dir='ltr'><strong>beati</strong></span> <span class='ocrx_word' id='word_1_387' title='bbox 1239 4411 1462 4478; x_wconf 80' lang='lat' dir='ltr'><strong>Nycolay</strong></span> <span class='ocrx_word' id='word_1_388' title='bbox 1489 4412 1553 4462; x_wconf 89' lang='lat' dir='ltr'><strong>de</strong></span> <span class='ocrx_word' id='word_1_389' title='bbox 1584 4410 1673 4463; x_wconf 83' lang='lat' dir='ltr'><strong>Sa-</strong></span> 
     </span>
    </p>
   </div>
   <div class='ocr_carea' id='block_1_60' title="bbox 1757 588 3302 661">
    <p class='ocr_par' dir='ltr' id='par_1_60' title="bbox 1757 588 3302 661">
     <span class='ocr_line' id='line_1_62' title="bbox 1757 588 3302 661; baseline -0.005 -11"><span class='ocrx_word' id='word_1_390' title='bbox 1757 597 1815 650; x_wconf 82' lang='lat' dir='ltr'><strong>fit</strong></span> <span class='ocrx_word' id='word_1_391' title='bbox 1852 588 2048 649; x_wconf 75' lang='lat' dir='ltr'><strong>mentio</strong></span> <span class='ocrx_word' id='word_1_392' title='bbox 2072 595 2134 647; x_wconf 88' lang='lat' dir='ltr'><strong>de</strong></span> <span class='ocrx_word' id='word_1_393' title='bbox 2170 588 2461 661; x_wconf 70' lang='lat' dir='ltr'><strong>promissis,</strong></span> <span class='ocrx_word' id='word_1_394' title='bbox 2494 588 2834 661; x_wconf 80' lang='lat' dir='ltr'><strong>dignaremur</strong></span> <span class='ocrx_word' id='word_1_395' title='bbox 2858 596 2909 661; x_wconf 81' lang='lat' dir='ltr'><strong>te</strong></span> <span class='ocrx_word' id='word_1_396' title='bbox 2937 588 3157 661; x_wconf 79' lang='lat' dir='ltr'><strong>reddere</strong></span> <span class='ocrx_word' id='word_1_397' title='bbox 3186 603 3302 642; x_wconf 90' lang='lat' dir='ltr'><strong>cer-</strong></span> 
     </span>
    </p>
   </div>
   <div class='ocr_carea' id='block_1_61' title="bbox 1758 656 3299 732">
    <p class='ocr_par' dir='ltr' id='par_1_61' title="bbox 1758 656 3299 732">
     <span class='ocr_line' id='line_1_63' title="bbox 1758 656 3299 732; baseline -0.006 -14"><span class='ocrx_word' id='word_1_398' title='bbox 1758 674 1866 718; x_wconf 89' lang='lat' dir='ltr'><strong>tum</strong></span> <span class='ocrx_word' id='word_1_399' title='bbox 1890 680 1986 732; x_wconf 90' lang='lat' dir='ltr'><strong>per</strong></span> <span class='ocrx_word' id='word_1_400' title='bbox 2012 656 2197 732; x_wconf 76' lang='lat' dir='ltr'><strong>eadem</strong></span> <span class='ocrx_word' id='word_1_401' title='bbox 2227 661 2419 732; x_wconf 84' lang='lat' dir='ltr'><strong>scripta</strong></span> <span class='ocrx_word' id='word_1_402' title='bbox 2452 656 2627 711; x_wconf 79' lang='lat' dir='ltr'><strong>nostra</strong></span> <span class='ocrx_word' id='word_1_403' title='bbox 2652 656 2853 732; x_wconf 75' lang='lat' dir='ltr'><strong>plenius</strong></span> <span class='ocrx_word' id='word_1_404' title='bbox 2895 656 3079 732; x_wconf 79' lang='lat' dir='ltr'><strong>iubae</strong></span> <span class='ocrx_word' id='word_1_405' title='bbox 3110 668 3255 725; x_wconf 86' lang='lat' dir='ltr'><strong>parte</strong></span> <span class='ocrx_word' id='word_1_406' title='bbox 3285 673 3299 709; x_wconf 90' lang='lat'><strong>:</strong></span> 
     </span>
    </p>
   </div>
   <div class='ocr_carea' id='block_1_62' title="bbox 1757 725 3303 794">
    <p class='ocr_par' dir='ltr' id='par_1_62' title="bbox 1757 725 3303 794">
     <span class='ocr_line' id='line_1_64' title="bbox 1757 725 3303 794; baseline -0.005 -8"><span class='ocrx_word' id='word_1_407' title='bbox 1757 750 1823 786; x_wconf 88' lang='lat' dir='ltr'><strong>ne</strong></span> <span class='ocrx_word' id='word_1_408' title='bbox 1862 725 2065 785; x_wconf 78' lang='lat' dir='ltr'><strong>defectu</strong></span> <span class='ocrx_word' id='word_1_409' title='bbox 2098 731 2281 782; x_wconf 88' lang='lat' dir='ltr'><strong>talitnn</strong></span> <span class='ocrx_word' id='word_1_410' title='bbox 2317 725 2695 794; x_wconf 72' lang='lat' dir='ltr'><strong>scripturarum</strong></span> <span class='ocrx_word' id='word_1_411' title='bbox 2730 726 2839 791; x_wconf 85' lang='lat' dir='ltr'><strong>ipsa</strong></span> <span class='ocrx_word' id='word_1_412' title='bbox 2868 725 3303 794; x_wconf 11' lang='lat' dir='ltr'><strong>ecclesia‘nostra</strong></span> 
     </span>
    </p>
   </div>
   <div class='ocr_carea' id='block_1_63' title="bbox 1758 792 3305 865">
    <p class='ocr_par' dir='ltr' id='par_1_63' title="bbox 1758 792 3305 865">
     <span class='ocr_line' id='line_1_65' title="bbox 1758 792 3305 865; baseline -0.005 -10"><span class='ocrx_word' id='word_1_413' title='bbox 1758 803 1823 855; x_wconf 92' lang='lat' dir='ltr'><strong>de</strong></span> <span class='ocrx_word' id='word_1_414' title='bbox 1853 800 2051 853; x_wconf 83' lang='lat' dir='ltr'><strong>Saeillo</strong></span> <span class='ocrx_word' id='word_1_415' title='bbox 2093 812 2249 865; x_wconf 88' lang='lat' dir='ltr'><strong>super</strong></span> <span class='ocrx_word' id='word_1_416' title='bbox 2280 792 2539 861; x_wconf 76' lang='lat' dir='ltr'><strong>aliquibus</strong></span> <span class='ocrx_word' id='word_1_417' title='bbox 2566 794 2772 865; x_wconf 80' lang='lat' dir='ltr'><strong>juribus</strong></span> <span class='ocrx_word' id='word_1_418' title='bbox 2795 792 3305 865; x_wconf 81' lang='lat' dir='ltr'><strong>et_possessionibus</strong></span> 
     </span>
    </p>
   </div>
   <div class='ocr_carea' id='block_1_64' title="bbox 1758 861 3300 934">
    <p class='ocr_par' dir='ltr' id='par_1_64' title="bbox 1758 861 3300 934">
     <span class='ocr_line' id='line_1_66' title="bbox 1758 861 3300 934; baseline -0.006 -11"><span class='ocrx_word' id='word_1_419' title='bbox 1758 871 1869 923; x_wconf 89' lang='lat' dir='ltr'><strong>suis</strong></span> <span class='ocrx_word' id='word_1_420' title='bbox 1910 861 2193 934; x_wconf 65' lang='lat' dir='ltr'><strong>dampnafn</strong></span> <span class='ocrx_word' id='word_1_421' title='bbox 2222 873 2492 934; x_wconf 72' lang='lat' dir='ltr'><strong>patereiur</strong></span> <span class='ocrx_word' id='word_1_422' title='bbox 2531 876 2621 915; x_wconf 87' lang='lat' dir='ltr'><strong>seu</strong></span> <span class='ocrx_word' id='word_1_423' title='bbox 2663 862 2875 934; x_wconf 81' lang='lat' dir='ltr'><strong>aliquod</strong></span> <span class='ocrx_word' id='word_1_424' title='bbox 2906 861 3300 934; x_wconf 73' lang='lat' dir='ltr'><strong>detrimentum.</strong></span> 
     </span>
    </p>
   </div>
   <div class='ocr_carea' id='block_1_65' title="bbox 1778 929 3303 997">
    <p class='ocr_par' dir='ltr' id='par_1_65' title="bbox 1778 929 3303 997">
     <span class='ocr_line' id='line_1_67' title="bbox 1778 929 3303 997; baseline -0.005 -8"><span class='ocrx_word' id='word_1_425' title='bbox 1778 952 1793 961; x_wconf 66' lang='lat'><strong>-&#39;</strong></span> <span class='ocrx_word' id='word_1_426' title='bbox 1828 937 1934 989; x_wconf 85' lang='lat' dir='ltr'><strong>Nos</strong></span> <span class='ocrx_word' id='word_1_427' title='bbox 1968 929 2094 989; x_wconf 79' lang='lat' dir='ltr'><strong>vero</strong></span> <span class='ocrx_word' id='word_1_428' title='bbox 2123 929 2414 988; x_wconf 78' lang='lat' dir='ltr'><strong>devotionis</strong></span> <span class='ocrx_word' id='word_1_429' title='bbox 2452 942 2537 982; x_wconf 85' lang='lat' dir='ltr'><strong>tue</strong></span> <span class='ocrx_word' id='word_1_430' title='bbox 2567 929 3035 997; x_wconf 80' lang='lat' dir='ltr'><strong>supplicationibus</strong></span> <span class='ocrx_word' id='word_1_431' title='bbox 3069 929 3303 982; x_wconf 83' lang='lat' dir='ltr'><strong>inclinati</strong></span> 
     </span>
    </p>
   </div>
   <div class='ocr_carea' id='block_1_66' title="bbox 1760 999 3306 1072">
    <p class='ocr_par' dir='ltr' id='par_1_66' title="bbox 1760 999 3306 1072">
     <span class='ocr_line' id='line_1_68' title="bbox 1760 999 3306 1072; baseline -0.005 -15"><span class='ocrx_word' id='word_1_432' title='bbox 1760 1006 2002 1072; x_wconf 79' lang='lat' dir='ltr'><strong>benigne,</strong></span> <span class='ocrx_word' id='word_1_433' title='bbox 2050 1019 2182 1070; x_wconf 90' lang='lat' dir='ltr'><strong>quas</strong></span> <span class='ocrx_word' id='word_1_434' title='bbox 2216 1002 2267 1053; x_wconf 88' lang='lat' dir='ltr'><strong>in</strong></span> <span class='ocrx_word' id='word_1_435' title='bbox 2301 1001 2520 1072; x_wconf 84' lang='lat' dir='ltr'><strong>Domino</strong></span> <span class='ocrx_word' id='word_1_436' title='bbox 2551 999 2830 1072; x_wconf 79' lang='lat' dir='ltr'><strong>plurimum</strong></span> <span class='ocrx_word' id='word_1_437' title='bbox 2872 1000 3306 1072; x_wconf 74' lang='lat' dir='ltr'><strong>commendamus</strong></span> 
     </span>
    </p>
   </div>
   <div class='ocr_carea' id='block_1_67' title="bbox 1759 1067 3306 1143">
    <p class='ocr_par' dir='ltr' id='par_1_67' title="bbox 1759 1067 3306 1143">
     <span class='ocr_line' id='line_1_69' title="bbox 1759 1067 3306 1143; baseline -0.003 -20"><span class='ocrx_word' id='word_1_438' title='bbox 1759 1067 1945 1143; x_wconf 68' lang='lat' dir='ltr'><strong>tenore</strong></span> <span class='ocrx_word' id='word_1_439' title='bbox 1976 1067 2333 1143; x_wconf 54' lang='lat' dir='ltr'><strong>presentium,</strong></span> <span class='ocrx_word' id='word_1_440' title='bbox 2372 1069 2504 1120; x_wconf 85' lang='lat' dir='ltr'><strong>sicut</strong></span> <span class='ocrx_word' id='word_1_441' title='bbox 2531 1083 2628 1134; x_wconf 86' lang='lat' dir='ltr'><strong>per</strong></span> <span class='ocrx_word' id='word_1_442' title='bbox 2649 1067 2872 1143; x_wconf 80' lang='lat' dir='ltr'><strong>quedam</strong></span> <span class='ocrx_word' id='word_1_443' title='bbox 2908 1067 3180 1143; x_wconf 83' lang='lat' dir='ltr'><strong>privilegia</strong></span> <span class='ocrx_word' id='word_1_444' title='bbox 3212 1082 3306 1120; x_wconf 80' lang='lat' dir='ltr'><strong>no-</strong></span> 
     </span>
    </p>
   </div>
   <div class='ocr_carea' id='block_1_68' title="bbox 1760 1141 3309 1200">
    <p class='ocr_par' dir='ltr' id='par_1_68' title="bbox 1760 1141 3309 1200">
     <span class='ocr_line' id='line_1_70' title="bbox 1760 1141 3309 1200; baseline -0.004 -7"><span class='ocrx_word' id='word_1_445' title='bbox 1760 1150 1868 1193; x_wconf 92' lang='lat' dir='ltr'><strong>stra</strong></span> <span class='ocrx_word' id='word_1_446' title='bbox 1898 1141 2177 1193; x_wconf 87' lang='lat' dir='ltr'><strong>didicimus</strong></span> <span class='ocrx_word' id='word_1_447' title='bbox 2197 1176 2210 1200; x_wconf 94' lang='lat'><strong>,</strong></span> <span class='ocrx_word' id='word_1_448' title='bbox 2252 1147 2303 1189; x_wconf 90' lang='lat' dir='ltr'><strong>te</strong></span> <span class='ocrx_word' id='word_1_449' title='bbox 2332 1153 2393 1189; x_wconf 87' lang='lat' dir='ltr'><strong>ac</strong></span> <span class='ocrx_word' id='word_1_450' title='bbox 2430 1150 2762 1187; x_wconf 82' lang='lat' dir='ltr'><strong>successores</strong></span> <span class='ocrx_word' id='word_1_451' title='bbox 2802 1142 2918 1187; x_wconf 91' lang='lat' dir='ltr'><strong>tuos</strong></span> <span class='ocrx_word' id='word_1_452' title='bbox 2951 1143 3004 1185; x_wconf 91' lang='lat' dir='ltr'><strong>et</strong></span> <span class='ocrx_word' id='word_1_453' title='bbox 3031 1141 3309 1190; x_wconf 83' lang='lat' dir='ltr'><strong>universos</strong></span> 
     </span>
    </p>
   </div>
   <div class='ocr_carea' id='block_1_69' title="bbox 1761 1200 3197 1273">
    <p class='ocr_par' dir='ltr' id='par_1_69' title="bbox 1761 1200 3197 1273">
     <span class='ocr_line' id='line_1_71' title="bbox 1761 1200 3197 1273; baseline -0.006 -11"><span class='ocrx_word' id='word_1_454' title='bbox 1761 1210 1856 1262; x_wconf 89' lang='lat' dir='ltr'><strong>bas</strong></span> <span class='ocrx_word' id='word_1_455' title='bbox 1882 1208 2088 1261; x_wconf 87' lang='lat' dir='ltr'><strong>litteras</strong></span> <span class='ocrx_word' id='word_1_456' title='bbox 2113 1208 2443 1273; x_wconf 84' lang='lat' dir='ltr'><strong>inspecturos</strong></span> <span class='ocrx_word' id='word_1_457' title='bbox 2470 1206 2605 1256; x_wconf 85' lang='lat' dir='ltr'><strong>scire</strong></span> <span class='ocrx_word' id='word_1_458' title='bbox 2631 1203 2871 1255; x_wconf 87' lang='lat' dir='ltr'><strong>volumus</strong></span> <span class='ocrx_word' id='word_1_459' title='bbox 2900 1200 3197 1273; x_wconf 81' lang='lat' dir='ltr'><strong>manifeste.</strong></span> 
     </span>
    </p>
   </div>
   <div class='ocr_carea' id='block_1_70' title="bbox 1830 1271 3308 1343">
    <p class='ocr_par' dir='ltr' id='par_1_70' title="bbox 1830 1271 3308 1343">
     <span class='ocr_line' id='line_1_72' title="bbox 1830 1271 3308 1343; baseline -0.004 -13"><span class='ocrx_word' id='word_1_460' title='bbox 1830 1277 1981 1342; x_wconf 83' lang='lat' dir='ltr'><strong>Quod</strong></span> <span class='ocrx_word' id='word_1_461' title='bbox 2024 1271 2350 1343; x_wconf 73' lang='lat' dir='ltr'><strong>temporibus</strong></span> <span class='ocrx_word' id='word_1_462' title='bbox 2396 1274 2499 1323; x_wconf 90' lang='lat' dir='ltr'><strong>illis</strong></span> <span class='ocrx_word' id='word_1_463' title='bbox 2525 1311 2537 1332; x_wconf 95' lang='lat'><strong>,</strong></span> <span class='ocrx_word' id='word_1_464' title='bbox 2566 1273 2776 1343; x_wconf 74' lang='lat' dir='ltr'><strong>quibus</strong></span> <span class='ocrx_word' id='word_1_465' title='bbox 2800 1272 2890 1343; x_wconf 72' lang='lat' dir='ltr'><strong>_vir</strong></span> <span class='ocrx_word' id='word_1_466' title='bbox 2917 1271 3134 1343; x_wconf 79' lang='lat' dir='ltr'><strong>illustris</strong></span> <span class='ocrx_word' id='word_1_467' title='bbox 3165 1274 3308 1343; x_wconf 90' lang='lat' dir='ltr'><strong>bone</strong></span> 
     </span>
    </p>
   </div>
   <div class='ocr_carea' id='block_1_71' title="bbox 1761 1338 3307 1409">
    <p class='ocr_par' dir='ltr' id='par_1_71' title="bbox 1761 1338 3307 1409">
     <span class='ocr_line' id='line_1_73' title="bbox 1761 1338 3307 1409; baseline -0.004 -11"><span class='ocrx_word' id='word_1_468' title='bbox 1761 1338 2015 1398; x_wconf 81' lang='lat' dir='ltr'><strong>memorie</strong></span> <span class='ocrx_word' id='word_1_469' title='bbox 2042 1338 2150 1397; x_wconf 58' lang='lat' dir='ltr'><strong>dux&#39;</strong></span> <span class='ocrx_word' id='word_1_470' title='bbox 2174 1343 2445 1399; x_wconf 83' lang='lat' dir='ltr'><strong>Henricus,</strong></span> <span class='ocrx_word' id='word_1_471' title='bbox 2472 1341 2576 1409; x_wconf 34' lang='lat' dir='ltr'><strong>iqui</strong></span> <span class='ocrx_word' id='word_1_472' title='bbox 2623 1340 2746 1392; x_wconf 82' lang='lat' dir='ltr'><strong>licet</strong></span> <span class='ocrx_word' id='word_1_473' title='bbox 2780 1340 2845 1391; x_wconf 88' lang='lat' dir='ltr'><strong>de</strong></span> <span class='ocrx_word' id='word_1_474' title='bbox 2884 1355 3075 1409; x_wconf 79' lang='lat' dir='ltr'><strong>genere</strong></span> <span class='ocrx_word' id='word_1_475' title='bbox 3102 1338 3307 1403; x_wconf 82' lang='lat' dir='ltr'><strong>fuisset,</strong></span> 
     </span>
    </p>
   </div>
   <div class='ocr_carea' id='block_1_72' title="bbox 1762 1409 3309 1476">
    <p class='ocr_par' dir='ltr' id='par_1_72' title="bbox 1762 1409 3309 1476">
     <span class='ocr_line' id='line_1_74' title="bbox 1762 1409 3309 1476; baseline -0.003 -9"><span class='ocrx_word' id='word_1_476' title='bbox 1762 1415 2136 1469; x_wconf 82' lang='lat' dir='ltr'><strong>Alcmanorum</strong></span> <span class='ocrx_word' id='word_1_477' title='bbox 2162 1410 2323 1464; x_wconf 90' lang='lat' dir='ltr'><strong>nobili</strong></span> <span class='ocrx_word' id='word_1_478' title='bbox 2348 1410 2512 1476; x_wconf 75' lang='lat' dir='ltr'><strong>stirpe</strong></span> <span class='ocrx_word' id='word_1_479' title='bbox 2532 1409 2755 1475; x_wconf 85' lang='lat' dir='ltr'><strong>genitus,</strong></span> <span class='ocrx_word' id='word_1_480' title='bbox 2790 1416 2915 1476; x_wconf 85' lang='lat' dir='ltr'><strong>tunc</strong></span> <span class='ocrx_word' id='word_1_481' title='bbox 2939 1410 3189 1476; x_wconf 85' lang='lat' dir='ltr'><strong>temporis</strong></span> <span class='ocrx_word' id='word_1_482' title='bbox 3216 1410 3309 1462; x_wconf 90' lang='lat' dir='ltr'><strong>do-</strong></span> 
     </span>
    </p>
   </div>
   <div class='ocr_carea' id='block_1_73' title="bbox 1762 1475 3308 1547">
    <p class='ocr_par' dir='ltr' id='par_1_73' title="bbox 1762 1475 3308 1547">
     <span class='ocr_line' id='line_1_75' title="bbox 1762 1475 3308 1547; baseline -0.004 -12"><span class='ocrx_word' id='word_1_483' title='bbox 1762 1483 2063 1535; x_wconf 89' lang='lat' dir='ltr'><strong>minabatur</strong></span> <span class='ocrx_word' id='word_1_484' title='bbox 2091 1483 2144 1533; x_wconf 93' lang='lat' dir='ltr'><strong>in</strong></span> <span class='ocrx_word' id='word_1_485' title='bbox 2186 1479 2425 1547; x_wconf 89' lang='lat' dir='ltr'><strong>partibus</strong></span> <span class='ocrx_word' id='word_1_486' title='bbox 2452 1475 2569 1530; x_wconf 84' lang='lat' dir='ltr'><strong>istis</strong></span> <span class='ocrx_word' id='word_1_487' title='bbox 2592 1477 2737 1547; x_wconf 80' lang='lat' dir='ltr'><strong>circa</strong></span> <span class='ocrx_word' id='word_1_488' title='bbox 2780 1475 3056 1547; x_wconf 89' lang='lat' dir='ltr'><strong>Liquentie</strong></span> <span class='ocrx_word' id='word_1_489' title='bbox 3083 1475 3308 1547; x_wconf 87' lang='lat' dir='ltr'><strong>flumen,</strong></span> 
     </span>
    </p>
   </div>
   <div class='ocr_carea' id='block_1_74' title="bbox 1802 1544 3307 1603">
    <p class='ocr_par' dir='ltr' id='par_1_74' title="bbox 1802 1544 3307 1603">
     <span class='ocr_line' id='line_1_76' title="bbox 1802 1544 3307 1603; baseline -0.005 1"><span class='ocrx_word' id='word_1_490' title='bbox 1802 1567 1860 1603; x_wconf 89' lang='lat' dir='ltr'><strong>ro</strong></span> <span class='ocrx_word' id='word_1_491' title='bbox 1882 1551 2115 1603; x_wconf 90' lang='lat' dir='ltr'><strong>remedio</strong></span> <span class='ocrx_word' id='word_1_492' title='bbox 2142 1544 2315 1600; x_wconf 79' lang='lat' dir='ltr'><strong>anime</strong></span> <span class='ocrx_word' id='word_1_493' title='bbox 2343 1562 2436 1599; x_wconf 89' lang='lat' dir='ltr'><strong>sue</strong></span> <span class='ocrx_word' id='word_1_494' title='bbox 2489 1547 2539 1597; x_wconf 90' lang='lat' dir='ltr'><strong>in</strong></span> <span class='ocrx_word' id='word_1_495' title='bbox 2577 1544 2767 1597; x_wconf 84' lang='lat' dir='ltr'><strong>Saeillo</strong></span> <span class='ocrx_word' id='word_1_496' title='bbox 2796 1545 2859 1596; x_wconf 91' lang='lat' dir='ltr'><strong>ad</strong></span> <span class='ocrx_word' id='word_1_497' title='bbox 2891 1546 3141 1597; x_wconf 88' lang='lat' dir='ltr'><strong>honorem</strong></span> <span class='ocrx_word' id='word_1_498' title='bbox 3170 1546 3307 1600; x_wconf 85' lang='lat' dir='ltr'><strong>beati</strong></span> 
     </span>
    </p>
   </div>
   <div class='ocr_carea' id='block_1_75' title="bbox 1764 1611 3311 1686">
    <p class='ocr_par' dir='ltr' id='par_1_75' title="bbox 1764 1611 3311 1686">
     <span class='ocr_line' id='line_1_77' title="bbox 1764 1611 3311 1686; baseline -0.003 -15"><span class='ocrx_word' id='word_1_499' title='bbox 1764 1611 1991 1686; x_wconf 79' lang='lat' dir='ltr'><strong>Nycolay</strong></span> <span class='ocrx_word' id='word_1_500' title='bbox 2014 1617 2225 1686; x_wconf 86' lang='lat' dir='ltr'><strong>gloriosi</strong></span> <span class='ocrx_word' id='word_1_501' title='bbox 2254 1616 2573 1686; x_wconf 81' lang='lat' dir='ltr'><strong>confessoris</strong></span> <span class='ocrx_word' id='word_1_502' title='bbox 2594 1622 2647 1665; x_wconf 90' lang='lat' dir='ltr'><strong>et</strong></span> <span class='ocrx_word' id='word_1_503' title='bbox 2673 1614 2901 1686; x_wconf 75' lang='lat' dir='ltr'><strong>episcopi</strong></span> <span class='ocrx_word' id='word_1_504' title='bbox 2927 1611 3119 1686; x_wconf 70' lang='lat' dir='ltr'><strong>dictam</strong></span> <span class='ocrx_word' id='word_1_505' title='bbox 3144 1614 3311 1666; x_wconf 86' lang='lat' dir='ltr'><strong>eccle-</strong></span> 
     </span>
    </p>
   </div>
   <div class='ocr_carea' id='block_1_76' title="bbox 1764 1680 3307 1738">
    <p class='ocr_par' dir='ltr' id='par_1_76' title="bbox 1764 1680 3307 1738">
     <span class='ocr_line' id='line_1_78' title="bbox 1764 1680 3307 1738; baseline -0.003 -1"><span class='ocrx_word' id='word_1_506' title='bbox 1764 1680 1897 1738; x_wconf 78' lang='lat' dir='ltr'><strong>siam</strong></span> <span class='ocrx_word' id='word_1_507' title='bbox 1944 1680 2083 1737; x_wconf 60' lang='lat' dir='ltr'><strong>iittér</strong></span> <span class='ocrx_word' id='word_1_508' title='bbox 2111 1685 2243 1736; x_wconf 82' lang='lat' dir='ltr'><strong>lines</strong></span> <span class='ocrx_word' id='word_1_509' title='bbox 2281 1684 2509 1736; x_wconf 87' lang='lat' dir='ltr'><strong>diocesis</strong></span> <span class='ocrx_word' id='word_1_510' title='bbox 2532 1682 2905 1734; x_wconf 84' lang='lat' dir='ltr'><strong>Coneordiens.</strong></span> <span class='ocrx_word' id='word_1_511' title='bbox 2949 1690 3001 1733; x_wconf 90' lang='lat' dir='ltr'><strong>et</strong></span> <span class='ocrx_word' id='word_1_512' title='bbox 3028 1680 3307 1735; x_wconf 86' lang='lat' dir='ltr'><strong>Cenetens.</strong></span> 
     </span>
    </p>
   </div>
   <div class='ocr_carea' id='block_1_77' title="bbox 1766 1751 3313 1819">
    <p class='ocr_par' dir='ltr' id='par_1_77' title="bbox 1766 1751 3313 1819">
     <span class='ocr_line' id='line_1_79' title="bbox 1766 1751 3313 1819; baseline -0.001 -14"><span class='ocrx_word' id='word_1_513' title='bbox 1766 1754 2022 1815; x_wconf 81' lang='lat' dir='ltr'><strong>fundavit,</strong></span> <span class='ocrx_word' id='word_1_514' title='bbox 2052 1766 2272 1819; x_wconf 85' lang='lat' dir='ltr'><strong>sperans</strong></span> <span class='ocrx_word' id='word_1_515' title='bbox 2298 1751 2366 1803; x_wconf 91' lang='lat' dir='ltr'><strong>ibi</strong></span> <span class='ocrx_word' id='word_1_516' title='bbox 2404 1760 2528 1803; x_wconf 92' lang='lat' dir='ltr'><strong>tunc</strong></span> <span class='ocrx_word' id='word_1_517' title='bbox 2555 1760 2607 1803; x_wconf 91' lang='lat' dir='ltr'><strong>et</strong></span> <span class='ocrx_word' id='word_1_518' title='bbox 2634 1765 2734 1819; x_wconf 88' lang='lat' dir='ltr'><strong>per</strong></span> <span class='ocrx_word' id='word_1_519' title='bbox 2758 1752 3079 1817; x_wconf 88' lang='lat' dir='ltr'><strong>subsequens</strong></span> <span class='ocrx_word' id='word_1_520' title='bbox 3109 1759 3313 1818; x_wconf 86' lang='lat' dir='ltr'><strong>tempus</strong></span> 
     </span>
    </p>
   </div>
   <div class='ocr_carea' id='block_1_78' title="bbox 1697 1818 3310 1909">
    <p class='ocr_par' dir='ltr' id='par_1_78' title="bbox 1697 1818 3310 1909">
     <span class='ocr_line' id='line_1_80' title="bbox 1697 1818 3310 1909; baseline -0.002 -35"><span class='ocrx_word' id='word_1_521' title='bbox 1697 1854 1739 1909; x_wconf 68' lang='grc' dir='ltr'><em>Β</em></span> <span class='ocrx_word' id='word_1_522' title='bbox 1770 1818 2098 1909; x_wconf 49' lang='lat' dir='ltr'><strong>vitaleomite</strong></span> <span class='ocrx_word' id='word_1_523' title='bbox 2118 1822 2332 1889; x_wconf 83' lang='lat' dir='ltr'><strong>cpidum</strong></span> <span class='ocrx_word' id='word_1_524' title='bbox 2363 1834 2454 1909; x_wconf 76' lang='lat' dir='ltr'><strong>seu</strong></span> <span class='ocrx_word' id='word_1_525' title='bbox 2481 1818 3167 1909; x_wconf 35' lang='lat' dir='ltr'><strong>hinnitione‘mAeonstiueEe</strong></span> <span class='ocrx_word' id='word_1_526' title='bbox 3195 1819 3310 1909; x_wconf 70' lang='lat' dir='ltr'><strong>lao-</strong></span> 
     </span>
    </p>
   </div>
   <div class='ocr_carea' id='block_1_79' title="bbox 1768 1886 3316 1958">
    <p class='ocr_par' dir='ltr' id='par_1_79' title="bbox 1768 1886 3316 1958">
     <span class='ocr_line' id='line_1_81' title="bbox 1768 1886 3316 1958; baseline -0.001 -15"><span class='ocrx_word' id='word_1_527' title='bbox 1768 1892 2017 1951; x_wconf 88' lang='lat' dir='ltr'><strong>dabilem,</strong></span> <span class='ocrx_word' id='word_1_528' title='bbox 2066 1886 2184 1958; x_wconf 71' lang='lat' dir='ltr'><strong>qute</strong></span> <span class='ocrx_word' id='word_1_529' title='bbox 2212 1904 2307 1942; x_wconf 86' lang='lat' dir='ltr'><strong>suo</strong></span> <span class='ocrx_word' id='word_1_530' title='bbox 2354 1890 2551 1940; x_wconf 90' lang='lat' dir='ltr'><strong>nomini</strong></span> <span class='ocrx_word' id='word_1_531' title='bbox 2577 1887 2799 1956; x_wconf 79' lang='lat' dir='ltr'><strong>gloriam</strong></span> <span class='ocrx_word' id='word_1_532' title='bbox 2828 1895 2883 1938; x_wconf 89' lang='lat' dir='ltr'><strong>et</strong></span> <span class='ocrx_word' id='word_1_533' title='bbox 2927 1886 3316 1953; x_wconf 79' lang='lat' dir='ltr'><strong>magnificentie</strong></span> 
     </span>
    </p>
   </div>
   <div class='ocr_carea' id='block_1_80' title="bbox 1768 1959 2514 2013">
    <p class='ocr_par' dir='ltr' id='par_1_80' title="bbox 1768 1959 2514 2013">
     <span class='ocr_line' id='line_1_82' title="bbox 1768 1959 2514 2013; baseline -0.004 -2"><span class='ocrx_word' id='word_1_534' title='bbox 1768 1974 1859 2011; x_wconf 90' lang='lat' dir='ltr'><strong>sue</strong></span> <span class='ocrx_word' id='word_1_535' title='bbox 1882 1959 2089 2012; x_wconf 77' lang='lat' dir='ltr'><strong>retieret</strong></span> <span class='ocrx_word' id='word_1_536' title='bbox 2108 1960 2514 2013; x_wconf 90' lang='lat' dir='ltr'><strong>incrementum.</strong></span> 
     </span>
    </p>
   </div>
   <div class='ocr_carea' id='block_1_81' title="bbox 1837 2023 3316 2089">
    <p class='ocr_par' dir='ltr' id='par_1_81' title="bbox 1837 2023 3316 2089">
     <span class='ocr_line' id='line_1_83' title="bbox 1837 2023 3316 2089; baseline 0 -12"><span class='ocrx_word' id='word_1_537' title='bbox 1837 2027 1975 2079; x_wconf 86' lang='lat' dir='ltr'><strong>Idem</strong></span> <span class='ocrx_word' id='word_1_538' title='bbox 2017 2037 2139 2079; x_wconf 89' lang='lat' dir='ltr'><strong>tunc</strong></span> <span class='ocrx_word' id='word_1_539' title='bbox 2181 2042 2210 2077; x_wconf 88' lang='lat' dir='ltr'><strong>a</strong></span> <span class='ocrx_word' id='word_1_540' title='bbox 2243 2025 2476 2077; x_wconf 77' lang='lat' dir='ltr'><strong>Romana</strong></span> <span class='ocrx_word' id='word_1_541' title='bbox 2508 2025 2653 2077; x_wconf 85' lang='lat' dir='ltr'><strong>curia</strong></span> <span class='ocrx_word' id='word_1_542' title='bbox 2688 2023 2893 2075; x_wconf 87' lang='lat' dir='ltr'><strong>videtur</strong></span> <span class='ocrx_word' id='word_1_543' title='bbox 2918 2023 3207 2089; x_wconf 88' lang='lat' dir='ltr'><strong>optinuisse</strong></span> <span class='ocrx_word' id='word_1_544' title='bbox 3250 2024 3316 2078; x_wconf 83' lang='lat' dir='ltr'><strong>de</strong></span> 
     </span>
    </p>
   </div>
   <div class='ocr_carea' id='block_1_82' title="bbox 1768 2092 3314 2162">
    <p class='ocr_par' dir='ltr' id='par_1_82' title="bbox 1768 2092 3314 2162">
     <span class='ocr_line' id='line_1_84' title="bbox 1768 2092 3314 2162; baseline 0 -17"><span class='ocrx_word' id='word_1_545' title='bbox 1768 2096 1935 2161; x_wconf 87' lang='lat' dir='ltr'><strong>gratia</strong></span> <span class='ocrx_word' id='word_1_546' title='bbox 1977 2095 2191 2162; x_wconf 87' lang='lat' dir='ltr'><strong>speciali</strong></span> <span class='ocrx_word' id='word_1_547' title='bbox 2217 2094 2355 2145; x_wconf 90' lang='lat' dir='ltr'><strong>sicut</strong></span> <span class='ocrx_word' id='word_1_548' title='bbox 2394 2101 2538 2159; x_wconf 85' lang='lat' dir='ltr'><strong>patet</strong></span> <span class='ocrx_word' id='word_1_549' title='bbox 2562 2106 2656 2159; x_wconf 80' lang='lat' dir='ltr'><strong>per</strong></span> <span class='ocrx_word' id='word_1_550' title='bbox 2693 2092 3179 2162; x_wconf 8' lang='lat' dir='ltr'><strong>nostrajprivilegla</strong></span> <span class='ocrx_word' id='word_1_551' title='bbox 3221 2108 3314 2146; x_wconf 89' lang='lat' dir='ltr'><strong>su—</strong></span> 
     </span>
    </p>
   </div>
   <div class='ocr_carea' id='block_1_83' title="bbox 1767 2160 3317 2231">
    <p class='ocr_par' dir='ltr' id='par_1_83' title="bbox 1767 2160 3317 2231">
     <span class='ocr_line' id='line_1_85' title="bbox 1767 2160 3317 2231; baseline 0.001 -17"><span class='ocrx_word' id='word_1_552' title='bbox 1767 2160 2026 2231; x_wconf 73' lang='lat' dir='ltr'><strong>pradicta,</strong></span> <span class='ocrx_word' id='word_1_553' title='bbox 2062 2165 2201 2231; x_wconf 90' lang='lat' dir='ltr'><strong>quod</strong></span> <span class='ocrx_word' id='word_1_554' title='bbox 2228 2173 2331 2213; x_wconf 91' lang='lat' dir='ltr'><strong>non</strong></span> <span class='ocrx_word' id='word_1_555' title='bbox 2370 2162 2697 2231; x_wconf 80' lang='lat' dir='ltr'><strong>opstantibus</strong></span> <span class='ocrx_word' id='word_1_556' title='bbox 2737 2160 3023 2231; x_wconf 68' lang='lat' dir='ltr'><strong>privilegiis</strong></span> <span class='ocrx_word' id='word_1_557' title='bbox 3068 2160 3119 2214; x_wconf 84' lang='lat' dir='ltr'><strong>et</strong></span> <span class='ocrx_word' id='word_1_558' title='bbox 3156 2160 3317 2228; x_wconf 87' lang='lat' dir='ltr'><strong>juris-</strong></span> 
     </span>
    </p>
   </div>
   <div class='ocr_carea' id='block_1_84' title="bbox 1767 2227 3316 2294">
    <p class='ocr_par' dir='ltr' id='par_1_84' title="bbox 1767 2227 3316 2294">
     <span class='ocr_line' id='line_1_86' title="bbox 1767 2227 3316 2294; baseline 0.001 -12"><span class='ocrx_word' id='word_1_559' title='bbox 1767 2227 2095 2285; x_wconf 78' lang='lat' dir='ltr'><strong>dictionibus</strong></span> <span class='ocrx_word' id='word_1_560' title='bbox 2112 2231 2336 2283; x_wconf 87' lang='lat' dir='ltr'><strong>diocesis</strong></span> <span class='ocrx_word' id='word_1_561' title='bbox 2357 2228 2732 2283; x_wconf 84' lang='lat' dir='ltr'><strong>Concordiens.</strong></span> <span class='ocrx_word' id='word_1_562' title='bbox 2775 2238 2827 2281; x_wconf 90' lang='lat' dir='ltr'><strong>et</strong></span> <span class='ocrx_word' id='word_1_563' title='bbox 2848 2227 3316 2294; x_wconf 84' lang='lat' dir='ltr'><strong>Ceneteus.,dicta</strong></span> 
     </span>
    </p>
   </div>
   <div class='ocr_carea' id='block_1_85' title="bbox 1764 2296 3312 2366">
    <p class='ocr_par' dir='ltr' id='par_1_85' title="bbox 1764 2296 3312 2366">
     <span class='ocr_line' id='line_1_87' title="bbox 1764 2296 3312 2366; baseline 0 -15"><span class='ocrx_word' id='word_1_564' title='bbox 1764 2300 1987 2352; x_wconf 76' lang='lat' dir='ltr'><strong>ecclesia</strong></span> <span class='ocrx_word' id='word_1_565' title='bbox 2040 2301 2178 2352; x_wconf 88' lang='lat' dir='ltr'><strong>beati</strong></span> <span class='ocrx_word' id='word_1_566' title='bbox 2228 2298 2456 2366; x_wconf 80' lang='lat' dir='ltr'><strong>Nycolay</strong></span> <span class='ocrx_word' id='word_1_567' title='bbox 2510 2298 2574 2349; x_wconf 91' lang='lat' dir='ltr'><strong>de</strong></span> <span class='ocrx_word' id='word_1_568' title='bbox 2606 2296 2799 2349; x_wconf 84' lang='lat' dir='ltr'><strong>Saeillo</strong></span> <span class='ocrx_word' id='word_1_569' title='bbox 2845 2298 2911 2350; x_wconf 93' lang='lat' dir='ltr'><strong>sit</strong></span> <span class='ocrx_word' id='word_1_570' title='bbox 2962 2299 3312 2366; x_wconf 88' lang='lat' dir='ltr'><strong>baptismalis,</strong></span> 
     </span>
    </p>
   </div>
   <div class='ocr_carea' id='block_1_86' title="bbox 1770 2366 3317 2433">
    <p class='ocr_par' dir='ltr' id='par_1_86' title="bbox 1770 2366 3317 2433">
     <span class='ocr_line' id='line_1_88' title="bbox 1770 2366 3317 2433; baseline 0.001 -14"><span class='ocrx_word' id='word_1_571' title='bbox 1770 2368 2089 2420; x_wconf 87' lang='lat' dir='ltr'><strong>citniterium</strong></span> <span class='ocrx_word' id='word_1_572' title='bbox 2122 2369 2315 2420; x_wconf 85' lang='lat' dir='ltr'><strong>habeat</strong></span> <span class='ocrx_word' id='word_1_573' title='bbox 2337 2405 2353 2429; x_wconf 96' lang='lat'><strong>,</strong></span> <span class='ocrx_word' id='word_1_574' title='bbox 2400 2381 2461 2417; x_wconf 91' lang='lat' dir='ltr'><strong>ac</strong></span> <span class='ocrx_word' id='word_1_575' title='bbox 2488 2366 2738 2433; x_wconf 85' lang='lat' dir='ltr'><strong>populum</strong></span> <span class='ocrx_word' id='word_1_576' title='bbox 2770 2366 2871 2419; x_wconf 88' lang='lat' dir='ltr'><strong>sibi</strong></span> <span class='ocrx_word' id='word_1_577' title='bbox 2900 2366 3191 2433; x_wconf 85' lang='lat' dir='ltr'><strong>subjectum</strong></span> <span class='ocrx_word' id='word_1_578' title='bbox 3238 2369 3317 2420; x_wconf 90' lang='lat' dir='ltr'><strong>in—</strong></span> 
     </span>
    </p>
   </div>
   <div class='ocr_carea' id='block_1_87' title="bbox 1769 2434 3320 2501">
    <p class='ocr_par' dir='ltr' id='par_1_87' title="bbox 1769 2434 3320 2501">
     <span class='ocr_line' id='line_1_89' title="bbox 1769 2434 3320 2501; baseline 0.001 -14"><span class='ocrx_word' id='word_1_579' title='bbox 1769 2438 1933 2488; x_wconf 90' lang='lat' dir='ltr'><strong>terius</strong></span> <span class='ocrx_word' id='word_1_580' title='bbox 1980 2444 2033 2488; x_wconf 89' lang='lat' dir='ltr'><strong>et</strong></span> <span class='ocrx_word' id='word_1_581' title='bbox 2084 2434 2319 2488; x_wconf 79' lang='lat' dir='ltr'><strong>exterius</strong></span> <span class='ocrx_word' id='word_1_582' title='bbox 2365 2435 2548 2495; x_wconf 86' lang='lat' dir='ltr'><strong>libere,</strong></span> <span class='ocrx_word' id='word_1_583' title='bbox 2598 2443 2854 2501; x_wconf 85' lang='lat' dir='ltr'><strong>quantum</strong></span> <span class='ocrx_word' id='word_1_584' title='bbox 2902 2434 3219 2488; x_wconf 88' lang='lat' dir='ltr'><strong>munitiones</strong></span> <span class='ocrx_word' id='word_1_585' title='bbox 3266 2448 3320 2489; x_wconf 86' lang='lat' dir='ltr'><strong>et</strong></span> 
     </span>
    </p>
   </div>
   <div class='ocr_carea' id='block_1_88' title="bbox 1768 2501 3317 2571">
    <p class='ocr_par' dir='ltr' id='par_1_88' title="bbox 1768 2501 3317 2571">
     <span class='ocr_line' id='line_1_90' title="bbox 1768 2501 3317 2571; baseline 0.001 -16"><span class='ocrx_word' id='word_1_586' title='bbox 1768 2504 2002 2556; x_wconf 80' lang='lat' dir='ltr'><strong>claustra</strong></span> <span class='ocrx_word' id='word_1_587' title='bbox 2040 2504 2165 2557; x_wconf 88' lang='lat' dir='ltr'><strong>dicti</strong></span> <span class='ocrx_word' id='word_1_588' title='bbox 2194 2503 2293 2556; x_wconf 91' lang='lat' dir='ltr'><strong>loci</strong></span> <span class='ocrx_word' id='word_1_589' title='bbox 2318 2504 2382 2557; x_wconf 92' lang='lat' dir='ltr'><strong>de</strong></span> <span class='ocrx_word' id='word_1_590' title='bbox 2411 2501 2622 2564; x_wconf 83' lang='lat' dir='ltr'><strong>Saeillo,</strong></span> <span class='ocrx_word' id='word_1_591' title='bbox 2665 2514 2718 2555; x_wconf 90' lang='lat' dir='ltr'><strong>et</strong></span> <span class='ocrx_word' id='word_1_592' title='bbox 2743 2504 3072 2556; x_wconf 87' lang='lat' dir='ltr'><strong>circonstans</strong></span> <span class='ocrx_word' id='word_1_593' title='bbox 3096 2513 3149 2555; x_wconf 88' lang='lat' dir='ltr'><strong>et</strong></span> <span class='ocrx_word' id='word_1_594' title='bbox 3173 2505 3317 2571; x_wconf 83' lang='lat' dir='ltr'><strong>adja-</strong></span> 
     </span>
    </p>
   </div>
   <div class='ocr_carea' id='block_1_89' title="bbox 1768 2572 3319 2640">
    <p class='ocr_par' dir='ltr' id='par_1_89' title="bbox 1768 2572 3319 2640">
     <span class='ocr_line' id='line_1_91' title="bbox 1768 2572 3319 2640; baseline 0.002 -17"><span class='ocrx_word' id='word_1_595' title='bbox 1768 2588 1895 2625; x_wconf 90' lang='lat' dir='ltr'><strong>ceus</strong></span> <span class='ocrx_word' id='word_1_596' title='bbox 1933 2574 2163 2639; x_wconf 91' lang='lat' dir='ltr'><strong>undique</strong></span> <span class='ocrx_word' id='word_1_597' title='bbox 2204 2572 2324 2623; x_wconf 86' lang='lat' dir='ltr'><strong>villa</strong></span> <span class='ocrx_word' id='word_1_598' title='bbox 2374 2572 2473 2625; x_wconf 89' lang='lat' dir='ltr'><strong>sibi</strong></span> <span class='ocrx_word' id='word_1_599' title='bbox 2504 2580 2714 2639; x_wconf 84' lang='lat' dir='ltr'><strong>caperet</strong></span> <span class='ocrx_word' id='word_1_600' title='bbox 2744 2580 2868 2624; x_wconf 89' lang='lat' dir='ltr'><strong>tunc</strong></span> <span class='ocrx_word' id='word_1_601' title='bbox 2896 2580 2951 2624; x_wconf 89' lang='lat' dir='ltr'><strong>et</strong></span> <span class='ocrx_word' id='word_1_602' title='bbox 2998 2574 3319 2640; x_wconf 81' lang='lat' dir='ltr'><strong>temporibus</strong></span> 
     </span>
    </p>
   </div>
   <div class='ocr_carea' id='block_1_90' title="bbox 1770 2642 2282 2694">
    <p class='ocr_par' dir='ltr' id='par_1_90' title="bbox 1770 2642 2282 2694">
     <span class='ocr_line' id='line_1_92' title="bbox 1770 2642 2282 2694; baseline 0 -3"><span class='ocrx_word' id='word_1_603' title='bbox 1770 2642 2103 2694; x_wconf 85' lang='lat' dir='ltr'><strong>suecessivis.</strong></span> <span class='ocrx_word' id='word_1_604' title='bbox 2278 2682 2282 2685; x_wconf 92' lang='lat'><strong>.</strong></span> 
     </span>
    </p>
   </div>
   <div class='ocr_carea' id='block_1_91' title="bbox 1838 2706 3315 2777">
    <p class='ocr_par' dir='ltr' id='par_1_91' title="bbox 1838 2706 3315 2777">
     <span class='ocr_line' id='line_1_93' title="bbox 1838 2706 3315 2777; baseline 0 -17"><span class='ocrx_word' id='word_1_605' title='bbox 1838 2710 1913 2761; x_wconf 89' lang='lat' dir='ltr'><strong>lta</strong></span> <span class='ocrx_word' id='word_1_606' title='bbox 1942 2720 2114 2762; x_wconf 88' lang='lat' dir='ltr'><strong>tamen</strong></span> <span class='ocrx_word' id='word_1_607' title='bbox 2141 2710 2280 2777; x_wconf 88' lang='lat' dir='ltr'><strong>quod</strong></span> <span class='ocrx_word' id='word_1_608' title='bbox 2326 2708 2625 2777; x_wconf 86' lang='lat' dir='ltr'><strong>supradicte</strong></span> <span class='ocrx_word' id='word_1_609' title='bbox 2671 2708 2906 2762; x_wconf 87' lang='lat' dir='ltr'><strong>dioceses</strong></span> <span class='ocrx_word' id='word_1_610' title='bbox 2942 2706 3315 2762; x_wconf 82' lang='lat' dir='ltr'><strong>Coneordicns.</strong></span> 
     </span>
    </p>
   </div>
   <div class='ocr_carea' id='block_1_92' title="bbox 1768 2776 3319 2846">
    <p class='ocr_par' dir='ltr' id='par_1_92' title="bbox 1768 2776 3319 2846">
     <span class='ocr_line' id='line_1_94' title="bbox 1768 2776 3319 2846; baseline 0.002 -18"><span class='ocrx_word' id='word_1_611' title='bbox 1768 2786 1822 2828; x_wconf 86' lang='lat' dir='ltr'><strong>ct</strong></span> <span class='ocrx_word' id='word_1_612' title='bbox 1846 2777 2127 2831; x_wconf 88' lang='lat' dir='ltr'><strong>Ceuetens.</strong></span> <span class='ocrx_word' id='word_1_613' title='bbox 2158 2776 2267 2831; x_wconf 82' lang='lat' dir='ltr'><strong>non</strong></span> <span class='ocrx_word' id='word_1_614' title='bbox 2300 2776 2513 2830; x_wconf 87' lang='lat' dir='ltr'><strong>teneant</strong></span> <span class='ocrx_word' id='word_1_615' title='bbox 2554 2780 2602 2829; x_wconf 85' lang='lat' dir='ltr'><strong>in</strong></span> <span class='ocrx_word' id='word_1_616' title='bbox 2645 2776 2841 2846; x_wconf 89' lang='lat' dir='ltr'><strong>aliquo,</strong></span> <span class='ocrx_word' id='word_1_617' title='bbox 2875 2777 2964 2830; x_wconf 89' lang='lat' dir='ltr'><strong>sed</strong></span> <span class='ocrx_word' id='word_1_618' title='bbox 2999 2777 3065 2846; x_wconf 88' lang='lat' dir='ltr'><strong>ab</strong></span> <span class='ocrx_word' id='word_1_619' title='bbox 3094 2787 3319 2845; x_wconf 88' lang='lat' dir='ltr'><strong>utroque</strong></span> 
     </span>
    </p>
   </div>
   <div class='ocr_carea' id='block_1_93' title="bbox 1770 2845 3321 2915">
    <p class='ocr_par' dir='ltr' id='par_1_93' title="bbox 1770 2845 3321 2915">
     <span class='ocr_line' id='line_1_95' title="bbox 1770 2845 3321 2915; baseline 0.001 -19"><span class='ocrx_word' id='word_1_620' title='bbox 1770 2860 1985 2913; x_wconf 89' lang='lat' dir='ltr'><strong>prorsus</strong></span> <span class='ocrx_word' id='word_1_621' title='bbox 2022 2848 2325 2915; x_wconf 88' lang='lat' dir='ltr'><strong>episcopatu</strong></span> <span class='ocrx_word' id='word_1_622' title='bbox 2352 2860 2471 2915; x_wconf 85' lang='lat' dir='ltr'><strong>cum</strong></span> <span class='ocrx_word' id='word_1_623' title='bbox 2502 2845 2751 2915; x_wconf 79' lang='lat' dir='ltr'><strong>omnibus</strong></span> <span class='ocrx_word' id='word_1_624' title='bbox 2778 2845 2889 2899; x_wconf 87' lang='lat' dir='ltr'><strong>suis</strong></span> <span class='ocrx_word' id='word_1_625' title='bbox 2929 2845 3138 2915; x_wconf 76' lang='lat' dir='ltr'><strong>juribus</strong></span> <span class='ocrx_word' id='word_1_626' title='bbox 3162 2855 3321 2912; x_wconf 85' lang='lat' dir='ltr'><strong>atque</strong></span> 
     </span>
    </p>
   </div>
   <div class='ocr_carea' id='block_1_94' title="bbox 1770 2912 3316 2983">
    <p class='ocr_par' dir='ltr' id='par_1_94' title="bbox 1770 2912 3316 2983">
     <span class='ocr_line' id='line_1_96' title="bbox 1770 2912 3316 2983; baseline 0.001 -18"><span class='ocrx_word' id='word_1_627' title='bbox 1770 2912 2324 2983; x_wconf 38' lang='lat' dir='ltr'><strong>possessionibus&#39;ipsa</strong></span> <span class='ocrx_word' id='word_1_628' title='bbox 2362 2913 2582 2983; x_wconf 86' lang='lat' dir='ltr'><strong>ecclesia</strong></span> <span class='ocrx_word' id='word_1_629' title='bbox 2615 2914 2681 2965; x_wconf 81' lang='lat' dir='ltr'><strong>sit</strong></span> <span class='ocrx_word' id='word_1_630' title='bbox 2709 2912 2971 2981; x_wconf 79' lang='lat' dir='ltr'><strong>exempta.</strong></span> <span class='ocrx_word' id='word_1_631' title='bbox 3014 2912 3089 2965; x_wconf 88' lang='lat' dir='ltr'><strong>Ita</strong></span> <span class='ocrx_word' id='word_1_632' title='bbox 3133 2916 3316 2967; x_wconf 83' lang='lat' dir='ltr'><strong>eadem</strong></span> 
     </span>
    </p>
   </div>
   <div class='ocr_carea' id='block_1_95' title="bbox 1769 2981 3318 3049">
    <p class='ocr_par' dir='ltr' id='par_1_95' title="bbox 1769 2981 3318 3049">
     <span class='ocr_line' id='line_1_97' title="bbox 1769 2981 3318 3049; baseline 0.001 -16"><span class='ocrx_word' id='word_1_633' title='bbox 1769 2983 2040 3049; x_wconf 84' lang='lat' dir='ltr'><strong>privilegia</strong></span> <span class='ocrx_word' id='word_1_634' title='bbox 2071 2981 2250 3037; x_wconf 77' lang='lat' dir='ltr'><strong>nostra</strong></span> <span class='ocrx_word' id='word_1_635' title='bbox 2293 2982 2475 3035; x_wconf 89' lang='lat' dir='ltr'><strong>testari</strong></span> <span class='ocrx_word' id='word_1_636' title='bbox 2518 2981 2795 3034; x_wconf 89' lang='lat' dir='ltr'><strong>videntur:</strong></span> <span class='ocrx_word' id='word_1_637' title='bbox 2831 2991 2885 3035; x_wconf 92' lang='lat' dir='ltr'><strong>et</strong></span> <span class='ocrx_word' id='word_1_638' title='bbox 2908 2990 3154 3035; x_wconf 85' lang='lat' dir='ltr'><strong>asserunt</strong></span> <span class='ocrx_word' id='word_1_639' title='bbox 3180 2984 3318 3049; x_wconf 88' lang='lat' dir='ltr'><strong>quod</strong></span> 
     </span>
    </p>
   </div>
   <div class='ocr_carea' id='block_1_96' title="bbox 1771 3050 3322 3105">
    <p class='ocr_par' dir='ltr' id='par_1_96' title="bbox 1771 3050 3322 3105">
     <span class='ocr_line' id='line_1_98' title="bbox 1771 3050 3322 3105; baseline 0.001 -3"><span class='ocrx_word' id='word_1_640' title='bbox 1771 3065 1891 3102; x_wconf 90' lang='lat' dir='ltr'><strong>eum</strong></span> <span class='ocrx_word' id='word_1_641' title='bbox 1918 3052 2057 3103; x_wconf 84' lang='lat' dir='ltr'><strong>idem</strong></span> <span class='ocrx_word' id='word_1_642' title='bbox 2084 3054 2163 3104; x_wconf 87' lang='lat' dir='ltr'><strong>vir</strong></span> <span class='ocrx_word' id='word_1_643' title='bbox 2185 3052 2493 3105; x_wconf 71' lang='lat' dir='ltr'><strong>rnaanilicus</strong></span> <span class='ocrx_word' id='word_1_644' title='bbox 2518 3051 2619 3102; x_wconf 74' lang='lat' dir='ltr'><strong>dux</strong></span> <span class='ocrx_word' id='word_1_645' title='bbox 2646 3050 2867 3105; x_wconf 83' lang='lat' dir='ltr'><strong>Enrieus</strong></span> <span class='ocrx_word' id='word_1_646' title='bbox 2894 3050 3131 3103; x_wconf 77' lang='lat' dir='ltr'><strong>fundavit</strong></span> <span class='ocrx_word' id='word_1_647' title='bbox 3154 3050 3322 3104; x_wconf 75' lang='lat' dir='ltr'><strong>eccle-</strong></span> 
     </span>
    </p>
   </div>
   <div class='ocr_carea' id='block_1_97' title="bbox 1772 3118 3321 3189">
    <p class='ocr_par' dir='ltr' id='par_1_97' title="bbox 1772 3118 3321 3189">
     <span class='ocr_line' id='line_1_99' title="bbox 1772 3118 3321 3189; baseline 0 -18"><span class='ocrx_word' id='word_1_648' title='bbox 1772 3120 1904 3189; x_wconf 85' lang='lat' dir='ltr'><strong>siam</strong></span> <span class='ocrx_word' id='word_1_649' title='bbox 1934 3121 2103 3172; x_wconf 89' lang='lat' dir='ltr'><strong>sancti</strong></span> <span class='ocrx_word' id='word_1_650' title='bbox 2128 3118 2355 3189; x_wconf 79' lang='lat' dir='ltr'><strong>Nyeolay</strong></span> <span class='ocrx_word' id='word_1_651' title='bbox 2384 3122 2447 3173; x_wconf 89' lang='lat' dir='ltr'><strong>de</strong></span> <span class='ocrx_word' id='word_1_652' title='bbox 2465 3118 2660 3172; x_wconf 89' lang='lat' dir='ltr'><strong>Saeillo</strong></span> <span class='ocrx_word' id='word_1_653' title='bbox 2685 3120 2997 3189; x_wconf 84' lang='lat' dir='ltr'><strong>predictam,</strong></span> <span class='ocrx_word' id='word_1_654' title='bbox 3015 3128 3144 3189; x_wconf 87' lang='lat' dir='ltr'><strong>tunc</strong></span> <span class='ocrx_word' id='word_1_655' title='bbox 3161 3120 3213 3171; x_wconf 87' lang='lat' dir='ltr'><strong>in</strong></span> <span class='ocrx_word' id='word_1_656' title='bbox 3240 3134 3321 3172; x_wconf 92' lang='lat' dir='ltr'><strong>re-</strong></span> 
     </span>
    </p>
   </div>
   <div class='ocr_carea' id='block_1_98' title="bbox 1773 3188 3321 3257">
    <p class='ocr_par' dir='ltr' id='par_1_98' title="bbox 1773 3188 3321 3257">
     <span class='ocr_line' id='line_1_100' title="bbox 1773 3188 3321 3257; baseline 0.002 -19"><span class='ocrx_word' id='word_1_657' title='bbox 1773 3188 2404 3257; x_wconf 84' lang='lat' dir='ltr'><strong>missionepeceatorum</strong></span> <span class='ocrx_word' id='word_1_658' title='bbox 2444 3201 2659 3257; x_wconf 89' lang='lat' dir='ltr'><strong>suorum</strong></span> <span class='ocrx_word' id='word_1_659' title='bbox 2689 3190 2736 3239; x_wconf 93' lang='lat' dir='ltr'><strong>ei</strong></span> <span class='ocrx_word' id='word_1_660' title='bbox 2783 3188 2954 3257; x_wconf 83' lang='lat' dir='ltr'><strong>dedit,</strong></span> <span class='ocrx_word' id='word_1_661' title='bbox 2996 3188 3232 3249; x_wconf 87' lang='lat' dir='ltr'><strong>donavit,</strong></span> <span class='ocrx_word' id='word_1_662' title='bbox 3267 3199 3321 3241; x_wconf 89' lang='lat' dir='ltr'><strong>et</strong></span> 
     </span>
    </p>
   </div>
   <div class='ocr_carea' id='block_1_99' title="bbox 1769 3254 3321 3324">
    <p class='ocr_par' dir='ltr' id='par_1_99' title="bbox 1769 3254 3321 3324">
     <span class='ocr_line' id='line_1_101' title="bbox 1769 3254 3321 3324; baseline 0.002 -17"><span class='ocrx_word' id='word_1_663' title='bbox 1769 3254 1992 3309; x_wconf 82' lang='lat' dir='ltr'><strong>contulit</strong></span> <span class='ocrx_word' id='word_1_664' title='bbox 2018 3254 2183 3310; x_wconf 80' lang='lat' dir='ltr'><strong>libere</strong></span> <span class='ocrx_word' id='word_1_665' title='bbox 2210 3257 2453 3324; x_wconf 88' lang='lat' dir='ltr'><strong>predium</strong></span> <span class='ocrx_word' id='word_1_666' title='bbox 2480 3256 2743 3323; x_wconf 87' lang='lat' dir='ltr'><strong>quoddam</strong></span> <span class='ocrx_word' id='word_1_667' title='bbox 2778 3256 2842 3309; x_wconf 88' lang='lat' dir='ltr'><strong>ad</strong></span> <span class='ocrx_word' id='word_1_668' title='bbox 2870 3255 3026 3308; x_wconf 89' lang='lat' dir='ltr'><strong>trium</strong></span> <span class='ocrx_word' id='word_1_669' title='bbox 3055 3257 3321 3322; x_wconf 82' lang='lat' dir='ltr'><strong>quantita-</strong></span> 
     </span>
    </p>
   </div>
   <div class='ocr_carea' id='block_1_100' title="bbox 1772 3325 3323 3394">
    <p class='ocr_par' dir='ltr' id='par_1_100' title="bbox 1772 3325 3323 3394">
     <span class='ocr_line' id='line_1_102' title="bbox 1772 3325 3323 3394; baseline 0.001 -19"><span class='ocrx_word' id='word_1_670' title='bbox 1772 3331 1874 3394; x_wconf 81' lang='lat' dir='ltr'><strong>tem</strong></span> <span class='ocrx_word' id='word_1_671' title='bbox 1910 3339 2179 3394; x_wconf 80' lang='lat' dir='ltr'><strong>agrorum,</strong></span> <span class='ocrx_word' id='word_1_672' title='bbox 2226 3327 2279 3377; x_wconf 93' lang='lat' dir='ltr'><strong>in</strong></span> <span class='ocrx_word' id='word_1_673' title='bbox 2306 3340 2411 3391; x_wconf 83' lang='lat' dir='ltr'><strong>quo</strong></span> <span class='ocrx_word' id='word_1_674' title='bbox 2448 3325 2743 3394; x_wconf 79' lang='lat' dir='ltr'><strong>construxit</strong></span> <span class='ocrx_word' id='word_1_675' title='bbox 2769 3325 3007 3394; x_wconf 83' lang='lat' dir='ltr'><strong>eamdem</strong></span> <span class='ocrx_word' id='word_1_676' title='bbox 3042 3337 3162 3378; x_wconf 88' lang='lat' dir='ltr'><strong>cum</strong></span> <span class='ocrx_word' id='word_1_677' title='bbox 3184 3340 3323 3394; x_wconf 84' lang='lat' dir='ltr'><strong>quo-</strong></span> 
     </span>
    </p>
   </div>
   <div class='ocr_carea' id='block_1_101' title="bbox 1770 3388 3319 3471">
    <p class='ocr_par' dir='ltr' id='par_1_101' title="bbox 1770 3388 3319 3471">
     <span class='ocr_line' id='line_1_103' title="bbox 1770 3388 3319 3471; baseline 0.003 -30"><span class='ocrx_word' id='word_1_678' title='bbox 1770 3392 1887 3471; x_wconf 71' lang='lat' dir='ltr'><strong>dam</strong></span> <span class='ocrx_word' id='word_1_679' title='bbox 1916 3388 2182 3471; x_wconf 67' lang='lat' dir='ltr'><strong>territorio</strong></span> <span class='ocrx_word' id='word_1_680' title='bbox 2207 3388 2489 3471; x_wconf 46' lang='lat' dir='ltr'><strong>non—iunge</strong></span> <span class='ocrx_word' id='word_1_681' title='bbox 2517 3391 2736 3471; x_wconf 70' lang='lat' dir='ltr'><strong>multum</strong></span> <span class='ocrx_word' id='word_1_682' title='bbox 2762 3392 2828 3444; x_wconf 89' lang='lat' dir='ltr'><strong>ab</strong></span> <span class='ocrx_word' id='word_1_683' title='bbox 2856 3392 2963 3471; x_wconf 75' lang='lat' dir='ltr'><strong>ipsa</strong></span> <span class='ocrx_word' id='word_1_684' title='bbox 2974 3388 3124 3470; x_wconf 78' lang='lat' dir='ltr'><strong>juxta</strong></span> <span class='ocrx_word' id='word_1_685' title='bbox 3151 3388 3319 3471; x_wconf 64' lang='lat' dir='ltr'><strong>ripam</strong></span> 
     </span>
    </p>
   </div>
   <div class='ocr_carea' id='block_1_102' title="bbox 1769 3459 3320 3527">
    <p class='ocr_par' dir='ltr' id='par_1_102' title="bbox 1769 3459 3320 3527">
     <span class='ocr_line' id='line_1_104' title="bbox 1769 3459 3320 3527; baseline 0.003 -17"><span class='ocrx_word' id='word_1_686' title='bbox 1769 3459 2064 3527; x_wconf 86' lang='lat' dir='ltr'><strong>Liquentie,</strong></span> <span class='ocrx_word' id='word_1_687' title='bbox 2096 3463 2250 3515; x_wconf 90' lang='lat' dir='ltr'><strong>simul</strong></span> <span class='ocrx_word' id='word_1_688' title='bbox 2278 3476 2395 3512; x_wconf 89' lang='lat' dir='ltr'><strong>eum</strong></span> <span class='ocrx_word' id='word_1_689' title='bbox 2418 3460 2700 3527; x_wconf 90' lang='lat' dir='ltr'><strong>quartesiis</strong></span> <span class='ocrx_word' id='word_1_690' title='bbox 2726 3460 2989 3522; x_wconf 88' lang='lat' dir='ltr'><strong>omnibus,</strong></span> <span class='ocrx_word' id='word_1_691' title='bbox 3022 3460 3109 3527; x_wconf 87' lang='lat' dir='ltr'><strong>qui</strong></span> <span class='ocrx_word' id='word_1_692' title='bbox 3133 3459 3320 3514; x_wconf 86' lang='lat' dir='ltr'><strong>deinde</strong></span> 
     </span>
    </p>
   </div>
   <div class='ocr_carea' id='block_1_103' title="bbox 1770 3527 3319 3597">
    <p class='ocr_par' dir='ltr' id='par_1_103' title="bbox 1770 3527 3319 3597">
     <span class='ocr_line' id='line_1_105' title="bbox 1770 3527 3319 3597; baseline 0.001 -18"><span class='ocrx_word' id='word_1_693' title='bbox 1770 3544 1864 3594; x_wconf 88' lang='lat' dir='ltr'><strong>per</strong></span> <span class='ocrx_word' id='word_1_694' title='bbox 1907 3529 2278 3597; x_wconf 87' lang='lat' dir='ltr'><strong>subsequentia</strong></span> <span class='ocrx_word' id='word_1_695' title='bbox 2327 3537 2562 3595; x_wconf 88' lang='lat' dir='ltr'><strong>tempora</strong></span> <span class='ocrx_word' id='word_1_696' title='bbox 2615 3527 2682 3597; x_wconf 85' lang='lat' dir='ltr'><strong>de</strong></span> <span class='ocrx_word' id='word_1_697' title='bbox 2733 3528 3005 3597; x_wconf 85' lang='lat' dir='ltr'><strong>novalibus</strong></span> <span class='ocrx_word' id='word_1_698' title='bbox 3054 3537 3319 3582; x_wconf 84' lang='lat' dir='ltr'><strong>certorum</strong></span> 
     </span>
    </p>
   </div>
   <div class='ocr_carea' id='block_1_104' title="bbox 1771 3596 3321 3658">
    <p class='ocr_par' dir='ltr' id='par_1_104' title="bbox 1771 3596 3321 3658">
     <span class='ocr_line' id='line_1_106' title="bbox 1771 3596 3321 3658; baseline 0.004 -12"><span class='ocrx_word' id='word_1_699' title='bbox 1771 3612 2064 3657; x_wconf 85' lang='lat' dir='ltr'><strong>nemorum,</strong></span> <span class='ocrx_word' id='word_1_700' title='bbox 2097 3608 2151 3652; x_wconf 91' lang='lat' dir='ltr'><strong>et</strong></span> <span class='ocrx_word' id='word_1_701' title='bbox 2176 3600 2293 3651; x_wconf 89' lang='lat' dir='ltr'><strong>aliis</strong></span> <span class='ocrx_word' id='word_1_702' title='bbox 2310 3598 2467 3649; x_wconf 89' lang='lat' dir='ltr'><strong>terris</strong></span> <span class='ocrx_word' id='word_1_703' title='bbox 2493 3596 2715 3649; x_wconf 74' lang='lat' dir='ltr'><strong>excultis</strong></span> <span class='ocrx_word' id='word_1_704' title='bbox 2742 3606 2795 3649; x_wconf 92' lang='lat' dir='ltr'><strong>et</strong></span> <span class='ocrx_word' id='word_1_705' title='bbox 2819 3596 3071 3651; x_wconf 82' lang='lat' dir='ltr'><strong>laboratis</strong></span> <span class='ocrx_word' id='word_1_706' title='bbox 3096 3598 3159 3658; x_wconf 83' lang='lat' dir='ltr'><strong>de</strong></span> <span class='ocrx_word' id='word_1_707' title='bbox 3186 3610 3321 3652; x_wconf 82' lang='lat' dir='ltr'><strong>novo</strong></span> 
     </span>
    </p>
   </div>
   <div class='ocr_carea' id='block_1_105' title="bbox 1772 3664 3318 3782">
    <p class='ocr_par' dir='ltr' id='par_1_105' title="bbox 1772 3664 3318 3782">
     <span class='ocr_line' id='line_1_107' title="bbox 1772 3664 3318 3782; baseline 0.003 -68"><span class='ocrx_word' id='word_1_708' title='bbox 1772 3664 1822 3782; x_wconf 53' lang='lat' dir='ltr'><strong>in</strong></span> <span class='ocrx_word' id='word_1_709' title='bbox 1864 3664 2092 3782; x_wconf 49' lang='lat' dir='ltr'><strong>confliuio</strong></span> <span class='ocrx_word' id='word_1_710' title='bbox 2136 3677 2188 3721; x_wconf 90' lang='lat' dir='ltr'><strong>et</strong></span> <span class='ocrx_word' id='word_1_711' title='bbox 2226 3666 2464 3720; x_wconf 82' lang='lat' dir='ltr'><strong>districta</strong></span> <span class='ocrx_word' id='word_1_712' title='bbox 2509 3664 2685 3718; x_wconf 88' lang='lat' dir='ltr'><strong>Sacilli</strong></span> <span class='ocrx_word' id='word_1_713' title='bbox 2714 3666 3051 3733; x_wconf 87' lang='lat' dir='ltr'><strong>provenerint</strong></span> <span class='ocrx_word' id='word_1_714' title='bbox 3096 3664 3318 3727; x_wconf 83' lang='lat' dir='ltr'><strong>Domino</strong></span> 
     </span>
     <span class='ocr_line' id='line_1_108' title="bbox 1792 3747 2047 3782; baseline 0 0"><span class='ocrx_word' id='word_1_715' title='bbox 1792 3747 1972 3782; x_wconf 73' lang='lat' dir='ltr'><strong>armen</strong></span> <span class='ocrx_word' id='word_1_716' title='bbox 1999 3749 2047 3782; x_wconf 79' lang='grc' dir='ltr'><strong>Θ.</strong></span> 
     </span>
    </p>
   </div>
   <div class='ocr_carea' id='block_1_106' title="bbox 1792 3734 2047 3785">
    <p class='ocr_par' dir='ltr' id='par_1_106' title="bbox 1792 3734 2047 3785">
     <span class='ocr_line' id='line_1_109' title="bbox 1792 3734 2047 3785; baseline 0.004 -2"><span class='ocrx_word' id='word_1_717' title='bbox 1792 3734 2047 3785; x_wconf 69' lang='lat' dir='ltr'><strong>araiente.</strong></span> 
     </span>
    </p>
   </div>
   <div class='ocr_carea' id='block_1_107' title="bbox 1838 3748 3320 3871">
    <p class='ocr_par' dir='ltr' id='par_1_107' title="bbox 1838 3748 3320 3871">
     <span class='ocr_line' id='line_1_110' title="bbox 1838 3748 2047 3785; baseline 0.014 -4"><span class='ocrx_word' id='word_1_718' title='bbox 1838 3749 1852 3781; x_wconf 61' lang='grc' dir='ltr'>π</span> <span class='ocrx_word' id='word_1_719' title='bbox 1891 3748 2047 3785; x_wconf 81' lang='lat' dir='ltr'><strong>teme.</strong></span> 
     </span>
     <span class='ocr_line' id='line_1_111' title="bbox 1838 3748 3320 3871; baseline 0.001 -20"><span class='ocrx_word' id='word_1_720' title='bbox 1838 3748 1964 3871; x_wconf 42' lang='lat' dir='ltr'><strong>iam</strong></span> <span class='ocrx_word' id='word_1_721' title='bbox 1996 3796 2258 3867; x_wconf 84' lang='lat' dir='ltr'><strong>quoddam</strong></span> <span class='ocrx_word' id='word_1_722' title='bbox 2291 3801 2629 3871; x_wconf 84' lang='lat' dir='ltr'><strong>terratorium</strong></span> <span class='ocrx_word' id='word_1_723' title='bbox 2664 3815 2849 3854; x_wconf 87' lang='lat' dir='ltr'><strong>versus</strong></span> <span class='ocrx_word' id='word_1_724' title='bbox 2880 3811 3083 3871; x_wconf 86' lang='lat' dir='ltr'><strong>montes</strong></span> <span class='ocrx_word' id='word_1_725' title='bbox 3110 3817 3138 3853; x_wconf 86' lang='lat' dir='ltr'><strong>a</strong></span> <span class='ocrx_word' id='word_1_726' title='bbox 3168 3812 3320 3871; x_wconf 78' lang='lat' dir='ltr'><strong>parte</strong></span> 
     </span>
    </p>
   </div>
   <div class='ocr_carea' id='block_1_108' title="bbox 1771 3868 3320 3938">
    <p class='ocr_par' dir='ltr' id='par_1_108' title="bbox 1771 3868 3320 3938">
     <span class='ocr_line' id='line_1_112' title="bbox 1771 3868 3320 3938; baseline 0.003 -19"><span class='ocrx_word' id='word_1_727' title='bbox 1771 3868 2027 3935; x_wconf 87' lang='lat' dir='ltr'><strong>superiori</strong></span> <span class='ocrx_word' id='word_1_728' title='bbox 2071 3869 2431 3938; x_wconf 79' lang='lat' dir='ltr'><strong>properivutn</strong></span> <span class='ocrx_word' id='word_1_729' title='bbox 2462 3871 2600 3936; x_wconf 83' lang='lat' dir='ltr'><strong>quod</strong></span> <span class='ocrx_word' id='word_1_730' title='bbox 2626 3870 2917 3938; x_wconf 87' lang='lat' dir='ltr'><strong>appellatur</strong></span> <span class='ocrx_word' id='word_1_731' title='bbox 2942 3870 3149 3929; x_wconf 55' lang='lat' dir='ltr'><strong>Ortale.</strong></span> <span class='ocrx_word' id='word_1_732' title='bbox 3169 3868 3320 3924; x_wconf 57' lang='lat' dir='ltr'><strong>&#39;ltem</strong></span> 
     </span>
    </p>
   </div>
   <div class='ocr_carea' id='block_1_109' title="bbox 1770 3935 3320 4018">
    <p class='ocr_par' dir='ltr' id='par_1_109' title="bbox 1770 3935 3320 4018">
     <span class='ocr_line' id='line_1_113' title="bbox 1770 3935 3320 4018; baseline 0.005 -33"><span class='ocrx_word' id='word_1_733' title='bbox 1770 3939 1993 4013; x_wconf 79' lang='lat' dir='ltr'><strong>quedam</strong></span> <span class='ocrx_word' id='word_1_734' title='bbox 2022 3935 2217 4018; x_wconf 38' lang='lat' dir='ltr'><strong>predia‘</strong></span> <span class='ocrx_word' id='word_1_735' title='bbox 2242 3936 2291 4018; x_wconf 67' lang='lat' dir='ltr'><strong>in</strong></span> <span class='ocrx_word' id='word_1_736' title='bbox 2333 3938 2450 4018; x_wconf 75' lang='lat' dir='ltr'><strong>loco</strong></span> <span class='ocrx_word' id='word_1_737' title='bbox 2482 3935 2580 4018; x_wconf 76' lang='lat' dir='ltr'><strong>qui</strong></span> <span class='ocrx_word' id='word_1_738' title='bbox 2622 3935 2814 3991; x_wconf 76' lang='lat' dir='ltr'><strong>dicitur</strong></span> <span class='ocrx_word' id='word_1_739' title='bbox 2844 3938 3159 4018; x_wconf 31' lang='lat' dir='ltr'><strong>‘Viganorum</strong></span> <span class='ocrx_word' id='word_1_740' title='bbox 3182 3948 3241 4018; x_wconf 41' lang='lat' dir='ltr'><strong>.et</strong></span> <span class='ocrx_word' id='word_1_741' title='bbox 3269 3942 3320 3993; x_wconf 90' lang='lat' dir='ltr'><strong>in</strong></span> 
     </span>
    </p>
   </div>
   <div class='ocr_carea' id='block_1_110' title="bbox 1774 4004 3319 4074">
    <p class='ocr_par' dir='ltr' id='par_1_110' title="bbox 1774 4004 3319 4074">
     <span class='ocr_line' id='line_1_114' title="bbox 1774 4004 3319 4074; baseline 0.005 -21"><span class='ocrx_word' id='word_1_742' title='bbox 1774 4004 1887 4074; x_wconf 65' lang='lat' dir='ltr'><strong>ejus</strong></span> <span class='ocrx_word' id='word_1_743' title='bbox 1915 4004 2143 4074; x_wconf 66' lang='lat' dir='ltr'><strong>confinio</strong></span> <span class='ocrx_word' id='word_1_744' title='bbox 2172 4012 2223 4053; x_wconf 90' lang='lat' dir='ltr'><strong>et</strong></span> <span class='ocrx_word' id='word_1_745' title='bbox 2245 4006 2505 4057; x_wconf 89' lang='lat' dir='ltr'><strong>districtu.</strong></span> <span class='ocrx_word' id='word_1_746' title='bbox 2536 4007 2663 4074; x_wconf 85' lang='lat' dir='ltr'><strong>Item</strong></span> <span class='ocrx_word' id='word_1_747' title='bbox 2692 4020 2719 4056; x_wconf 93' lang='lat' dir='ltr'><strong>a</strong></span> <span class='ocrx_word' id='word_1_748' title='bbox 2743 4014 2890 4073; x_wconf 90' lang='lat' dir='ltr'><strong>parte</strong></span> <span class='ocrx_word' id='word_1_749' title='bbox 2921 4004 3154 4059; x_wconf 89' lang='lat' dir='ltr'><strong>inferiori</strong></span> <span class='ocrx_word' id='word_1_750' title='bbox 3174 4008 3319 4074; x_wconf 87' lang='lat' dir='ltr'><strong>justa</strong></span> 
     </span>
    </p>
   </div>
   <div class='ocr_carea' id='block_1_111' title="bbox 1772 4071 3316 4140">
    <p class='ocr_par' dir='ltr' id='par_1_111' title="bbox 1772 4071 3316 4140">
     <span class='ocr_line' id='line_1_115' title="bbox 1772 4071 3316 4140; baseline 0.003 -17"><span class='ocrx_word' id='word_1_751' title='bbox 1772 4072 2047 4135; x_wconf 83' lang='lat' dir='ltr'><strong>Liquentie</strong></span> <span class='ocrx_word' id='word_1_752' title='bbox 2075 4071 2264 4123; x_wconf 77' lang='lat' dir='ltr'><strong>flumen</strong></span> <span class='ocrx_word' id='word_1_753' title='bbox 2296 4089 2390 4140; x_wconf 90' lang='lat' dir='ltr'><strong>per</strong></span> <span class='ocrx_word' id='word_1_754' title='bbox 2429 4074 2557 4126; x_wconf 88' lang='lat' dir='ltr'><strong>duas</strong></span> <span class='ocrx_word' id='word_1_755' title='bbox 2581 4071 2819 4139; x_wconf 72' lang='lat' dir='ltr'><strong>Leguvas</strong></span> <span class='ocrx_word' id='word_1_756' title='bbox 2844 4075 2911 4127; x_wconf 85' lang='lat' dir='ltr'><strong>ab</strong></span> <span class='ocrx_word' id='word_1_757' title='bbox 2933 4074 3116 4128; x_wconf 80' lang='lat' dir='ltr'><strong>eadem</strong></span> <span class='ocrx_word' id='word_1_758' title='bbox 3144 4071 3316 4128; x_wconf 82' lang='lat' dir='ltr'><strong>eccle-</strong></span> 
     </span>
    </p>
   </div>
   <div class='ocr_carea' id='block_1_112' title="bbox 1772 4140 3317 4206">
    <p class='ocr_par' dir='ltr' id='par_1_112' title="bbox 1772 4140 3317 4206">
     <span class='ocr_line' id='line_1_116' title="bbox 1772 4140 3317 4206; baseline 0.003 -13"><span class='ocrx_word' id='word_1_759' title='bbox 1772 4141 1846 4193; x_wconf 87' lang='lat' dir='ltr'><strong>sia</strong></span> <span class='ocrx_word' id='word_1_760' title='bbox 1893 4140 2155 4206; x_wconf 86' lang='lat' dir='ltr'><strong>quoddam</strong></span> <span class='ocrx_word' id='word_1_761' title='bbox 2196 4140 2334 4192; x_wconf 88' lang='lat' dir='ltr'><strong>aliud</strong></span> <span class='ocrx_word' id='word_1_762' title='bbox 2376 4143 2711 4194; x_wconf 68' lang='lat' dir='ltr'><strong>terraturium</strong></span> <span class='ocrx_word' id='word_1_763' title='bbox 2763 4143 2860 4196; x_wconf 73' lang='lat' dir='ltr'><strong>siti</strong></span> <span class='ocrx_word' id='word_1_764' title='bbox 2887 4143 3048 4199; x_wconf 82' lang='lat' dir='ltr'><strong>dedit.</strong></span> <span class='ocrx_word' id='word_1_765' title='bbox 3094 4142 3219 4203; x_wconf 67' lang='lat' dir='ltr'><strong>Item</strong></span> <span class='ocrx_word' id='word_1_766' title='bbox 3264 4144 3317 4197; x_wconf 91' lang='lat' dir='ltr'><strong>in</strong></span> 
     </span>
    </p>
   </div>
   <div class='ocr_carea' id='block_1_113' title="bbox 1772 4208 3351 4277">
    <p class='ocr_par' dir='ltr' id='par_1_113' title="bbox 1772 4208 3351 4277">
     <span class='ocr_line' id='line_1_117' title="bbox 1772 4208 3351 4277; baseline 0.004 -18"><span class='ocrx_word' id='word_1_767' title='bbox 1772 4208 2014 4261; x_wconf 78' lang='lat' dir='ltr'><strong>districta</strong></span> <span class='ocrx_word' id='word_1_768' title='bbox 2037 4216 2090 4277; x_wconf 86' lang='lat' dir='ltr'><strong>et</strong></span> <span class='ocrx_word' id='word_1_769' title='bbox 2116 4208 2344 4277; x_wconf 76' lang='lat' dir='ltr'><strong>confinio</strong></span> <span class='ocrx_word' id='word_1_770' title='bbox 2370 4210 2567 4277; x_wconf 74' lang='lat' dir='ltr'><strong>Canipe</strong></span> <span class='ocrx_word' id='word_1_771' title='bbox 2602 4210 2742 4262; x_wconf 88' lang='lat' dir='ltr'><strong>aliud</strong></span> <span class='ocrx_word' id='word_1_772' title='bbox 2769 4211 2928 4262; x_wconf 84' lang='lat' dir='ltr'><strong>etiam</strong></span> <span class='ocrx_word' id='word_1_773' title='bbox 2979 4212 3315 4267; x_wconf 77' lang='lat' dir='ltr'><strong>terratorium</strong></span> <span class='ocrx_word' id='word_1_774' title='bbox 3346 4212 3351 4221; x_wconf 90' lang='grc'><em>’</em></span> 
     </span>
    </p>
   </div>
   <div class='ocr_carea' id='block_1_114' title="bbox 1773 4276 3314 4394">
    <p class='ocr_par' dir='ltr' id='par_1_114' title="bbox 1773 4276 3314 4394">
     <span class='ocr_line' id='line_1_118' title="bbox 1773 4276 3314 4394; baseline 0.004 -67"><span class='ocrx_word' id='word_1_775' title='bbox 1773 4291 1891 4394; x_wconf 66' lang='lat' dir='ltr'><strong>Clll&#39;n</strong></span> <span class='ocrx_word' id='word_1_776' title='bbox 1946 4276 2257 4343; x_wconf 89' lang='lat' dir='ltr'><strong>quibusdam</strong></span> <span class='ocrx_word' id='word_1_777' title='bbox 2301 4276 2591 4342; x_wconf 32' lang='lat' dir='ltr'><strong>prediis’et</strong></span> <span class='ocrx_word' id='word_1_778' title='bbox 2642 4279 2807 4330; x_wconf 83' lang='lat' dir='ltr'><strong>servis</strong></span> <span class='ocrx_word' id='word_1_779' title='bbox 2858 4278 3217 4343; x_wconf 76' lang='lat' dir='ltr'><strong>habitantibus</strong></span> <span class='ocrx_word' id='word_1_780' title='bbox 3258 4281 3314 4333; x_wconf 83' lang='lat' dir='ltr'><strong>in</strong></span> 
     </span>
     <span class='ocr_line' id='line_1_119' title="bbox 1773 4359 2548 4394; baseline -0.001 0"><span class='ocrx_word' id='word_1_781' title='bbox 1773 4359 1976 4394; x_wconf 77' lang='lat' dir='ltr'><strong>00tcm.</strong></span> <span class='ocrx_word' id='word_1_782' title='bbox 2512 4380 2548 4393; x_wconf 52' lang='grc' dir='ltr'><strong>,κ</strong></span> 
     </span>
    </p>
   </div>
   <div class='ocr_carea' id='block_1_115' title="bbox 1771 4359 2548 4395">
    <p class='ocr_par' dir='ltr' id='par_1_115' title="bbox 1771 4359 2548 4395">
     <span class='ocr_line' id='line_1_120' title="bbox 1771 4359 2548 4395; baseline -0.001 -1"><span class='ocrx_word' id='word_1_783' title='bbox 1771 4359 1976 4395; x_wconf 82' lang='lat' dir='ltr'><strong>couem.</strong></span> <span class='ocrx_word' id='word_1_784' title='bbox 2512 4380 2548 4393; x_wconf 57' lang='grc' dir='ltr'><strong>,κ</strong></span> 
     </span>
    </p>
   </div>
   <div class='ocr_carea' id='block_1_116' title="bbox 1844 4411 3313 4481">
    <p class='ocr_par' dir='ltr' id='par_1_116' title="bbox 1844 4411 3313 4481">
     <span class='ocr_line' id='line_1_121' title="bbox 1844 4411 3313 4481; baseline 0.005 -18"><span class='ocrx_word' id='word_1_785' title='bbox 1844 4412 1949 4481; x_wconf 58' lang='lat' dir='ltr'><strong>llys</strong></span> <span class='ocrx_word' id='word_1_786' title='bbox 1976 4413 2165 4481; x_wconf 3' lang='lat' dir='ltr'><strong>itaque,</strong></span> <span class='ocrx_word' id='word_1_787' title='bbox 2181 4413 2348 4465; x_wconf 89' lang='lat' dir='ltr'><strong>sancti</strong></span> <span class='ocrx_word' id='word_1_788' title='bbox 2371 4411 2598 4481; x_wconf 78' lang='lat' dir='ltr'><strong>Nycolay</strong></span> <span class='ocrx_word' id='word_1_789' title='bbox 2623 4413 2912 4480; x_wconf 87' lang='lat' dir='ltr'><strong>predictam</strong></span> <span class='ocrx_word' id='word_1_790' title='bbox 2936 4414 3217 4468; x_wconf 85' lang='lat' dir='ltr'><strong>ecclesiam</strong></span> <span class='ocrx_word' id='word_1_791' title='bbox 3244 4416 3313 4471; x_wconf 82' lang='lat' dir='ltr'><strong>de</strong></span> 
     </span>
    </p>
   </div>
   <div class='ocr_carea' id='block_1_117' title="bbox 154 4472 3316 4550">
    <p class='ocr_par' dir='ltr' id='par_1_117' title="bbox 154 4472 3316 4550">
     <span class='ocr_line' id='line_1_122' title="bbox 154 4472 3316 4550; baseline 0.004 -25"><span class='ocrx_word' id='word_1_792' title='bbox 154 4472 261 4529; x_wconf 79' lang='lat' dir='ltr'><strong>eillo</strong></span> <span class='ocrx_word' id='word_1_793' title='bbox 282 4472 534 4550; x_wconf 76' lang='lat' dir='ltr'><strong>predicta,</strong></span> <span class='ocrx_word' id='word_1_794' title='bbox 559 4472 667 4550; x_wconf 84' lang='lat' dir='ltr'><strong>que</strong></span> <span class='ocrx_word' id='word_1_795' title='bbox 688 4482 998 4550; x_wconf 83' lang='lat' dir='ltr'><strong>immediate</strong></span> <span class='ocrx_word' id='word_1_796' title='bbox 1021 4488 1225 4548; x_wconf 85' lang='lat' dir='ltr'><strong>spectat</strong></span> <span class='ocrx_word' id='word_1_797' title='bbox 1252 4472 1370 4531; x_wconf 79' lang='lat' dir='ltr'><strong>eum</strong></span> <span class='ocrx_word' id='word_1_798' title='bbox 1393 4472 1532 4550; x_wconf 81' lang='lat' dir='ltr'><strong>omni</strong></span> <span class='ocrx_word' id='word_1_799' title='bbox 1555 4480 1672 4550; x_wconf 83' lang='lat' dir='ltr'><strong>jure</strong></span> <span class='ocrx_word' id='word_1_800' title='bbox 1700 4490 1750 4547; x_wconf 83' lang='grc' dir='ltr'><strong>ι)</strong></span> <span class='ocrx_word' id='word_1_801' title='bbox 1777 4472 1968 4531; x_wconf 75' lang='lat' dir='ltr'><strong>Saeillo</strong></span> <span class='ocrx_word' id='word_1_802' title='bbox 2005 4472 2219 4545; x_wconf 78' lang='lat' dir='ltr'><strong>prediis,</strong></span> <span class='ocrx_word' id='word_1_803' title='bbox 2267 4472 2688 4550; x_wconf 70' lang='lat' dir='ltr'><strong>possessionibus</strong></span> <span class='ocrx_word' id='word_1_804' title='bbox 2714 4491 2763 4532; x_wconf 90' lang='lat' dir='ltr'><strong>et</strong></span> <span class='ocrx_word' id='word_1_805' title='bbox 2792 4484 3112 4543; x_wconf 87' lang='lat' dir='ltr'><strong>terratoriis,</strong></span> <span class='ocrx_word' id='word_1_806' title='bbox 3148 4487 3316 4539; x_wconf 86' lang='lat' dir='ltr'><strong>servis</strong></span> 
     </span>
    </p>
   </div>
   <div class='ocr_carea' id='block_1_118' title="bbox 155 4548 1670 4615">
    <p class='ocr_par' dir='ltr' id='par_1_118' title="bbox 155 4548 1670 4615">
     <span class='ocr_line' id='line_1_123' title="bbox 155 4548 1670 4615; baseline 0.002 -19"><span class='ocrx_word' id='word_1_807' title='bbox 155 4558 240 4615; x_wconf 81' lang='lat' dir='ltr'><strong>suo</strong></span> <span class='ocrx_word' id='word_1_808' title='bbox 276 4548 336 4615; x_wconf 53' lang='lat' dir='ltr'><strong>at]</strong></span> <span class='ocrx_word' id='word_1_809' title='bbox 383 4549 657 4600; x_wconf 85' lang='lat' dir='ltr'><strong>ecclesiam</strong></span> <span class='ocrx_word' id='word_1_810' title='bbox 686 4548 976 4615; x_wconf 76' lang='lat' dir='ltr'><strong>Aquilejen.</strong></span> <span class='ocrx_word' id='word_1_811' title='bbox 1010 4558 1061 4600; x_wconf 90' lang='lat' dir='ltr'><strong>et</strong></span> <span class='ocrx_word' id='word_1_812' title='bbox 1107 4564 1228 4610; x_wconf 88' lang='lat' dir='ltr'><strong>nos,</strong></span> <span class='ocrx_word' id='word_1_813' title='bbox 1277 4548 1503 4600; x_wconf 79' lang='lat' dir='ltr'><strong>maxime</strong></span> <span class='ocrx_word' id='word_1_814' title='bbox 1546 4548 1670 4615; x_wconf 85' lang='lat' dir='ltr'><strong>quia</strong></span> 
     </span>
    </p>
   </div>
   <div class='ocr_carea' id='block_1_119' title="bbox 156 4611 1667 4669">
    <p class='ocr_par' dir='ltr' id='par_1_119' title="bbox 156 4611 1667 4669">
     <span class='ocr_line' id='line_1_124' title="bbox 156 4611 1667 4669; baseline 0.003 -7"><span class='ocrx_word' id='word_1_815' title='bbox 156 4611 279 4664; x_wconf 86' lang='lat' dir='ltr'><strong>inter</strong></span> <span class='ocrx_word' id='word_1_816' title='bbox 302 4611 1005 4668; x_wconf 71' lang='lat' dir='ltr'><strong>Concordieiisentdiocesim</strong></span> <span class='ocrx_word' id='word_1_817' title='bbox 1034 4625 1085 4669; x_wconf 89' lang='lat' dir='ltr'><strong>et</strong></span> <span class='ocrx_word' id='word_1_818' title='bbox 1108 4616 1448 4669; x_wconf 87' lang='lat' dir='ltr'><strong>Ceuetenscm</strong></span> <span class='ocrx_word' id='word_1_819' title='bbox 1478 4611 1667 4669; x_wconf 78' lang='lat' dir='ltr'><strong>ibidem</strong></span> 
     </span>
    </p>
   </div>
   <div class='ocr_carea' id='block_1_120' title="bbox 158 4679 1660 4751">
    <p class='ocr_par' dir='ltr' id='par_1_120' title="bbox 158 4679 1660 4751">
     <span class='ocr_line' id='line_1_125' title="bbox 158 4679 1660 4751; baseline 0.003 -22"><span class='ocrx_word' id='word_1_820' title='bbox 158 4679 246 4751; x_wconf 81' lang='lat' dir='ltr'><strong>sita</strong></span> <span class='ocrx_word' id='word_1_821' title='bbox 269 4693 363 4743; x_wconf 80' lang='lat' dir='ltr'><strong>est,</strong></span> <span class='ocrx_word' id='word_1_822' title='bbox 392 4683 584 4735; x_wconf 84' lang='lat' dir='ltr'><strong>habere</strong></span> <span class='ocrx_word' id='word_1_823' title='bbox 612 4685 799 4735; x_wconf 88' lang='lat' dir='ltr'><strong>debeat</strong></span> <span class='ocrx_word' id='word_1_824' title='bbox 837 4684 1083 4750; x_wconf 83' lang='lat' dir='ltr'><strong>populant</strong></span> <span class='ocrx_word' id='word_1_825' title='bbox 1118 4694 1171 4735; x_wconf 91' lang='lat' dir='ltr'><strong>et</strong></span> <span class='ocrx_word' id='word_1_826' title='bbox 1197 4684 1512 4737; x_wconf 88' lang='lat' dir='ltr'><strong>cimiteriuut</strong></span> <span class='ocrx_word' id='word_1_827' title='bbox 1554 4698 1660 4751; x_wconf 44' lang='lat' dir='ltr'><strong>pro.</strong></span> 
     </span>
    </p>
   </div>
   <div class='ocr_carea' id='block_1_121' title="bbox 161 4748 1668 4818">
    <p class='ocr_par' dir='ltr' id='par_1_121' title="bbox 161 4748 1668 4818">
     <span class='ocr_line' id='line_1_126' title="bbox 161 4748 1668 4818; baseline 0.003 -21"><span class='ocrx_word' id='word_1_828' title='bbox 161 4748 333 4818; x_wconf 82' lang='lat' dir='ltr'><strong>prium,</strong></span> <span class='ocrx_word' id='word_1_829' title='bbox 365 4766 425 4803; x_wconf 88' lang='lat' dir='ltr'><strong>ac</strong></span> <span class='ocrx_word' id='word_1_830' title='bbox 465 4751 533 4803; x_wconf 88' lang='lat' dir='ltr'><strong>sit</strong></span> <span class='ocrx_word' id='word_1_831' title='bbox 564 4751 782 4803; x_wconf 86' lang='lat' dir='ltr'><strong>ecclesia</strong></span> <span class='ocrx_word' id='word_1_832' title='bbox 818 4748 1159 4818; x_wconf 80' lang='lat' dir='ltr'><strong>baptismalis,</strong></span> <span class='ocrx_word' id='word_1_833' title='bbox 1216 4767 1310 4803; x_wconf 92' lang='lat' dir='ltr'><strong>nec</strong></span> <span class='ocrx_word' id='word_1_834' title='bbox 1344 4766 1444 4804; x_wconf 90' lang='lat' dir='ltr'><strong>nou</strong></span> <span class='ocrx_word' id='word_1_835' title='bbox 1488 4748 1668 4804; x_wconf 79' lang='lat' dir='ltr'><strong>exent-</strong></span> 
     </span>
    </p>
   </div>
   <div class='ocr_carea' id='block_1_122' title="bbox 162 4815 1667 4885">
    <p class='ocr_par' dir='ltr' id='par_1_122' title="bbox 162 4815 1667 4885">
     <span class='ocr_line' id='line_1_127' title="bbox 162 4815 1667 4885; baseline 0.003 -21"><span class='ocrx_word' id='word_1_836' title='bbox 162 4815 335 4879; x_wconf 88' lang='lat' dir='ltr'><strong>ptionis</strong></span> <span class='ocrx_word' id='word_1_837' title='bbox 360 4820 575 4885; x_wconf 84' lang='lat' dir='ltr'><strong>gaudeat</strong></span> <span class='ocrx_word' id='word_1_838' title='bbox 620 4815 899 4871; x_wconf 56' lang='lat' dir='ltr'><strong>libertatef</strong></span> <span class='ocrx_word' id='word_1_839' title='bbox 929 4819 1171 4871; x_wconf 78' lang='lat' dir='ltr'><strong>Preterea</strong></span> <span class='ocrx_word' id='word_1_840' title='bbox 1214 4834 1333 4871; x_wconf 89' lang='lat' dir='ltr'><strong>cum</strong></span> <span class='ocrx_word' id='word_1_841' title='bbox 1383 4820 1538 4871; x_wconf 88' lang='lat' dir='ltr'><strong>etiam</strong></span> <span class='ocrx_word' id='word_1_842' title='bbox 1566 4834 1667 4871; x_wconf 92' lang='lat' dir='ltr'><strong>non</strong></span> 
     </span>
    </p>
   </div>
   <div class='ocr_carea' id='block_1_123' title="bbox 162 4887 1666 4955">
    <p class='ocr_par' dir='ltr' id='par_1_123' title="bbox 162 4887 1666 4955">
     <span class='ocr_line' id='line_1_128' title="bbox 162 4887 1666 4955; baseline 0.002 -21"><span class='ocrx_word' id='word_1_843' title='bbox 162 4892 362 4955; x_wconf 72' lang='lat' dir='ltr'><strong>constet</strong></span> <span class='ocrx_word' id='word_1_844' title='bbox 382 4901 473 4955; x_wconf 84' lang='lat' dir='ltr'><strong>per</strong></span> <span class='ocrx_word' id='word_1_845' title='bbox 521 4887 814 4955; x_wconf 87' lang='lat' dir='ltr'><strong>scripturas</strong></span> <span class='ocrx_word' id='word_1_846' title='bbox 858 4888 1109 4955; x_wconf 89' lang='lat' dir='ltr'><strong>publicas,</strong></span> <span class='ocrx_word' id='word_1_847' title='bbox 1158 4888 1347 4953; x_wconf 86' lang='lat' dir='ltr'><strong>quibus</strong></span> <span class='ocrx_word' id='word_1_848' title='bbox 1368 4887 1575 4953; x_wconf 89' lang='lat' dir='ltr'><strong>juribus</strong></span> <span class='ocrx_word' id='word_1_849' title='bbox 1618 4895 1666 4939; x_wconf 89' lang='lat' dir='ltr'><strong>et</strong></span> 
     </span>
    </p>
   </div>
   <div class='ocr_carea' id='block_1_124' title="bbox 166 4952 1673 5022">
    <p class='ocr_par' dir='ltr' id='par_1_124' title="bbox 166 4952 1673 5022">
     <span class='ocr_line' id='line_1_129' title="bbox 166 4952 1673 5022; baseline 0.002 -20"><span class='ocrx_word' id='word_1_850' title='bbox 166 4952 553 5011; x_wconf 75' lang='lat' dir='ltr'><strong>possessionibus</strong></span> <span class='ocrx_word' id='word_1_851' title='bbox 596 4952 733 5008; x_wconf 88' lang='lat' dir='ltr'><strong>dicta</strong></span> <span class='ocrx_word' id='word_1_852' title='bbox 774 4952 1014 5015; x_wconf 84' lang='lat' dir='ltr'><strong>ecclesia,</strong></span> <span class='ocrx_word' id='word_1_853' title='bbox 1048 4952 1196 5022; x_wconf 83' lang='lat' dir='ltr'><strong>cujus</strong></span> <span class='ocrx_word' id='word_1_854' title='bbox 1232 4970 1289 5005; x_wconf 91' lang='lat' dir='ltr'><strong>es</strong></span> <span class='ocrx_word' id='word_1_855' title='bbox 1317 4952 1379 5005; x_wconf 88' lang='lat' dir='ltr'><strong>tu</strong></span> <span class='ocrx_word' id='word_1_856' title='bbox 1422 4955 1673 5019; x_wconf 86' lang='lat' dir='ltr'><strong>plebanus</strong></span> 
     </span>
    </p>
   </div>
   <div class='ocr_carea' id='block_1_125' title="bbox 166 5022 1674 5091">
    <p class='ocr_par' dir='ltr' id='par_1_125' title="bbox 166 5022 1674 5091">
     <span class='ocr_line' id='line_1_130' title="bbox 166 5022 1674 5091; baseline -0.001 -19"><span class='ocrx_word' id='word_1_857' title='bbox 166 5026 210 5091; x_wconf 61' lang='lat' dir='ltr'><strong>fit</strong></span> <span class='ocrx_word' id='word_1_858' title='bbox 245 5027 429 5091; x_wconf 81' lang='lat' dir='ltr'><strong>pastor,</strong></span> <span class='ocrx_word' id='word_1_859' title='bbox 472 5022 648 5073; x_wconf 89' lang='lat' dir='ltr'><strong>dotata</strong></span> <span class='ocrx_word' id='word_1_860' title='bbox 675 5023 831 5074; x_wconf 87' lang='lat' dir='ltr'><strong>fuerit</strong></span> <span class='ocrx_word' id='word_1_861' title='bbox 854 5023 919 5074; x_wconf 91' lang='lat' dir='ltr'><strong>ab</strong></span> <span class='ocrx_word' id='word_1_862' title='bbox 943 5024 1160 5090; x_wconf 89' lang='lat' dir='ltr'><strong>antiquo</strong></span> <span class='ocrx_word' id='word_1_863' title='bbox 1202 5040 1213 5073; x_wconf 91' lang='lat'><strong>:</strong></span> <span class='ocrx_word' id='word_1_864' title='bbox 1253 5022 1554 5091; x_wconf 83' lang='lat' dir='ltr'><strong>supplicasti</strong></span> <span class='ocrx_word' id='word_1_865' title='bbox 1583 5036 1674 5073; x_wconf 88' lang='lat' dir='ltr'><strong>no-</strong></span> 
     </span>
    </p>
   </div>
   <div class='ocr_carea' id='block_1_126' title="bbox 168 5084 1673 5157">
    <p class='ocr_par' dir='ltr' id='par_1_126' title="bbox 168 5084 1673 5157">
     <span class='ocr_line' id='line_1_131' title="bbox 168 5084 1673 5157; baseline 0.007 -25"><span class='ocrx_word' id='word_1_866' title='bbox 168 5084 234 5136; x_wconf 86' lang='lat' dir='ltr'><strong>bis</strong></span> <span class='ocrx_word' id='word_1_867' title='bbox 252 5084 513 5143; x_wconf 76' lang='lat' dir='ltr'><strong>ltumiliter</strong></span> <span class='ocrx_word' id='word_1_868' title='bbox 534 5099 586 5142; x_wconf 88' lang='lat' dir='ltr'><strong>et</strong></span> <span class='ocrx_word' id='word_1_869' title='bbox 612 5092 886 5152; x_wconf 89' lang='lat' dir='ltr'><strong>instanter,</strong></span> <span class='ocrx_word' id='word_1_870' title='bbox 920 5100 977 5144; x_wconf 93' lang='lat' dir='ltr'><strong>ut</strong></span> <span class='ocrx_word' id='word_1_871' title='bbox 1005 5084 1190 5144; x_wconf 69' lang='grc' dir='ltr'><strong>διιῖιευι</strong></span> <span class='ocrx_word' id='word_1_872' title='bbox 1226 5104 1290 5142; x_wconf 73' lang='lat' dir='ltr'><strong>ex</strong></span> <span class='ocrx_word' id='word_1_873' title='bbox 1318 5084 1517 5143; x_wconf 68' lang='lat' dir='ltr'><strong>notitia</strong></span> <span class='ocrx_word' id='word_1_874' title='bbox 1544 5104 1673 5157; x_wconf 90' lang='lat' dir='ltr'><strong>quo-</strong></span> 
     </span>
    </p>
   </div>
   <div class='ocr_carea' id='block_1_127' title="bbox 106 5212 1676 5289">
    <p class='ocr_par' dir='ltr' id='par_1_127' title="bbox 106 5212 1676 5289">
     <span class='ocr_line' id='line_1_132' title="bbox 106 5212 1676 5289; baseline 0.003 -24"><span class='ocrx_word' id='word_1_875' title='bbox 106 5280 107 5283; x_wconf 17' lang='grc' dir='ltr'><strong>η</strong></span> <span class='ocrx_word' id='word_1_876' title='bbox 227 5212 364 5289; x_wconf 43' lang='lat' dir='ltr'><strong>f‘Ad</strong></span> <span class='ocrx_word' id='word_1_877' title='bbox 388 5216 641 5289; x_wconf 66' lang='lat' dir='ltr'><strong>effectura</strong></span> <span class='ocrx_word' id='word_1_878' title='bbox 660 5217 964 5270; x_wconf 87' lang='lat' dir='ltr'><strong>meditatum</strong></span> <span class='ocrx_word' id='word_1_879' title='bbox 1001 5234 1132 5289; x_wconf 88' lang='lat' dir='ltr'><strong>opus</strong></span> <span class='ocrx_word' id='word_1_880' title='bbox 1169 5233 1271 5289; x_wconf 85' lang='lat' dir='ltr'><strong>non</strong></span> <span class='ocrx_word' id='word_1_881' title='bbox 1308 5218 1676 5289; x_wconf 13' lang='lat' dir='ltr'><strong>perv&#39;epititsi-</strong></span> 
     </span>
    </p>
   </div>
   <div class='ocr_carea' id='block_1_128' title="bbox 171 5236 1673 5353">
    <p class='ocr_par' dir='ltr' id='par_1_128' title="bbox 171 5236 1673 5353">
     <span class='ocr_line' id='line_1_133' title="bbox 227 5236 1673 5285; baseline 0.003 -20"><span class='ocrx_word' id='word_1_882' title='bbox 227 5236 251 5251; x_wconf 86' lang='grc'><strong><em>“</em></strong></span> <span class='ocrx_word' id='word_1_883' title='bbox 290 5236 364 5267; x_wconf 75' lang='lat' dir='ltr'><strong>Ml</strong></span> <span class='ocrx_word' id='word_1_884' title='bbox 388 5236 627 5272; x_wconf 73' lang='lat' dir='ltr'><strong>BIICClum</strong></span> <span class='ocrx_word' id='word_1_885' title='bbox 660 5236 964 5270; x_wconf 85' lang='lat' dir='ltr'><strong>meuttatunt</strong></span> <span class='ocrx_word' id='word_1_886' title='bbox 1001 5236 1031 5269; x_wconf 90' lang='lat'><strong>0</strong></span> <span class='ocrx_word' id='word_1_887' title='bbox 1072 5236 1132 5270; x_wconf 85' lang='lat' dir='ltr'><strong>US</strong></span> <span class='ocrx_word' id='word_1_888' title='bbox 1170 5236 1271 5270; x_wconf 90' lang='lat' dir='ltr'><strong>non</strong></span> <span class='ocrx_word' id='word_1_889' title='bbox 1308 5236 1561 5285; x_wconf 77' lang='lat' dir='ltr'><strong>pervenit,</strong></span> <span class='ocrx_word' id='word_1_890' title='bbox 1607 5236 1673 5270; x_wconf 84' lang='lat' dir='ltr'><strong>Sl-</strong></span> 
     </span>
     <span class='ocr_line' id='line_1_134' title="bbox 171 5236 1673 5353; baseline 0.005 -23"><span class='ocrx_word' id='word_1_891' title='bbox 171 5278 359 5353; x_wconf 58' lang='lat' dir='ltr'><strong>quitlem</strong></span> <span class='ocrx_word' id='word_1_892' title='bbox 400 5285 536 5353; x_wconf 86' lang='lat' dir='ltr'><strong>inter</strong></span> <span class='ocrx_word' id='word_1_893' title='bbox 582 5286 888 5345; x_wconf 84' lang='lat' dir='ltr'><strong>Glemonam</strong></span> <span class='ocrx_word' id='word_1_894' title='bbox 936 5296 988 5337; x_wconf 90' lang='lat' dir='ltr'><strong>et</strong></span> <span class='ocrx_word' id='word_1_895' title='bbox 1034 5236 1287 5353; x_wconf 62' lang='lat' dir='ltr'><strong>ﬁospitale</strong></span> <span class='ocrx_word' id='word_1_896' title='bbox 1341 5288 1404 5337; x_wconf 85' lang='lat' dir='ltr'><strong>de</strong></span> <span class='ocrx_word' id='word_1_897' title='bbox 1444 5285 1673 5338; x_wconf 87' lang='lat' dir='ltr'><strong>Collibus</strong></span> 
     </span>
    </p>
   </div>
   <div class='ocr_carea' id='block_1_129' title="bbox 176 5346 1672 5422">
    <p class='ocr_par' dir='ltr' id='par_1_129' title="bbox 176 5346 1672 5422">
     <span class='ocr_line' id='line_1_135' title="bbox 176 5346 1672 5422; baseline 0.002 -20"><span class='ocrx_word' id='word_1_898' title='bbox 176 5346 348 5422; x_wconf 65' lang='lat' dir='ltr'><strong>&quot;Nilum</strong></span> <span class='ocrx_word' id='word_1_899' title='bbox 376 5352 447 5404; x_wconf 88' lang='lat' dir='ltr'><strong>rei</strong></span> <span class='ocrx_word' id='word_1_900' title='bbox 490 5363 620 5405; x_wconf 63' lang='lat' dir='ltr'><strong>actae</strong></span> <span class='ocrx_word' id='word_1_901' title='bbox 648 5354 922 5422; x_wconf 81' lang='lat' dir='ltr'><strong>vestigium</strong></span> <span class='ocrx_word' id='word_1_902' title='bbox 962 5346 1195 5422; x_wconf 78' lang='lat' dir='ltr'><strong>apparet.</strong></span> <span class='ocrx_word' id='word_1_903' title='bbox 1226 5354 1417 5406; x_wconf 84' lang='lat' dir='ltr'><strong>Verum</strong></span> <span class='ocrx_word' id='word_1_904' title='bbox 1458 5355 1672 5421; x_wconf 88' lang='lat' dir='ltr'><strong>grandia</strong></span> 
     </span>
    </p>
   </div>
   <div class='ocr_carea' id='block_1_130' title="bbox 174 5414 1673 5489">
    <p class='ocr_par' dir='ltr' id='par_1_130' title="bbox 174 5414 1673 5489">
     <span class='ocr_line' id='line_1_136' title="bbox 174 5414 1673 5489; baseline -0.001 -17"><span class='ocrx_word' id='word_1_905' title='bbox 174 5414 498 5489; x_wconf 51' lang='lat' dir='ltr'><strong>{fitentasse</strong></span> <span class='ocrx_word' id='word_1_906' title='bbox 533 5436 736 5489; x_wconf 77' lang='lat' dir='ltr'><strong>magna</strong></span> <span class='ocrx_word' id='word_1_907' title='bbox 785 5414 903 5473; x_wconf 74' lang='lat' dir='ltr'><strong>laus</strong></span> <span class='ocrx_word' id='word_1_908' title='bbox 944 5414 1044 5489; x_wconf 61' lang='lat' dir='ltr'><strong>est:</strong></span> <span class='ocrx_word' id='word_1_909' title='bbox 1096 5422 1263 5489; x_wconf 87' lang='lat' dir='ltr'><strong>Hujus</strong></span> <span class='ocrx_word' id='word_1_910' title='bbox 1314 5422 1386 5473; x_wconf 89' lang='lat' dir='ltr'><strong>rei</strong></span> <span class='ocrx_word' id='word_1_911' title='bbox 1439 5414 1673 5472; x_wconf 75' lang='lat' dir='ltr'><strong>meminit</strong></span> 
     </span>
    </p>
   </div>
   <div class='ocr_carea' id='block_1_131' title="bbox 177 5475 1675 5606">
    <p class='ocr_par' dir='ltr' id='par_1_131' title="bbox 177 5475 1675 5606">
     <span class='ocr_line' id='line_1_137' title="bbox 177 5475 1675 5606; baseline 0.003 -70"><span class='ocrx_word' id='word_1_912' title='bbox 516 5475 806 5556; x_wconf 73' lang='lat' dir='ltr'><strong>Aquilejen.</strong></span> <span class='ocrx_word' id='word_1_913' title='bbox 839 5490 891 5541; x_wconf 89' lang='lat' dir='ltr'><strong>in</strong></span> <span class='ocrx_word' id='word_1_914' title='bbox 934 5475 1242 5558; x_wconf 62' lang='lat' dir='ltr'><strong>Raymunilo</strong></span> <span class='ocrx_word' id='word_1_915' title='bbox 1266 5529 1279 5553; x_wconf 93' lang='lat'><strong>,</strong></span> <span class='ocrx_word' id='word_1_916' title='bbox 1323 5498 1376 5541; x_wconf 89' lang='lat' dir='ltr'><strong>et</strong></span> <span class='ocrx_word' id='word_1_917' title='bbox 1412 5489 1675 5541; x_wconf 73' lang='lat' dir='ltr'><strong>Palladms</strong></span> 
     </span>
    </p>
   </div>
   <div class='ocr_carea' id='block_1_132' title="bbox 197 5561 505 5609">
    <p class='ocr_par' dir='ltr' id='par_1_132' title="bbox 197 5561 505 5609">
     <span class='ocr_line' id='line_1_138' title="bbox 197 5561 505 5609; baseline 0.036 -11"><span class='ocrx_word' id='word_1_918' title='bbox 197 5561 223 5592; x_wconf 61' lang='grc'><strong>³.</strong></span> <span class='ocrx_word' id='word_1_919' title='bbox 252 5561 286 5607; x_wconf 83' lang='lat' dir='ltr'><strong>I,</strong></span> <span class='ocrx_word' id='word_1_920' title='bbox 308 5561 390 5605; x_wconf 69' lang='lat' dir='ltr'><strong>Illi.</strong></span> <span class='ocrx_word' id='word_1_921' title='bbox 416 5571 505 5609; x_wconf 76' lang='grc' dir='ltr'><strong>νιι.</strong></span> 
     </span>
    </p>
   </div>
   <div class='ocr_carea' id='block_1_133' title="bbox 186 5616 1667 5742">
    <p class='ocr_par' dir='ltr' id='par_1_133' title="bbox 186 5616 1667 5742">
     <span class='ocr_line' id='line_1_139' title="bbox 186 5616 1667 5742; baseline 0.004 -73"><span class='ocrx_word' id='word_1_922' title='bbox 186 5616 380 5742; x_wconf 43' lang='grc' dir='ltr'><strong>μδίῶη.</strong></span> <span class='ocrx_word' id='word_1_923' title='bbox 416 5622 564 5676; x_wconf 70' lang='lat'><strong>1328.</strong></span> <span class='ocrx_word' id='word_1_924' title='bbox 593 5624 646 5677; x_wconf 91' lang='lat' dir='ltr'><strong>In</strong></span> <span class='ocrx_word' id='word_1_925' title='bbox 675 5626 889 5678; x_wconf 85' lang='lat' dir='ltr'><strong>arcltivo</strong></span> <span class='ocrx_word' id='word_1_926' title='bbox 913 5625 1107 5679; x_wconf 83' lang='lat' dir='ltr'><strong>veteris</strong></span> <span class='ocrx_word' id='word_1_927' title='bbox 1136 5625 1280 5678; x_wconf 82' lang='lat' dir='ltr'><strong>civit.</strong></span> <span class='ocrx_word' id='word_1_928' title='bbox 1310 5624 1551 5679; x_wconf 88' lang='lat' dir='ltr'><strong>Utinens.</strong></span> <span class='ocrx_word' id='word_1_929' title='bbox 1578 5625 1667 5677; x_wconf 90' lang='lat' dir='ltr'><strong>cit.</strong></span> 
     </span>
    </p>
   </div>
   <div class='ocr_carea' id='block_1_134' title="bbox 1775 4550 3316 4616">
    <p class='ocr_par' dir='ltr' id='par_1_134' title="bbox 1775 4550 3316 4616">
     <span class='ocr_line' id='line_1_140' title="bbox 1775 4550 3316 4616; baseline 0.006 -20"><span class='ocrx_word' id='word_1_930' title='bbox 1775 4556 1931 4616; x_wconf 82' lang='lat' dir='ltr'><strong>atque</strong></span> <span class='ocrx_word' id='word_1_931' title='bbox 1956 4550 2236 4616; x_wconf 89' lang='lat' dir='ltr'><strong>quartcsiis</strong></span> <span class='ocrx_word' id='word_1_932' title='bbox 2258 4554 2489 4607; x_wconf 85' lang='lat' dir='ltr'><strong>dotatam</strong></span> <span class='ocrx_word' id='word_1_933' title='bbox 2515 4550 2789 4615; x_wconf 85' lang='lat' dir='ltr'><strong>predietis,</strong></span> <span class='ocrx_word' id='word_1_934' title='bbox 2822 4551 2969 4603; x_wconf 84' lang='lat' dir='ltr'><strong>idem</strong></span> <span class='ocrx_word' id='word_1_935' title='bbox 2996 4550 3073 4602; x_wconf 76' lang='lat' dir='ltr'><strong>vir</strong></span> <span class='ocrx_word' id='word_1_936' title='bbox 3100 4552 3316 4606; x_wconf 82' lang='lat' dir='ltr'><strong>illustris</strong></span> 
     </span>
    </p>
   </div>
   <div class='ocr_carea' id='block_1_135' title="bbox 1776 4615 3313 4683">
    <p class='ocr_par' dir='ltr' id='par_1_135' title="bbox 1776 4615 3313 4683">
     <span class='ocr_line' id='line_1_141' title="bbox 1776 4615 3313 4683; baseline 0.006 -19"><span class='ocrx_word' id='word_1_937' title='bbox 1776 4615 1878 4666; x_wconf 85' lang='lat' dir='ltr'><strong>dux</strong></span> <span class='ocrx_word' id='word_1_938' title='bbox 1929 4615 2250 4669; x_wconf 86' lang='lat' dir='ltr'><strong>memoratus</strong></span> <span class='ocrx_word' id='word_1_939' title='bbox 2301 4616 2557 4671; x_wconf 83' lang='lat' dir='ltr'><strong>Henricus</strong></span> <span class='ocrx_word' id='word_1_940' title='bbox 2619 4633 2737 4670; x_wconf 90' lang='lat' dir='ltr'><strong>eum</strong></span> <span class='ocrx_word' id='word_1_941' title='bbox 2786 4619 3027 4671; x_wconf 90' lang='lat' dir='ltr'><strong>omnibus</strong></span> <span class='ocrx_word' id='word_1_942' title='bbox 3079 4620 3313 4683; x_wconf 65' lang='lat' dir='ltr'><strong>ejusdem</strong></span> 
     </span>
    </p>
   </div>
   <div class='ocr_carea' id='block_1_136' title="bbox 1774 4684 3314 4756">
    <p class='ocr_par' dir='ltr' id='par_1_136' title="bbox 1774 4684 3314 4756">
     <span class='ocr_line' id='line_1_142' title="bbox 1774 4684 3314 4756; baseline 0.005 -23"><span class='ocrx_word' id='word_1_943' title='bbox 1774 4686 2191 4756; x_wconf 78' lang='lat' dir='ltr'><strong>exemptionibus</strong></span> <span class='ocrx_word' id='word_1_944' title='bbox 2211 4724 2223 4745; x_wconf 87' lang='lat'><strong>,</strong></span> <span class='ocrx_word' id='word_1_945' title='bbox 2264 4685 2569 4756; x_wconf 83' lang='lat' dir='ltr'><strong>honoribus,</strong></span> <span class='ocrx_word' id='word_1_946' title='bbox 2596 4696 2753 4756; x_wconf 83' lang='lat' dir='ltr'><strong>atque</strong></span> <span class='ocrx_word' id='word_1_947' title='bbox 2772 4684 2981 4756; x_wconf 77' lang='lat' dir='ltr'><strong>juribus</strong></span> <span class='ocrx_word' id='word_1_948' title='bbox 3001 4688 3314 4756; x_wconf 81' lang='lat' dir='ltr'><strong>cunctisque</strong></span> 
     </span>
    </p>
   </div>
   <div class='ocr_carea' id='block_1_137' title="bbox 1775 4753 3314 4819">
    <p class='ocr_par' dir='ltr' id='par_1_137' title="bbox 1775 4753 3314 4819">
     <span class='ocr_line' id='line_1_143' title="bbox 1775 4753 3314 4819; baseline 0.003 -15"><span class='ocrx_word' id='word_1_949' title='bbox 1775 4754 2209 4817; x_wconf 85' lang='lat' dir='ltr'><strong>possessionibus,</strong></span> <span class='ocrx_word' id='word_1_950' title='bbox 2234 4754 2544 4807; x_wconf 87' lang='lat' dir='ltr'><strong>auctoritate</strong></span> <span class='ocrx_word' id='word_1_951' title='bbox 2569 4754 2757 4806; x_wconf 88' lang='lat' dir='ltr'><strong>summi</strong></span> <span class='ocrx_word' id='word_1_952' title='bbox 2782 4753 3063 4819; x_wconf 80' lang='lat' dir='ltr'><strong>pontificis,</strong></span> <span class='ocrx_word' id='word_1_953' title='bbox 3091 4753 3314 4809; x_wconf 52' lang='lat' dir='ltr'><strong>eccle&#39;sie</strong></span> 
     </span>
    </p>
   </div>
   <div class='ocr_carea' id='block_1_138' title="bbox 1778 4821 3313 4888">
    <p class='ocr_par' dir='ltr' id='par_1_138' title="bbox 1778 4821 3313 4888">
     <span class='ocr_line' id='line_1_144' title="bbox 1778 4821 3313 4888; baseline 0.003 -17"><span class='ocrx_word' id='word_1_954' title='bbox 1778 4821 2091 4887; x_wconf 79' lang='lat' dir='ltr'><strong>Aquilejensi</strong></span> <span class='ocrx_word' id='word_1_955' title='bbox 2120 4823 2391 4888; x_wconf 88' lang='lat' dir='ltr'><strong>supposuit</strong></span> <span class='ocrx_word' id='word_1_956' title='bbox 2416 4837 2533 4888; x_wconf 90' lang='lat' dir='ltr'><strong>cum</strong></span> <span class='ocrx_word' id='word_1_957' title='bbox 2566 4822 2878 4887; x_wconf 79' lang='lat' dir='ltr'><strong>quibusdam</strong></span> <span class='ocrx_word' id='word_1_958' title='bbox 2909 4822 3025 4873; x_wconf 85' lang='lat' dir='ltr'><strong>aliis</strong></span> <span class='ocrx_word' id='word_1_959' title='bbox 3053 4823 3313 4886; x_wconf 80' lang='lat' dir='ltr'><strong>ecclesiis,</strong></span> 
     </span>
    </p>
   </div>
   <div class='ocr_carea' id='block_1_139' title="bbox 1779 4887 3313 4965">
    <p class='ocr_par' dir='ltr' id='par_1_139' title="bbox 1779 4887 3313 4965">
     <span class='ocr_line' id='line_1_145' title="bbox 1779 4887 3313 4965; baseline 0.007 -27"><span class='ocrx_word' id='word_1_960' title='bbox 1779 4898 1830 4965; x_wconf 78' lang='lat' dir='ltr'><strong>ut</strong></span> <span class='ocrx_word' id='word_1_961' title='bbox 1859 4898 1976 4955; x_wconf 85' lang='lat' dir='ltr'><strong>pote</strong></span> <span class='ocrx_word' id='word_1_962' title='bbox 2000 4890 2160 4965; x_wconf 80' lang='lat' dir='ltr'><strong>ipsius</strong></span> <span class='ocrx_word' id='word_1_963' title='bbox 2186 4887 2237 4941; x_wconf 82' lang='lat' dir='ltr'><strong>et</strong></span> <span class='ocrx_word' id='word_1_964' title='bbox 2266 4898 2443 4943; x_wconf 87' lang='lat' dir='ltr'><strong>nostra</strong></span> <span class='ocrx_word' id='word_1_965' title='bbox 2466 4887 2641 4940; x_wconf 85' lang='lat' dir='ltr'><strong>ferunt</strong></span> <span class='ocrx_word' id='word_1_966' title='bbox 2666 4890 2935 4958; x_wconf 80' lang='lat' dir='ltr'><strong>privilegia</strong></span> <span class='ocrx_word' id='word_1_967' title='bbox 2965 4894 3196 4957; x_wconf 72' lang='lat' dir='ltr'><strong>predicta</strong></span> <span class='ocrx_word' id='word_1_968' title='bbox 3220 4908 3313 4961; x_wconf 80' lang='lat' dir='ltr'><strong>pe-</strong></span> 
     </span>
    </p>
   </div>
   <div class='ocr_carea' id='block_1_140' title="bbox 1778 4958 2240 5024">
    <p class='ocr_par' dir='ltr' id='par_1_140' title="bbox 1778 4958 2240 5024">
     <span class='ocr_line' id='line_1_146' title="bbox 1778 4958 2240 5024; baseline 0.004 -19"><span class='ocrx_word' id='word_1_969' title='bbox 1778 4958 1917 5007; x_wconf 90' lang='lat' dir='ltr'><strong>nitus</strong></span> <span class='ocrx_word' id='word_1_970' title='bbox 1941 4966 1994 5009; x_wconf 91' lang='lat' dir='ltr'><strong>et</strong></span> <span class='ocrx_word' id='word_1_971' title='bbox 2022 4958 2240 5024; x_wconf 86' lang='lat' dir='ltr'><strong>precise.</strong></span> 
     </span>
    </p>
   </div>
   <div class='ocr_carea' id='block_1_141' title="bbox 1852 5024 3317 5094">
    <p class='ocr_par' dir='ltr' id='par_1_141' title="bbox 1852 5024 3317 5094">
     <span class='ocr_line' id='line_1_147' title="bbox 1852 5024 3317 5094; baseline 0.002 -17"><span class='ocrx_word' id='word_1_972' title='bbox 1852 5024 1918 5077; x_wconf 91' lang='lat' dir='ltr'><strong>Ut</strong></span> <span class='ocrx_word' id='word_1_973' title='bbox 1946 5039 2072 5091; x_wconf 85' lang='lat' dir='ltr'><strong>ergo</strong></span> <span class='ocrx_word' id='word_1_974' title='bbox 2094 5025 2541 5094; x_wconf 75' lang='lat' dir='ltr'><strong>conscientietue,</strong></span> <span class='ocrx_word' id='word_1_975' title='bbox 2567 5026 2771 5092; x_wconf 87' lang='lat' dir='ltr'><strong>tuisque</strong></span> <span class='ocrx_word' id='word_1_976' title='bbox 2794 5028 3189 5080; x_wconf 78' lang='lat' dir='ltr'><strong>successoribus</strong></span> <span class='ocrx_word' id='word_1_977' title='bbox 3208 5028 3317 5094; x_wconf 84' lang='lat' dir='ltr'><strong>ple-</strong></span> 
     </span>
    </p>
   </div>
   <div class='ocr_carea' id='block_1_142' title="bbox 1779 5091 3313 5162">
    <p class='ocr_par' dir='ltr' id='par_1_142' title="bbox 1779 5091 3313 5162">
     <span class='ocr_line' id='line_1_148' title="bbox 1779 5091 3313 5162; baseline 0.003 -19"><span class='ocrx_word' id='word_1_978' title='bbox 1779 5092 1897 5145; x_wconf 91' lang='lat' dir='ltr'><strong>nius</strong></span> <span class='ocrx_word' id='word_1_979' title='bbox 1918 5094 1970 5144; x_wconf 86' lang='lat' dir='ltr'><strong>in</strong></span> <span class='ocrx_word' id='word_1_980' title='bbox 1992 5094 2086 5144; x_wconf 88' lang='lat' dir='ltr'><strong>bac</strong></span> <span class='ocrx_word' id='word_1_981' title='bbox 2101 5102 2247 5158; x_wconf 88' lang='lat' dir='ltr'><strong>parte</strong></span> <span class='ocrx_word' id='word_1_982' title='bbox 2268 5091 2594 5145; x_wconf 81' lang='lat' dir='ltr'><strong>satisfaciant</strong></span> <span class='ocrx_word' id='word_1_983' title='bbox 2616 5091 2808 5162; x_wconf 82' lang='lat' dir='ltr'><strong>scripta</strong></span> <span class='ocrx_word' id='word_1_984' title='bbox 2833 5104 3031 5159; x_wconf 81' lang='lat' dir='ltr'><strong>nostra,</strong></span> <span class='ocrx_word' id='word_1_985' title='bbox 3056 5091 3313 5157; x_wconf 80' lang='lat' dir='ltr'><strong>volumus,</strong></span> 
     </span>
    </p>
   </div>
   <div class='ocr_carea' id='block_1_143' title="bbox 1846 5221 3314 5284">
    <p class='ocr_par' dir='ltr' id='par_1_143' title="bbox 1846 5221 3314 5284">
     <span class='ocr_line' id='line_1_149' title="bbox 1846 5221 3314 5284; baseline 0.003 -10"><span class='ocrx_word' id='word_1_986' title='bbox 1846 5232 1867 5257; x_wconf 74' lang='grc' dir='ltr'>ε</span> <span class='ocrx_word' id='word_1_987' title='bbox 1914 5221 1979 5274; x_wconf 86' lang='lat' dir='ltr'><strong>Ut</strong></span> <span class='ocrx_word' id='word_1_988' title='bbox 2023 5224 2185 5283; x_wconf 80' lang='lat' dir='ltr'><strong>vides,</strong></span> <span class='ocrx_word' id='word_1_989' title='bbox 2217 5224 2395 5275; x_wconf 85' lang='lat' dir='ltr'><strong>charta</strong></span> <span class='ocrx_word' id='word_1_990' title='bbox 2426 5224 2640 5284; x_wconf 71' lang='lat' dir='ltr'><strong>charte,</strong></span> <span class='ocrx_word' id='word_1_991' title='bbox 2676 5235 2727 5277; x_wconf 86' lang='lat' dir='ltr'><strong>et</strong></span> <span class='ocrx_word' id='word_1_992' title='bbox 2755 5227 3123 5279; x_wconf 83' lang='lat' dir='ltr'><strong>documentum</strong></span> <span class='ocrx_word' id='word_1_993' title='bbox 3153 5228 3314 5281; x_wconf 83' lang='lat' dir='ltr'><strong>docu-</strong></span> 
     </span>
    </p>
   </div>
   <div class='ocr_carea' id='block_1_144' title="bbox 1782 5291 3314 5349">
    <p class='ocr_par' dir='ltr' id='par_1_144' title="bbox 1782 5291 3314 5349">
     <span class='ocr_line' id='line_1_150' title="bbox 1782 5291 3314 5349; baseline 0.004 -9"><span class='ocrx_word' id='word_1_994' title='bbox 1782 5299 1957 5343; x_wconf 89' lang='lat' dir='ltr'><strong>mento</strong></span> <span class='ocrx_word' id='word_1_995' title='bbox 1984 5292 2262 5349; x_wconf 84' lang='lat' dir='ltr'><strong>inseritur;</strong></span> <span class='ocrx_word' id='word_1_996' title='bbox 2309 5291 2618 5344; x_wconf 73' lang='lat' dir='ltr'><strong>Ben-timidus</strong></span> <span class='ocrx_word' id='word_1_997' title='bbox 2659 5298 2832 5346; x_wconf 63' lang='lat' dir='ltr'><strong>sedem</strong></span> <span class='ocrx_word' id='word_1_998' title='bbox 2867 5296 3030 5345; x_wconf 89' lang='lat' dir='ltr'><strong>tenuit</strong></span> <span class='ocrx_word' id='word_1_999' title='bbox 3059 5306 3179 5348; x_wconf 87' lang='lat' dir='ltr'><strong>ante</strong></span> <span class='ocrx_word' id='word_1_1000' title='bbox 3215 5296 3314 5348; x_wconf 54' lang='lat' dir='ltr'><strong>Pa-</strong></span> 
     </span>
    </p>
   </div>
   <div class='ocr_carea' id='block_1_145' title="bbox 1773 5360 3312 5427">
    <p class='ocr_par' dir='ltr' id='par_1_145' title="bbox 1773 5360 3312 5427">
     <span class='ocr_line' id='line_1_151' title="bbox 1773 5360 3312 5427; baseline 0.005 -20"><span class='ocrx_word' id='word_1_1001' title='bbox 1773 5373 1984 5425; x_wconf 85' lang='lat' dir='ltr'><strong>ganunt,</strong></span> <span class='ocrx_word' id='word_1_1002' title='bbox 2020 5369 2075 5411; x_wconf 90' lang='lat' dir='ltr'><strong>ut</strong></span> <span class='ocrx_word' id='word_1_1003' title='bbox 2102 5369 2307 5411; x_wconf 84' lang='lat' dir='ltr'><strong>constat</strong></span> <span class='ocrx_word' id='word_1_1004' title='bbox 2352 5360 2560 5427; x_wconf 79' lang='lat' dir='ltr'><strong>legenti,</strong></span> <span class='ocrx_word' id='word_1_1005' title='bbox 2596 5361 2718 5413; x_wconf 82' lang='lat' dir='ltr'><strong>licet</strong></span> <span class='ocrx_word' id='word_1_1006' title='bbox 2752 5364 2920 5427; x_wconf 87' lang='lat' dir='ltr'><strong>primo</strong></span> <span class='ocrx_word' id='word_1_1007' title='bbox 2958 5362 3070 5416; x_wconf 84' lang='lat' dir='ltr'><strong>loco</strong></span> <span class='ocrx_word' id='word_1_1008' title='bbox 3116 5379 3312 5423; x_wconf 80' lang='lat' dir='ltr'><strong>memo-</strong></span> 
     </span>
    </p>
   </div>
   <div class='ocr_carea' id='block_1_146' title="bbox 1772 5427 3314 5493">
    <p class='ocr_par' dir='ltr' id='par_1_146' title="bbox 1772 5427 3314 5493">
     <span class='ocr_line' id='line_1_152' title="bbox 1772 5427 3314 5493; baseline 0.005 -17"><span class='ocrx_word' id='word_1_1009' title='bbox 1772 5437 1916 5478; x_wconf 89' lang='lat' dir='ltr'><strong>rctur</strong></span> <span class='ocrx_word' id='word_1_1010' title='bbox 1944 5427 2207 5492; x_wconf 79' lang='lat' dir='ltr'><strong>Paganus;</strong></span> <span class='ocrx_word' id='word_1_1011' title='bbox 2252 5429 2371 5493; x_wconf 87' lang='lat' dir='ltr'><strong>quia</strong></span> <span class='ocrx_word' id='word_1_1012' title='bbox 2412 5429 2655 5480; x_wconf 91' lang='lat' dir='ltr'><strong>nimirum</strong></span> <span class='ocrx_word' id='word_1_1013' title='bbox 2696 5430 3097 5485; x_wconf 85' lang='lat' dir='ltr'><strong>instrumentum</strong></span> <span class='ocrx_word' id='word_1_1014' title='bbox 3130 5429 3314 5483; x_wconf 77' lang='lat' dir='ltr'><strong>funda.-</strong></span> 
     </span>
    </p>
   </div>
   <div class='ocr_carea' id='block_1_147' title="bbox 1773 5496 3310 5565">
    <p class='ocr_par' dir='ltr' id='par_1_147' title="bbox 1773 5496 3310 5565">
     <span class='ocr_line' id='line_1_153' title="bbox 1773 5496 3310 5565; baseline 0.005 -20"><span class='ocrx_word' id='word_1_1015' title='bbox 1773 5496 1928 5546; x_wconf 88' lang='lat' dir='ltr'><strong>tionis</strong></span> <span class='ocrx_word' id='word_1_1016' title='bbox 1952 5510 1979 5546; x_wconf 90' lang='lat' dir='ltr'><strong>a</strong></span> <span class='ocrx_word' id='word_1_1017' title='bbox 2006 5496 2284 5548; x_wconf 67' lang='lat' dir='ltr'><strong>liertboldo</strong></span> <span class='ocrx_word' id='word_1_1018' title='bbox 2312 5498 2460 5565; x_wconf 68' lang='lat' dir='ltr'><strong>laete</strong></span> <span class='ocrx_word' id='word_1_1019' title='bbox 2489 5497 2789 5550; x_wconf 85' lang='lat' dir='ltr'><strong>renovabat.</strong></span> <span class='ocrx_word' id='word_1_1020' title='bbox 2822 5497 2984 5565; x_wconf 88' lang='lat' dir='ltr'><strong>llujus</strong></span> <span class='ocrx_word' id='word_1_1021' title='bbox 3015 5502 3310 5554; x_wconf 73' lang='lat' dir='ltr'><strong>documenti</strong></span> 
     </span>
    </p>
   </div>
   <div class='ocr_carea' id='block_1_148' title="bbox 1776 5564 3308 5677">
    <p class='ocr_par' dir='ltr' id='par_1_148' title="bbox 1776 5564 3308 5677">
     <span class='ocr_line' id='line_1_154' title="bbox 1776 5564 3308 5677; baseline 0.006 -64"><span class='ocrx_word' id='word_1_1022' title='bbox 1776 5565 2087 5677; x_wconf 62' lang='lat' dir='ltr'><strong>auctoriqtate</strong></span> <span class='ocrx_word' id='word_1_1023' title='bbox 2101 5565 2360 5617; x_wconf 85' lang='lat' dir='ltr'><strong>utimurin</strong></span> <span class='ocrx_word' id='word_1_1024' title='bbox 2380 5564 2596 5617; x_wconf 85' lang='lat' dir='ltr'><strong>Dissert.</strong></span> <span class='ocrx_word' id='word_1_1025' title='bbox 2629 5565 2648 5616; x_wconf 85' lang='lat' dir='ltr'><strong>l</strong></span> <span class='ocrx_word' id='word_1_1026' title='bbox 2670 5566 2757 5619; x_wconf 92' lang='lat' dir='ltr'><strong>ubi</strong></span> <span class='ocrx_word' id='word_1_1027' title='bbox 2774 5568 2836 5619; x_wconf 81' lang='lat' dir='ltr'><strong>de</strong></span> <span class='ocrx_word' id='word_1_1028' title='bbox 2855 5564 3079 5621; x_wconf 84' lang='lat' dir='ltr'><strong>Henrico</strong></span> <span class='ocrx_word' id='word_1_1029' title='bbox 3104 5568 3308 5637; x_wconf 78' lang='lat' dir='ltr'><strong>egimus</strong></span> 
     </span>
     <span class='ocr_line' id='line_1_155' title="bbox 1776 5646 2013 5677; baseline 0 0"><span class='ocrx_word' id='word_1_1030' title='bbox 1776 5646 1919 5677; x_wconf 88' lang='lat' dir='ltr'><strong>num.</strong></span> <span class='ocrx_word' id='word_1_1031' title='bbox 1967 5669 1978 5677; x_wconf 84' lang='grc'>.</span> <span class='ocrx_word' id='word_1_1032' title='bbox 2002 5671 2013 5677; x_wconf 90' lang='grc'><strong>-</strong></span> 
     </span>
    </p>
   </div>
   <div class='ocr_carea' id='block_1_149' title="bbox 1776 5646 2013 5683">
    <p class='ocr_par' dir='ltr' id='par_1_149' title="bbox 1776 5646 2013 5683">
     <span class='ocr_line' id='line_1_156' title="bbox 1776 5646 2013 5683; baseline 0.008 -2"><span class='ocrx_word' id='word_1_1033' title='bbox 1776 5646 1919 5681; x_wconf 85' lang='lat' dir='ltr'><strong>num.</strong></span> <span class='ocrx_word' id='word_1_1034' title='bbox 1965 5646 2013 5683; x_wconf 74' lang='grc' dir='ltr'><strong>υ.</strong></span> 
     </span>
    </p>
   </div>
  </div>
