3872 6230
253 369 354 424 669

1456 378 1794 456 APPENDlX
1832 378 2163 434 SECUNDA.

3306 383 3409 434 εῖῗῦ

252 482 473 535 Austri-.e
510 484 562 536 in
599 487 786 554 stupha
823 484 1037 539 Consilii
1082 485 1132 538 in
1173 485 1326 552 pleno
1366 486 1595 542 Consilio
1631 491 1780 556 juxta
1811 497 1858 548 Α
1890 488 2217 551 describitur,
2255 491 2407 544 sicuti
2434 491 2781 546 inobedientia
2810 492 2875 545 ab
2911 496 3151 548 erunibus
3183 495 3409 550 detesta-

255 564 467 612 morem,
492 563 596 605 CIC.

324 617 490 690 super
512 634 576 673 eo
603 620 748 690 quod
764 621 1008 690 dominus
1028 629 1208 674 noster
1234 620 1473 676 dominus
1517 622 1787 690 Philippus

254 686 319 766 de
361 686 945 766 Al-cncpniocpiscopus
981 689 1285 766 ﬁabinensis
1314 691 1595 766 cardinalis
1617 686 1672 766 ei
1694 686 1786 758 pa-

255 755 482 807 triarcha
512 755 862 826 Aquileiensis
900 756 1052 826 petiit
1094 756 1194 826 sibi
1233 757 1509 826 consilium
1552 761 1664 813 dari
1692 755 1786 826 per

255 836 528 876 commune
567 823 906 877 Civitatense’
933 823 999 877 de
1041 825 1196 892 modo
1224 825 1446 877 tenendo
1489 835 1541 878 et
1569 827 1652 878 via
1691 823 1786 892 per

253 904 404 960 quam
434 901 615 944 contra
647 892 924 946 Utinenses
955 901 1008 944 et
1042 891 1324 960 collegatos
1357 893 1452 944 sibi
1483 891 1785 948 recusantes

252 958 464 1010 obedire
486 968 732 1025 tanquam
757 974 939 1013 eorum
967 961 1178 1026 proprio
1189 958 1415 1013 domino
1443 969 1499 1013 ut
1522 962 1712 1014 debent
1732 971 1786 1016 et

253 1034 495 1078 tenentur
517 1044 528 1078 :
549 1027 686 1097 item
717 1028 1188 1097 quomododebeat
1215 1028 1481 1097 ambulare
1509 1040 1782 1097 postquam

254 1095 682 1148 mansuetudines
706 1103 760 1148 et
785 1095 1136 1147 humanitates
1165 1096 1216 1147 in
1253 1095 1546 1150 reducendo
1577 1095 1692 1150 illos
1718 1098 1783 1149 ad

251 1161 478 1214 debitam
502 1163 850 1216 obedientiam
885 1163 1180 1215 nullatenus
1215 1162 1557 1228 profuerunt:
1589 1166 1783 1218 delibe-

252 1238 420 1280 ratum
465 1241 517 1282 et
561 1230 829 1283 deﬁnitum
871 1230 969 1283 fuit
996 1231 1132 1297 quod
1159 1231 1327 1283 eidem
1361 1232 1574 1286 domino
1603 1242 1783 1286 nostro

249 1311 313 1347 ex
340 1306 488 1365 parte
510 1300 803 1352 communis
827 1299 1161 1360 consulatur,
1206 1299 1343 1364 quod
1382 1300 1492 1421 ἰιίςε
1529 1302 1782 1368 supplicet

251 1364 460 1417 domino
487 1375 663 1419 nostro
702 1381 865 1421 name.
907 1374 964 1418 ut
1003 1377 1184 1419 contra
1233 1368 1370 1421 ipsos
1443 1367 1692 1421 'tinenses
1729 1376 1782 1421 et

251 1364 460 1434 domino
487 1375 663 1419 nostro
702 1381 865 1434 papae,
907 1374 964 1418 ut
1003 1377 1184 1434 contra
1231 1368 1370 1434 ipsos
1402 1364 1692 1422 Utinens‘es
1729 1376 1783 1422 et

248 1431 377 1504 alios
409 1431 716 1504 recusantes
737 1431 950 1504 obedire
975 1433 1190 1501 prmfato
1213 1431 1427 1489 demino
1471 1446 1651 1490 nostro
1686 1452 1780 1504 pa-

249 1500 491 1572 triarchae
524 1512 579 1572 et
605 1503 856 1572 cardinali
886 1500 1059 1572 mittat
1095 1517 1370 1569 processus
1394 1519 1517 1557 suos
1541 1500 1782 1572 gravatos

249 1568 402 1639 sicuti
428 1571 573 1622 curia
607 1570 836 1623 Bouiana
867 1571 1077 1623 sciverit
1097 1568 1338 1639 gravare,
1363 1581 1415 1624 et
1451 1568 1588 1638 quod
1610 1584 1704 1639 per
1725 1588 1781 1626 se

247 1637 488 1708 dominus
509 1646 685 1692 noster
707 1639 1005 1708 patriarcha
1027 1637 1167 1708 petat
1195 1647 1247 1691 et
1276 1637 1487 1708 inducat
1512 1637 1776 1708 pnelatos,

246 1706 463 1764 nobiles,
481 1716 546 1776 ct
569 1707 986 1776 communitates,
1015 1707 1104 1776 qui
1131 1715 1252 1758 sunt
1278 1707 1378 1776 sibi
1401 1706 1702 1762 cbedieutes
1725 1710 1776 1761 in

245 1775 511 1855 prmsenti,
540 1776 886 1855 ut‘ad‘ipsurn
914 1775 1448 1855 dominmnmistrum
1482 1792 1666 1845 papam
1681 1793 1780 1855 .su-
1816 1801 1854 1855 Β

244 1855 336 1912 per
360 1843 470 1912 hoc
499 1845 708 1896 mittant
733 1843 947 1912 nuntios
960 1858 1126 1912 suos:
1157 1851 1211 1894 et
1251 1845 1390 1912 quod
1432 1843 1779 1899 communitas

244 1910 418 1963 facere
462 1910 892 1981 intenditetvult
918 1911 1160 1981 libenter
1202 1910 1282 1963 ex'
1313 1911 1475 1965 latere
1504 1928 1600 1966 suo
1640 1916 1781 1981 quod

245 1987 416 2048 potest
440 1997 451 2030 ε
483 1989 536 2032 et
570 1979 705 2046 quod
737 1979 871 2048 idem
900 1979 1141 2031 dominus
1166 1989 1343 2048 noster
1365 1989 1545 2032 utatur
1562 1979 1774 2048 proces-

243 2046 386 2098 sibus
413 2049 702 2114 papalibus,
729 2055 782 2099 et
805 2047 963 2099 etiam
1003 2061 1190 2114 guerra
1234 2046 1497 2115 utrinque,
1539 2046 1582 2101 si
1626 2049 1782 2103 fuerit

242 2124 610 2180 opportunum.
640 2116 832 2168 Verum
856 2123 1134 2181 antequam
1161 2116 1224 2167 ad
1244 2130 1486 2182 guerram
1513 2119 1777 2184 procedat,

243 2195 394 2248 posse
439 2199 590 2253 suum
630 2192 682 2253 et
725 2191 978 2251 quantum
1027 2191 1209 2253 potest
1239 2184 1470 2253 inquit-at
1506 2186 1782 2253 diligenter

244 2261 346 2302 tam
375 2266 404 2301 a
429 2253 538 2304 suis
561 2252 816 2313 ﬁdelibus,
841 2266 995 2318 quam
1019 2252 1085 2322 ab
1111 2251 1323 2305 amicis:
1351 2252 1464 2316 Quo
1502 2251 1782 2322 suo‘posse

241 2325 366 2388 tunc
396 2329 632 2386 pensato.
660 2328 780 2374 tunc
811 2335 1000 2372 novum
1023 2319 1241 2388 factum,
1269 2335 1459 2388 novum
1484 2319 1778 2375 consilium.

241 2385 503 2440 Praeterea
530 2389 736 2440 dicatur
779 2389 937 2441 etiam
973 2388 1068 2454 ipsi
1097 2387 1308 2441 domino
1349 2385 1682 2454 pa’triarclue,
1725 2400 1781 2443 ut

241 2454 437 2523 factum
470 2471 621 2508 suum
646 2457 887 2510 ostendat
911 2455 1026 2523 aliis
1061 2457 1170 2508 suis
1203 2455 1470 2519 ﬁdelibus,
1513 2467 1566 2510 et
1606 2462 1780 2512 consi-

242 2522 366 2601 lium
393 2532 553 2604 petat
574 2525 640 2604 ab
669 2524 765 2586 eis,
794 2525 967 2604 sicut
991 2523 1148 2604 275
1193 2525 1344 2604 petiit
1367 2540 1395 2576 a
1424 2528 1686 2604 communi
1717 2528 1782 2581 de

243 2591 322 2643 via
354 2601 410 2645 et
437 2594 588 2646 modo
619 2593 828 2647 tenendi
853 2600 1035 2646 contra
1054 2591 1202 2660 ipsos
1233 2592 1528 2646 Utinenses.
1559 2594 1782 2648 Praeter-

241 2675 300 2713 ea
331 2661 676 2713 deliberatum
719 2661 832 2722 fuit,
875 2661 1014 2728 quod
1044 2664 1086 2714 si
1125 2661 1364 2730 dominus
1391 2671 1570 2716 noster
1593 2664 1781 2730 przcdi-

241 2738 356 2780 ctus
391 2740 593 2796 peteret
616 2745 733 2781 cum
757 2744 896 2795 quan
923 2745 953 2780 0
977 2731 1077 2781 sibi
1104 2729 1230 2781 velit
1261 2746 1309 2780 in
1335 2744 1523 2791 guerra
1553 2729 1776 2785 servire:

241 2811 396 2864 super
422 2800 521 2849 hoc
552 2798 637 2850 ﬁat
668 2798 927 2864 generalis
956 2797 1241 2865 responsio,
1273 2807 1326 2849 et
1361 2813 1463 2849 non
1497 2800 1737 2864 specialis
1764 2818 1776 2852 :

239 2867 456 2932 etquod
501 2866 708 2917 interim
754 2865 824 2916 illi
867 2865 1098 2932 deputati
1133 2866 1399 2932 inquirant
1425 2881 1542 2918 cum
1585 2875 1782 2934 quanto

240 2947 517 3001 commune
543 2942 715 3001 potest
745 2935 963 2993 servire,
1001 2941 1054 2986 et
1091 2942 1214 2986 tunc
1250 2934 1554 2987 relationem
1580 2939 1702 2989 dent
1729 2937 1782 2989 in

243 3000 474 3070 Consilio
503 3019 514 3052 :
543 3000 663 3070 iquo
691 3002 830 3054 facto
856 3018 1047 3054 novum
1075 3002 1380 3064 Consilium,
1413 3013 1513 3056 etc.

308 3069 418 3137 Ego
450 3069 656 3124 Martius
693 3071 951 3123 Antonius
973 3071 1260 3123 Nicolettus
1281 3072 1410 3123 ciVis
1439 3080 1490 3123 et
1517 3072 1781 3124 vice-can-

241 3138 484 3191 cellarius
513 3140 743 3191 civitatis
773 3139 1005 3204 Forijnlii
1046 3147 1332 3205 priesentes
1356 3139 1689 3193 deﬁnitiones
1714 3155 1778 3192 ex

241 3221 430 3275 magno
453 3207 712 3259 volumine
737 3207 1097 3259 deﬁnitionum
1126 3206 1415 3274 magniﬁca:
1436 3209 1784 3261 communita-

229 3277 307 3342 ,tis
347 3276 577 3344 civitatis
605 3289 766 3341 penes
803 3290 889 3344 me
925 3276 1186 3328 existente
1217 3275 1440 3329 ﬁdeliter
1466 3277 1780 3344 exemplavi,

243 3351 294 3396 et
317 3344 369 3397 in
403 3343 561 3398 ﬁdem
584 3359 667 3396 me
690 3343 997 3411 subscripsi,
1023 3351 1124 3397 etc.

911 3453 1123 3508 XXXV.

287 3579 312 3605 ι
338 3563 664 3619 EPISTOLA
699 3562 898 3615 REGIS
934 3561 1328 3616 JERUSALEM
1359 3563 1443 3616 ET
1474 3563 1732 3618 SlClLlE

237 3676 293 3729 in
330 3678 552 3746 gratiam
591 3659 869 3727 cardinalis
915 3673 976 3725 de
995 3672 1293 3793 (Algnconio
1335 3672 1663 3729 Utinensibus
1705 3675 1783 3728 di-

583 3787 585 3789 .
911 3758 1046 3793 reca
1110 3781 1123 3793 .

911 3758 1046 3794 recta
1078 3758 1123 3794 τ’.

376 3829 490 3880 Viri
519 3828 716 3881 nobiles
745 3830 914 3882 devoti
945 3829 1262 3893 eharissimi,

307 3897 820 3968 ltevcrentljssimum
851 3899 900 3949 in
929 3899 1139 3968 Christo
1159 3907 1360 3968 patrem
1392 3901 1661 3953 dominum
1689 3915 1782 3968 pa-

241 3965 528 4019 triarcham
571 3965 661 4018 Dei
688 3967 853 4032 gratia
883 3967 1185 4034 episcopum
1215 3966 1560 4021 Sabinensem
1588 3965 1781 4021 sanctae

242 4034 490 4086 Romana:
513 4034 761 4103 Ecclesiae
785 4033 1130 4095 cardinalem,
1159 4035 1357 4089 dictum
1391 4035 1458 4090 de
1491 4035 1777 4103 Langonio,

242 4102 684 4181 consanguineum
713 4111 946 4155 nostrum
985 4103 1315 4181 carissimum
1365 4121 1436 4181 ei
1456 4102 1630 4181 dignis
1655 4120 1781 4181 con-

241 4171 644 4223 siderationibus
685 4179 1063 4239 prosequentes
1107 4176 1326 4226 sincera:
1368 4171 1662 4228 dilectionis
1706 4174 1782 4226 ai-

243 4239 379 4291 l’ectu
425 4240 556 4307 adeo
609 4241 747 4306 quod
796 4242 958 4307 ipsius
998 4255 1403 4307 procurarcmus
1451 4243 1678 4295 honores
1723 4250 1778 4294 et

243 4306 535 4377 commoda,
563 4316 614 4360 et
637 4306 953 4361 evitaremus
983 4306 1208 4361 libenter
1235 4312 1478 4377 quzelibet
1509 4312 1662 4363 noxia
1692 4311 1780 4364 de—

242 4375 516 4445 trimenta;
547 4385 820 4444 propterea
843 4377 1173 4430 devotionem
1203 4375 1430 4431 vestram
1459 4380 1776 4445 requirimus

1803 3109 1850 3171 C

1888 565 1992 626 tur,
2031 557 2203 626 velitis
2241 574 2271 610 a
2308 558 2624 626 quibuslibet
2664 560 3024 622 inqbedientize
3049 570 3103 614 et
3141 565 3409 616 contradi-

1885 623 2075 694 ctionis
2121 623 2480 694 actibus'erga
2515 628 2720 694 dictum
2771 630 3043 681 Dominum
3085 632 3407 684 cardinalem

1883 689 2156 764 desistere,
2178 702 2231 746 et
2259 694 2356 747 sibi
2381 689 2443 747 ac
2470 692 2775 764 ollicialibus
2794 696 2902 750 suis
2923 698 3168 764 tanquam
3196 699 3409 751 domino

1884 759 2112 832 civitatis
2141 761 2325 832 ipsius,
2350 771 2408 814 ut
2427 763 2656 832 ponitur,
2681 764 2733 816 in
2762 765 2843 816 his
2869 766 2920 816 in
2951 759 3140 832 quibus
3174 767 3407 818 rationa-

1884 825 2060 894 biliter
2085 825 2328 881 tenemini
2360 841 2412 882 et
2427 825 2654 894 debetis,
2699 825 2983 884 intendere'
2997 841 3049 886 et
3077 833 3290 886 obedire
3318 848 3408 884 ve-

1883 893 2009 966 litis,
2041 909 2158 947 cum
2182 898 2330 966 vobis
2357 899 2409 951 id
2435 899 2534 950 erit
2564 900 2627 950 ad
2657 899 2946 966 profectum
2977 910 3030 953 et
3050 902 3402 962 commodum,

1883 962 2134 1034 nobisque
2161 965 2226 1034 ad
2248 967 2473 1034 speciale
2493 962 2798 1034 obsequium
2822 968 3169 1021 ascribemus.

1952 1029 2139 1099 Datum
2187 1029 2396 1099 Neapoli
2432 1035 2528 1087 sub
2566 1029 2723 1089 anulo
2767 1046 2948 1092 nostro
2976 1045 3178 1090 secreto
3219 1039 3303 1091 die
3339 1037 3406 1088 Η

1883 1095 2023 1159 Maii,
2047 1098 2082 1148 .5
2106 1095 2408 1153 lndictionis
2432 1112 2477 1152 α.
2550 1145 2554 1155 ι

1951 1163 2073 1240 Post
2099 1167 2276 1240 datum
2307 1169 2595 1240 addicimus
2631 1171 2765 1237 quod
2805 1174 3055 1240 quidquid
3089 1172 3281 1226 favoris
3325 1172 3407 1225 vel

1882 1233 2210 1308 assisfentizc,
2231 1250 2320 1308 seu
2339 1234 2563 1308 forsitan
2591 1233 2982 1292 in'contrariur'n
3009 1257 3101 1308 per
3124 1257 3215 1293 vos
3237 1242 3405 1293 eidem

1881 1298 2103 1376 Domino
2122 1304 2369 1376 cardinali
2398 1306 2688 1372 impensum
2713 1308 2886 1370 fuerit,
2916 1298 3064 1362 nobis
3091 1310 3300 1376 preprie
3328 1324 3408 1361 re-

1853 1403 1865 1427 ς
1879 1368 2178 1433 putabimus
2207 1370 2421 1423 factum.

1948 1434 2166 1490 Carolus
2190 1453 2279 1490 rex
2309 1439 2632 1493 Hierusalem
2653 1452 2705 1494 et
2729 1443 2937 1498 Siciliae.

2474 1519 2480 1523 ’
2528 1549 2757 1602 xxxvr

1927 1653 1952 1692 ἀ
1977 1654 2298 1710 EPISTOLA
2325 1658 2695 1712 ELISABETH
2721 1659 3085 1714 HUNGARL‘E
3113 1660 3360 1716 REGI‘NA

2329 1765 2530 1821 Civibus
2565 1765 2889 1821 Utincnsibus
2915 1779 2959 1820 θ.

1951 1863 2056 1916 Nos
2090 1857 2354 1913 Elisabeth
2381 1856 2472 1908 Dei
2512 1856 2682 1923 gratia
2725 1856 2902 1924 regina
2932 1855 3225 1927 liungarize,
3256 1857 3410 1912 Polo-

1881 1934 1999 1991 niae,
2025 1926 2314 1983 Dalmatia;
2339 1933 2442 1978 etc.

1952 2001 2054 2052 Vos
2079 1997 2342 2062 sapientes
2366 1996 2418 2044 e't
2444 1991 2646 2062 nobiles
2672 1993 2812 2046 viros
2855 1993 3140 2062 regiminis,
3169 1993 3408 2062 consules

1879 2065 2107 2122 civitatis
2139 2061 2294 2116 ’Utiui
2315 2101 2327 2120 ,
2355 2061 2554 2112 amicos
2593 2071 2817 2121 nostros,
2861 2061 3204 2112 amicabiliter
3236 2061 3412 2112 horta-

1880 2151 1996 2188 mur
2017 2143 2067 2186 et
2096 2131 2395 2192 affectuose,
2419 2137 2676 2195 quatenus
2703 2129 2958 2194 illustrem
2993 2129 3278 2195 principem
3319 2130 3410 2180 do—

1882 2205 2077 2255 minum
2114 2197 2432 2266 Le0poldum
2465 2197 2648 2249 ducem
2673 2197 2898 2266 Austris:
2931 2195 3145 2250 fratrem
3173 2205 3410 2249 nostrum

1881 2265 2248 2324 charissimam
2279 2280 2397 2319 cum
2437 2274 2712 2334 sua-gente
2737 2265 2994 2333 armigera
3019 2279 3205 2334 versus
3232 2272 3410 2332 partes

1879 2338 2039 2391 Italia:
2075 2335 2492 2404 proﬁciscentem
2534 2333 2629 2399 per
2675 2341 2882 2404 tenuitas
2927 2333 3272 2404 dominiorum
3319 2347 3412 2385 ve-

1879 2400 2105 2479 strorum
2128 2403 2582 2479 paciﬁce‘gressus
2625 2417 2747 2479 suos
2786 2400 2960 2453 facere
2985 2401 3319 2479 permittatis,
3355 2409 3410 2479 et

1879 2475 1976 2527 sibi
2012 2489 2074 2526 ac
2109 2468 2217 2524 sua:
2258 2468 2397 2538 genti
2427 2468 2698 2538 prredicue
2726 2483 2822 2536 pro
2859 2483 3042 2520 eorum
3080 2470 3299 2536 pecunia
3327 2469 3411 2538 vi,-

1879 2543 2072 2596 ctualia
2099 2535 2394 2594 necessaria
2427 2535 2550 2590 dare
2579 2535 2784 2589 faciatis
2818 2545 3007 2589 nostra:
3049 2535 3326 2604 petitionis.
3342 2537 3410 2590 ob

1881 2613 2430 2678 respectuin,pgratam
2466 2605 2616 2658 nobis
2653 2605 3082 2672 complaeeutlam
3118 2605 3413 2658 exhibendo

1881 2695 1932 2732 in
2002 2691 2269 2730 memissus.

1950 2694 2138 2798 [gntum
2187 2745 2238 2795 in
2286 2740 2586 2809 Kemphe'7
2615 2741 2700 2795 die
2740 2740 2936 2794 mensis
2973 2738 3237 2805 Octobris,
3275 2755 3412 2796 anno

1881 2814 2086 2867 Domini
2115 2813 2266 2866 1585.
2631 2859 2636 2862 ,
3303 2841 3306 2843 -

2323 2893 2327 2896 ·
2497 2876 2608 2930 ’ΧΧ
2617 2877 2770 2932 XVII.

2061 2968 2077 3005 ‘
2112 2966 2424 3033 QUERELA
2456 2963 2801 3019 COMMUNlS
2839 2965 3238 3020 FLORENTl/E

2441 3055 2507 3109 In
2537 3055 2798 3108 Utinemes
2817 3059 2860 3108 ε.

2017 3149 2187 3203 Amici
2217 3145 2532 3213 eharissimi,

1946 3217 2063 3272 lam
2110 3217 2302 3271 dudum
2339 3213 2634 3267 audivimus
2678 3226 2771 3265 vos
2820 3212 2989 3272 malis,
3040 3221 3097 3264 ut
3144 3221 3435 3278 putamus,

1879 3286 2300 3358 suggestionibus
2325 3283 2632 3358 informatus
2657 3288 2869 3358 propter
2896 3281 3242 3358 discordiam,
3256 3297 3411 3349 quam

1879 3348 2003 3411 cuin
2033 3353 2468 3408 reverendissimo
2504 3358 2653 3416 patre
2686 3356 2865 3401 nostro
2892 3351 2958 3401 de
2995 3348 3282 3402 Alenconio
3321 3365 3413 3417 pa-

1879 3425 2113 3478 triarcha
2134 3423 2440 3490 Aquili-gen.
2470 3418 2792 3490 multa‘bona
2817 3417 3024 3490 mobilia
3045 3425 3097 3490 et
3126 3418 3409 3490 immobilia

1878 3493 2096 3547 Joannis
2133 3484 2258 3544 olim
2305 3484 2576 3542 Castronis
2616 3485 2679 3537 de
2717 3484 2871 3536 Bardi
2913 3485 3235 3538 dilectissimi
3280 3487 3413 3540 civis

1879 3564 2042 3614 nostri
2073 3568 2126 3613 et
2163 3559 2400 3618 fratrum,
2429 3554 2741 3608 auctoritate
2763 3552 2967 3620 publica
3008 3553 3317 3607 distraxissc
3341 3569 3406 3608 ex

1879 3646 1944 3684 eo
1971 3629 2109 3696 quod
2137 3626 2368 3696 praedicti
2409 3623 2606 3696 domini
2651 3620 3414 3696 patriarcha:_fautoribtis_ad-

1881 3690 2044 3752 haeret
2067 3714 2078 3747 :
2109 3690 2212 3762 quo
2240 3695 2448 3761 quidem
2477 3691 2655 3745 audito
2681 3705 2862 3743 smnus
2887 3690 3062 3742 multis
3089 3691 3412 3758 respectibus

1879 3766 2137 3819 admirati.
2168 3764 2296 3816 Nam
2335 3763 2472 3830 quod
2504 3762 2612 3830 ipse
2635 3768 2883 3830 vestrum
2915 3767 3112 3830 patrem
3139 3768 3192 3830 et
3228 3775 3412 3830 verum

1880 3834 2166 3904 antistitem
2195 3827 2646 3904 sequeretur,sibi
2667 3841 2776 3904 non
2806 3827 2985 3904 debuit
3012 3827 3076 3879 ad
3100 3827 3305 3904 culpam
3331 3829 3413 3904 vel

1880 3903 2088 3970 aliquod
2132 3894 2332 3970 facinus
2369 3896 2634 3970 imputari.
2667 3894 2878 3946 Placeat
2914 3895 3076 3970 igitur
3113 3894 3411 3961 hujusmodi

1880 3961 2014 4025 bona
2046 3979 2150 4022 tam
2186 3969 2231 4022 ei
2261 3981 2426 4035 quam,
2443 3961 2721 4025 fratribus,
2757 3977 2874 4028 qua:
2901 3961 3013 4017 sine
3033 3961 3192 4035 justa
3233 3979 3410 4035 causa,

1881 4042 2016 4094 sicut
2061 4031 2316 4099 videmus,
2345 4034 2518 4087 ablata
2545 4041 2686 4093 sunt,
2723 4045 2840 4098 quae
2877 4032 3210 4098 reperiuntur
3242 4031 3416 4086 facere

1881 4107 2106 4166 restitui,
2131 4115 2183 4158 et
2211 4109 2653 4172 quzeconsumpta
2699 4100 2887 4172 forent,
2922 4102 3299 4172 reStauratione
3326 4103 3416 4172 de-

1880 4179 1987 4231 bita
2015 4167 2274 4228 resa‘rciri.
2300 4171 2428 4223 Nam
2461 4167 2583 4223 curn
2605 4170 2773 4222 dictus
2798 4167 3024 4221 Joannes
3045 4179 3098 4221 et
3122 4167 3312 4221 fratres
3341 4170 3414 4222 ci-

1879 4261 1971 4298 ves
1997 4243 2160 4296 nostri
2201 4241 2324 4303 sint,
2360 4255 2464 4292 non
2495 4244 2770 4305 possumus
2801 4238 2877 4294 eis
2907 4238 2957 4289 in
2996 4245 3099 4290 tam
3139 4235 3413 4290 manifesta

1881 4311 2310 4381 injuriajusjitize
2332 4308 2563 4381 del-itum
2588 4306 2909 4381 denegare

1949 4371 2131 4433 Datum
2159 4377 2438 4431 Florentia:
2467 4375 2549 4427 die
2583 4375 2643 4424 is
2674 4373 2826 4425 Febr.
2858 4373 3040 4426 indict.
3071 4372 3122 4432 7,
3152 4371 3305 4425 1584.

242 4424 1333 4511 eiMisi-.1ﬁﬁ'ﬁdiiéﬁd‘s'cbﬁéidéiaiiiéé;
1348 4424 1775 4513 quodwobedien-
1805 4424 1852 4480 θ
1945 4424 2154 4502 13;;er
2185 4448 2376 4499 artium
2402 4452 2454 4496 et
2486 4441 2742 4496 vexillifer
2759 4441 2979 4510 iustitiae
2999 4441 3176 4509 populi
3199 4448 3252 4493 et
3272 4455 3420 4494 com-

241 4513 325 4578 the
367 4512 533 4566 virtus
581 4515 865 4566 maximum
907 4515 1101 4568 donum
1149 4512 1493 4568 condictibnis
1535 4517 1777 4568 humana:

309 4656 333 4683 α
363 4645 466 4698 An.
498 4646 650 4700 4582.
683 4647 760 4699 Ex
804 4646 1036 4700 Archivo
1077 4646 1316 4701 Civitatis
1346 4645 1511 4709 Utin.,
1534 4648 1626 4700 cit.
1655 4661 1774 4716 pag.

245 4728 336 4766 XII.

309 4783 334 4819 ι’
439 4781 621 4852 tergo:
653 4781 924 4852 Nobilibus
952 4794 998 4836 et
1035 4783 1376 4852 prudentibus
1409 4783 1526 4835 viris
1557 4793 1603 4834 et
1642 4800 1780 4835 com-

242 4851 379 4902 muni
407 4849 626 4902 cim’tatis
651 4849 872 4904 bdinen.
903 4849 1091 4905 devotis
1119 4852 1306 4903 nostris
1332 4851 1665 4904 charissimis.

311 4929 331 4954 ο
362 4919 416 4970 lu
451 4919 549 4971 hac
573 4920 757 4972 charta
787 4935 954 4973 annus
979 4936 1079 4972 non
1106 4920 1414 4986 apponitur;
1446 4921 1534 4971 sed
1564 4919 1779 4972 indictio

240 4985 272 5038 5
299 4987 475 5054 prodit
504 5003 699 5040 annum
734 4987 886 5042 1582.
919 4989 1030 5042 Non
1060 4985 1199 5039 enim
1230 4988 1330 5040 alia
1378 4987 1596 5041 indictio
1625 4987 1780 5055 hujus

242 5055 442 5108 numeri
484 5057 580 5108 sub
619 5057 1075 5110 administratione
1125 5056 1346 5123 Philippi
1387 5056 1451 5109 de
1489 5057 1778 5110 Alenconio

240 5123 485 5192 occurrit.
511 5123 714 5192 Quippe
737 5127 1163 5180 constantissime
1191 5125 1533 5179 Utinensibils
1554 5141 1671 5178 cum
1696 5140 1781 5178 so-

242 5191 336 5261 ciis
380 5191 794 5261 detrectantibus
837 5210 1023 5261 parere
1070 5193 1516 5247 commcndatario
1563 5194 1643 5246 sui
1689 5209 1780 5260 pa-

243 5260 576 5324 triarchatus,
619 5276 772 5328 quem
823 5260 1033 5330 semper
1069 5277 1163 5316 ceu
1209 5262 1456 5331 pupillam
1486 5263 1622 5314 oculi
1661 5263 1777 5315 tuizi

242 5335 379 5400 sunt,
401 5338 453 5400 et
474 5345 611 5400 nun_c
639 5345 805 5398 usque
831 5341 1082 5400 quantum
1108 5331 1230 5383 licet
1257 5346 1352 5398 pro
1379 5331 1515 5384 virili
1544 5339 1774 5393 tuentur,

243 5411 298 5450 re
339 5394 790 5470 infectaﬂomam
829 5394 1098 5470 regressus
1141 5410 1219 5451 est
1243 5394 1524 5470 postquam
1563 5415 1656 5452 suo
1687 5402 1777 5452 ad-

242 5474 410 5536 ventu
423 5467 664 5536 pertinax
690 5476 744 5521 ct
767 5467 1108 5522 acre'bellum
1140 5467 1460 5522 excitaverat
1487 5470 1538 5522 in
1566 5470 1777 5536 provin-

243 5533 750 5606 cia.Forojuliensi,
793 5538 931 5605 quod
985 5537 1278 5606 przeprirnis
1323 5533 1639 5604 procurante
1684 5553 1774 5604 per

244 5605 475 5676 oratores
501 5606 953 5676 suosElisabeth
997 5610 1175 5676 regina
1216 5605 1510 5673 llungarize,
1539 5615 1592 5657 et
1628 5607 1774 5676 adni—

248 5673 466 5728 tentibus
499 5673 706 5728 Venetis
735 5684 844 5743 post
877 5673 1082 5733 sextum
1117 5676 1323 5730 tandem
1351 5690 1544 5729 annum
1575 5675 1771 5729 exstin-

1877 4523 2050 4571 munis
2078 4515 2372 4569 Florentiae.

1879 4648 2074 4716 guilur.
2100 4646 2230 4716 Vide
2261 4644 2399 4696 inter
2432 4649 2697 4716 nostrates
2725 4641 3185 4716 historiograpbos
3223 4641 3416 4716 Candi-

1880 4709 2134 4770 dum......
2168 4712 2287 4765 Haec
2323 4720 2406 4764 est
2453 4712 2538 4764 illa
2584 4711 2880 4774 Elisabeth,
2917 4709 3036 4777 quae
3077 4709 3422 4764 Utinensibus

1879 4800 1942 4837 co
2001 4792 2244 4849 tempore
2293 4781 2511 4834 honoris
2574 4779 2778 4849 plenam
2848 4780 3118 4849 epistolam
3183 4778 3410 4842 direxit,

1880 4869 2035 4920 quam
2071 4847 2322 4917 prodere,
2349 4859 2402 4903 et
2438 4850 2482 4902 si
2507 4849 2572 4901 ad
2597 4847 2754 4900 aliam
2782 4847 2892 4901 rem
2937 4847 3125 4909 faciat,
3159 4860 3262 4899 non
3292 4860 3413 4914 gra-

1879 4923 2061 4975 vabor.
2718 4944 2722 4947 ι

1947 4989 1972 5027 d
2001 4989 2100 5040 Au.
2128 4987 2280 5041 1385.
2313 4987 2390 5039 Ex
2417 4985 2634 5038 archiva
2663 4985 2807 5038 civit.
2838 4983 3048 5037 Utinen.
3083 5031 3087 5035 .

1954 5070 1975 5097 θ
2010 5058 2050 5109 Α
2083 5067 2262 5124 tergo:
2292 5054 2561 5124 Nobilibus
2595 5065 2640 5107 et
2674 5053 2986 5124 sapientibus
3016 5053 3152 5124 ινξινὶεΔ
3181 5051 3415 5124 regimini

1881 5120 2407 5180 comulibus'ciritatis
2435 5121 2575 5175 Utini
2601 5123 2777 5175 amicis
2805 5120 2988 5172 nostris
3013 5121 3343 5174 charissimis.

1955 5195 1972 5232 τ
2009 5195 2109 5246 An.
2152 5192 2305 5245 1584.
2346 5191 2422 5244 Ex
2478 5193 2694 5245 archivo
2735 5189 2878 5244 civit.
2921 5188 3130 5244 Utinen.
3167 5190 3255 5241 cit.
3291 5201 3412 5256 pag.

1881 5281 1976 5317 XII.

1952 5336 1975 5370 ε
1993 5333 2034 5385 Α
2049 5332 2222 5400 tergo':
2243 5328 2645 5400 Nobilibusviris
2665 5329 2949 5400 capitatim,
2966 5324 3197 5400 consilio,
3213 5331 3261 5376 et
3279 5340 3414 5378 σουπ-

1878 5401 2019 5452 muni
2048 5395 2306 5452 Utihenst's
2330 5398 2565 5455 civitatis,
2597 5395 2784 5450 nostris
2808 5395 3140 5449 altariuimis.

1946 5470 1971 5508 ιι
2004 5468 2080 5521 Ex
2119 5468 2201 5521 his
2232 5468 2506 5520 desumere
2544 5465 2666 5519 licet
2704 5471 2900 5532 quanta
2948 5460 3280 5532 contentione
3318 5473 3417 5528 pro

1871 5538 1990 5605 jure
2017 5533 2384 5604 patriarchalis
2421 5531 2739 5605 residentize,
2768 5547 2928 5605 quam
2953 5531 3056 5584 alio
3094 5539 3417 5605 memoratus

1881 5600 2176 5674 patriarcha
2206 5603 2682 5674 commendatarius
2711 5600 3067 5666 transtulerat,
3096 5600 3282 5654 civitas
3320 5613 3413 5651 no-

1880 5672 1985 5729 s:ra
2020 5672 2344 5743 pugnaverit.
2915 5689 2921 5695 -
