3872 6230
277 361 382 415 ’63ῗί

621 357 862 411 ANNAL.
903 358 987 412 DE
1020 356 1257 412 GESTIS
1289 350 1348 410 Β.
1389 354 1631 411 CAROLI
1670 355 1878 428 MAGN!
1912 355 2087 410 LIBRI
2125 357 2186 411 γ.
2225 385 2292 395 -
2323 355 2486 412 ἫΤΑ
2519 355 2780 412 CAROLL
2820 386 2887 396 —
2923 355 3048 410 LIB.
3086 357 3126 410 1.

3337 358 3436 415 685

280 471 458 530 latum,
489 467 688 533 primus
715 465 1019 518 llehnstadii
1045 481 1130 518 an.
1170 465 1302 519 1596
1331 464 1464 534 ἰπὶ-48
1493 465 1628 532 typis
1669 466 1809 519 dedit
1836 481 1881 533 Α
1910 481 2028 518 cum
2051 466 2298 518 Einhardi
2323 466 2552 520 Annales
2573 475 2626 520 et
2646 468 2761 520 Vita
2783 466 2954 521 Caroli
2976 467 3280 534 amplissimi
3309 486 3447 524 toni-
3499 487 3501 489 ‘

278 537 531 590 lh-inerus
581 535 904 586 Reiucccius.
957 534 1203 586 Praestitit
1247 534 1298 585 id
1343 533 1572 587 editione
1609 549 1721 594 sua,
1754 542 1810 586 ut

277 614 472 657 textum
503 603 760 654 nonnullis
789 603 915 654 locis
934 602 1174 654 vitiatum
1204 601 1528 663 emendaret,
1549 617 1807 653 annorum

273 687 518 723 numeros
549 670 821 737 aliquoties
848 671 1070 722 omissos
1103 670 1418 729 restitueret,
1450 669 1703 720 librorum
1733 671 1812 721 di—

273 741 525 791 visionem
553 736 744 790 clarius
768 737 994 799 ell‘erret,
1022 752 1241 804 quaeque
1262 737 1314 788 in
1341 736 1522 788 codice
1543 751 1682 789 anno
1711 737 1804 790 781

272 822 544 875 perperam
576 807 768 858 inserta
800 814 993 875 essent,
1034 804 1147 875 loco
1171 805 1416 875 redderet
1437 819 1550 856 suo.
1584 804 1808 875 Beinec-

271 871 337 928 cii
367 871 751 928 auctoritatem
798 873 1053 927 Chesuius
1079 874 1139 925 T.
1171 873 1209 924 ll
1240 887 1290 938 p.
1323 871 1459 934 136;
1510 880 1563 924 et
1605 872 1807 938 Kulpis,

272 943 448 1003 T..lV,
485 958 536 1009 p.
564 942 612 999 5,
642 942 804 994 secuti
851 952 988 1004 sunt,
1036 957 1131 994 nec
1180 950 1300 1009 ante
1347 940 1664 1009 Leibuitium
1695 941 1808 1004 l'uit,

270 1012 357 1078 qui
398 1007 517 1062 eum
551 1025 918 1075 nonnunquam
945 1025 973 1061 a
1000 1024 1121 1062 vera
1164 1008 1360 1061 codicis
1404 1007 1636 1078 |ectione_
1662 1009 1813 1078 aber-

271 1074 413 1132 rasse
433 1079 672 1139 sentiret,
697 1074 833 1145 quod
858 1079 1064 1142 quidem
1091 1078 1170 1129 vir
1196 1091 1433 1144 magnus,
1458 1085 1598 1145 torno
1621 1075 1639 1128 l
1669 1074 1811 1145 Scri-

269 1157 474 1215 ptorum
523 1143 971 1199 llrunsvicensium
1001 1153 1208 1212 poetam
1236 1143 1404 1215 denuo
1436 1144 1690 1215 editurus,
1721 1143 1812 1215 ad-_

271 1211 433 1267 bibito
465 1216 575 1282 ipso
606 1216 784 1267 codice
825 1211 1070 1282 expertus
1094 1221 1193 1266 est.
1251 1213 1445 1282 Veram
1486 1211 1648 1282 igitur
1676 1213 1813 1264 haud

269 1300 387 1335 raro
413 1278 685 1336 lectionem
733 1278 904 1334 textui
927 1281 1273 1346 Reinecciano
1317 1278 1619 1345 subiiciens,
1660 1289 1812 1334 notas

267 1367 556 1419 perpaucas
583 1351 802 1414 addidit,
830 1365 1051 1416 quarum
1078 1363 1197 1419 qua:
1222 1349 1287 1400 ad
1314 1362 1422 1400 rem
1438 1347 1650 1419 facere
1670 1349 1813 1419 vide-

271 1415 480 1480 bantur,
530 1419 760 1471 auctoris
814 1415 1024 1470 nomine
1074 1417 1303 1469 indicato
1353 1417 1562 1468 retinui.
1619 1415 1812 1480 Quinta

265 1488 519 1554 llouqueti
551 1487 712 1540 editio
745 1501 808 1538 eo
836 1487 1040 1538 cretei-is
1069 1494 1303 1552 pnestat,
1332 1485 1470 1551 quod
1497 1485 1548 1536 in
1579 1499 1640 1535 ea
1684 1499 1809 1550 pro—

263 1555 381 1607 lata:
410 1574 438 1607 a
467 1555 725 1608 Leibuitio
759 1555 953 1606 codicis
983 1554 1233 1606 lectiones
1257 1554 1440 1614 textui,
1474 1561 1532 1604 ut
1557 1567 1651 1620 par
1675 1560 1808 1613 erat,

261 1625 492 1686 insertze,
516 1638 860 1688 versuumque
881 1621 1079 1674 numeri
1099 1621 1285 1690 signati
1307 1629 1447 1673 sunt.
1479 1620 1637 1673 Nobis
1657 1620 1812 1690 aliam

258 1708 375 1758 qua:
429 1691 776 1743 Monumentis
832 1689 1164 1742 insereretur’
1197 1690 1484 1758 editionem
1528 1689 1809 1758 meditatis,

259 1757 484 1812 Ebertus
513 1768 690 1811 noster
719 1759 867 1810 solita
896 1773 990 1810 sua
1020 1759 1342 1811 humanitate
1373 1757 1606 1810 codicem
1635 1757 1804 1823 ipsum

259 1829 572 1890 transmisit,
624 1825 772 1893 cujus
823 1827 978 1893 igitur
1023 1827 1086 1879 ad
1123 1839 1362 1877 normam
1412 1832 1612 1878 textum
1645 1819 1800 1876 resti-
1837 1819 1881 1876 Β
1906 1833 2152 1892 quartum

263 1907 410 1948 luere
444 1898 609 1948 visum
657 1905 757 1946 est.
813 1895 904 1946 Est
948 1895 1377 1946 membranaccus
1405 1893 1457 1944 in
1510 1901 1717 1960 quarto,
1755 1899 1808 1944 et

259 1965 399 2018 foliis
427 1964 806 2032 quinquaginta
830 1963 1061 2032 quinque
1087 1963 1360 2032 prioribus
1398 1959 1655 2032 nostrum,
1686 1959 1806 2032 reli~

257 2034 374 2098 quis
403 2028 696 2098 passionem
725 2028 890 2082 sancti
931 2028 1218 2094 Ailalbcrti,
1247 2039 1300 2081 et
1333 2028 1549 2082 Juvenci
1591 2029 1808 2098 presby-

259 2096 353 2152 teri
385 2096 452 2152 de
479 2102 596 2153 Vita
643 2098 838 2151 Christi
888 2098 1067 2158 libros,
1116 2098 1292 2150 omnia
1322 2099 1504 2150 eadem
1551 2096 1727 2148 saeculi
1757 2111 1804 2147 xi

259 2185 416 2220 manu
445 2176 678 2226 exarata,
712 2167 960 2220 continet.
1004 2167 1197 2218 Versus
1237 2180 1332 2232 per
1357 2166 1598 2233 paginam
1626 2165 1806 2233 viginti

255 2240 510 2303 quinque.
542 2236 695 2287 Locis
719 2237 916 2302 aliquot
937 2250 965 2286 a
988 2231 1248 2300 scriptore
1272 2231 1383 2300 ipso
1413 2231 1567 2303 (corr.
1597 2231 1668 2303 l),
1691 2231 1808 2303 aliis

248 2300 486 2357 sei-unda
519 2305 591 2372 (2)
637 2300 860 2370 quadam
911 2318 1064 2356 manu
1107 2300 1585 2372 cocevacorrectis,
1630 2300 1806 2372 dupli—

254 2388 366 2424 cem
398 2370 676 2426 lectionem
706 2373 901 2433 notavi,
929 2379 1138 2439 prieter,
1168 2370 1306 2439 quod
1333 2370 1540 2438 quando
1569 2371 1800 2421 secunda

258 2459 415 2494 manu
447 2442 628 2493 melior
657 2449 715 2491 ut
737 2438 1135 2506 SthillSVOt'ulll
1161 2438 1348 2491 divisio
1385 2439 1805 2506 institutaiesset,

253 2511 490 2577 priorem
521 2509 793 2577 lectionem
809 2505 981 2577 iisensu
1008 2517 1271 2577 carentem
1299 2506 1512 2577 minime
1540 2505 1807 2577 adducen-

257 2573 390 2634 dam
414 2577 732 2630 existimavi.
759 2576 972 2630 Glossas
997 2576 1077 2628 vel
1102 2575 1318 2627 Latinas
1346 2574 1426 2626 vel
1451 2574 1674 2626 dialecto
1711 2573 1808 2624 Sa-

255 2648 428 2698 xonia-
455 2658 648 2699 nostra:
678 2644 941 2698 inferioris
986 2645 1226 2712 scriptas,
1257 2643 1495 2709 quamvis
1533 2656 1728 2712 paucas
1756 2649 1808 2692 et

255 2715 638 2767 abeditoribus
664 2713 945 2781 neglectas,
991 2710 1388 2781 reruurharum
1429 2710 1676 2781 studiosis
1691 2723 1805 2781 non

256 2784 434 2836 minus
464 2797 620 2850 quam
667 2775 894 2834 litieram
944 2775 1211 2850 antiquam
1238 2775 1279 2834 d‘
1299 2786 1484 2850 quater
1514 2778 1565 2829 in
1593 2777 1807 2830 vocibus

255 2847 507 2903 «demunt
548 2866 634 2902 an.
675 2850 803 2911 778;
832 2850 963 2917 ferdi
989 2863 1076 2900 an.
1110 2848 1239 2912 782;
1285 2847 1802 2917 padarbrunnon_an.

259 2918 388 2980 799;
422 2919 728 2971 liludouicus
771 2913 861 2970 lib.
892 2933 942 2980 v,
991 2913 1355 2970 occurrentem
1399 2924 1643 2982 acceptas
1692 2913 1807 2966 fore

254 2985 508 3054 iudicavi.
554 2988 618 3039 Et
656 2988 753 3040 illze
793 2987 1002 3054 quidem
1048 2987 1272 3038 secunda
1321 2999 1477 3054 manu
1520 2983 1803 3054 adspersit},

257 3049 392 3109 hanc
423 3073 531 3109 non
556 3072 736 3110 errore
778 3049 953 3123 aliquo
997 3055 1280 3115 inductam,
1331 3051 1423 3104 sed
1440 3052 1642 3123 veteris
1680 3049 1804 3123 reli-_-

1879 1159 2013 1212 .quo
2037 1159 2220 1213 versus
2262 1146 2494 1213 inseripti
2534 1157 2728 1210 essent,

1910 535 2154 586 ruentarii
2186 534 2385 604 molem
2410 537 2664 600 gravitate
2710 551 2803 589 sua
2849 535 2999 604 longe
3027 547 3290 602 superent.
3335 540 3443 592 Cac-

1908 610 2075 654 terum
2107 616 2292 668 magna
2338 602 2422 654 illa
2463 604 2579 656 libri
2617 604 2829 657 secundi
2862 602 3044 656 lacuna
3080 605 3195 658 sine
3228 606 3448 660 alterius

1906 684 2004 750 ope
2027 670 2225 750 codicis
2261 671 2458 750 expleri
2501 671 2585 750 vix
2630 673 2852 750 poterit;
2902 680 3030 750 quot
3066 681 3449 750 tamen_ve_rsus

1906 736 2341 807 dec'sseu_t,_l‘acili
2383 740 2592 807 negotio
2630 736 2873 794 iudicavi.
2920 736 3035 792 3am
3065 742 3200 794 enim
3237 741 3448 795 Leibui-

1907 806 2030 882 tius,
2077 805 2290 882 triginta
2323 805 2530 882 versus,
2563 822 2694 882 quos
2736 808 3146 882 in__edit_i0nibus
3185 825 3321 862 anno
3337 811 3448 882 _785

1899 873 2020 951 jure
2045 873 2602 951 adscriptosiegimus,
2640 877 2692 928 in
2721 876 2896 951 codice
2923 877 3058 929 inter
3088 891 3292 951 versum
3319 879 3449 951 duo-

1909 941 2171 1010 dccimum
2195 942 2316 993 anni
2347 941 2441 994 78l
2475 952 2529 996 et
2550 959 2758 997 versum
2780 945 3004 1010 primum
3031 945 3152 996 anni
3187 946 3306 1006 782,
3337 948 3449 999 uul—

1907 1007 1956 1059 la
1991 1023 2244 1060 annorum
2280 1010 2614 1063 distinctione
2652 1007 2898 1076 indicata,
2937 1013 3177 1065 collocari
3209 1015 3448 1067 animad-

1907 1084 2156 1129 verterat.
2201 1077 2298 1147 Qui
2342 1079 2680 1147 gravissimus
2724 1096 2878 1134 error
2921 1097 3037 1133 cum
3080 1082 3284 1147 nonnisi
3319 1082 3442 1141 folii,

2099 1160 2220 1223 rsus
2262 1143 2494 1223 inscripti
2534 1157 2728 1210 essent,
2769 1150 3159 1223 permutatione
3193 1143 3450 1223 bonunitti

1908 1213 2159 1284 potuerit,
2188 1213 2239 1266 in
2267 1215 2445 1284 codice
2465 1223 2636 1268 autem
2664 1213 2817 1269 modo
2840 1219 3138 1284 superstite,
3172 1217 3319 1283 cujus
3341 1219 3448 1270 sin-

1910 1281 2028 1349 gula
2075 1280 2194 1333 folia
2228 1282 2610 1353 quinquaginta
2656 1280 2917 1339 versibusi
2942 1293 3200 1345 constant,
3235 1280 3448 1353 ligando

1911 1363 2027 1427 non.
2045 1352 2357 1427 commissus
2384 1353 2902 1427 si_t,__uuumquodque
2928 1355 3237 1427 autographi
3267 1352 3444 1427 lolium

1910 1418 2120 1483 triginta
2150 1431 2332 1472 versus
2353 1420 2652 1472 exhibuisse
2681 1418 2975 1473 necessario
3012 1418 3251 1473 eﬂiciiur.
3304 1422 3450 1475 Unde

1912 1487 2083 1537 subito
2111 1487 2322 1555 quidem
2368 1488 2562 1554 prodit,
2592 1501 2622 1538 e
2652 1490 2818 1541 medio
2861 1489 2983 1541 anni
3011 1489 3132 1552 782,
3169 1490 3257 1555 qui
3287 1505 3447 1552 nunc,

1911 1554 2353 1621 superscriptione
2381 1557 2460 1622 (ut
2501 1557 2694 1608 codicis
2726 1556 2875 1622 hujus
2901 1557 2979 1608 lex
3008 1557 3133 1624 vult)
3170 1554 3263 1624 pro
3289 1571 3445 1610 versu

1911 1629 2231 1687 computata,
2261 1623 2465 1674 nonnisi
2492 1624 2558 1676 89
2588 1625 2825 1677 versibus
2851 1633 3073 1687 constat,
3100 1623 3207 1689 jam
3235 1640 3443 1676 versum

1912 1704 2072 1767 unum
2097 1689 2383 1767 excidisse;
2410 1706 2633 1767 quonam
2676 1707 2800 1744 vero
2823 1693 2876 1744 in
2904 1692 3036 1754 loco,
3064 1708 3201 1767 cum,
3233 1693 3449 1767 reliquis

1912 1755 2154 1810 omnibus
2177 1759 2372 1827 optime
2403 1755 2677 1827 connexis,
2726 1769 2842 1826 post
2868 1775 3078 1812 versum
3125 1755 3472 1827 trigesimum,

2230 1825 2436 1889 Voradi,
2492 1827 2630 1880 tertii
2674 1825 2968 1881 educibus
3014 1825 3334 1880 Francorum
3385 1830 3448 1880 de

1945 1893 2108 1970 uibus
2136 1901 2312 1970 poeta:-
2351 1909 2526 1970 sermo
2573 1903 2910 1970 est,__nom_en
2949 1895 3290 1970 desideretur,
3315 1911 3445 1970 ,ηρ-η

1944 1960 1994 2012 iu
2024 1960 2362 2013 dubitaveris.
2397 1962 2630 2015 Lacunas
2659 1962 2788 2016 alias
2825 1965 2952 2016 duas
3000 1962 3289 2016 Le.bnitius
3315 1963 3447 2014 imii-

1906 2027 2063 2090 cavit,
2093 2044 2190 2080 nec
2212 2039 2312 2091 est,
2361 2030 2470 2096 qui,
2509 2030 2758 2082 Eiuhardi
2798 2029 3073 2082 Annalium
3124 2033 3324 2083 ratione
3353 2031 3448 2082 ha-

1906 2097 2034 2156 bita,
2056 2104 2178 2215 post
2205 2097 2567 2150 duodecimum
2596 2098 2716 2150 anni
2742 2097 2834 2150 78l
2865 2108 2918 2150 et
2946 2107 3066 2150 ante
3097 2100 3321 2166 primum
3347 2113 3446 2149 au-

1906 2165 1959 2215 ni
1989 2165 2052 2215 ’78
2123 2178 2328 2215 versum
2356 2165 2548 2215 multos
2577 2168 2758 2215 deesse
2804 2167 3089 2215 negaverit.
3119 2176 3171 2215 et
3202 2167 3304 2215 illic
3329 2167 3446 2215 uni-

1906 2165 1959 2234 ui
1989 2165 2088 2218 ’785
2123 2178 2328 2218 versum
2356 2165 2548 2220 multos
2577 2168 2758 2220 deesse
2804 2165 3171 2234 negaverit,et
3202 2167 3304 2218 illic
3329 2167 3446 2234 qui-

1911 2230 2029 2284 dem
2060 2240 2150 2284 aut
2177 2249 2334 2286 unum
2379 2243 2470 2286 aut
2499 2237 2600 2287 duo
2643 2234 2784 2296 folia,
2831 2230 2916 2288 hic
2945 2249 3070 2287 vero
3097 2251 3257 2288 unum
3301 2230 3444 2287 exci-

1906 2300 2047 2370 disse
2073 2299 2332 2366 conjicere
2373 2303 2545 2356 liceat.
2590 2303 2742 2356 Anno
2784 2302 2943 2370 igitur
2978 2304 3070 2356 78l
3103 2313 3292 2370 praeter
3317 2304 3447 2354 duo—

1907 2367 2074 2438 decim
2099 2373 2186 2435 qui
2210 2378 2439 2432 exstant,
2464 2372 2678 2438 triginta
2703 2380 2791 2422 aut
2808 2367 3087 2437 sexaginta
3103 2367 3298 2424 Versus
3319 2371 3450 2422 alios

1908 2437 2086 2498 tribui,
2116 2451 2254 2490 anno
2277 2447 2450 2490 autem
2491 2439 2589 2507 785
2628 2453 2732 2491 non
2773 2439 2982 2505 triginta
3023 2439 3112 2492 sed
3150 2440 3328 2507 viginti
3361 2453 3446 2490 se-

1905 2514 2046 2570 ptem
2095 2519 2232 2566 cum,
2256 2506 2695 2574 superscriptione
2716 2519 2808 2573 pro
2831 2509 3078 2561 vicesimo
3102 2506 3286 2560 octavo
3308 2522 3450 2559 com-

1905 2579 2104 2644 putata,
2139 2574 2263 2644 duo
2287 2575 2474 2642 reliqui
2503 2576 2673 2644 adhuc
2716 2575 3018 2644 adiaunum
3064 2576 3446 2644 praecedentem

1905 2641 2223 2711 pertineant,
2253 2643 2304 2694 in
2336 2641 2440 2711 quo
2459 2653 2613 2711 poeta
2650 2643 2926 2695 Annalium
2953 2641 3112 2697 verba
3157 2645 3211 2696 in
3238 2644 3449 2695 hiberna

1905 2709 2371 2778 concessitﬂbique'
2403 2709 2622 2762 ndmlem
2656 2711 2878 2772 Domini,
2909 2712 2976 2763 ibi
3003 2721 3052 2763 et
3084 2711 3283 2778 Pascha
3311 2726 3450 2762 more

1904 2775 2052 2827 solito
2100 2775 2366 2847 celebravit
2414 2779 2640 2831 nondum
2687 2787 3035 2846 expresserat.
3092 2777 3237 2830 Hanc
3287 2779 3448 2847 igitur

1904 2853 2148 2914 quartam
2179 2844 2416 2898 lacunam
2442 2847 2570 2899 mihi
2596 2844 3000 2914 deprehendisse
3024 2847 3223 2900 videor.

1976 2912 2047 2983 De
2072 2915 2278 2967 exteris
2299 2916 2385 2967 vix
2411 2923 2492 2968 est
2515 2912 2942 2983 quod—moneam.
2970 2915 3227 2968 Adverbia
3255 2913 3305 2966 in
3348 2915 3449 2966 line

1905 2981 2097 3052 sazpius
2124 2997 2150 3032 e
2172 2983 2394 3036 caudato
2420 2981 2598 3046 scribi,
2621 2998 2723 3036 non
2749 2984 2914 3052 magis
2936 2983 3266 3048 inusitatum,
3293 2998 3450 3050 quam

1904 3047 2108 3101 litteras
2132 3065 2176 3112 e,
2201 3067 2279 3114 oe,
2302 3067 2380 3114 ae,
2411 3067 2457 3122 ς,
2484 3051 2704 3104 invicem
2730 3047 3036 3118 periimtari.

256 3126 409 3202 quius
440 3125 749 3202 autographi
793 3118 1031 3202 quisquis
1072 3135 1189 3202 esse
1214 3118 1531 3202 ςοηξεὲημὶξη,
1551 3133 1696 3202 Δ911111
1729 3118 1806 3169 νει
1833 3121 1879 3183 C
1920 3191 1953 3202 Α
1976 3123 2188 3176 Poetam
2213 3118 2751 3202 Arnulloimpemnte
2775 3128 2988 3202 vixisse,
3011 3141 3193 3181 versus
3225 3126 3342 3202 libri
3360 3142 3406 3202 λγ
3429 3144 3440 3177 :

255 3188 306 3245 in
336 3195 547 3248 Gitonis
574 3188 635 3255 il,
663 3188 908 3246 Ξειιοίιίοἱ
929 3188 1291 3259 imperatoris,
1317 3188 1808 3259 diplon‘iatibus‘an-

258 3278 326 3314 no
355 3263 462 3316 986
491 3263 664 3324 editis,
692 3262 927 3314 eamdem
955 3256 1180 3312 litteram
1209 3259 1402 3312 nomini
1433 3258 1532 3312 loci
1576 3256 1809 3308 nordana

253 3331 540 3383 scribendo
563 3330 847 3383 adhibitam
890 3329 1125 3398 reperire
1173 3327 1346 3382 liceat.
1384 3327 1438 3379 lu
1467 3335 1611 3398 textu
1645 3324 1809 3398 igitur

255 3400 628 3452 constituendo
656 3400 705 3451 in
739 3393 1196 3451 consilii—secutus
1235 3412 1371 3458 sum,
1401 3404 1459 3446 ut
1491 3393 1686 3447 codicis
1719 3407 1805 3444 ves

256 3472 358 3535 stig
383 3485 412 3519 a
466 3468 708 3536 religiose
751 3467 948 3534 legens,
989 3467 1115 3536 locis
1166 3474 1337 3536 tamen
1380 3463 1580 3536 paucis,
1619 3461 1807 3536 eisque

254 3530 368 3589 sine
395 3530 872 3604 dubio'scriptoris
909 3535 1037 3587 vitio
1069 3534 1350 3604 corruptis,
1403 3541 1494 3584 aut
1537 3530 1805 3604 Reigieceii

253 3605 571 3659 Leibuitiive
607 3599 932 3671 conjecturas
977 3599 1338 3672 amplecterer,
1369 3611 1458 3652 aut
1492 3599 1737 3672 propriis,
1763 3600 1807 3652 si

251 3690 369 3740 qua:
414 3691 521 3728 non
571 3667 780 3726 absona:
825 3667 1184 3735 occurrerent,
1229 3671 1426 3740 aliquid
1476 3667 1805 3740 tribuendum

252 3737 552 3796 censerem.
609 3745 719 3808 Qua
764 3742 816 3796 in
867 3756 923 3794 re
969 3756 1086 3794 cum
1135 3749 1193 3793 ut
1221 3737 1502 3806 plurimum
1554 3737 1805 3808 Einhardi

252 3813 508 3872 Annales,
539 3807 668 3878 quos
692 3819 867 3864 noster
894 3810 1003 3863 fere
1031 3810 1095 3862 ad
1139 3808 1388 3878 amUSs-iui
1418 3807 1673 3878 sequitur,
1703 3819 1806 3857 una

253 3896 371 3931 cum
427 3875 647 3933 metrica
685 3881 885 3932 ratione
926 3893 1160 3931 errorem
1206 3875 1604 3944 prmcludercnl,
1637 3889 1700 3928 eo
1731 3882 1809 3925 ta-

254 3963 372 4001 men
421 3958 593 4016 poetae
622 3949 810 4001 saeculo
862 3947 1228 4013 indulgendum
1271 3954 1402 4005 erat,
1444 3951 1514 4016 ut_
1537 3958 1638 4016 non
1665 3957 1810 4016 qua:-

253 4011 464 4083 cunqu'e
493 4019 726 4084 antiquis
749 4017 940 4084 regulis
967 4011 1388 4084 adversarentur,
1418 4028 1478 4065 ea
1503 4011 1807 4084 indistincte

256 4080 519 4147 tollerem,
549 4080 640 4138 sed
665 4080 882 4137 aliorum
910 4098 958 4136 e.
1000 4097 1048 4151 g.
1102 4083 1284 4150 Nigelli
1316 4081 1556 4149 exemplo
1591 4080 1798 4143 ductus,

253 4155 531 4207 elisionem
583 4156 634 4206 in
681 4155 852 4206 littera
886 4154 916 4204 Ιι
959 4150 1236 4220 aliquoties
1282 4167 1382 4204 non
1428 4150 1802 4202 :uln'iittendam

255 4221 369 4276 esse
398 4224 764 4276 concederem;
815 4222 960 4274 Notis
999 4238 1102 4276 non
1142 4221 1240 4273 nisi
1279 4221 1461 4289 paucis
1488 4233 1621 4284 opus
1666 4225 1802 4281 erat,

1913 3191 2238 3264 Quwsumys,
2267 3191 2552 3264 Arnulfus;
2575 3204 2700 3258 etc.,
2737 3204 2788 3248 et
2824 3195 2974 3248 Nunc
3001 3207 3168 3248 tamen
3208 3194 3447 3262 Arnulfo,

1910 3269 2038 3324 etc.,
2084 3262 2352 3328 evincunt,
2405 3262 2666 3319 Saxonem
2703 3271 2760 3316 et
2793 3264 3038 3318 clericum
3073 3265 3457 3326 mouachumve

1911 3339 2242 3401 totu‘nipipus
2288 3335 2495 3401 arguit;
2546 3333 2908 3386 Padrabrunni
2953 3333 3163 3396 vixisse,
3212 3332 3451 3384 versibus

1910 3398 2035 3450 anni
2063 3398 2181 3460 ΤΠ,
2213 3398 2372 3464 Quen}
2409 3401 2830 3453 Pathulbrunnon
2877 3403 3130 3463 vocitant;
3155 3411 3264 3453 etc:
3305 3401 3454 3451 mini-

1911 3482 1996 3520 me
2017 3465 2238 3521 ellicitur
2261 3483 2274 3520 :
2307 3469 2470 3523 multo
2494 3469 2666 3521 minus
2690 3469 2753 3522 iis
2777 3468 3100 3531 adversarer,
3123 3469 3210 3534 qui
3238 3479 3452 3534 propter

1909 3537 2100 3596 locum,
2135 3537 2222 3590 ubi
2251 3539 2412 3592 codex
2443 3537 2616 3591 seculo
2647 3553 2719 3589 xu
2749 3545 2986 3590 servatus
3026 3540 3112 3598 sit,
3153 3536 3453 3604 Lamsprin-

1909 3603 2159 3676 gensibus
2184 3621 2310 3676 eumﬁ
2329 3620 2674 3676 annumerare
2701 3605 2892 3676 velint;
2917 3608 3289 3658 monasterium
3312 3603 3449 3657 enim

1910 3673 2252 3750 Lamspringa
2293 3675 2404 3742 jam
2450 3691 2586 3730 anno
2629 3673 2730 3730 872
2773 3673 3065 3795 fundarum,
3105 3688 3342 3739 annoque
3371 3687 3452 3725 sc-

1910 3749 2084 3795 uuentt
2111 3757 2141 3794 a
2180 3745 2445 3795 Ludovico
2473 3759 2593 3795 reue
2621 3743 2931 3795 conlirinatu
2955 3759 2985 3794 ιι
3016 3751 3148 3794 erat.
3181 3742 3334 3794 Fides
3359 3756 3452 3794 au—

1905 3742 2084 3814 quenti
2111 3757 2141 3794 a
2180 3742 2445 3814 Ludovico
2473 3759 2593 3814 rege
2621 3742 2985 3814 conﬁrmatum
3016 3751 3148 3814 erat.
3177 3742 3334 3814 Fides
3359 3756 3452 3794 au-

1905 3809 2088 3872 ctoris,
2109 3813 2459 3880 paucissimis
2505 3809 2632 3866 locis
2660 3811 2910 3878 exceptis,
2942 3812 3133 3878 quibus
3173 3813 3299 3878 ipse,
3331 3824 3453 3878 pro-

1907 3883 2005 3935 bus
2031 3879 2240 3946 quidem
2268 3892 2322 3934 et
2363 3883 2600 3935 sincerus
2647 3889 2928 3946 spectator,
2979 3894 3093 3946 qua:
3140 3880 3456 3946 videratau-

1906 3951 2178 4014 dieratque
2209 3952 2388 4014 rel‘ert,
2415 3957 2522 4002 tota
2557 3965 2620 4002 ex
2647 3945 2897 4001 Einhardi
2929 3945 3217 4000 Annalibus
3241 3956 3292 3999 et
3333 3945 3448 3997 \‘ita

1906 4013 2078 4072 Caroli
2093 4013 2302 4087 pendet
2327 4013 2534 4081 rusus
2559 4019 2718 4087 igitur
2743 4017 2855 4087 ejus
2895 4015 2945 4068 in
2974 4015 3191 4070 historia
3221 4014 3450 4087 impera:

1909 4089 2039 4140 toris
2075 4081 2184 4142 fere
2218 4088 2411 4151 nullus,
2459 4088 2548 4141 sed
2579 4081 2634 4140 ὖι
2673 4081 2981 4154 pneclarum
3023 4081 3450 4154 nascentis’apud

1910 4157 2145 4211 Saxones
2190 4157 2266 4209 rei
2311 4157 2580 4210 litterariae
2618 4152 3032 4216 monumentum,
3059 4169 3090 4206 a
3129 4152 3452 4206 nostratibus

1909 4228 2082 4296 magni
2113 4240 2323 4295 semper
2350 4225 2646 4279 habebitur.

265 4372 3455 4405 _________________________________________

1377 4505 1718 4620 Vl'l‘A
1801 4503 2347 4616 CAROLI.

259 4783 510 4838 Salvator
535 4775 734 4838 mundi,
758 4780 1034 4841 postquam
1056 4769 1120 4823 de
1149 4768 1363 4838 Virgine
1388 4769 1533 4822 nasci
1583 4828 1587 4832 ,

260 4872 543 4939 Dignatus,
572 4863 736 4917 nostri
763 4878 819 4915 sc
845 4859 1079 4927 corporis
1105 4857 1271 4910 induit
1301 4865 1462 4916 artus,

261 4956 470 5011 Evolvit
504 4952 860 5019 septingentos
886 4955 997 5000 rota
1023 4946 1272 5013 temporis
1291 4959 1474 5000 annos.

260 5048 323 5100 Et
355 5044 538 5098 decies
565 5048 783 5106 septem,
816 5038 906 5089 sed
931 5045 980 5088 ct
1008 5051 1140 5088 unus
1169 5047 1300 5103 pene
1325 5041 1572 5100 peractus

261 5138 484 5202 Insuper
515 5145 685 5185 annus
709 5137 838 5187 erat,
874 5143 990 5180 cum
1016 5128 1125 5178 iure
1157 5125 1460 5178 monarchia
1497 5123 1641 5192 regni

265 5223 594 5276 Francorum
631 5215 818 5270 Carolo
846 5214 1094 5268 divinitus
1119 5221 1200 5264 est
1227 5212 1346 5264 data
1373 5225 1580 5279 magno.

265 5311 394 5363 Nam
425 5307 842 5361 Carolomannus
866 5302 1022 5354 frater
1050 5301 1343 5352 decesserat
1362 5299 1476 5353 eius

265 5398 542 5453 Presentis
569 5396 670 5447 iam
701 5393 958 5461 supremis
985 5404 1143 5456 prope
1169 5389 1403 5455 partibus
1431 5387 1572 5439 anni.

267 5494 329 5545 Et
363 5487 594 5542 Carolus
630 5484 828 5542 villam,
859 5496 992 5547 quae
1016 5479 1309 5530 Carbunata
1340 5487 1572 5537 vocatur,

267 5579 592 5638 Adveniens,
630 5588 861 5626 summos
891 5584 1132 5639 proceres
1168 5583 1450 5634 omnesque
1480 5577 1715 5636 potentes

269 5670 559 5726 Fratcimc
588 5663 846 5732 quondam
879 5661 1040 5730 partis
1068 5668 1364 5724 susceperat
1399 5659 1517 5718 illic,

1834 4774 1886 4832 Ι)
1915 4767 2061 4821 Haud
2092 4774 2442 4823 retractantes
2471 4764 2681 4819 domino
2706 4777 2762 4817 se
2792 4761 3012 4816 subdere
3038 4761 3124 4814 tali
3150 4778 3163 4823 ;

1914 4855 2158 4922 Exceptis
2181 4861 2381 4907 tantum
2410 4852 2609 4922 paucis,
2636 4850 2926 4919 quos-forte
2948 4850 3140 4916 prioris

1915 4943 2129 5012 Magnus
2153 4957 2301 4996 amor
2327 4941 2524 4995 domini
2555 4955 2672 4994 cum
2707 4939 2838 4993 coni'
2867 4997 2890 5007 ν
2953 4936 3146 4989 'ecerat-
3172 4937 3284 4990 eius

1911 5033 1974 5085 Et
2009 5031 2146 5084 natis
2176 5043 2464 5092 remanere,
2490 5029 2678 5096 quibus
2705 5027 2952 5080 comitata
2982 5027 3166 5093 petivit

1911 5121 2129 5183 italiam,
2158 5134 2372 5189 sperans
2402 5131 2458 5171 se
2481 5117 2669 5185 degere
2689 5128 2857 5182 iposse
2880 5113 3108 5182 quietam

1917 5211 2026 5262 Sub
2052 5211 2189 5276 regis
2219 5206 2470 5260 Desiderii
2505 5203 2792 5258 munimine
2819 5203 2998 5254 vitam.

1917 5299 2024 5351 Rex
2051 5308 2224 5350 autem
2249 5296 2465 5350 Carolus
2495 5291 2779 5347 celebravit
2810 5293 2861 5344 in
2888 5290 3150 5342 Attiniaco

1918 5385 2149 5438 Natalem
2175 5385 2401 5445 Domini,
2429 5397 2526 5435 nec
2552 5396 2654 5433 non
2677 5379 2942 5448 paschalia
2968 5375 3122 5429 festa.

2378 5472 2523 5522 Auno
2552 5468 2669 5520 772.
2726 5467 2910 5519 Iudici.
2939 5465 2989 5519 9.

1920 5561 2078 5612 Paulo
2106 5561 2340 5612 Romane
2367 5556 2612 5611 defuncto
2637 5554 2873 5623 praesule
2900 5555 3058 5616 sedis,

1924 5651 1994 5702 Su
2028 5651 2155 5716 rcpil
2188 5658 2298 5715 post
2329 5648 2464 5700 hunc
2488 5645 2745 5698 Adrianus
2775 5642 3154 5713 pontiﬁcatum.
