3872 6230
544 350 648 400 ’637

537 455 600 509 Et
633 464 722 502 rex
752 445 1095 500 Wormatiam
1123 441 1339 494 Carolus
1365 436 1573 506 collegit
1601 436 1652 489 in
1684 435 1870 487 urbem

535 540 852 592 Francorum
876 545 1120 600 proceres
1146 529 1210 582 ad
1233 527 1511 582 concilium
1535 522 1799 594 generale,

531 631 663 683 Cum
692 625 883 694 quibus
917 629 972 675 ut
995 619 1134 674 bello
1160 618 1397 672 Saxones
1416 613 1791 683 aggrederetur

533 716 803 777 Decrevit;
834 725 857 752 ι
887 709 1136 780 quoniam
1165 708 1431 761 Saxonum
1459 703 1695 772 proxima
1731 697 1950 752 Francis

530 807 746 859 Adiacet
773 802 839 857 ad
860 801 1078 855 Boream
1108 797 1276 856 tellus,
1309 794 1395 847 vix
1422 792 1586 846 limite
1621 797 1769 845 certo

533 891 695 945 Divisi
720 889 892 960 gentis
912 887 1045 940 ﬁnes
1070 884 1341 951 utriusque
1367 879 1674 936 cohaerent.

531 986 642 1050 Que
668 979 1013 1037 tum'vieinae
1037 991 1141 1043 quo
1169 974 1286 1042 plus
1316 973 1527 1041 regione
1555 969 1720 1032 fuere,

532 1066 699 1128 Tanto
723 1070 985 1123 seiunctae
1007 1064 1196 1119 animis
1218 1061 1478 1117 discordia
1505 1059 1648 1114 fecit.

533 1160 809 1215 Finitimos
831 1156 922 1210 sed
952 1155 1091 1209 enim
1113 1166 1206 1222 per
1229 1165 1385 1222 agros
1413 1148 1674 1215 utrimque
1699 1145 1938 1200 solebant

532 1250 752 1304 Assidue
781 1246 893 1300 fieri
921 1245 1097 1306 cedes,
1129 1241 1390 1304 incendia,
1419 1239 1632 1308 praede.

533 1338 798 1391 Saxonum
826 1342 1011 1386 natura
1051 1329 1197 1384 ferox
1227 1336 1280 1381 et
1314 1335 1528 1397 pectora
1553 1325 1707 1387 dura,

531 1430 691 1482 Ferre
719 1427 896 1494 iugum
933 1421 1126 1478 Christi
1155 1435 1256 1474 nec
1285 1419 1408 1474 dum
1443 1417 1656 1486 dignata
1678 1429 1859 1476 suave,

533 1515 815 1571 Demonico
837 1512 1058 1566 nimium
1086 1509 1296 1562 fuerant
1318 1520 1500 1560 errore
1525 1504 1763 1559 subacta.
1825 1501 1838 1510 ’

529 1603 873 1660 Christicolae
900 1613 1026 1654 vero
1052 1599 1158 1652 iam
1183 1598 1340 1666 longo
1377 1604 1612 1664 tempore
1633 1589 1825 1645 Franci

529 1693 853 1762 Catholicam
880 1697 1098 1744 tenuere
1126 1685 1302 1749 fidem,
1338 1683 1616 1750 multisque
1641 1693 1736 1750 per
1757 1678 1940 1732 orbem

531 1785 637 1836 lam
663 1779 1068 1835 dominabantur
1091 1774 1316 1845 populis,
1337 1772 1526 1841 quibus
1550 1769 1777 1839 undique
1799 1766 1934 1832 fulti,

530 1871 783 1938 Precipue
807 1868 1002 1921 virtute
1028 1865 1144 1928 Dei,
1175 1877 1333 1932 quem
1360 1862 1458 1916 rite
1493 1859 1754 1922 colebant,

533 1959 678 2012 Hanc
702 1969 858 2009 unam
889 1959 1132 2022 poterant
1159 1950 1407 2011 nimirum
1436 1949 1648 2002 vincere
1674 1953 1901 2016 gentem.

531 2047 643 2111 Que
668 2060 763 2098 nec
789 2058 910 2112 rege
937 2041 1032 2094 fuit
1056 2039 1243 2095 saltem
1269 2038 1465 2092 sociata
1488 2037 1585 2091 sub
1605 2051 1729 2099 uno,

535 2136 598 2189 Ut
631 2149 687 2188 se
717 2133 935 2186 militiae
958 2129 1156 2198 pariter
1176 2125 1481 2180 defenderet
1506 2139 1625 2185 usu,

536 2226 637 2279 Sed
663 2224 823 2276 variis
848 2221 1012 2276 divisa
1041 2217 1210 2271 modis
1230 2216 1377 2284 plebs
1403 2214 1594 2277 omnis,
1624 2211 1850 2266 habebat

534 2317 671 2382 Quot
692 2326 854 2383 pagos
882 2318 961 2364 tot
983 2297 1148 2378 paene
1172 2307 1351 2368 duces,
1379 2303 1522 2358 velut
1548 2302 1703 2356 unius
1726 2308 1872 2353 artus

533 2402 782 2469 Corporis
808 2400 858 2452 in
883 2397 1091 2451 diversa
1116 2395 1289 2449 forent
1314 2393 1436 2447 hinc
1457 2392 1578 2445 inde
1609 2389 1822 2444 revulsi.

537 2494 638 2546 Sed
666 2489 927 2561 generalis
950 2488 1110 2540 habet
1133 2483 1350 2554 populos
1376 2481 1564 2536 divisio
1591 2489 1789 2543 ternos,

536 2584 784 2653 lnsignita
815 2579 1004 2648 quibus
1032 2575 1259 2629 Saxonia
1283 2572 1459 2626 floruit
1484 2570 1628 2624 olim.

537 2671 755 2726 Nomina
781 2684 919 2723 nunc
945 2671 1236 2728 remanent,
1264 2662 1434 2716 virtus
1461 2658 1676 2726 antiqua
1704 2653 1938 2709 recessit.

538 2765 767 2830 Denique
791 2757 1072 2814 Westfalos
1096 2755 1326 2810 vocitant
1345 2753 1397 2806 in
1430 2759 1583 2821 parte
1605 2754 1877 2803 manentes

535 2853 780 2914 Occidua,
815 2860 1038 2915 quorum
1062 2858 1167 2897 non
1188 2842 1341 2909 longe
1370 2839 1624 2894 terminus
1652 2852 1806 2891 amne

537 2943 577 2994 A
607 2942 787 2994 Rheno
811 2938 969 2992 distat
995 2952 1008 2998 ;
1039 2933 1304 3004 regionem
1329 2930 1453 2985 solis
1474 2929 1540 2983 ad
1563 2935 1737 2982 ortum

539 3033 563 3071 ιι
593 3028 959 3084 knbabitabant
986 3022 1286 3084 Osteriiudi,
1321 3035 1454 3089 quos
1482 3017 1693 3073 nomine
1721 3016 1931 3086 quidam

535 3119 772 3176 Ostvalos
797 3117 899 3170 alio
918 3117 1172 3178 vocitant,
1199 3110 1423 3167 conﬁnia
1453 3123 1683 3178 quorum

535 3210 786 3264 lnfestant
811 3193 1091 3261 coniuncta
1116 3203 1226 3256 suis
1249 3215 1378 3271 gens
1403 3198 1604 3267 perfida
1630 3196 1826 3253 Sclavi.

536 3300 675 3352 Inter
695 3295 996 3366 praedictos
1017 3292 1188 3346 media
1211 3291 1423 3358 regione
1453 3295 1724 3344 morantur

534 3385 768 3455 Angarii,
795 3382 1017 3452 populus
1048 3380 1317 3435 Saxonum
1340 3379 1562 3443 tertius;
1603 3379 1791 3431 borum

533 3475 712 3528 Patria
737 3473 1060 3526 Francorum
1097 3469 1254 3523 terris
1277 3467 1501 3522 sotiatur
1530 3466 1596 3519 ab
1620 3472 1820 3527 austro,

533 3561 844 3627 Oceanoque
874 3558 1057 3613 eadem
1087 3555 1422 3623 coniungitur
1447 3567 1514 3608 ex
1539 3553 1798 3623 aquilone.

537 3651 681 3703 Hanc
704 3649 859 3717 igitur
882 3646 1102 3700 Carolus
1128 3643 1312 3697 statuit
1337 3643 1436 3697 sibi
1461 3643 1683 3697 subdere
1709 3648 1935 3711 gentem.

537 3737 640 3792 Nec
667 3752 834 3799 mora,
865 3750 983 3789 cum
1010 3734 1132 3789 totis
1156 3731 1482 3786 Francorum
1507 3729 1708 3785 viribus
1730 3730 1896 3798 ipsam

533 3825 841 3893 Aggressus,
869 3822 972 3875 late
1000 3819 1141 3874 ferro
1165 3818 1390 3874 vastavit
1410 3826 1463 3871 et
1489 3817 1614 3886 igni.

533 3911 814 3966 Castellum
842 3907 1066 3962 naturali
1109 3907 1398 3960 munimine
1424 3894 1561 3958 forte

541 4000 715 4061 Valde,
744 4014 896 4050 manu
922 4010 1129 4064 quoque
1158 3995 1444 4057 ﬁrmatum,
1472 3992 1608 4065 quod
1643 3990 1867 4045 barbara
1903 3987 2076 4056 lingua

537 4086 780 4139 Neminat
802 4084 1080 4152 Eresburg,
1108 4082 1279 4137 valido
1304 4097 1424 4136 cum
1463 4082 1650 4134 robore
1674 4081 1830 4147 cepit.

535 4173 674 4228 Gens
695 4160 884 4226 eadem
911 4165 1071 4224 coluit
1095 4170 1451 4232 simulacrum,
1480 4167 1618 4236 quod
1642 4167 1939 4220 vocitabant

537 4262 797 4324 lrminsul,
823 4260 970 4314 cuius
993 4259 1178 4313 similis
1204 4258 1404 4312 factura
1437 4269 1458 4296 π
1491 4257 1731 4312 columne

537 4353 647 4406 lion
673 4352 848 4420 operis
873 4350 1017 4418 parvi
1049 4347 1219 4401 fuerat
1243 4349 1542 4416 pariterque
1572 4347 1794 4400 decoris.

539 4443 645 4494 llnc
671 4456 759 4492 rex
781 4449 1042 4500 evertens,
1070 4438 1260 4492 mansit
1292 4437 1458 4489 tribus
1485 4437 1594 4502 ipse
1617 4435 1798 4488 diebus

536 4532 590 4584 ln
617 4531 804 4584 castris
827 4530 969 4582 iuxta
992 4528 1196 4596 positis,
1224 4535 1334 4579 tum
1356 4526 1658 4580 continuato

536 4619 763 4674 Aestatis
786 4616 989 4669 fervore
1011 4617 1117 4678 diu,
1144 4615 1393 4683 caeloque
1423 4629 1608 4668 sereno

540 4709 803 4761 Ardebant
825 4706 957 4775 agri,
985 4717 1081 4757 nec
1112 4705 1161 4756 in
1192 4704 1317 4770 ipsis
1343 4702 1570 4756 fontibus
1599 4703 1787 4756 humor

542 4795 686 4850 Ullus
705 4802 838 4857 erat,
864 4792 1029 4846 multo
1057 4789 1362 4858 squalebant
1386 4789 1409 4827 ἀ
1440 4780 1652 4858 pulvere
1680 4790 1796 4842 rivi.

538 4885 747 4951 Iamque
777 4881 1022 4949 fatigabat
1047 4879 1278 4948 graviter
1297 4877 1491 4946 regalia
1515 4887 1683 4932 castra

539 4977 700 5028 Aucta
718 4971 901 5026 calore
923 4972 1057 5034 sitis,
1089 4971 1181 5024 sed
1206 4969 1284 5022 vis
1313 4968 1455 5022 dedit
1476 4969 1862 5036 omnipotentis,

535 5065 629 5118 Cui
653 5064 846 5131 placuit
877 5074 898 5100 ε
925 5061 1028 5114 fani
1055 5060 1326 5114 subversio
1353 5059 1486 5111 iusta
1516 5058 1740 5126 profani,

541 5152 606 5204 Ut
639 5151 896 5204 mediante
922 5150 1004 5201 die
1028 5148 1199 5202 subito
1219 5141 1318 5216 ῥει-
1348 5161 1574 5200 concava
1600 5147 1727 5202 sicci

607 5329 630 5389 9
659 5317 1008 5389 _E_Jx_Emhardi
1037 5317 1164 5389 Yita
1181 5316 1372 5389 Caroli,
1405 5335 1520 5389 cap.
1551 5321 1602 5373 7.

608 5387 634 5466 if
657 5385 962 5466 Reineccius
988 5385 1340 5466 et'Lcibnit‘z.,
1362 5385 1645 5466 inhabitant
1671 5386 1962 5460 Osterlingi.

572 5525 576 5528 ﬁ
611 5464 630 5490 ε
658 5452 887 5528 βοείην-ιι¹
906 5454 1085 5506 similis
1106 5455 1221 5528 cod.
1247 5453 1509 5528 Reineceii
1526 5456 1844 5528 conjectura,
1868 5452 2071 5527 factum

505 5521 782 5591 .aimufque
811 5521 1063 5591 columna,
1114 5523 1325 5589 rejecta,
1363 5521 1650 5581 Leibnitius
1694 5529 1802 5584 sola
1831 5521 2072 5585 Vocabu-

539 5589 706 5642 lorum
731 5589 1130 5661 tranSpositione
1154 5592 1325 5648 locum
1351 5595 1568 5648 sanavit.

1855 320 2073 378 POETA

2175 319 2425 374 AXONIS
3105 373 3119 378 _
3643 317 3732 369 638

3083 373 3119 400 δ

2106 432 2151 490 Α
2179 428 2460 482 Cuiusdam
2487 431 2755 493 torrentis,
2783 441 2899 485 erat
2923 431 3014 500 qui
3045 432 3316 499 proximus
3341 429 3473 491 illis,

2177 515 2454 569 Sullieieus
2477 517 2731 571 exercitui
2756 527 3122 587 prorumperet
3147 519 3303 572 unda.

2176 602 2268 656 llis
2292 603 2453 672 gestis
2480 618 2599 657 cum
2628 619 2721 680 rex
2757 604 3025 658 Wisuram
3053 606 3282 658 venisset
3307 603 3379 656 ad
3401 617 3652 663 amnem,

2173 690 2455 746 Obsidibus
2478 691 2559 747 bis
2579 706 2670 746 sex
2689 693 2803 761 ipsa
2831 693 2896 747 de
2919 701 3074 762 gente
3100 692 3346 760 receptis,

2173 779 2252 833 Ad
2277 781 2502 849 patriam
2527 781 2688 835 rediit
2710 795 2901 849 magna
2920 795 3038 834 cum
3064 788 3434 848 prosperitate.

2628 869 2779 921 Anno
2800 867 2930 922 ‘773.
2963 867 3155 920 India.
3188 867 3271 920 10.

2175 956 2348 1013 Missis
2375 957 2580 1028 legatis,
2606 957 2871 1015 Adrianus
2896 971 3034 1026 papa
3060 964 3300 1011 sacratus

2172 1049 2441 1104 Auxilium
2463 1049 2640 1104 Caroli
2669 1047 2870 1103 studuit
2895 1046 3184 1115 deposcere
3210 1045 3389 1114 magni

2171 1141 2444 1196 Adversus
2465 1137 2866 1209 Langobardos,
2893 1150 3118 1204 quorum
3147 1133 3245 1188 fuit
3270 1133 3361 1188 illo

2175 1232 2431 1300 Tempore
2457 1244 2549 1284 rex
2573 1228 2906 1290 Desiderius;
2940 1240 3060 1279 nam
3091 1223 3239 1278 valde
3262 1223 3553 1292 premebat

2175 1310 2411 1386 Improba
2441 1316 2705 1370 Romanos
2733 1314 2889 1369 huius
2913 1312 3164 1367 violentia
3189 1313 3378 1382 gentis.

2175 1407 2390 1475 Et'quia
2427 1416 2551 1461 tunc
2575 1405 2644 1460 illi
2673 1419 2799 1476 pars
2826 1404 3056 1458 maxima
3082 1403 3288 1457 subdita
3315 1402 3469 1470 regni

2173 1496 2354 1550 Italiae
2383 1497 2542 1550 totius
2565 1503 2700 1558 erat,
2734 1502 3007 1566 terrasque
3031 1505 3128 1560 per
3153 1491 3268 1544 illas
3288 1529 3303 1554 .

2176 1586 2391 1641 Scilicet
2415 1584 2658 1647 hostiles,
2690 1597 2793 1636 non
2822 1594 3121 1649 quenquam
3149 1579 3357 1633 mittere
3390 1577 3410 1614 τ
3445 1585 3574 1629 tute

2176 1675 2444 1729 Romanus
2471 1671 2678 1741 praesul
2705 1671 2891 1739 potuit,
2921 1669 3010 1738 qui
3042 1670 3254 1723 tramite
3282 1678 3428 1722 recto

2103 1749 2150 1811 Β
2177 1761 2501 1831 Francorum
2531 1766 2701 1811 terras
2727 1765 2946 1824 peteret,
2976 1755 3330 1810 conscendere
3364 1769 3568 1828 navem

2175 1850 2323 1905 Fecit
2345 1849 2482 1917 apud
2513 1848 2731 1902 Romam
2760 1846 2989 1914 legatum
3016 1846 3227 1899 nomine
3256 1843 3498 1905 Petrum,

2179 1939 2247 1993 Ut
2267 1951 2413 1992 mare
2435 1936 2657 1990 circuitu
2686 1935 2841 2003 longe
2866 1933 3159 2002 ﬂuctusque
3186 1948 3468 2000 pererrans

2178 2027 2519 2096 Susspectum
2544 2025 2737 2079 vitaret
2765 2024 2899 2078 itaer
2925 2037 2940 2075 ε
2967 2023 3044 2078 sic
3069 2037 3192 2092 sepe
3219 2023 3431 2077 videtur

2177 2115 2372 2169 Tucior
2394 2114 2574 2168 oceani
2603 2111 2779 2166 fervor
2805 2111 3082 2181 pelagique
3116 2110 3342 2181 procella
3364 2150 3379 2173 ,

2177 2203 2345 2269 Quam
2367 2211 2569 2256 mentes
2584 2202 2853 2254 hominum
2869 2239 2883 2262 ,
2909 2214 3043 2267 quas
3064 2199 3269 2254 turbida
3295 2205 3610 2253 commovet
3641 2198 3736 2256 ira.

2179 2292 2274 2346 Hic
2302 2291 2464 2361 igitur
2485 2285 2674 2342 Petrus
2703 2289 2864 2341 Roma
2891 2287 3124 2342 directus
3148 2288 3215 2340 ab
3242 2287 3394 2347 urbe,

2177 2381 2280 2437 Per
2304 2395 2449 2434 mare
2478 2378 2760 2433 Massiliam
2785 2377 2958 2446 petiit,
2983 2365 3300 2447 longumque
3319 2375 3512 2430 deinde
3558 2418 3562 2420 .

2178 2470 2476 2524 Preteriens
2498 2469 2614 2530 iter,
2647 2468 2700 2520 in
2729 2466 2849 2520 villa
2879 2466 3163 2520 Theodone
3185 2473 3367 2520 vocata

2180 2560 2404 2630 Insignis
2429 2557 2603 2612 Caroli
2631 2557 2882 2626 pietatem
2911 2557 3051 2624 regis
3078 2557 3242 2610 adivit
3261 2595 3276 2616 ,

2179 2649 2352 2706 Orans
2374 2649 2561 2704 devote
2587 2647 2736 2709 satis,
2766 2654 2824 2699 ut
2851 2645 3132 2714 defendere
3158 2645 3313 2700 vellet

2179 2737 2468 2792 Ecclesiam
2493 2734 2659 2798 Petri,
2684 2749 2920 2789 summus
2947 2733 3038 2804 qui
3066 2733 3296 2801 claviger
3323 2733 3472 2790 aulae

2178 2825 2255 2879 illi
2283 2824 2495 2878 celestis
2523 2823 2650 2875 dare
2675 2821 2910 2890 praemia
2939 2822 3166 2876 maxima
3195 2833 3390 2892 posset.

2179 2913 2288 2970 Nec
2317 2928 2419 2968 non
2447 2911 2712 2983 pontiﬁcis
2735 2921 3065 2965 succurreret
3090 2914 3362 2978 anxietati,

2183 3003 2510 3071 Romanique
2535 2999 2690 3056 simul
2719 2999 2894 3071 populi
2921 3001 3056 3054 mala
3083 3001 3307 3070 plurima
3329 3003 3499 3070 passi,

2106 3061 2151 3126 C
2183 3089 2280 3148 Cui
2308 3061 2571 3148 libertatis
2600 3095 2703 3146 iam
2719 3061 2876 3161 .sp-es,
2908 3061 3152 3160 vitaeque
3174 3061 3428 3146 tenendae

2180 3181 2346 3236 Unica
2369 3188 2488 3250 post
2515 3181 2815 3244 Dominum,
2843 3188 3043 3234 tantum
3074 3189 3297 3235 restaret
3328 3181 3379 3234 in
3409 3181 3523 3235 illo.

2179 3273 2394 3327 Talibus
2420 3271 2635 3336 auditis,
2661 3287 2874 3326 causam
2903 3287 2995 3326 rex
3020 3272 3262 3340 protinus
3288 3288 3502 3327 omnem

2179 3360 2417 3416 Sollicito
2441 3360 2656 3416 volvens
2682 3361 2882 3424 animo,
2909 3360 3038 3414 satis
3067 3358 3230 3414 affore
3256 3362 3450 3415 iustum

2177 3455 2478 3525 Perpendit,
2509 3462 2820 3523 gratumque
2845 3453 2969 3516 Deo,
2999 3451 3247 3506 defensor
3271 3461 3330 3506 ut
3358 3455 3470 3522 ipse

2178 3547 2331 3602 Sedis
2355 3546 2673 3616 apostolicae
2703 3545 2828 3599 totis
2853 3558 2950 3612 pro
2979 3543 3181 3597 viribus
3205 3551 3362 3597 esset.

2175 3637 2352 3704 Atque
2373 3649 2468 3690 suo
2496 3635 2675 3689 statim
2717 3647 2875 3702 regno
2903 3631 3112 3701 collegit
3142 3633 3207 3684 ab
3231 3631 3372 3684 omni

2178 3725 2403 3780 Roboris
2431 3723 2656 3778 inmensi
2684 3722 2845 3775 variis
2873 3735 2939 3774 ex
2969 3721 3214 3789 gentibus
3241 3735 3447 3788 agmen.

2177 3815 2326 3882 Quod
2351 3829 2529 3869 secum
2553 3813 2764 3875 ducens,
2793 3812 3030 3866 Genuam
3055 3800 3293 3878 pervenit
3319 3809 3370 3862 in
3397 3809 3592 3862 urbem
3609 3848 3624 3871 ,

2175 3907 2342 3972 Quam
2370 3905 2553 3973 rapido
2579 3918 2737 3958 cursu
2763 3903 3047 3956 Rhodanus
3068 3899 3391 3969 praeterfluit
3415 3899 3632 3964 amnis;

2177 3997 2310 4050 Tum
2344 3995 2551 4065 gemino
2578 3993 2950 4061 Langobardos
2977 3991 3221 4044 invadere
3251 3989 3384 4043 bello

2177 4084 2438 4146 Decrevit,
2470 4081 2820 4151 populumque
2840 4095 2991 4133 suum
3015 4079 3212 4143 divisit,
3243 4089 3297 4134 et
3322 4093 3482 4132 unam

2175 4174 2304 4228 Cum
2336 4173 2468 4227 duce
2492 4171 2797 4226 Bernhardo
2824 4178 3024 4238 partem
3058 4177 3401 4238 praeceperat.
3436 4169 3518 4221 ire

2175 4264 2276 4318 Per
2301 4271 2530 4318 montem
2556 4260 2692 4322 lovis
2711 4290 2779 4299 —
2801 4259 2852 4312 id
2879 4274 3065 4313 nomen
3087 4266 3237 4312 vetus
3267 4257 3454 4310 indidit
3476 4273 3641 4312 error
3666 4284 3731 4298 -

2096 4367 2151 4428 υ
2174 4354 2241 4407 At
2271 4354 2523 4422 reliquam
2550 4367 2646 4421 per
2670 4351 2924 4405 Cinisiutn
2952 4365 3043 4402 rex
3079 4350 3301 4403 duxerat
3325 4349 3456 4417 ipse.

2177 4441 2522 4494 Transcensis
2550 4441 2708 4508 igitur
2736 4439 3014 4492 horrendis
3047 4437 3286 4506 Alpibus,
3317 4439 3489 4492 instar

2174 4527 2422 4582 Turbinis
2444 4526 2705 4580 Ausoniae
2731 4525 2920 4592 duplex
2945 4526 3208 4577 exercitus
3231 4539 3355 4577 arva

2172 4619 2419 4680 lrruerat,
2453 4617 2554 4668 late
2581 4629 2800 4682 regnum
2825 4624 3038 4666 vastans
3063 4612 3386 4680 opulentum.

2174 4708 2384 4774 Iamque
2412 4713 2583 4759 metus
2610 4712 2828 4758 cunctos
2853 4702 3174 4756 Francorum
3197 4702 3416 4770 perculit
3444 4701 3660 4774 ingens.

2173 4795 2302 4848 Nam
2327 4796 2676 4858 Desiderium,
2699 4797 2868 4863 primo
2894 4796 2982 4862 qui
3005 4797 3138 4850 bella
3163 4797 3401 4864 parabat,

2173 4884 2242 4936 Se
2270 4883 2464 4937 frustra
2491 4883 2682 4937 Carolo
2709 4897 2928 4950 sperans
2953 4883 3207 4936 obsistere
3229 4899 3404 4952 posse,

2171 4973 2466 5040 Congressu
2498 4972 2716 5024 necdum
2746 4969 2908 5033 facto,
2933 4962 3130 5025 terrore
3155 4970 3372 5042 fugavit,

2171 5064 2239 5117 Et
2261 5064 2496 5117 clausum
2523 5063 2728 5123 Ticino,
2761 5064 2842 5116 cui
2872 5078 3010 5116 nunc
3038 5071 3120 5116 est
3146 5061 3302 5130 Papia
3329 5079 3554 5129 nomen,

2172 5157 2370 5225 Regius
2397 5154 2620 5208 admotis
2645 5155 2908 5206 exercitus
2933 5153 3160 5219 undique
3179 5151 3368 5206 castris

2237 5333 2264 5372 ἀ
2297 5333 2484 5386 Manus
2503 5333 2772 5401 qualebant
2797 5333 2845 5384 1.

2245 5414 2268 5440 θ
2297 5401 2391 5454 Cui
2413 5398 2604 5469 placuit
2634 5401 2686 5453 2.
2729 5401 3011 5469 Antiquam
3037 5399 3312 5454 lectionem
3341 5398 3598 5456 divinare
3625 5413 3726 5454 nol

2171 5471 2394 5538 amplius
2418 5471 2556 5523 licet.

2247 5542 2264 5580 ί
2297 5539 2384 5602 ιι,
2409 5549 2537 5590 mlo.
