3872 6230
204 416 293 470 639
518 410 762 465 ANNAL.
803 411 889 465 DE
925 409 1163 465 GESTIS
1201 409 1259 464 Β.
1298 405 1541 461 CAROLI
1583 402 1791 460 ΜΑςΝι
1828 404 2003 459 LlBRl
2041 404 2104 459 V.
2143 433 2212 442 —
2247 402 2401 457 VI'I‘A
2441 403 2706 457 CAROLI.
2749 403 2938 489 ——i.IB.
2982 403 3018 454 I.
3276 402 3375 457 690

203 521 406 577 Obsedi"
446 522 708 587 unisque
734 520 901 572 modis
927 534 1022 587 per
1044 520 1266 589 plurima
1296 526 1558 585 temptans

204 607 464 677 Temporis
486 607 691 662 hiberni
717 607 888 676 spatio
922 606 1189 662 molimina
1218 614 1351 666 toto,

204 701 304 755 Non
324 698 471 752 urbis
496 706 704 765 poterat
732 712 912 749 muros
940 696 1232 763 irrumpere
1260 693 1416 748 ferro.

633 786 782 841 Anno
810 786 931 838 774.
966 775 1158 837 Indici.
1192 784 1275 837 Η.

202 878 343 934 Tales
366 876 561 933 Italicis
581 877 705 928 dum
729 890 817 930 res
842 883 1124 944 agerentur
1144 874 1195 928 in
1219 875 1365 928 horis
1382 886 1430 935 ι,

202 966 426 1021 Saxones
452 963 551 1017 sibi
581 962 854 1031 contiguos
879 962 1124 1016 invadere
1154 960 1284 1014 flues

198 1052 315 1106 Ausi
344 1050 685 1114 Francorum,
706 1065 897 1120 pagum
918 1050 1009 1118 qui
1034 1050 1230 1104 dicitur
1251 1048 1403 1103 Hassi

200 1141 530 1203 Praedantur,
553 1138 881 1208 flammisque
910 1139 1067 1194 simul
1103 1141 1417 1209 populantur
1458 1149 1512 1193 et
1546 1140 1726 1191 armis.

199 1229 329 1293 Quos
352 1226 606 1280 animavit
633 1226 699 1280 ad
726 1227 829 1281 hoc
856 1227 1142 1297 longinqua
1168 1226 1426 1295 profectio
1458 1229 1626 1295 regis,

198 1318 473 1372 Credentes
499 1316 783 1371 ulciscendi
813 1316 912 1372 sibi
942 1325 1067 1372 tunc
1094 1316 1209 1371 fore
1236 1326 1441 1385 tempus

198 1409 403 1468 Damna,
434 1406 581 1473 prius
604 1418 699 1473 per
724 1418 848 1459 eum
876 1419 980 1473 que
1006 1406 1236 1458 maxima
1268 1403 1587 1457 sustinuere.

196 1493 287 1558 Qui
313 1501 488 1544 tamen
515 1482 683 1558 usque
709 1490 884 1545 locum
912 1490 1004 1559 qui
1028 1489 1333 1544 Fridesblar
1360 1490 1620 1542 vocitatur

196 1580 482 1650 Progressi,
512 1579 775 1648 quandam
804 1578 1081 1647 cupierunt
1107 1578 1314 1631 tradere
1344 1574 1567 1629 flammis

196 1669 493 1732 Ecclesiam,
520 1682 679 1737 quam
706 1668 934 1722 sacravit
958 1667 1255 1721 Bonifacius
1284 1667 1388 1721 illic

195 1757 367 1810 Martir
394 1764 448 1810 et
474 1758 697 1810 antistes
723 1756 937 1811 Christo
965 1757 1188 1811 dilectus
1217 1758 1269 1810 in
1291 1773 1498 1811 aevum.

194 1846 296 1899 Hoc
322 1844 514 1898 frustra
544 1845 687 1899 uisos
717 1844 920 1898 facinus
947 1845 1210 1913 complere
1238 1846 1542 1903 nefandum.

193 1933 375 1985 Invasit
400 1932 577 1986 subito
609 1938 783 1986 terror
807 1932 1059 1987 divinitus
1086 1934 1290 2003 ingens,

193 2024 351 2090 Atque
380 2021 501 2090 fuga
531 2020 673 2089 turpi
701 2022 934 2091 trepidos
962 2023 1217 2091 repedare
1247 2022 1418 2093 coegit

192 2112 262 2165 Ad
289 2110 535 2179 patriam,
564 2124 699 2177 quos
726 2125 831 2164 non
860 2111 1059 2173 hostes,
1086 2126 1192 2164 non
1219 2127 1366 2165 arma
1391 2110 1657 2181 fugarunt.

191 2201 249 2253 At
274 2215 388 2263 rex,
414 2200 683 2269 dispositis
705 2198 1000 2268 legionibus
1024 2199 1091 2251 ad
1116 2198 1503 2253 Ticinensumb

190 2288 465 2343 Obsidione
487 2286 594 2358 iugi
617 2285 865 2354 populum
893 2285 1133 2355 belloque
1158 2286 1520 2354 premendum,

190 2375 379 2430 Orandi
408 2373 568 2427 causa
591 2372 756 2427 Rome
786 2373 902 2428 loca
931 2384 1110 2428 sancta
1135 2374 1340 2442 petivit.

189 2465 291 2518 Illic
315 2462 642 2532 supplicibus
662 2462 798 2540 votis
826 2478 893 2517 ex
916 2462 1077 2516 corde
1106 2464 1356 2529 peractis,

189 2555 263 2609 Ad
294 2553 541 2607 Ticinum
569 2552 743 2617 rediit,
773 2566 876 2620 que
902 2551 1007 2604 iam
1033 2550 1321 2625 certamine
1351 2549 1507 2619 longo

188 2642 343 2697 Fessa
370 2639 698 2710 repugnandi
723 2640 864 2694 vires
891 2639 1144 2694 amiserat
1170 2652 1370 2692 omnes.

188 2731 369 2785 Dedita
398 2716 510 2784 tum
537 2729 757 2784 Francis
781 2730 913 2785 haec
939 2730 1066 2784 urbs
1086 2729 1398 2791 clarissima,
1429 2730 1630 2783 cunctis

187 2818 437 2887 Exemplo
462 2817 637 2876 fuerat
662 2817 904 2886 reliquis;
937 2832 1059 2871 nam
1087 2818 1327 2885 protinus
1353 2832 1539 2872 omnes

190 2911 533 2964 Tradiderant
554 2907 743 2963 Carolo
771 2922 887 2963 sese
911 2908 1243 2963 concorditer
1266 2908 1424 2961 urbes

188 2994 437 3050 Eiusdem
466 2997 636 3067 regni,
659 2997 802 3065 quod
823 2998 929 3051 iam
950 2997 1049 3052 sibi
1078 2997 1195 3052 iure
1224 2997 1500 3051 subactum

191 3081 475 3149 Disposuit,
504 3092 761 3153 quantum
786 3084 955 3153 potuit
979 3100 1075 3153 pro
1097 3093 1335 3151 tempore
1357 3084 1475 3139 tali.

187 3171 264 3225 Ad
286 3173 440 3227 sedes
462 3174 658 3229 etenim
682 3175 900 3241 cupiens
926 3187 1161 3227 remeare
1189 3182 1451 3243 paternas,

187 3262 530 3317 Accelerabat
557 3264 675 3327 iter,
704 3279 886 3319 secum
910 3263 1109 3318 ducens
1134 3272 1485 3337 memoratum

187 3349 361 3406 Italiae
390 3366 588 3422 regem,
614 3353 819 3406 noviter
840 3366 997 3420 quem
1026 3360 1273 3420 coeperat
1296 3351 1475 3404 armis.

190 3440 281 3493 llic
308 3441 665 3496 humanarum
692 3442 870 3499 videas
898 3441 1122 3495 ludibria
1150 3456 1349 3503 rerum,

189 3533 349 3597 Quam
375 3535 525 3588 vario
547 3549 707 3588 cursu
732 3534 871 3587 vitae
892 3540 1007 3587 rota
1032 3533 1263 3586 volvitur
1295 3533 1449 3585 huius
1474 3550 1485 3583 :

190 3621 446 3677 Hesterno
469 3622 777 3676 Desiderius
808 3621 1104 3676 diademate
1133 3622 1281 3690 regni

191 3709 407 3775 Floruit,
437 3725 502 3764 en
535 3710 689 3765 hodie
712 3718 794 3765 est
820 3723 1038 3778 pauper,
1068 3708 1307 3776 captivus
1334 3717 1388 3761 et
1414 3707 1554 3762 exul.

191 3798 351 3851 Filius
381 3798 545 3859 illius,
574 3798 894 3866 cognomine
914 3797 1087 3851 dictus
1113 3795 1347 3865 Adalgis,

189 3888 311 3939 Cum
332 3884 699 3955 Langobardis
726 3884 779 3938 in
806 3899 871 3939 eo
898 3898 1019 3953 spes
1051 3884 1221 3952 ampla
1250 3892 1506 3945 maneret,

188 3971 436 4027 Difﬁdens
465 3974 622 4027 rebus
646 3966 872 4041 patriae,
902 3986 960 4026 se
985 3972 1208 4026 contulit
1236 3970 1357 4024 inde

188 4060 264 4114 Ad
291 4060 720 4132 Constantinum,
746 4058 1036 4113 Grecorum
1062 4065 1270 4125 sceptra
1305 4065 1603 4127 regentem;

188 4154 226 4205 Α
251 4168 358 4221 quo
387 4152 650 4221 patricius
676 4149 951 4221 praeclaro
978 4164 1198 4203 munere
1227 4146 1421 4211 factus,

191 4240 294 4293 Hoc
323 4241 376 4293 in
404 4242 608 4293 honore
635 4252 760 4293 suae
786 4236 1081 4307 permansit
1103 4238 1170 4290 ad
1190 4236 1375 4289 ultima
1400 4236 1557 4291 vitae.

190 4326 297 4381 Rex
326 4335 513 4381 autem
531 4325 751 4398 Carolus
778 4325 1015 4387 veniens,
1051 4324 1177 4377 dum
1208 4325 1449 4393 cognitus
1481 4325 1596 4379 eius

190 4416 348 4469 Velox
376 4418 641 4488 adventus
667 4428 765 4468 nec
791 4414 914 4467 dum
939 4412 1234 4466 Saxonibus
1257 4421 1425 4475 esset,

188 4504 431 4568 Fecerat,
456 4510 515 4557 ut
541 4503 730 4571 triplex
758 4500 1023 4555 exercitus
1048 4501 1099 4553 in
1129 4500 1369 4569 regiones

187 4593 398 4648 Illorum
427 4592 646 4656 missus,
672 4590 852 4646 multis
883 4590 1139 4660 afﬂigeret
1171 4592 1311 4660 ipsos
1398 4586 1401 4589 ’

188 4681 417 4737 Cedibus
443 4696 509 4734 ac
533 4680 763 4749 praedis,
793 4679 909 4732 loca
938 4679 1165 4747 denique
1190 4678 1415 4747 plurima
1443 4685 1653 4731 vastans

188 4767 319 4824 lliuc
344 4777 432 4823 est
460 4783 582 4823 cum
609 4766 788 4839 spoliis
815 4766 984 4820 victor
1008 4781 1279 4835 regressus
1299 4768 1489 4836 opimis

639 4857 787 4910 Anno
824 4855 946 4910 775.
979 4854 1171 4908 Indict.
1201 4856 1282 4909 12.

192 4946 296 4998 ilex
323 4945 522 5000 hiemis
555 4952 760 5013 tempus
784 4942 984 5000 ducens
1006 4944 1060 4999 in
1084 4943 1374 5007 Carisiaco,

191 5036 414 5090 Nomine
435 5052 545 5105 quo
566 5036 790 5104 quedam
816 5036 1010 5105 regalis
1038 5036 1160 5089 villa
1188 5045 1425 5096 vocatur,

191 5125 311 5178 Illuc
327 5124 661 5179 Francorum
685 5138 933 5192 proceres
962 5130 1234 5191 totumque
1262 5131 1504 5179 senatum

190 5213 482 5277 Convocat,
508 5226 572 5266 ac
597 5212 823 5287 multum
844 5218 1081 5265 tractans
1106 5211 1171 5265 de
1198 5213 1357 5265 rebus
1378 5210 1613 5279 agendis,

193 5304 255 5357 Et
282 5304 473 5367 variis,
502 5302 694 5372 quibus
713 5298 937 5381 indiguit
970 5314 1054 5354 res
1080 5300 1310 5368 publica,
1337 5288 1498 5364 curis,

194 5396 441 5465 Inprimis
467 5396 571 5451 hoc
597 5394 873 5450 consilium
908 5392 1214 5462 perhibetur
1236 5391 1416 5455 inisse,

132 5500 165 5541 ο
197 5483 260 5538 lit
284 5485 489 5554 iugiter
508 5482 701 5539 bellum
723 5481 1018 5536 Saxonibus
1046 5482 1393 5551 ingereretur,

262 5628 284 5653 υ
310 5615 366 5668 Μ
391 5622 480 5669 est
506 5618 630 5668 oris.

262 5685 289 5723 δ
316 5684 645 5736 Ticincmum
677 5684 832 5753 genit.
866 5683 1023 5750 plain;
1054 5682 1266 5737 Ileincc.
1305 5681 1635 5734 Ticincmem.

1753 522 1796 576 Α
1824 515 1967 581 Quos
1994 523 2246 583 expertus
2276 522 2389 569 erat
2415 517 2536 569 fidei
2563 516 2644 569 vel
2670 515 2897 570 foederis
2927 516 3097 568 omnis

1836 604 2189 668 Immemores,
2221 619 2489 671 nunquam
2520 606 2617 658 sub
2643 619 2773 672 pace
2801 605 3074 672 quiescere
3106 603 3255 658 vele.

1834 693 1967 748 Hinc
1993 694 2198 757 statuit,
2225 696 2435 761 requies
2459 695 2562 749 illis
2592 704 2650 748 ut
2680 694 2817 747 nulla
2845 696 3079 753 daretur.

1832 777 2006 835 Donec
2035 782 2217 850 gentili
2251 783 2354 836 ritu
2384 784 2635 851 cultuque
2665 783 2866 844 relicto,

1830 870 2144 925 Christicole
2173 872 2380 937 fierent,
2410 880 2501 927 aut
2529 872 2834 927 delerentur
2862 874 2914 926 in
2940 886 3125 926 aevum

1830 958 1875 1010 Ο
1900 958 2071 1027 pietas
2101 960 2375 1030 benedicta
2397 960 2511 1025 Dei,
2536 976 2671 1029 quae
2691 962 2801 1015 vult
2833 977 2997 1030 genus
3018 976 3176 1016 clune

1832 1044 2127 1100 Humanum
2158 1046 2273 1100 fieri
2295 1049 2517 1112 salvum,
2546 1051 2667 1118 quia
2698 1059 2919 1104 noverat
2944 1051 3101 1104 huius

1831 1133 1943 1187 Non
1970 1135 2128 1205 aliter
2154 1137 2328 1205 gentis
2353 1138 2544 1192 molliri
2574 1147 2792 1206 pectora
2821 1153 2995 1206 posse,

1830 1222 2068 1277 Disceret
2094 1232 2152 1277 ut
2179 1224 2359 1279 cervix
2396 1224 2671 1280 reflectere
2694 1225 2823 1279 dura
2848 1226 3074 1293 rigorem
3118 1214 3137 1219 “

1830 1311 2138 1382 lngenitum,
2170 1315 2387 1384 mitique
2415 1316 2537 1385 iugo
2565 1331 2623 1371 se
2651 1316 2877 1370 subdere
2900 1316 3114 1369 Christi.

1830 1400 1909 1453 0b
1933 1401 2031 1453 hoc
2059 1399 2327 1457 doctorem
2352 1403 2511 1457 talem
2539 1402 2763 1471 fideique
2789 1403 3119 1472 magistrum,

1832 1487 2047 1541 Scilicet
2072 1488 2328 1558 insignem
2352 1478 2595 1545 Carolum
2622 1493 2832 1545 donavit
2856 1494 3076 1553 eisdem,

1830 1577 1928 1642 Qui
1953 1578 2091 1632 bello
2112 1588 2391 1646 premeret,
2416 1594 2548 1648 quos
2580 1596 2682 1633 non
2715 1583 2917 1636 ratione
2950 1582 3207 1642 domaret,

1832 1662 2024 1731 Sicque
2055 1666 2135 1718 vel
2164 1666 2356 1721 invitos
2379 1667 2567 1720 salvari
2594 1678 2807 1737 cogeret
2835 1670 2995 1737 ipsos.

1834 1751 1943 1806 Hoc
1970 1754 2292 1826 inspiratum.
2311 1757 2458 1810 cordi
2484 1758 2736 1812 divinitus
2761 1760 2878 1814 eius

1762 1832 1805 1891 Β
1835 1842 1975 1897 Utile
1999 1844 2275 1898 consilium
2299 1847 2621 1901 comitantur
2645 1856 2859 1902 strenua
2887 1848 3046 1904 facta.

1830 1931 2033 1999 Quippe
2054 1933 2213 1988 duces
2243 1934 2521 2003 omnisque
2544 1935 2699 1989 simul
2726 1936 2928 1990 delecta
2961 1937 3207 1990 iuventus

1829 2020 1908 2073 Ad
1934 2019 2148 2074 Dnriam
2176 2022 2350 2076 vicum
2376 2031 2661 2091 properant
2686 2037 2699 2076 :
2730 2039 2852 2077 nam
2884 2040 3006 2093 rege
3039 2025 3252 2077 iubente

1828 2108 1938 2161 Illic
1966 2119 2255 2163 conventus
2282 2111 2455 2178 populi
2481 2112 2740 2181 generalis
2766 2114 3010 2168 habetur.

1829 2197 2001 2264 Atque
2022 2197 2212 2252 dehinc
2235 2200 2420 2267 grandi
2454 2200 2765 2254 transmisso
2791 2199 3006 2254 flumine
3030 2199 3233 2260 Rheno,

1832 2285 2099 2340 Saxonum
2124 2285 2344 2345 Carolus
2379 2289 2511 2343 fines
2538 2290 2799 2367 hostiliter
2819 2290 2984 2342 intrat

1831 2377 1906 2430 Ac
1926 2378 2095 2445 primo
2119 2377 2365 2449 Sigiburg
2386 2374 2661 2433 castellum
2690 2379 2881 2447 coepit,
2906 2387 2960 2432 et
2988 2379 3109 2433 inde

1832 2464 2094 2533 Ercsburg
2120 2465 2285 2534 petiit,
2319 2480 2478 2534 quam
2498 2475 2707 2533 captam
2734 2466 3191 2539 diximusurbem.

1833 2551 1936 2605 Sed
1966 2567 2030 2607 ne
2055 2554 2317 2621 praesidio
2337 2554 2556 2609 Francis
2582 2554 2694 2609 fore
2722 2562 2918 2623 posset,
2949 2555 3171 2607 eandem

1832 2637 2077 2707 Indigene
2104 2640 2515 2694 destruxerunt:
2545 2640 2681 2695 hanc
2708 2641 2933 2708 denique
2962 2655 3149 2694 rursus

1835 2716 2074 2791 Munivit,
2102 2729 2381 2798 posuitque
2407 2744 2531 2785 suas
2561 2730 2669 2785 illic
2696 2730 2962 2800 legiones;

1832 2812 1955 2866 lude
1982 2814 2144 2880 gradu
2170 2814 2330 2867 celeri
2358 2815 2621 2869 Wisuram
2652 2816 2893 2885 pervenit
2913 2817 2980 2870 ad
3006 2831 3235 2870 amnem.

1802 2914 1807 2919 ‘
1832 2904 1926 2958 Cui
1960 2905 2103 2958 iuxta
2131 2914 2360 2960 montem
2389 2907 2477 2975 qui
2503 2906 2861 2976 Brunes—berg
2885 2909 3169 2971 vocitatur,

1832 2992 1996 3047 Obvia
2026 3010 2212 3065 magna
2242 2994 2341 3049 fuit
2367 2997 2582 3064 cupiens
2604 2998 2861 3051 obsistere
2890 2998 3059 3059 turba,

1835 3082 1908 3134 Nc
1929 3080 2143 3134 fluvium
2170 3082 2438 3146 transiret,
2465 3091 2519 3137 et
2547 3084 2648 3138 hoc
2680 3085 2958 3138 conamine
2986 3099 3153 3137 casso.

1758 3143 1804 3202 (ἶ
1834 3168 1989 3235 Fugit
2017 3169 2157 3221 enim
2179 3171 2351 3236 primo
2378 3143 2557 3224 statim
2584 3168 2875 3225 certa’mine
2904 3172 3070 3239 pulsa.

1832 3254 2244 3323 Innumerasque
2275 3256 2357 3308 die
2391 3255 2587 3309 ferrum
2622 3264 2981 3324 prostraverat
3008 3257 3115 3308 illo.

1832 3343 1957 3396 Inde
1988 3357 2203 3398 movens
2228 3344 2446 3399 Carolus
2475 3345 2717 3415 regiones
2744 3342 2887 3399 venit
2910 3348 2973 3400 ad
3001 3347 3136 3408 illas,

1832 3430 1975 3494 Quas
1998 3429 2281 3485 Osterlindi
2308 3444 2328 3469 ε
2357 3432 2601 3496 retinent,
2632 3433 2870 3501 seditque
2899 3434 3084 3486 locatis

1832 3517 1912 3571 Ad
1938 3517 2151 3571 fluvium
2176 3520 2386 3583 castris,
2411 3520 2502 3587 qui
2531 3535 2671 3574 nunc
2696 3520 2927 3575 Ovaccra
2954 3529 3189 3575 vocatur.

1834 3608 1982 3662 Tunc
2004 3609 2077 3661 illi
2107 3609 2339 3677 quidam,
2371 3609 2460 3677 qui
2487 3609 2550 3663 de
2575 3610 2895 3678 primoribus
2921 3610 3035 3663 eius

1833 3697 2017 3752 Gentis
2042 3706 2177 3759 erat,
2208 3698 2427 3765 supplex
2455 3698 2688 3751 occurrit
2718 3698 2929 3751 nomine
2962 3696 3133 3760 IIessi,

1834 3787 2007 3841 Partis
2035 3796 2087 3841 et
2115 3787 2252 3840 illius
2281 3788 2481 3855 pariter
2511 3786 2661 3855 plebs
2693 3788 2847 3841 obvia
2879 3794 2986 3839 tota

1836 3878 2079 3937 Venerat,
2116 3878 2494 3945 obsidibusque
2521 3878 2658 3932 datis
2683 3893 2816 3947 quos
2848 3880 3074 3932 iusserat
3106 3880 3236 3946 ipse,

1837 3967 1905 4020 Se
1927 3982 2138 4020 servare
2165 3968 2317 4021 fidem
2345 3969 2452 4035 regi
2477 3982 2573 4035 per
2596 3970 2825 4022 maxima
2851 3970 3109 4037 spondent

1835 4054 2149 4108 Iuramenta.
2181 4057 2380 4121 Quibus
2406 4058 2610 4110 cunctis
2640 4057 2739 4109 huc
2766 4058 2952 4111 ordine
2986 4058 3166 4125 gestis,

1834 4142 1889 4195 In
1917 4157 2102 4211 pagum
2124 4145 2297 4208 rediit,
2322 4160 2477 4213 quem
2509 4143 2689 4200 dicunt
2713 4147 2925 4199 nomine
2946 4134 3132 4199 Btﬂki.

1836 4231 1947 4285 Illic
1974 4247 2254 4287 occurrere
2282 4235 2441 4288 duces
2468 4234 3001 4305 simulAngariorum

1836 4322 1967 4375 Cum
1994 4323 2203 4392 populo,
2234 4323 2497 4392 similique
2524 4325 2680 4378 modo
2704 4323 2970 4392 regalibus
2998 4338 3189 4375 omnes

1760 4446 1812 4501 Β
1839 4412 1971 4464 Dum
1994 4420 2180 4479 parent
2209 4412 2385 4475 iussis,
2417 4412 2830 4480 iuramentisque
2856 4410 3034 4465 fideles

1718 4566 1724 4572 η
1762 4499 1792 4501 “
1840 4500 1909 4554 Se
1937 4499 2049 4553 fere
2075 4500 2412 4563 confirmant,
2444 4500 2668 4554 reditum
2698 4509 2853 4568 parat
2878 4500 2999 4551 ilico
3030 4499 3215 4551 victor.

1837 4586 2039 4640 Interea
2063 4588 2210 4641 iuxta
2234 4587 2500 4641 Wisuram
2530 4588 2744 4641 dimissa
2772 4588 3019 4641 manebat

1838 4675 1967 4731 Pars
1988 4679 2311 4731 exercituum
2340 4679 2496 4747 regis,
2515 4677 2675 4756 locus
2703 4679 2812 4746 ipse
2842 4688 3061 4733 vocatur

1840 4766 2100 4832 Illidbeki,
2131 4782 2235 4837 quo
2260 4770 2449 4823 castris
2478 4769 2614 4823 idem
2641 4770 2825 4823 sedere
2855 4769 3058 4823 locatis.

1840 4857 1942 4911 Sed
1973 4857 2108 4913 male
2136 4872 2351 4911 securos
2381 4874 2465 4912 res
2488 4872 2739 4927 prospera
2767 4857 2965 4912 fecerat
2996 4858 3131 4923 illos,

1838 4950 1950 5013 Qua
1981 4961 2067 4999 rex
2103 4962 2229 5001 usus
2251 4955 2381 5009 erat,
2407 4942 2525 5000 cum
2547 4949 2751 5001 cunctis
2774 4947 3013 5001 hostibus
3037 4956 3175 5003 esset

1840 5038 2073 5103 Tcrrori,
2105 5039 2208 5110 iam
2241 5046 2363 5091 tunc
2392 5024 2618 5094 audente
2648 5040 2896 5094 resistere
2919 5040 3081 5092 nullo.

1838 5128 1971 5182 Hinc
1992 5134 2106 5182 erat
2131 5126 2182 5181 in
2206 5129 2397 5182 castris
2420 5128 2622 5183 cautela
2654 5120 2925 5184 remissior
2951 5130 3072 5191 illis,

1841 5218 1908 5273 Ut
1937 5225 2147 5285 possent
2175 5219 2336 5272 nimia
2367 5216 2632 5272 Saxonum
2660 5217 2843 5273 fraude
2870 5216 3068 5272 noceri.

1840 5307 1930 5360 Sul
1964 5297 2168 5360 summo
2190 5308 2321 5379 coeli
2350 5322 2547 5374 pronus
2572 5305 2820 5376 vergebat
2854 5308 2919 5358 ab
2952 5321 3069 5365 axe,

1839 5397 1904 5449 Et
1933 5397 2256 5463 vespertinas
2286 5397 2387 5449 iam
2419 5397 2635 5450 tendere
2652 5393 2825 5463 coepit
2854 5395 2917 5447 ad
2952 5396 3137 5457 ituras;
3225 5426 3229 5431 η

1839 5482 1985 5535 'I‘unc
2011 5491 2066 5535 ut
2089 5482 2239 5551 equis
2264 5482 2477 5548 quidam
2505 5482 2771 5537 deferrent
2798 5479 2983 5549 pabula
3017 5478 3190 5547 longe,

1910 5626 1928 5649 τ
1968 5612 2052 5672 Β..
2082 5609 2375 5678 Osterlingi.
