  <div class='ocr_page' id='page_1' title='image "/cluster/home/n/w/nwhite01/storage/ocr_20150623/99/uva.x000827057/351.png"; bbox 0 0 3872 6230; ppageno 0'>
   <div class='ocr_carea' id='block_1_1' title="bbox 1391 245 1452 295">
    <p class='ocr_par' dir='ltr' id='par_1_1' title="bbox 1391 245 1452 295">
     <span class='ocr_line' id='line_1_1' title="bbox 1391 245 1422 272; baseline 0 0"><span class='ocrx_word' id='word_1_1' title='bbox 1391 245 1400 258; x_wconf 36' lang='grc' dir='ltr'>ἡ</span> <span class='ocrx_word' id='word_1_2' title='bbox 1415 267 1422 272; x_wconf 76' lang='grc' dir='ltr'><strong>ι.</strong></span> 
     </span>
     <span class='ocr_line' id='line_1_2' title="bbox 1423 273 1452 295; baseline 0 0"><span class='ocrx_word' id='word_1_3' title='bbox 1423 273 1452 295; x_wconf 55' lang='grc' dir='ltr'><strong>κ</strong></span> 
     </span>
    </p>
   </div>
   <div class='ocr_carea' id='block_1_2' title="bbox 427 310 524 365">
    <p class='ocr_par' dir='ltr' id='par_1_2' title="bbox 427 310 524 365">
     <span class='ocr_line' id='line_1_3' title="bbox 427 310 524 365; baseline -0.031 0"><span class='ocrx_word' id='word_1_4' title='bbox 427 310 524 365; x_wconf 74' lang='grc'><strong>691</strong></span> 
     </span>
    </p>
   </div>
   <div class='ocr_carea' id='block_1_3' title="bbox 431 417 1656 487">
    <p class='ocr_par' dir='ltr' id='par_1_3' title="bbox 431 417 1656 487">
     <span class='ocr_line' id='line_1_4' title="bbox 431 417 1656 487; baseline -0.005 -13"><span class='ocrx_word' id='word_1_5' title='bbox 431 422 508 475; x_wconf 85' lang='lat' dir='ltr'><strong>De</strong></span> <span class='ocrx_word' id='word_1_6' title='bbox 534 420 722 473; x_wconf 77' lang='lat' dir='ltr'><strong>castris</strong></span> <span class='ocrx_word' id='word_1_7' title='bbox 749 418 894 484; x_wconf 89' lang='lat' dir='ltr'><strong>prius</strong></span> <span class='ocrx_word' id='word_1_8' title='bbox 921 419 1117 487; x_wconf 87' lang='lat' dir='ltr'><strong>egressi</strong></span> <span class='ocrx_word' id='word_1_9' title='bbox 1146 417 1342 484; x_wconf 89' lang='lat' dir='ltr'><strong>pariter</strong></span> <span class='ocrx_word' id='word_1_10' title='bbox 1368 418 1656 472; x_wconf 89' lang='lat' dir='ltr'><strong>redierunt.</strong></span> 
     </span>
    </p>
   </div>
   <div class='ocr_carea' id='block_1_4' title="bbox 435 505 1760 572">
    <p class='ocr_par' dir='ltr' id='par_1_4' title="bbox 435 505 1760 572">
     <span class='ocr_line' id='line_1_5' title="bbox 435 505 1760 572; baseline -0.002 -13"><span class='ocrx_word' id='word_1_11' title='bbox 435 507 530 560; x_wconf 89' lang='lat' dir='ltr'><strong>Ilis</strong></span> <span class='ocrx_word' id='word_1_12' title='bbox 557 522 613 560; x_wconf 92' lang='lat' dir='ltr'><strong>se</strong></span> <span class='ocrx_word' id='word_1_13' title='bbox 639 505 903 559; x_wconf 75' lang='lat' dir='ltr'><strong>Saxonum</strong></span> <span class='ocrx_word' id='word_1_14' title='bbox 931 506 1192 572; x_wconf 79' lang='lat' dir='ltr'><strong>quoddam</strong></span> <span class='ocrx_word' id='word_1_15' title='bbox 1221 506 1528 571; x_wconf 83' lang='lat' dir='ltr'><strong>permiscuit</strong></span> <span class='ocrx_word' id='word_1_16' title='bbox 1551 519 1760 572; x_wconf 89' lang='lat' dir='ltr'><strong>agmen,</strong></span> 
     </span>
    </p>
   </div>
   <div class='ocr_carea' id='block_1_5' title="bbox 435 594 1674 664">
    <p class='ocr_par' dir='ltr' id='par_1_5' title="bbox 435 594 1674 664">
     <span class='ocr_line' id='line_1_6' title="bbox 435 594 1674 664; baseline -0.002 -17"><span class='ocrx_word' id='word_1_17' title='bbox 435 595 746 664; x_wconf 86' lang='lat' dir='ltr'><strong>Fingentum</strong></span> <span class='ocrx_word' id='word_1_18' title='bbox 777 603 944 647; x_wconf 86' lang='lat' dir='ltr'><strong>semet</strong></span> <span class='ocrx_word' id='word_1_19' title='bbox 965 595 1137 648; x_wconf 89' lang='lat' dir='ltr'><strong>socios</strong></span> <span class='ocrx_word' id='word_1_20' title='bbox 1163 595 1445 661; x_wconf 87' lang='lat' dir='ltr'><strong>animoque</strong></span> <span class='ocrx_word' id='word_1_21' title='bbox 1475 594 1674 648; x_wconf 88' lang='lat' dir='ltr'><strong>fideles.</strong></span> 
     </span>
    </p>
   </div>
   <div class='ocr_carea' id='block_1_6' title="bbox 436 683 1758 751">
    <p class='ocr_par' dir='ltr' id='par_1_6' title="bbox 436 683 1758 751">
     <span class='ocr_line' id='line_1_7' title="bbox 436 683 1758 751; baseline -0.001 -16"><span class='ocrx_word' id='word_1_22' title='bbox 436 683 566 736; x_wconf 84' lang='lat' dir='ltr'><strong>Tum</strong></span> <span class='ocrx_word' id='word_1_23' title='bbox 597 699 651 736; x_wconf 91' lang='lat' dir='ltr'><strong>se</strong></span> <span class='ocrx_word' id='word_1_24' title='bbox 677 684 897 751; x_wconf 84' lang='lat' dir='ltr'><strong>quisque</strong></span> <span class='ocrx_word' id='word_1_25' title='bbox 926 698 1060 738; x_wconf 89' lang='lat' dir='ltr'><strong>novo</strong></span> <span class='ocrx_word' id='word_1_26' title='bbox 1089 683 1276 736; x_wconf 85' lang='lat' dir='ltr'><strong>blande</strong></span> <span class='ocrx_word' id='word_1_27' title='bbox 1303 683 1540 736; x_wconf 83' lang='lat' dir='ltr'><strong>sociabat</strong></span> <span class='ocrx_word' id='word_1_28' title='bbox 1568 683 1758 745; x_wconf 89' lang='lat' dir='ltr'><strong>amico,</strong></span> 
     </span>
    </p>
   </div>
   <div class='ocr_carea' id='block_1_7' title="bbox 436 770 1716 839">
    <p class='ocr_par' dir='ltr' id='par_1_7' title="bbox 436 770 1716 839">
     <span class='ocr_line' id='line_1_8' title="bbox 436 770 1716 839; baseline -0.002 -16"><span class='ocrx_word' id='word_1_29' title='bbox 436 770 608 824; x_wconf 87' lang='lat' dir='ltr'><strong>lIostis</strong></span> <span class='ocrx_word' id='word_1_30' title='bbox 637 787 741 839; x_wconf 89' lang='lat' dir='ltr'><strong>quo</strong></span> <span class='ocrx_word' id='word_1_31' title='bbox 768 787 956 825; x_wconf 83' lang='lat' dir='ltr'><strong>saevus</strong></span> <span class='ocrx_word' id='word_1_32' title='bbox 983 773 1134 825; x_wconf 91' lang='lat' dir='ltr'><strong>latuit</strong></span> <span class='ocrx_word' id='word_1_33' title='bbox 1159 774 1256 826; x_wconf 88' lang='lat' dir='ltr'><strong>sub</strong></span> <span class='ocrx_word' id='word_1_34' title='bbox 1285 772 1498 825; x_wconf 81' lang='lat' dir='ltr'><strong>nomine</strong></span> <span class='ocrx_word' id='word_1_35' title='bbox 1528 780 1716 823; x_wconf 89' lang='lat' dir='ltr'><strong>tectus.</strong></span> 
     </span>
    </p>
   </div>
   <div class='ocr_carea' id='block_1_8' title="bbox 391 858 1713 926">
    <p class='ocr_par' dir='ltr' id='par_1_8' title="bbox 391 858 1713 926">
     <span class='ocr_line' id='line_1_9' title="bbox 391 858 1713 926; baseline 0.001 -17"><span class='ocrx_word' id='word_1_36' title='bbox 391 879 393 883; x_wconf 94' lang='grc'>·</span> <span class='ocrx_word' id='word_1_37' title='bbox 432 858 843 926; x_wconf 80' lang='lat' dir='ltr'><strong>Adhibitumque</strong></span> <span class='ocrx_word' id='word_1_38' title='bbox 870 858 1026 913; x_wconf 83' lang='lat' dir='ltr'><strong>ﬁdem</strong></span> <span class='ocrx_word' id='word_1_39' title='bbox 1057 859 1232 912; x_wconf 78' lang='lat' dir='ltr'><strong>verbis</strong></span> <span class='ocrx_word' id='word_1_40' title='bbox 1259 858 1532 911; x_wconf 74' lang='lat' dir='ltr'><strong>fallacibus</strong></span> <span class='ocrx_word' id='word_1_41' title='bbox 1558 866 1713 924; x_wconf 85' lang='lat' dir='ltr'><strong>auget</strong></span> 
     </span>
    </p>
   </div>
   <div class='ocr_carea' id='block_1_9' title="bbox 434 944 1846 1012">
    <p class='ocr_par' dir='ltr' id='par_1_9' title="bbox 434 944 1846 1012">
     <span class='ocr_line' id='line_1_10' title="bbox 434 944 1846 1012; baseline -0.001 -14"><span class='ocrx_word' id='word_1_42' title='bbox 434 944 788 1012; x_wconf 88' lang='lat' dir='ltr'><strong>Obsequium;</strong></span> <span class='ocrx_word' id='word_1_43' title='bbox 815 947 991 1000; x_wconf 91' lang='lat' dir='ltr'><strong>cuncti</strong></span> <span class='ocrx_word' id='word_1_44' title='bbox 1015 947 1172 999; x_wconf 85' lang='lat' dir='ltr'><strong>simul</strong></span> <span class='ocrx_word' id='word_1_45' title='bbox 1199 947 1252 1000; x_wconf 90' lang='lat' dir='ltr'><strong>in</strong></span> <span class='ocrx_word' id='word_1_46' title='bbox 1280 961 1555 1000; x_wconf 87' lang='lat' dir='ltr'><strong>commune</strong></span> <span class='ocrx_word' id='word_1_47' title='bbox 1583 946 1846 1008; x_wconf 79' lang='lat' dir='ltr'><strong>laborant,</strong></span> 
     </span>
    </p>
   </div>
   <div class='ocr_carea' id='block_1_10' title="bbox 388 1023 1851 1102">
    <p class='ocr_par' dir='ltr' id='par_1_10' title="bbox 388 1023 1851 1102">
     <span class='ocr_line' id='line_1_11' title="bbox 388 1023 1851 1102; baseline 0 -18"><span class='ocrx_word' id='word_1_48' title='bbox 388 1023 391 1026; x_wconf 67' lang='grc'><em>’</em></span> <span class='ocrx_word' id='word_1_49' title='bbox 434 1031 566 1086; x_wconf 83' lang='lat' dir='ltr'><strong>Pars</strong></span> <span class='ocrx_word' id='word_1_50' title='bbox 588 1035 862 1086; x_wconf 82' lang='lat' dir='ltr'><strong>subvectat</strong></span> <span class='ocrx_word' id='word_1_51' title='bbox 887 1048 1022 1087; x_wconf 86' lang='lat' dir='ltr'><strong>onus</strong></span> <span class='ocrx_word' id='word_1_52' title='bbox 1049 1034 1234 1088; x_wconf 91' lang='lat' dir='ltr'><strong>viridis</strong></span> <span class='ocrx_word' id='word_1_53' title='bbox 1262 1035 1417 1088; x_wconf 89' lang='lat' dir='ltr'><strong>simul</strong></span> <span class='ocrx_word' id='word_1_54' title='bbox 1443 1044 1667 1102; x_wconf 86' lang='lat' dir='ltr'><strong>utraque</strong></span> <span class='ocrx_word' id='word_1_55' title='bbox 1693 1033 1851 1086; x_wconf 86' lang='lat' dir='ltr'><strong>foeni.</strong></span> 
     </span>
    </p>
   </div>
   <div class='ocr_carea' id='block_1_11' title="bbox 438 1120 1858 1191">
    <p class='ocr_par' dir='ltr' id='par_1_11' title="bbox 438 1120 1858 1191">
     <span class='ocr_line' id='line_1_12' title="bbox 438 1120 1858 1191; baseline 0.001 -17"><span class='ocrx_word' id='word_1_56' title='bbox 438 1120 529 1176; x_wconf 91' lang='lat' dir='ltr'><strong>Sic</strong></span> <span class='ocrx_word' id='word_1_57' title='bbox 555 1123 860 1191; x_wconf 77' lang='lat' dir='ltr'><strong>introgressi</strong></span> <span class='ocrx_word' id='word_1_58' title='bbox 888 1123 1210 1178; x_wconf 85' lang='lat' dir='ltr'><strong>Francorum</strong></span> <span class='ocrx_word' id='word_1_59' title='bbox 1239 1133 1414 1177; x_wconf 88' lang='lat' dir='ltr'><strong>castra</strong></span> <span class='ocrx_word' id='word_1_60' title='bbox 1443 1123 1633 1187; x_wconf 88' lang='lat' dir='ltr'><strong>dolosi,</strong></span> <span class='ocrx_word' id='word_1_61' title='bbox 1855 1183 1858 1186; x_wconf 94' lang='lat'><strong><em>_</em></strong></span> 
     </span>
    </p>
   </div>
   <div class='ocr_carea' id='block_1_12' title="bbox 437 1212 1768 1281">
    <p class='ocr_par' dir='ltr' id='par_1_12' title="bbox 437 1212 1768 1281">
     <span class='ocr_line' id='line_1_13' title="bbox 437 1212 1768 1281; baseline 0.002 -18"><span class='ocrx_word' id='word_1_62' title='bbox 437 1212 585 1275; x_wconf 86' lang='lat' dir='ltr'><strong>Quod</strong></span> <span class='ocrx_word' id='word_1_63' title='bbox 612 1213 663 1264; x_wconf 92' lang='lat' dir='ltr'><strong>vi</strong></span> <span class='ocrx_word' id='word_1_64' title='bbox 693 1227 795 1266; x_wconf 91' lang='lat' dir='ltr'><strong>non</strong></span> <span class='ocrx_word' id='word_1_65' title='bbox 827 1221 1091 1280; x_wconf 84' lang='lat' dir='ltr'><strong>poterant,</strong></span> <span class='ocrx_word' id='word_1_66' title='bbox 1114 1221 1336 1281; x_wconf 87' lang='lat' dir='ltr'><strong>egerunt</strong></span> <span class='ocrx_word' id='word_1_67' title='bbox 1365 1221 1505 1276; x_wconf 83' lang='lat' dir='ltr'><strong>arte;</strong></span> <span class='ocrx_word' id='word_1_68' title='bbox 1532 1214 1622 1266; x_wconf 91' lang='lat' dir='ltr'><strong>sed</strong></span> <span class='ocrx_word' id='word_1_69' title='bbox 1643 1213 1768 1266; x_wconf 91' lang='lat' dir='ltr'><strong>olim</strong></span> 
     </span>
    </p>
   </div>
   <div class='ocr_carea' id='block_1_13' title="bbox 438 1301 1974 1375">
    <p class='ocr_par' dir='ltr' id='par_1_13' title="bbox 438 1301 1974 1375">
     <span class='ocr_line' id='line_1_14' title="bbox 438 1301 1974 1375; baseline -0.001 -22"><span class='ocrx_word' id='word_1_70' title='bbox 438 1301 532 1353; x_wconf 82' lang='lat' dir='ltr'><strong>Est</strong></span> <span class='ocrx_word' id='word_1_71' title='bbox 552 1302 750 1355; x_wconf 90' lang='lat' dir='ltr'><strong>dictum</strong></span> <span class='ocrx_word' id='word_1_72' title='bbox 769 1320 791 1352; x_wconf 74' lang='lat' dir='ltr'><strong>r</strong></span> <span class='ocrx_word' id='word_1_73' title='bbox 809 1302 970 1356; x_wconf 89' lang='lat' dir='ltr'><strong>Dolus</strong></span> <span class='ocrx_word' id='word_1_74' title='bbox 987 1318 1052 1354; x_wconf 91' lang='lat' dir='ltr'><strong>an</strong></span> <span class='ocrx_word' id='word_1_75' title='bbox 1075 1303 1261 1366; x_wconf 90' lang='lat' dir='ltr'><strong>virtus,</strong></span> <span class='ocrx_word' id='word_1_76' title='bbox 1285 1303 1406 1375; x_wconf 79' lang='lat' dir='ltr'><strong>quis</strong></span> <span class='ocrx_word' id='word_1_77' title='bbox 1419 1304 1479 1355; x_wconf 84' lang='lat' dir='ltr'><strong>in</strong></span> <span class='ocrx_word' id='word_1_78' title='bbox 1493 1304 1644 1357; x_wconf 90' lang='lat' dir='ltr'><strong>hoste</strong></span> <span class='ocrx_word' id='word_1_79' title='bbox 1668 1303 1936 1371; x_wconf 87' lang='lat' dir='ltr'><strong>requirat?</strong></span> <span class='ocrx_word' id='word_1_80' title='bbox 1957 1323 1974 1352; x_wconf 66' lang='grc' dir='ltr'><strong>ν</strong></span> 
     </span>
    </p>
   </div>
   <div class='ocr_carea' id='block_1_14' title="bbox 442 1391 1656 1458">
    <p class='ocr_par' dir='ltr' id='par_1_14' title="bbox 442 1391 1656 1458">
     <span class='ocr_line' id='line_1_15' title="bbox 442 1391 1656 1458; baseline 0.003 -16"><span class='ocrx_word' id='word_1_81' title='bbox 442 1391 726 1458; x_wconf 74' lang='lat' dir='ltr'><strong>Depressos</strong></span> <span class='ocrx_word' id='word_1_82' title='bbox 750 1407 932 1446; x_wconf 80' lang='lat' dir='ltr'><strong>somno</strong></span> <span class='ocrx_word' id='word_1_83' title='bbox 952 1391 1186 1445; x_wconf 86' lang='lat' dir='ltr'><strong>Francos</strong></span> <span class='ocrx_word' id='word_1_84' title='bbox 1208 1391 1466 1446; x_wconf 88' lang='lat' dir='ltr'><strong>instanter</strong></span> <span class='ocrx_word' id='word_1_85' title='bbox 1486 1393 1656 1446; x_wconf 86' lang='lat' dir='ltr'><strong>adorti</strong></span> 
     </span>
    </p>
   </div>
   <div class='ocr_carea' id='block_1_15' title="bbox 443 1478 1637 1543">
    <p class='ocr_par' dir='ltr' id='par_1_15' title="bbox 443 1478 1637 1543">
     <span class='ocr_line' id='line_1_16' title="bbox 443 1478 1637 1543; baseline 0.002 -13"><span class='ocrx_word' id='word_1_86' title='bbox 443 1479 696 1543; x_wconf 85' lang='lat' dir='ltr'><strong>Saxones,</strong></span> <span class='ocrx_word' id='word_1_87' title='bbox 727 1479 941 1534; x_wconf 85' lang='lat' dir='ltr'><strong>caedem</strong></span> <span class='ocrx_word' id='word_1_88' title='bbox 969 1479 1184 1532; x_wconf 85' lang='lat' dir='ltr'><strong>nimiam</strong></span> <span class='ocrx_word' id='word_1_89' title='bbox 1216 1479 1390 1533; x_wconf 85' lang='lat' dir='ltr'><strong>fecere</strong></span> <span class='ocrx_word' id='word_1_90' title='bbox 1415 1478 1637 1542; x_wconf 87' lang='lat' dir='ltr'><strong>feroces,</strong></span> 
     </span>
    </p>
   </div>
   <div class='ocr_carea' id='block_1_16' title="bbox 442 1567 1602 1634">
    <p class='ocr_par' dir='ltr' id='par_1_16' title="bbox 442 1567 1602 1634">
     <span class='ocr_line' id='line_1_17' title="bbox 442 1567 1602 1634; baseline 0.001 -14"><span class='ocrx_word' id='word_1_91' title='bbox 442 1568 874 1622; x_wconf 77' lang='lat' dir='ltr'><strong>Dunec&#39;discusso</strong></span> <span class='ocrx_word' id='word_1_92' title='bbox 904 1569 1113 1621; x_wconf 86' lang='lat' dir='ltr'><strong>tandem</strong></span> <span class='ocrx_word' id='word_1_93' title='bbox 1142 1575 1352 1634; x_wconf 89' lang='lat' dir='ltr'><strong>torpore</strong></span> <span class='ocrx_word' id='word_1_94' title='bbox 1380 1567 1602 1634; x_wconf 88' lang='lat' dir='ltr'><strong>soporis,</strong></span> 
     </span>
    </p>
   </div>
   <div class='ocr_carea' id='block_1_17' title="bbox 443 1654 1623 1724">
    <p class='ocr_par' dir='ltr' id='par_1_17' title="bbox 443 1654 1623 1724">
     <span class='ocr_line' id='line_1_18' title="bbox 443 1654 1623 1724; baseline 0 -16"><span class='ocrx_word' id='word_1_95' title='bbox 443 1657 667 1721; x_wconf 80' lang='lat' dir='ltr'><strong>Quidam</strong></span> <span class='ocrx_word' id='word_1_96' title='bbox 689 1657 946 1724; x_wconf 87' lang='lat' dir='ltr'><strong>correptis</strong></span> <span class='ocrx_word' id='word_1_97' title='bbox 974 1655 1184 1709; x_wconf 89' lang='lat' dir='ltr'><strong>obstare</strong></span> <span class='ocrx_word' id='word_1_98' title='bbox 1207 1654 1623 1709; x_wconf 71' lang='lat' dir='ltr'><strong>viriliter&#39;armis</strong></span> 
     </span>
    </p>
   </div>
   <div class='ocr_carea' id='block_1_18' title="bbox 443 1745 1841 1814">
    <p class='ocr_par' dir='ltr' id='par_1_18' title="bbox 443 1745 1841 1814">
     <span class='ocr_line' id='line_1_19' title="bbox 443 1745 1841 1814; baseline -0.001 -16"><span class='ocrx_word' id='word_1_99' title='bbox 443 1746 759 1814; x_wconf 87' lang='lat' dir='ltr'><strong>Coeperunt,</strong></span> <span class='ocrx_word' id='word_1_100' title='bbox 788 1760 1065 1814; x_wconf 81' lang='lat' dir='ltr'><strong>pugnaque</strong></span> <span class='ocrx_word' id='word_1_101' title='bbox 1087 1745 1149 1798; x_wconf 92' lang='lat' dir='ltr'><strong>de</strong></span> <span class='ocrx_word' id='word_1_102' title='bbox 1170 1745 1295 1798; x_wconf 85' lang='lat' dir='ltr'><strong>hinc</strong></span> <span class='ocrx_word' id='word_1_103' title='bbox 1319 1751 1586 1812; x_wconf 82' lang='lat' dir='ltr'><strong>utcunque</strong></span> <span class='ocrx_word' id='word_1_104' title='bbox 1613 1751 1841 1808; x_wconf 90' lang='lat' dir='ltr'><strong>remota,</strong></span> 
     </span>
    </p>
   </div>
   <div class='ocr_carea' id='block_1_19' title="bbox 446 1831 1680 1902">
    <p class='ocr_par' dir='ltr' id='par_1_19' title="bbox 446 1831 1680 1902">
     <span class='ocr_line' id='line_1_20' title="bbox 446 1831 1680 1902; baseline 0 -16"><span class='ocrx_word' id='word_1_105' title='bbox 446 1835 661 1888; x_wconf 80' lang='lat' dir='ltr'><strong>Scilicet</strong></span> <span class='ocrx_word' id='word_1_106' title='bbox 686 1850 750 1888; x_wconf 89' lang='lat' dir='ltr'><strong>ex</strong></span> <span class='ocrx_word' id='word_1_107' title='bbox 778 1842 952 1902; x_wconf 89' lang='lat' dir='ltr'><strong>pacto,</strong></span> <span class='ocrx_word' id='word_1_108' title='bbox 981 1835 1122 1902; x_wconf 90' lang='lat' dir='ltr'><strong>quod</strong></span> <span class='ocrx_word' id='word_1_109' title='bbox 1146 1841 1272 1887; x_wconf 83' lang='lat' dir='ltr'><strong>tunc</strong></span> <span class='ocrx_word' id='word_1_110' title='bbox 1295 1833 1535 1902; x_wconf 82' lang='lat' dir='ltr'><strong>angustia</strong></span> <span class='ocrx_word' id='word_1_111' title='bbox 1559 1831 1680 1886; x_wconf 88' lang='lat' dir='ltr'><strong>talis</strong></span> 
     </span>
    </p>
   </div>
   <div class='ocr_carea' id='block_1_20' title="bbox 447 1923 1600 1992">
    <p class='ocr_par' dir='ltr' id='par_1_20' title="bbox 447 1923 1600 1992">
     <span class='ocr_line' id='line_1_21' title="bbox 447 1923 1600 1992; baseline 0.002 -18"><span class='ocrx_word' id='word_1_112' title='bbox 447 1923 700 1986; x_wconf 81' lang='lat' dir='ltr'><strong>Dictabat,</strong></span> <span class='ocrx_word' id='word_1_113' title='bbox 735 1925 914 1978; x_wconf 79' lang='lat' dir='ltr'><strong>hostes</strong></span> <span class='ocrx_word' id='word_1_114' title='bbox 941 1923 1098 1992; x_wconf 84' lang='lat' dir='ltr'><strong>celeri</strong></span> <span class='ocrx_word' id='word_1_115' title='bbox 1128 1923 1332 1976; x_wconf 91' lang='lat' dir='ltr'><strong>rediere</strong></span> <span class='ocrx_word' id='word_1_116' title='bbox 1362 1937 1600 1976; x_wconf 87' lang='lat' dir='ltr'><strong>recursu.</strong></span> 
     </span>
    </p>
   </div>
   <div class='ocr_carea' id='block_1_21' title="bbox 448 2011 1580 2079">
    <p class='ocr_par' dir='ltr' id='par_1_21' title="bbox 448 2011 1580 2079">
     <span class='ocr_line' id='line_1_22' title="bbox 448 2011 1580 2079; baseline -0.002 -15"><span class='ocrx_word' id='word_1_117' title='bbox 448 2013 539 2067; x_wconf 89' lang='lat' dir='ltr'><strong>llis</strong></span> <span class='ocrx_word' id='word_1_118' title='bbox 567 2030 659 2067; x_wconf 90' lang='lat' dir='ltr'><strong>rex</strong></span> <span class='ocrx_word' id='word_1_119' title='bbox 687 2013 880 2066; x_wconf 85' lang='lat' dir='ltr'><strong>auditis</strong></span> <span class='ocrx_word' id='word_1_120' title='bbox 904 2011 1028 2065; x_wconf 89' lang='lat' dir='ltr'><strong>illuc</strong></span> <span class='ocrx_word' id='word_1_121' title='bbox 1055 2025 1340 2079; x_wconf 88' lang='lat' dir='ltr'><strong>properare</strong></span> <span class='ocrx_word' id='word_1_122' title='bbox 1366 2011 1580 2079; x_wconf 83' lang='lat' dir='ltr'><strong>sategit,</strong></span> 
     </span>
    </p>
   </div>
   <div class='ocr_carea' id='block_1_22' title="bbox 444 2099 1694 2180">
    <p class='ocr_par' dir='ltr' id='par_1_22' title="bbox 444 2099 1694 2180">
     <span class='ocr_line' id='line_1_23' title="bbox 444 2099 1694 2180; baseline -0.004 -25"><span class='ocrx_word' id='word_1_123' title='bbox 444 2103 616 2170; x_wconf 82' lang='lat' dir='ltr'><strong>Atque</strong></span> <span class='ocrx_word' id='word_1_124' title='bbox 643 2102 770 2156; x_wconf 88' lang='lat' dir='ltr'><strong>satis</strong></span> <span class='ocrx_word' id='word_1_125' title='bbox 794 2101 944 2154; x_wconf 86' lang='lat' dir='ltr'><strong>velox</strong></span> <span class='ocrx_word' id='word_1_126' title='bbox 975 2099 1262 2180; x_wconf 75' lang='lat' dir='ltr'><strong>fugientum</strong></span> <span class='ocrx_word' id='word_1_127' title='bbox 1292 2107 1439 2167; x_wconf 89' lang='lat' dir='ltr'><strong>terga</strong></span> <span class='ocrx_word' id='word_1_128' title='bbox 1462 2106 1694 2161; x_wconf 89' lang='lat' dir='ltr'><strong>secutus,</strong></span> 
     </span>
    </p>
   </div>
   <div class='ocr_carea' id='block_1_23' title="bbox 448 2187 1699 2244">
    <p class='ocr_par' dir='ltr' id='par_1_23' title="bbox 448 2187 1699 2244">
     <span class='ocr_line' id='line_1_24' title="bbox 448 2187 1699 2244; baseline -0.003 -2"><span class='ocrx_word' id='word_1_129' title='bbox 448 2190 739 2244; x_wconf 82' lang='lat' dir='ltr'><strong>Prostravit</strong></span> <span class='ocrx_word' id='word_1_130' title='bbox 768 2191 960 2244; x_wconf 90' lang='lat' dir='ltr'><strong>multos</strong></span> <span class='ocrx_word' id='word_1_131' title='bbox 987 2197 1233 2242; x_wconf 82' lang='lat' dir='ltr'><strong>auctores</strong></span> <span class='ocrx_word' id='word_1_132' title='bbox 1261 2188 1499 2241; x_wconf 89' lang='lat' dir='ltr'><strong>criminis</strong></span> <span class='ocrx_word' id='word_1_133' title='bbox 1523 2187 1699 2240; x_wconf 86' lang='lat' dir='ltr'><strong>huius.</strong></span> 
     </span>
    </p>
   </div>
   <div class='ocr_carea' id='block_1_24' title="bbox 447 2274 1764 2343">
    <p class='ocr_par' dir='ltr' id='par_1_24' title="bbox 447 2274 1764 2343">
     <span class='ocr_line' id='line_1_25' title="bbox 447 2274 1764 2343; baseline 0 -15"><span class='ocrx_word' id='word_1_134' title='bbox 447 2277 581 2330; x_wconf 91' lang='lat' dir='ltr'><strong>Ilinc</strong></span> <span class='ocrx_word' id='word_1_135' title='bbox 600 2278 666 2330; x_wconf 87' lang='lat' dir='ltr'><strong>ad</strong></span> <span class='ocrx_word' id='word_1_136' title='bbox 686 2276 1006 2330; x_wconf 82' lang='lat' dir='ltr'><strong>Westfalhos</strong></span> <span class='ocrx_word' id='word_1_137' title='bbox 1032 2277 1196 2339; x_wconf 81' lang='lat' dir='ltr'><strong>venit,</strong></span> <span class='ocrx_word' id='word_1_138' title='bbox 1225 2276 1509 2343; x_wconf 89' lang='lat' dir='ltr'><strong>statimque</strong></span> <span class='ocrx_word' id='word_1_139' title='bbox 1536 2274 1764 2343; x_wconf 82' lang='lat' dir='ltr'><strong>receptis</strong></span> 
     </span>
    </p>
   </div>
   <div class='ocr_carea' id='block_1_25' title="bbox 446 2363 1821 2433">
    <p class='ocr_par' dir='ltr' id='par_1_25' title="bbox 446 2363 1821 2433">
     <span class='ocr_line' id='line_1_26' title="bbox 446 2363 1821 2433; baseline -0.003 -14"><span class='ocrx_word' id='word_1_140' title='bbox 446 2365 747 2428; x_wconf 82' lang='lat' dir='ltr'><strong>Obsidibus,</strong></span> <span class='ocrx_word' id='word_1_141' title='bbox 779 2379 912 2433; x_wconf 89' lang='lat' dir='ltr'><strong>quos</strong></span> <span class='ocrx_word' id='word_1_142' title='bbox 939 2365 1284 2427; x_wconf 85' lang='lat' dir='ltr'><strong>tradiderant,</strong></span> <span class='ocrx_word' id='word_1_143' title='bbox 1315 2364 1645 2418; x_wconf 85' lang='lat' dir='ltr'><strong>abscesserat</strong></span> <span class='ocrx_word' id='word_1_144' title='bbox 1665 2363 1821 2416; x_wconf 89' lang='lat' dir='ltr'><strong>inde:</strong></span> 
     </span>
    </p>
   </div>
   <div class='ocr_carea' id='block_1_26' title="bbox 447 2450 1780 2521">
    <p class='ocr_par' dir='ltr' id='par_1_26' title="bbox 447 2450 1780 2521">
     <span class='ocr_line' id='line_1_27' title="bbox 447 2450 1780 2521; baseline -0.002 -16"><span class='ocrx_word' id='word_1_145' title='bbox 447 2454 524 2507; x_wconf 82' lang='lat' dir='ltr'><strong>Ac</strong></span> <span class='ocrx_word' id='word_1_146' title='bbox 551 2453 783 2521; x_wconf 88' lang='lat' dir='ltr'><strong>suscepit</strong></span> <span class='ocrx_word' id='word_1_147' title='bbox 803 2467 970 2506; x_wconf 88' lang='lat' dir='ltr'><strong>ovans</strong></span> <span class='ocrx_word' id='word_1_148' title='bbox 1001 2452 1304 2505; x_wconf 88' lang='lat' dir='ltr'><strong>redeuntem</strong></span> <span class='ocrx_word' id='word_1_149' title='bbox 1332 2450 1557 2505; x_wconf 84' lang='lat' dir='ltr'><strong>Francia</strong></span> <span class='ocrx_word' id='word_1_150' title='bbox 1580 2464 1780 2520; x_wconf 83' lang='lat' dir='ltr'><strong>regem.</strong></span> 
     </span>
    </p>
   </div>
   <div class='ocr_carea' id='block_1_27' title="bbox 911 2542 1546 2597">
    <p class='ocr_par' dir='ltr' id='par_1_27' title="bbox 911 2542 1546 2597">
     <span class='ocr_line' id='line_1_28' title="bbox 911 2542 1546 2597; baseline -0.002 -1"><span class='ocrx_word' id='word_1_151' title='bbox 911 2543 1058 2596; x_wconf 81' lang='lat' dir='ltr'><strong>Anno</strong></span> <span class='ocrx_word' id='word_1_152' title='bbox 1089 2542 1206 2595; x_wconf 78' lang='lat'><strong>776.</strong></span> <span class='ocrx_word' id='word_1_153' title='bbox 1239 2542 1429 2595; x_wconf 81' lang='lat' dir='ltr'><strong>Indict.</strong></span> <span class='ocrx_word' id='word_1_154' title='bbox 1463 2544 1546 2597; x_wconf 75' lang='lat'><strong>15.</strong></span> 
     </span>
    </p>
   </div>
   <div class='ocr_carea' id='block_1_28' title="bbox 449 2630 1927 2701">
    <p class='ocr_par' dir='ltr' id='par_1_28' title="bbox 449 2630 1927 2701">
     <span class='ocr_line' id='line_1_29' title="bbox 449 2630 1927 2701; baseline 0.003 -15"><span class='ocrx_word' id='word_1_155' title='bbox 449 2632 687 2701; x_wconf 87' lang='lat' dir='ltr'><strong>Cumque</strong></span> <span class='ocrx_word' id='word_1_156' title='bbox 715 2632 925 2685; x_wconf 89' lang='lat' dir='ltr'><strong>domum</strong></span> <span class='ocrx_word' id='word_1_157' title='bbox 956 2632 1165 2685; x_wconf 88' lang='lat' dir='ltr'><strong>rediens</strong></span> <span class='ocrx_word' id='word_1_158' title='bbox 1190 2630 1435 2700; x_wconf 84' lang='lat' dir='ltr'><strong>princeps</strong></span> <span class='ocrx_word' id='word_1_159' title='bbox 1460 2630 1563 2684; x_wconf 90' lang='lat' dir='ltr'><strong>iter</strong></span> <span class='ocrx_word' id='word_1_160' title='bbox 1590 2631 1927 2690; x_wconf 82' lang='lat' dir='ltr'><strong>acceleraret.</strong></span> 
     </span>
    </p>
   </div>
   <div class='ocr_carea' id='block_1_29' title="bbox 450 2718 1793 2788">
    <p class='ocr_par' dir='ltr' id='par_1_29' title="bbox 450 2718 1793 2788">
     <span class='ocr_line' id='line_1_30' title="bbox 450 2718 1793 2788; baseline -0.001 -15"><span class='ocrx_word' id='word_1_161' title='bbox 450 2719 717 2788; x_wconf 79' lang='lat' dir='ltr'><strong>Comperit</strong></span> <span class='ocrx_word' id='word_1_162' title='bbox 740 2719 986 2774; x_wconf 78' lang='lat' dir='ltr'><strong>Ausoniis</strong></span> <span class='ocrx_word' id='word_1_163' title='bbox 1017 2718 1066 2773; x_wconf 88' lang='lat' dir='ltr'><strong>in</strong></span> <span class='ocrx_word' id='word_1_164' title='bbox 1092 2721 1330 2788; x_wconf 89' lang='lat' dir='ltr'><strong>partibus</strong></span> <span class='ocrx_word' id='word_1_165' title='bbox 1357 2734 1473 2773; x_wconf 90' lang='lat' dir='ltr'><strong>esse</strong></span> <span class='ocrx_word' id='word_1_166' title='bbox 1503 2720 1793 2783; x_wconf 90' lang='lat' dir='ltr'><strong>tirannum,</strong></span> 
     </span>
    </p>
   </div>
   <div class='ocr_carea' id='block_1_30' title="bbox 451 2807 1997 2875">
    <p class='ocr_par' dir='ltr' id='par_1_30' title="bbox 451 2807 1997 2875">
     <span class='ocr_line' id='line_1_31' title="bbox 451 2807 1997 2875; baseline -0.001 -15"><span class='ocrx_word' id='word_1_167' title='bbox 451 2807 671 2860; x_wconf 57' lang='lat' dir='ltr'><strong>Nonne</strong></span> <span class='ocrx_word' id='word_1_168' title='bbox 699 2807 1071 2875; x_wconf 70' lang='lat' dir='ltr'><strong>IIro&#39;Jgaudum</strong></span> <span class='ocrx_word' id='word_1_169' title='bbox 1091 2847 1104 2870; x_wconf 94' lang='lat'><strong>,</strong></span> <span class='ocrx_word' id='word_1_170' title='bbox 1138 2823 1271 2860; x_wconf 91' lang='lat' dir='ltr'><strong>nova</strong></span> <span class='ocrx_word' id='word_1_171' title='bbox 1297 2808 1386 2874; x_wconf 90' lang='lat' dir='ltr'><strong>qui</strong></span> <span class='ocrx_word' id='word_1_172' title='bbox 1416 2807 1687 2860; x_wconf 88' lang='lat' dir='ltr'><strong>molimina</strong></span> <span class='ocrx_word' id='word_1_173' title='bbox 1718 2815 1997 2875; x_wconf 82' lang='lat' dir='ltr'><strong>temptans,</strong></span> 
     </span>
    </p>
   </div>
   <div class='ocr_carea' id='block_1_31' title="bbox 367 2896 1809 2965">
    <p class='ocr_par' dir='ltr' id='par_1_31' title="bbox 367 2896 1809 2965">
     <span class='ocr_line' id='line_1_32' title="bbox 367 2896 1809 2965; baseline 0.001 -16"><span class='ocrx_word' id='word_1_174' title='bbox 367 2926 386 2940; x_wconf 69' lang='grc' dir='ltr'><strong>ρ</strong></span> <span class='ocrx_word' id='word_1_175' title='bbox 452 2896 582 2958; x_wconf 83' lang='lat' dir='ltr'><strong>Nec,</strong></span> <span class='ocrx_word' id='word_1_176' title='bbox 611 2912 769 2965; x_wconf 89' lang='lat' dir='ltr'><strong>quem</strong></span> <span class='ocrx_word' id='word_1_177' title='bbox 793 2912 884 2949; x_wconf 90' lang='lat' dir='ltr'><strong>rex</strong></span> <span class='ocrx_word' id='word_1_178' title='bbox 914 2897 986 2950; x_wconf 65' lang='lat' dir='ltr'><strong>illi</strong></span> <span class='ocrx_word' id='word_1_179' title='bbox 1017 2897 1252 2961; x_wconf 87' lang='lat' dir='ltr'><strong>dederat,</strong></span> <span class='ocrx_word' id='word_1_180' title='bbox 1283 2905 1562 2951; x_wconf 87' lang='lat' dir='ltr'><strong>contentus</strong></span> <span class='ocrx_word' id='word_1_181' title='bbox 1585 2897 1809 2961; x_wconf 89' lang='lat' dir='ltr'><strong>honore,</strong></span> 
     </span>
    </p>
   </div>
   <div class='ocr_carea' id='block_1_32' title="bbox 452 2985 1662 3054">
    <p class='ocr_par' dir='ltr' id='par_1_32' title="bbox 452 2985 1662 3054">
     <span class='ocr_line' id='line_1_33' title="bbox 452 2985 1662 3054; baseline 0 -18"><span class='ocrx_word' id='word_1_182' title='bbox 452 2985 636 3039; x_wconf 87' lang='lat' dir='ltr'><strong>Italiae</strong></span> <span class='ocrx_word' id='word_1_183' title='bbox 659 2985 824 3038; x_wconf 90' lang='lat' dir='ltr'><strong>latum</strong></span> <span class='ocrx_word' id='word_1_184' title='bbox 853 2985 1015 3038; x_wconf 88' lang='lat' dir='ltr'><strong>voluit</strong></span> <span class='ocrx_word' id='word_1_185' title='bbox 1043 2985 1142 3038; x_wconf 88' lang='lat' dir='ltr'><strong>sibi</strong></span> <span class='ocrx_word' id='word_1_186' title='bbox 1169 2987 1394 3040; x_wconf 86' lang='lat' dir='ltr'><strong>subdere</strong></span> <span class='ocrx_word' id='word_1_187' title='bbox 1422 3000 1662 3054; x_wconf 88' lang='lat' dir='ltr'><strong>regnum.</strong></span> 
     </span>
    </p>
   </div>
   <div class='ocr_carea' id='block_1_33' title="bbox 457 3071 1895 3140">
    <p class='ocr_par' dir='ltr' id='par_1_33' title="bbox 457 3071 1895 3140">
     <span class='ocr_line' id='line_1_34' title="bbox 457 3071 1895 3140; baseline 0.002 -18"><span class='ocrx_word' id='word_1_188' title='bbox 457 3071 658 3140; x_wconf 87' lang='lat' dir='ltr'><strong>Quippe</strong></span> <span class='ocrx_word' id='word_1_189' title='bbox 684 3073 868 3126; x_wconf 91' lang='lat' dir='ltr'><strong>ducem</strong></span> <span class='ocrx_word' id='word_1_190' title='bbox 895 3073 1246 3140; x_wconf 88' lang='lat' dir='ltr'><strong>comitemque</strong></span> <span class='ocrx_word' id='word_1_191' title='bbox 1272 3073 1700 3126; x_wconf 84' lang='lat' dir='ltr'><strong>Foroiulensibus</strong></span> <span class='ocrx_word' id='word_1_192' title='bbox 1728 3073 1895 3140; x_wconf 90' lang='lat' dir='ltr'><strong>ipsum</strong></span> 
     </span>
    </p>
   </div>
   <div class='ocr_carea' id='block_1_34' title="bbox 457 3161 1813 3232">
    <p class='ocr_par' dir='ltr' id='par_1_34' title="bbox 457 3161 1813 3232">
     <span class='ocr_line' id='line_1_35' title="bbox 457 3161 1813 3232; baseline 0.004 -20"><span class='ocrx_word' id='word_1_193' title='bbox 457 3161 740 3214; x_wconf 79' lang='lat' dir='ltr'><strong>Constituit</strong></span> <span class='ocrx_word' id='word_1_194' title='bbox 767 3161 1004 3224; x_wconf 84' lang='lat' dir='ltr'><strong>Carolus,</strong></span> <span class='ocrx_word' id='word_1_195' title='bbox 1030 3162 1203 3230; x_wconf 89' lang='lat' dir='ltr'><strong>primo</strong></span> <span class='ocrx_word' id='word_1_196' title='bbox 1230 3177 1349 3217; x_wconf 92' lang='lat' dir='ltr'><strong>cum</strong></span> <span class='ocrx_word' id='word_1_197' title='bbox 1375 3162 1518 3218; x_wconf 87' lang='lat' dir='ltr'><strong>clara</strong></span> <span class='ocrx_word' id='word_1_198' title='bbox 1548 3163 1813 3232; x_wconf 81' lang='lat' dir='ltr'><strong>triumpho</strong></span> 
     </span>
    </p>
   </div>
   <div class='ocr_carea' id='block_1_35' title="bbox 460 3249 1851 3318">
    <p class='ocr_par' dir='ltr' id='par_1_35' title="bbox 460 3249 1851 3318">
     <span class='ocr_line' id='line_1_36' title="bbox 460 3249 1851 3318; baseline 0.002 -16"><span class='ocrx_word' id='word_1_199' title='bbox 460 3250 535 3302; x_wconf 85' lang='lat' dir='ltr'><strong>De</strong></span> <span class='ocrx_word' id='word_1_200' title='bbox 559 3250 916 3318; x_wconf 86' lang='lat' dir='ltr'><strong>Langobardis</strong></span> <span class='ocrx_word' id='word_1_201' title='bbox 943 3252 1113 3304; x_wconf 88' lang='lat' dir='ltr'><strong>victor</strong></span> <span class='ocrx_word' id='word_1_202' title='bbox 1139 3252 1331 3305; x_wconf 86' lang='lat' dir='ltr'><strong>vexilla</strong></span> <span class='ocrx_word' id='word_1_203' title='bbox 1358 3253 1579 3305; x_wconf 81' lang='lat' dir='ltr'><strong>revexit.</strong></span> <span class='ocrx_word' id='word_1_204' title='bbox 1845 3249 1851 3256; x_wconf 85' lang='grc'><em>’</em></span> 
     </span>
    </p>
   </div>
   <div class='ocr_carea' id='block_1_36' title="bbox 459 3336 1712 3407">
    <p class='ocr_par' dir='ltr' id='par_1_36' title="bbox 459 3336 1712 3407">
     <span class='ocr_line' id='line_1_37' title="bbox 459 3336 1712 3407; baseline 0.005 -19"><span class='ocrx_word' id='word_1_205' title='bbox 459 3336 591 3391; x_wconf 88' lang='lat' dir='ltr'><strong>liuic</strong></span> <span class='ocrx_word' id='word_1_206' title='bbox 620 3338 773 3390; x_wconf 89' lang='lat' dir='ltr'><strong>nimis</strong></span> <span class='ocrx_word' id='word_1_207' title='bbox 801 3338 1041 3407; x_wconf 86' lang='lat' dir='ltr'><strong>ingratus</strong></span> <span class='ocrx_word' id='word_1_208' title='bbox 1063 3338 1200 3393; x_wconf 90' lang='lat' dir='ltr'><strong>dono</strong></span> <span class='ocrx_word' id='word_1_209' title='bbox 1229 3339 1366 3393; x_wconf 87' lang='lat' dir='ltr'><strong>male</strong></span> <span class='ocrx_word' id='word_1_210' title='bbox 1395 3341 1712 3394; x_wconf 85' lang='lat' dir='ltr'><strong>sollicitabat</strong></span> 
     </span>
    </p>
   </div>
   <div class='ocr_carea' id='block_1_37' title="bbox 460 3413 1762 3495">
    <p class='ocr_par' dir='ltr' id='par_1_37' title="bbox 460 3413 1762 3495">
     <span class='ocr_line' id='line_1_38' title="bbox 460 3413 1762 3495; baseline 0.003 -16"><span class='ocrx_word' id='word_1_211' title='bbox 460 3424 688 3479; x_wconf 83' lang='lat' dir='ltr'><strong>Urbibus</strong></span> <span class='ocrx_word' id='word_1_212' title='bbox 717 3440 780 3479; x_wconf 88' lang='lat' dir='ltr'><strong>ex</strong></span> <span class='ocrx_word' id='word_1_213' title='bbox 812 3425 994 3479; x_wconf 90' lang='lat' dir='ltr'><strong>multis</strong></span> <span class='ocrx_word' id='word_1_214' title='bbox 1021 3413 1261 3495; x_wconf 86' lang='lat' dir='ltr'><strong>populos,</strong></span> <span class='ocrx_word' id='word_1_215' title='bbox 1293 3443 1354 3481; x_wconf 93' lang='lat' dir='ltr'><strong>ac</strong></span> <span class='ocrx_word' id='word_1_216' title='bbox 1377 3427 1501 3482; x_wconf 88' lang='lat' dir='ltr'><strong>fecit</strong></span> <span class='ocrx_word' id='word_1_217' title='bbox 1527 3437 1586 3482; x_wconf 90' lang='lat' dir='ltr'><strong>ut</strong></span> <span class='ocrx_word' id='word_1_218' title='bbox 1611 3429 1676 3482; x_wconf 89' lang='lat' dir='ltr'><strong>ad</strong></span> <span class='ocrx_word' id='word_1_219' title='bbox 1703 3444 1762 3483; x_wconf 87' lang='lat' dir='ltr'><strong>se</strong></span> 
     </span>
    </p>
   </div>
   <div class='ocr_carea' id='block_1_38' title="bbox 459 3513 1739 3581">
    <p class='ocr_par' dir='ltr' id='par_1_38' title="bbox 459 3513 1739 3581">
     <span class='ocr_line' id='line_1_39' title="bbox 459 3513 1739 3581; baseline 0.002 -17"><span class='ocrx_word' id='word_1_220' title='bbox 459 3513 774 3577; x_wconf 86' lang='lat' dir='ltr'><strong>Deficerent,</strong></span> <span class='ocrx_word' id='word_1_221' title='bbox 808 3515 945 3567; x_wconf 91' lang='lat' dir='ltr'><strong>iusto</strong></span> <span class='ocrx_word' id='word_1_222' title='bbox 967 3513 1141 3567; x_wconf 90' lang='lat' dir='ltr'><strong>Caroli</strong></span> <span class='ocrx_word' id='word_1_223' title='bbox 1173 3522 1348 3581; x_wconf 90' lang='lat' dir='ltr'><strong>spreto</strong></span> <span class='ocrx_word' id='word_1_224' title='bbox 1375 3514 1667 3568; x_wconf 89' lang='lat' dir='ltr'><strong>dominatu.</strong></span> <span class='ocrx_word' id='word_1_225' title='bbox 1729 3569 1739 3578; x_wconf 66' lang='grc'><em>,</em></span> 
     </span>
    </p>
   </div>
   <div class='ocr_carea' id='block_1_39' title="bbox 463 3601 1779 3672">
    <p class='ocr_par' dir='ltr' id='par_1_39' title="bbox 463 3601 1779 3672">
     <span class='ocr_line' id='line_1_40' title="bbox 463 3601 1779 3672; baseline 0.002 -18"><span class='ocrx_word' id='word_1_226' title='bbox 463 3603 567 3657; x_wconf 81' lang='lat' dir='ltr'><strong>llos</strong></span> <span class='ocrx_word' id='word_1_227' title='bbox 596 3612 653 3656; x_wconf 92' lang='lat' dir='ltr'><strong>ut</strong></span> <span class='ocrx_word' id='word_1_228' title='bbox 679 3601 1049 3672; x_wconf 85' lang='lat' dir='ltr'><strong>comprimeret</strong></span> <span class='ocrx_word' id='word_1_229' title='bbox 1070 3612 1261 3666; x_wconf 87' lang='lat' dir='ltr'><strong>motus,</strong></span> <span class='ocrx_word' id='word_1_230' title='bbox 1285 3603 1357 3655; x_wconf 91' lang='lat' dir='ltr'><strong>nil</strong></span> <span class='ocrx_word' id='word_1_231' title='bbox 1387 3604 1497 3670; x_wconf 90' lang='lat' dir='ltr'><strong>ipse</strong></span> <span class='ocrx_word' id='word_1_232' title='bbox 1523 3610 1779 3666; x_wconf 89' lang='lat' dir='ltr'><strong>moratus,</strong></span> 
     </span>
    </p>
   </div>
   <div class='ocr_carea' id='block_1_40' title="bbox 462 3688 1885 3759">
    <p class='ocr_par' dir='ltr' id='par_1_40' title="bbox 462 3688 1885 3759">
     <span class='ocr_line' id='line_1_41' title="bbox 462 3688 1885 3759; baseline 0.001 -17"><span class='ocrx_word' id='word_1_233' title='bbox 462 3688 685 3742; x_wconf 89' lang='lat' dir='ltr'><strong>Strcnna</strong></span> <span class='ocrx_word' id='word_1_234' title='bbox 716 3704 875 3756; x_wconf 91' lang='lat' dir='ltr'><strong>quam</strong></span> <span class='ocrx_word' id='word_1_235' title='bbox 898 3689 1054 3742; x_wconf 88' lang='lat' dir='ltr'><strong>celeri</strong></span> <span class='ocrx_word' id='word_1_236' title='bbox 1086 3689 1274 3755; x_wconf 88' lang='lat' dir='ltr'><strong>raptim</strong></span> <span class='ocrx_word' id='word_1_237' title='bbox 1301 3698 1454 3742; x_wconf 91' lang='lat' dir='ltr'><strong>vocat</strong></span> <span class='ocrx_word' id='word_1_238' title='bbox 1477 3692 1684 3759; x_wconf 86' lang='lat' dir='ltr'><strong>agmina</strong></span> <span class='ocrx_word' id='word_1_239' title='bbox 1719 3691 1885 3752; x_wconf 90' lang='lat' dir='ltr'><strong>iussu,</strong></span> 
     </span>
    </p>
   </div>
   <div class='ocr_carea' id='block_1_41' title="bbox 468 3780 2006 3850">
    <p class='ocr_par' dir='ltr' id='par_1_41' title="bbox 468 3780 2006 3850">
     <span class='ocr_line' id='line_1_42' title="bbox 468 3780 2006 3850; baseline 0.003 -19"><span class='ocrx_word' id='word_1_240' title='bbox 468 3780 599 3833; x_wconf 85' lang='lat' dir='ltr'><strong>Cum</strong></span> <span class='ocrx_word' id='word_1_241' title='bbox 624 3781 814 3848; x_wconf 89' lang='lat' dir='ltr'><strong>quibus</strong></span> <span class='ocrx_word' id='word_1_242' title='bbox 839 3780 1041 3834; x_wconf 89' lang='lat' dir='ltr'><strong>Italiam</strong></span> <span class='ocrx_word' id='word_1_243' title='bbox 1070 3792 1374 3847; x_wconf 86' lang='lat' dir='ltr'><strong>properans,</strong></span> <span class='ocrx_word' id='word_1_244' title='bbox 1405 3781 1698 3848; x_wconf 84' lang='lat' dir='ltr'><strong>meritoque</strong></span> <span class='ocrx_word' id='word_1_245' title='bbox 1728 3790 2006 3850; x_wconf 85' lang='lat' dir='ltr'><strong>tyrannum</strong></span> 
     </span>
    </p>
   </div>
   <div class='ocr_carea' id='block_1_42' title="bbox 465 3872 1726 3940">
    <p class='ocr_par' dir='ltr' id='par_1_42' title="bbox 465 3872 1726 3940">
     <span class='ocr_line' id='line_1_43' title="bbox 465 3872 1726 3940; baseline 0 -15"><span class='ocrx_word' id='word_1_246' title='bbox 465 3872 684 3926; x_wconf 89' lang='lat' dir='ltr'><strong>Interitn</strong></span> <span class='ocrx_word' id='word_1_247' title='bbox 713 3873 968 3940; x_wconf 90' lang='lat' dir='ltr'><strong>plcctens,</strong></span> <span class='ocrx_word' id='word_1_248' title='bbox 1001 3873 1160 3940; x_wconf 88' lang='lat' dir='ltr'><strong>urbes</strong></span> <span class='ocrx_word' id='word_1_249' title='bbox 1185 3886 1398 3925; x_wconf 88' lang='lat' dir='ltr'><strong>servare</strong></span> <span class='ocrx_word' id='word_1_250' title='bbox 1425 3879 1666 3938; x_wconf 89' lang='lat' dir='ltr'><strong>receptas</strong></span> <span class='ocrx_word' id='word_1_251' title='bbox 1718 3885 1726 3898; x_wconf 83' lang='lat'><em>&#39;</em></span> 
     </span>
    </p>
   </div>
   <div class='ocr_carea' id='block_1_43' title="bbox 465 3961 1800 4032">
    <p class='ocr_par' dir='ltr' id='par_1_43' title="bbox 465 3961 1800 4032">
     <span class='ocr_line' id='line_1_44' title="bbox 465 3961 1800 4032; baseline 0.007 -20"><span class='ocrx_word' id='word_1_252' title='bbox 465 3961 787 4015; x_wconf 80' lang='lat' dir='ltr'><strong>Francorum</strong></span> <span class='ocrx_word' id='word_1_253' title='bbox 809 3963 1045 4027; x_wconf 89' lang='lat' dir='ltr'><strong>comites,</strong></span> <span class='ocrx_word' id='word_1_254' title='bbox 1073 3978 1204 4031; x_wconf 89' lang='lat' dir='ltr'><strong>quos</strong></span> <span class='ocrx_word' id='word_1_255' title='bbox 1226 3966 1335 4032; x_wconf 89' lang='lat' dir='ltr'><strong>ipse</strong></span> <span class='ocrx_word' id='word_1_256' title='bbox 1363 3966 1570 4021; x_wconf 88' lang='lat' dir='ltr'><strong>locabat</strong></span> <span class='ocrx_word' id='word_1_257' title='bbox 1594 3967 1645 4019; x_wconf 92' lang='lat' dir='ltr'><strong>in</strong></span> <span class='ocrx_word' id='word_1_258' title='bbox 1675 3967 1800 4031; x_wconf 90' lang='lat' dir='ltr'><strong>illis,</strong></span> 
     </span>
    </p>
   </div>
   <div class='ocr_carea' id='block_1_44' title="bbox 463 4051 1697 4115">
    <p class='ocr_par' dir='ltr' id='par_1_44' title="bbox 463 4051 1697 4115">
     <span class='ocr_line' id='line_1_45' title="bbox 463 4051 1697 4115; baseline 0.005 -12"><span class='ocrx_word' id='word_1_259' title='bbox 463 4051 640 4115; x_wconf 89' lang='lat' dir='ltr'><strong>Iussit,</strong></span> <span class='ocrx_word' id='word_1_260' title='bbox 669 4061 722 4105; x_wconf 92' lang='lat' dir='ltr'><strong>et</strong></span> <span class='ocrx_word' id='word_1_261' title='bbox 749 4059 805 4105; x_wconf 87' lang='lat' dir='ltr'><strong>ut</strong></span> <span class='ocrx_word' id='word_1_262' title='bbox 833 4053 992 4114; x_wconf 87' lang='lat' dir='ltr'><strong>venit,</strong></span> <span class='ocrx_word' id='word_1_263' title='bbox 1026 4053 1176 4107; x_wconf 90' lang='lat' dir='ltr'><strong>velox</strong></span> <span class='ocrx_word' id='word_1_264' title='bbox 1204 4055 1281 4108; x_wconf 91' lang='lat' dir='ltr'><strong>sic</strong></span> <span class='ocrx_word' id='word_1_265' title='bbox 1311 4056 1430 4111; x_wconf 90' lang='lat' dir='ltr'><strong>inde</strong></span> <span class='ocrx_word' id='word_1_266' title='bbox 1459 4059 1697 4110; x_wconf 88' lang='lat' dir='ltr'><strong>recessit.</strong></span> 
     </span>
    </p>
   </div>
   <div class='ocr_carea' id='block_1_45' title="bbox 536 4118 1770 4216">
    <p class='ocr_par' dir='ltr' id='par_1_45' title="bbox 536 4118 1770 4216">
     <span class='ocr_line' id='line_1_46' title="bbox 536 4118 1770 4216; baseline 0.006 -22"><span class='ocrx_word' id='word_1_267' title='bbox 536 4143 634 4194; x_wconf 74' lang='lat' dir='ltr'><strong>Vix</strong></span> <span class='ocrx_word' id='word_1_268' title='bbox 662 4118 970 4210; x_wconf 56' lang='lat' dir='ltr'><strong>Alpinaer</strong></span> <span class='ocrx_word' id='word_1_269' title='bbox 993 4141 1190 4198; x_wconf 88' lang='lat' dir='ltr'><strong>nivium</strong></span> <span class='ocrx_word' id='word_1_270' title='bbox 1217 4145 1332 4214; x_wconf 87' lang='lat' dir='ltr'><strong>iuga</strong></span> <span class='ocrx_word' id='word_1_271' title='bbox 1364 4148 1770 4216; x_wconf 76' lang='lat' dir='ltr'><strong>proxi&#39;macaclo</strong></span> 
     </span>
    </p>
   </div>
   <div class='ocr_carea' id='block_1_46' title="bbox 467 4225 1581 4298">
    <p class='ocr_par' dir='ltr' id='par_1_46' title="bbox 467 4225 1581 4298">
     <span class='ocr_line' id='line_1_47' title="bbox 467 4225 1581 4298; baseline 0.008 -19"><span class='ocrx_word' id='word_1_272' title='bbox 467 4228 543 4279; x_wconf 91' lang='lat' dir='ltr'><strong>Illi</strong></span> <span class='ocrx_word' id='word_1_273' title='bbox 567 4236 894 4296; x_wconf 83' lang='lat' dir='ltr'><strong>transgresso</strong></span> <span class='ocrx_word' id='word_1_274' title='bbox 921 4231 1090 4285; x_wconf 90' lang='lat' dir='ltr'><strong>tristis</strong></span> <span class='ocrx_word' id='word_1_275' title='bbox 1113 4232 1211 4285; x_wconf 90' lang='lat' dir='ltr'><strong>fuit</strong></span> <span class='ocrx_word' id='word_1_276' title='bbox 1235 4225 1388 4287; x_wconf 76' lang='lat' dir='ltr'><strong>Obvia</strong></span> <span class='ocrx_word' id='word_1_277' title='bbox 1420 4233 1581 4298; x_wconf 88' lang='lat' dir='ltr'><strong>fama,</strong></span> 
     </span>
    </p>
   </div>
   <div class='ocr_carea' id='block_1_47' title="bbox 468 4314 1816 4390">
    <p class='ocr_par' dir='ltr' id='par_1_47' title="bbox 468 4314 1816 4390">
     <span class='ocr_line' id='line_1_48' title="bbox 468 4314 1816 4390; baseline 0.009 -24"><span class='ocrx_word' id='word_1_278' title='bbox 468 4314 731 4384; x_wconf 81' lang='lat' dir='ltr'><strong>Eresburg</strong></span> <span class='ocrx_word' id='word_1_279' title='bbox 759 4315 993 4370; x_wconf 85' lang='lat' dir='ltr'><strong>referens</strong></span> <span class='ocrx_word' id='word_1_280' title='bbox 1014 4320 1221 4382; x_wconf 88' lang='lat' dir='ltr'><strong>urbem,</strong></span> <span class='ocrx_word' id='word_1_281' title='bbox 1244 4335 1399 4387; x_wconf 87' lang='lat' dir='ltr'><strong>quam</strong></span> <span class='ocrx_word' id='word_1_282' title='bbox 1422 4331 1661 4390; x_wconf 84' lang='lat' dir='ltr'><strong>coeperat</strong></span> <span class='ocrx_word' id='word_1_283' title='bbox 1690 4323 1816 4378; x_wconf 91' lang='lat' dir='ltr'><strong>olim</strong></span> 
     </span>
    </p>
   </div>
   <div class='ocr_carea' id='block_1_48' title="bbox 469 4401 1760 4477">
    <p class='ocr_par' dir='ltr' id='par_1_48' title="bbox 469 4401 1760 4477">
     <span class='ocr_line' id='line_1_49' title="bbox 469 4401 1760 4477; baseline 0.01 -25"><span class='ocrx_word' id='word_1_284' title='bbox 469 4401 820 4470; x_wconf 76' lang='lat' dir='ltr'><strong>Militibusque</strong></span> <span class='ocrx_word' id='word_1_285' title='bbox 849 4407 958 4460; x_wconf 91' lang='lat' dir='ltr'><strong>suis</strong></span> <span class='ocrx_word' id='word_1_286' title='bbox 983 4408 1326 4462; x_wconf 89' lang='lat' dir='ltr'><strong>mandaverat</strong></span> <span class='ocrx_word' id='word_1_287' title='bbox 1354 4409 1462 4477; x_wconf 91' lang='lat' dir='ltr'><strong>ipse</strong></span> <span class='ocrx_word' id='word_1_288' title='bbox 1492 4413 1760 4476; x_wconf 89' lang='lat' dir='ltr'><strong>tuendam,</strong></span> 
     </span>
    </p>
   </div>
   <div class='ocr_carea' id='block_1_49' title="bbox 472 4486 1732 4567">
    <p class='ocr_par' dir='ltr' id='par_1_49' title="bbox 472 4486 1732 4567">
     <span class='ocr_line' id='line_1_50' title="bbox 472 4486 1732 4567; baseline 0.011 -27"><span class='ocrx_word' id='word_1_289' title='bbox 472 4486 710 4544; x_wconf 77' lang='lat' dir='ltr'><strong>Saxones</strong></span> <span class='ocrx_word' id='word_1_290' title='bbox 731 4503 1083 4562; x_wconf 84' lang='lat' dir='ltr'><strong>expugnatam</strong></span> <span class='ocrx_word' id='word_1_291' title='bbox 1113 4498 1368 4566; x_wconf 89' lang='lat' dir='ltr'><strong>coepisse,</strong></span> <span class='ocrx_word' id='word_1_292' title='bbox 1393 4514 1647 4567; x_wconf 88' lang='lat' dir='ltr'><strong>suumque</strong></span> <span class='ocrx_word' id='word_1_293' title='bbox 1723 4515 1732 4525; x_wconf 84' lang='lat'><strong>&#39;</strong></span> 
     </span>
    </p>
   </div>
   <div class='ocr_carea' id='block_1_50' title="bbox 470 4579 1750 4648">
    <p class='ocr_par' dir='ltr' id='par_1_50' title="bbox 470 4579 1750 4648">
     <span class='ocr_line' id='line_1_51' title="bbox 470 4579 1750 4648; baseline 0.009 -18"><span class='ocrx_word' id='word_1_294' title='bbox 470 4579 757 4644; x_wconf 70' lang='lat' dir='ltr'><strong>I&#39;lxpnlsuin</strong></span> <span class='ocrx_word' id='word_1_295' title='bbox 783 4580 894 4634; x_wconf 90' lang='lat' dir='ltr'><strong>fore</strong></span> <span class='ocrx_word' id='word_1_296' title='bbox 915 4585 1234 4648; x_wconf 86' lang='lat' dir='ltr'><strong>praesidium</strong></span> <span class='ocrx_word' id='word_1_297' title='bbox 1267 4586 1523 4640; x_wconf 88' lang='lat' dir='ltr'><strong>violenter</strong></span> <span class='ocrx_word' id='word_1_298' title='bbox 1544 4590 1610 4641; x_wconf 91' lang='lat' dir='ltr'><strong>ab</strong></span> <span class='ocrx_word' id='word_1_299' title='bbox 1631 4589 1750 4644; x_wconf 91' lang='lat' dir='ltr'><strong>illis.</strong></span> 
     </span>
    </p>
   </div>
   <div class='ocr_carea' id='block_1_51' title="bbox 474 4668 1842 4739">
    <p class='ocr_par' dir='ltr' id='par_1_51' title="bbox 474 4668 1842 4739">
     <span class='ocr_line' id='line_1_52' title="bbox 474 4668 1842 4739; baseline 0.012 -22"><span class='ocrx_word' id='word_1_300' title='bbox 474 4668 605 4720; x_wconf 70' lang='lat' dir='ltr'><strong>Tum</strong></span> <span class='ocrx_word' id='word_1_301' title='bbox 631 4669 874 4739; x_wconf 81' lang='lat' dir='ltr'><strong>Sigibnrg</strong></span> <span class='ocrx_word' id='word_1_302' title='bbox 904 4683 927 4710; x_wconf 79' lang='grc' dir='ltr'>α</span> <span class='ocrx_word' id='word_1_303' title='bbox 959 4672 1096 4726; x_wconf 86' lang='lat' dir='ltr'><strong>aliud</strong></span> <span class='ocrx_word' id='word_1_304' title='bbox 1125 4674 1285 4727; x_wconf 91' lang='lat' dir='ltr'><strong>multo</strong></span> <span class='ocrx_word' id='word_1_305' title='bbox 1308 4677 1582 4730; x_wconf 89' lang='lat' dir='ltr'><strong>conamine</strong></span> <span class='ocrx_word' id='word_1_306' title='bbox 1611 4689 1842 4733; x_wconf 88' lang='lat' dir='ltr'><strong>castrum</strong></span> 
     </span>
    </p>
   </div>
   <div class='ocr_carea' id='block_1_52' title="bbox 475 4761 1827 4837">
    <p class='ocr_par' dir='ltr' id='par_1_52' title="bbox 475 4761 1827 4837">
     <span class='ocr_line' id='line_1_53' title="bbox 475 4761 1827 4837; baseline 0.01 -28"><span class='ocrx_word' id='word_1_307' title='bbox 475 4761 787 4826; x_wconf 76' lang='lat' dir='ltr'><strong>()ppngnarc</strong></span> <span class='ocrx_word' id='word_1_308' title='bbox 809 4761 1019 4828; x_wconf 85' lang='lat' dir='ltr'><strong>quidem</strong></span> <span class='ocrx_word' id='word_1_309' title='bbox 1049 4764 1266 4826; x_wconf 87' lang='lat' dir='ltr'><strong>studuit,</strong></span> <span class='ocrx_word' id='word_1_310' title='bbox 1295 4781 1392 4818; x_wconf 91' lang='lat' dir='ltr'><strong>nec</strong></span> <span class='ocrx_word' id='word_1_311' title='bbox 1418 4767 1628 4820; x_wconf 89' lang='lat' dir='ltr'><strong>vincere</strong></span> <span class='ocrx_word' id='word_1_312' title='bbox 1661 4770 1827 4837; x_wconf 84' lang='lat' dir='ltr'><strong>quivit</strong></span> 
     </span>
    </p>
   </div>
   <div class='ocr_carea' id='block_1_53' title="bbox 476 4845 1694 4924">
    <p class='ocr_par' dir='ltr' id='par_1_53' title="bbox 476 4845 1694 4924">
     <span class='ocr_line' id='line_1_54' title="bbox 476 4845 1694 4924; baseline 0.011 -29"><span class='ocrx_word' id='word_1_313' title='bbox 476 4845 618 4897; x_wconf 75' lang='lat' dir='ltr'><strong>Gens</strong></span> <span class='ocrx_word' id='word_1_314' title='bbox 639 4846 842 4910; x_wconf 89' lang='lat' dir='ltr'><strong>eadem,</strong></span> <span class='ocrx_word' id='word_1_315' title='bbox 869 4849 1084 4915; x_wconf 87' lang='lat' dir='ltr'><strong>cupiens</strong></span> <span class='ocrx_word' id='word_1_316' title='bbox 1116 4850 1180 4900; x_wconf 88' lang='lat' dir='ltr'><strong>ab</strong></span> <span class='ocrx_word' id='word_1_317' title='bbox 1207 4865 1268 4906; x_wconf 83' lang='lat' dir='ltr'><strong>ea</strong></span> <span class='ocrx_word' id='word_1_318' title='bbox 1299 4854 1438 4920; x_wconf 87' lang='lat' dir='ltr'><strong>regis</strong></span> <span class='ocrx_word' id='word_1_319' title='bbox 1461 4852 1694 4924; x_wconf 88' lang='lat' dir='ltr'><strong>legiones</strong></span> 
     </span>
    </p>
   </div>
   <div class='ocr_carea' id='block_1_54' title="bbox 478 4933 1872 5009">
    <p class='ocr_par' dir='ltr' id='par_1_54' title="bbox 478 4933 1872 5009">
     <span class='ocr_line' id='line_1_55' title="bbox 478 4933 1872 5009; baseline 0.009 -23"><span class='ocrx_word' id='word_1_320' title='bbox 478 4933 707 4995; x_wconf 70' lang='lat' dir='ltr'><strong>Po-llerc;</strong></span> <span class='ocrx_word' id='word_1_321' title='bbox 737 4937 825 4988; x_wconf 89' lang='lat' dir='ltr'><strong>sed</strong></span> <span class='ocrx_word' id='word_1_322' title='bbox 859 4953 1060 5005; x_wconf 84' lang='lat' dir='ltr'><strong>pugnae</strong></span> <span class='ocrx_word' id='word_1_323' title='bbox 1088 4940 1308 5008; x_wconf 88' lang='lat' dir='ltr'><strong>populus</strong></span> <span class='ocrx_word' id='word_1_324' title='bbox 1335 4941 1625 4998; x_wconf 87' lang='lat' dir='ltr'><strong>Saxonicus</strong></span> <span class='ocrx_word' id='word_1_325' title='bbox 1651 4945 1872 5009; x_wconf 89' lang='lat' dir='ltr'><strong>instans,</strong></span> 
     </span>
    </p>
   </div>
   <div class='ocr_carea' id='block_1_55' title="bbox 479 5026 1666 5100">
    <p class='ocr_par' dir='ltr' id='par_1_55' title="bbox 479 5026 1666 5100">
     <span class='ocr_line' id='line_1_56' title="bbox 479 5026 1666 5100; baseline 0.01 -24"><span class='ocrx_word' id='word_1_326' title='bbox 479 5026 518 5076; x_wconf 79' lang='grc' dir='ltr'><strong>Α</strong></span> <span class='ocrx_word' id='word_1_327' title='bbox 553 5033 696 5093; x_wconf 81' lang='lat' dir='ltr'><strong>tergo</strong></span> <span class='ocrx_word' id='word_1_328' title='bbox 719 5026 1104 5082; x_wconf 90' lang='lat' dir='ltr'><strong>circumventus</strong></span> <span class='ocrx_word' id='word_1_329' title='bbox 1135 5029 1230 5083; x_wconf 89' lang='lat' dir='ltr'><strong>fuit</strong></span> <span class='ocrx_word' id='word_1_330' title='bbox 1251 5041 1415 5099; x_wconf 80' lang='lat' dir='ltr'><strong>atque</strong></span> <span class='ocrx_word' id='word_1_331' title='bbox 1443 5033 1666 5100; x_wconf 83' lang='lat' dir='ltr'><strong>fugatus,</strong></span> 
     </span>
    </p>
   </div>
   <div class='ocr_carea' id='block_1_56' title="bbox 480 5110 1769 5192">
    <p class='ocr_par' dir='ltr' id='par_1_56' title="bbox 480 5110 1769 5192">
     <span class='ocr_line' id='line_1_57' title="bbox 480 5110 1769 5192; baseline 0.012 -30"><span class='ocrx_word' id='word_1_332' title='bbox 480 5110 704 5165; x_wconf 85' lang='lat' dir='ltr'><strong>Interius</strong></span> <span class='ocrx_word' id='word_1_333' title='bbox 731 5115 754 5151; x_wconf 74' lang='grc' dir='ltr'>δ</span> <span class='ocrx_word' id='word_1_334' title='bbox 782 5116 964 5181; x_wconf 84' lang='lat' dir='ltr'><strong>positis</strong></span> <span class='ocrx_word' id='word_1_335' title='bbox 991 5117 1143 5169; x_wconf 88' lang='lat' dir='ltr'><strong>simul</strong></span> <span class='ocrx_word' id='word_1_336' title='bbox 1170 5123 1578 5186; x_wconf 79' lang='lat' dir='ltr'><strong>ernmpentilms,</strong></span> <span class='ocrx_word' id='word_1_337' title='bbox 1610 5133 1769 5192; x_wconf 87' lang='lat' dir='ltr'><strong>atque</strong></span> 
     </span>
    </p>
   </div>
   <div class='ocr_carea' id='block_1_57' title="bbox 484 5199 1672 5277">
    <p class='ocr_par' dir='ltr' id='par_1_57' title="bbox 484 5199 1672 5277">
     <span class='ocr_line' id='line_1_58' title="bbox 484 5199 1672 5277; baseline 0.011 -27"><span class='ocrx_word' id='word_1_338' title='bbox 484 5199 724 5254; x_wconf 86' lang='lat' dir='ltr'><strong>Incautos</strong></span> <span class='ocrx_word' id='word_1_339' title='bbox 752 5203 900 5271; x_wconf 83' lang='lat' dir='ltr'><strong>plaga</strong></span> <span class='ocrx_word' id='word_1_340' title='bbox 928 5203 1078 5258; x_wconf 83' lang='lat' dir='ltr'><strong>facile</strong></span> <span class='ocrx_word' id='word_1_341' title='bbox 1106 5209 1458 5261; x_wconf 86' lang='lat' dir='ltr'><strong>sternentibus</strong></span> <span class='ocrx_word' id='word_1_342' title='bbox 1484 5211 1672 5277; x_wconf 76' lang='lat' dir='ltr'><strong>anzpla.</strong></span> 
     </span>
    </p>
   </div>
   <div class='ocr_carea' id='block_1_58' title="bbox 554 5371 2026 5450">
    <p class='ocr_par' dir='ltr' id='par_1_58' title="bbox 554 5371 2026 5450">
     <span class='ocr_line' id='line_1_59' title="bbox 554 5371 2026 5450; baseline 0.006 -29"><span class='ocrx_word' id='word_1_343' title='bbox 554 5384 575 5408; x_wconf 80' lang='grc' dir='ltr'>ο</span> <span class='ocrx_word' id='word_1_344' title='bbox 594 5371 798 5450; x_wconf 48' lang='grc' dir='ltr'><strong>⁸δίΙηι-ιςςι</strong></span> <span class='ocrx_word' id='word_1_345' title='bbox 827 5374 966 5450; x_wconf 44' lang='lat' dir='ltr'><strong>c031,,</strong></span> <span class='ocrx_word' id='word_1_346' title='bbox 991 5374 1243 5450; x_wconf 60' lang='lat' dir='ltr'><strong>Sigelmrg</strong></span> <span class='ocrx_word' id='word_1_347' title='bbox 1281 5377 1765 5450; x_wconf 22' lang='lat' dir='ltr'><strong>fit-inAxI-iniendavi</strong></span> <span class='ocrx_word' id='word_1_348' title='bbox 1787 5379 2026 5450; x_wconf 74' lang='lat' dir='ltr'><strong>Sigibnrg</strong></span> 
     </span>
    </p>
   </div>
   <div class='ocr_carea' id='block_1_59' title="bbox 491 5438 2026 5565">
    <p class='ocr_par' dir='ltr' id='par_1_59' title="bbox 491 5438 2026 5565">
     <span class='ocr_line' id='line_1_60' title="bbox 491 5438 2026 5558; baseline 0.01 -73"><span class='ocrx_word' id='word_1_349' title='bbox 491 5454 552 5556; x_wconf 45' lang='grc' dir='ltr'><strong>(ἐκ</strong></span> <span class='ocrx_word' id='word_1_350' title='bbox 582 5438 868 5558; x_wconf 62' lang='grc' dir='ltr'><strong>Αιιηῗιὶὺυε</strong></span> <span class='ocrx_word' id='word_1_351' title='bbox 889 5438 1038 5495; x_wconf 79' lang='lat' dir='ltr'><strong>Einb.</strong></span> <span class='ocrx_word' id='word_1_352' title='bbox 1059 5438 1108 5497; x_wconf 38' lang='lat' dir='ltr'><strong>&quot;et</strong></span> <span class='ocrx_word' id='word_1_353' title='bbox 1138 5438 1275 5498; x_wconf 51' lang='lat' dir='ltr'><strong>rem&quot;</strong></span> <span class='ocrx_word' id='word_1_354' title='bbox 1301 5447 1423 5499; x_wconf 86' lang='lat' dir='ltr'><strong>anni</strong></span> <span class='ocrx_word' id='word_1_355' title='bbox 1447 5446 1567 5510; x_wconf 69' lang='lat' dir='ltr'><strong>T15,</strong></span> <span class='ocrx_word' id='word_1_356' title='bbox 1595 5448 1666 5498; x_wconf 79' lang='lat' dir='ltr'><strong>Ac</strong></span> <span class='ocrx_word' id='word_1_357' title='bbox 1689 5438 2026 5517; x_wconf 41' lang='lat' dir='ltr'><strong>primousiqi&#39;:</strong></span> 
     </span>
     <span class='ocr_line' id='line_1_61' title="bbox 531 5522 770 5565; baseline 0.008 -9"><span class='ocrx_word' id='word_1_358' title='bbox 531 5522 641 5565; x_wconf 75' lang='lat' dir='ltr'><strong>urg,</strong></span> <span class='ocrx_word' id='word_1_359' title='bbox 670 5523 698 5560; x_wconf 91' lang='lat' dir='ltr'><strong>e</strong></span> <span class='ocrx_word' id='word_1_360' title='bbox 723 5524 770 5558; x_wconf 71' lang='grc' dir='ltr'><strong>ο.</strong></span> 
     </span>
    </p>
   </div>
   <div class='ocr_carea' id='block_1_60' title="bbox 565 5569 973 5640">
    <p class='ocr_par' dir='ltr' id='par_1_60' title="bbox 565 5569 973 5640">
     <span class='ocr_line' id='line_1_62' title="bbox 565 5569 973 5640; baseline 0.015 -15"><span class='ocrx_word' id='word_1_361' title='bbox 565 5569 603 5611; x_wconf 57' lang='grc' dir='ltr'>δ’</span> <span class='ocrx_word' id='word_1_362' title='bbox 629 5569 715 5640; x_wconf 56' lang='lat' dir='ltr'><strong>IL,</strong></span> <span class='ocrx_word' id='word_1_363' title='bbox 747 5577 973 5631; x_wconf 76' lang='lat' dir='ltr'><strong>internis.</strong></span> 
     </span>
    </p>
   </div>
   <div class='ocr_carea' id='block_1_61' title="bbox 1743 252 3625 360">
    <p class='ocr_par' dir='ltr' id='par_1_61' title="bbox 1743 252 3625 360">
     <span class='ocr_line' id='line_1_63' title="bbox 1743 252 3625 360; baseline -0.001 -2"><span class='ocrx_word' id='word_1_364' title='bbox 1743 302 1984 360; x_wconf 71' lang='grc' dir='ltr'><strong>ΡΟΕΤᾸΞ</strong></span> <span class='ocrx_word' id='word_1_365' title='bbox 2027 252 2311 358; x_wconf 51' lang='grc' dir='ltr'><strong>ΞΑῙΟἰζΣῙΞ</strong></span> <span class='ocrx_word' id='word_1_366' title='bbox 3521 302 3625 357; x_wconf 64' lang='lat'><strong>693</strong></span> 
     </span>
    </p>
   </div>
   <div class='ocr_carea' id='block_1_62' title="bbox 1995 413 3502 485">
    <p class='ocr_par' dir='ltr' id='par_1_62' title="bbox 1995 413 3502 485">
     <span class='ocr_line' id='line_1_64' title="bbox 1995 413 3502 485; baseline 0.001 -14"><span class='ocrx_word' id='word_1_367' title='bbox 1995 418 2039 471; x_wconf 77' lang='grc' dir='ltr'><strong>Α</strong></span> <span class='ocrx_word' id='word_1_368' title='bbox 2075 416 2168 469; x_wconf 88' lang='lat' dir='ltr'><strong>Ilic</strong></span> <span class='ocrx_word' id='word_1_369' title='bbox 2199 431 2377 470; x_wconf 89' lang='lat' dir='ltr'><strong>rumor</strong></span> <span class='ocrx_word' id='word_1_370' title='bbox 2401 413 2573 470; x_wconf 76' lang='lat' dir='ltr'><strong>Caroli</strong></span> <span class='ocrx_word' id='word_1_371' title='bbox 2604 432 2722 472; x_wconf 91' lang='lat' dir='ltr'><strong>cum</strong></span> <span class='ocrx_word' id='word_1_372' title='bbox 2748 422 2974 485; x_wconf 81' lang='lat' dir='ltr'><strong>primum</strong></span> <span class='ocrx_word' id='word_1_373' title='bbox 3002 419 3145 471; x_wconf 89' lang='lat' dir='ltr'><strong>venit</strong></span> <span class='ocrx_word' id='word_1_374' title='bbox 3170 419 3235 470; x_wconf 85' lang='lat' dir='ltr'><strong>ad</strong></span> <span class='ocrx_word' id='word_1_375' title='bbox 3263 434 3441 483; x_wconf 84' lang='lat' dir='ltr'><strong>aures,</strong></span> <span class='ocrx_word' id='word_1_376' title='bbox 3480 414 3502 424; x_wconf 71' lang='grc'>’</span> 
     </span>
    </p>
   </div>
   <div class='ocr_carea' id='block_1_63' title="bbox 2072 505 3425 576">
    <p class='ocr_par' dir='ltr' id='par_1_63' title="bbox 2072 505 3425 576">
     <span class='ocr_line' id='line_1_65' title="bbox 2072 505 3425 576; baseline 0.003 -18"><span class='ocrx_word' id='word_1_377' title='bbox 2072 505 2396 559; x_wconf 84' lang='lat' dir='ltr'><strong>Conventum</strong></span> <span class='ocrx_word' id='word_1_378' title='bbox 2425 522 2702 574; x_wconf 88' lang='lat' dir='ltr'><strong>procerum</strong></span> <span class='ocrx_word' id='word_1_379' title='bbox 2735 508 2846 560; x_wconf 91' lang='lat' dir='ltr'><strong>fieri</strong></span> <span class='ocrx_word' id='word_1_380' title='bbox 2875 510 3176 576; x_wconf 84' lang='lat' dir='ltr'><strong>praecoepit</strong></span> <span class='ocrx_word' id='word_1_381' title='bbox 3207 509 3258 561; x_wconf 90' lang='lat' dir='ltr'><strong>in</strong></span> <span class='ocrx_word' id='word_1_382' title='bbox 3289 511 3425 562; x_wconf 89' lang='lat' dir='ltr'><strong>urbe</strong></span> 
     </span>
    </p>
   </div>
   <div class='ocr_carea' id='block_1_64' title="bbox 2076 595 3440 664">
    <p class='ocr_par' dir='ltr' id='par_1_64' title="bbox 2076 595 3440 664">
     <span class='ocr_line' id='line_1_66' title="bbox 2076 595 3440 664; baseline 0.002 -19"><span class='ocrx_word' id='word_1_383' title='bbox 2076 595 2393 658; x_wconf 79' lang='lat' dir='ltr'><strong>Wormacia,</strong></span> <span class='ocrx_word' id='word_1_384' title='bbox 2425 597 2712 664; x_wconf 88' lang='lat' dir='ltr'><strong>statuitque</strong></span> <span class='ocrx_word' id='word_1_385' title='bbox 2741 612 2916 650; x_wconf 88' lang='lat' dir='ltr'><strong>moras</strong></span> <span class='ocrx_word' id='word_1_386' title='bbox 2943 597 3214 650; x_wconf 89' lang='lat' dir='ltr'><strong>innectere</strong></span> <span class='ocrx_word' id='word_1_387' title='bbox 3245 597 3440 659; x_wconf 80' lang='lat' dir='ltr'><strong>nullas,</strong></span> 
     </span>
    </p>
   </div>
   <div class='ocr_carea' id='block_1_65' title="bbox 2074 683 3425 755">
    <p class='ocr_par' dir='ltr' id='par_1_65' title="bbox 2074 683 3425 755">
     <span class='ocr_line' id='line_1_67' title="bbox 2074 683 3425 755; baseline 0.003 -21"><span class='ocrx_word' id='word_1_388' title='bbox 2074 683 2210 747; x_wconf 86' lang='lat' dir='ltr'><strong>Quin</strong></span> <span class='ocrx_word' id='word_1_389' title='bbox 2235 684 2400 738; x_wconf 88' lang='lat' dir='ltr'><strong>lueret</strong></span> <span class='ocrx_word' id='word_1_390' title='bbox 2427 686 2555 737; x_wconf 88' lang='lat' dir='ltr'><strong>tanti</strong></span> <span class='ocrx_word' id='word_1_391' title='bbox 2583 685 2796 738; x_wconf 85' lang='lat' dir='ltr'><strong>sceleris</strong></span> <span class='ocrx_word' id='word_1_392' title='bbox 2823 699 2949 755; x_wconf 88' lang='lat' dir='ltr'><strong>gens</strong></span> <span class='ocrx_word' id='word_1_393' title='bbox 2975 686 3175 754; x_wconf 89' lang='lat' dir='ltr'><strong>perfida</strong></span> <span class='ocrx_word' id='word_1_394' title='bbox 3205 701 3425 754; x_wconf 87' lang='lat' dir='ltr'><strong>poenas.</strong></span> 
     </span>
    </p>
   </div>
   <div class='ocr_carea' id='block_1_66' title="bbox 2076 770 3283 840">
    <p class='ocr_par' dir='ltr' id='par_1_66' title="bbox 2076 770 3283 840">
     <span class='ocr_line' id='line_1_68' title="bbox 2076 770 3283 840; baseline 0.003 -18"><span class='ocrx_word' id='word_1_395' title='bbox 2076 770 2213 838; x_wconf 88' lang='lat' dir='ltr'><strong>Ergo</strong></span> <span class='ocrx_word' id='word_1_396' title='bbox 2240 771 2350 824; x_wconf 91' lang='lat' dir='ltr'><strong>suis</strong></span> <span class='ocrx_word' id='word_1_397' title='bbox 2378 772 2699 825; x_wconf 81' lang='lat' dir='ltr'><strong>exercitibus</strong></span> <span class='ocrx_word' id='word_1_398' title='bbox 2730 787 2820 825; x_wconf 85' lang='lat' dir='ltr'><strong>rex</strong></span> <span class='ocrx_word' id='word_1_399' title='bbox 2853 773 3083 840; x_wconf 91' lang='lat' dir='ltr'><strong>undique</strong></span> <span class='ocrx_word' id='word_1_400' title='bbox 3115 772 3283 834; x_wconf 86' lang='lat' dir='ltr'><strong>lectis,</strong></span> 
     </span>
    </p>
   </div>
   <div class='ocr_carea' id='block_1_67' title="bbox 2074 857 3328 928">
    <p class='ocr_par' dir='ltr' id='par_1_67' title="bbox 2074 857 3328 928">
     <span class='ocr_line' id='line_1_69' title="bbox 2074 857 3328 928; baseline 0.003 -18"><span class='ocrx_word' id='word_1_401' title='bbox 2074 857 2306 911; x_wconf 90' lang='lat' dir='ltr'><strong>Conatus</strong></span> <span class='ocrx_word' id='word_1_402' title='bbox 2335 859 2474 912; x_wconf 73' lang='lat' dir='ltr'><strong>celer</strong></span> <span class='ocrx_word' id='word_1_403' title='bbox 2501 859 2720 912; x_wconf 87' lang='lat' dir='ltr'><strong>hostiles</strong></span> <span class='ocrx_word' id='word_1_404' title='bbox 2745 862 3100 928; x_wconf 85' lang='lat' dir='ltr'><strong>praevertitur</strong></span> <span class='ocrx_word' id='word_1_405' title='bbox 3127 876 3328 923; x_wconf 84' lang='lat' dir='ltr'><strong>omnes,</strong></span> 
     </span>
    </p>
   </div>
   <div class='ocr_carea' id='block_1_68' title="bbox 2077 947 3316 1016">
    <p class='ocr_par' dir='ltr' id='par_1_68' title="bbox 2077 947 3316 1016">
     <span class='ocr_line' id='line_1_70' title="bbox 2077 947 3316 1016; baseline 0.003 -18"><span class='ocrx_word' id='word_1_406' title='bbox 2077 947 2423 1014; x_wconf 88' lang='lat' dir='ltr'><strong>Temptavere</strong></span> <span class='ocrx_word' id='word_1_407' title='bbox 2452 948 2644 1016; x_wconf 89' lang='lat' dir='ltr'><strong>quibus</strong></span> <span class='ocrx_word' id='word_1_408' title='bbox 2667 949 2845 1016; x_wconf 86' lang='lat' dir='ltr'><strong>primo</strong></span> <span class='ocrx_word' id='word_1_409' title='bbox 2871 949 3156 1002; x_wconf 87' lang='lat' dir='ltr'><strong>defendere</strong></span> <span class='ocrx_word' id='word_1_410' title='bbox 3185 963 3316 1002; x_wconf 87' lang='lat' dir='ltr'><strong>sese.</strong></span> 
     </span>
    </p>
   </div>
   <div class='ocr_carea' id='block_1_69' title="bbox 2077 1034 3466 1103">
    <p class='ocr_par' dir='ltr' id='par_1_69' title="bbox 2077 1034 3466 1103">
     <span class='ocr_line' id='line_1_71' title="bbox 2077 1034 3466 1103; baseline 0.003 -16"><span class='ocrx_word' id='word_1_411' title='bbox 2077 1034 2210 1087; x_wconf 87' lang='lat' dir='ltr'><strong>Nam</strong></span> <span class='ocrx_word' id='word_1_412' title='bbox 2235 1035 2406 1089; x_wconf 86' lang='lat' dir='ltr'><strong>fontes</strong></span> <span class='ocrx_word' id='word_1_413' title='bbox 2434 1036 2635 1098; x_wconf 89' lang='lat' dir='ltr'><strong>adiens,</strong></span> <span class='ocrx_word' id='word_1_414' title='bbox 2664 1036 2751 1088; x_wconf 89' lang='lat' dir='ltr'><strong>ubi</strong></span> <span class='ocrx_word' id='word_1_415' title='bbox 2783 1036 2978 1103; x_wconf 82' lang='lat' dir='ltr'><strong>Lyppia</strong></span> <span class='ocrx_word' id='word_1_416' title='bbox 3006 1037 3242 1090; x_wconf 90' lang='lat' dir='ltr'><strong>nascitur</strong></span> <span class='ocrx_word' id='word_1_417' title='bbox 3267 1036 3466 1100; x_wconf 83' lang='lat' dir='ltr'><strong>amnis,</strong></span> 
     </span>
    </p>
   </div>
   <div class='ocr_carea' id='block_1_70' title="bbox 2078 1121 3328 1191">
    <p class='ocr_par' dir='ltr' id='par_1_70' title="bbox 2078 1121 3328 1191">
     <span class='ocr_line' id='line_1_72' title="bbox 2078 1121 3328 1191; baseline 0.002 -17"><span class='ocrx_word' id='word_1_418' title='bbox 2078 1121 2327 1189; x_wconf 80' lang='lat' dir='ltr'><strong>Repperit</strong></span> <span class='ocrx_word' id='word_1_419' title='bbox 2353 1137 2414 1176; x_wconf 81' lang='lat' dir='ltr'><strong>ex</strong></span> <span class='ocrx_word' id='word_1_420' title='bbox 2444 1123 2555 1191; x_wconf 91' lang='lat' dir='ltr'><strong>ipsa</strong></span> <span class='ocrx_word' id='word_1_421' title='bbox 2581 1137 2890 1176; x_wconf 88' lang='lat' dir='ltr'><strong>numerosas</strong></span> <span class='ocrx_word' id='word_1_422' title='bbox 2915 1131 3068 1191; x_wconf 88' lang='lat' dir='ltr'><strong>gente</strong></span> <span class='ocrx_word' id='word_1_423' title='bbox 3093 1131 3328 1178; x_wconf 84' lang='lat' dir='ltr'><strong>catervas</strong></span> 
     </span>
    </p>
   </div>
   <div class='ocr_carea' id='block_1_71' title="bbox 2078 1211 3399 1279">
    <p class='ocr_par' dir='ltr' id='par_1_71' title="bbox 2078 1211 3399 1279">
     <span class='ocr_line' id='line_1_73' title="bbox 2078 1211 3399 1279; baseline 0.001 -15"><span class='ocrx_word' id='word_1_424' title='bbox 2078 1211 2187 1264; x_wconf 90' lang='lat' dir='ltr'><strong>Illic</strong></span> <span class='ocrx_word' id='word_1_425' title='bbox 2216 1211 2481 1275; x_wconf 90' lang='lat' dir='ltr'><strong>collectas,</strong></span> <span class='ocrx_word' id='word_1_426' title='bbox 2512 1211 2736 1264; x_wconf 89' lang='lat' dir='ltr'><strong>humiles</strong></span> <span class='ocrx_word' id='word_1_427' title='bbox 2765 1211 3074 1279; x_wconf 86' lang='lat' dir='ltr'><strong>veniamque</strong></span> <span class='ocrx_word' id='word_1_428' title='bbox 3103 1223 3399 1279; x_wconf 89' lang='lat' dir='ltr'><strong>precantes,</strong></span> 
     </span>
    </p>
   </div>
   <div class='ocr_carea' id='block_1_72' title="bbox 2080 1302 3447 1382">
    <p class='ocr_par' dir='ltr' id='par_1_72' title="bbox 2080 1302 3447 1382">
     <span class='ocr_line' id='line_1_74' title="bbox 2080 1302 3447 1382; baseline -0.001 -25"><span class='ocrx_word' id='word_1_429' title='bbox 2080 1303 2230 1370; x_wconf 82' lang='lat' dir='ltr'><strong>Quod</strong></span> <span class='ocrx_word' id='word_1_430' title='bbox 2257 1320 2358 1358; x_wconf 91' lang='lat' dir='ltr'><strong>non</strong></span> <span class='ocrx_word' id='word_1_431' title='bbox 2389 1310 2686 1357; x_wconf 86' lang='lat' dir='ltr'><strong>servassent</strong></span> <span class='ocrx_word' id='word_1_432' title='bbox 2711 1317 2850 1356; x_wconf 90' lang='lat' dir='ltr'><strong>anno</strong></span> <span class='ocrx_word' id='word_1_433' title='bbox 2875 1302 3132 1370; x_wconf 87' lang='lat' dir='ltr'><strong>promissa</strong></span> <span class='ocrx_word' id='word_1_434' title='bbox 3158 1303 3339 1371; x_wconf 90' lang='lat' dir='ltr'><strong>priori.</strong></span> <span class='ocrx_word' id='word_1_435' title='bbox 3433 1372 3447 1382; x_wconf 30' lang='grc' dir='ltr'>ν</span> 
     </span>
    </p>
   </div>
   <div class='ocr_carea' id='block_1_73' title="bbox 2082 1395 3353 1464">
    <p class='ocr_par' dir='ltr' id='par_1_73' title="bbox 2082 1395 3353 1464">
     <span class='ocr_line' id='line_1_75' title="bbox 2082 1395 3353 1464; baseline -0.001 -14"><span class='ocrx_word' id='word_1_436' title='bbox 2082 1396 2214 1450; x_wconf 92' lang='lat' dir='ltr'><strong>Cum</strong></span> <span class='ocrx_word' id='word_1_437' title='bbox 2240 1399 2366 1448; x_wconf 87' lang='lat' dir='ltr'><strong>vero</strong></span> <span class='ocrx_word' id='word_1_438' title='bbox 2396 1396 2615 1449; x_wconf 82' lang='lat' dir='ltr'><strong>Carolus</strong></span> <span class='ocrx_word' id='word_1_439' title='bbox 2643 1395 2876 1449; x_wconf 86' lang='lat' dir='ltr'><strong>clemens</strong></span> <span class='ocrx_word' id='word_1_440' title='bbox 2907 1396 3202 1464; x_wconf 87' lang='lat' dir='ltr'><strong>ignosceret</strong></span> <span class='ocrx_word' id='word_1_441' title='bbox 3227 1396 3353 1458; x_wconf 85' lang='lat' dir='ltr'><strong>illis,</strong></span> 
     </span>
    </p>
   </div>
   <div class='ocr_carea' id='block_1_74' title="bbox 2083 1482 3386 1552">
    <p class='ocr_par' dir='ltr' id='par_1_74' title="bbox 2083 1482 3386 1552">
     <span class='ocr_line' id='line_1_76' title="bbox 2083 1482 3386 1552; baseline -0.003 -14"><span class='ocrx_word' id='word_1_442' title='bbox 2083 1483 2412 1552; x_wconf 84' lang='lat' dir='ltr'><strong>Complures,</strong></span> <span class='ocrx_word' id='word_1_443' title='bbox 2440 1483 2655 1536; x_wconf 88' lang='lat' dir='ltr'><strong>domino</strong></span> <span class='ocrx_word' id='word_1_444' title='bbox 2685 1497 2742 1535; x_wconf 87' lang='lat' dir='ltr'><strong>se</strong></span> <span class='ocrx_word' id='word_1_445' title='bbox 2770 1482 2985 1536; x_wconf 88' lang='lat' dir='ltr'><strong>Christo</strong></span> <span class='ocrx_word' id='word_1_446' title='bbox 3013 1483 3230 1535; x_wconf 79' lang='lat' dir='ltr'><strong>credere</strong></span> <span class='ocrx_word' id='word_1_447' title='bbox 3255 1482 3386 1535; x_wconf 87' lang='lat' dir='ltr'><strong>velle</strong></span> 
     </span>
    </p>
   </div>
   <div class='ocr_carea' id='block_1_75' title="bbox 2087 1569 3505 1638">
    <p class='ocr_par' dir='ltr' id='par_1_75' title="bbox 2087 1569 3505 1638">
     <span class='ocr_line' id='line_1_77' title="bbox 2087 1569 3505 1638; baseline -0.001 -14"><span class='ocrx_word' id='word_1_448' title='bbox 2087 1570 2416 1638; x_wconf 89' lang='lat' dir='ltr'><strong>Spondentes</strong></span> <span class='ocrx_word' id='word_1_449' title='bbox 2447 1569 2955 1636; x_wconf 86' lang='lat' dir='ltr'><strong>simulacrorumque</strong></span> <span class='ocrx_word' id='word_1_450' title='bbox 2983 1569 3280 1637; x_wconf 87' lang='lat' dir='ltr'><strong>relinquere</strong></span> <span class='ocrx_word' id='word_1_451' title='bbox 3306 1570 3505 1634; x_wconf 88' lang='lat' dir='ltr'><strong>cultus,</strong></span> 
     </span>
    </p>
   </div>
   <div class='ocr_carea' id='block_1_76' title="bbox 2085 1644 3209 1726">
    <p class='ocr_par' dir='ltr' id='par_1_76' title="bbox 2085 1644 3209 1726">
     <span class='ocr_line' id='line_1_78' title="bbox 2085 1644 3209 1726; baseline -0.001 -15"><span class='ocrx_word' id='word_1_452' title='bbox 2085 1644 2306 1726; x_wconf 75' lang='lat' dir='ltr'><strong>Purgari</strong></span> <span class='ocrx_word' id='word_1_453' title='bbox 2339 1657 2492 1711; x_wconf 90' lang='lat' dir='ltr'><strong>iussit</strong></span> <span class='ocrx_word' id='word_1_454' title='bbox 2521 1657 2659 1711; x_wconf 85' lang='lat' dir='ltr'><strong>sacri</strong></span> <span class='ocrx_word' id='word_1_455' title='bbox 2687 1657 3021 1726; x_wconf 86' lang='lat' dir='ltr'><strong>baptismatis</strong></span> <span class='ocrx_word' id='word_1_456' title='bbox 3048 1657 3209 1720; x_wconf 88' lang='lat' dir='ltr'><strong>unda,</strong></span> 
     </span>
    </p>
   </div>
   <div class='ocr_carea' id='block_1_77' title="bbox 2020 1743 3348 1813">
    <p class='ocr_par' dir='ltr' id='par_1_77' title="bbox 2020 1743 3348 1813">
     <span class='ocr_line' id='line_1_79' title="bbox 2020 1743 3348 1813; baseline -0.002 -11"><span class='ocrx_word' id='word_1_457' title='bbox 2020 1745 2061 1802; x_wconf 81' lang='grc' dir='ltr'><strong>Β</strong></span> <span class='ocrx_word' id='word_1_458' title='bbox 2093 1744 2466 1812; x_wconf 88' lang='lat' dir='ltr'><strong>Servandeque</strong></span> <span class='ocrx_word' id='word_1_459' title='bbox 2494 1744 2684 1797; x_wconf 89' lang='lat' dir='ltr'><strong>iterum</strong></span> <span class='ocrx_word' id='word_1_460' title='bbox 2717 1743 2835 1798; x_wconf 80' lang='lat' dir='ltr'><strong>fidei</strong></span> <span class='ocrx_word' id='word_1_461' title='bbox 2866 1746 3125 1812; x_wconf 87' lang='lat' dir='ltr'><strong>promissa</strong></span> <span class='ocrx_word' id='word_1_462' title='bbox 3153 1747 3348 1813; x_wconf 85' lang='lat' dir='ltr'><strong>recepit</strong></span> 
     </span>
    </p>
   </div>
   <div class='ocr_carea' id='block_1_78' title="bbox 2089 1833 3382 1902">
    <p class='ocr_par' dir='ltr' id='par_1_78' title="bbox 2089 1833 3382 1902">
     <span class='ocr_line' id='line_1_80' title="bbox 2089 1833 3382 1902; baseline -0.002 -14"><span class='ocrx_word' id='word_1_463' title='bbox 2089 1834 2368 1888; x_wconf 88' lang='lat' dir='ltr'><strong>Obsidibus</strong></span> <span class='ocrx_word' id='word_1_464' title='bbox 2395 1835 2601 1886; x_wconf 90' lang='lat' dir='ltr'><strong>firmata</strong></span> <span class='ocrx_word' id='word_1_465' title='bbox 2627 1833 2783 1895; x_wconf 90' lang='lat' dir='ltr'><strong>datis,</strong></span> <span class='ocrx_word' id='word_1_466' title='bbox 2811 1835 3001 1902; x_wconf 89' lang='lat' dir='ltr'><strong>quibus</strong></span> <span class='ocrx_word' id='word_1_467' title='bbox 3026 1834 3138 1902; x_wconf 91' lang='lat' dir='ltr'><strong>ipse</strong></span> <span class='ocrx_word' id='word_1_468' title='bbox 3161 1834 3382 1887; x_wconf 88' lang='lat' dir='ltr'><strong>volebat.</strong></span> 
     </span>
    </p>
   </div>
   <div class='ocr_carea' id='block_1_79' title="bbox 2090 1921 3262 1990">
    <p class='ocr_par' dir='ltr' id='par_1_79' title="bbox 2090 1921 3262 1990">
     <span class='ocr_line' id='line_1_81' title="bbox 2090 1921 3262 1990; baseline 0 -16"><span class='ocrx_word' id='word_1_469' title='bbox 2090 1922 2353 1990; x_wconf 82' lang='lat' dir='ltr'><strong>Eresburg</strong></span> <span class='ocrx_word' id='word_1_470' title='bbox 2383 1923 2574 1974; x_wconf 91' lang='lat' dir='ltr'><strong>iterum</strong></span> <span class='ocrx_word' id='word_1_471' title='bbox 2604 1922 2778 1975; x_wconf 83' lang='lat' dir='ltr'><strong>firmat</strong></span> <span class='ocrx_word' id='word_1_472' title='bbox 2804 1921 3091 1975; x_wconf 88' lang='lat' dir='ltr'><strong>nmnimine</strong></span> <span class='ocrx_word' id='word_1_473' title='bbox 3116 1921 3262 1986; x_wconf 85' lang='lat' dir='ltr'><strong>forti,</strong></span> 
     </span>
    </p>
   </div>
   <div class='ocr_carea' id='block_1_80' title="bbox 2091 2009 3382 2081">
    <p class='ocr_par' dir='ltr' id='par_1_80' title="bbox 2091 2009 3382 2081">
     <span class='ocr_line' id='line_1_82' title="bbox 2091 2009 3382 2081; baseline 0 -18"><span class='ocrx_word' id='word_1_474' title='bbox 2091 2010 2157 2063; x_wconf 84' lang='lat' dir='ltr'><strong>Et</strong></span> <span class='ocrx_word' id='word_1_475' title='bbox 2187 2011 2330 2064; x_wconf 85' lang='lat' dir='ltr'><strong>iuxta</strong></span> <span class='ocrx_word' id='word_1_476' title='bbox 2359 2009 2572 2064; x_wconf 87' lang='lat' dir='ltr'><strong>fluvium</strong></span> <span class='ocrx_word' id='word_1_477' title='bbox 2603 2026 2758 2079; x_wconf 89' lang='lat' dir='ltr'><strong>quem</strong></span> <span class='ocrx_word' id='word_1_478' title='bbox 2784 2011 2980 2081; x_wconf 81' lang='lat' dir='ltr'><strong>Lyppia</strong></span> <span class='ocrx_word' id='word_1_479' title='bbox 3010 2011 3239 2064; x_wconf 82' lang='lat' dir='ltr'><strong>diximus</strong></span> <span class='ocrx_word' id='word_1_480' title='bbox 3264 2020 3382 2064; x_wconf 85' lang='lat' dir='ltr'><strong>ante</strong></span> 
     </span>
    </p>
   </div>
   <div class='ocr_carea' id='block_1_81' title="bbox 2091 2099 3433 2168">
    <p class='ocr_par' dir='ltr' id='par_1_81' title="bbox 2091 2099 3433 2168">
     <span class='ocr_line' id='line_1_83' title="bbox 2091 2099 3433 2168; baseline -0.001 -14"><span class='ocrx_word' id='word_1_481' title='bbox 2091 2099 2378 2154; x_wconf 88' lang='lat' dir='ltr'><strong>Castellum</strong></span> <span class='ocrx_word' id='word_1_482' title='bbox 2404 2101 2634 2154; x_wconf 89' lang='lat' dir='ltr'><strong>condens</strong></span> <span class='ocrx_word' id='word_1_483' title='bbox 2661 2100 2817 2161; x_wconf 88' lang='lat' dir='ltr'><strong>aliud,</strong></span> <span class='ocrx_word' id='word_1_484' title='bbox 2846 2100 3128 2168; x_wconf 89' lang='lat' dir='ltr'><strong>complevit</strong></span> <span class='ocrx_word' id='word_1_485' title='bbox 3152 2109 3433 2168; x_wconf 86' lang='lat' dir='ltr'><strong>utrumque</strong></span> 
     </span>
    </p>
   </div>
   <div class='ocr_carea' id='block_1_82' title="bbox 2093 2184 3367 2247">
    <p class='ocr_par' dir='ltr' id='par_1_82' title="bbox 2093 2184 3367 2247">
     <span class='ocr_line' id='line_1_84' title="bbox 2093 2184 3367 2247; baseline -0.001 -9"><span class='ocrx_word' id='word_1_486' title='bbox 2093 2185 2345 2238; x_wconf 65' lang='lat' dir='ltr'><strong>Militibus</strong></span> <span class='ocrx_word' id='word_1_487' title='bbox 2370 2185 2546 2247; x_wconf 90' lang='lat' dir='ltr'><strong>lectis;</strong></span> <span class='ocrx_word' id='word_1_488' title='bbox 2582 2193 2689 2238; x_wconf 88' lang='lat' dir='ltr'><strong>tum</strong></span> <span class='ocrx_word' id='word_1_489' title='bbox 2716 2184 2916 2238; x_wconf 87' lang='lat' dir='ltr'><strong>Gallica</strong></span> <span class='ocrx_word' id='word_1_490' title='bbox 2943 2200 3126 2239; x_wconf 90' lang='lat' dir='ltr'><strong>rursus</strong></span> <span class='ocrx_word' id='word_1_491' title='bbox 3152 2186 3217 2238; x_wconf 89' lang='lat' dir='ltr'><strong>ad</strong></span> <span class='ocrx_word' id='word_1_492' title='bbox 3243 2199 3367 2238; x_wconf 87' lang='lat' dir='ltr'><strong>arva</strong></span> 
     </span>
    </p>
   </div>
   <div class='ocr_carea' id='block_1_83' title="bbox 2096 2273 3408 2343">
    <p class='ocr_par' dir='ltr' id='par_1_83' title="bbox 2096 2273 3408 2343">
     <span class='ocr_line' id='line_1_85' title="bbox 2096 2273 3408 2343; baseline 0.001 -17"><span class='ocrx_word' id='word_1_493' title='bbox 2096 2274 2438 2343; x_wconf 76' lang='lat' dir='ltr'><strong>Regrediens,</strong></span> <span class='ocrx_word' id='word_1_494' title='bbox 2469 2273 2658 2326; x_wconf 89' lang='lat' dir='ltr'><strong>hiemis</strong></span> <span class='ocrx_word' id='word_1_495' title='bbox 2688 2282 2894 2340; x_wconf 87' lang='lat' dir='ltr'><strong>tempus</strong></span> <span class='ocrx_word' id='word_1_496' title='bbox 2919 2276 3175 2342; x_wconf 87' lang='lat' dir='ltr'><strong>transegit</strong></span> <span class='ocrx_word' id='word_1_497' title='bbox 3199 2275 3248 2326; x_wconf 83' lang='lat' dir='ltr'><strong>in</strong></span> <span class='ocrx_word' id='word_1_498' title='bbox 3275 2275 3408 2337; x_wconf 88' lang='lat' dir='ltr'><strong>aula,</strong></span> 
     </span>
    </p>
   </div>
   <div class='ocr_carea' id='block_1_84' title="bbox 2095 2363 3408 2432">
    <p class='ocr_par' dir='ltr' id='par_1_84' title="bbox 2095 2363 3408 2432">
     <span class='ocr_line' id='line_1_86' title="bbox 2095 2363 3408 2432; baseline -0.002 -14"><span class='ocrx_word' id='word_1_499' title='bbox 2095 2363 2295 2418; x_wconf 81' lang='lat' dir='ltr'><strong>Nomen</strong></span> <span class='ocrx_word' id='word_1_500' title='bbox 2319 2363 2587 2417; x_wconf 85' lang='lat' dir='ltr'><strong>lleristalli</strong></span> <span class='ocrx_word' id='word_1_501' title='bbox 2612 2363 2826 2417; x_wconf 90' lang='lat' dir='ltr'><strong>dederat</strong></span> <span class='ocrx_word' id='word_1_502' title='bbox 2850 2365 2933 2417; x_wconf 91' lang='lat' dir='ltr'><strong>cui</strong></span> <span class='ocrx_word' id='word_1_503' title='bbox 2964 2365 3187 2417; x_wconf 89' lang='lat' dir='ltr'><strong>barbara</strong></span> <span class='ocrx_word' id='word_1_504' title='bbox 3216 2363 3408 2432; x_wconf 80' lang='lat' dir='ltr'><strong>lingua.</strong></span> 
     </span>
    </p>
   </div>
   <div class='ocr_carea' id='block_1_85' title="bbox 2559 2450 3201 2504">
    <p class='ocr_par' dir='ltr' id='par_1_85' title="bbox 2559 2450 3201 2504">
     <span class='ocr_line' id='line_1_87' title="bbox 2559 2450 3201 2504; baseline 0 0"><span class='ocrx_word' id='word_1_505' title='bbox 2559 2453 2705 2504; x_wconf 82' lang='lat' dir='ltr'><strong>Anno</strong></span> <span class='ocrx_word' id='word_1_506' title='bbox 2733 2451 2853 2503; x_wconf 85' lang='lat'><strong>777.</strong></span> <span class='ocrx_word' id='word_1_507' title='bbox 2890 2450 3082 2504; x_wconf 79' lang='lat' dir='ltr'><strong>Indict.</strong></span> <span class='ocrx_word' id='word_1_508' title='bbox 3120 2450 3201 2504; x_wconf 77' lang='grc'><strong>14.</strong></span> 
     </span>
    </p>
   </div>
   <div class='ocr_carea' id='block_1_86' title="bbox 2096 2539 3339 2610">
    <p class='ocr_par' dir='ltr' id='par_1_86' title="bbox 2096 2539 3339 2610">
     <span class='ocr_line' id='line_1_88' title="bbox 2096 2539 3339 2610; baseline -0.001 -16"><span class='ocrx_word' id='word_1_509' title='bbox 2096 2541 2375 2610; x_wconf 83' lang='lat' dir='ltr'><strong>Aspirante</strong></span> <span class='ocrx_word' id='word_1_510' title='bbox 2402 2541 2521 2594; x_wconf 90' lang='lat' dir='ltr'><strong>novi</strong></span> <span class='ocrx_word' id='word_1_511' title='bbox 2553 2539 2758 2607; x_wconf 88' lang='lat' dir='ltr'><strong>placido</strong></span> <span class='ocrx_word' id='word_1_512' title='bbox 2787 2554 2906 2593; x_wconf 92' lang='lat' dir='ltr'><strong>cum</strong></span> <span class='ocrx_word' id='word_1_513' title='bbox 2937 2548 3174 2607; x_wconf 87' lang='lat' dir='ltr'><strong>tempore</strong></span> <span class='ocrx_word' id='word_1_514' title='bbox 3203 2541 3339 2593; x_wconf 92' lang='lat' dir='ltr'><strong>veris</strong></span> 
     </span>
    </p>
   </div>
   <div class='ocr_carea' id='block_1_87' title="bbox 2098 2627 3535 2696">
    <p class='ocr_par' dir='ltr' id='par_1_87' title="bbox 2098 2627 3535 2696">
     <span class='ocr_line' id='line_1_89' title="bbox 2098 2627 3535 2696; baseline -0.003 -14"><span class='ocrx_word' id='word_1_515' title='bbox 2098 2629 2320 2683; x_wconf 83' lang='lat' dir='ltr'><strong>Horrida</strong></span> <span class='ocrx_word' id='word_1_516' title='bbox 2348 2629 2451 2682; x_wconf 92' lang='lat' dir='ltr'><strong>iam</strong></span> <span class='ocrx_word' id='word_1_517' title='bbox 2476 2629 2751 2682; x_wconf 89' lang='lat' dir='ltr'><strong>transisset</strong></span> <span class='ocrx_word' id='word_1_518' title='bbox 2777 2628 2963 2688; x_wconf 88' lang='lat' dir='ltr'><strong>hiems,</strong></span> <span class='ocrx_word' id='word_1_519' title='bbox 2993 2643 3084 2681; x_wconf 84' lang='lat' dir='ltr'><strong>rex</strong></span> <span class='ocrx_word' id='word_1_520' title='bbox 3113 2627 3486 2696; x_wconf 84' lang='lat' dir='ltr'><strong>Noviomagum</strong></span> <span class='ocrx_word' id='word_1_521' title='bbox 3513 2638 3535 2665; x_wconf 74' lang='grc' dir='ltr'>ε</span> 
     </span>
    </p>
   </div>
   <div class='ocr_carea' id='block_1_88' title="bbox 2097 2716 3436 2784">
    <p class='ocr_par' dir='ltr' id='par_1_88' title="bbox 2097 2716 3436 2784">
     <span class='ocr_line' id='line_1_90' title="bbox 2097 2716 3436 2784; baseline -0.002 -13"><span class='ocrx_word' id='word_1_522' title='bbox 2097 2719 2410 2779; x_wconf 81' lang='lat' dir='ltr'><strong>Adveniens,</strong></span> <span class='ocrx_word' id='word_1_523' title='bbox 2444 2716 2732 2771; x_wconf 89' lang='lat' dir='ltr'><strong>celebravit</strong></span> <span class='ocrx_word' id='word_1_524' title='bbox 2761 2716 2832 2770; x_wconf 91' lang='lat' dir='ltr'><strong>ibi</strong></span> <span class='ocrx_word' id='word_1_525' title='bbox 2862 2717 3165 2784; x_wconf 89' lang='lat' dir='ltr'><strong>sollempnia</strong></span> <span class='ocrx_word' id='word_1_526' title='bbox 3195 2719 3436 2784; x_wconf 85' lang='lat' dir='ltr'><strong>paschae.</strong></span> 
     </span>
    </p>
   </div>
   <div class='ocr_carea' id='block_1_89' title="bbox 2099 2803 3496 2873">
    <p class='ocr_par' dir='ltr' id='par_1_89' title="bbox 2099 2803 3496 2873">
     <span class='ocr_line' id='line_1_91' title="bbox 2099 2803 3496 2873; baseline -0.004 -14"><span class='ocrx_word' id='word_1_527' title='bbox 2099 2807 2231 2860; x_wconf 87' lang='lat' dir='ltr'><strong>Tum</strong></span> <span class='ocrx_word' id='word_1_528' title='bbox 2257 2807 2380 2873; x_wconf 90' lang='lat' dir='ltr'><strong>quia</strong></span> <span class='ocrx_word' id='word_1_529' title='bbox 2411 2805 2648 2858; x_wconf 84' lang='lat' dir='ltr'><strong>Saxones</strong></span> <span class='ocrx_word' id='word_1_530' title='bbox 2674 2813 2947 2871; x_wconf 88' lang='lat' dir='ltr'><strong>suspectos</strong></span> <span class='ocrx_word' id='word_1_531' title='bbox 2967 2803 2992 2842; x_wconf 69' lang='grc' dir='ltr'><em>ἀ</em></span> <span class='ocrx_word' id='word_1_532' title='bbox 3022 2819 3229 2873; x_wconf 91' lang='lat' dir='ltr'><strong>semper</strong></span> <span class='ocrx_word' id='word_1_533' title='bbox 3255 2805 3496 2864; x_wconf 86' lang='lat' dir='ltr'><strong>habebat,</strong></span> 
     </span>
    </p>
   </div>
   <div class='ocr_carea' id='block_1_90' title="bbox 2099 2891 3332 2960">
    <p class='ocr_par' dir='ltr' id='par_1_90' title="bbox 2099 2891 3332 2960">
     <span class='ocr_line' id='line_1_92' title="bbox 2099 2891 3332 2960; baseline -0.003 -12"><span class='ocrx_word' id='word_1_534' title='bbox 2099 2893 2249 2948; x_wconf 88' lang='lat' dir='ltr'><strong>Ilaud</strong></span> <span class='ocrx_word' id='word_1_535' title='bbox 2278 2893 2543 2955; x_wconf 90' lang='lat' dir='ltr'><strong>dubitans,</strong></span> <span class='ocrx_word' id='word_1_536' title='bbox 2573 2892 2689 2946; x_wconf 82' lang='lat' dir='ltr'><strong>illos</strong></span> <span class='ocrx_word' id='word_1_537' title='bbox 2716 2906 2813 2960; x_wconf 88' lang='lat' dir='ltr'><strong>pro</strong></span> <span class='ocrx_word' id='word_1_538' title='bbox 2843 2891 3084 2946; x_wconf 89' lang='lat' dir='ltr'><strong>libertate</strong></span> <span class='ocrx_word' id='word_1_539' title='bbox 3113 2893 3332 2946; x_wconf 87' lang='lat' dir='ltr'><strong>tenenda</strong></span> 
     </span>
    </p>
   </div>
   <div class='ocr_carea' id='block_1_91' title="bbox 2103 2981 3413 3049">
    <p class='ocr_par' dir='ltr' id='par_1_91' title="bbox 2103 2981 3413 3049">
     <span class='ocr_line' id='line_1_93' title="bbox 2103 2981 3413 3049; baseline 0 -15"><span class='ocrx_word' id='word_1_540' title='bbox 2103 2983 2315 3035; x_wconf 78' lang='lat' dir='ltr'><strong>Artibus</strong></span> <span class='ocrx_word' id='word_1_541' title='bbox 2345 2989 2558 3035; x_wconf 89' lang='lat' dir='ltr'><strong>acturos</strong></span> <span class='ocrx_word' id='word_1_542' title='bbox 2587 2981 2746 3035; x_wconf 87' lang='lat' dir='ltr'><strong>variis</strong></span> <span class='ocrx_word' id='word_1_543' title='bbox 2773 2982 3139 3049; x_wconf 90' lang='lat' dir='ltr'><strong>quodcumque</strong></span> <span class='ocrx_word' id='word_1_544' title='bbox 3165 2982 3413 3044; x_wconf 84' lang='lat' dir='ltr'><strong>valerent,</strong></span> 
     </span>
    </p>
   </div>
   <div class='ocr_carea' id='block_1_92' title="bbox 2026 3059 3367 3137">
    <p class='ocr_par' dir='ltr' id='par_1_92' title="bbox 2026 3059 3367 3137">
     <span class='ocr_line' id='line_1_94' title="bbox 2026 3059 3367 3137; baseline 0.002 -17"><span class='ocrx_word' id='word_1_545' title='bbox 2026 3059 2071 3119; x_wconf 88' lang='lat' dir='ltr'><strong>C</strong></span> <span class='ocrx_word' id='word_1_546' title='bbox 2102 3070 2169 3123; x_wconf 89' lang='lat' dir='ltr'><strong>Et</strong></span> <span class='ocrx_word' id='word_1_547' title='bbox 2197 3071 2294 3122; x_wconf 88' lang='lat' dir='ltr'><strong>nisi</strong></span> <span class='ocrx_word' id='word_1_548' title='bbox 2323 3071 2554 3124; x_wconf 91' lang='lat' dir='ltr'><strong>continui</strong></span> <span class='ocrx_word' id='word_1_549' title='bbox 2585 3078 2947 3137; x_wconf 89' lang='lat' dir='ltr'><strong>premerentur</strong></span> <span class='ocrx_word' id='word_1_550' title='bbox 2973 3071 3203 3136; x_wconf 89' lang='lat' dir='ltr'><strong>pondere</strong></span> <span class='ocrx_word' id='word_1_551' title='bbox 3232 3070 3367 3132; x_wconf 89' lang='lat' dir='ltr'><strong>belli,</strong></span> 
     </span>
    </p>
   </div>
   <div class='ocr_carea' id='block_1_93' title="bbox 2100 3157 3448 3229">
    <p class='ocr_par' dir='ltr' id='par_1_93' title="bbox 2100 3157 3448 3229">
     <span class='ocr_line' id='line_1_95' title="bbox 2100 3157 3448 3229; baseline 0.001 -18"><span class='ocrx_word' id='word_1_552' title='bbox 2100 3157 2335 3212; x_wconf 89' lang='lat' dir='ltr'><strong>Foedera</strong></span> <span class='ocrx_word' id='word_1_553' title='bbox 2365 3168 2626 3226; x_wconf 88' lang='lat' dir='ltr'><strong>rupturos,</strong></span> <span class='ocrx_word' id='word_1_554' title='bbox 2656 3173 2834 3212; x_wconf 89' lang='lat' dir='ltr'><strong>secum</strong></span> <span class='ocrx_word' id='word_1_555' title='bbox 2861 3159 3103 3213; x_wconf 89' lang='lat' dir='ltr'><strong>condicta</strong></span> <span class='ocrx_word' id='word_1_556' title='bbox 3129 3161 3448 3229; x_wconf 82' lang='lat' dir='ltr'><strong>frequenter,</strong></span> 
     </span>
    </p>
   </div>
   <div class='ocr_carea' id='block_1_94' title="bbox 2101 3245 3362 3312">
    <p class='ocr_par' dir='ltr' id='par_1_94' title="bbox 2101 3245 3362 3312">
     <span class='ocr_line' id='line_1_96' title="bbox 2101 3245 3362 3312; baseline -0.001 -14"><span class='ocrx_word' id='word_1_557' title='bbox 2101 3245 2304 3298; x_wconf 84' lang='lat' dir='ltr'><strong>Rursus</strong></span> <span class='ocrx_word' id='word_1_558' title='bbox 2336 3245 2386 3297; x_wconf 92' lang='lat' dir='ltr'><strong>in</strong></span> <span class='ocrx_word' id='word_1_559' title='bbox 2414 3245 2621 3298; x_wconf 83' lang='lat' dir='ltr'><strong>illorum</strong></span> <span class='ocrx_word' id='word_1_560' title='bbox 2650 3245 2874 3312; x_wconf 87' lang='lat' dir='ltr'><strong>patriam</strong></span> <span class='ocrx_word' id='word_1_561' title='bbox 2905 3245 3192 3298; x_wconf 88' lang='lat' dir='ltr'><strong>fortissima</strong></span> <span class='ocrx_word' id='word_1_562' title='bbox 3221 3247 3362 3300; x_wconf 89' lang='lat' dir='ltr'><strong>ducit</strong></span> 
     </span>
    </p>
   </div>
   <div class='ocr_carea' id='block_1_95' title="bbox 2101 3333 3430 3402">
    <p class='ocr_par' dir='ltr' id='par_1_95' title="bbox 2101 3333 3430 3402">
     <span class='ocr_line' id='line_1_97' title="bbox 2101 3333 3430 3402; baseline 0.001 -16"><span class='ocrx_word' id='word_1_563' title='bbox 2101 3333 2324 3402; x_wconf 85' lang='lat' dir='ltr'><strong>Agmina</strong></span> <span class='ocrx_word' id='word_1_564' title='bbox 2357 3351 2369 3385; x_wconf 91' lang='lat'>:</span> <span class='ocrx_word' id='word_1_565' title='bbox 2402 3343 2713 3388; x_wconf 85' lang='lat' dir='ltr'><strong>conventum</strong></span> <span class='ocrx_word' id='word_1_566' title='bbox 2740 3333 2918 3401; x_wconf 81' lang='lat' dir='ltr'><strong>placiti</strong></span> <span class='ocrx_word' id='word_1_567' title='bbox 2947 3335 3206 3402; x_wconf 86' lang='lat' dir='ltr'><strong>generalis</strong></span> <span class='ocrx_word' id='word_1_568' title='bbox 3235 3335 3430 3387; x_wconf 86' lang='lat' dir='ltr'><strong>habere</strong></span> 
     </span>
    </p>
   </div>
   <div class='ocr_carea' id='block_1_96' title="bbox 2102 3422 3328 3480">
    <p class='ocr_par' dir='ltr' id='par_1_96' title="bbox 2102 3422 3328 3480">
     <span class='ocr_line' id='line_1_98' title="bbox 2102 3422 3328 3480; baseline -0.001 -1"><span class='ocrx_word' id='word_1_569' title='bbox 2102 3426 2233 3480; x_wconf 90' lang='lat' dir='ltr'><strong>Cum</strong></span> <span class='ocrx_word' id='word_1_570' title='bbox 2264 3425 2482 3479; x_wconf 90' lang='lat' dir='ltr'><strong>ducibus</strong></span> <span class='ocrx_word' id='word_1_571' title='bbox 2510 3439 2568 3478; x_wconf 90' lang='lat' dir='ltr'><strong>se</strong></span> <span class='ocrx_word' id='word_1_572' title='bbox 2595 3422 2729 3478; x_wconf 88' lang='lat' dir='ltr'><strong>velle</strong></span> <span class='ocrx_word' id='word_1_573' title='bbox 2758 3423 2866 3477; x_wconf 88' lang='lat' dir='ltr'><strong>suis</strong></span> <span class='ocrx_word' id='word_1_574' title='bbox 2893 3424 3176 3478; x_wconf 89' lang='lat' dir='ltr'><strong>denunciat</strong></span> <span class='ocrx_word' id='word_1_575' title='bbox 3206 3423 3328 3478; x_wconf 82' lang='lat' dir='ltr'><strong>illic.</strong></span> 
     </span>
    </p>
   </div>
   <div class='ocr_carea' id='block_1_97' title="bbox 2105 3513 3267 3582">
    <p class='ocr_par' dir='ltr' id='par_1_97' title="bbox 2105 3513 3267 3582">
     <span class='ocr_line' id='line_1_99' title="bbox 2105 3513 3267 3582; baseline -0.002 -14"><span class='ocrx_word' id='word_1_576' title='bbox 2105 3517 2273 3569; x_wconf 89' lang='lat' dir='ltr'><strong>Tanto</strong></span> <span class='ocrx_word' id='word_1_577' title='bbox 2300 3515 2521 3568; x_wconf 84' lang='lat' dir='ltr'><strong>concilio</strong></span> <span class='ocrx_word' id='word_1_578' title='bbox 2550 3513 2696 3568; x_wconf 90' lang='lat' dir='ltr'><strong>locus</strong></span> <span class='ocrx_word' id='word_1_579' title='bbox 2720 3522 2802 3568; x_wconf 90' lang='lat' dir='ltr'><strong>est</strong></span> <span class='ocrx_word' id='word_1_580' title='bbox 2826 3514 3026 3568; x_wconf 90' lang='lat' dir='ltr'><strong>electus</strong></span> <span class='ocrx_word' id='word_1_581' title='bbox 3050 3515 3267 3582; x_wconf 83' lang='lat' dir='ltr'><strong>agendo,</strong></span> 
     </span>
    </p>
   </div>
   <div class='ocr_carea' id='block_1_98' title="bbox 2104 3600 3584 3670">
    <p class='ocr_par' dir='ltr' id='par_1_98' title="bbox 2104 3600 3584 3670">
     <span class='ocr_line' id='line_1_100' title="bbox 2104 3600 3584 3670; baseline 0.001 -18"><span class='ocrx_word' id='word_1_582' title='bbox 2104 3600 2270 3666; x_wconf 89' lang='lat' dir='ltr'><strong>Quem</strong></span> <span class='ocrx_word' id='word_1_583' title='bbox 2294 3600 2724 3653; x_wconf 88' lang='lat' dir='ltr'><strong>Patbalbrunnon</strong></span> <span class='ocrx_word' id='word_1_584' title='bbox 2755 3602 3006 3664; x_wconf 88' lang='lat' dir='ltr'><strong>vocitant,</strong></span> <span class='ocrx_word' id='word_1_585' title='bbox 3039 3616 3143 3668; x_wconf 90' lang='lat' dir='ltr'><strong>quo</strong></span> <span class='ocrx_word' id='word_1_586' title='bbox 3170 3616 3271 3655; x_wconf 89' lang='lat' dir='ltr'><strong>non</strong></span> <span class='ocrx_word' id='word_1_587' title='bbox 3302 3601 3456 3655; x_wconf 82' lang='lat' dir='ltr'><strong>habet</strong></span> <span class='ocrx_word' id='word_1_588' title='bbox 3481 3602 3584 3670; x_wconf 89' lang='lat' dir='ltr'><strong>ipsa</strong></span> 
     </span>
    </p>
   </div>
   <div class='ocr_carea' id='block_1_99' title="bbox 2104 3687 3134 3756">
    <p class='ocr_par' dir='ltr' id='par_1_99' title="bbox 2104 3687 3134 3756">
     <span class='ocr_line' id='line_1_101' title="bbox 2104 3687 3134 3756; baseline 0.001 -14"><span class='ocrx_word' id='word_1_589' title='bbox 2104 3689 2246 3742; x_wconf 88' lang='lat' dir='ltr'><strong>Gens</strong></span> <span class='ocrx_word' id='word_1_590' title='bbox 2273 3687 2431 3740; x_wconf 92' lang='lat' dir='ltr'><strong>alium</strong></span> <span class='ocrx_word' id='word_1_591' title='bbox 2463 3687 2686 3740; x_wconf 89' lang='lat' dir='ltr'><strong>naturali</strong></span> <span class='ocrx_word' id='word_1_592' title='bbox 2717 3687 2834 3756; x_wconf 89' lang='lat' dir='ltr'><strong>plus</strong></span> <span class='ocrx_word' id='word_1_593' title='bbox 2859 3689 3134 3743; x_wconf 89' lang='lat' dir='ltr'><strong>nobilitate</strong></span> 
     </span>
    </p>
   </div>
   <div class='ocr_carea' id='block_1_100' title="bbox 2104 3775 3398 3845">
    <p class='ocr_par' dir='ltr' id='par_1_100' title="bbox 2104 3775 3398 3845">
     <span class='ocr_line' id='line_1_102' title="bbox 2104 3775 3398 3845; baseline 0.001 -17"><span class='ocrx_word' id='word_1_594' title='bbox 2104 3775 2384 3845; x_wconf 87' lang='lat' dir='ltr'><strong>Insignem,</strong></span> <span class='ocrx_word' id='word_1_595' title='bbox 2412 3776 2502 3843; x_wconf 90' lang='lat' dir='ltr'><strong>qui</strong></span> <span class='ocrx_word' id='word_1_596' title='bbox 2533 3776 2846 3843; x_wconf 88' lang='lat' dir='ltr'><strong>praecipuae</strong></span> <span class='ocrx_word' id='word_1_597' title='bbox 2871 3775 3146 3830; x_wconf 85' lang='lat' dir='ltr'><strong>redimitus</strong></span> <span class='ocrx_word' id='word_1_598' title='bbox 3171 3778 3398 3829; x_wconf 88' lang='lat' dir='ltr'><strong>abundat</strong></span> 
     </span>
    </p>
   </div>
   <div class='ocr_carea' id='block_1_101' title="bbox 2104 3863 3428 3930">
    <p class='ocr_par' dir='ltr' id='par_1_101' title="bbox 2104 3863 3428 3930">
     <span class='ocr_line' id='line_1_103' title="bbox 2104 3863 3428 3930; baseline 0 -12"><span class='ocrx_word' id='word_1_599' title='bbox 2104 3865 2361 3918; x_wconf 86' lang='lat' dir='ltr'><strong>Fontibus</strong></span> <span class='ocrx_word' id='word_1_600' title='bbox 2384 3871 2437 3915; x_wconf 89' lang='lat' dir='ltr'><strong>et</strong></span> <span class='ocrx_word' id='word_1_601' title='bbox 2465 3863 2646 3916; x_wconf 90' lang='lat' dir='ltr'><strong>nitidis</strong></span> <span class='ocrx_word' id='word_1_602' title='bbox 2674 3872 2727 3916; x_wconf 90' lang='lat' dir='ltr'><strong>et</strong></span> <span class='ocrx_word' id='word_1_603' title='bbox 2753 3863 3012 3930; x_wconf 85' lang='lat' dir='ltr'><strong>pluribus,</strong></span> <span class='ocrx_word' id='word_1_604' title='bbox 3042 3872 3097 3918; x_wconf 89' lang='lat' dir='ltr'><strong>et</strong></span> <span class='ocrx_word' id='word_1_605' title='bbox 3122 3865 3282 3917; x_wconf 87' lang='lat' dir='ltr'><strong>trahit</strong></span> <span class='ocrx_word' id='word_1_606' title='bbox 3309 3865 3428 3918; x_wconf 89' lang='lat' dir='ltr'><strong>inde</strong></span> 
     </span>
    </p>
   </div>
   <div class='ocr_carea' id='block_1_102' title="bbox 2106 3951 3444 4020">
    <p class='ocr_par' dir='ltr' id='par_1_102' title="bbox 2106 3951 3444 4020">
     <span class='ocr_line' id='line_1_104' title="bbox 2106 3951 3444 4020; baseline 0.001 -16"><span class='ocrx_word' id='word_1_607' title='bbox 2106 3951 2419 4005; x_wconf 87' lang='lat' dir='ltr'><strong>Barbaricae</strong></span> <span class='ocrx_word' id='word_1_608' title='bbox 2444 3967 2633 4004; x_wconf 87' lang='lat' dir='ltr'><strong>nomen</strong></span> <span class='ocrx_word' id='word_1_609' title='bbox 2663 3952 2871 4020; x_wconf 88' lang='lat' dir='ltr'><strong>linguae</strong></span> <span class='ocrx_word' id='word_1_610' title='bbox 2896 3966 3139 4007; x_wconf 89' lang='lat' dir='ltr'><strong>sermone</strong></span> <span class='ocrx_word' id='word_1_611' title='bbox 3165 3965 3444 4009; x_wconf 87' lang='lat' dir='ltr'><strong>vetustum.</strong></span> 
     </span>
    </p>
   </div>
   <div class='ocr_carea' id='block_1_103' title="bbox 2109 4039 3382 4109">
    <p class='ocr_par' dir='ltr' id='par_1_103' title="bbox 2109 4039 3382 4109">
     <span class='ocr_line' id='line_1_105' title="bbox 2109 4039 3382 4109; baseline 0.005 -18"><span class='ocrx_word' id='word_1_612' title='bbox 2109 4039 2256 4094; x_wconf 88' lang='lat' dir='ltr'><strong>Tunc</strong></span> <span class='ocrx_word' id='word_1_613' title='bbox 2282 4040 2351 4093; x_wconf 90' lang='lat' dir='ltr'><strong>ibi</strong></span> <span class='ocrx_word' id='word_1_614' title='bbox 2379 4040 2498 4092; x_wconf 88' lang='lat' dir='ltr'><strong>villa</strong></span> <span class='ocrx_word' id='word_1_615' title='bbox 2524 4040 2621 4092; x_wconf 85' lang='lat' dir='ltr'><strong>fuit</strong></span> <span class='ocrx_word' id='word_1_616' title='bbox 2649 4048 2872 4103; x_wconf 91' lang='lat' dir='ltr'><strong>tantum,</strong></span> <span class='ocrx_word' id='word_1_617' title='bbox 2904 4057 3043 4094; x_wconf 89' lang='lat' dir='ltr'><strong>nunc</strong></span> <span class='ocrx_word' id='word_1_618' title='bbox 3067 4044 3382 4109; x_wconf 80' lang='lat' dir='ltr'><strong>pontificalis</strong></span> 
     </span>
    </p>
   </div>
   <div class='ocr_carea' id='block_1_104' title="bbox 2109 4126 3367 4186">
    <p class='ocr_par' dir='ltr' id='par_1_104' title="bbox 2109 4126 3367 4186">
     <span class='ocr_line' id='line_1_106' title="bbox 2109 4126 3367 4186; baseline 0.004 -7"><span class='ocrx_word' id='word_1_619' title='bbox 2109 4126 2374 4180; x_wconf 86' lang='lat' dir='ltr'><strong>Ecclesiae</strong></span> <span class='ocrx_word' id='word_1_620' title='bbox 2397 4135 2696 4181; x_wconf 87' lang='lat' dir='ltr'><strong>constructa</strong></span> <span class='ocrx_word' id='word_1_621' title='bbox 2721 4128 2854 4182; x_wconf 89' lang='lat' dir='ltr'><strong>nitet</strong></span> <span class='ocrx_word' id='word_1_622' title='bbox 2880 4127 3168 4184; x_wconf 90' lang='lat' dir='ltr'><strong>clarissima</strong></span> <span class='ocrx_word' id='word_1_623' title='bbox 3197 4132 3367 4186; x_wconf 81' lang='lat' dir='ltr'><strong>sedes.</strong></span> 
     </span>
    </p>
   </div>
   <div class='ocr_carea' id='block_1_105' title="bbox 2109 4216 3462 4287">
    <p class='ocr_par' dir='ltr' id='par_1_105' title="bbox 2109 4216 3462 4287">
     <span class='ocr_line' id='line_1_107' title="bbox 2109 4216 3462 4287; baseline 0.002 -19"><span class='ocrx_word' id='word_1_624' title='bbox 2109 4216 2223 4281; x_wconf 90' lang='lat' dir='ltr'><strong>Quo</strong></span> <span class='ocrx_word' id='word_1_625' title='bbox 2247 4216 2468 4271; x_wconf 83' lang='lat' dir='ltr'><strong>Carolus</strong></span> <span class='ocrx_word' id='word_1_626' title='bbox 2491 4217 2725 4280; x_wconf 86' lang='lat' dir='ltr'><strong>veniens,</strong></span> <span class='ocrx_word' id='word_1_627' title='bbox 2754 4217 3001 4271; x_wconf 89' lang='lat' dir='ltr'><strong>collectos</strong></span> <span class='ocrx_word' id='word_1_628' title='bbox 3025 4220 3256 4287; x_wconf 90' lang='lat' dir='ltr'><strong>repperit</strong></span> <span class='ocrx_word' id='word_1_629' title='bbox 3278 4234 3462 4273; x_wconf 90' lang='lat' dir='ltr'><strong>omnes</strong></span> 
     </span>
    </p>
   </div>
   <div class='ocr_carea' id='block_1_106' title="bbox 2111 4302 3634 4376">
    <p class='ocr_par' dir='ltr' id='par_1_106' title="bbox 2111 4302 3634 4376">
     <span class='ocr_line' id='line_1_108' title="bbox 2111 4302 3634 4376; baseline 0.003 -22"><span class='ocrx_word' id='word_1_630' title='bbox 2111 4302 2282 4358; x_wconf 84' lang='lat' dir='ltr'><strong>Paene</strong></span> <span class='ocrx_word' id='word_1_631' title='bbox 2311 4305 2497 4367; x_wconf 90' lang='lat' dir='ltr'><strong>duces,</strong></span> <span class='ocrx_word' id='word_1_632' title='bbox 2525 4305 2877 4372; x_wconf 89' lang='lat' dir='ltr'><strong>populumque</strong></span> <span class='ocrx_word' id='word_1_633' title='bbox 2904 4306 3087 4368; x_wconf 90' lang='lat' dir='ltr'><strong>simul,</strong></span> <span class='ocrx_word' id='word_1_634' title='bbox 3119 4315 3387 4376; x_wconf 89' lang='lat' dir='ltr'><strong>totumque</strong></span> <span class='ocrx_word' id='word_1_635' title='bbox 3415 4314 3634 4361; x_wconf 85' lang='lat' dir='ltr'><strong>senatum</strong></span> 
     </span>
    </p>
   </div>
   <div class='ocr_carea' id='block_1_107' title="bbox 2031 4365 3517 4461">
    <p class='ocr_par' dir='ltr' id='par_1_107' title="bbox 2031 4365 3517 4461">
     <span class='ocr_line' id='line_1_109' title="bbox 2031 4365 3517 4461; baseline 0.003 -15"><span class='ocrx_word' id='word_1_636' title='bbox 2031 4365 2086 4424; x_wconf 77' lang='lat' dir='ltr'><strong>D</strong></span> <span class='ocrx_word' id='word_1_637' title='bbox 2113 4392 2400 4456; x_wconf 86' lang='lat' dir='ltr'><strong>Saxonum,</strong></span> <span class='ocrx_word' id='word_1_638' title='bbox 2429 4365 2690 4461; x_wconf 48' lang='lat' dir='ltr'><strong>nisi-quod</strong></span> <span class='ocrx_word' id='word_1_639' title='bbox 2719 4365 2929 4460; x_wconf 83' lang='lat' dir='ltr'><strong>quidam</strong></span> <span class='ocrx_word' id='word_1_640' title='bbox 2958 4365 3517 4450; x_wconf 42' lang='lat' dir='ltr'><strong>Widokindusatindc</strong></span> 
     </span>
    </p>
   </div>
   <div class='ocr_carea' id='block_1_108' title="bbox 2111 4480 3392 4549">
    <p class='ocr_par' dir='ltr' id='par_1_108' title="bbox 2111 4480 3392 4549">
     <span class='ocr_line' id='line_1_110' title="bbox 2111 4480 3392 4549; baseline 0.004 -16"><span class='ocrx_word' id='word_1_641' title='bbox 2111 4480 2341 4549; x_wconf 82' lang='lat' dir='ltr'><strong>Aufugit,</strong></span> <span class='ocrx_word' id='word_1_642' title='bbox 2376 4497 2551 4549; x_wconf 89' lang='lat' dir='ltr'><strong>regem</strong></span> <span class='ocrx_word' id='word_1_643' title='bbox 2579 4482 2804 4544; x_wconf 89' lang='lat' dir='ltr'><strong>veritus;</strong></span> <span class='ocrx_word' id='word_1_644' title='bbox 2836 4497 2957 4534; x_wconf 87' lang='lat' dir='ltr'><strong>nam</strong></span> <span class='ocrx_word' id='word_1_645' title='bbox 2985 4485 3227 4537; x_wconf 89' lang='lat' dir='ltr'><strong>conscius</strong></span> <span class='ocrx_word' id='word_1_646' title='bbox 3255 4484 3392 4538; x_wconf 86' lang='lat' dir='ltr'><strong>idem</strong></span> 
     </span>
    </p>
   </div>
   <div class='ocr_carea' id='block_1_109' title="bbox 2112 4555 3231 4640">
    <p class='ocr_par' dir='ltr' id='par_1_109' title="bbox 2112 4555 3231 4640">
     <span class='ocr_line' id='line_1_111' title="bbox 2112 4555 3231 4640; baseline 0 -14"><span class='ocrx_word' id='word_1_647' title='bbox 2112 4555 2341 4626; x_wconf 82' lang='lat' dir='ltr'><strong>Audacis</strong></span> <span class='ocrx_word' id='word_1_648' title='bbox 2370 4572 2581 4624; x_wconf 89' lang='lat' dir='ltr'><strong>sibimet</strong></span> <span class='ocrx_word' id='word_1_649' title='bbox 2605 4571 2731 4625; x_wconf 84' lang='lat' dir='ltr'><strong>facti</strong></span> <span class='ocrx_word' id='word_1_650' title='bbox 2757 4572 3010 4640; x_wconf 86' lang='lat' dir='ltr'><strong>multique</strong></span> <span class='ocrx_word' id='word_1_651' title='bbox 3036 4581 3231 4635; x_wconf 89' lang='lat' dir='ltr'><strong>reatus,</strong></span> 
     </span>
    </p>
   </div>
   <div class='ocr_carea' id='block_1_110' title="bbox 2114 4659 3384 4729">
    <p class='ocr_par' dir='ltr' id='par_1_110' title="bbox 2114 4659 3384 4729">
     <span class='ocr_line' id='line_1_112' title="bbox 2114 4659 3384 4729; baseline 0.002 -16"><span class='ocrx_word' id='word_1_652' title='bbox 2114 4659 2366 4714; x_wconf 90' lang='lat' dir='ltr'><strong>Sifridum</strong></span> <span class='ocrx_word' id='word_1_653' title='bbox 2391 4660 2542 4727; x_wconf 87' lang='lat' dir='ltr'><strong>petiit</strong></span> <span class='ocrx_word' id='word_1_654' title='bbox 2568 4660 2832 4712; x_wconf 71' lang='lat' dir='ltr'><strong>Danorum</strong></span> <span class='ocrx_word' id='word_1_655' title='bbox 2861 4670 3067 4727; x_wconf 84' lang='lat' dir='ltr'><strong>sceptra</strong></span> <span class='ocrx_word' id='word_1_656' title='bbox 3096 4669 3384 4729; x_wconf 88' lang='lat' dir='ltr'><strong>regentem.</strong></span> 
     </span>
    </p>
   </div>
   <div class='ocr_carea' id='block_1_111' title="bbox 2113 4751 3311 4819">
    <p class='ocr_par' dir='ltr' id='par_1_111' title="bbox 2113 4751 3311 4819">
     <span class='ocr_line' id='line_1_113' title="bbox 2113 4751 3311 4819; baseline 0 -15"><span class='ocrx_word' id='word_1_657' title='bbox 2113 4752 2280 4806; x_wconf 89' lang='lat' dir='ltr'><strong>Porro</strong></span> <span class='ocrx_word' id='word_1_658' title='bbox 2305 4752 2465 4804; x_wconf 90' lang='lat' dir='ltr'><strong>duces</strong></span> <span class='ocrx_word' id='word_1_659' title='bbox 2491 4751 2596 4804; x_wconf 90' lang='lat' dir='ltr'><strong>illic</strong></span> <span class='ocrx_word' id='word_1_660' title='bbox 2623 4751 2710 4802; x_wconf 88' lang='lat' dir='ltr'><strong>alii</strong></span> <span class='ocrx_word' id='word_1_661' title='bbox 2738 4766 2857 4804; x_wconf 89' lang='lat' dir='ltr'><strong>cum</strong></span> <span class='ocrx_word' id='word_1_662' title='bbox 2887 4751 3038 4818; x_wconf 84' lang='lat' dir='ltr'><strong>plebe</strong></span> <span class='ocrx_word' id='word_1_663' title='bbox 3062 4751 3260 4819; x_wconf 82' lang='lat' dir='ltr'><strong>gregali</strong></span> <span class='ocrx_word' id='word_1_664' title='bbox 3288 4761 3311 4790; x_wconf 79' lang='grc' dir='ltr'><strong><em>ο</em></strong></span> 
     </span>
    </p>
   </div>
   <div class='ocr_carea' id='block_1_112' title="bbox 2118 4841 3464 4910">
    <p class='ocr_par' dir='ltr' id='par_1_112' title="bbox 2118 4841 3464 4910">
     <span class='ocr_line' id='line_1_114' title="bbox 2118 4841 3464 4910; baseline 0.004 -17"><span class='ocrx_word' id='word_1_665' title='bbox 2118 4841 2436 4908; x_wconf 90' lang='lat' dir='ltr'><strong>Snppliciter</strong></span> <span class='ocrx_word' id='word_1_666' title='bbox 2460 4841 2632 4894; x_wconf 92' lang='lat' dir='ltr'><strong>cuncti</strong></span> <span class='ocrx_word' id='word_1_667' title='bbox 2663 4841 2864 4893; x_wconf 89' lang='lat' dir='ltr'><strong>veniam</strong></span> <span class='ocrx_word' id='word_1_668' title='bbox 2889 4855 3174 4908; x_wconf 89' lang='lat' dir='ltr'><strong>pacemque</strong></span> <span class='ocrx_word' id='word_1_669' title='bbox 3201 4849 3464 4910; x_wconf 70' lang='lat' dir='ltr'><strong>petentes,</strong></span> 
     </span>
    </p>
   </div>
   <div class='ocr_carea' id='block_1_113' title="bbox 2119 4929 3137 4997">
    <p class='ocr_par' dir='ltr' id='par_1_113' title="bbox 2119 4929 3137 4997">
     <span class='ocr_line' id='line_1_115' title="bbox 2119 4929 3137 4997; baseline 0 -14"><span class='ocrx_word' id='word_1_670' title='bbox 2119 4931 2406 4983; x_wconf 82' lang='lat' dir='ltr'><strong>Paruerant</strong></span> <span class='ocrx_word' id='word_1_671' title='bbox 2437 4929 2545 4997; x_wconf 86' lang='lat' dir='ltr'><strong>regi</strong></span> <span class='ocrx_word' id='word_1_672' title='bbox 2576 4930 2674 4982; x_wconf 91' lang='lat' dir='ltr'><strong>sub</strong></span> <span class='ocrx_word' id='word_1_673' title='bbox 2704 4929 2792 4980; x_wconf 89' lang='lat' dir='ltr'><strong>tali</strong></span> <span class='ocrx_word' id='word_1_674' title='bbox 2823 4929 3137 4992; x_wconf 88' lang='lat' dir='ltr'><strong>conditione,</strong></span> 
     </span>
    </p>
   </div>
   <div class='ocr_carea' id='block_1_114' title="bbox 2121 5017 3382 5086">
    <p class='ocr_par' dir='ltr' id='par_1_114' title="bbox 2121 5017 3382 5086">
     <span class='ocr_line' id='line_1_116' title="bbox 2121 5017 3382 5086; baseline -0.001 -14"><span class='ocrx_word' id='word_1_675' title='bbox 2121 5019 2190 5072; x_wconf 88' lang='lat' dir='ltr'><strong>Ut</strong></span> <span class='ocrx_word' id='word_1_676' title='bbox 2216 5027 2402 5072; x_wconf 88' lang='lat' dir='ltr'><strong>cuncta</strong></span> <span class='ocrx_word' id='word_1_677' title='bbox 2431 5018 2688 5071; x_wconf 89' lang='lat' dir='ltr'><strong>scelerum</strong></span> <span class='ocrx_word' id='word_1_678' title='bbox 2717 5017 2931 5071; x_wconf 85' lang='lat' dir='ltr'><strong>dimissa</strong></span> <span class='ocrx_word' id='word_1_679' title='bbox 2963 5018 3096 5071; x_wconf 90' lang='lat' dir='ltr'><strong>mole</strong></span> <span class='ocrx_word' id='word_1_680' title='bbox 3127 5018 3382 5086; x_wconf 85' lang='lat' dir='ltr'><strong>priorum,</strong></span> 
     </span>
    </p>
   </div>
   <div class='ocr_carea' id='block_1_115' title="bbox 2123 5109 3224 5175">
    <p class='ocr_par' dir='ltr' id='par_1_115' title="bbox 2123 5109 3224 5175">
     <span class='ocr_line' id='line_1_117' title="bbox 2123 5109 3224 5175; baseline -0.001 -14"><span class='ocrx_word' id='word_1_681' title='bbox 2123 5109 2180 5161; x_wconf 91' lang='lat' dir='ltr'><strong>Si</strong></span> <span class='ocrx_word' id='word_1_682' title='bbox 2212 5117 2328 5175; x_wconf 90' lang='lat' dir='ltr'><strong>post</strong></span> <span class='ocrx_word' id='word_1_683' title='bbox 2360 5110 2612 5161; x_wconf 90' lang='lat' dir='ltr'><strong>auderent</strong></span> <span class='ocrx_word' id='word_1_684' title='bbox 2643 5109 2755 5161; x_wconf 91' lang='lat' dir='ltr'><strong>eius</strong></span> <span class='ocrx_word' id='word_1_685' title='bbox 2787 5109 2983 5162; x_wconf 89' lang='lat' dir='ltr'><strong>violare</strong></span> <span class='ocrx_word' id='word_1_686' title='bbox 3011 5116 3224 5170; x_wconf 89' lang='lat' dir='ltr'><strong>statuta,</strong></span> 
     </span>
    </p>
   </div>
   <div class='ocr_carea' id='block_1_116' title="bbox 2123 5198 3342 5266">
    <p class='ocr_par' dir='ltr' id='par_1_116' title="bbox 2123 5198 3342 5266">
     <span class='ocr_line' id='line_1_118' title="bbox 2123 5198 3342 5266; baseline 0.001 -14"><span class='ocrx_word' id='word_1_687' title='bbox 2123 5199 2388 5253; x_wconf 86' lang='lat' dir='ltr'><strong>Libertate</strong></span> <span class='ocrx_word' id='word_1_688' title='bbox 2413 5198 2565 5250; x_wconf 88' lang='lat' dir='ltr'><strong>simul</strong></span> <span class='ocrx_word' id='word_1_689' title='bbox 2593 5199 2762 5266; x_wconf 88' lang='lat' dir='ltr'><strong>prisca</strong></span> <span class='ocrx_word' id='word_1_690' title='bbox 2790 5199 3063 5266; x_wconf 87' lang='lat' dir='ltr'><strong>patriaque</strong></span> <span class='ocrx_word' id='word_1_691' title='bbox 3087 5205 3342 5254; x_wconf 86' lang='lat' dir='ltr'><strong>carerent.</strong></span> 
     </span>
    </p>
   </div>
   <div class='ocr_carea' id='block_1_117' title="bbox 2199 5390 2816 5458">
    <p class='ocr_par' dir='ltr' id='par_1_117' title="bbox 2199 5390 2816 5458">
     <span class='ocr_line' id='line_1_119' title="bbox 2199 5390 2816 5458; baseline 0 -17"><span class='ocrx_word' id='word_1_692' title='bbox 2199 5404 2217 5427; x_wconf 67' lang='grc' dir='ltr'><em>τ</em></span> <span class='ocrx_word' id='word_1_693' title='bbox 2264 5391 2464 5448; x_wconf 78' lang='lat' dir='ltr'><strong>Clussa,</strong></span> <span class='ocrx_word' id='word_1_694' title='bbox 2504 5390 2816 5458; x_wconf 68' lang='lat' dir='ltr'><strong>Ninmagan.</strong></span> 
     </span>
    </p>
   </div>
   <div class='ocr_carea' id='block_1_118' title="bbox 2197 5458 2692 5516">
    <p class='ocr_par' dir='ltr' id='par_1_118' title="bbox 2197 5458 2692 5516">
     <span class='ocr_line' id='line_1_120' title="bbox 2197 5458 2692 5516; baseline 0 -8"><span class='ocrx_word' id='word_1_695' title='bbox 2197 5460 2219 5496; x_wconf 65' lang='lat' dir='ltr'><strong>fl</strong></span> <span class='ocrx_word' id='word_1_696' title='bbox 2261 5459 2462 5516; x_wconf 66' lang='lat' dir='ltr'><strong>filossa,</strong></span> <span class='ocrx_word' id='word_1_697' title='bbox 2495 5458 2692 5509; x_wconf 78' lang='lat' dir='ltr'><strong>dubios.</strong></span> 
     </span>
    </p>
   </div>
   <div class='ocr_carea' id='block_1_119' title="bbox 2205 5529 2608 5595">
    <p class='ocr_par' dir='ltr' id='par_1_119' title="bbox 2205 5529 2608 5595">
     <span class='ocr_line' id='line_1_121' title="bbox 2205 5529 2608 5595; baseline -0.01 -16"><span class='ocrx_word' id='word_1_698' title='bbox 2205 5540 2225 5563; x_wconf 69' lang='grc'><strong>(³</strong></span> <span class='ocrx_word' id='word_1_699' title='bbox 2267 5529 2351 5592; x_wconf 63' lang='lat' dir='ltr'><strong>IL,</strong></span> <span class='ocrx_word' id='word_1_700' title='bbox 2384 5535 2608 5595; x_wconf 65' lang='lat' dir='ltr'><strong>gregum.</strong></span> 
     </span>
    </p>
   </div>
  </div>
