3872 6230
173 462 268 512 ὐῖΙὸ
500 459 739 511 ΑΝῗίΑι.
783 456 865 509 1)Ιέ
902 454 1138 509 GESTIS
1177 455 1232 505 Β.
1268 451 1510 508 ειιιιυιμι
1550 449 1622 502 .\l.~l

1751 453 1755 503 l
1794 450 1968 504 LIBRI
2010 453 2069 504 γ.
2098 482 2164 492 --
2204 454 2356 507 VITA
2394 453 2654 507 CAROLI.
2693 484 2761 492 —
2800 454 2918 506 LIB.
2963 456 2999 506 1.
3232 453 3332 506 69$

171 572 396 634 Quorum
425 579 533 622 tum
561 570 768 623 Christo
796 585 852 622 se
877 569 1089 622 credere
1117 567 1246 620 velle
1273 565 1505 634 professa

170 658 346 723 Magna
377 657 698 709 salutifer-um
727 655 953 722 suscepit
981 656 1129 706 turba
1159 655 1442 706 lavacrum.

170 746 267 795 Sed
299 744 541 796 simulata
571 743 698 796 fides
725 749 934 796 versuto
961 740 1150 808 prodiit
1177 754 1288 802 ore,

167 834 310 898 Quod
337 844 514 899 notum
539 834 718 887 multis
744 832 914 886 fecere
938 831 1205 898 sequentia
1229 840 1392 897 gesta.

167 923 308 976 Tunc
337 922 657 976 Sarracenus
680 920 889 990 quidam
913 926 1218 989 pervenerat
1243 919 1380 978 illuc,

165 1015 379 1068 Nomine
409 1016 495 1082 qui
523 1013 696 1080 patrio
721 1013 893 1066 dictus
923 1011 1021 1063 fuit
1049 1010 1345 1062 lbinalarbi.

164 1102 254 1156 llic
278 1117 397 1156 cum
429 1117 530 1154 non
557 1101 736 1169 paucis
764 1099 921 1154 sociis
948 1113 1008 1151 ac
1037 1099 1254 1158 civibus,
1288 1098 1455 1162 ipsmn

161 1191 254 1255 Qui
285 1191 688 1251 comitabantur,
720 1189 850 1241 lines
879 1188 1106 1255 regionis
1134 1186 1354 1238 lliberae

160 1280 518 1346 Linquentem,
546 1277 732 1332 Carolo
757 1292 812 1331 se
838 1276 1052 1337 dedidit,
1082 1289 1144 1327 ac
1168 1273 1322 1327 simul
1349 1274 1522 1332 urbes,

160 1369 266 1421 Rex
295 1367 619 1422 Sarracenus
645 1369 835 1435 quibus
860 1368 1000 1419 hunc
1022 1363 1345 1432 praefecerat
1369 1362 1511 1414 olim.

156 1457 232 1508 0b
257 1455 647 1508 hoe.Saxonum
677 1453 883 1506 tandem
913 1453 1122 1521 regione
1149 1451 1346 1512 relicta,

155 1545 348 1598 Gallica
377 1560 532 1612 regna
558 1546 713 1612 petit;
741 1551 859 1610 post
881 1544 1012 1596 haec
1037 1539 1312 1606 Aquitania
1345 1553 1518 1607 regem

153 1633 412 1701 Insignem
435 1631 678 1687 Carolum
707 1639 847 1684 tenet
871 1630 935 1684 ad
959 1628 1224 1697 paschalia
1251 1627 1400 1696 festa.

601 1721 746 1772 Anno
777 1719 896 1773 778.
936 1718 1123 1771 Indict.
1162 1717 1260 1769 15.-

153 1809 371 1861 llortatu
401 1807 674 1860 Sarraceni
703 1821 820 1859 cum
851 1819 907 1858 se
932 1803 1200 1860 memorati

152 1900 409 1968 Hispanas
433 1901 591 1954 urbes
615 1899 862 1968 qua’Sdam
890 1897 987 1950 sibi
1016 1895 1239 1949 subdere
1265 1911 1414 1963 posse

152 1990 296 2042 llaud
328 1988 522 2042 frustra
553 1997 812 2056 speraret,
845 2001 908 2041 eo
935 2001 1026 2040 sua
1058 1985 1284 2039 maxima
1314 1985 1485 2053 coepit

150 2076 493 2142 Agmina-per
520 2076 687 2128 celsos
718 2075 1034 2128 Wascuuum
1065 2073 1257 2126 ducere
1285 2073 1512 2127 montes:

151 2165 243 2228 Qui
269 2180 391 2217 cum
414 2163 582 2230 prima
609 2163 827 2232 Pyrenei
853 2163 971 2231 iuga
999 2163 1104 2214 iam
1125 2169 1452 2229 superasset.
1519 2165 1524 2169 ’

151 2253 226 2303 Ad
253 2252 642 2320 Pompelonem,
667 2252 812 2319 quod
829 2250 994 2303 fertur
1023 2250 1196 2303 nobile
1219 2257 1448 2304 castrum

152 2340 273 2391 Esse
302 2338 674 2400 Navarrorum,
705 2338 918 2392 veniens
945 2338 994 2390 id
1022 2346 1267 2405 coeperat
1291 2339 1480 2396 armis;

150 2427 519 2495 Traieiensque
547 2427 678 2482 vado
703 2427 959 2480 famosum
988 2425 1178 2479 flutnen
1206 2426 1475 2487 Hiberum,

149 2515 354 2567 Cesaris
378 2515 598 2583 Augusti
623 2516 883 2581 quandam
912 2515 976 2567 de
1003 2515 1212 2566 nomine
1237 2515 1431 2567 dictam

156 2604 342 2656 Urbem
369 2604 704 2670 praecipuam
733 2603 888 2656 terris
909 2603 1204 2670 penetravit
1229 2603 1279 2655 in
1307 2603 1427 2655 illis.

150 2694 388 2760 Acceptis
415 2702 586 2746 tamen
615 2692 902 2755 obsidibus,
930 2708 1062 2760 quos
1089 2688 1367 2748 lbinalarbi

148 2780 246 2832 lam
275 2781 446 2833 dictus
472 2782 770 2847 pariterque
795 2795 887 2832 sua
917 2781 980 2833 de
1007 2788 1160 2848 gente
1186 2779 1364 2833 fideles

148 2866 598 2932 lllustresqueviri
625 2867 896 2929 dederant,
925 2866 1001 2920 sic
1029 2866 1149 2918 inde
1173 2867 1407 2919 recessit.

146 2959 215 3008 Ac
244 2955 613 3023 Pompelonem
644 2955 870 3017 rediens,
902 2955 1164 3009 deiecerat
1193 2955 1306 3007 eius

146 3049 439 3101 Ad'terram
465 3061 662 3106 nmros,
692 3046 838 3099 fieret
863 3059 927 3098 ne
951 3043 1084 3098 forte
1110 3044 1336 3097 rebellis.

145 3139 374 3203 Cumque
400 3134 620 3204 Pyrenei
649 3147 917 3201 regressus
939 3133 1005 3186 ad
1033 3132 1216 3184 intima
1244 3132 1428 3191 saltus,

150 3224 304 3276 Milite
331 3238 452 3276 cum
481 3223 620 3274 lasso
646 3220 803 3274 calles
830 3220 1224 3274 transcenderet
1251 3226 1394 3273 artos

147 3313 360 3365 Insidias
383 3311 499 3364 eius
523 3324 729 3364 summo
754 3309 852 3363 sub
879 3309 1075 3362 vertice
1099 3310 1293 3362 montis

91 3397 100 3408 '
147 3400 378 3452 Tendere
409 3398 697 3452 Wascones
723 3397 859 3460 ausi,
889 3412 1019 3450 nova
1048 3397 1244 3464 praelia
1270 3404 1544 3464 temptant.

147 3489 373 3555 Denique
397 3497 691 3557 postremos
714 3487 890 3556 populi
917 3486 1106 3556 regalis
1131 3486 1320 3548 adorti,

147 3575 422 3628 Missilibus
452 3576 623 3643 primo
655 3583 895 3628 sternunt
926 3589 991 3627 ex
1021 3575 1240 3628 collibus
1271 3573 1409 3634 altis,

146 3664 205 3715 Et
233 3662 483 3724 Francos,
509 3663 750 3730 quamvis
780 3663 944 3715 armis
969 3662 1260 3728 animisque
1287 3662 1506 3730 priores,

145 3755 311 3822 Impar
336 3752 460 3807 fecit
486 3762 539 3806 et
563 3761 812 3822 angustus
840 3752 984 3807 locus
1013 3751 1306 3806 inferiores.

147 3841 249 3893 Rex
277 3841 378 3892 iam
403 3854 619 3908 praeces
651 3842 710 3902 it,
740 3841 1050 3906 tardumque
1075 3849 1402 3893 remanserat
1425 3855 1633 3904 agmen.

143 3931 276 3982 (Iura
307 3931 665 3984 vellendarum
693 3931 832 3998 quod
860 3944 1034 3983 rerum
1063 3929 1451 3997 praepediebat.

144 4017 222 4068 l-‘it
249 4031 412 4082 pavor
440 4017 561 4070 hinc
587 4018 926 4080 exercitibus,
955 4019 1233 4084 subitoque
1259 4018 1483 4071 tumultu

144 4105 459 4167 Turbantur,
490 4105 681 4158 victrix
709 4105 966 4161 latronum
996 4108 1144 4160 turba
1174 4108 1395 4160 nefanda

144 4193 405 4258 Ingentem
431 4193 604 4260 rapuit
627 4195 896 4262 praedam,
924 4195 1204 4264 pluresque
1227 4197 1446 4248 necavit.

145 4282 374 4350 Namque
403 4283 618 4350 palatini
648 4284 860 4350 quidam
891 4285 1125 4340 cecidere
1154 4285 1400 4347 ministri,

145 4369 513 4424 tlommendata
541 4371 732 4438 quibus
755 4371 944 4439 regalis
967 4373 1113 4439 copia
1139 4387 1318 4440 gazae,

147 4457 410 4521 Predones
440 4459 554 4514 illos
584 4461 766 4530 spoliis
796 4463 978 4516 ditavit
1007 4463 1214 4530 opimis.

147 4545 233 4598 His
258 4547 446 4615 gestis,
472 4548 651 4601 hostes
674 4549 806 4603 vasti
832 4564 927 4616 per
950 4550 1098 4602 devia
1123 4550 1288 4603 saltus
1364 4604 1368 4606 _

147 4631 426 4702 Fugerunt,
457 4635 690 4688 celerant
715 4648 763 4698 ι,
796 4636 1004 4690 fuerant
1029 4639 1220 4705 quibus
1248 4639 1410 4692 ardua
1443 4639 1633 4692 montis

144 4721 326 4776 Abdita
354 4722 603 4776 silvarum
627 4723 780 4778 vallis
808 4725 918 4778 loca
947 4734 1068 4778 nota
1096 4725 1350 4792 profunde

145 4810 280 4872 Quos
307 4809 426 4879 fuga
457 4811 689 4878 dilapsos
717 4812 1090 4881 investigabilis
1120 4823 1172 4867 et
1202 4829 1304 4865 nox

143 4896 344 4951 lnstans
368 4898 577 4966 eripuit,
605 4909 912 4966 sequeretur
938 4897 994 4954 dt
1021 4902 1150 4954 ultio
1179 4903 1336 4954 nulla.

144 4985 216 5038 Ac
239 4985 440 5039 facinus
464 4994 666 5040 tantum
688 4989 936 5054 quoniam
959 4994 1249 5056 permansit
1277 4990 1514 5046 inultum.

146 5072 334 5126 Tristia
361 5074 519 5143 regali
544 5075 789 5128 subduxit
817 5078 995 5130 nubila
1022 5079 1203 5136 menti,

147 5157 394 5226 Prospera
417 5177 573 5230 quam
601 5161 770 5217 fecere
795 5164 940 5231 prius
963 5166 1232 5233 complura
1259 5181 1514 5220 serenam.

211 5246 399 5316 Aptum
424 5258 694 5316 praeterea
724 5265 780 5304 se
811 5259 1015 5318 tempus
1043 5253 1236 5305 habere
1267 5264 1510 5320 putantes

150 5337 378 5390 Saxones
402 5336 684 5414 ulciscendi
709 5352 866 5405 quam
893 5338 1113 5405 plurima
1140 5341 1364 5406 dampna

151 5423 186 5472 Λ
207 5423 430 5479 Francis
459 5424 600 5479 illata
630 5425 747 5489 sibi,
780 5428 899 5494 quia
932 5442 1019 5480 rex
1051 5435 1162 5480 erat
1191 5428 1392 5488 absens,

215 5567 237 5592 τι
280 5555 427 5625 (tein.
457 5558 753 5610 emendavit
783 5559 1070 5612 Ara-lerant
1101 5559 1293 5625 fug/mu.

217 5625 242 5657 ι·
283 5621 385 5691 Livi
414 5625 514 5677 sire
541 5625 691 5691 lynci,
737 5627 786 5676 ii!
825 5638 924 5688 est,
955 5621 1174 5689 lina/ii,
1203 5629 1318 5678 riui.
1356 5627 1526 5688 liciti,
1566 5624 1679 5676 ,νυ-

153 5692 268 5742 ulla
302 5690 458 5742 Liuri.

1723 564 1769 619 Α
1796 560 1987 615 lufesto
2016 562 2180 615 Rheni
2211 555 2468 630 petierunt
2493 563 2699 630 agmine
2726 564 2866 616 litus.

1799 651 1962 714 Quem
1995 653 2218 704 translre
2247 661 2422 704 tamen
2446 651 2585 704 nulla
2615 651 2812 704 ratione
2837 649 3085 711 valentes,

1798 739 2119 792 Francorum
2149 749 2318 794 terras
2343 741 2395 793 in
2423 743 2601 793 eadem
2633 751 2779 807 parte
2810 741 3036 794 iacentes

1796 829 1907 894 Qua
1936 842 2125 883 venere
2157 831 2312 884 nimis
2342 839 2548 884 vastare
2575 830 2823 884 ferociter
2846 833 2978 892 ausi,

1793 919 1836 970 A
1863 918 2028 973 muris
2050 919 2216 982 urbis,
2242 935 2376 988 quae
2403 921 2537 974 dicta
2569 920 2738 974 Diutia
2766 937 2904 976 nunc
2927 929 3026 982 est,

1797 1005 1971 1059 Donec
1990 1007 2265 1073 pervenias
2288 1007 2376 1060 ubi
2404 1008 2618 1060 Rhenus
2642 1007 2855 1062 conﬂuit
2879 1009 3033 1067 idem,

1794 1092 2160 1162 Litoribusque
2187 1093 2361 1148 ferens
2383 1092 2552 1149 fontes
2576 1095 2788 1150 Musella
2813 1095 2920 1148 Liei
2949 1097 2994 1153 δ.

1794 1180 2021 1236 Cunctas
2048 1197 2178 1250 quas
2202 1191 2445 1250 poterant
2474 1183 2623 1236 villas
2655 1183 2916 1244 invadere,
2945 1183 3167 1235 flammis

1794 1269 2156 1335 deiderant,
2185 1271 2310 1338 ipsis
2335 1272 2494 1325 etiam
2521 1287 2623 1325 non
2650 1273 2725 1324 ira
2754 1272 2984 1341 pepercit

1793 1357 2096 1420 Aecclesiis,
2123 1371 2218 1412 nec
2237 1367 2352 1412 erat
2377 1359 2644 1412 hominum
2666 1360 2842 1413 caedis
2864 1360 3048 1413 modus
3071 1358 3224 1412 ullus.

1793 1444 1905 1496 Non
1930 1445 2141 1513 aliquod
2167 1461 2342 1510 sexus,
2369 1448 2577 1509 aetatis,
2603 1449 2923 1504 condicionis

1795 1533 1962 1587 Ullius
1986 1533 2130 1586 furor
2156 1534 2371 1588 immitis
2395 1535 2674 1589 discrimen
2700 1539 2908 1606 agebat,

1699 1628 1703 1632 ’
1791 1622 1975 1676 Omnia
1999 1623 2088 1676 sed
2115 1616 2313 1676 ferrum
2339 1623 2421 1678 vel
2446 1623 2577 1677 edax
2601 1633 2961 1678 consumserat
2986 1625 3137 1693 ignis.

1793 1707 1922 1762 llinc
1948 1724 2051 1762 non
2075 1711 2360 1776 praedandi
2385 1712 2577 1773 studio,
2603 1711 2694 1764 sed
2717 1720 2775 1764 ut
2799 1710 2926 1764 ultio
2948 1711 3201 1778 quaedam

1792 1795 1846 1853 In
1871 1794 2102 1852 Francos
2124 1795 2290 1858 fieret,
2317 1798 2417 1850 hoc
2439 1813 2531 1854 eos
2554 1799 2779 1867 gessisse
2801 1800 3066 1868 probatur.

1721 1866 1765 1924 Β
1795 1881 1902 1936 lloc
1931 1896 2021 1936 rex
2053 1883 2296 1953 Hispanis
2324 1885 2504 1938 didicit
2535 1866 2898 1955 regressus—ab
2923 1887 3083 1940 horis.

1792 1972 1939 2026 Tunc
1961 1973 2245 2028 orientales
2270 1974 2499 2029 Francos
2524 1991 2620 2030 nec
2647 1990 2750 2030 non
2777 1975 3098 2029 Alamannos

1791 2061 1953 2114 Obvia
1977 2061 2116 2115 ferre
2137 2062 2281 2116 iubet
2299 2063 2479 2116 statim
2505 2063 2801 2118 Saxonibus
2823 2077 2988 2117 arma.

1791 2150 1932 2216 Quos
1957 2165 2076 2204 cum
2105 2151 2209 2203 iam
2235 2152 2462 2219 patriam
2489 2153 2767 2206 redeuntes
2792 2154 3210 2221 insequerentur,

1791 2241 1844 2292 ln
1867 2239 2258 2298 Baddanfeldun
2282 2269 2348 2279 —
2374 2241 2450 2294 sic
2472 2248 2551 2294 est
2574 2240 2718 2295 locus
2740 2241 2824 2294 ille
2848 2251 3063 2295 vocatus
3086 2271 3150 2280 ~—

1791 2326 2054 2384 Ademam
2079 2329 2221 2382 iuxta
2248 2327 2458 2382 ﬂuvium
2484 2339 2786 2383 constanter
2808 2330 2858 2382 in
2887 2329 3027 2396 ipsos

1791 2415 2074 2476 lrrueraut,
2106 2425 2341 2483 nutuque
2368 2415 2458 2468 Dei
2484 2429 2640 2483 quem
2665 2417 2884 2470 crimina
2916 2425 3058 2468 tanta

1789 2503 1844 2554 lu
1873 2503 2064 2571 populo
2093 2504 2370 2560 commissa
2402 2519 2496 2557 suo
2524 2505 2807 2571 dampnare
2836 2505 3067 2561 decebat,

1792 2590 2027 2642 Saxones
2054 2597 2197 2642 tanta
2227 2590 2530 2643 ceciderunt
2556 2600 2728 2659 strage
2757 2593 3030 2660 perempti,

1794 2675 1859 2730 Ut
1885 2675 1948 2730 dc
1974 2677 2285 2746 praegrandi
2313 2687 2647 2746 superessent
2671 2680 2876 2749 agmine
2902 2680 3068 2747 pattt'i.

2258 2790 2406 2857 Anno
2441 2805 2560 2859 779.
2596 2804 2786 2859 Iudict.
2822 2810 2869 2862 l.

1791 2913 1924 2967 Vere
1954 2928 2088 2968 novo
2116 2913 2334 2968 Carolus
2363 2929 2520 2986 causa
2547 2925 2792 2982 poscente
2821 2931 3106 2985 peragrans

1789 3000 2054 3054 Gallorum
2084 3002 2345 3069 quondam
2378 3011 2562 3063 terras,
2594 3003 2658 3054 ad
2688 3001 3059 3056 Wirciniarum
3086 3017 3105 3039 α

1788 3088 2025 3142 Accessit
2053 3090 2245 3150 vicum,
2274 3103 2378 3155 quo
2408 3096 2532 3141 tunc
2559 3089 2791 3142 occurrit
2815 3090 2984 3144 eidem

1714 3170 1756 3226 C
1792 3181 1903 3233 Dux
1935 3181 2266 3247 Spoletanus,
2300 3179 2669 3235 Hildibrandus
2696 3182 2971 3235 vocitatus.

1787 3269 1886 3334 Qui
1915 3271 2149 3337 preeiosa
2183 3269 2354 3323 ferens
2383 3270 2570 3338 insigni
2601 3284 2816 3323 munera
2847 3271 2975 3338 regi,

1787 3359 1865 3409 Ad
1892 3373 1985 3411 sua
2010 3371 2127 3409 cum
2160 3372 2348 3425 magno
2374 3358 2504 3410 satis
2532 3357 2778 3411 dimissus
2805 3358 3019 3411 honore.

1787 3446 1852 3498 At
1884 3459 1971 3497 rex
2004 3446 2199 3502 intente
2229 3446 2487 3499 meditans
2517 3446 2762 3500 invadere
2789 3455 2957 3499 terras

1788 3535 2074 3598 Saxonum,
2104 3535 2260 3588 citius
2287 3535 2528 3586 Rhenum
2559 3535 2841 3588 traiecerat-
2862 3550 3086 3586 amnem.

1786 3624 1881 3676 Cui
1909 3638 1966 3677 se
1995 3639 2085 3691 spe
2113 3639 2244 3676 vana
2276 3638 2404 3692 gens
2432 3623 2542 3692 ipsa
2572 3623 2820 3676 resistere
2845 3638 2998 3689 posse

1785 3712 2086 3772 Conﬁdens,
2113 3713 2310 3781 pariter
2338 3711 2560 3778 sumptis
2586 3719 2886 3763 occurrerat
2915 3711 3094 3769 armis,

1790 3802 1840 3853 In
1871 3803 2096 3868 quodam
2123 3801 2339 3855 collecta
2367 3800 2480 3853 loco
2505 3799 2722 3854 Bocholt
2748 3800 2990 3852 vocitato.

1787 3892 1889 3944 Sed
1917 3905 2038 3943 cum
2064 3889 2360 3958 coepissent
2389 3888 2500 3940 acie
2528 3886 2823 3956 conﬂigere.
2854 3887 3030 3939 statim
3057 3923 3066 3936 .

1713 4030 1742 4042 π
1787 3977 1953 4044 Terga
1983 3975 2144 4038 dedit,
2175 3989 2393 4027 numero
2425 3973 2744 4027 Francorum
2774 3973 2953 4026 territa
2983 3974 3184 4041 grandi.

1786 4065 2001 4140 Aet-epit
2031 4072 2154 4117 tunc
2183 4062 2463 4116 Westfalos
2493 4063 2542 4114 in
2572 4063 2906 4114 deditionem.

1789 4151 2207 4219 Progressusque
2229 4150 2437 4211 dehinc,
2463 4149 2728 4202 Wisuram
2757 4150 2994 4216 pervenit
3015 4151 3077 4202 ad
3101 4163 3299 4202 amnen'

1785 4242 1953 4307 Atque
1977 4240 2090 4293 dies
2117 4239 2312 4306 aliquot
2345 4240 2535 4292 mansit
2561 4239 2792 4292 stacione
2823 4238 3006 4290 locata.

1785 4326 2043 4395 Anghrios
2067 4328 2157 4380 sed
2181 4336 2236 4383 et
2259 4327 2524 4381 Ostfalhos
2553 4327 2616 4379 ad
2645 4341 2702 4378 se
2727 4328 2996 4379 venientes

1785 4417 2100 4490 Promissam
2131 4418 2340 4469 tirmare
2371 4416 2539 4475 fidem,
2571 4430 2672 4484 qua
2704 4424 2868 4468 semet
2895 4416 3062 4467 cidem

1716 4475 1761 4533 θ
1788 4477 2063 4570 Suliiectos
2090 4505 2199 4560 fore
2226 4506 2569 4573 Spondebant,
2589 4475 2874 4570 animoque
2905 4501 3099 4561 fideles,

1784 4595 2169 4662 Obsidibusque
2197 4595 2332 4646 datis
2361 4592 2807 4659 sacramentisque
2835 4592 3022 4659 coegit.

1784 4687 1805 4722 εί
1842 4685 1932 4738 llis
1962 4685 2125 4753 gestis
2155 4697 2244 4736 rex
2276 4682 2627 4736 Wormaciam
2658 4683 2910 4734 remeavit
2937 4681 3000 4732 ad
3029 4680 3230 4732 urbem.

2258 4796 2402 4846 Auno
2434 4792 2552 4846 780.
2585 4791 2772 4844 Indict.
2804 4791 2856 4842 2.

1785 4903 1904 4954 Inde
1925 4915 2149 4956 movens
2163 4908 2460 4967 opportuno
2474 4915 2569 4954 sua
2585 4908 2818 4968 tempore
2848 4910 3036 4958 castra.

1785 4990 2052 5040 Saxonum
2081 5003 2262 5040 rursus
2291 4995 2658 5055 properaverat
2689 4988 2738 5039 in
2767 4987 3049 5053 regionem.

1785 5076 2048 5142 Eresburg
2075 5075 2246 5141 primo
2275 5075 2442 5141 petiit,
2472 5083 2591 5142 post
2617 5073 2746 5126 haec
2775 5074 2859 5125 ubi
2887 5074 3056 5126 fontes

1785 5167 1976 5234 l.yppia
2007 5164 2197 5217 ﬂumen
2229 5165 2404 5226 habet,
2436 5164 2751 5232 perplurima
2782 5164 3124 5230 dispositurus

1783 5256 1834 5305 ln
1863 5254 2051 5308 castris
2075 5253 2264 5321 aliquot
2298 5252 2464 5306 fertur
2491 5252 2743 5305 mansisse
2771 5252 2968 5304 diebus.

1785 5343 1914 5394 lliue
1942 5343 2165 5395 orientis
2191 5343 2291 5394 iter
2318 5357 2549 5403 sumens,
2581 5341 2644 5393 ad
2673 5339 2861 5392 ﬂumen
2891 5338 3178 5391 Ovaecrum

1788 5431 1957 5493 Venit,
1983 5438 2036 5484 et
2062 5430 2294 5483 eiusdem
2321 5430 2488 5497 gentis
2515 5443 2672 5495 quam
2700 5427 2925 5480 maxima
2952 5416 3101 5479 turba

1854 5572 1871 5592 "
1916 5559 2001 5617 IL,
2036 5557 2427 5609 Werriuiarum.

1849 5627 1872 5663 ἀ
1916 5626 2058 5678 Iluue
2088 5643 2290 5680 versum
2316 5626 2376 5677 11.
2405 5626 2632 5691 primum
2659 5620 2920 5690 sequentis
2945 5619 3063 5672 anni
3091 5618 3233 5687 legit.
