3886 6228
510 259 615 312 695

505 362 633 415 Illuc
659 372 932 433 praecepto
959 381 1147 433 parens
1172 381 1496 435 occurrerat,
1523 380 1680 439 atque

505 452 733 507 Credere
757 468 814 507 se
840 455 1049 511 Christo
1075 458 1327 514 simulans
1353 460 1607 529 baptisma
1639 464 1851 530 recepit.

503 537 731 610 Indeque
756 541 975 597 festinus
1002 559 1246 614 pergens,
1275 547 1345 601 ibi
1370 557 1543 602 castra
1570 549 1779 613 locavit,

501 628 654 680 Albia
679 645 781 696 qua
808 631 1019 697 grandis
1041 630 1226 687 ﬂuvius
1250 635 1498 689 miscetur
1522 644 1575 689 et
1599 635 1700 690 Ora
1729 648 1776 689 ³.

501 714 633 768 Nam
662 732 744 771 res
772 719 801 758 δ
830 718 1094 774 Saxonum
1124 722 1284 776 voluit
1308 738 1641 791 componere,
1672 740 1770 779 nec
1800 741 1902 779 non

502 803 829 873 Sclavorum,
853 809 1058 862 medius
1078 825 1208 877 quos
1232 810 1382 864 Albia
1406 812 1590 866 dividit
1619 813 1808 868 amnis.
1902 818 1905 821 ’

499 892 644 945 Citra
676 891 912 947 Saxones
939 894 1155 965 degunt,
1182 897 1232 948 in
1261 896 1415 951 litore
1440 912 1567 952 vero

500 975 804 1032 Sclavorum
830 965 1031 1051 pagana
1061 991 1240 1037 manet
1265 999 1393 1053 gens
1419 984 1672 1039 ulteriori.

500 1066 775 1134 Dispositis
801 1084 926 1130 sane
956 1072 1112 1125 rebus
1138 1087 1236 1140 pro
1264 1081 1496 1141 tempore
1524 1074 1748 1138 cunctis,

496 1153 536 1203 A
559 1156 571 1205 l
597 1156 749 1211 sedes
775 1158 983 1211 tandem
1012 1160 1210 1214 studuit
1236 1174 1471 1214 remeare
1498 1168 1765 1229 paternas.

494 1242 627 1295 Tum
655 1244 773 1312 quia
801 1247 1081 1314 praecipuo
1110 1262 1317 1315 semper
1340 1247 1592 1317 ﬂagrabat
1616 1263 1796 1303 amore

565 1378 589 1406 ι
633 1369 681 1431 I,
707 1384 825 1433 ora;
851 1370 903 1433 2,
930 1371 1113 1437 horas;
1145 1373 1233 1437 IL,
1261 1372 1426 1426 Hora.

1808 266 2049 322 ΡΟΕΤᾸΞ
2091 268 2382 325 SAXONIS

2068 382 2114 437 Α
2142 378 2300 441 Petri,
2333 383 2420 448 qui
2451 396 2653 435 summe
2680 385 2981 450 praeclarus
3007 387 3270 454 apostolus
3300 397 3473 452 extat,

2146 469 2310 533 Ipsius
2338 470 2535 523 Romae
2562 471 2793 525 decrevit
2819 471 2996 526 limina
3022 483 3203 527 sancta

2146 558 2397 621 Querere,
2426 565 2543 611 vota
2572 573 2860 627 precesque
2887 561 2995 613 Deo
3021 562 3318 627 persolvere
3345 574 3577 615 curans.

2144 648 2312 714 Atque
2339 647 2478 699 citus
2501 662 2813 716 properans,
2837 659 3104 717 assumpta
3131 652 3351 720 coniuge
3376 664 3580 705 secum

2120 736 2209 789 .Et
2234 738 2392 801 natis,
2422 739 2604 791 urbem
2630 746 2939 805 pervenerat
2962 738 3028 791 ad
3054 738 3407 803 'I'ieincnsem,

2139 825 2195 878 In
2225 841 2327 895 qua
2354 826 2543 879 natalis
2569 826 2775 879 Domini
2802 824 2993 879 festum
3021 825 3326 880 celebravit.

2278 976 2374 1031 llic
2398 977 2557 1045 igitur
2581 976 2738 1030 statui
2765 976 2967 1045 primae
2990 992 3108 1031 cum
3139 975 3243 1030 fine
3263 976 3484 1030 decadis

2139 1068 2407 1121 Annorum
2434 1066 2627 1130 Camli,
2656 1074 2933 1134 postquam
2960 1082 3051 1121 rex
3080 1073 3322 1135 coeperat
3350 1080 3471 1120 esse

2140 1154 2459 1207 Francorum
2489 1153 2653 1217 solus,
2681 1154 2911 1221 primum
2940 1152 3089 1206 finire
3116 1153 3368 1215 libellum,

2138 1244 2355 1297 Viribus
2377 1252 2436 1296 ut
2463 1243 2639 1312 parvis
2668 1243 2875 1311 requies
2902 1242 3086 1296 solatia
3114 1250 3366 1311 praestet.

2208 1374 2235 1410 ι)
2270 1370 2419 1434 Cod.,
2448 1386 2553 1424 rex.
2582 1370 2645 1423 Il.
2671 1369 2969 1424 emendavit
2994 1386 3090 1424 res.

1090 1611 1615 1687 ANNALIUM
1682 1613 1811 1687 or.
1868 1584 2226 1689 GESTIS
2302 1613 2659 1688 CAROLI
2727 1614 3047 1690 MAGNI

1369 1781 1551 1822 LIBER
1592 1780 1822 1825 PRIMUS
1867 1780 2172 1822 EXPLICIT.
2220 1779 2448 1821 INCIPIT
2488 1780 2823 1823 SECUNDUS.

482 1990 703 2047 Octonis
722 1988 900 2044 decies
923 1988 1372 2058 septingentisque
1396 1996 1626 2058 peractis

479 2078 669 2141 Annis,
692 2086 775 2132 est
799 2076 1007 2148 genitus
1028 2086 1309 2144 postquam
1335 2079 1399 2131 de
1421 2076 1624 2145 virgine
1647 2075 1907 2136 Christus,

482 2167 581 2220 llic
602 2166 805 2234 primus
827 2165 1080 2232 sequitur,
1105 2163 1325 2217 Carolus
1344 2178 1449 2233 quo
1472 2179 1562 2218 rex
1588 2164 1707 2232 pius
1729 2176 1879 2216 arces

482 2239 746 2313 Romanas
771 2258 920 2322 adiit,
945 2258 1167 2312 Domino
1192 2258 1416 2330 ducente
1440 2256 1689 2310 secundo.

479 2348 628 2403 Tunc
652 2347 917 2402 Adrianus
936 2361 1078 2409 eum,
1105 2346 1408 2400 iamdudum
1432 2352 1877 2399 commemoratus

481 2434 669 2487 Presul
692 2434 1032 2503 apostolicus,
1059 2449 1178 2488 cum
1202 2448 1393 2503 magno
1420 2433 1587 2487 laetus
1612 2434 1813 2487 honore

482 2524 741 2595 Suscepit,
767 2526 1094 2594 populusque
1118 2522 1273 2577 simul
1302 2525 1573 2578 Romanus
1596 2523 1662 2576 ad
1685 2522 1879 2591 ipsum,

481 2612 551 2668 Ut
575 2611 901 2668 defensorem
926 2612 1288 2680 libertatisque
1310 2611 1571 2675 datorem,

484 2701 760 2755 [inanimis
782 2701 1049 2755 concurrit
1071 2713 1254 2762 ovans,
1284 2706 1563 2769 gratesque
1587 2698 1897 2767 rependens.

477 2790 589 2843 Illic
607 2804 725 2844 cum
745 2803 995 2857 praesens
1018 2786 1155 2841 foret
1177 2788 1244 2841 ad
1264 2786 1569 2855 sollempnia
1598 2787 1844 2853 paschae,

484 2874 652 2934 Fonte
672 2876 942 2933 salutifero
969 2876 1245 2946 Pippinum
1275 2876 1489 2931 nomine
1518 2883 1699 2929 natum

483 2968 665 3022 Abluit
693 2966 859 3035 ipsius
880 2965 1091 3036 praesul
1118 2962 1433 3020 venerabilis
1456 2963 1594 3017 idem
1628 2973 1677 3013 ι.

657 3140 872 3211 (Desunt
895 3141 978 3195 hic
1001 3156 1173 3196 versus
1194 3142 1401 3210 triginta
1429 3148 1516 3192 aut
1541 3139 1850 3209 sexaginta.)

948 3230 1095 3282 Anno
1122 3227 1243 3282 782.
1285 3227 1474 3280 Indict.
1505 3226 1558 3279 ι.

479 3319 735 3374 Exoriens
766 3327 941 3374 aestas
968 3318 1059 3371 ubi
1081 3316 1309 3384 primum
1336 3316 1573 3385 gramine
1602 3314 1786 3383 pulcro

480 3406 743 3463 Vestierat
766 3416 957 3471 terras,
986 3412 1299 3475 poteratque
1320 3404 1585 3457 exercitus
1603 3412 1723 3472 apte

477 3498 666 3561 Educi,
692 3497 939 3565 quoniam
968 3494 1151 3549 molles
1180 3492 1494 3547 animalibus
1517 3493 1711 3547 herbae

478 3588 658 3642 Dulcia
680 3588 1034 3656 praebuerant
1058 3585 1294 3639 florentis
1319 3584 1508 3653 pabula
1533 3582 1693 3648 foeni,

475 3673 772 3729 lnhumeris
798 3672 960 3728 fultus
993 3672 1200 3743 populis
1221 3680 1274 3724 et
1299 3671 1463 3725 milite
1487 3670 1649 3734 claro,

476 3764 744 3818 Saxonum
766 3776 951 3817 rursus
982 3774 1075 3815 rex
1112 3760 1321 3814 inclitus
1350 3759 1401 3811 in
1434 3758 1701 3827 regionem

472 3852 652 3915 Venit,
680 3858 733 3903 et
755 3851 821 3904 ad
845 3848 1016 3904 fontes
1042 3848 1183 3903 ﬂuvii
1206 3849 1288 3902 cui
1312 3846 1510 3917 Lyppia
1538 3860 1752 3909 nomen,

474 3940 803 3995 Conventum
831 3937 946 3993 fieri
974 3952 1250 4008 procerum
1276 3922 1431 3990 iussit
1462 3935 1779 4005 generalem.

470 4028 585 4081 Illic
607 4027 893 4094 disponens
911 4026 1180 4094 complura
1209 4024 1424 4090 negocia
1453 4023 1644 4101 regni,

475 4118 741 4170 Danorum
764 4115 904 4183 regis
930 4113 1164 4183 Sigifridi
1195 4112 1405 4169 nomine
1424 4111 1635 4175 missos,

470 4206 538 4258 Et
561 4219 693 4272 quos
716 4202 974 4273 Iugurgus
996 4204 1300 4272 pariterque
1323 4201 1563 4271 Caganus
1591 4199 1657 4254 ad
1684 4201 1873 4269 ipsum,

472 4292 744 4346 Hunorum
770 4292 963 4359 misere
990 4292 1168 4354 duces,
1186 4305 1281 4357 pro
1304 4304 1433 4357 pace
1456 4289 1703 4358 petenda,

473 4380 653 4434 Audiit
678 4380 729 4443 δ,
760 4378 1092 4447 absolvitque
1112 4379 1249 4432 datis
1269 4378 1557 4447 prudenter
1581 4376 1781 4449 eisdem
1866 4412 1867 4415 η

472 4468 781 4538 Responsis.
799 4466 1062 4521 Posthaec
1086 4466 1325 4521 Rhenum
1358 4465 1639 4519 traiecerat
1649 4479 1879 4530 amnem,

470 4558 668 4612 Gallica
695 4569 856 4624 seque
872 4554 1064 4609 dehinc
1081 4568 1173 4607 rex
1200 4568 1420 4620 magnus
1446 4553 1498 4605 in
1527 4567 1653 4607 arva
1679 4553 1895 4622 recepit.

470 4647 673 4701 Interea
686 4644 890 4714 patriae
912 4644 1174 4711 quondam
1195 4641 1544 4696 Widukindus
1565 4641 1631 4694 ab
1656 4642 1767 4696 oris

469 4733 567 4799 Qui
590 4734 760 4787 fuerat
776 4730 1028 4801 profugus
1050 4730 1535 4797 Normanorumque
1558 4728 1743 4796 petivit

468 4823 758 4884 Auxilium,
781 4820 988 4874 rediens
1020 4833 1155 4872 vana
1177 4832 1270 4887 spe
1290 4817 1606 4871 sollicitabat
1809 4804 1818 4811 ’

468 4911 723 4974 Saxones,
755 4907 945 4961 initum
969 4922 1089 4961 cum
1108 4905 1328 4960 Francis
1354 4918 1594 4974 rumpere
1613 4903 1800 4958 foedus

539 5049 563 5076 α
594 5034 689 5089 Hic
714 5036 769 5103 in
800 5035 979 5089 codice
1008 5035 1305 5103 immediate
1326 5042 1617 5103 sequuntur
1658 5048 1776 5103 quze
1803 5034 1999 5089 haben-

468 5114 555 5157 tur
585 5103 719 5156 infra
748 5102 845 5157 Sub
867 5118 1005 5157 anno
1025 5103 1125 5158 783
1156 5120 1167 5154 :
1202 5100 1376 5156 Gloria
1401 5100 1654 5171 certabat,
1676 5100 1810 5164 'etc.,
1833 5117 1998 5171 usque

468 5173 534 5224 ad
585 5170 706 5223 illa:
742 5171 963 5225 Salvavit
1012 5172 1279 5231 mundum,
1325 5180 1434 5223 voto
1473 5169 1807 5223 celebraverat
1837 5169 1992 5223 abito.

466 5238 591 5291 Post
615 5240 727 5293 haec
771 5248 1059 5305 sequuntur
1088 5239 1188 5292 ista
1230 5256 1242 5289 :
1280 5237 1531 5290 Exoriens
1580 5247 1728 5290 wstas
1781 5236 1865 5289 ubi
1892 5241 1999 5305 pri~

466 5323 628 5375 mum,
669 5316 772 5360 etc.
808 5306 928 5375 Sed
968 5307 1307 5375 descriptoris
1353 5306 1481 5359 vitio
1519 5307 1618 5358 hac
1651 5307 1995 5375 transpositio

466 5374 624 5434 facta,
670 5375 752 5427 cui
802 5374 1110 5427 Reineecius
1140 5371 1360 5428 medica
1404 5388 1559 5425 manu
1602 5371 1785 5434 adfuit,
1811 5371 1879 5433 et,
1910 5389 1996 5427 res

504 5449 642 5491 cstas
668 5441 735 5492 ad
760 5456 999 5495 normam
1016 5442 1283 5494 annalium
1324 5455 1420 5497 suo
1443 5440 1613 5493 ordini
1644 5440 1893 5502 restituit,
1919 5443 1994 5495 nli

511 5510 558 5561 ic
573 5508 833 5577 impressae
862 5518 998 5563 sunt.
1014 5508 1185 5564 Poetm
1205 5517 1377 5565 tamen
1398 5516 1576 5563 nostro
1599 5509 1698 5562 hoc
1722 5509 1835 5561 loco
1856 5523 1996 5576 qua:-

2065 1989 2105 2044 B
2136 1984 2205 2038 Ut
2236 1996 2573 2049 conarentur,
2597 1986 2891 2055 multosque
2923 1991 3126 2044 vocavit
3148 1993 3200 2045 in
3227 2007 3372 2047 arma

2136 2074 2175 2125 E
2198 2074 2406 2141 populo,
2438 2074 2665 2143 fecitque
2688 2091 2879 2129 novum
2905 2092 3224 2149 consurgere
3251 2083 3465 2138 bellum.

2066 2225 2077 2243 γ’
2130 2160 2269 2213 Gens
2296 2175 2503 2228 quoque
2534 2160 2840 2215 Sclavorum
2870 2163 3057 2219 Sorabi
3082 2170 3391 2236 cognomine
3417 2172 3564 2227 dicta

2128 2247 2391 2301 Audacter
2413 2248 2600 2302 sumtis
2621 2248 2796 2303 subito
2819 2263 3164 2320 praeruperat
3189 2259 3353 2315 armis

2129 2336 2338 2389 V’icinas
2359 2336 2456 2389 sibi
2486 2334 2751 2390 Saxonum
2785 2345 2953 2393 terras
2972 2341 3270 2408 pOpulando

2125 2424 2296 2492 Atque
2325 2425 2713 2494 Thuringorum
2736 2425 2989 2483 fecundos
3009 2429 3253 2500 frugibus
3282 2448 3458 2503 agros,

2128 2514 2225 2579 Qui
2255 2516 2453 2568 medias
2479 2514 2665 2569 Sorabi
2697 2524 2865 2570 terras
2890 2532 3210 2588 camposque
3230 2522 3462 2578 iacentes

2126 2601 2427 2655 Inhabitant
2450 2604 2588 2657 inter
2606 2603 2792 2659 fluvios
2822 2620 2835 2656 :
2862 2606 2984 2660 hinc
3003 2608 3233 2662 volvitur
3253 2613 3437 2675 amnis,

2124 2690 2223 2755 Qui
2252 2690 2373 2745 Sala
2401 2707 2590 2745 nomen
2620 2694 2796 2757 habet,
2826 2693 2939 2747 ﬂuit
2961 2695 3111 2749 Albia
3145 2697 3299 2753 latior
3324 2700 3465 2755 inde.

2124 2780 2221 2834 Ast
2240 2781 2328 2834 ubi
2358 2781 2664 2834 Sclavorum
2686 2782 2873 2837 Carolo
2899 2794 3020 2837 sunt
3039 2788 3247 2855 cognita
3275 2801 3445 2855 gesta,

2124 2869 2370 2923 Protinus
2400 2871 2604 2924 illorum
2631 2872 2989 2940 reprimendos
3014 2878 3218 2930 censuit
3244 2893 3401 2935 ausus

2122 2960 2495 3027 Arcendosque
2515 2961 2594 3015 sui
2621 2963 2766 3031 regni
2786 2963 2851 3017 de
2876 2963 3067 3019 ﬁnibus
3089 2967 3283 3022 hostes.

2124 3051 2274 3105 Unde
2295 3052 2542 3119 palatinis
2579 3053 2641 3106 ad
2667 3067 2724 3107 se
2751 3053 2920 3108 tribus
2957 3056 3065 3125 ipse
3090 3060 3290 3114 vocatis

2121 3142 2472 3219 Principibus,
2502 3160 2724 3212 quorum
2746 3146 2917 3201 fuerat
2942 3152 3265 3206 camerarius
3286 3169 3423 3208 unus

2126 3231 2281 3296 Regis
2300 3231 2598 3300 Adalgisus,
2620 3233 2768 3289 Ceilo
2801 3246 2821 3273 ε
2853 3237 3043 3290 stabuli
3070 3253 3245 3294 comes
3269 3241 3407 3294 alter

2044 3290 2136 3370 (Ξ.
2204 3290 2229 3369 ἶ
2306 3358 2320 3371 .
2674 3354 2701 3373 ..
2766 3362 2778 3372 .
2856 3361 2868 3375 .
2948 3362 2960 3375 .

2121 3408 2375 3462 Ductores
2399 3410 2724 3463 exercituum
2751 3410 2864 3465 fore
2890 3411 3040 3466 iussit
3067 3416 3297 3481 eosdem,

2119 3496 2259 3562 Quos
2279 3497 2523 3551 orientali
2555 3498 2879 3553 Francorum
2906 3501 2970 3554 de
2999 3503 3233 3571 regione

2118 3582 2373 3638 Collectos
2394 3592 2575 3637 contra
2598 3584 2813 3639 Sclavos
2833 3597 3175 3656 praeceperat
3202 3591 3296 3651 ire,

2116 3670 2224 3726 Nec
2248 3687 2349 3724 non
2378 3670 2633 3736 Saxones,
2656 3672 2754 3726 sibi
2781 3688 2913 3741 quos
2938 3690 3124 3744 parere
3152 3676 3385 3741 iubebat,

2115 3760 2324 3812 Auxilio
2346 3759 2458 3812 ﬁeri
2485 3750 2706 3812 ducibus
2732 3760 3074 3814 mandaverat
3092 3762 3237 3828 ipsis.

2117 3848 2221 3901 Sed
2244 3862 2362 3899 cum
2389 3846 2545 3916 legati
2574 3860 2667 3914 per
2694 3860 2877 3899 eorum
2908 3847 3099 3903 ducere
3124 3856 3289 3903 terras

2114 3934 2336 4003 Agmina
2359 3933 2656 4001 coepissent
2674 3948 2874 3987 ——nam
2896 3934 2973 3988 sic
3004 3934 3246 3990 invadere
3267 3935 3488 3992 Sclavos

2115 4022 2345 4078 Tramite
2366 4024 2655 4075 debuerant
2671 4030 2889 4075 recto—
2904 4021 2962 4073 fit
2988 4024 3228 4089 protinus
3256 4024 3383 4091 ipsis

2112 4110 2331 4178 Cognita
2356 4110 2456 4165 iam
2478 4109 2649 4163 dictae
2670 4108 2884 4177 grandis
2908 4104 3133 4165 defectio
3154 4112 3341 4179 gentis.

2112 4199 2191 4255 Ob
2214 4201 2312 4252 hoc
2341 4199 2441 4251 iter
2469 4205 2710 4265 coeptum
2732 4196 2969 4262 flectunt,
2994 4198 3167 4265 primo
3183 4200 3454 4266 cupientes

2112 4286 2369 4349 Saxones,
2394 4297 2611 4340 numero
2631 4284 2771 4349 freti,
2803 4293 3137 4353 prosternere
3163 4286 3315 4340 bello.

2108 4374 2257 4438 Quod
2287 4374 2445 4426 nimis
2464 4374 2669 4426 incaute
2691 4381 2936 4441 coeptum
2961 4374 3263 4441 pariterque
3288 4377 3549 4449 superbe,

2106 4460 2432 4514 Francorum
2456 4459 2650 4512 misera
2680 4457 2991 4513 fueratcum
3020 4459 3164 4514 clade
3188 4470 3483 4528 peractum.

2108 4551 2347 4617 Namque
2368 4549 2527 4601 duces
2546 4548 2634 4601 ubi
2656 4556 3041 4614 compererant,
3058 4549 3198 4616 quod
3217 4564 3274 4603 se
3296 4548 3659 4607 Widukindus

2108 4638 2187 4691 Ad
2212 4652 2438 4707 pugnam
2462 4635 2625 4690 multa
2654 4637 2879 4703 stipatus
2896 4636 3045 4704 plebe
3076 4645 3331 4705 parasset,

2107 4726 2173 4778 Et
2196 4727 2340 4778 iuxta
2368 4732 2599 4777 montem
2628 4721 2814 4776 Suntal
2840 4738 2935 4776 sua
2954 4731 3132 4778 castra
3156 4723 3400 4791 locasset,

2105 4812 2228 4866 Illuc
2255 4810 2459 4865 infestis
2476 4818 2826 4878 properarunt
2849 4809 2968 4863 ilico
3004 4797 3201 4878 signis;

2104 4902 2182 4954 Ad
2208 4900 2457 4971 praedam
2482 4900 2661 4967 pocius
2689 4913 2846 4967 quam
2865 4912 3092 4967 pugnam
3115 4906 3282 4953 semet
3311 4898 3478 4953 ituros

2102 5036 2221 5090 dam
2250 5034 2430 5087 deesse
2456 5032 2716 5085 videntur.
2744 5028 2923 5086 Larus.

2174 5106 2199 5141 δ
2228 5103 2435 5161 Leibn.,
2457 5100 2602 5151 adiit.

2102 5238 2143 5293 G
2174 5167 2535 5289 fled.,tGila.
2563 5166 2888 5222 Auctoritate
2931 5167 3118 5221 Annal.
3147 5166 3397 5222 Einhardi
3428 5165 3544 5236 iam
3568 5166 3643 5225 Β.

2148 5257 2190 5292 ετ
2216 5257 2243 5292 0
2292 5254 2371 5293 ραι
2404 5274 2415 5286 ι

2148 5238 2243 5292 eilo
2273 5238 2415 5292 legit.

2169 5254 2209 5289 ’τι
2274 5254 2320 5289 1e
2358 5254 2415 5289 ιι.

2169 5307 2193 5343 ά
2216 5254 2569 5366 (ilicgversum,
2587 5303 2674 5372 qui
2696 5302 2932 5365 Woradi,
2948 5305 3155 5357 comitis
3178 5302 3419 5372 palatini,
3441 5316 3644 5372 nomen

2100 5376 2393 5433 exhiberet,
2422 5370 2622 5439 deesse,
2648 5387 2711 5424 ex
2742 5372 2909 5423 tribus
2929 5370 3648 5439 proxitne’anwcedentibps

2102 5453 2154 5497 et
2175 5440 2423 5496 Einhardi
2446 5438 2731 5492 Annalibus
2757 5436 2945 5506 patetf
2973 5439 3023 5493 in
3053 5440 3230 5494 codice
3258 5437 3446 5491 lacuna
3471 5436 3641 5491 nulla.
