3886 6228
193 346 284 401 σει-1
485 342 727 395 ANNAL.
768 342 854 395 DE
888 341 1127 396 CESTIS
1163 341 1222 392 Β.
1263 337 1506 395 CAROLI
1542 336 1751 391 MAGNI
1789 337 1960 390 LIBRI
2000 337 2060 388 ν.
2099 366 2164 375 —
2205 337 2357 389 VITA
2397 333 2661 392 CAROLI.
2701 365 2764 371 ——
2806 333 2928 385 LIB.
2972 332 3030 383 ll.
3249 327 3346 380 098

193 456 488 523 Sperantes,
515 451 679 519 ipsam
703 448 925 518 patriam
949 463 1043 503 rex
1074 449 1182 518 ipse
1208 447 1489 516 quotannis

191 544 311 595 Cum
334 541 480 609 prius
502 540 791 608 inpugnans
814 537 954 591 vires
975 535 1280 591 exhauserit
1300 547 1324 575 α
1350 536 1483 588 eius.

191 628 516 680 Immemores
537 638 742 678 morum
767 625 936 692 gentis
961 623 1116 678 simul
1145 623 1462 692 ingeniique,

190 714 330 777 Quod
359 721 504 766 tanto
529 712 674 765 varia
693 711 812 778 plus
831 713 1013 765 nititur
1038 720 1150 765 arte
1175 711 1415 778 doloque,

191 801 297 864 Quo
328 800 582 866 premitur
602 798 769 862 bellis,
795 805 850 852 et
868 799 1005 852 victa
1033 799 1307 867 quiescere
1328 796 1516 858 nescit,

189 887 452 940 Vindictae
480 887 705 940 rediviva
728 901 920 956 parans
942 878 1216 942 conamina
1243 901 1467 954 semper.

187 974 317 1041 Ergo
344 974 588 1042 palatinis
606 974 826 1032 ducibus
845 974 1249 1044 properantibus
1275 975 1342 1027 ad
1360 988 1438 1035 se,

188 1061 436 1123 Saxones,
461 1061 564 1116 atie
589 1061 744 1130 longo
768 1061 898 1116 satis
921 1061 1106 1116 ordine
1134 1070 1356 1125 structa,

185 1149 282 1202 Pro
302 1152 492 1204 castris
515 1160 887 1216 occurrerunt;
916 1153 986 1206 ibi
1016 1153 1256 1221 protinus
1286 1162 1434 1205 atrox

184 1237 482 1292 Conseritur
501 1238 723 1293 fundens
742 1239 1004 1308 ingentem
1023 1255 1194 1310 pugna
1223 1253 1486 1301 cruorem,

183 1325 606 1396 Francorumque
632 1329 765 1384 truci
793 1344 1040 1399 proceres
1059 1329 1334 1384 sunt'cede
1356 1329 1549 1390 necati,

179 1414 485 1470 Interfectus
499 1418 774 1487 Adalgisus
796 1419 996 1487 pariter
1019 1433 1225 1486 quoque
1247 1417 1433 1480 Gcillo,

180 1501 335 1570 Regis
366 1501 541 1570 legati,
569 1505 824 1572 praeclari
853 1513 1103 1573 quattuor
1125 1505 1231 1559 illic

179 1587 404 1642 Extincti
430 1595 666 1653 comites,
693 1607 814 1646 cum
846 1592 1030 1660 viginti
1056 1594 1366 1647 venerandis

177 1677 217 1727 Ν
228 1677 549 1746 -~'ﬁ'Z‘-..usque
569 1680 698 1733 viris
716 1679 833 1734 aliis
857 1696 920 1735 ac
947 1680 1095 1735 clade
1116 1683 1422 1750 peremptis.

176 1769 241 1820 At
260 1768 490 1838 reliquus
508 1769 646 1824 bello
665 1771 888 1840 populus
908 1780 1252 1840 consumptus
1280 1772 1332 1824 in
1358 1771 1465 1834 illo,

176 1859 387 1913 Conseri
423 1871 642 1916 numero
669 1862 883 1928 nequid,
904 1861 1065 1914 altum
1094 1862 1318 1930 denique
1349 1869 1578 1914 menter.

175 1948 272 2011 Qui
299 1949 504 2002 vicinus
527 1956 641 2002 erat
667 1947 872 2017 fugiens
896 1949 1210 2018 paucissima
1238 1958 1406 2002 turma

175 2036 423 2104 Expetiit,
447 2037 698 2106 silvisque
719 2037 888 2092 latens
911 2047 1152 2092 evaserat
1180 2039 1400 2092 hostem.

175 2123 407 2177 Nuncius
433 2124 562 2179 haec
588 2125 753 2179 tristis
772 2134 1082 2178 narraverat
1105 2125 1281 2177 omnia
1306 2125 1444 2192 regi:

172 2211 258 2264 Ille
283 2211 396 2266 suis
417 2211 740 2266 exercitibus
767 2207 987 2266 festinus
1010 2212 1062 2264 in
1082 2225 1244 2264 unum

173 2297 438 2360 Collectis,
463 2299 640 2352 statim
663 2297 927 2353 Saxonica
947 2298 1092 2353 venit
1115 2298 1331 2352 harena.

172 2387 336 2454 Quem
367 2404 486 2443 cum
507 2388 770 2457 primores
792 2387 1027 2442 eiusdem
1052 2388 1224 2456 gentis
1249 2387 1502 2448 adissent,

169 2476 296 2530 Illud
317 2491 378 2530 se
399 2486 546 2530 certo
568 2491 672 2530 non
693 2475 1021 2531 commisisse
1044 2473 1348 2544 probantes,

171 2565 236 2618 Et
255 2580 349 2618 rex
381 2573 624 2620 auctores
647 2563 772 2620 facti
799 2566 1149 2635 perquireret,
1175 2580 1281 2619 una

171 2652 295 2706 Esse
324 2667 476 2705 reum
505 2652 732 2706 clamant
758 2652 1134 2707 Widukindum
1163 2652 1402 2706 criminis
1427 2653 1604 2713 huius,

171 2740 234 2793 Et
257 2755 395 2809 quos
421 2742 630 2794 hortatu
655 2741 870 2810 proprio
887 2742 988 2795 sibi
1014 2742 1344 2796 consotiavit.

169 2827 275 2882 Nec
296 2830 470 2897 potuit
497 2829 650 2892 tradi,
675 2828 797 2898 quia
821 2844 1006 2886 rursus
1025 2829 1318 2884 contulerat
1343 2843 1400 2882 se

170 2919 246 2970 Ad
269 2917 755 2972 Northmannorum
782 2920 1006 2989 patriam
1033 2929 1154 2988 post
1170 2919 1368 2990 praelia
1391 2928 1555 2988 gesta.

171 3007 389 3061 Tradita
406 3018 528 3063 sunt
548 3024 674 3063 sane
699 3009 1126 3079 reliquorumbis
1150 3011 1252 3064 duo
1273 3011 1376 3065 leto

172 3096 309 3150 Milia
337 3097 716 3166 quingentique
733 3098 857 3162 viri,
879 3098 975 3175 qui
998 3107 1105 3152 tam
1133 3113 1291 3166 grave
1310 3098 1500 3152 bellum

170 3183 310 3240 Illius
335 3193 519 3241 contra
542 3185 776 3240 Francos
800 3200 1010 3255 gessere
1033 3201 1210 3241 suasu.

172 3273 384 3342 Ilusque
405 3274 490 3328 die
517 3285 734 3329 cunctos
753 3289 846 3329 rex
869 3275 1217 3330 decollaverat
1241 3289 1343 3328 una

170 3363 315 3416 quta
340 3363 555 3416 Alaram
579 3362 812 3427 ﬂuvium,
838 3363 983 3418 locus
1012 3364 1148 3416 idem
1170 3357 1326 3416 Ferdi
1347 3371 1579 3416 vocatur.

172 3450 278 3504 Hac
305 3451 376 3505 ibi
397 3453 624 3506 vindicta
649 3466 831 3518 regum
851 3451 1175 3505 clarissimus
1196 3458 1333 3512 aeta,

170 3540 244 3593 Ad
269 3541 539 3608 propriam
565 3538 721 3594 rediit
741 3537 917 3591 villam
937 3537 1218 3591 Theodone
1242 3544 1484 3591 vocatam
1510 3537 1558 3589 δ.

332 3977 550 4044 (Desunt
574 3978 655 4030 hic
679 3993 851 4030 versus
882 3977 1058 4044 viginti
1085 3992 1172 4030 sea:
1200 3985 1288 4028 aut
1314 3977 1544 4042 septem.)

170 4063 370 4127 Gloria,
403 4065 659 4128 certabat,
688 4065 788 4119 sibi
813 4079 878 4119 ne
901 4073 1150 4120 consueta
1172 4065 1384 4133 periret.

168 4153 318 4206 Alter
346 4153 453 4204 iam
473 4151 666 4206 nullam
693 4160 931 4206 statuens
952 4168 1164 4220 sperare
1191 4153 1431 4216 salutem,

169 4239 222 4293 In
248 4239 458 4294 ferrum
482 4241 654 4310 prisca
674 4254 772 4309 pro
799 4239 1041 4293 libertate
1069 4241 1286 4306 ruebat;

173 4329 274 4383 Sed
298 4331 515 4383 tandem
539 4328 757 4384 Carolus
781 4330 958 4383 divino
984 4342 1198 4383 munere
1217 4329 1409 4393 victor,

171 4418 354 4472 Caesis
383 4418 672 4472 innueris
692 4417 922 4485 reliquos
944 4417 1135 4470 exinde
1161 4416 1372 4486 fugavit.

169 4506 616 4572 Transierantque
635 4505 746 4559 dies
771 4506 944 4572 pauci,
969 4521 1089 4559 cum
1113 4521 1296 4560 rursus
1320 4506 1503 4560 eodem

171 4596 443 4667 Comperit
470 4595 522 4650 in
542 4594 730 4664 populo
759 4595 1035 4663 repetitum
1058 4610 1275 4664 surgere
1320 4597 1532 4650 bellum.

172 4684 390 4739 Scilicet
417 4686 469 4738 in
503 4683 916 4738 Westfalhorum
943 4685 1152 4753 regione
1172 4686 1406 4752 gregatis

168 4771 421 4826 Pluribus
448 4773 498 4825 in
529 4773 640 4840 ripa
671 4770 833 4836 ﬂuvii,
861 4770 998 4825 llasa
1023 4771 1254 4834 nomine,
1285 4786 1468 4826 rursus

167 4858 450 4912 Audcbant
467 4858 624 4910 animi
645 4857 762 4926 plus
780 4873 940 4927 quam
964 4859 1174 4914 virtutis
1199 4859 1474 4918 habentes.

169 4944 267 5008 Qui
294 4944 424 4997 victi
452 4944 658 5007 totiens,
683 4945 785 4998 atie
809 4945 1086 5014 confligere
1115 4955 1294 5015 aperta
1325 4957 1370 4999 ο.

170 5028 399 5096 Pergere
419 5045 509 5082 rex
531 5030 595 5082 ad
616 5043 749 5097 quos
772 5032 1028 5085 meditans
1052 5033 1328 5100 sociosque
1354 5049 1651 5098 recensens,

170 5117 428 5186 Repperit
450 5118 502 5170 in
529 5131 702 5186 pugna
729 5117 906 5186 plures
929 5120 1180 5172 cecidisse
1206 5119 1390 5188 priori,

238 5258 266 5287 ι
289 5245 362 5300 R‘.
389 5254 444 5300 et
465 5245 551 5310 L.,
580 5241 899 5301 exhauserat.

1741 446 1787 503 Α
1813 443 2014 513 Aegros
2042 444 2346 498 vulneribus
2372 443 2564 496 multos
2593 443 2663 496 ibi
2693 443 2828 495 forte
2856 452 3114 509 receptos.

1814 532 1919 587 Sed
1943 534 2118 587 subito
2145 548 2313 585 novus
2338 548 2400 586 ex
2431 532 2650 585 Francis
2674 531 2940 584 exercitus
2973 530 3047 582 illi

1811 620 2055 680 Advenit,
2079 621 2386 688 cunctisque
2409 621 2518 673 suis
2546 618 2838 689 legionibus
2864 618 3051 680 auctis,

1813 709 1890 762 Ad
1911 710 2246 769 debellandos
2274 708 2473 780 studuit
2500 722 2781 776 preperare
2811 706 3048 760 rebelles.

1811 796 1924 862 Qua
1955 800 2058 851 dux
2080 797 2290 866 egregie
2316 796 2545 864 prudens
2568 796 2690 849 dum
2711 804 2901 848 cuncta
2933 800 3194 862 parasset,

1815 887 2096 948 Virtutem,
2117 886 2254 938 sicut
2283 885 2433 948 solet,
2457 893 2538 938 est
2566 885 2773 938 fortuna
2799 894 3000 939 secuta.

1814 971 2052 1026 Saxones
2074 974 2265 1026 iterum
2286 975 2427 1026 caesi
2455 974 2710 1041 longeque
2739 973 2923 1041 fugati,

1812 1059 2081 1112 Abductus
2103 1059 2429 1128 captivorum
2453 1073 2706 1113 numerus
2728 1059 2824 1112 fuit
2855 1059 3061 1127 ingens.

1813 1147 1934 1199 Inde
1960 1148 2138 1216 plagas
2164 1148 2448 1202 orientales
2469 1162 2562 1201 rex
2583 1149 2755 1203 vietor
2779 1148 2963 1211 adivit,
3024 1181 3026 1183 -

1813 1233 1998 1288 Omnia
2026 1250 2182 1302 quam
2211 1235 2312 1288 late
2338 1234 2476 1289 ferro
2503 1236 2778 1305 populatus
2803 1245 2859 1288 et
2878 1236 3007 1305 igni,

1811 1323 1988 1377 Donec
2013 1325 2075 1376 ad
2103 1323 2317 1378 fluvium
2337 1326 2424 1394 qui
2451 1325 2643 1379 dicitur
2660 1324 2812 1377 Albia
2840 1326 3006 1379 venit.

1812 1411 1937 1463 Post
1962 1413 2088 1465 haec
2109 1411 2172 1464 ad
2194 1414 2418 1480 patriam
2443 1415 2625 1477 rediit;
2657 1423 2781 1467 tunc
2801 1423 2882 1468 est
2904 1413 3105 1468 sociata

1811 1498 1995 1567 Reguli
2023 1500 2256 1555 thalamo
2282 1503 2510 1557 coniunx
2537 1503 2794 1558 Fastrada
2816 1513 3025 1567 vocata,

1812 1586 1943 1640 Filia
1972 1587 2227 1657 Radolphi
2249 1590 2479 1654 comitis,
2510 1600 2624 1645 sata
2648 1593 2883 1660 germine
2910 1591 3074 1645 claro.

1814 1674 2071 1729 Hibernas
2096 1677 2147 1729 in
2168 1676 2394 1729 Eristalli
2419 1687 2526 1729 tum
2552 1677 2774 1731 duxerat
2797 1678 2980 1740 horas,

1739 1763 1782 1822 Β
1809 1765 1980 1831 Atque
2024 1766 2164 1830 dies,
2216 1767 2408 1833 quibus
2454 1766 2595 1820 hunc
2639 1780 2864 1820 nascens
2902 1766 3236 1832 moriensque
3273 1778 3352 1818 rc-

3022 1853 3286 1925 [demptor

1811 1942 2046 1998 Salvavit
2067 1947 2342 2011 mundum,
2362 1955 2486 2002 voto
2507 1947 2871 2000 celebraverat
2898 1946 3053 1999 almo.

2269 2038 2415 2090 Anno
2456 2037 2576 2092 784.
2619 2035 2810 2089 Indict.
2838 2036 2894 2089 6.

1793 2094 2094 2194 ‘Relliquias
2123 2126 2246 2180 belli
2276 2127 2486 2181 tandem
2517 2126 2835 2181 fortissimus
2862 2127 3021 2180 heros

1810 2214 2190 2269 Consummare
2215 2215 2415 2278 volens,
2438 2224 2586 2268 tanto
2609 2215 2747 2282 quod
2772 2225 3006 2282 tempore
3029 2221 3236 2281 gestum

1813 2303 2082 2356 Saxonum
2109 2318 2228 2357 eum
2258 2313 2414 2371 gente
2445 2303 2564 2364 fuit,
2606 2316 2884 2354 numerosa
2913 2300 3150 2352 virorum

1811 2392 1949 2446 Milia
1979 2393 2233 2444 lectorum
2264 2391 2421 2444 terris
2447 2389 2651 2442 induxit
2673 2403 2876 2444 eorum.

1810 2483 1884 2536 Ac
1907 2482 2132 2548 primum
2158 2481 2327 2534 liheni
2356 2489 2718 2547 transgressus
2746 2477 2770 2514 ἀ
2803 2476 3034 2530 ﬂuminis
3072 2474 3283 2536 undam,

1813 2571 2065 2625 Vastabat
2090 2586 2252 2639 pagos
2281 2568 2670 2623 Westvalorum
2697 2567 2944 2635 regionis,

1813 2661 1969 2713 Venit
1989 2669 2041 2713 et
2070 2661 2135 2712 ad
2162 2660 2452 2720 Wisuram,
2482 2657 2628 2710 locus
2655 2664 2737 2710 est
2764 2655 2852 2709 ubi
2876 2655 3046 2708 dictus
3074 2649 3280 2706 Ucullii.

1811 2746 1937 2800 Inde
1965 2746 2351 2815 Thuringbrum
2381 2759 2474 2811 per
2501 2759 2658 2814 agros
2685 2743 2786 2796 iter
2807 2749 3016 2810 aegerat
3043 2748 3201 2805 atque

1813 2833 2080 2888 Saxonum
2109 2847 2344 2901 campos,
2373 2846 2506 2900 quos
2526 2831 2675 2884 Albia
2705 2830 2786 2883 vel
2815 2829 2936 2883 Sala
2961 2836 3183 2897 tangunt

1811 2923 2005 2975 Amnes
2023 2921 2204 2982 vicini,
2226 2921 2457 2974 lustrans
2486 2920 2636 2973 villas
2664 2920 2734 2972 ibi
2763 2919 2939 2986 plures

1813 3013 2122 3066 Tradiderat
2152 3011 2399 3074 ﬂammis,
2429 3012 2593 3065 donec
2619 3010 2858 3077 pervenit
2885 3009 2949 3062 ad
2977 3009 3138 3074 illum,

1735 3079 1780 3139 C
1811 3102 1908 3168 Qui
1937 3101 2101 3154 veteri
2135 3101 2281 3154 locus
2301 3109 2380 3154 est
2401 3099 2650 3169 Scannigi
2679 3101 2889 3152 nomine
2914 3099 3104 3152 dictus.

1813 3191 1945 3244 Hinc
1968 3191 2017 3243 in
2047 3189 2395 3245 Wormatiam
2423 3189 2632 3242 rediens
2658 3203 2712 3240 se
2739 3186 2960 3240 contulit
2989 3186 3192 3238 urbem.

1811 3279 1974 3331 Filius
1996 3279 2191 3331 interea
2214 3278 2372 3344 regis,
2401 3278 2492 3344 qui
2519 3292 2615 3344 par
2642 3276 2867 3345 genitori

1811 3364 1986 3418 Indole
2012 3366 2202 3418 mentis
2223 3374 2358 3427 erat,
2389 3374 2500 3416 tum
2527 3367 2737 3422 nomine
2767 3364 2939 3416 dictus
2965 3361 3171 3421 eodem,

1811 3453 1940 3506 Cum
1967 3452 2152 3521 patriis
2179 3451 2500 3505 exercitibus
2528 3467 2660 3518 quos
2687 3452 2797 3517 ipse
2827 3449 3038 3519 regebat

1811 3539 1865 3590 In
1894 3539 2282 3592 Weslvalorum
2308 3553 2439 3606 pago
2463 3537 2770 3606 cognomine
2803 3537 3004 3598 Dreini,

1811 3627 2056 3680 Eiusdem
2077 3626 2250 3695 populi
2282 3626 2464 3678 turbas
2484 3626 2549 3679 ad
2574 3626 2707 3678 bella
2728 3635 2942 3694 paratas

1811 3714 2110 3778 Oﬂ’cndens,
2138 3716 2317 3768 statim
2339 3715 2629 3768 certamine
2656 3715 2784 3766 vicit
2807 3715 3059 3780 equestri,

1810 3806 1992 3859 V’iclor
2020 3811 2071 3858 et
2103 3803 2165 3856 ad
2194 3811 2397 3872 patrem
2419 3804 2522 3857 iam
2549 3804 2687 3874 dicta
2712 3805 2857 3857 venit
2883 3805 2933 3857 in
2959 3804 3106 3858 urbe.

1810 3894 1909 3957 Qui
1936 3893 2106 3945 valida
2135 3893 2419 3946 comitante
2445 3908 2601 3946 manu
2630 3892 2890 3946 Saxonica
2917 3893 3095 3945 statim

1809 3982 1948 4033 Arva
1968 3990 2169 4048 petens,
2210 3981 2354 4034 iuxta
2380 3980 2595 4032 ﬂuvium
2627 3980 2934 4034 consederat
2959 3989 2981 4016 ε
3010 3979 3283 4042 Ambram,

1809 4069 1902 4121 Est
1919 4068 2006 4120 ubi
2033 4068 2305 4122 castellum
2331 4067 2470 4135 quod
2508 4067 2901 4136 Skideronburg
2926 4068 3210 4120 vocitatur.

1810 4157 1864 4209 In
1894 4157 2081 4210 castris
2105 4157 2299 4212 ibidem
2322 4157 2462 4209 votis
2485 4156 2858 4222 sollempnibus
2879 4156 3009 4208 actis

1809 4243 2008 4297 Natalis
2033 4244 2256 4304 Domini,
2290 4244 2546 4311 processit
2573 4244 2638 4294 ad
2665 4243 2832 4295 hostia
2862 4241 3111 4305 Warnae,

1811 4331 1922 4397 Qua
1949 4331 2063 4384 ﬂuit
2089 4333 2137 4384 in
2167 4332 2452 4385 Wisuram.
2480 4331 2587 4384 Nec
2612 4333 2714 4383 iam
2736 4332 2836 4384 fuit
2859 4332 2961 4383 ulla
2989 4331 3216 4385 facultas

1734 4383 1784 4441 Β
1813 4383 2043 4491 ίοηεὶιιε
2067 4422 2131 4474 ad
2151 4422 2365 4474 boream
2391 4421 2528 4474 sicut
2547 4422 2788 4487 cupiebat
2817 4421 2992 4472 eundi.

1810 4509 2084 4577 Temporis
2112 4510 2353 4561 obstabat
2378 4508 2532 4561 simul
2557 4508 2816 4575 asperitas
2851 4506 3114 4571 hiemalis,

1809 4599 1979 4665 Atque
2001 4598 2133 4666 iugis
2161 4597 2367 4666 pluviae
2388 4611 2573 4661 cursus
2588 4597 2926 4650 vehementer
2955 4596 3243 4660 inundans;

1809 4684 1889 4738 Ob
1909 4686 2012 4740 hoc
2038 4685 2089 4739 in
2113 4685 2378 4753 Eresburg
2403 4685 2642 4738 residens
2661 4699 2716 4736 se
2734 4683 2958 4737 contulit
2985 4683 3191 4736 urbem.

2261 4775 2404 4826 Anno
2446 4774 2562 4827 785.
2603 4772 2792 4825 Indict.
2840 4773 2892 4826 '7.
3151 4785 3160 4788 ‘

1811 4862 2046 4932 Cumque
2072 4861 2182 4916 dies
2205 4861 2436 4929 reliquos
2455 4861 2708 4915 brumalis
2733 4861 2943 4930 frigoris
2970 4861 3077 4916 illic

1806 4951 1921 5020 Ipse
1950 4965 2162 5004 manere
2182 4965 2334 5004 suum
2356 4950 2674 5004 decrevisset
2692 4951 3020 5013 comitatum,

1809 5039 2101 5092 Accersivit
2127 5053 2190 5091 eo
2217 5039 2484 5106 prepriam
2513 5053 2632 5091 cum
2655 5039 2875 5106 coniuge
2896 5039 3115 5106 prolem.

1807 5125 1937 5179 Cum
1958 5125 2169 5192 quibus,
2196 5134 2254 5178 ut
2281 5127 2475 5189 decuit,
2502 5125 2605 5180 fido
2632 5125 2888 5194 ﬁrmaque
2923 5127 3107 5180 relicto

1805 5269 1861 5307 se
1889 5252 2047 5323 habet
2079 5269 2091 5304 ;
2125 5245 2313 5323 scilicet
2343 5252 2639 5320 pluribus...
2668 5244 2953 5323 gregalis...
3008 5270 3186 5308 rursus
3237 5254 3347 5308 acie

236 5315 266 5392 ἴς
297 5315 427 5392 Post
444 5316 581 5392 hunc
605 5330 815 5392 versum
840 5317 1028 5392 desunt
1050 5317 1152 5369 duo
1176 5325 1354 5392 tresve
1377 5319 1488 5392 alii,
1519 5319 1708 5385 quibus
1808 5322 2076 5392 conﬂigere
2117 5315 2406 5392 audebant,
2445 5325 2530 5392 qui
2581 5315 2777 5392 totiens
2805 5323 2921 5392 tft'cti
2967 5323 3154 5392 (erant)
3200 5323 3302 5375 atie
3326 5338 3344 5373 :

173 5383 355 5454 ultima
384 5382 663 5454 Annalium
681 5384 1221 5454 _Eiiihardi_sente_ntia
1243 5382 1644 5454 exprimeretur.

242 5460 265 5519 ς
301 5449 586 5519 conﬂigere
605 5449 842 5519 habentes
873 5452 888 5502 Ι
923 5452 997 5515 (2,
1021 5451 1270 5519 Imbentis)
1293 5449 1354 5504 ex
1386 5470 1536 5505 versu
1565 5464 1709 5505 antc-

176 5517 385 5586 ielenti
416 5516 980 5586 mpetitum;Leibnitii
1007 5516 1363 5583 conjecturam
1392 5521 1566 5572 rcllcnt
1591 5538 1709 5574 eon-

179 5585 485 5640 structionis
527 5600 680 5640 causa
710 5600 810 5639 non
857 5586 1060 5639 admitti
1099 5601 1253 5653 posse
1281 5589 1455 5653 credo,
1490 5603 1607 5657 qua:
1638 5590 1707 5641 ila

1805 5399 1977 5456 πρίῃ-(μ
2007 5389 2163 5456 igitur
2191 5389 2448 5455 supplevi;
2474 5391 2608 5443 aliud
2629 5391 2712 5442 alii
2727 5390 2980 5456 judicent.

1871 5455 2083 5531 dri-aus
2109 5456 2250 5515 cod.,
2299 5458 2657 5511 transcendam
2685 5455 2971 5526 Reineccii,
2998 5469 3344 5528 transgressus

1807 5531 2103 5587 conjectura
2133 5539 2268 5575 mea.

1881 5604 1899 5628 ε
1935 5591 1982 5654 Ι,
2009 5592 2311 5648 considerat.
