3886 6228
3633 225 3680 257 Α

502 417 602 470 699
1809 400 1994 457 POET.

2152 397 2385 453 lXONlS
2552 461 2554 463 ,
3590 397 3683 451 700

502 524 788 581 Praesidio,
821 523 1032 574 iuvenes
1058 518 1244 571 animis
1270 530 1330 570 ac
1352 514 1554 569 viribus
1585 528 1734 566 acres

502 614 797 682 Assumpsit
819 626 1018 673 secum,
1047 610 1284 676 latae,qu
1314 613 1533 673 vagatus
1559 605 1610 657 in
1633 617 1817 657 omnes

502 705 645 757 Illius
666 704 894 772 regionis
922 715 1094 770 agros,
1117 699 1209 754 sed
1238 696 1491 766 et'Oppida
1512 709 1768 764 quaeque,

503 794 702 846 Cuncta
728 791 882 845 simul
910 789 1154 850 ﬂammis,
1180 787 1360 856 spoliis
1381 802 1444 839 ac
1469 786 1597 840 cede
1620 783 1779 835 feroci

504 883 806 943 Miscuerat,
833 881 1047 948 cupiens
1067 880 1271 931 animos
1292 891 1426 944 quos
1450 889 1574 942 sepe
1592 873 1816 926 rebelles

506 971 768 1038 Expertus
791 969 982 1029 fuerat,
1009 966 1096 1019 tali
1125 972 1462 1033 prosternere
1493 963 1662 1015 clade.
1853 968 1855 971 '

506 1063 645 1116 llaec
665 1060 902 1129 lugubris
927 1059 1097 1111 hiems
1125 1056 1198 1108 illi
1229 1055 1541 1120 funestaque
1561 1051 1703 1120 genti

505 1149 636 1201 Cum
667 1147 875 1200 tandem
903 1143 1048 1196 ﬁnita
1073 1141 1233 1204 foret,
1261 1133 1492 1195 vernalis
1519 1148 1574 1192 et
1599 1152 1726 1190 aura

505 1236 790 1290 locuudum
814 1234 1021 1300 spirans
1045 1240 1260 1284 ornaret
1287 1229 1500 1283 ﬁoribus
1527 1243 1674 1289 arva,

506 1323 750 1394 Publicus
773 1323 821 1375 in
842 1321 1251 1374 Padarbruunon
1273 1325 1561 1371 conventus
1587 1314 1830 1367 habetur.

506 1397 622 1476 Quo
653 1426 742 1465 rex
774 1411 989 1479 insignis
1011 1407 1283 1475 sollempni
1303 1419 1450 1460 more
1476 1411 1710 1472 peracto,

507 1499 561 1552 in
587 1514 775 1569 pagum
805 1499 1084 1567 quendam,
1113 1498 1312 1550 vocitat
1331 1507 1354 1534 ιι
1381 1509 1538 1563 quem
1558 1492 1783 1545 barbara
1808 1491 1981 1558 lingua

451 1571 462 1576 ’
510 1587 806 1657 Berdango,
833 1587 990 1642 celeri
1012 1586 1212 1640 studuit
1237 1599 1293 1637 se
1321 1584 1531 1636 tramite
1556 1582 1713 1636 ferre.

513 1677 661 1730 Tunc
680 1679 750 1730 ibi
772 1683 1100 1744 compererat
1121 1675 1491 1728 Widokindum
1515 1673 1616 1726 iam
1638 1678 1985 1726 memoratum

513 1767 889 1834 Abbonemque
913 1764 1087 1827 simul,
1114 1765 1203 1832 qui
1233 1764 1297 1818 de
1326 1762 1612 1816 maioribus
1639 1761 1753 1815 eius

512 1851 696 1907 Gentis
717 1863 885 1914 erant,
919 1867 1180 1906 memores
1207 1852 1465 1906 scelerum
1493 1850 1702 1904 latitare
1736 1862 1949 1901 suorum

511 1941 730 1995 Finibus
757 1942 809 1993 in
831 1949 939 2009 pati
951 1942 1037 2003 iis,
1059 1954 1193 2008 quos
1217 1946 1452 2006 sepserat
1473 1937 1538 1990 ad
1556 1934 1822 1989 borealem

511 2031 662 2084 Albia
687 2031 792 2084 lata
819 2031 1024 2099 plagam
1054 2029 1200 2082 iuxta
1224 2028 1452 2082 conﬁnia
1477 2037 1652 2080 terrae

513 2121 802 2184 Danorum,
832 2121 1002 2188 primo
1030 2119 1244 2172 mittens
1263 2119 1327 2172 de
1347 2118 1550 2171 civibus
1568 2116 1697 2184 ipsis

516 2208 760 2277 Legatos,
781 2217 988 2262 ortatur
1010 2223 1123 2271 eos,
1152 2222 1256 2276 quo
1284 2205 1498 2260 ﬂectere
1525 2204 1734 2258 tandem

516 2296 660 2349 Colla
686 2296 807 2359 sibi,
837 2295 1060 2363 ﬁdeique
1085 2310 1212 2348 suae
1242 2309 1299 2348 se
1319 2294 1536 2348 credere
1566 2292 1781 2353 vellent,

516 2381 793 2437 Commissi
815 2384 1040 2446 veniam,
1069 2397 1269 2436 necnon
1291 2390 1346 2436 et
1380 2382 1612 2451 praemia
1637 2379 1921 2448 spondeus.

517 2471 736 2525 Conscia
758 2473 849 2526 sed
873 2473 1048 2540 magni
1077 2471 1386 2525 dubitarunt
1407 2471 1566 2525 corda
1595 2476 1772 2523 reatus

518 2561 612 2615 llis
632 2562 697 2615 de
724 2563 1021 2631 promissis,
1043 2563 1209 2637 donec
1237 2561 1442 2614 ﬁrmata
1474 2561 1660 2614 salutis

522 2649 657 2719 Spes
675 2660 756 2704 est
781 2650 1050 2704 obsidibus
1077 2651 1251 2704 missis
1269 2665 1403 2719 quos
1426 2651 1776 2718 expetierunt.

522 2740 664 2802 Quos
692 2746 751 2791 ut
771 2737 1096 2792 Amulwinus
1113 2733 1328 2807 quidam
1355 2739 1666 2792 vernaculus
1692 2740 1844 2794 aulae

521 2824 688 2892 Ipsius
709 2826 944 2889 adduxit,
970 2836 1321 2894 properarunt
1349 2828 1590 2894 protinus
1619 2829 1774 2879 ambo

527 2913 607 2965 Ad
637 2928 836 2981 regem,
860 2915 962 2966 iam
989 2922 1116 2967 tunc
1139 2913 1313 2967 fuerat
1334 2915 1422 2981 qui
1453 2913 1586 2968 forte
1615 2930 1860 2969 reversus

525 3002 604 3054 Ad
634 3001 811 3055 villam
837 3002 1104 3070 propriam
1133 3017 1236 3069 que
1259 3002 1451 3054 dicitur
1475 3002 1790 3056 Attiniacus.

526 3088 623 3142 llic
648 3089 784 3142 idem
804 3104 1052 3156 proceres
1080 3090 1216 3142 sacri
1243 3090 1570 3158 l‘aptismatis
1595 3091 1730 3144 unda

527 3175 754 3239 Perfusi,
779 3177 986 3231 tandem
1020 3178 1131 3246 regi
1160 3193 1400 3232 mansere
1430 3178 1628 3240 ﬁdeles,

527 3266 745 3332 Ipsaque
778 3281 906 3335 gens
934 3267 1134 3334 aliquot
1163 3272 1492 3336 requieverat
1518 3269 1636 3322 inde
1665 3284 1758 3337 per
1781 3285 1961 3325 annos.

529 3355 732 3408 liuerea
763 3356 973 3423 quidam
998 3357 1341 3409 coniuravere
1369 3356 1603 3426 maligni,

530 3443 599 3498 Ut
625 3443 794 3516 dirum
818 3442 1018 3498 facinus
1045 3445 1299 3499 scelerato
1320 3447 1477 3500 corde
1499 3456 1788 3516 patrarent,

531 3531 623 3585 Vel
646 3511 788 3584 ferro
814 3547 1012 3601 regem,
1040 3535 1120 3586 vel
1148 3535 1380 3603 qualibet
1405 3511 1519 3588 arte
1542 3511 1796 3590 necando.

530 3617 776 3671 Criminis
810 3618 1047 3672 incentor
1075 3621 1379 3676 llardradus
1406 3629 1530 3677 tunc
1553 3638 1731 3678 eomes
1757 3626 1912 3680 huius

533 3705 812 3767 Extiterat,
843 3706 934 3759 sed
964 3716 1022 3759 ut
1051 3707 1243 3760 indicio
1267 3708 1434 3760 delata
1466 3709 1603 3762 ﬁdeli

535 3791 712 3844 Factio
741 3808 861 3845 seva
889 3791 1001 3856 fuit,
1029 3794 1205 3846 statim
1237 3796 1414 3848 sedata
1442 3796 1660 3864 quievit,
1743 3861 1745 3864 ι

536 3881 724 3947 lugens
755 3880 901 3933 valde
927 3878 1061 3933 foret
1090 3880 1210 3934 licet
1238 3890 1291 3934 et
1317 3883 1473 3936 nimis
1494 3884 1690 3937 acriter
1715 3893 1851 3938 orta.

534 3968 788 4021 Auctorcs
813 3968 925 4022 eius
953 3969 1149 4036 privari
1173 3969 1368 4022 lumine
1387 3971 1658 4037 quosdam,

538 4054 706 4106 Exilio
731 4054 959 4122 reliquos
993 4057 1264 4124 dampnari
1296 4058 1517 4112 iusserat
1542 4059 1654 4127 ipse

539 4143 649 4195 Rex
673 4158 873 4196 summe
896 4145 1146 4211 prudens,
1183 4146 1332 4198 cuius
1358 4145 1635 4200 clementia
1660 4149 1785 4202 nulli

543 4232 860 4287 Reddiderat
887 4234 1096 4304 dignam
1121 4243 1267 4307 tanto
1295 4251 1391 4304 pro
1428 4237 1650 4291 crimine
1688 4254 1933 4307 poenam.

981 4410 1125 4497 Anno
1151 4410 1270 4466 786.
1300 4411 1491 4466 lndict.
1522 4415 1576 4469 8.

546 4574 717 4642 Magni
748 4573 958 4628 decreto
980 4576 1152 4630 Caroli
1181 4580 1420 4646 sacrique
1445 4588 1662 4635 senatus

546 4662 735 4714 Missus
765 4662 815 4714 in
844 4663 1086 4717 occiduas
1105 4666 1366 4720 exercitus
1389 4668 1516 4720 exiit
1537 4669 1712 4733 horas,

547 4750 783 4804 Subdere
806 4742 1094 4815 Brettones,
1120 4761 1325 4822 gentem
1355 4754 1482 4809 tunc
1508 4754 1643 4809 forte
1674 4756 1944 4811 rebellem.

503 4863 506 4865 >
554 4837 724 4888 Insula
749 4838 897 4890 cuius
921 4846 1034 4889 erat
1059 4837 1276 4892 fecunda
1297 4840 1565 4895 Britannia
1590 4842 1784 4897 dudum

555 4926 760 4988 Patria;
793 4941 1014 4994 namque
1043 4927 1148 4981 illic
1177 4929 1445 4983 habitabat
1470 4939 1708 5000 tempore
1735 4933 1918 4997 multo,

555 5017 789 5084 Cumque
810 5031 970 5069 novas
990 5017 1142 5086 Angli
1167 5019 1316 5072 sedes
1343 5020 1442 5073 sibi
1468 5036 1722 5088 quaerere
1744 5023 1956 5084 vellent,

553 5105 1068 5172 Saxonesque-simul
1097 5107 1230 5160 hanc
1251 5109 1486 5163 invasere
1513 5108 1734 5174 feroces,

558 5191 764 5257 Expulsi
790 5193 966 5244 statim
987 5201 1188 5246 veteres
1216 5208 1421 5249 cessere
1443 5195 1613 5250 coloni
1641 5215 1652 5250 :

557 5277 778 5329 Maxima
808 5292 928 5344 pars
953 5295 1173 5348 quorum
1201 5279 1403 5349 fugiens
1429 5299 1574 5338 mare
1601 5287 1828 5345 transiit,
1861 5297 2016 5356 atque

557 5363 721 5415 Callia
747 5380 846 5431 qua
869 5365 996 5420 ﬁnes
1020 5367 1175 5421 habet
1194 5378 1478 5434 extremos,
1506 5373 1575 5426 ibi
1605 5374 1811 5428 tandem

561 5451 826 5506 Fluctibus
847 5456 1027 5508 oceani
1053 5469 1154 5522 que
1181 5457 1417 5524 proxima
1450 5460 1650 5512 viderat
1675 5477 1794 5513 arva
1827 5471 1830 5474 ‘

633 5636 653 5658 η
695 5626 794 5676 Vm
829 5627 1040 5688 omissa,
1083 5625 1304 5679 secunda
1339 5641 1491 5679 manu
1544 5628 1594 5680 in
1638 5627 1737 5680 ﬁne
1769 5642 1948 5680 versus
2002 5628 2087 5680 atl-

568 5691 691 5742 dita.

2073 507 2119 564 Α
2145 503 2398 567 Detinuit,
2427 504 2616 572 quibus
2646 504 2696 556 in
2722 496 2875 558 terris
2899 505 3001 558 huc
3023 519 3187 572 usque
3214 514 3478 569 moratur,

2146 592 2397 645 Indicium
2422 592 2624 660 patriae
2647 592 2758 645 solo
2786 591 2914 646 dans
2935 593 3146 647 nomine
3169 595 3396 660 priscae.

2147 681 2284 732 llaec
2307 700 2334 732 ιι
2359 681 2685 748 principibus
2710 680 3032 734 Francorum
3056 697 3183 750 gens
3211 691 3482 750 superata.

2147 769 2361 831 Solvere
2383 769 2609 837 vectigal
2631 770 2873 836 quamvis
2898 770 3061 822 invita
3089 771 3302 824 solebat.

2145 856 2274 909 Cum
2302 865 2580 926 temptaret
2605 873 2672 912 eo
2697 857 3031 912 dominorum
3059 869 3294 927 tempore
3323 862 3466 914 iussa

2147 945 2427 1012 Spernere,
2456 947 2687 1001 directus
2711 947 2892 1000 multis
2914 963 3032 1002 cum
3059 949 3267 1003 milibus
3295 951 3417 1005 illuc

2147 1029 2258 1083 Dux
2291 1032 2548 1085 Audulfus
2568 1048 2687 1086 eam
2713 1032 2872 1087 celeri
2899 1035 3096 1089 virtute
3118 1039 3394 1105 repressit,

2147 1121 2212 1172 Et
2239 1121 2369 1174 satis
2396 1121 2629 1174 edomuit
2653 1123 2828 1194 populi
2862 1123 2970 1176 fera
2996 1125 3155 1178 corda
3183 1126 3398 1180 rebellis

2148 1206 2280 1258 Tum
2305 1208 2441 1275 regis
2463 1223 2640 1274 regum
2667 1207 2861 1263 Christi
2887 1211 3081 1276 pietate
3109 1211 3339 1277 iuvante,

2148 1293 2409 1362 Disposito
2433 1294 2653 1348 Carolus
2679 1309 2860 1364 regno,
2889 1299 3202 1368 placidaque
3230 1315 3322 1368 per
3347 1304 3539 1357 orbem

2152 1381 2393 1450 Undique
2415 1397 2542 1451 pace
2565 1383 2705 1446 data,
2737 1386 2921 1437 statuit
2943 1385 3161 1438 Romam
3185 1387 3465 1454 proﬁcisci,

2152 1471 2257 1524 Nec
2281 1487 2384 1524 non
2414 1473 2593 1526 Italiae
2614 1473 2868 1542 reliquam
2894 1475 2992 1528 sibi
3018 1477 3241 1530 subdere
3264 1485 3486 1545 partem,

2151 1559 2314 1614 Cuius
2341 1570 2457 1614 erat
2481 1562 2677 1615 victum
2701 1570 2858 1630 caput
2879 1574 2930 1617 et
2959 1579 3084 1631 pars
3113 1565 3366 1628 maxima,
3385 1574 3544 1635 capto

2153 1648 2259 1700 lam
2292 1649 2580 1714 Desiderio,
2606 1651 3070 1721 Langobardimne
3096 1655 3345 1708 subactis.

2155 1737 2386 1790 Ducatus
2417 1737 2810 1792 Beneventanae
2835 1749 3038 1794 tantum
3071 1743 3297 1810 regionis

2085 1840 2132 1899 Β
2157 1824 2268 1878 Non
2299 1825 2370 1879 illi
2394 1827 2661 1881 subiectus
2684 1837 2819 1890 erat,
2852 1830 2935 1882 cui
2965 1818 3193 1896 praefuit
3215 1831 3315 1884 illo

2157 1915 2416 1984 Tempore
2444 1917 2549 1970 dux
2578 1917 2848 1986 Aragisns.
2877 1919 3009 1972 Eum
3045 1929 3168 1974 tunc
3201 1920 3538 1990 aggrediendi

2155 2006 2421 2059 Accensus
2455 2007 2650 2070 studio,
2675 2016 2952 2076 partesque
2974 2011 3237 2076 prolectus
3262 2013 3312 2064 in
3340 2012 3471 2072 illas,

2157 2092 2502 2148 Accelerabat
2529 2097 2652 2156 iter,
2672 2112 2828 2163 quem
2857 2113 2957 2150 non
2983 2099 3195 2154 tardare
3218 2100 3426 2153 valebat

2130 2219 2135 2224 -
2162 2179 2254 2233 Vel
2281 2180 2514 2250 glacialis
2537 2182 2704 2236 hiems
2730 2183 2897 2236 solitis
2921 2185 3024 2237 iam
3047 2187 3314 2240 mensibus
3339 2188 3564 2252 instans,

2162 2271 2253 2323 Vel
2280 2272 2360 2324 via
2391 2271 2655 2325 terribiles
2684 2273 2796 2326 visu
2821 2274 3116 2345 scandeuda
3139 2290 3233 2342 per
3255 2275 3413 2344 Alpes

2163 2358 2427 2413 Montibus
2450 2360 2499 2411 in
2522 2361 2759 2421 summis,
2788 2362 2873 2415 ubi
2903 2371 3072 2417 tectae
3098 2366 3328 2419 nubibus
3348 2367 3476 2418 atris

2161 2447 2238 2500 Ac
2265 2448 2381 2500 nive
2407 2457 2654 2516 perpetua
2684 2463 2839 2516 rupes
2865 2451 2929 2502 ad
2954 2450 3126 2504 sidera
3154 2461 3394 2521 surgunt,

2166 2535 2511 2590 Transcensis
2535 2538 2726 2605 quibus
2765 2537 2972 2592 Italicas
2999 2541 3294 2595 intraverat
3319 2543 3497 2595 urbes.

2165 2625 2242 2677 Ex
2271 2626 2460 2692 quibus
2485 2635 2566 2678 est
2595 2627 2823 2692 quedam
2847 2626 3114 2681 Florentia
3140 2631 3352 2683 nomine
3379 2633 3544 2692 dicta,

2166 2712 2220 2764 lu
2248 2727 2351 2779 qua
2379 2712 2602 2778 virginei
2633 2720 2815 2779 partus
2840 2712 3017 2766 ﬂorem
3050 2724 3352 2779 veneratus,

2167 2803 2360 2859 Christi
2389 2801 2716 2857 sanctilicum
2743 2805 2958 2872 supplex
2981 2805 3338 2866 cglebraverat
3364 2808 3594 2861 hortum.

2169 2894 2290 2947 Inde
2318 2895 2422 2950 cito
2448 2894 2668 2948 Romam
2689 2910 2845 2948 cursu
2869 2903 3146 2962 penetrare
3167 2897 3376 2967 sategit.
3459 2875 3476 2892 ’

2169 2983 2284 3048 Quo
2308 2998 2428 3037 cum
2458 2984 2685 3051 suscepti
2709 2991 2944 3038 tractans
2969 2985 3238 3038 molimina
3268 2986 3394 3038 belli

2173 3074 2395 3127 Parvum
2424 3073 2736 3139 transigeret
2762 3081 2985 3139 tempus,
3013 3075 3230 3140 cupiens
3254 3074 3508 3142 Aragisus

2095 3167 2143 3228 Β
2177 3163 2324 3217 Hunc
2351 3179 2480 3218 auro
2507 3177 2661 3232 quem
2691 3179 2792 3217 non
2833 3165 3002 3232 potuit
3029 3165 3289 3232 depellere
3311 3164 3468 3226 ferro,

2170 3257 2271 3308 Per
2301 3263 2479 3307 natum
2503 3256 2646 3308 misit
2674 3256 2943 3322 proprium
2968 3270 3134 3323 quam.
3155 3256 3380 3308 maxima
3402 3253 3564 3318 dona,

2170 3345 2488 3412 Supplicitcr
2511 3360 2692 3414 pacem
2731 3347 2988 3412 rogitans.
3016 3344 3125 3398 Sed
3148 3360 3236 3398 rex
3270 3345 3366 3398 sibi
3396 3345 3553 3410 longe

2169 3433 2242 3488 De
2273 3434 2428 3486 rebus
2451 3433 2616 3500 ceptis
2637 3422 2788 3486 aliter
2813 3442 2959 3486 ratus
2984 3449 3101 3485 esse
3126 3433 3433 3502 gerendum,

2168 3521 2281 3585 Qua
2309 3522 2493 3588 prebet
2518 3520 2650 3573 latos
2669 3521 2952 3589 Campania
2987 3520 3175 3574 fertilis
3202 3535 3376 3589 agros,

2169 3610 2294 3662 llluc
2323 3623 2651 3677 progressus,
2678 3608 2855 3676 Capua
2882 3609 3119 3662 consedit
3150 3609 3202 3660 in
3227 3611 3376 3668 urbe,

2168 3694 2424 3748 Cesturus
2449 3695 2626 3747 statim
2656 3695 2869 3758 bellum,
2903 3695 3003 3748 nisi
3029 3695 3134 3748 dux
3160 3704 3483 3748 memoratus

2169 3783 2417 3836 Prudenti
2446 3784 2657 3837 sibimet
2681 3784 2820 3836 facto
2844 3785 2976 3838 bene
3000 3783 3368 3837 consuluisset.

2171 3872 2301 3924 Nam
2329 3872 2498 3940 primo
2525 3871 2676 3924 ﬁrma
2703 3886 2761 3924 se
2786 3872 2972 3924 clausit
2998 3873 3048 3923 in
3074 3872 3205 3924 urbe
3228 3869 3450 3925 Salerno

2171 3961 2301 4014 Tum
2327 3969 2478 4012 natos
2499 3967 2750 4026 utrosque
2777 3973 2920 4021 suos,
2950 3974 3175 4028 quorum
3200 3960 3490 4013 vocitatus"

2172 4045 2458 4099 Rumoldus
2487 4047 2653 4099 maior
2677 4045 2868 4109 fuerat,
2898 4046 3201 4100 Grimoldus
3222 4056 3274 4100 et
3304 4047 3458 4111 alter,

2173 4137 2343 4189 Missis
2371 4136 2555 4204 legatis
2590 4136 2697 4204 regi
2727 4137 3062 4199 contradidit,
3099 4152 3160 4190 ac
3186 4153 3243 4190 se

2173 4222 2334 4289 Ipsius
2361 4222 2601 4289 imperiis
2620 4223 2912 4275 subiectum
2949 4233 3126 4278 mente
3153 4223 3290 4278 ﬁdeli

2171 4311 2469 4364 Mansurum
2497 4311 2850 4379 populumque
2875 4327 3027 4365 suum
3056 4315 3372 4381 promiserat
3398 4326 3628 4368 omnem.

2172 4403 2385 4456 Talibus
2413 4403 2621 4465 oblatis,
2653 4401 2825 4456 Caroli
2855 4404 3183 4471 requieverat
3209 4404 3384 4466 ardor,

2108 4483 2152 4538 ι)
2177 4490 2564 4558 Precipuaeque
2595 4491 2759 4545 Deum
2785 4499 3042 4555 metuens,
3079 4505 3144 4545 ne
3169 4491 3600 4569 chris‘ticolarum

2177 4577 2456 4648 Sanguinis
2481 4578 2632 4631 etl‘usi
2659 4580 2910 4646 posthaec
2936 4595 3058 4634 rcus
3088 4581 3196 4647 ipse
3234 4590 3492 4638 maneret.

2176 4668 2440 4731 Abstinuit
2464 4668 2618 4729 bello,
2643 4683 2745 4722 non
2773 4669 2875 4721 iam
2906 4685 3098 4722 curans
3124 4669 3422 4720 latitantem

2177 4755 2493 4823 Expugnare
2522 4755 2729 4821 ducem,
2763 4771 2858 4810 nec
2882 4771 2985 4809 non
3013 4763 3066 4808 et
3089 4755 3232 4806 ﬁlius
3259 4754 3356 4820 ipsi
3637 4821 3642 4824 _

2177 4844 2471 4898 Concessus
2500 4844 2690 4907 maior,
2722 4844 2894 4895 minor
2917 4850 3000 4896 est
3028 4841 3293 4903 detentus,
3329 4848 3387 4892 ut

2179 4931 2330 4986 Esset
2357 4933 2491 5000 apud
2519 4946 2721 4999 regem;
2753 4930 3148 4984 Beneventanus
3172 4943 3380 4996 quoque
3403 4938 3629 4981 cunctus

2182 5022 2380 5076 Dedere
2406 5037 2463 5074 se
2489 5021 2712 5088 populus
2739 5036 2843 5074 non
2872 5021 3090 5082 distulit,
3121 5020 3501 5085 obsidibusque

2184 5112 2414 5166 Undenis
2440 5124 2537 5179 pro
2561 5124 2690 5177 pace
2714 5109 2868 5169 datis,
2895 5111 2995 5163 hoc
3017 5109 3295 5162 deditionis
3511 5171 3518 5174 _

2181 5198 2509 5252 Conﬁrmans
2538 5196 2737 5259 foedus,
2768 5211 2864 5264 per
2889 5203 3215 5249 sacramenta
3247 5192 3552 5260 spopondit.

2184 5289 2254 5341 Ut
2281 5287 2517 5348 Francis,
2547 5301 2725 5338 rerum
2753 5285 2979 5338 dominis
3002 5285 3052 5346 ιι,
3081 5283 3303 5338 serviret
3322 5282 3376 5334 in
3406 5295 3614 5336 aevum.

2185 5376 2330 5428 Tunc
2357 5375 2573 5426 Romam
2599 5387 2869 5438 regressus
2889 5387 3069 5435 ovans,
3093 5371 3161 5425 ibi
3185 5378 3396 5438 pectore
3422 5369 3565 5426 laeto

2192 5463 2410 5515 Maxima
2439 5461 2663 5528 pascalis
2685 5461 2970 5513 celebravit
2997 5459 3182 5527 gaudia
3212 5458 3351 5513 festi.

2254 5632 2285 5676 τιν
2312 5633 2384 5684 Ex
2416 5630 2614 5698 Virgilii
2647 5629 2770 5682 Λευ.
2798 5646 2829 5690 l,
2875 5627 2992 5680 “282.
