3886 6228
107 427 200 482 701
409 425 652 480 ANNAL.
694 425 779 478 DE
818 421 1057 479 GESTIS
1092 423 1149 476 Β.
1192 421 1434 478 CAROLI
1473 417 1684 474 MAGNI
1722 419 1898 474 LIBRI
1934 419 1998 474 γ.
2141 420 2298 475 VITA
2335 418 2599 475 CAROLI.
2635 451 2703 462 —
2739 423 2862 477 LIB.
2892 423 2953 476 II.

1672 530 1720 587 Α
1747 527 2061 596 Perpetuam
2081 528 2337 598 spondere
2367 530 2521 585 ﬁdem
2547 546 2638 584 seu
2661 533 3033 586 subditionem.

555 537 701 588 Atmo
724 535 846 588 787.
880 533 1068 586 Indict.
1098 533 1148 587 9.

105 627 285 681 Adhuc
309 623 560 676 Romulea
583 625 705 676 dum
726 639 815 676 rex
846 621 1126 675 mansisset
1150 621 1201 672 in
1230 621 1379 682 urbe,

108 715 307 769 Tassilo
331 714 529 783 legam
551 712 840 778 Adrianum
869 710 1014 764 misit
1037 710 1101 763 ad
1131 709 1348 762 almum'

105 803 432 865 Pontilicem,
461 816 681 869 quorum
707 798 805 851 fuit
829 799 1004 851 Arnus
1026 798 1308 865 episcopus
1328 810 1481 857 unus,

103 894 276 944 Abbas
304 891 440 944 alter
463 896 576 942 erat
598 887 862 941 Ilunricus
887 887 1097 940 nomine
1118 885 1311 948 dictus,

106 981 306 1031 Obuixe
329 978 581 1046 rogitans,
610 977 747 1028 idem
772 975 1031 1028 mediator
1058 982 1116 1026 ut
1138 982 1280 1027 esset

106 1069 245 1120 Inter
274 1083 332 1120 se
361 1074 414 1119 et
452 1065 693 1119 Carolum
720 1063 867 1132 pacis
892 1062 1118 1129 ﬁdeique
1139 1068 1415 1130 sequester
1436 1073 1482 1112 ι.

108 1155 214 1207 lloc
242 1154 466 1206 antistes
487 1151 804 1221 apostolicus
834 1157 986 1208 ratus
1007 1163 1124 1202 esse
1143 1148 1414 1210 decorum,

106 1242 173 1296 Ut
206 1240 348 1294 Petri
379 1241 444 1294 de
471 1240 595 1293 sede
621 1252 772 1292 sacra
799 1237 1079 1291 concordia
1105 1237 1250 1305 pacis

104 1330 420 1382 Restaurata
447 1328 596 1380 daret
633 1327 854 1380 ducilms
877 1324 1190 1394 populisque
1216 1326 1471 1394 quietem,

103 1419 370 1470 Instanter
395 1430 568 1484 regem
597 1415 747 1482 petiit
771 1415 1035 1483 deponere
1061 1422 1281 1468 cunctas

103 1505 267 1559 Corde
296 1503 612 1558 simultates.
641 1501 721 1555 Ad
744 1517 846 1570 que
875 1516 994 1555 cum
1021 1510 1194 1556 mente
1217 1503 1442 1572 benigna

103 1593 390 1652 Annueret,
422 1589 571 1660 ducis
597 1591 663 1642 ab
693 1588 871 1641 missis
898 1587 1165 1655 inquirere
1193 1591 1388 1659 coepit,

104 1676 280 1730 I’actio
313 1691 424 1744 quo
437 1661 700 1745 praesens
727 1684 867 1730 esset
898 1675 1154 1743 ﬁrmanda
1179 1685 1380 1731 tenore.

105 1763 281 1832 Legati
311 1762 443 1815 nihil
473 1763 768 1816 iniunctum
791 1763 856 1837 de
882 1778 940 1817 re
968 1764 1067 1817 sibi
1096 1764 1208 1826 tali,

105 1855 202 1907 Sed
225 1853 439 1907 domino
467 1868 717 1922 responsa
747 1868 860 1916 suo,
893 1869 1028 1923 quae
1059 1871 1149 1909 rex
1181 1857 1330 1909 daret
1351 1867 1404 1910 et
1430 1871 1566 1924 quae

103 1939 315 1993 I‘raesul
348 1939 684 2008 apostolicus,
719 1949 924 1993 tantum
950 1941 1223 1995 referenda
1253 1941 1503 1995 fatentur.

103 2030 434 2096 Quapropter
457 2035 724 2095 tamquam
747 2027 972 2090 fallacia,
990 2027 1274 2096 fraudeqne
1294 2029 1446 2096 plena

104 2114 236 2182 Papa
261 2123 504 2168 sacratus
530 2128 622 2168 eos
646 2115 844 2182 sprevit
872 2117 1114 2168 mandata
1144 2116 1390 2178 ferentes,

105 2203 440 2257 Damuandos
466 2204 628 2258 etiam
653 2212 891 2258 statuens
927 2207 1266 2258 anathemate
1303 2208 1440 2270 diro,

103 2292 398 2346 Promissae
434 2293 627 2346 dudum
659 2293 776 2346 ﬁdei
809 2295 852 2347 si
885 2309 1132 2363 rumpere
1161 2286 1346 2348 foedus

103 2379 462 2448 Temptarent,
501 2380 640 2447 quod
671 2396 791 2433 eum
820 2380 1009 2436 Carolo
1037 2382 1283 2450 pepigere
1312 2382 1570 2436 volentes.

106 2471 290 2538 Sicque
318 2470 675 2538 relinquentes
704 2470 897 2524 infecta
929 2472 1138 2540 negotia
1164 2468 1348 2540 pacis,

105 2560 175 2612 Ad
197 2560 424 2628 patriam
447 2561 650 2614 rediere
671 2575 841 2614 suam.
868 2561 1001 2623 Rex;
1033 2561 1116 2614 his
1143 2575 1351 2630 quoque
1376 2561 1562 2630 gestis,

103 2646 424 2700 Francorum
452 2646 622 2700 laetus
650 2657 979 2702 remeaverat
1003 2650 1054 2702 in
1088 2651 1377 2719 regionem,
1461 2653 1468 2656 ’

105 2735 496 2804 Conciliumque
522 2736 710 2790 deliine
739 2752 1018 2805 procerum
1043 2740 1289 2807 generale
1317 2755 1535 2795 suorum

106 2823 239 2875 Intra
263 2822 604 2878 Wormaciae
637 2841 818 2879 muros
847 2827 1075 2896 collegit,
1111 2835 1165 2880 et
1193 2828 1298 2882 illic

110 2910 367 2973 Decrevit,
400 2919 547 2965 certo
575 2927 681 2980 quo
710 2915 939 2969 disceret
963 2918 1343 2986 experimento,

112 3000 418 3054 Utrumnam
443 3001 654 3055 sibimet
677 3012 999 3059 memoratus
1027 3006 1229 3061 Tassilo
1253 3009 1410 3062 vellet

109 3087 328 3139 Iuratam
355 3101 571 3142 servare
601 3088 756 3142 ﬁdem
784 3091 1053 3146 subiectus
1075 3101 1129 3146 ct
1151 3109 1289 3148 esse.

111 3177 250 3230 Unde
271 3193 368 3231 suo
397 3177 614 3246 p0pulos
638 3193 798 3248 regno
811 3181 1063 3249 perduxit
1091 3183 1158 3237 ad
1196 3198 1380 3238 onmes

110 3267 280 3318 Fortia
308 3275 486 3320 castra
514 3268 692 3330 nimis,
724 3269 887 3322 ternis
910 3269 963 3322 in
986 3272 1226 3337 partibus
1252 3272 1363 3338 ipsa

113 3356 420 3423 Disponens,
448 3355 676 3410 Baioarii
703 3371 808 3425 quo
837 3365 984 3412 tanta
1009 3369 1264 3427 paverent

115 3444 355 3512 Agmina;
389 3459 512 3496 nam
544 3453 748 3500 terrore
773 3447 959 3516 magis,
991 3463 1148 3515 quam
1176 3451 1432 3516 sanguine
1457 3450 1574 3515 fuso

115 3536 452 3592 Christicolae
477 3538 640 3591 voluit
665 3540 833 3607 plebis
857 3556 1110 3610 superare
1137 3531 1414 3598 tumorem.
1453 3558 1470 3566 '

114 3621 375 3691 Pippinus,
406 3624 544 3694 regis
580 3634 750 3688 natus,
777 3641 896 3679 cum
928 3627 1095 3682 milite
1130 3629 1297 3683 multo

115 3711 297 3766 Italicis
323 3714 444 3767 illuc
473 3713 632 3767 fultus
659 3713 951 3784 legionibus
972 3716 1103 3780 ibat,

116 3800 308 3870 Perque
333 3802 706 3856 Tredentinam
728 3819 821 3856 sua
851 3805 1075 3858 duxerat
1101 3807 1310 3872 agmina
1338 3809 1544 3862 vallem.

99 3888 203 3940 ‘Ast
228 3889 500 3942 orientalis
527 3903 658 3957 quos
687 3891 818 3944 haec
842 3891 894 3944 in
921 3893 1116 3960 proelia
1143 3895 1290 3949 misit

118 3978 348 4044 Francia,
375 3968 610 4033 Saxonés
635 3982 792 4034 etiam
818 3990 927 4035 tum
957 3984 1106 4053 signa
1135 3997 1415 4054 sequentes

118 4067 288 4135 Regia,
318 4071 398 4123 sic
428 4071 574 4133 iussi,
601 4073 861 4138 quendam
887 4058 1421 4144 Pheringa’vocatum

116 4155 305 4208 Arrunti
329 4158 526 4224 petiere
550 4159 744 4222 locum,
768 4175 930 4229 prope
953 4161 1107 4216 litora
1128 4165 1303 4233 magni

119 4242 351 4305 Danubii,
383 4244 556 4311 prisco
583 4247 672 4314 qui
711 4249 924 4302 nomine
966 4250 1161 4303 dicitur
1187 4250 1382 4305 Hister.
1470 4247 1479 4256 ’

117 4331 220 4398 Ipse
245 4347 402 4401 super
424 4333 707 4398 Lccchum,
738 4345 916 4389 certus
944 4337 1034 4404 qui
1067 4339 1324 4394 terminus
1350 4341 1520 4395 amnis

117 4420 204 4474 Est
229 4423 366 4476 inter
387 4421 656 4477 Baioarios
685 4440 784 4478 nec
810 4441 913 4480 non
939 4425 1274 4489 Alamannos,

119 4508 265 4564 Urbis
289 4513 357 4565 ad
385 4512 649 4581 Augustae
676 4514 901 4567 conﬁnia
931 4522 1106 4568 castra
1133 4515 1347 4570 locavit.

119 4597 447 4667 Stipatusque
470 4616 628 4654 manu
655 4602 850 4666 valida,
887 4619 1006 4657 cum
1042 4604 1228 4679 Norica
1258 4621 1439 4674 regna,

119 4684 312 4740 Tassilo
342 4701 478 4755 quae
502 4688 687 4750 tenuit,
719 4687 859 4742 ferro
884 4699 1221 4758 prosternere
1245 4693 1418 4755 vellet,

120 4773 350 4844 Undique
374 4777 478 4830 dux
507 4776 645 4830 idem
674 4777 1079 4832 circumsessum
1102 4781 1128 4818 δ
1157 4781 1270 4834 fore
1295 4797 1410 4836 sese

119 4861 472 4931 Conspiciens,
496 4864 714 4933 supplex
742 4866 871 4918 adiit
899 4867 1319 4936 vestigia,rcgis,

122 4947 322 5003 Devotis
344 4951 506 5003 vitam
529 4952 772 5019 precibus
795 4954 1106 5022 veniamque
1134 4961 1398 5023 precatus.

120 5037 211 5101 Qui
231 5039 353 5106 quia
383 5047 566 5092 natura
599 5040 768 5094 fuerat
794 5041 1121 5108 mitissimus,
1155 5043 1247 5104 illi,

122 5124 276 5188 Quem
298 5126 506 5195 penitus
549 5127 899 5202 victumyidit
923 5130 1297 5199 humilemque,
1328 5133 1583 5201 pepercit.

124 5210 343 5265 Foedera
365 5214 538 5280 prisca
563 5222 739 5292 tamen
761 5231 942 5269 rursus
970 5215 1335 5273 Baioariorum
1417 5289 1422 5293 ί

123 5294 431 5364 Firmantur,
454 5300 644 5368 populo
670 5314 767 5370 per
792 5297 1124 5358 sacramenta
1146 5316 1329 5361 coacto

188 5476 210 5541 ξ
237 5463 518 5541 Sequetur.
549 5469 756 5541 Glossa,
785 5474 1115 5541 griedunard.

191 5533 215 5570 δ
236 5532 648 5605 ({ircungessum.
678 5532 882 5605 Glossa,
914 5543 1184 5597 bisctcnne.

189 5609 214 5671 ξ
240 5601 409 5671 Οὐκ*δῖ
435 5601 639 5667 Glossa,
662 5608 777 5671 gis].

191 5665 214 5705 δ
255 5668 332 5724 Au
380 5669 524 5732 fam?
566 5665 716 5728 Certe
761 5693 1016 5746 nusquam
1063 5680 1397 5738 Theodoucm
1437 5699 1644 5756 quoque

3184 422 3286 479 709

1742 615 1987 669 Preterea
2012 618 2120 686 regi
2154 619 2426 687 duodenus
2454 619 2682 673 traditur
2708 621 2864 674 obses
2887 631 2933 673 ο.

1744 702 2136 772 Regressusque
2160 705 2370 769 dehinc,
2400 706 2620 761 hiberno
2642 716 2879 776 tempore
2906 718 3018 763 toto

1745 789 1937 844 Mansit
1959 791 2010 845 in
2038 791 2414 862 lngulenheim,
2441 789 2594 847 sedes
2614 795 2703 848 ubi
2733 796 2875 864 regia
2899 794 3080 864 fulget.

2196 883 2345 935 Anno
2370 883 2490 938 788.
2526 883 2716 936 Indici.
2757 885 2841 938 10.

1746 968 1877 1023 Cum
1900 985 1992 1024 rex
2019 971 2070 1025 in
2096 971 2220 1026 villa
2243 973 2359 1026 ﬁeri
2389 974 2630 1028 iussisset
2651 977 2835 1030 eadem

1745 1056 2072 1112 Conventum
2095 1075 2375 1128 procerum
2405 1061 2680 1131 sollempni
2710 1078 2857 1120 more
2879 1079 3114 1125 suorum,

1746 1145 1878 1200 Cum
1905 1148 2119 1218 reliquis
2143 1151 2304 1204 etiam
2333 1150 2432 1205 fuit
2454 1152 2560 1207 illic
2585 1153 2790 1208 Tassilo
2816 1169 3086 1224 praesens.

1747 1234 1914 1299 Quem
1941 1238 2186 1305 proprius
2212 1239 2481 1307 quondam
2516 1242 2760 1312 populus,
2791 1245 2877 1298 cui
2903 1243 3130 1313 praefuit
3165 1245 3294 1314 ipse,

1746 1320 2068 1382 Criminibus
2095 1331 2300 1399 magnis
2327 1333 2727 1403 maiestatisque
2755 1331 2910 1391 reatu

1747 1413 2042 1482 Aecusans,
2069 1419 2208 1488 regis
2234 1421 2426 1475 merito
2451 1433 2814 1478 commoverat
2842 1427 3000 1492 iram,

1747 1502 1995 1560 Obiciens
2018 1508 2210 1576 primo,
2233 1511 2376 1578 quod
2401 1509 2610 1566 foedere
2636 1512 2918 1568 deditionis

1748 1590 2018 1661 Neglecto,
2046 1610 2150 1663 quo
2177 1599 2474 1654 subiectum
2502 1615 2594 1655 seu
2621 1613 2836 1670 pectore
2863 1603 3024 1657 ﬁdum

1752 1679 1820 1735 Se
1846 1680 1958 1737 fore
1989 1683 2203 1749 iuravit,
2228 1688 2381 1742 donis
2401 1691 2696 1759 crebroque
2719 1702 2906 1764 rogattt

1749 1765 2008 1839 Iustigans
2035 1772 2236 1837 Hunos,
2255 1774 2475 1830 Francis
2501 1778 2576 1832 ita
2601 1777 2801 1834 fecerat
2825 1782 3021 1844 hostes,

1679 1835 1728 1894 B
1760 1858 1826 1912 Ut
1852 1835 2045 1914 vellent
2068 1835 2292 1933 sumptis
2320 1873 2532 1921 vastare
2561 1866 2810 1923 ferociter
2837 1873 3003 1927 armis

1752 1945 1967 2000 Illorum
1995 1949 2128 2004 ﬁnes
2149 1950 2502 2022 Carolumque
2529 1955 2788 2012 lacessere
2814 1959 2970 2013 bello.

1756 2033 1879 2088 Eius
1907 2045 1964 2088 ut
1993 2038 2094 2092 hoc
2121 2038 2318 2094 faceret
2346 2041 2644 2113 Leutherga
2675 2058 2916 2102 suaserat
2938 2065 3094 2114 uxor,

1754 2123 1899 2188 Quae
1923 2119 2175 2182 Desiderii
2205 2127 2378 2184 fuerat
2405 2133 2528 2200 quia
2560 2133 2665 2188 ﬁlia
2698 2140 2858 2206 regis,

1751 2215 1878 2269 Post
1905 2219 2072 2285 patris
2099 2219 2314 2274 exilium
2344 2221 2562 2278 Francis
2589 2225 2802 2280 inimica
2835 2231 3100 2294 manebat,

1753 2303 2126 2374 Foemineique
2153 2323 2346 2376 gerens
2366 2312 2471 2365 odii
2501 2315 2598 2366 sub
2627 2325 2840 2383 pectore
2865 2316 3126 2382 ﬂammas,

1754 2390 1960 2446 Mittere
1988 2395 2091 2448 iam
2116 2397 2336 2466 populos
2365 2400 2419 2453 in
2443 2415 2647 2456 summa
2672 2405 2906 2473 pericula
2935 2424 3100 2476 pravo

1753 2480 1985 2536 Consilio
2012 2483 2235 2548 studuit,
2266 2503 2369 2540 non
2398 2504 2615 2555 curans,
2643 2495 2896 2562 sanguine
2923 2479 3123 2565 quanto

1754 2566 1977 2622 Humani
2003 2573 2213 2640 generis
2238 2574 2376 2640 fuso,
2403 2587 2534 2646 quot
2561 2581 2832 2651 utrimque
2861 2586 3096 2652 perirent

1754 2655 1914 2720 Milia,
1940 2659 2064 2714 dum
2096 2669 2299 2716 tantum
2325 2663 2544 2720 Francis
2571 2668 2769 2723 inferre
2796 2672 3007 2728 labores

1751 2745 2015 2802 Bellorum
2043 2759 2287 2820 satagens
2311 2766 2411 2808 nec
2441 2771 2543 2808 non
2572 2758 2844 2827 dispendia
2868 2778 3064 2828 rerum,

1755 2833 1947 2890 Ulcisci
1976 2848 2183 2905 patrem
2213 2839 2304 2893 tali
2333 2845 2539 2898 ratione
2566 2847 2788 2901 valeret.

1750 2921 2031 2979 Praeterea
2056 2927 2211 2982 dictis
2226 2942 2329 2988 seu
2363 2930 2518 2988 factis
2544 2936 2786 3004 pluribus
2815 2940 2885 2993 illi

1751 3014 2002 3078 ()biectis,
2044 3019 2237 3086 quibus
2283 3023 2476 3080 indicio
2521 3025 2757 3082 clarebat
2781 3038 2988 3098 aperto,

1751 3102 1902 3167 Quod
1930 3105 2121 3159 violata
2150 3108 2279 3164 ﬁdes
2305 3121 2465 3177 esset,
2489 3117 2630 3183 quod
2658 3116 2872 3174 foedere
2898 3129 3076 3190 spreto

1757 3191 1958 3246 Tassilo
1985 3195 2196 3250 molitus
2224 3196 2384 3252 fuerit
2411 3205 2677 3258 contraria
2708 3209 2842 3275 regi,

1752 3280 1864 3348 Ipse
1893 3283 2024 3336 nihil
2051 3285 2241 3339 borum
2270 3287 2353 3341 vel
2381 3302 2627 3360 coeperat
2650 3295 2876 3351 inﬁciari

1753 3369 1848 3424 Vel
1875 3378 2101 3438 poterat,
2127 3375 2220 3429 sed
2245 3378 2519 3434 convictu's
2540 3396 2726 3448 noxae,
2756 3387 2969 3454 capitali

1752 3458 2078 3526 Dampnatur
2103 3477 2291 3530 poena.
2326 3465 2511 3522 Merito
2538 3470 2615 3524 sic
2643 3474 2819 3526 evenit
2845 3475 2942 3539 illi,

1751 3547 2037 3602 Consilium
2067 3552 2307 3620 quisquis
2329 3552 2490 3608 fuerit
2521 3559 2773 3614 muliebre
2793 3572 3024 3618 secutus.

1749 3635 1820 3688 At
1859 3637 1997 3706 regis
2025 3639 2196 3706 pietas
2225 3641 2564 3712 dampnatum
2604 3650 2846 3716 protinus
2881 3653 3024 3707 illum

1749 3721 2004 3787 Absolvit,
2036 3728 2313 3784 retrahens
2340 3732 2452 3798 ipso
2481 3734 2545 3787 de
2573 3735 2752 3792 limine
2780 3742 2987 3804 mortis,

1752 3811 1817 3864 Et
1841 3812 2041 3868 factum
2070 3823 2386 3874 monachum
2411 3837 2625 3881 servare
2657 3813 3030 3888 monasteriale

1750 3900 2081 3972 Propositum
2107 3907 2278 3962 iussit.
2307 3910 2514 3968 Iuvenis
2539 3931 2748 3987 quoque
2776 3931 2931 3978 natus
2955 3926 3023 3978 ab
3049 3927 3156 3991 illo,

1748 3989 1949 4046 Nomen
1979 3994 2176 4050 habens
2202 3997 2436 4064 Theodo,
2467 4007 2719 4072 genitoris
2747 4010 2886 4065 facta
2911 4013 2936 4051 ἀ
2965 3989 3198 4082 secutus,

1748 4077 2196 4150 Contemplativae
2223 4103 2530 4159 susceperat
2559 4097 2667 4151 otia
2693 4101 2854 4156 vitae.

1746 4168 1814 4221 At
1843 4185 1969 4225 vero
1996 4171 2153 4239 Huni,
2187 4179 2375 4234 studiis
2403 4197 2532 4251 gens
2571 4174 2758 4256 aspera
2797 4192 2940 4254 belli,

1748 4259 1989 4317 Praefato
2015 4268 2271 4334 promissa
2297 4269 2414 4324 duci
2446 4276 2708 4344 complere
2736 4283 3024 4340 studentes.

1745 4347 2020 4406 Instructis
2048 4356 2372 4411 exercitibus
2399 4375 2621 4429 coepere
2649 4365 2858 4424 duobus

1676 4450 1729 4509 ι)
1753 4437 2077 4494 Francorum
2105 4445 2249 4511 regni
2279 4445 2411 4502 ﬁnes
2436 4452 2682 4508 invadere
2709 4460 2983 4524 quosdam.

1751 4526 1930 4582 Italiae
1954 4541 2129 4598 partes
2156 4550 2318 4589 ttnum
2341 4550 2708 4606 penetraverat
2728 4561 2938 4615 agmen,

1751 4615 1968 4685 Quaque
1995 4619 2132 4673 Foro
2158 4638 2346 4677 nomen
2375 4627 2594 4682 dederas
2619 4631 2911 4689 clarissime
2933 4635 3047 4703 Iuli,

1751 4705 1908 4759 Urbis
1933 4707 1999 4760 ad
2021 4708 2256 4762 eiusdem
2295 4713 2522 4769 conﬁnia
2548 4728 2769 4773 venerat
2791 4721 2977 4777 hostis.

1745 4792 1940 4846 Invasit
1962 4795 2232 4852 Baioarios
2257 4802 2521 4858 exercitus
2545 4805 2697 4870 alter,

1748 4880 1852 4934 Sed
1883 4882 2072 4936 frustra
2102 4899 2116 4937 :
2147 4893 2288 4941 totus
2315 4892 2560 4957 quoniam
2588 4905 2807 4952 conatus
2827 4898 2998 4956 inanis

1746 4969 1795 5022 ls
1825 4969 2016 5034 fuerat,
2055 4974 2280 5042 victique
2307 4977 2424 5032 loco
2450 4982 2707 5037 ceduntur
2729 4995 2971 5057 utroque.

1749 5058 1842 5112 His
1865 5075 2072 5129 quoque
2102 5066 2422 5132 temporibus
2445 5068 2734 5126 Grecorum
2764 5077 2938 5132 nobile
2968 5081 3102 5134 rexit

1748 5147 2025 5216 Imperium
2048 5150 2443 5220 Constantinus,
2471 5160 2558 5225 qui
2588 5162 2892 5230 splendidus
2916 5179 3038 5223 ortu

1750 5238 1965 5292 Debitus
1988 5243 2224 5310 angustis
2244 5245 2481 5312 patribus
2501 5263 2828 5308 successerat
2853 5257 3028 5312 lieres.

1751 5325 1849 5391 Qui
1882 5327 1984 5381 iam
2009 5332 2261 5398 preterito
2287 5333 2461 5389 missis
2488 5353 2731 5394 oraverat
2755 5358 2893 5398 anno

1749 5499 2057 5581 proditionis
2087 5503 2639 5581 insimtdatunrfuisse
2657 5512 2922 5581 reperias;
2970 5515 3012 5567 si
3043 5515 3171 5581 facta
3198 5530 3276 5569 re-

1750 5567 2102 5688 tinerlelvelis,
2152 5588 2214 5626 eo
2245 5575 2365 5627 vitte
2414 5577 2672 5632 clericalis
2713 5567 3277 5654 electionem'intclligi

1750 5649 1876 5688 onor
1902 5651 1929 5688 c
1959 5676 1969 5688 .

1749 5649 1969 5702 oportet.
