3886 6228
510 329 629 383 703‘
1812 326 2049 383 pomis
2087 324 2369 380 SAXONIS
3314 302 3321 309 ’
3579 320 3693 371 τοι

508 439 736 506 Legatis,
774 445 830 490 ut
858 450 915 491 se
950 449 1197 505 generum
1225 435 1483 504 dignantis
1522 435 1717 490 habere
2053 438 2101 492 Δ
2127 430 2231 485 Nec
2253 431 2421 499 potuit
2448 430 2669 484 tolerare
2688 431 2775 484 diu
2800 432 2899 484 hoc
2918 430 3127 485 inclitus
3156 432 3370 489 archos.

510 525 806 591 Susciperet
831 531 1007 575 natam
1035 522 1205 575 Caroli
1229 523 1328 575 sibi
1356 521 1755 575 eousociandam
2128 518 2229 572 Sed
2250 518 2451 586 populis
2476 533 2652 575 secum
2677 520 2837 572 variis
2859 518 3167 587 legioneque
3190 518 3359 571 multa

508 614 739 667 Foeder‘e
766 611 991 679 coniugii
1021 628 1034 662 :
1062 611 1153 665 sed
1184 625 1303 678 spes
1330 610 1577 663 frustrata
1602 618 1865 678 petentum
2123 606 2422 671 Assumpta,
2454 612 2661 673 gentem
2681 605 2880 657 studuit
2905 614 3180 671 penetrare
3205 618 3521 672 procacem.

510 700 651 753 More
673 700 813 752 leves
838 698 991 753 solito
1016 695 1210 751 Grecos
1244 698 1525 750 commovit
1554 700 1605 751 in
1635 700 1786 753 iram.
2124 691 2219 745 Cui
2245 707 2334 759 per
2362 692 2629 747 Saxonum
2654 700 2823 746 terras
2850 694 2950 746 iter
2968 693 3104 745 istud
3128 694 3304 760 agenti

508 788 641 841 Hine
658 788 799 840 dedit
824 795 1044 855 augusto
1071 787 1268 854 pariter
1290 802 1382 839 sua
1410 787 1554 839 curia
1578 787 1676 839 tale
2123 778 2273 831 Albia
2307 780 2629 837 traiciendus
2643 788 2760 833 erat
2784 779 3073 833 latissimus
3098 780 3287 834 amnis.

507 877 809 937 Consilium,
832 876 1038 943 penitus
1057 888 1160 941 quo
1180 889 1284 927 non
1311 882 1576 941 pateretur
1600 874 1839 936 inultum,
2125 868 2233 921 lllic
2255 868 2584 941 immensum,
2609 866 2796 935 positis
2824 866 2884 919 iu'
2898 867 3075 920 littore
3106 868 3313 930 castris.

506 964 655 1027 Quod
680 979 771 1017 rex
796 954 1112 1031 contempsit
1137 961 1355 1017 Carolus
1380 970 1646 1029 praestare
1676 964 1870 1032 petitos
2124 957 2218 1011 Est
2244 972 2373 1025 opus
2397 970 2691 1025 aggressus.
2716 956 2873 1010 celeri
2898 956 3036 1024 quod
3064 954 3170 1009 ﬁne
3190 954 3416 1024 peregit.

507 1055 736 1123 Virginis
758 1053 1027 1122 amplexus
1054 1052 1145 1114 illi,
1175 1052 1259 1105 cui
1285 1066 1486 1105 summa
1513 1061 1745 1119 potestas
2125 1045 2254 1098 Nam
2281 1047 2488 1114 gemino
2516 1046 2702 1100 stravit
2724 1060 2881 1113 quam
2902 1045 3129 1099 maxima
3154 1052 3313 1111 ponte
3335 1043 3571 1107 ﬂuenta,

506 1142 775 1197 Mortalem
804 1144 888 1195 vix
917 1157 1033 1197 esse
1060 1158 1239 1210 parem
1264 1144 1591 1211 permitteret
1624 1143 1805 1197 ullum.

1762 1158 1805 1197 η,
2125 1133 2191 1186 Ει
2212 1140 2367 1200 caput
2396 1132 2560 1199 ipsius
2591 1132 2728 1186 vallo
2756 1132 2980 1185 munivit
3000 1138 3296 1198 utrumque,

459 1250 466 1257 -
505 1229 583 1283 Ob
611 1231 711 1283 hoc
737 1229 1019 1298 praefecto,
1046 1231 1131 1284 cui
1156 1245 1441 1299 procurare
1470 1232 1686 1285 Sicanas
2128 1221 2400 1287 lmpouens
2422 1228 2476 1273 et
2498 1220 2838 1288 praesidium,
2862 1236 2928 1272 ne
2956 1218 3090 1274 forte
3108 1234 3344 1287 regresso

505 1302 742 1370 Ollicium
774 1317 940 1379 fuerat
962 1320 1216 1388 regiones.
1247 1322 1457 1375 nomine
1483 1322 1623 1375 dicto

2127 1308 2255 1373 Quis
2282 1309 2562 1376 prohibere
2586 1310 2724 1362 viam
2752 1323 2910 1377 super
2938 1308 3046 1361 alto
3068 1307 3277 1362 ﬂumine
3305 1318 3565 1373 stratam,

506 1404 800 1469 Theodoro,
827 1405 1019 1461 iunctis
1045 1407 1264 1461 ducibus
1282 1408 1744 1477 quoque,pluribus
1763 1409 1859 1476 illi,
2128 1396 2407 1464 Lignorum
2431 1406 2581 1465 ruma
2603 1397 2772 1466 fragili
2795 1412 3065 1466 compage.
3090 1397 3305 1476 valeret:

508 1491 616 1544 Hoc
644 1507 773 1559 opus
800 1493 973 1548 edicto
1000 1495 1341 1548 mandaverat
1369 1495 1653 1565 imperiali,
2129 1483 2262 1536 Exin
2290 1482 2571 1539 Wiltorum
2594 1484 2621 1522 ι’
2649 1491 2823 1539 terras
2844 1485 3111 1536 invaserat
3136 1497 3288 1537 amne

508 1578 576 1633 Ut
600 1580 697 1632 sibi
726 1582 996 1649 contiguas
1022 1590 1256 1637 vastaret
1280 1585 1521 1651 protinus
1548 1600 1671 1639 oras
1729 1641 1735 1647 _
2130 1571 2481 1635 Τι’θιιειῐιίδεον
2504 1586 2635 1639 (μηδ
2665 1587 2785 1626 cum
2809 1570 2950 1625 ίθπο
2971 1578 3203 1625 νεειπει
3224 1581 3277 1626 ει
3304 1573 3439 1639 iﬁlli.

508 1665 675 1735 Regni
702 1667 1055 1738 Francorum,
1087 1670 1165 1724 sic
1189 1671 1450 1725 incentiva
1478 1674 1678 1727 moveri
2061 1735 2090 1738 ᾗ
2132 1658 2468 1711 Barbaricum
2490 1659 2663 1712 subito
2690 1658 2891 1711 domuit
2910 1666 3111 1711 terrore
3136 1666 3419 1711 tumorem.

506 1753 795 1819 Disponens
821 1735 939 1811 hem
968 1758 1227 1825 generalis
1251 1759 1587 1826 suscipiendi.
2060 1735 2105 1793 B
2134 1742 2365 1810 Denique
2390 1742 2705 1795 Francorum
2728 1742 2905 1795 multis
2928 1743 3015 1797 ubi
3045 1752 3217 1795 castra
3236 1741 3437 1796 referta

507 1842 610 1895 Sed
637 1858 754 1896 cum
782 1843 1040 1911 primores
1067 1843 1191 1899 Grai
1218 1846 1316 1898 sibi
1348 1846 1489 1899 iussa
1518 1846 1703 1911 secuti,

2132 1830 2467 1898 Conspiciunt
2497 1830 2700 1897 populis
2723 1829 2887 1887 Wilti.
2919 1828 3200 1883 fortissima
3225 1832 3473 1896 quamvis

507 1928 810 1996 Hesperium
838 1930 957 1985 mus
986 1920 1106 1985 [οηί
1135 1948 1252 1985 cum
1287 1932 1453 1986 classe
1479 1934 1731 2001 petissem
2131 1913 2281 2001 ςιθηὸκ
2297 1914 2429 1967 foret
2452 1922 2505 1967 et
2529 1926 2745 1968 numero
2768 1913 2986 1981 pollens,
3016 1915 3304 2001 certamina
3323 1916 3451 1969 belli

508 2016 576 2070 Ut
602 2016 965 2071 Beneventane
991 2019 1142 2074 villas
1168 2021 1395 2088 regionis
1423 1986 1667 2075 et‘urbcs

2131 2000 2453 2055 omnimodis
2483 2002 2686 2070 fugiens
2715 2016 2771 2054 se
2796 2002 2991 2055 dedidit
3016 1986 3136 2055 ilico
3159 2003 3286 2070 regi,

506 2106 954 2176 Depopularentur
980 2111 1121 2166 ferro
1150 2111 1462 2180 ﬂammaque
1488 2113 1692 2176 voraci,
2130 2090 2377 2180 inprimi?»
2397 2104 2488 2180 re?
2513 2090 2813 2180 Prasawi“,
2839 2104 2995 2158 quem
3020 2091 3194 2180 "owe
3218 2091 3421 2145 Clan

506 2192 796 2248 occurrere
824 2191 982 2250 duces
1006 2197 1200 2261 eam“;
1233 2176 1422 2265 (“mnis
1450 2200 1535 2253 ma
1560 2200 1694 2254 meri
1894 2240 1897 2243 _
2130 2176 2262 2265 Prae
2288 2177 2502 2244 reliquis
2528 2177 2651 2231 fecit
2669 2192 2831 2245 genus
2848 2185 2902 2230 et
2927 2177 3183 2231 maturior
3208 2186 3371 2231 actas.

504 2278 641 2331 Cura
668 2278 765 2332 fuit
789 2280 923 2343 loca,
955 2283 1234 2351 praecipue
1251 2262 1576 2347 ‘Grimoldus,
1609 2287 1663 2341 iu
1698 2285 1813 2355 ipso
2131 2262 2763 2355 [δξληξίῖυθ-Ρτθνίηίιυπέί
2787 2279 2906 2317 cum
2936 2278 3027 2317 τε*
3052 2265 3187 2318 illius
3206 2265 3271 2319 ad
3295 2267 3507 2355 Vrbem,

507 2366 618 2418 Dux
652 2381 788 2420 anno
816 2348 987 2423 factus
1012 2348 1161 2437 patre
1187 2386 1283 2439 pro
1315 2368 1560 2426 defuncto
1595 2348 1837 2443 Aragiso,

1777 2387 1837 2437 Ὀ,
2130 2348 2328 2443 ρϋνίιιε
2360 2350 2469 2443 ipse
2490 2365 2584 2443 suo
2616 2350 2809 2443 pariter
2826 2358 3153 2443 processerat
3170 2353 3311 2405 omni

507 2454 612 2508 Νρο
639 2471 739 2509 non
764 2455 960 2525 εμοιειί
988 2434 1168 2521 dm,
1188 2434 1311 2514 'cum
1338 2461 1502 2517 milite
1529 2434 1731 2516 multo“
1822 2434 1830 2437 ’
2129 2434 2259 2525 Cum
2283 2436 2492 2504 populo,
2519 2436 2689 2490 Caroli
2711 2451 2827 2490 sese
2856 2437 3068 2490 tradens
3095 2437 3304 2491 dicioni.

505 2524 877 2598 Hildibrandus
904 2546 970 2599 ad
994 2547 1096 2599 hoc
1116 2546 1308 2602 bellum
1334 2550 1647 2616 properabat
1668 2550 1950 2618 agendum.
2131 2524 2220 2618 §i°
2240 2541 2447 2618 (ἶυοίῖυξθ
2472 2543 2589 2580 cum
2607 2528 2831 2618 finibus
2857 2542 2987 2596 8⁸³³⁸
3010 2536 3061 2580 et
3086 2528 3402 2618 ἓῗίιξξοτίδυδ
3434 2529 3523 2581 ί¹¹²

504 2629 737 2698 Cumque
765 2646 928 2686 novos
951 2632 1129 2687 hostes
1153 2609 1683 2705 Opibus-numeroque
1703 2609 1941 2705 potentes
2130 2609 2326 2705 9⁸³⁸⁸⁸³
2353 2612 2462 2665 suis
2486 2612 2794 2705 Ῠθηξίιξτθξη
2815 2620 3064 2705 “Pen”
3089 2612 3229 2687 ﬁdeli.-

507 2697 711 2785 ιεηοιδε
737 2718 910 2788 lingua
937 2720 1159 2780 celebris
1312 2721 1449 2776 fama
1478 2697 1721 2777 ,εί-θέτε(
2130 2697 2171 2788 1:
2178 2713 2450 2752 raucorum
2479 2699 2705 2788 dominis
2726 2700 2855 2752 dans
2876 2700 3165 2752 iuramenta
3185 2700 3485 2768 spopondit.

506 2785 843 2869 Adventasse,
865 2807 1027 2860 maris
1053 2808 1272 2861 traiecto
1293 2810 1497 2877 gurgite
1519 2817 1687 2874 vasto,

2131 2785 2263 2838 Tum
2288 2800 2378 2839 rex
2405 2787 2673 2840 obsidibus
2694 2801 2826 2853 quos
2854 2788 3080 2841 iusserat
3103 2788 3213 2854 ipse
3236 2789 3483 2855 receptis,

512 2890 738 2945 Urbibus
759 2892 951 2947 Italicis
975 2907 1040 2947 ex
1067 2873 1318 2962 pluribus
1329 2873 1471 2949 arma
1500 2873 1680 2951 suasit

2130 2873 2196 2925 Et
2218 2873 2371 2927 simul
2393 2875 2491 2927 hoc
2509 2874 2697 2941 populo
2731 2873 2820 2927 tali
2856 2874 3053 2928 ratione
3075 2875 3304 2936 subacto,

506 2981 667 3036 Obvia
694 2980 832 3035 ίειτρ
850 2982 993 3036 viros
1017 2983 1309 3038 οοηίυηαίε
1339 2986 1538 3039 viribus
1556 3001 1738 3041 omnes
2132 2964 2363 3019 Tramite
2384 2980 2487 3032 quo
2509 2965 2652 3018 venit
2678 2972 3022 3020 memoratum
3043 2980 3223 3018 rursus
3246 2967 3312 3019 ad
3338 2982 3554 3019 amnem

509 3071 578 3125 Ut
597 3070 694 3123 sibi
718 3070 1048 3125 consulerent
1067 3074 1421 3143 praedonibus
1450 3074 1568 3129 inde
1593 3076 1830 3144 repulsis.
2057 3057 2105 3118 (ἶ
2134 3053 2295 3144 fenei
2323 3068 2477 3106 curs“
2501 3053 2679 3144 “idm;
2698 3053 3003 3144 ⁰ξ¹¹¹ίῗιί⁵ξξ¹¹θ
3023 3051 3249 3144 “idum”

505 3157 621 3223 Quo
644 3166 786 3211 motu
813 3173 1027 3225 prorsus
1053 3137 1303 3215 concussa
1331 3160 1572 3215 Calabria
1601 3137 1707 3216 tota
2132 3138 2233 3225 ἐπ’
2252 3148 2459 3207 Ροηιθηι
2486 3140 2711 3207 ιπορι-ίίδ
2733 3137 3038 3206 legionibus:
3065 3138 3174 3205 ipse
3194 3151 3437 3189 τενοιῖυε

508 3247 607 3299 Vix
636 3223 883 3312 umquam
909 3246 1075 3300 fertur
1098 3248 1294 3303 similes
1314 3256 1547 3317 spectata
1578 3250 1832 3304 tumultus
1851 3263 1899 3315 II,

1851 3263 1899 3315 ,ι’
2132 3223 2420 3279 Wormatia
2448 3233 2653 3294 tempus
2673 3225 2859 3279 hiemis
2881 3225 3131 3294 transegit
3151 3224 3203 3276 in
3235 3226 3380 3278 urbe.

508 3333 564 3385 ln
594 3347 695 3400 qua
728 3334 1021 3388 conseritur
1047 3350 1214 3404 pugne
1240 3345 1507 3391 certamen
1528 3336 1809 3405 utrimque.
2296 3398 2299 3399 ν
2582 3335 2724 3386 Anno
2757 3332 2877 3386 790.
2907 3332 3095 3385 Indict.
3127 3333 3209 3385 l2.

509 3422 708 3490 lugenti
736 3423 907 3476 studio
927 3424 1083 3477 sumit
1112 3440 1234 3494 pars
1259 3426 1390 3479 iusta
1421 3426 1715 3493 tropheum.
2136 3425 2230 3478 lic
2255 3425 2407 3479 modo
2428 3424 2572 3478 Musa
2598 3438 2783 3476 novam
2813 3421 2985 3477 Caroli
3013 3424 3259 3491 deprome
3281 3423 3533 3489 quietem.
3580 3444 3583 3445 ν

511 3509 659 3563 Cedit
678 3510 873 3563 Achiva
899 3512 1106 3575 cohors,
1142 3512 1373 3567 Danaum
1410 3515 1534 3568 dant
1560 3523 1703 3582 terga
1735 3516 2036 3586 phalanges,
2134 3513 2227 3565 Est
2261 3513 2344 3566 hic
2367 3513 2567 3578 primus
2586 3512 2723 3564 enim
2747 3517 3019 3578 postquam
3049 3519 3355 3577 regnaverat
3378 3525 3576 3571 annus,

511 3597 796 3651 Grecorum
822 3600 1070 3665 quoniam
1101 3614 1308 3667 semper
1333 3616 1461 3670 gens
1490 3610 1702 3656 strenua
1730 3603 1923 3672 lingua,
2134 3600 2248 3664 Quo
2272 3616 2375 3653 non
2401 3615 2519 3653 cum
2551 3599 2777 3667 propriis
2806 3598 2941 3651 foret
2962 3598 3012 3650 in
3045 3599 3320 3665 longinqua
3341 3600 3624 3665 profectus

510 3681 666 3751 Pigra
696 3698 869 3747 manu,
902 3692 1101 3737 tantum
1130 3684 1297 3739 facilis
1326 3687 1458 3741 solet
1476 3702 1592 3741 esse
1615 3690 1900 3753 movendis,
2136 3686 2406 3750 Militibus,
2431 3702 2521 3741 seu
2553 3687 2785 3740 diversos
2807 3695 2863 3738 ut
2891 3695 3152 3740 sterneret
3178 3686 3372 3748 hostes,

512 3768 614 3821 Sed
642 3772 771 3822 bene
794 3770 1079 3825 tractandis
1104 3772 1243 3825 haud
1275 3780 1418 3825 extat
1445 3774 1628 3827 idonea
1659 3775 1822 3828 bellis.
2134 3780 2239 3825 Aut
2261 3775 2375 3827 aliis
2399 3788 2605 3846 quoque
2624 3788 2719 3842 pro
2739 3774 2912 3827 causis
2937 3787 2999 3827 ac
3021 3775 3176 3826 rebus
3195 3774 3426 3839 agendis.

514 3855 749 3909 Victores
775 3856 931 3924 igitur
948 3856 1118 3910 Caroli
1143 3858 1344 3913 rediere
1368 3858 1564 3923 ﬁdeles,
2136 3860 2229 3913 Cui
2252 3875 2371 3912 eum
2402 3859 2721 3913 Wormatiae
2752 3858 2960 3912 tandem
2990 3860 3219 3913 residere
3245 3858 3445 3922 liceret,

512 3942 759 3996 Hostibus
782 3944 1067 3997 innumeris
1089 3945 1285 4009 caesis;
1316 3947 1505 4013 praeda
1530 3962 1736 4016 quoque
1762 3948 1922 4002 multa
2135 3947 2242 4000 lllic
2267 3946 2534 4000 Hunorum
2548 3946 2743 4003 missos
2770 3945 2988 4009 audivit,
3012 3945 3076 3999 ad
3097 3943 3211 3999 illos

514 4030 579 4082 Et
607 4032 928 4097 captivorum
955 4033 1106 4084 turba
1134 4047 1227 4084 sua
1250 4042 1423 4087 castra
1454 4035 1734 4101 replentes,
2136 4034 2248 4101 lpse
2272 4048 2392 4087 suos
2417 4033 2571 4085 etiam
2599 4031 2743 4085 misit
2772 4046 2787 4084 :
2814 4047 2935 4084 nam
2956 4032 3362 4085 maxima‘causa

514 4119 723 4187 Absque
752 4119 893 4185 gravi
920 4118 1145 4188 dampno
1168 4135 1409 4196 magnum
1436 4136 1631 4191 cepere
1651 4123 1990 4193 triumphum.
2137 4120 2241 4173 llos
2264 4120 2397 4173 inter
2416 4119 2630 4187 populos
2646 4118 2791 4172 litem
2811 4119 3092 4172 commovit
3111 4125 3358 4181 atrocem,

516 4211 646 4263 Tum
672 4210 966 4263 Baioariam
993 4224 1050 4264 se
1072 4211 1292 4265 contulit
1316 4212 1368 4263 in
1396 4212 1661 4280 regionem
2139 4208 2270 4259 Dum
2296 4222 2399 4276 quo
2420 4221 2699 4275 regnorum
2724 4206 2947 4261 conﬁnia
2976 4214 3117 4259 certa
3142 4220 3351 4258 suorum

517 4298 630 4352 Rex
659 4297 895 4360 Carolus,
920 4298 1223 4366 cunctisque
1245 4300 1352 4352 suis
1377 4315 1494 4353 cum
1518 4300 1707 4353 ﬁnibus
1729 4300 1891 4369 ipsam
2066 4355 2113 4369 _
2139 4296 2265 4348 Esse
2292 4295 2404 4349 loco
2431 4296 2594 4349 veteri
2620 4296 2869 4349 deberent
2893 4295 3005 4347 iure
3036 4302 3249 4358 statuta,

517 4387 803 4453 Disponens
831 4355 1213 4441 commendavit
1235 4388 1524 4441 rectoribus
1543 4389 1696 4454 aptis.
1748 4355 1762 4369 ³
1902 4385 1913 4396 ⁸
2066 4355 2118 4414 Ῑ)
2139 4380 2336 4450 lugenti
2362 4382 2532 4435 studio
2554 4381 2933 4449 disceptaretur
2955 4382 3235 4448 utrimque.

518 4474 583 4527 Et
611 4474 814 4528 rediens
840 4474 891 4524 in
920 4472 1249 4540 Aquisgrani,
1277 4488 1431 4541 quam
1456 4474 1683 4528 condidit
1703 4474 1815 4541 ipse
2139 4469 2277 4523 Haec
2302 4479 2357 4522 et
2379 4469 2526 4537 origo
2554 4469 2652 4521 fuit
2675 4468 2814 4529 belli,
2840 4469 2977 4537 quod
3004 4468 3278 4536 posteriori

516 4560 700 4612 Aulam
724 4558 1073 4627 magniﬁcam,
1102 4559 1311 4612 sibimet
1334 4561 1629 4628 gratissima
1656 4559 1789 4613 festa
2140 4556 2394 4625 Tempore
2414 4572 2531 4610 cum
2558 4556 2722 4609 Hunis
2745 4556 2929 4609 Franci
2952 4557 3174 4625 gessisse
3196 4557 3510 4624 probantur.

518 4645 714 4699 Natalis
735 4645 957 4708 Domini,
982 4653 1220 4698 sanctum
1248 4660 1456 4713 quoque
1478 4649 1670 4713 pascha
1690 4648 1908 4715 peregit.
2140 4644 2243 4698 Sed
2268 4658 2358 4696 rex
2383 4659 2479 4698 nec
2506 4644 2730 4712 spatium
2754 4652 2961 4712 torpere
2987 4659 3080 4711 per
3108 4646 3213 4697 otia
3237 4659 3456 4712 parvum

978 4734 1122 4785 Anno
1148 4733 1267 4787 789.
1302 4733 1490 4787 Indict.
1519 4735 1602 4787 ll.
2139 4733 2406 4799 Dignatus,
2432 4747 2638 4800 semper
2660 4732 2750 4785 sed
2777 4736 3021 4784 Strenuus
3050 4730 3219 4784 indole
3245 4731 3454 4793 mentis,

519 4819 659 4873 Gens
682 4830 762 4873 est
782 4819 1054 4874 Slavorum
1077 4819 1227 4873 ‘Wilti
1256 4822 1561 4895 cognomine
1580 4822 1739 4885 dicta,
1794 4820 1805 4827 ’
2139 4820 2229 4874 Est
2256 4835 2529 4889 aggressus
2550 4822 2650 4874 iter
2673 4819 2899 4873 Moiuum
2920 4818 3099 4872 navale
3124 4821 3218 4886 per
3244 4834 3482 4883 amnem,
3506 4846 3512 4850 -

414 4932 417 4933 ν
520 4906 763 4961 Proxima
786 4906 1023 4961 litoribus
1047 4922 1147 4975 que
1172 4908 1403 4975 possidet
1424 4922 1545 4961 arva
1566 4909 1840 4976 supremis,
1971 4915 1979 4921 '
2137 4909 2483 4975 Ascenditque
2510 4922 2599 4975 per
2628 4908 2787 4971 hunc,
2808 4908 2972 4960 donec
2994 4921 3154 4975 prope
3177 4907 3377 4959 moenia
3399 4908 3559 4961 venit

520 4993 689 5063 [ungit
720 4994 808 5048 ubi
827 5008 1022 5047 oceano
1046 4995 1284 5063 proprios
1302 4992 1582 5048 Germania
1606 4994 1753 5049 lines.
2140 4996 2320 5065 Magna
2343 4996 2603 5063 palatinae
2626 4995 2782 5058 sedis,
2806 4994 2916 5048 Salt
2944 4993 3152 5046 nomine
3177 4992 3337 5054 dicta,

523 5081 663 5135 Haec
683 5081 897 5135 Francis
919 5082 1126 5135 inimica
1149 5082 1304 5136 nimis
1336 5098 1459 5137 cum
1484 5090 1717 5150 tempore
1743 5084 1905 5140 multo
2140 5084 2382 5139 Nascenti
2404 5084 2574 5137 vicina
2598 5083 2775 5149 Salae;
2800 5098 2917 5136 nam
2944 5080 3172 5134 ﬂuminis
3203 5081 3357 5134 huius

525 5170 697 5230 Esset,
730 5170 807 5222 eis
833 5170 911 5222 vel
938 5170 1198 5224 subiectos
1226 5170 1305 5224 vel
1336 5170 1542 5227 foedere
1570 5172 1773 5227 iunctos
2140 5174 2300 5227 Rivus
2322 5174 2491 5227 adhuc
2516 5160 2748 5228 modicus
2778 5174 2906 5226 haec
2927 5173 3035 5240 ipsa
3057 5171 3248 5238 palatia
3271 5169 3462 5237 cingit.

527 5256 829 5310 Sclavorum
854 5258 1072 5325 populos
1093 5258 1300 5311 sibimet
1321 5260 1527 5327 regione
1554 5262 1872 5329 propinquos
2142 5262 2237 5314 Vix
2260 5276 2470 5314 raucum
2491 5277 2584 5329 per
2604 5277 2729 5314 saxa
2758 5261 2901 5312 ciens
2930 5258 3223 5312 resonantia
3242 5271 3510 5311 murmur.

528 5340 788 5395 lnsectans
812 5343 964 5405 odiis,
989 5344 1123 5399 bello
1146 5360 1353 5414 quoque
1376 5362 1496 5415 sepe
1516 5350 1800 5415 proruebat.
2144 5348 2416 5416 Dispositis
2445 5348 2513 5401 ibi
2536 5348 2709 5408 rebus,
2736 5362 2868 5413 aqua
2892 5345 3153 5399 redeundo
3176 5342 3402 5396 secunda

596 5462 618 5487 α
657 5450 698 5524 l_.
734 5450 935 5524 Similes
976 5442 1448 5524 spectetupmultus.
1500 5455 1553 5516 2,
1603 5456 1788 5508 similes
1817 5469 2044 5524 suspecta
2144 5454 2321 5524 petita,
2352 5462 2525 5524 νωτιῃὶ
2563 5452 2829 5505 lectionem
2857 5449 3143 5504 restituisse
3167 5447 3292 5501 mihi
3320 5445 3545 5501 videor.

529 5519 785 5571 trununus.
817 5518 923 5589 Ego
942 5521 1143 5573 nonnisi
1173 5522 1352 5575 ultima
1383 5524 1522 5574 vocis
1548 5534 1713 5589 specta
1742 5518 1938 5592 syllaba
1963 5541 2043 5577 re-
2144 5518 2156 5520 “
2216 5521 2239 5558 b
2271 5521 2355 5582 ll.,
2394 5520 2681 5570 multorum.
