3886 6228
238 348 339 400 705

234 549 526 613 Mansisset,
555 552 729 605 subito
753 551 952 621 regales
980 551 1211 605 funditus
1236 552 1392 605 aedes

230 637 341 692 Illic
370 648 698 694 constructas
723 648 877 692 noctu
900 647 1293 708 consumpserat
1326 640 1478 709 ignis.

230 725 346 793 Ipse
371 727 713 795 redemptoris
739 727 846 781 nati
866 728 1110 796 passique
1130 734 1333 780 sacrata

230 814 384 868 Festa
410 831 598 885 gerens
621 815 811 870 ibidem
843 818 982 870 veris
1008 824 1332 884 transegerat
1358 824 1551 877 ortum,

228 903 523 971 Expectans
541 907 727 959 vestita
754 903 891 959 foret
916 905 1040 959 dum
1068 905 1301 973 gramine
1329 902 1495 964 tellus,

541 346 780 400 ANNAL.
822 348 907 401 DE
943 349 1180 403 GESTIS
1216 350 1275 403 Β.
1315 350 1557 406 CAROU
1598 351 1801 405 MAGNI
1840 353 2009 405 LIBRI
2051 355 2108 404 ν.
2152 386 2208 393 ——
2248 356 2401 407 VITA
2436 354 2699 409 CAROLI.
2737 387 2803 396 —-
2842 358 2962 410 LIB.
3004 358 3084 410 Ill.

234 458 580 511 Worinatiam
614 460 778 525 petiit,
801 474 901 527 qua
924 477 1044 514 cum
1072 478 1162 530 per
1198 472 1429 532 tempora
1457 465 1671 516 brumae
1701 506 1713 520 ,

1785 470 1827 520 Α
1857 463 2181 516 Fronderenl
2212 466 2389 527 silvae,
2418 476 2630 533 possent
2657 475 2708 519 et
2729 466 2835 519 sole
2864 483 3072 527 sereno,

1865 556 1923 608 Et
1944 556 2107 615 coelo,
2139 556 2202 609 dc
2230 541 2451 610 diversis
2480 558 2775 626 regionibus
2802 568 2920 624 apte

1858 643 1935 694 Ad
1958 643 2148 695 bellum
2176 654 2356 710 gentes
2376 630 2561 698 variae
2580 644 2856 711 populique
2877 645 3068 698 vocari.

1859 729 2091 797 Namque
2112 746 2301 784 novum
2329 747 2510 785 rursus
2534 733 2696 785 voluit
2723 739 2986 786 certamen
3009 734 3157 789 inire.

1856 819 2026 886 Atque
2051 820 2228 872 labore
2252 820 2395 888 gravi
2417 820 2673 875 modicam
2693 830 2898 874 mutare
2918 822 3163 876 uuietem.

228 1044 2876 1068 ’Μ

854 1149 1376 1229 ANNALIUM
1427 1147 1557 1221 DE
1616 1144 1964 1224 GESTIS
2024 1145 2379 1221 CAROLI
2439 1146 2754 1223 MAGNI

1055 1320 1235 1361 LIBER
1278 1316 1586 1360 SECUNDUS
1627 1315 1929 1357 EXPLICIT.
1976 1314 2202 1356 INCIPIT
2250 1314 2529 1357 TERTIUS.

219 1529 395 1582 Aurea
429 1527 618 1581 siderei
641 1526 1012 1581 transcendere
1032 1538 1224 1578 cornua
1250 1522 1407 1575 Tauri

220 1616 604 1707 Fulgentesque
628 1616 746 1683 polo
770 1615 871 1684 iam
895 1613 971 1665 sol
995 1613 1189 1665 intrare
1214 1611 1447 1663 Laconas

216 1697 495 1771 Coeperat,
523 1710 579 1758 et‘
599 1703 781 1771 gelidis
804 1703 1069 1756 breviatae
1088 1698 1330 1752 noctibus
1349 1697 1584 1759 umbrae,

215 1797 464 1861 Aeraque
484 1794 769 1860 productae
789 1780 957 1857 spatio
982 1788 1203 1843 iucunda
1229 1786 1349 1849 diei,

216 1880 449 1935 Florenti
477 1893 680 1945 semper
704 1866 893 1931 studiis
935 1876 1215 1942 animoque
1240 1874 1432 1941 vigenti

213 1969 355 2020 Dant
380 1976 587 2037 gratum
621 1967 808 2020 Carolo
836 1973 1061 2032 tempus,
1090 1978 1194 2041 quo
1221 1963 1418 2015 viribus
1438 1968 1514 2013 uti

212 2057 403 2110 Posset
427 2066 480 2108 et
502 2056 565 2107 ad
593 2055 785 2108 bellum
814 2053 1053 2121 proprias
1076 2052 1297 2105 educere
1327 2058 1542 2103 turmas.

210 2144 313 2210 Qui
340 2152 458 2211 post
488 2158 742 2197 annorum
767 2152 985 2195 centena
1016 2140 1275 2191 volumina
1298 2154 1452 2192 cursu

211 2236 446 2303 Septena
481 2243 763 2295 transacta,
791 2233 970 2285 decem
993 2244 1197 2298 quoque
1225 2229 1435 2282 circiter
1462 2232 1612 2298 anuis

208 2330 454 2384 Emensis
482 2330 679 2385 novies,
709 2337 985 2396 postquam
1008 2326 1146 2379 Deus
1172 2332 1253 2377 est
1270 2325 1427 2377 homo
1449 2333 1620 2385 natus,

208 2418 323 2471 lloc
352 2418 448 2471 fuit
469 2432 741 2487 aggressus
767 2416 944 2468 Hunos
976 2414 1263 2467 certamine
1289 2413 1476 2479 primo.

207 2505 318 2558 Nec
340 2504 436 2558 sibi
462 2498 810 2558 cunctandum
842 2512 989 2555 ratus
1008 2509 1108 2565 est,
1133 2501 1257 2569 quin
1286 2499 1523 2554 redderet
1544 2499 1647 2553 illis

206 2596 379 2660 Quam
409 2608 649 2648 meruere
669 2594 838 2647 vicem
860 2632 873 2653 ,
903 2591 1097 2645 veteris
1118 2591 1218 2645 hoc
1243 2590 1463 2657 denique
1496 2600 1684 2643 causae

184 2688 505 2741 .Poscebant
529 2684 654 2739 odii.
683 2695 706 2722 ι
734 2682 860 2736 Nam
890 2696 1018 2751 gens
1046 2682 1167 2734 dum
1200 2679 1372 2733 ﬂoruit
1400 2679 1508 2741 illa,

206 2773 505 2826 lnnnmeris
534 2772 808 2825 dominans
832 2769 965 2829 aliis,
999 2782 1130 2833 quas
1154 2765 1385 2819 subdidit
1413 2764 1595 2825 armis,

205 2864 344 2918 Tum
375 2862 592 2914 Francis
614 2858 1043 2913 inferre‘malum
1078 2869 1296 2924 persepe
1324 2853 1577 2907 solebant.

206 2952 296 3006 Sic
322 2959 531 3003 veteres
560 2960 853 3001 memorare
876 2944 1061 3006 solent,
1086 2943 1223 3010 quod
1252 2941 1481 2994 funditus
1508 2939 1633 2994 olim

207 3042 420 3095 Illorum
452 3047 621 3091 terras
645 3034 855 3088 immani
882 3033 1040 3085 caede
1070 3031 1297 3083 furentes

210 3131 496 3191 Vastarint,
522 3127 863 3193 dederintque
890 3122 1167 3176 voracibus
1193 3117 1366 3173 omnia
1388 3114 1609 3168 ﬂammis
1638 3152 1641 3159 ς

204 3221 432 3290 Oppida,
453 3232 597 3278 rura,
630 3214 831 3273 domos,
855 3209 1030 3270 urbes,
1055 3207 1323 3267 eoenobia,
1355 3204 1507 3257 villas

204 3311 341 3363 Nam
370 3306 514 3360 furor
536 3303 742 3358 hostilis
760 3301 925 3355 voluit
947 3313 1043 3352 nec
1064 3310 1280 3365 parcere
1304 3293 1469 3348 sacris

205 3398 461 3457 Aedibus,
490 3404 542 3447 et
568 3402 730 3461 regno
756 3391 843 3443 vix
866 3404 969 3441 una
999 3386 1251 3441 remansit
1273 3385 1326 3437 in
1358 3382 1443 3436 illo

204 3487 491 3541 Mettenscs
518 3482 653 3534 intra
684 3493 863 3532 muros
887 3484 1186 3531 constructa
1213 3472 1458 3525 decenter

206 3576 445 3633 Ecclesia
477 3569 745 3639 Stephani,
774 3574 971 3634 martyr
999 3565 1088 3632 qui
1109 3562 1310 3631 primus
1330 3560 1557 3645 habetur

205 3666 441 3732 Denique
464 3658 729 3715 continuis
764 3655 997 3710 Francos
1020 3649 1373 3720 compluribus
1394 3645 1543 3699 annis

205 3758 298 3812 Sic
322 3752 695 3823 impugnabant
721 3746 876 3808 Huni,
904 3759 996 3797 rex
1022 3744 1187 3796 donec
1209 3751 1390 3792 eorum

204 3845 390 3905 Attila,
422 3842 704 3896 multorum
728 3836 919 3890 totiens
940 3832 1109 3885 victor
1140 3826 1482 3902 populorum,

204 3934 476 3993 Feminea,
514 3930 540 3968 δ
569 3928 724 3996 periit
748 3927 931 3979 dextra
956 3919 1051 3976 sub
1075 3926 1272 3971 tartara
1301 3924 1496 3967 trusus.

206 4025 445 4091 Namque
466 4019 660 4079 ferunt,
685 4013 823 4083 quod
842 4026 961 4065 eum
986 4009 1106 4061 vino
1137 4016 1421 4069 somnoque
1448 4008 1742 4069 gravatum,

204 4115 341 4169 Cum
369 4127 468 4165 nox
496 4106 787 4175 omnigenis
813 4101 1164 4156 animantibus
1183 4097 1284 4150 alta
1313 4095 1558 4163 quietem.

208 4204 526 4272 Suggereret
546 4210 592 4262 α,
619 4194 817 4263 coeptis
836 4188 1134 4245 crudelibus
1156 4182 1571 4250 eﬂ‘erajeoniunx,

206 4295 416 4347 Ducens
438 4291 701 4344 insomnes
721 4284 854 4339 odiis
886 4277 1273 4335 stimulantibus
1300 4274 1533 4333 umbras,

206 4382 483 4437 Horrendo
508 4391 685 4448 regem
709 4374 891 4443 regina
914 4367 1196 4438 peremerit
1218 4379 1366 4419 ausu.

209 4474 331 4529 Uita
359 4486 538 4525 necem
562 4467 757 4536 proprii
786 4473 958 4517 tamen
983 4467 1063 4514 est
1081 4459 1182 4512 boc
1210 4455 1429 4509 crimine
1453 4449 1636 4521 patris.

208 4563 322 4617 Hoc
349 4576 432 4615 res
460 4559 727 4612 Hunorum
755 4552 888 4605 tristi
914 4549 1058 4602 velut
1078 4546 1251 4600 omine
1279 4542 1442 4609 lapsa,

208 4652 337 4704 Post
365 4648 517 4700 rediit
540 4652 701 4703 retro,
733 4654 830 4693 nec
850 4634 1196 4706 prosperitate
1220 4629 1382 4699 priori

209 4739 347 4794 Sunt
370 4734 616 4803 posthaec
638 4728 735 4782 usi.
764 4726 916 4779 Prius
933 4733 1241 4792 Oppressere
1268 4712 1479 4785 profani

206 4823 547 4882 Christicolas
566 4820 591 4857 ἀ
617 4819 848 4872 Francos
865 4811 1061 4879 antiqui
1094 4804 1341 4875 temporis
1369 4817 1496 4856 aevo
1520 4840 1534 4863 ,

207 4916 509 4983 Castigante
534 4911 640 4963 Deo
663 4920 817 4961 caros
845 4903 940 4957 sibi
969 4914 1112 4954 more
1136 4896 1380 4965 benigno.

210 4990 349 5071 Ergo
374 5008 580 5069 patrum
606 4994 768 5049 cladis
787 4999 909 5043 nota
934 4987 1126 5042 mansit
1153 4986 1325 5037 inusta
1350 4988 1593 5047 nepotum

207 5088 539 5149 Pectoribus,
564 5096 781 5137 servans
810 5079 918 5131 irae
938 5075 1253 5128 monimenta
1282 5076 1502 5123 vetuste.

209 5178 345 5233 Tum
368 5190 501 5229 nova
529 5180 799 5241 praeterea
822 5168 884 5220 de
912 5165 1086 5217 causis
1105 5170 1219 5215 orta
1242 5157 1480 5212 simultas

209 5262 321 5321 Iam
343 5265 516 5327 dictis,
543 5261 771 5315 animum
790 5254 961 5309 Caroli
985 5249 1281 5308 commovit,
1313 5255 1371 5299 ut
1400 5246 1510 5299 illos

208 5355 534 5410 Francorum
561 5348 687 5402 totis
709 5359 829 5399 cum
848 5343 1049 5396 viribus
1070 5337 1459 5408 aggrederetur.

283 5496 309 5523 ι
338 5482 413 5535 Ex
448 5479 519 5529 Cr
585 5474 681 5529 orii
707 5475 901 5527 Turon.
928 5472 1058 5525 Ilist.
1089 5468 1228 5522 Eccl.
1256 5484 1314 5531 ιι,
1344 5467 1393 5518 6.
1414 5466 1462 5530 [τ’

284 5552 312 5589 b
338 5550 494 5596 Poeta
515 5493 718 5596 ιῖῗῠοὶηἱ
744 5550 797 5595 et
815 5541 985 5593 Attilie
1008 5552 1186 5593 necem
1215 5534 1456 5591 confundi

284 5547 557 5604 bPoetaA

215 5621 367 5677 (lanis
390 5616 523 5673 Hist.
555 5614 735 5676 60th.,
758 5626 805 5665 c.
834 5610 917 5662 I9.

581 5545 718 5597 δοὶηὶ
744 5550 797 5595 et
815 5541 985 5593 Attilie
1008 5552 1186 5593 necem
1215 5534 1499 5591 confundit.
1524 5531 1601 5587 Cf.
1630 5532 1744 5588 Jor-

1853 1513 2095 1567 Protinus
2117 1515 2285 1568 edicto
2312 1514 2617 1582 producitur
2637 1513 2890 1579 imperiali

1855 1602 1927 1653 Ex
1974 1602 2174 1654 cunctis
2202 1602 2385 1668 ingens
2408 1602 2608 1668 populis
2631 1602 2892 1653 exercitus
2927 1600 2996 1653 illi

1855 1688 2130 1751 Subiectis,
2156 1697 2209 1741 et
2236 1697 2539 1742 cunctarum
2560 1688 2877 1762 validissima
2908 1704 3080 1740 rerum

1850 1778 2027 1845 Copia,
2054 1793 2183 1845 quas
2209 1778 2338 1829 tanti
2368 1776 2488 1829 belli
2517 1777 2859 1829 instrumenta
2880 1778 3093 1845 gerendi

1847 1866 2156 1926 Poscebant,
2180 1865 2319 1934 vigili
2375 1880 2500 1917 cura
2530 1865 2803 1931 studioque
2829 1874 3061 1932 paratur.

3279 358 3377 409 706

1786 1934 1807 1958 κ
1848 1954 1949 2005 Sed
1979 1969 2252 2006 numerosa
2284 1953 2439 2006 nimis
2466 1953 2710 2020 quoniam
2734 1953 3052 2020 produxerat
3099 1968 3161 2006 ex
3198 1955 3299 2007 hoc

1844 2043 2083 2111 Agmina,
2106 2058 2200 2109 per
2218 2048 2394 2109 partes
2418 2043 2598 2094 eadem
2630 2043 2949 2104 seiunxerat,
2984 2057 3043 2095 ac
3070 2044 3145 2096 sic

1845 2130 2186 2192 Pannoniam,
2211 2145 2337 2199 gens
2361 2129 2629 2181 Hunorum
2654 2145 2807 2197 quam
2835 2144 2952 2181 seva
2977 2131 3206 2193 tenebat,

1846 2218 2079 2269 Tramite
2108 2217 2383 2270 distantem
2412 2216 2563 2283 longo
2586 2200 2858 2283 penetrare
2881 2218 3085 2284 sategit.

1846 2305 1992 2357 Tune
2012 2319 2166 2356 unam
2192 2303 2363 2371 populi
2389 2313 2589 2369 partem
2620 2302 2794 2356 comiti
2818 2303 3108 2356 Theodrieo

1844 2392 2013 2459 Atque
2036 2390 2375 2460 Magenirido,
2404 2393 2624 2444 ducibus
2650 2392 2750 2444 hoc
2779 2399 3008 2457 tempore
3029 2391 3233 2458 primis,

1844 2480 2208 2543 Committens,
2232 2479 2553 2545 aquilonalcs
2582 2495 2676 2545 per
2697 2478 2926 2532 ﬂuminis
2949 2480 3109 2533 horas

1844 2568 2065 2621 Danubii
2090 2568 2352 2637 praecepit
2374 2582 2465 2621 eos
2492 2569 2590 2619 iter
2618 2569 2934 2620 accelerare.

1842 2661 1956 2729 Ipse
1979 2674 2073 2728 per
2099 2659 2345 2712 australis
2378 2659 2623 2711 tendebat
2648 2658 2815 2710 litoris
2840 2672 3015 2727 agros,

1844 2751 2049 2803 Milibus
2076 2749 2365 2802 innumeris
2391 2750 2611 2814 stipatus
2639 2757 2693 2799 et
2711 2748 2916 2815 agmine
2946 2748 3086 2801 forti.

1842 2841 1898 2893 In
1932 2840 2102 2893 medio
2127 2838 2314 2891 ﬂuvius
2340 2838 2543 2890 cunctis
2577 2837 2821 2890 alimenta
2850 2837 3075 2890 vehebat

1841 2932 2167 3001 Agminibus,
2199 2929 2336 2994 regis
2360 2929 2595 2995 speciosa
2624 2928 2789 2983 classe
2818 2928 3068 2995 repletus,

1767 3038 1812 3098 ο
1843 3022 2006 3085 Quam
2030 3018 2283 3071 Baioariis
2307 3010 2402 3069 fuit
2431 3018 2615 3086 ingens
2635 3031 2757 3069 cura
2786 3018 2939 3069 tueri.

1841 3112 1985 3179 Ipsos
2010 3109 2059 3162 in
2087 3108 2287 3161 ratibus
2309 3108 2623 3161 descendere
2648 3108 2837 3174 quippe
2860 3107 3086 3159 secunda

1840 3200 1995 3253 Iussit
2024 3213 2178 3266 aqua.
2208 3196 2295 3251 Sic
2318 3199 2383 3249 ad
2408 3195 2621 3249 ﬂuvium
2652 3211 2743 3248 rex
2766 3196 2909 3247 venit
2931 3195 3185 3259 Anesum,

1842 3288 1939 3353 Qui
1964 3288 2167 3340 medius
2190 3286 2460 3339 Baioarios
2482 3285 2705 3354 seiungit
2732 3293 2785 3337 et
2808 3284 3002 3336 Hunos.

1843 3376 1991 3429 Hunc
2021 3376 2161 3427 iuxta
2192 3375 2376 3442 positis
2402 3388 2496 3441 per
2516 3380 2663 3441 prata
2686 3372 2907 3424 virentia
2935 3373 3145 3434 castris,

1842 3464 2118 3518 Communi
2147 3471 2268 3515 voto
2292 3464 2456 3515 ternis
2483 3470 2711 3514 statuere
2740 3461 2923 3512 diebus

1843 3551 2153 3620 Suppliciter
2173 3551 2439 3603 celebrare
2469 3563 2669 3616 pzeces,
2698 3564 2757 3601 ac
2780 3558 2989 3616 pectore
3013 3556 3119 3602 toto

1840 3642 2106 3695 Auxilium
2132 3640 2269 3709 regis
2296 3655 2475 3708 regum
2501 3641 2781 3708 deposcere
2808 3639 3022 3701 Christi,
3070 3656 3073 3659 ν

1808 3768 1813 3771 -
1844 3729 1913 3783 Ut
1939 3729 2140 3796 coeptis
2160 3728 2275 3795 pius
2298 3736 2571 3790 annueret,
2598 3741 2700 3792 quo
2723 3736 2910 3779 cuncta
2938 3727 3191 3777 darentur

1842 3818 2119 3883 Prospera,
2147 3824 2225 3868 tot
2249 3816 2454 3883 populis
2475 3816 2526 3868 in
2555 3824 2658 3867 tam
2683 3814 2961 3882 longinqua
2988 3813 3259 3882 profectis,

1842 3905 2051 3958 Munitis
2072 3905 2218 3972 signo
2246 3903 2385 3969 ﬁdei,
2410 3912 2696 3969 contraque
2724 3901 2975 3955 nefandos

1842 3992 2071 4047 Gentiles
2098 3992 2217 4045 felix
2258 3993 2405 4045 ﬂeret
2429 4000 2693 4049 certamen
2721 3992 2995 4059 agendum.

1841 4083 2009 4148 Atque
2041 4080 2228 4133 dehinc
2253 4080 2409 4133 motis
2429 4086 2749 4134 memoratae
2768 4080 2969 4147 proelia
3000 4080 3188 4133 castris

1840 4169 2087 4221 Intulerat
2108 4170 2269 4238 genti,
2291 4169 2439 4221 cuius
2460 4169 2742 4221 munimina
2769 4178 2944 4222 statim

1839 4262 2010 4315 Pulsis
2030 4262 2302 4330 praesidiis
2330 4263 2674 4321 destruxerat,
2700 4275 2763 4312 ex
2795 4261 2984 4327 quibus
3017 4276 3175 4313 unum

1768 4359 1818 4418 ι)
1844 4350 1956 4403 Non
1986 4351 2160 4418 Operis
2182 4351 2326 4418 parvi
2354 4349 2579 4403 Cambus
2602 4350 2925 4418 praeterﬂuit
2945 4352 3130 4414 amnis,

1840 4439 2008 4507 Atque
2030 4455 2185 4508 super
2211 4439 2403 4492 dictum
2434 4439 2693 4507 Cumberg
2722 4440 2939 4491 munitio
2961 4449 3192 4493 montem

1840 4530 2015 4584 Altera
2040 4531 2318 4597 pregrandi
2348 4528 2515 4583 fuerat
2543 4530 2861 4581 circumdata
2886 4520 3040 4581 vallo.

1841 4619 2129 4673 Destructis
2154 4619 2387 4685 utrisque
2420 4626 2591 4669 tamen
2621 4632 2738 4669 eum
2766 4617 2950 4670 robore
2978 4618 3117 4679 forti,

1840 4708 2192 4775 Aequatisque
2221 4705 2347 4767 solo,
2382 4704 2521 4757 ferro
2542 4706 2782 4758 vastabat
2803 4714 2853 4757 et
2876 4705 2978 4772 igni

1843 4798 2066 4851 Hostiles
2094 4798 2193 4849 late
2215 4804 2404 4858 terras,
2434 4797 2500 4849 ad
2524 4796 2659 4848 ostia
2686 4796 2849 4849 donec

1843 4887 2156 4939 Perveniens
2184 4885 2492 4948 Arrabonis,
2520 4899 2619 4951 qua
2650 4882 2816 4937 fertur
2842 4883 2890 4933 in
2926 4876 3095 4937 undas

1841 4974 2082 5037 Danubii,
2109 4974 2259 5027 lassis
2285 4974 2476 5026 ibidem
2502 4973 2721 5024 statione
2748 4972 2913 5023 locata

1844 5063 2086 5115 Militibus
2107 5078 2325 5129 parvum
2352 5062 2564 5114 dederat
2587 5060 2915 5126 requiescere
2942 5068 3164 5126 tempus.

1842 5153 1928 5205 Sic
1954 5152 2038 5204 ubi
2074 5152 2369 5218 Pannoniae
2401 5149 2569 5202 fuerat
2587 5165 2709 5216 pars
2732 5151 2956 5202 maxima
2988 5150 3121 5202 latae

1842 5240 2045 5292 Divitiis
2068 5239 2284 5305 spoliata
2308 5240 2415 5290 suis
2438 5254 2497 5289 ac
2525 5236 2711 5289 tradita
2742 5238 2986 5298 ﬂammis,

1842 5329 2156 5381 Incolumem
2179 5328 2345 5380 victor
2369 5326 2615 5394 populum
2646 5340 2738 5377 rex
2761 5326 2878 5376 inde
2905 5324 3130 5387 reduxit,

1910 5470 1930 5493 ι’
1969 5458 2285 5525 Suggereret.
2313 5452 2517 5525 Grlossa,
2547 5452 2754 5505 scande.

1908 5528 1931 5563 ἀ
1962 5518 2192 5577 Francos
2238 5524 2410 5575 Αιιίιω
2442 5532 2672 5589 tempore
2703 5535 2954 5589 paganos.
2981 5528 3033 5569 et
3080 5518 3255 5573 Hunos

1832 5595 2096 5653 .Avarilius
2119 5594 2352 5647 diversos
2372 5590 2549 5654 fuisse,
2581 5590 2716 5642 inter
2740 5606 2920 5645 omnes
2953 5597 3175 5642 constat.

3304 5522 3369 5573 ab
