3886 6228
573 311 671 365 707

566 424 663 501 Cui
680 421 785 476 fuit
812 420 1014 476 hostilis
1040 420 1172 474 haec
1200 427 1306 473 tota
1329 416 1582 486 profectio
1610 414 1766 485 plane

569 512 849 581 Prospera,
875 512 959 563 res
983 510 1033 561 in
1055 523 1119 562 ea
1144 523 1241 562 nec
1266 506 1485 575 contigit
1507 504 1610 558 ulla
1634 503 1872 565 moleste,

568 604 801 670 Excepto
825 600 963 669 quod
988 607 1132 652 tanta
1154 597 1269 651 lues
1292 597 1408 651 eius
1430 593 1671 664 legionis,

568 690 734 756 Quam
761 704 854 742 rex
880 688 1051 751 duxit,
1075 700 1271 755 aequos
1297 683 1483 739 morbo
1507 679 1837 748 consumpsit
1856 679 2044 741 atroci,

568 779 638 833 Ut
662 778 917 831 decimam
944 782 1149 844 partem
1177 774 1265 827 vix
1289 774 1354 827 de
1373 780 1453 826 tot
1480 771 1693 824 milibus
1712 769 1870 823 huius

568 867 849 936 Expertem
870 865 1035 919 cladis
1057 864 1267 918 tradant
1297 862 1530 931 potuisse
1557 859 1756 913 reduci.

566 957 679 1033 Rex
708 966 884 1010 autem
914 954 1131 1009 veniens
1150 954 1430 1023 Reginum,
1458 965 1615 1020 quam
1638 948 2013 1019 Reganesburg

565 1048 714 1101 Nune
738 1042 986 1113 vocitant,
1018 1045 1213 1099 ibidem
1234 1041 1424 1097 natalis
1447 1039 1638 1111 gaudia
1658 1037 1855 1093 Christi

565 1135 841 1207 Cordcque
861 1145 1126 1190 sacratum
1155 1133 1442 1188 celebravit
1466 1131 1661 1201 pascha
1693 1127 1849 1184 fideli.

1020 1224 1166 1275 Arma
1194 1221 1314 1275 792.
1347 1219 1538 1273 India.
1565 1217 1648 1271 14.

565 1313 717 1369 Celsa
742 1306 996 1381 Pyrenaei
1025 1325 1183 1379 supra
1211 1309 1324 1379 iuga
1354 1307 1564 1362 condita
1589 1304 1784 1359 montis

571 1404 707 1459 Urbs
732 1413 813 1471 est
832 1402 1073 1472 Orgcllis,
1102 1399 1310 1469 praesul
1332 1398 1419 1453 cui
1446 1397 1658 1451 nomine
1682 1392 1825 1446 Felix

566 1491 783 1547 Preluit.
808 1490 903 1544 Hie
928 1489 1192 1543 haeresim
1214 1486 1426 1541 molitus
1453 1484 1683 1539 condere
1701 1494 1943 1551 pravam,

564 1584 817 1652 Dogmata
840 1580 1084 1635 tradebat
1112 1575 1231 1631 fidei
1254 1574 1520 1630 contraria
1546 1578 1779 1632 sanctae,

561 1673 864 1733 Atiirmans,
893 1668 1136 1724 Christus
1158 1665 1400 1720 dominus
1426 1664 1549 1733 quia
1575 1674 1797 1729 corpore
1821 1664 2029 1724 sumpto

563 1761 657 1814 Est
676 1761 835 1813 homo
865 1752 1111 1825 dignatus
1135 1752 1268 1814 ﬂeri,
1299 1767 1403 1806 non
1430 1748 1684 1820 proprius
1707 1761 1772 1800 ex
1796 1746 1917 1807 hoc,

565 1849 672 1903 Sed
703 1846 845 1916 quod
871 1843 1148 1912 adoptivus
1171 1841 1241 1895 sit
1267 1839 1431 1894 Filius
1443 1836 1838 1905 onmipotentis.

564 1936 1000 2002 Responsumque
1018 1928 1271 1982 Toletano
1292 1926 1437 1979 dedit
1465 1925 1565 1993 hoc
1598 1921 1887 1991 llelipando

562 2022 835 2082 l’ontitice,
864 2020 928 2073 de
948 2033 1005 2072 re
1028 2022 1175 2073 tanta
1197 2013 1470 2069 consultus
1488 2014 1557 2066 ab
1586 2013 1723 2080 ipso,

560 2116 730 2181 Atque
758 2124 909 2164 suum
935 2106 1147 2176 scriptis
1174 2103 1454 2159 defendere
1485 2102 1668 2170 dogma
1696 2099 1906 2160 libellis,

559 2199 713 2255 Omni
736 2213 840 2265 quo
867 2195 1036 2265 potuit
1057 2193 1232 2247 studio
1253 2206 1403 2244 cura:
1417 2188 1469 2242 it‘
1487 2197 1539 2243 et
1555 2197 1688 2241 arte.

563 2291 696 2344 liinc
728 2288 794 2340 ad
820 2283 1067 2340 catholici
1098 2281 1355 2335 deductus
1377 2278 1628 2347 principis
1652 2277 1827 2330 aulam
1850 2304 1918 2314 —

561 2377 701 2432 Idem
734 2374 937 2443 Regino
962 2383 987 2411 ει
1013 2384 1133 2424 nam
1156 2376 1268 2422 tum
1301 2365 1636 2421 hiemabatin
1664 2365 1793 2419 urbe
1830 2392 1900 2403 -—

561 2469 603 2522 Λ
633 2466 809 2520 multis
830 2463 901 2517 ibi
928 2460 1226 2531 presulibns
1247 2457 1554 2528 synodoque
1578 2454 1841 2523 frequenti

518 2573 522 2577 ·
563 2558 655 2610 Est
684 2555 909 2612 auditus.
954 2559 1009 2605 et
1034 2562 1271 2603 errorem
1309 2546 1552 2601 docuisse
1581 2544 1863 2600 nefandum

559 2646 864 2708 Convictus,
887 2641 1142 2712 posthaec
1163 2637 1396 2692 Adriano
1419 2635 1648 2689 mittitur
1674 2632 1833 2695 almo,

560 2735 713 2790 Sedis
736 2731 1057 2805 apostolicae
1092 2727 1190 2783 fuit
1210 2728 1312 2782 hoc
1345 2724 1436 2795 qui
1467 2732 1703 2792 tempore
1724 2720 1955 2791 pracsul.

558 2826 675 2890 Quo
702 2830 1004 2893 praesente,
1051 2818 1197 2873 Petri
1226 2824 1499 2871 correctus
1520 2813 1574 2867 in
1604 2813 1734 2866 aede
1758 2811 1923 2874 beati,

560 2912 870 2968 Pootiticum
897 2923 1076 2962 coram
1102 2913 1288 2961 sancto
1319 2902 1622 2971 celebrique
1649 2909 1856 2962 senatu,

560 3000 877 3071 Dampnavit
904 2996 1047 3054 Felix
1085 2995 1235 3065 prius
1264 2992 1547 3048 infeliciter
1571 3006 1602 3045 a
1630 3005 1688 3046 se
1859 3059 1866 3068 ι

558 3092 742 3148 Ortam
765 3088 1019 3160 perﬁdiae
1046 3094 1267 3149 sectam,
1296 3083 1594 3150 meruitque
1622 3078 1815 3134 reverti

559 3183 637 3238 Ad
651 3182 895 3252 propriae
922 3193 1105 3233 rursus
1127 3174 1461 3230 retinendum
1495 3172 1635 3227 sedis
1660 3170 1937 3225 honorem.

562 3268 948 3327 AtBaioarieis
982 3265 1241 3321 aestivum
1268 3271 1475 3332 tempus
1508 3260 1563 3314 in
1592 3259 1739 3314 boris

563 3362 696 3415 Dum
737 3374 828 3413 rex
849 3356 1103 3419 duxisset,
1135 3366 1378 3423 suprema
1405 3347 1641 3419 pericula
1670 3360 1837 3417 poene

562 3449 810 3512 lucurrit,
845 3446 943 3500 nisi
973 3441 1111 3512 quod
1148 3441 1317 3511 pietas
1342 3438 1519 3493 divina
1553 3437 1805 3491 resistens

559 3538 798 3592 Ausibus
822 3531 1091 3595 humanis,
1127 3542 1314 3584 saevas
1337 3533 1602 3581 everterat
1618 3526 1744 3578 iras.

560 3627 761 3682 Horror
786 3625 925 3679 inest
945 3618 1138 3676 Animis
1160 3618 1294 3673 tales
1323 3616 1679 3671 recolentibus
1697 3629 1876 3677 ausus,

560 3716 712 3783 Quod
751 3711 910 3767 fuerit
936 3710 1150 3766 rutilum
1169 3707 1496 3763 Francorum
1515 3714 1622 3760 tam
1645 3718 1807 3773 prope
1836 3704 2010 3757 lumen

561 3806 888 3868 Extinctum,
930 3801 1135 3859 facinus
1155 3798 1239 3853 vel
1273 3796 1577 3866 concepisse
1606 3794 1873 3863 malignos,

561 3899 787 3953 Tantum
810 3903 986 3949 mente
1017 3892 1182 3946 viros.
1219 3888 1468 3945 Carolum
1498 3902 1619 3941 nam
1642 3889 1849 3939 tradere
1886 3885 2044 3938 morti

561 3984 890 4043 Omnim'odis
911 3989 1189 4050 satagunt:
1225 3980 1349 4033 hinc
1374 3976 1672 4031 coniuratio
1702 3973 1872 4028 fertur

563 4077 704 4130 Inter
728 4074 1053 4128 Francorum
1077 4065 1632 4140 proceres.crudeliter
1663 4075 1800 4119 acta.

564 4167 821 4236 Preeipue
845 4162 985 4234 regis
1013 4168 1254 4215 materno
1278 4157 1306 4199 δ
1335 4155 1592 4227 sanguine
1616 4162 1812 4219 cretus,

564 4257 666 4311 Sed
690 4253 1063 4327 plus°nequitia
1089 4264 1316 4313 morum,
1342 4262 1503 4318 quam
1524 4247 1755 4316 degener
1766 4253 1907 4308 ortu,

565 4347 849 4401 Auctorem
873 4342 1087 4398 sceleris
1113 4340 1332 4395 demens
1358 4352 1415 4392 se
1449 4337 1660 4407 prebuit
1680 4336 1855 4391 huius.

564 4436 680 4490 Non
704 4444 878 4487 tamen
905 4433 1008 4487 hoc
1026 4430 1203 4485 odium
1228 4441 1407 4497 regem
1437 4426 1715 4489 meruisse,
1738 4423 1819 4477 vel
1849 4423 1959 4491 iplse

566 4525 748 4579 Hostis
774 4524 891 4576 iure
916 4520 1069 4589 queri
1092 4526 1322 4589 poterat,
1367 4514 1552 4584 regina
1579 4512 1668 4567 sed
1694 4522 1871 4575 atrox,

566 4616 643 4668 Ac
663 4626 877 4668 saevum
901 4618 1113 4681 gestans
1149 4607 1311 4661 animi
1338 4604 1593 4660 Fastrada
1614 4611 1894 4657 tumorem.

566 4702 904 4758 insidiatores
924 4697 1121 4768 partim
1148 4695 1496 4764 suspenderat
1519 4691 1637 4746 illos

567 4790 816 4847 lnformis
841 4788 930 4843 leti
958 4789 1196 4856 laqueus,
1218 4791 1447 4851 natoque
1470 4777 1707 4851 pepercit

571 4884 683 4939 Rex
710 4890 912 4935 tantum
935 4877 1168 4947 proprio,
1198 4883 1516 4942 tonsumque
1534 4867 1892 4926 monasteriali

568 4968 848 5040 Proposito
868 4982 1095 5037 purgare
1113 4963 1285 5019 scelus
1313 4961 1466 5015 iussit
1489 4959 1815 5014 meditatum.

568 5063 623 5118 in
652 5059 930 5115 Baioarica
955 5070 1082 5110 vero
1104 5055 1315 5123 regione
1340 5059 1601 5115 moratus,

569 5152 803 5217 Instabat
823 5149 1068 5218 princeps
1094 5143 1335 5198 navalem
1365 5140 1593 5196 condere
1618 5146 1857 5209 pontem,

569 5242 671 5310 Qui
694 5255 791 5310 per
827 5236 1125 5292 Danubium
1145 5233 1285 5289 bello
1310 5231 1584 5301 prodesset
1619 5227 1837 5299 agendo,

642 5400 667 5427 ι
709 5385 922 5454 Regina.
947 5382 1151 5447 Clossa,
1169 5377 1690 5454 idest‘fieinesburg.

642 5457 669 5495 δ
709 5444 835 5508 Cod.
859 5444 1490 5509 materno.’Leibnitius:
1549 5464 1566 5495 ι
1609 5444 1675 5499 an
1707 5444 1984 5509 legendum
2036 5459 2130 5495 na-

573 5525 711 5579 tivo?
742 5521 1146 5593 intelligitenim
1173 5519 1467 5593 Pippinum,
1504 5515 1677 5570 Caroli
1725 5515 1889 5593 tilium
1917 5519 2130 5593 natura-

574 5594 696 5649 lem.
726 5615 742 5643 ›
765 5623 827 5631 -υ
843 5582 948 5648 δεῖ]
966 5607 1067 5647 rex
1087 5589 1219 5644 bene
1236 5582 1291 5642 se
1306 5588 1489 5652 habet,
1508 5585 1901 5640 constructione
1927 5582 1999 5635 ita
2011 5595 2131 5634 cur-

1916 299 2084 355 POET

2140 296 2155 350 ἰ
2197 295 2482 353 SAXONIS
3667 296 3746 351 708

1898 396 1899 401 η
2035 400 2039 404 ’
2137 408 2187 466 Α
2212 405 2362 471 Quod
2381 418 2567 483 contra
2591 423 2776 464 saevos
2793 410 2917 465 olim
2940 421 3247 481 susceperat
3269 410 3479 483 Honos.

2216 497 2349 552 Hinc
2383 508 2435 552 et
2460 482 2690 553 natalem
2720 500 2923 554 Domini
2952 482 3479 562 celebraveratxlillic,

2213 584 2380 653 Ipsius
2416 596 2469 639 et
2490 586 2679 641 merito
2707 586 3000 663 clarissima
3029 586 3159 641 festa
3185 588 3481 656 triumpho,

2214 674 2329 739 Quo
2352 674 2550 742 pariter
2572 674 2697 728 vicit
2722 682 2944 729 mortem
2962 675 3254 745 mortisque
3272 675 3590 730 ministrum

2659 802 2808 856 Anno
2829 802 2949 858 795.
2978 801 3182 857 ‘Irulict.
3222 802 3306 857 15.

2143 915 2151 923 ’
2211 929 2341 985 Cum
2368 945 2459 985 rex
2499 931 2563 985 ad
2598 940 2838 1000 coeptum
2872 932 3146 988 statuisset
3165 932 3562 987 conﬁciendum

2210 1017 2338 1072 Belli
2360 1028 2624 1073 certamen
2650 1019 2830 1075 Hunos
2854 1020 3104 1075 invadere
3128 1036 3334 1086 rursus,
3443 1050 3495 1061 μ

2210 1107 2477 1177 Comperit
2506 1111 2788 1174 extinctas,
2824 1109 3152 1167 Theodricus
3178 1112 3281 1165 dux
3303 1111 3549 1181 legiones

2212 1197 2353 1263 Quas
2379 1213 2472 1267 per
2505 1198 2793 1253 Fresonum
2817 1214 3008 1270 pagum
3033 1200 3260 1255 Hriustri
3287 1205 3588 1256 vocitatum

2213 1286 2476 1341 Ducebat:
2518 1304 2637 1341 nam
2667 1288 2932 1343 Saxonum
2958 1290 3166 1360 periere
3193 1291 3385 1346 dolosis

2128 1380 2139 1387 ‘
2214 1374 2443 1438 insidiis,
2466 1384 2650 1444 captae
2677 1377 2920 1431 Wisurac
2937 1380 3258 1448 propelitora
3294 1382 3579 1450 pulchrae.

2211 1464 2557 1521 Dissimulans
2585 1467 2740 1536 igitur
2767 1470 2895 1523 tanti
2925 1469 3207 1524 infortunia
3226 1472 3461 1540 dantpni.

2211 1552 2497 1607 intermisit
2526 1556 2640 1616 iter,
2676 1555 2780 1624 quo
2814 1556 3123 1630 disponebat
3159 1560 3303 1613 adire

2213 1640 2530 1704 Pannonias,
2560 1652 2749 1697 etcum
2773 1644 2937 1697 llunis
2966 1647 3294 1705 committere
3310 1663 3573 1716 pugnam.

2146 1721 2187 1780 Β
2214 1730 2416 1783 Interea
2453 1745 2671 1801 suasere
2692 1733 2811 1793 sibi,
2861 1734 2950 1800 qui
2981 1731 3105 1788 nota
3133 1734 3370 1790 ferebant

2215 1817 2377 1880 Talia,
2410 1822 2548 1886 quod
2576 1818 2761 1873 ﬂuvios
2785 1820 2838 1873 in
2863 1833 2940 1885 er,
2971 1812 3229 1875 Radantia
3258 1837 3487 1891 quorum

2216 1908 2361 1962 Unus
2389 1909 2547 1962 habet
2573 1924 2786 1973 nomen,
2826 1909 2917 1963 sed
2938 1917 2991 1963 et
3012 1910 3262 1964 Alcmena
3293 1911 3494 1965 dicitur
3528 1909 3683 1971 alter,

2214 1997 2269 2050 Si
2309 1998 2460 2051 fieret
2483 2006 2660 2051 tantus
2684 1997 2827 2052 fossa
2850 1998 3033 2053 tellure
3063 2009 3278 2068 paratus

2212 2086 2425 2151 Alveus,
2454 2086 2682 2140 inductis
2707 2088 2892 2141 ambos
2916 2088 3039 2142 dum
3067 2096 3301 2156 tangeret
3325 2102 3517 2142 amnes

2212 2176 2538 2244 Gurgitibus,
2567 2185 2745 2244 posset
2768 2191 2964 2246 puppes
2985 2187 3042 2231 ut
3068 2176 3205 2231 ferre
3226 2187 3492 2240 natantes.

2211 2265 2265 2319 In
2294 2266 2535 2318 Rhenum
2562 2265 2627 2317 dc
2650 2263 3036 2320 Danubioceler
3061 2267 3375 2331 efﬁceretur,

2214 2355 2275 2408 Et
2314 2353 2482 2409 facilis
2509 2369 2696 2408 cursus
2722 2357 2938 2411 ratibus.
2980 2356 3237 2410 Radantia
3263 2372 3496 2425 namque

2212 2443 2281 2498 Se
2304 2445 2494 2509 Moino,
2519 2445 2722 2500 Moinus
2747 2457 2769 2485 ε
2806 2446 2991 2500 Rheno
3016 2447 3234 2500 miscere
3258 2447 3552 2513 probatur;

2211 2533 2461 2587 Alcmona
2491 2533 2713 2588 Danubii
2748 2534 2946 2589 rabidis
2974 2535 3208 2588 illabitttr
3227 2532 3400 2587 undis.

2211 2620 2499 2676 Consilium
2524 2623 2744 2689 credens
2765 2623 2923 2692 igitur
2947 2623 3047 2677 sibi
3068 2622 3312 2676 dantibus
3337 2623 3504 2684 istud.

2211 2711 2324 2779 Ipse
2347 2710 2517 2765 locum
2548 2713 2791 2781 princeps
2814 2712 2959 2781 operi
2981 2726 3135 2781 quem
3162 2711 3384 2765 credidit
3399 2721 3594 2780 aptum

2212 2799 2441 2868 Expctiit
2468 2808 2631 2863 tanto,
2666 2800 2853 2855 multis
2877 2805 3083 2870 quoqde
3106 2799 3317 2854 milibus
3339 2798 3469 2854 illuc

2212 2888 2495 2943 Conductis
2518 2899 2874 2958 operatorum,
2899 2889 3055 2944 simul
3081 2889 3257 2944 omnia
3289 2904 3460 2959 poene

2213 2977 2463 3030 Autumni
2492 2978 2667 3032 studio
2693 2980 3018 3048 consumpsit
3044 2985 3276 3046 tempora
3302 2992 3477 3031 casso.

2213 3066 2477 3121 Attamen
2501 3067 2554 3120 in
2582 3067 2791 3137 longum
2814 3082 3001 3137 passus
3026 3068 3128 3121 duo
3154 3066 3295 3121 milia
3322 3067 3482 3121 ducta

2213 3158 2375 3212 Fossa
2398 3157 2513 3224 fuit,
2536 3160 2755 3229 pedibus
2777 3168 3070 3213 tercentum
3100 3158 3203 3213 lata
3238 3158 3479 3227 patebat,

2213 3247 2318 3301 Sed
2345 3263 2447 3302 non
2474 3247 2763 3316 perfectum
2788 3258 2992 3317 poterat
3009 3247 3299 3303 consistere
3316 3258 3545 3315 prorsus

2213 3336 2324 3391 Hoc
2349 3352 2501 3405 opus,
2531 3339 2772 3392 assiduus
2796 3337 3045 3407 quoniam
3070 3337 3231 3391 nimis
3255 3336 3404 3390 offuit
3432 3337 3638 3400 imber,

2213 3427 2280 3481 Et
2300 3429 2555 3482 naturalis
2581 3437 2777 3482 terram
2803 3427 3116 3483 dissoluerat
3141 3426 3344 3489 humor,

2213 3518 2564 3589 Egestumque
2592 3516 2690 3573 fuit
2715 3526 2966 3589 quantum
2992 3518 3181 3575 sudore
3202 3517 3409 3579 diurno,

2214 3605 2418 3660 Rursus
2458 3607 2600 3659 humi
2626 3615 2827 3661 tantum
2854 3606 3010 3660 rediit
3028 3607 3127 3659 sub
3147 3614 3301 3659 nocte
3319 3606 3555 3674 relapsa.

2213 3697 2623 3765 Cumquelutum
2651 3711 2858 3765 semper
2883 3695 3109 3749 madidis
3135 3694 3454 3749 incresceret
3480 3694 3652 3759 arvis,

2213 3786 2405 3840 Alveus
2423 3797 2476 3839 et
2507 3790 2658 3840 lirmo
2681 3794 2946 3840 constaret
2972 3786 3127 3840 litore
3153 3800 3434 3854 nusquam,

2214 3877 2322 3931 luta
2353 3888 2539 3946 petens
2576 3878 2811 3931 inmensa
2840 3877 2990 3946 palus
3013 3891 3109 3946 per
3131 3877 3329 3931 lubrica
3359 3876 3540 3951 tinxit,

2213 3968 2290 4021 Ac
2314 3969 2530 4021 densum
2552 3967 2827 4021 scrobibus
2851 3981 3070 4020 caenum
3099 3965 3330 4020 subsedit
3350 3966 3405 4018 in
3420 3966 3572 4018 altis.

2214 4058 2347 4113 Cum
2377 4066 2553 4110 tamen
2585 4058 2635 4109 in
2665 4066 2852 4125 coepto
2876 4058 3183 4126 persisteret
3202 4058 3312 4125 ipse
3333 4056 3546 4121 labore,

2217 4146 2366 4214 Hunc
2394 4147 2531 4202 tristi
2559 4147 2766 4202 tandem
2792 4146 2929 4200 fama
2959 4155 3238 4202 reuocante
3260 4147 3503 4214 reliquit,

2218 4237 2313 4292 Est
2338 4236 2661 4308 totiuspnim
2683 4238 2856 4292 subito
2890 4236 3116 4295 defectio
3139 4237 3309 4307 gentis

2144 4352 2196 4414 υ
2220 4327 2486 4383 Saxonum
2509 4342 2687 4382 rursus
2716 4328 2908 4414 bellum
2935 4337 3147 4382 narrata
3175 4339 3457 4383 mouentis.

2218 4418 2465 4473 Preterca
2488 4396 2764 4472 Sarraceiii
2801 4419 3124 4488 permaxima
3146 4420 3331 4474 damna

2216 4508 2521 4569 lntulerant,
2554 4508 2776 4576 quedam
2799 4509 2945 4576 regni
2973 4494 3197 4561 conﬁnia
3221 4506 3364 4561 ferro

2218 4601 2520 4662 Vastantes,
2550 4599 2769 4652 ducibus
2793 4598 3115 4651 Francorum
3143 4597 3367 4665 denique
3395 4598 3600 4664 caesis,

2219 4691 2352 4746 Cum
2380 4690 2561 4757 spoliis
2584 4690 2826 4758 laetoque
2845 4689 3004 4743 nimis
3024 4688 3228 4743 rediere
3251 4689 3536 4756 trophaeo.

2219 4779 2352 4833 Tum
2372 4793 2463 4832 rex
2489 4778 2724 4833 aduersis
2746 4786 3038 4832 commotus
3059 4776 3267 4838 talibus,
3291 4777 3418 4831 inde

2219 4872 2297 4926 Ad
2330 4872 2559 4926 Francos
2580 4872 2754 4937 rediit,
2790 4872 2981 4926 natalis
3016 4871 3201 4938 gaudia
3223 4870 3425 4934 Christi

2219 4960 2417 5016 Deuote
2438 4961 2740 5016 caelcbrans
2761 4962 2915 5016 Μοίηὶ
2939 4975 3103 5030 prope
3131 4961 3273 5015 clara
3303 4959 3553 5027 ﬂuenta,

2220 5052 2334 5119 Qua
2370 5054 2517 5108 locus
2539 5053 2754 5120 insignis
2785 5050 2977 5105 Kiliani
2999 5049 3246 5120 martyris
3268 5049 3395 5104 almi

2221 5144 2443 5199 Nomine
2466 5160 2559 5199 seu
2582 5143 2785 5197 meritis
2837 5141 3028 5214 fulget:
3065 5150 3304 5197 sanctum
3331 5154 3556 5210 quoque
3581 5140 3759 5211 pascha

2224 5235 2317 5289 Est
2337 5235 2391 5288 in
2411 5232 2808 5288 Franconoford
2836 5247 3027 5304 magno
3049 5240 3334 5291 veneratus
3362 5232 3597 5287 honore.

2226 5401 2400 5447 rente:
2432 5391 2686 5461 praecipue
2732 5388 2863 5461 regis
2904 5396 3090 5449 cretus,
3128 5384 3345 5454 degener
3368 5393 3615 5438 materno
3661 5398 3761 5436 sae-

2227 5462 2398 5533 guinc_,
2421 5458 2509 5533 sed
2532 5458 2661 5533 plus“
2678 5459 2899 5533 nequitia
2922 5471 3121 5533 morum
3144 5470 3295 5524 quam
3320 5465 3462 5507 ortu.

2302 5542 2322 5569 ο
2364 5524 2541 5592 Rein.,
2575 5526 2691 5580 ιιιξτ
2714 5524 2766 5579 se
2798 5524 2961 5580 Μανιιο
2989 5526 3087 5578 hic.
