3886 6228
235 332 335 385 709

692 481 839 534 Anno
863 482 982 538 79$.
1023 484 1214 538 ludia.
1245 488 1288 537 1.

233 610 349 661 Dira
375 610 672 683 venenifere
695 623 916 669 conatus
944 619 1144 672 semina
1183 633 1374 681 sectae,

230 699 372 762 Quae
397 698 541 751 Felix
572 699 762 754 infelici
798 703 932 758 male
962 718 1226 773 sparserat
1247 726 1398 776 ausu,

232 789 434 841 Vellere
462 791 525 842 de
549 805 699 843 sacro
727 791 934 846 Domini
973 796 1225 853 radicitus
1253 815 1398 866 agro,

228 877 526 930 Catholicus
553 880 816 947 princeps,
861 883 1117 950 synodum
1157 887 1424 944 celebrare
1452 903 1665 948 vocatos

231 965 468 1033 Undique
488 967 762 1035 pontifices
791 969 892 1022 iam
922 963 1116 1026 dictam
1147 974 1348 1030 fecitad
1375 980 1563 1033 aulam.

227 1053 331 1107 Nec
351 1071 454 1107 non
481 1054 699 1110 all‘uerat
725 1055 1026 1126 Stephanus
1053 1078 1171 1116 cum
1203 1064 1604 1134 Thcophilacto:

228 1142 370 1206 Nam,
384 1141 482 1196 fuit
507 1144 726 1199 antistes
749 1147 889 1201 sedis
911 1148 1113 1218 legatus
1135 1160 1355 1220 uterque

226 1229 479 1292 Romane,
519 1247 649 1300 quos
669 1249 801 1302 papa
823 1250 974 1290 sacer
995 1239 1212 1295 mittens
1236 1242 1520 1310 Adrianus,

227 1318 342 1371 Rite
367 1334 514 1373 suam
539 1334 751 1376 servare
773 1324 942 1380 vicem
965 1330 1302 1383 mandaverat
1333 1334 1456 1386 illic.

228 1405 372 1459 Tunc
394 1407 552 1476 igitur
578 1411 750 1464 cuncti
774 1426 894 1465 cum
921 1413 1133 1470 decreto
1147 1421 1384 1486 generali

164 1479 186 1490 ’
228 1493 368 1548 lianc
407 1497 823 1555 condemnarunt
871 1503 1150 1569 haeresim,
1197 1509 1530 1578 scriptusque
1563 1513 1768 1570 libellus

226 1581 316 1633 Est
341 1581 695 1649 illamcontra,
740 1602 895 1656 quem
923 1592 1330 1648 confirmaverat
1360 1597 1444 1651 ille

225 1671 537 1725 Pontitlcum
559 1663 758 1739 coetus,
787 1677 941 1731 simul
961 1689 1014 1733 et
1032 1677 1414 1752 subscripserat
1435 1691 1624 1744 omnis.

223 1761 390 1814 Annis
436 1771 711 1830 praeterea
741 1768 996 1835 synodum
1018 1786 1118 1824 non
1145 1773 1380 1841 pluribus
1404 1789 1526 1832 ante

223 1849 676 1920 Constantinopoli
699 1854 954 1911 celebrari
979 1857 1102 1913 fecit
1130 1862 1180 1915 in
1205 1845 1348 1918 urbe.

223 1935 511 1992 Grecorum
535 1941 800 2012 princeps,
828 1946 917 2013 qui
955 1947 1332 2008 Constantinus
1370 1957 1598 2012 habebat

224 2025 444 2092 Nomen,
484 2038 538 2084 et
564 2031 798 2087 eiusdem
825 2039 1064 2102 genetrix
1088 2039 1289 2096 Herena
1321 2056 1524 2110 vocata,

225 2115 284 2169 Et
307 2120 678 2186 condixerunt,
718 2132 776 2176 ut
804 2127 1026 2193 septima
1052 2143 1141 2182 seu
1167 2135 1426 2199 generalis

222 2208 620 2278 Appellantur;
653 2215 743 2268 sed
767 2229 884 2270 eam
914 2232 1020 2271 non
1048 2223 1261 2276 nomine
1284 2225 1374 2278 tali

226 2298 444 2365 Dignam
475 2301 754 2356 concilium
779 2307 985 2372 pariter
1004 2323 1320 2377 cognoverat
1346 2315 1504 2372 istud.

227 2386 398 2456 thue
431 2405 810 2458 supervacuam
835 2401 1181 2465 spernendam
1203 2407 1407 2458 censuit
1439 2407 1553 2460 iste.

223 2473 369 2529 Tunc
390 2476 462 2530 ibi
502 2479 692 2548 regalis
709 2481 966 2542 Fastrada
1001 2486 1472 2555 migraveratuxor

225 2562 332 2616 IIac
353 2579 420 2617 ex
448 2564 579 2626 luce,
611 2567 748 2622 dicm
779 2571 988 2625 tandem
1013 2576 1200 2629 sortita
1230 2593 1551 2646 supremum.

224 2651 385 2706 Cuius
415 2654 468 2706 in
490 2654 676 2710 Albani
702 2661 938 2726 speciosa
972 2666 1220 2733 martyris
1243 2668 1392 2732 aede,

223 2740 405 2795 Iuncta
431 2742 790 2812 Mogontiacae
827 2747 984 2818 fulget
1005 2767 1140 2820 quae
1161 2757 1435 2811 moenibus
1463 2759 1627 2824 urbis,

223 2825 352 2881 Cum
376 2844 567 2899 magno
590 2831 714 2886 fecit
743 2837 951 2903 sepeliri
977 2853 1172 2908 corpus
1192 2843 1410 2897 honore.

223 2919 396 2984 Atque
428 2919 615 2974 dehinc
644 2920 864 2978 Carolus
883 2928 1085 2982 cunctis
1115 2929 1213 2983 hoc
1234 2934 1417 2987 ordine
1438 2937 1624 3006 gestis,

225 3009 553 3078 Foedifragis
580 3027 788 3067 rursum
819 3013 1115 3072 Saxonibus
1144 3021 1318 3076 intulit
1346 3040 1512 3080 arma.

223 3099 298 3152 Ac
325 3101 552 3168 geminis
575 3102 894 3157 exercitibus
911 3105 1220 3162 decreverat
1244 3111 1404 3178 ipsos.

225 3188 503 3244 lnstructis
541 3199 742 3244 terrore
756 3192 912 3245 simul
931 3192 1179 3264 ferroque
1207 3199 1445 3265 domare,

227 3277 293 3330 Ut
321 3279 430 3331 cito
459 3293 585 3348 gens
607 3279 757 3332 bellis
777 3281 1144 3338 succumberet
1166 3302 1270 3340 una
1293 3289 1514 3357 duobus,

225 3365 300 3418 Ex
327 3367 521 3433 quibus
547 3367 685 3420 haud
712 3383 872 3422 unum
895 3371 1138 3436 paenitus
1165 3375 1386 3430 sufferre
1416 3380 1630 3435 valeret.

223 3453 387 3523 Regis
414 3455 480 3509 ab
504 3456 721 3510 australi
745 3461 1098 3526 properabant
1117 3466 1326 3533 agmina
1353 3479 1522 3536 parte,

227 3545 496 3603 Saxonum
534 3551 880 3606 miseras-late
901 3557 1164 3609 vastantia
1196 3565 1393 3626 terras;

225 3633 390 3689 Filius
410 3637 575 3705 ipsius
602 3637 821 3693 Carolus
856 3641 1139 3696 traiecerat
1159 3645 1327 3699 undas

227 3723 416 3789 Rheni,
445 3741 604 3794 quem
631 3728 986 3783 comitabatur
1011 3731 1211 3786 delecta
1240 3733 1505 3800 iuventus,

228 3812 482 3868 lnvadens
501 3829 566 3868 ex
595 3816 813 3872 occidua
843 3819 1058 3887 regione
1088 3821 1331 3876 rebelles.

223 3902 367 3969 Quos
395 3907 574 3960 statim
597 3892 770 3962 terror
793 3911 984 3965 merito
1002 3923 1309 3980 pervaserat
1335 3915 1548 3984 ingens:

226 3993 289 4046 Et
308 3996 485 4068 magni
503 3998 744 4065 quamvis
771 4000 942 4068 campi
962 4015 1057 4069 per
1079 4002 1233 4081 plana
1262 4003 1553 4061 Sinotbfeld

227 4083 462 4147 Collecti,
507 4102 784 4157 pugnaque
811 4089 988 4144 forent
1012 4105 1220 4147 certare
1241 4097 1430 4163 parati,

228 4171 337 4227 lloc
368 4175 531 4229 animi
556 4177 796 4232 cecidere
816 4188 982 4244 metu,
1010 4195 1108 4235 nec
1142 4196 1262 4238 sues
1288 4194 1402 4238 erat
1426 4186 1530 4240 illis

230 4262 342 4316 Ulla
373 4265 651 4320 resistendi
683 4266 920 4332 Francis,
953 4284 1086 4338 quos
1113 4280 1188 4326 ἀι
1213 4275 1526 4341 populorum

225 4351 538 4420 Agmiuibus
558 4354 716 4410 fultos
738 4356 876 4410 vinci
896 4372 1000 4411 non
1019 4374 1171 4427 posse
1189 4361 1453 4417 videbant.

226 4438 476 4508 Protinus
494 4443 688 4498 omisso
705 4459 828 4499 sese
866 4447 1155 4502 certamine
1181 4450 1304 4503 belli

227 4528 508 4584 Subiciunt
537 4533 665 4602 regi,
702 4535 1013 4591 iuramentis
1031 4553 1238 4607 quoque
1276 4540 1489 4595 firmant

225 4618 614 4691 Obsidibusque
640 4623 776 4677 datis
810 4627 940 4680 haec
969 4626 1178 4682 foedera
1203 4629 1500 4685 deditionis.

225 4707 339 4776 Ipse
365 4724 637 4779 regressus
673 4713 991 4783 Aquisgrani
1015 4745 1089 4756 —
1114 4717 1190 4771 sic
1214 4719 1356 4786 regia
1391 4721 1543 4775 sedes
1717 4793 1719 4796 η

227 4795 410 4850 Inclita
435 4813 624 4853 nomen
645 4802 823 4867 habet,
855 4817 951 4858 nec
979 4821 1081 4860 non
1103 4808 1366 4862 vocitatur
1386 4810 1647 4878 Aquensis
1674 4842 1742 4852 —-

226 4887 335 4943 Illic
361 4885 511 4944 mere
535 4906 630 4946 suo
658 4893 945 4948 celebravit
969 4904 1201 4965 tempora
1224 4909 1424 4965 sancta,
1451 4925 1457 4931 -

229 4977 282 5030 In
311 4979 505 5046 quibus
535 4990 615 5035 est
639 4983 784 5036 unita
811 4984 919 5038 Deo
946 4987 1239 5041 substantia
1275 4998 1475 5056 nostra,

230 5065 477 5135 Morsque
504 5070 849 5139 redemptoris
875 5074 1129 5129 mundum
1180 5090 1512 5145 reparavcrat
1538 5095 1769 5134 omnem.

711 5213 858 5265 Anno
890 5213 1008 5269 795.
1049 5215 1237 5270 Indict.
1271 5217 1323 5271 2.

232 5339 363 5394 Cum
385 5339 603 5394 nimium
632 5353 873 5410 suspecta
899 5343 1036 5399 foret
1054 5362 1180 5415 gens
1201 5346 1334 5402 facta
1357 5350 1566 5405 rebellis

236 5430 503 5485 Saxonum
526 5433 733 5496 totiens,
757 5437 943 5490 crebro
957 5452 1164 5507 quoque
1185 5438 1392 5494 foedere
1433 5453 1584 5510 rupto

237 5521 346 5576 Sub
367 5523 502 5576 iusta
529 5524 670 5592 regis
694 5525 891 5585 ditione
919 5528 1188 5595 quiescere
1223 5529 1425 5593 nolens,

240 5611 384 5666 Haud
424 5611 581 5666 ullum
613 5615 900 5685 respirandi
929 5618 1053 5672 darc
1075 5619 1276 5671 censuit
1308 5616 1378 5671 illi

1692 2018 1706 2056 Ι

550 332 792 387 ΑΝΝΑι.
836 319 918 388 DIE
956 335 1196 390 GESTIS
1233 336 1289 389 Β.
1330 336 1573 390 CAROIJ
1613 336 1820 391 MAGNI
1853 338 2023 392 LIBRI
2065 339 2124 393 V.
2164 369 2227 378 -—
2268 340 2418 393 \‘I'I‘A
2457 339 2721 395 CAROLI.
2761 355 2829 383 -έ
2859 345 2983 398 LIB.
3014 346 3098 400 III.

1795 438 1840 513 Ᾱ
1872 448 2038 515 Atque
2061 448 2342 503 rebellandi
2363 453 2595 520 spacium
2622 453 2940 512 fortissimus
2959 461 3165 522 arebos,

3298 334 3414 407 ἰω

1871 535 1973 588 Sed
2004 554 2210 590 rursum
2241 548 2435 592 terram
2457 541 2714 608 populans
2740 544 2996 600 hostiliter
3025 550 3210 616 ipsam,

1867 625 1992 677 Eius
2034 626 2084 678 in
2123 637 2359 680 extremo
2395 629 2601 682 tandem
2631 645 2794 699 prope
2826 633 2988 702 limite
3012 639 3200 694 castris

1866 708 2113 764 Consedit
2148 713 2351 780 positis,
2394 715 2541 768 vicus
2569 730 2672 784 qua
2702 719 2890 773 nobilis
2914 729 3075 792 extat,

1867 797 2086 854 Nomine
2105 800 2448 863 Bardonwich
2469 803 2661 868 dictus,
2699 821 2802 873 quo
2829 808 3050 873 iusserat
3075 814 3139 864 ad
3165 827 3222 866 se

1865 885 2089 956 Pergere
2115 888 2420 944 Sclavorum
2455 905 2702 959 proceres
2729 895 2824 948 sibi
2850 894 3060 950 foedere
3079 899 3306 957 iunctos.

1865 974 1976 1028 Illic
2010 977 2290 1031 adventum
2318 995 2541 1047 quorum
2563 983 2686 1036 dum
2708 983 2844 1039 forte
2877 998 3114 1041 maneret

1864 1061 2140 1131 Operiens,
2175 1080 2237 1117 ex
2267 1067 2348 1120 his
2383 1068 2672 1122 extinctum
2707 1075 2962 1141 comperit
2982 1091 3161 1128 unum.

1865 1151 1976 1205 Rex
2014 1153 2384 1209 Abodritorum
2416 1157 2513 1210 fuit
2535 1158 2598 1221 is,
2636 1162 2945 1230 cognomine
2964 1163 3199 1230 Witzun,

1865 1241 2040 1294 Iussus
2071 1249 2124 1295 et
2145 1251 2199 1296 ut
2226 1244 2414 1307 fuerat,
2449 1261 2628 1315 regem
2658 1249 2782 1312 dum
2808 1251 2963 1306 vellet
3008 1253 3173 1318 adire,

1865 1329 2053 1383 Incidit
2079 1332 2312 1394 insidias,
2339 1334 2410 1387 illi
2438 1350 2571 1403 quas
2602 1345 2722 1390 ante
2764 1351 3018 1405 pararunt

1867 1420 2127 1485 Saxones,
2154 1425 2404 1491 quoniam
2433 1425 2652 1480 Francis
2670 1443 2864 1483 novere
2890 1430 3115 1484 fidelem.

1867 1506 1999 1561 IEnc
2029 1509 2140 1562 irae
2165 1512 2391 1566 stimulis
2414 1515 2590 1568 animo
2623 1525 2916 1571 commotus
2942 1521 3155 1584 amaris,

1866 1593 2114 1650 Eiusdem
2145 1600 2372 1667 regionis
2401 1616 2558 1670 agros
2592 1605 2850 1673 villasque
2884 1609 3049 1662 feroci

1872 1681 2040 1747 Quam
2071 1683 2176 1739 late
2202 1685 2343 1741 ferro
2371 1691 2606 1758 populari
2626 1693 2778 1747 iussit
2801 1705 2854 1749 et
2882 1697 3007 1766 igni.

1797 1785 1843 1842 ῃ
1870 1771 2019 1826 Tune
2046 1789 2110 1826 ex
2134 1774 2404 1830 Hunorum
2431 1780 2642 1846 quidam
2673 1783 2992 1850 primoribus
3018 1788 3162 1855 illuc,

1878 1861 2063 1914 Tudun
2093 1863 2292 1918 habens
2313 1881 2523 1932 nomen,
2559 1871 2701 1923 venit
2727 1885 2820 1939 per
2845 1872 2994 1942 longa
3022 1876 3248 1945 viarum,

1876 1952 2017 2004 V’elle
2039 1952 2302 2007 fatebatur
2331 1957 2438 2024 regi
2467 1958 2557 2024 qui
2583 1960 2808 2014 subdere
2828 1977 2961 2025 sese,

1875 2039 1937 2090 Et
1964 2040 2174 2095 Christo
2201 2042 2417 2096 domino
2441 2045 2628 2098 devota
2655 2050 2872 2103 credere
2901 2061 3106 2106 mente.

1876 2127 2081 2182 IIinc'in
2101 2130 2420 2200 Aquisgrani
2446 2132 2666 2189 Carolus
2693 2130 3022 2194 remeaverat
3047 2144 3240 2210 aulam,

1873 2206 1947 2271 Ac
1977 2228 2266 2274 memorata
2288 2221 2437 2289 prius
2457 2224 2675 2293 supplex
2699 2227 2768 2281 ibi
2795 2227 2927 2284 festa
2953 2236 3170 2304 peregit.

2340 2355 2488 2408 Anno
2511 2355 2627 2409 796.
2670 2357 2858 2412 Iudicf.
2891 2363 2942 2417 5.

1876 2476 2026 2531 Sedis
2058 2481 2373 2547 apostolicae
2394 2483 2633 2540 sublimis
2661 2487 2888 2544 culmine
2915 2497 3123 2560 praesid

1875 2565 1984 2621 IIoc
2011 2567 2274 2624 Adrianus
2294 2573 2358 2626 ab
2381 2573 2481 2627 hac
2505 2575 2611 2628 vita
2635 2577 2934 2634 decesserat
2960 2597 3116 2637 anno.

1876 2655 2002 2709 Post
2029 2672 2183 2724 quem
2213 2661 2432 2715 sortitus
2461 2677 2720 2717 summum
2756 2666 2862 2720 Leo
2899 2673 3278 2740 pontificatum,

1875 2745 2162 2799 Confestim
2185 2748 2378 2812 claves,
2402 2751 2592 2817 quibus
2612 2761 2693 2805 est
2721 2754 2983 2811 confessio
3009 2763 3195 2814 sancti.

1873 2823 2196 2888 Conservata
2219 2837 2378 2900 Petri,
2404 2840 2696 2909 vexillaque
2724 2845 2939 2900 miserat
2964 2849 3113 2905 urbis

1877 2923 2158 2980 Romuleae
2184 2927 2371 2982 Carolo
2398 2929 2702 2999 pariterque
2726 2935 2960 2988 decentia
2999 2939 3160 2993 dona.

1874 3013 2264 3081 Admonuitqne
2287 3017 2388 3083 piis
2408 3019 2666 3085 precibus,
2694 3035 2798 3087 quo
2825 3025 3036 3079 mittere
3055 3029 3210 3083 vellet

1799 3114 1845 3175 ο
1875 3103 1951 3155 Ex
1978 3105 2204 3171 propriis
2225 3107 2428 3174 aliquos
2462 3109 2802 3176 primoribus,
2850 3129 2912 3168 ac
2949 3118 3047 3170 sibi
3076 3119 3280 3187 plebem

1875 3194 2111 3249 Subdcre
2134 3196 2444 3263 Romanam,
2471 3203 2759 3255 servandac
2791 3202 2997 3258 foedera
3021 3222 3214 3277 cogens

1875 3283 2020 3338 Ilanc
2045 3284 2161 3338 fidei
2187 3290 2534 3342 sacramentis
2555 3291 2860 3357 promittere
2885 3296 3105 3364 magnis.

1873 3371 2063 3426 Missus
2101 3375 2164 3427 ad
2185 3375 2283 3428 hoc
2309 3375 2668 3444 Angilbertus,
2700 3381 2788 3447 qui
2817 3397 3036 3449 corpore
3056 3389 3226 3442 sancti

1874 3460 2106 3514 Richarii
2140 3463 2282 3516 clare
2303 3466 2601 3520 decoratam
2639 3480 2845 3523 rexerat
2876 3473 3038 3528 abbas

1798 3563 1812 3576 ε
1873 3547 2184 3611 Ecclesium,
2205 3551 2403 3617 pariter
2431 3555 2626 3623 regalia
2655 3556 2839 3612 detulit
2861 3560 3004 3625 illuc,

1875 3635 2068 3691 Devote
2097 3648 2278 3693 sancto
2307 3642 2840 3711 misitquae‘munera
2865 3649 3037 3706 Petro.

1874 3723 2006 3778 Nam
2034 3729 2254 3796 spoliata
2286 3729 2384 3783 fuit
2413 3732 2683 3787 Hunorum
2707 3738 2870 3807 regia,
2913 3740 3162 3812 Iliingnm

1873 3814 2040 3880 Quam
2063 3818 2317 3871 vocitant.
2363 3820 2510 3875 Hanc
2538 3824 2639 3875 dux
2656 3826 2876 3884 Erichus
2901 3830 3002 3884 hoc
3027 3846 3237 3902 ceperat
3258 3852 3415 3906 anno,

1876 3903 2208 3958 Multimodos
2227 3906 2384 3960 etiam
2410 3909 2516 3977 regi
2543 3909 2829 3967 devexerat
2866 3917 2985 3971 inde

1876 3993 2196 4057 'I‘hesauros,
2222 4011 2352 4049 aevo
2380 4013 2516 4065 quos
2538 3999 2794 4071 collegerc
2815 4014 3021 4061 vetusto

1875 4082 2168 4136 Innumeris
2197 4085 2382 4139 crebro
2405 4087 2646 4154 spoliatis
2681 4093 2922 4160 gentibus
2949 4095 3106 4150 Iluni.

1877 4171 1953 4224 Ex
1981 4172 2169 4240 quibus
2188 4182 2270 4226 est
2289 4173 2509 4229 Romam
2531 4186 2652 4232 tunc
2676 4181 2902 4239 maxima
2930 4188 3077 4253 copia
3101 4189 3280 4251 missa,

1875 4259 1950 4313 De
1982 4261 2182 4329 reliquo
2207 4279 2440 4319 summos
2462 4281 2708 4334 proceres
2734 4270 2988 4340 aulaeque
3012 4276 3279 4333 ministros

1877 4350 2094 4405 Multum
2119 4353 2262 4424 larga
2287 4372 2474 4410 manus
2501 4358 2686 4411 ditavit
2714 4361 2966 4430 principis
2987 4379 3186 4420 omnes.

1797 4436 1848 4494 D
1877 4443 1968 4496 IIis
2001 4445 2161 4512 gestis
2182 4446 2372 4498 iterum
2405 4462 2494 4501 rex
2519 4446 2785 4502 Saxonum
2809 4453 3048 4520 regiones

1874 4531 2128 4587 Invadens
2161 4533 2264 4588 late
2288 4543 2605 4601 vastaverat,
2639 4545 2796 4605 atque
2832 4555 3071 4596 reversus

1878 4622 2060 4676 Victor
2077 4623 2392 4692 Aquisgrani
2427 4626 2648 4679 brumali
2674 4636 2906 4696 tempore
2940 4635 3150 4688 mansit.

1874 4710 1942 4764 At
1964 4711 2066 4765 dux
2090 4713 2269 4766 Italiae
2289 4713 2560 4782 Pippiuus,
2588 4719 2727 4785 regia
2746 4721 2936 4787 proles,

1875 4802 2150 4856 Adiuuctis
2179 4803 2466 4858 Baioaricis
2503 4805 2792 4875 legionibus
2819 4810 2907 4873 illi,

1881 4895 2047 4950 Ilunis
2077 4896 2322 4949 intulerat
2347 4898 2561 4963 bellum,
2589 4901 2664 4954 sic
2686 4890 2832 4970 patre
2856 4902 3082 4957 iubente.

1879 4984 2010 5038 Cum
2037 4985 2227 5052 quibus
2247 4994 2435 5039 eventu
2461 4989 2748 5041 certamina
2777 5003 3025 5058 prospera
3060 4991 3197 5048 Iacto

1880 5075 2048 5128 Trans
2079 5075 2292 5129 fluvium
2330 5077 2490 5130 'I‘izan
2511 5080 2692 5147 gessit,
2725 5082 3034 5149 cunctisque
3059 5084 3247 5154 fugatis

1878 5165 2144 5229 Hostibus,
2175 5183 2202 5219 a
2229 5166 2447 5222 Francis
2467 5169 2734 5222 IIunorum
2760 5173 2902 5239 regia
2936 5183 3041 5227 tota

1881 5255 1974 5310 Est
1995 5265 2216 5324 aequata
2244 5257 2374 5319 solo,
2413 5272 2569 5324 quam
2599 5256 2851 5327 Hringum
2871 5261 3096 5314 diximus
3117 5273 3256 5316 ante.

1882 5349 2043 5404 Cuius
2070 5363 2237 5416 poene
2271 5363 2432 5417 gazae
2460 5349 2630 5417 gentis
2657 5355 2781 5405 tunc
2803 5350 3034 5405 funditus
3072 5367 3274 5416 omnes,

1816 5455 1818 5462 '
1882 5441 2100 5508 Magnus
2121 5446 2235 5492 erat
2262 5454 2483 5506 quarum
2514 5455 2781 5500 numerus,
2801 5452 3119 5511 cunctaeque
3146 5444 3324 5512 prioru
3348 5462 3379 5499 u

1882 5530 2350 5597 Diripiunturopcs
2371 5545 2572 5595 regum,
2604 5545 2733 5597 quas
2767 5532 3137 5608 depopulantcs

1882 5620 2066 5671 l‘lurcs
2094 5619 2144 5670 in
2180 5618 2342 5672 variis
2364 5634 2542 5672 sacras
2567 5621 2868 5688 regionibus
2889 5622 3063 5683 aedes,
