3886 6228
511 335 595 388 τΗ
1814 318 2055 377 ΡΟΕΤᾸΞ

2150 315 2381 373 \XOXIS
3249 357 3282 368 α
3616 315 3702 366 712

510 439 854 506 Temporibus
897 434 1075 487 multis
1094 432 1227 486 male
1257 433 1588 502 congessisse
1615 432 1872 484 feruntur.

511 533 656 584 'I‘unc
680 528 866 596 quibus
883 524 1089 584 ablatis,
1134 532 1238 575 tam
1261 523 1387 574 clari
1411 525 1525 576 iure
1561 521 1812 587 triumphi

510 619 588 671 Ad
622 627 819 684 patrem
846 614 1015 666 victor
1039 623 1325 664 memorata
1347 613 1490 665 venit
1519 614 1569 664 in
1593 611 1708 663 aula

511 708 774 776 I’ippinus,
813 705 954 772 regni
991 703 1073 755 cui
1099 704 1377 757 thesauros
1403 703 1613 772 spoliati

506 796 713 858 Attulit,
745 794 1067 860 exuviasque
1093 791 1304 856 ducum,
1335 793 1632 860 vexillaque
1656 801 1830 858 capta.

507 883 636 938 Cum
657 897 760 951 quo
783 883 885 935 iam
917 882 1088 936 dictus
1110 881 1297 934 Tudun
1321 895 1530 948 quoque
1552 888 1770 934 venerat
1799 878 1942 940 illuc,

508 972 892 1039 Promissisque
914 969 1069 1024 fidem
1099 969 1328 1036 propriis
1356 969 1608 1024 adhibere
1633 969 1840 1036 sategit,

506 1065 637 1118 Cum
661 1072 768 1116 toto
790 1061 1040 1115 comitum
1063 1074 1289 1114 numero
1316 1059 1577 1127 baptisma
1607 1074 1823 1112 suorum

505 1151 811 1218 Percipietis
837 1149 995 1202 etiam
1021 1163 1117 1216 per
1151 1157 1482 1201 sacramenta
1511 1149 1812 1216 spopondit,

509 1242 577 1294 Se
605 1240 716 1292 fore
744 1237 1035 1290 subiectum
1064 1235 1282 1289 Francis
1306 1235 1570 1304 fidumque
1591 1249 1688 1304 per
1709 1248 1914 1287 aevum.

508 1333 611 1391 Sed
637 1339 912 1400 postquam
945 1329 1120 1390 rediit,
1145 1336 1354 1381 mutans
1381 1327 1637 1397 promissa
1670 1326 1948 1392 tidcmque,

507 1419 765 1472 Perfidiae
791 1417 960 1470 luerat
984 1430 1147 1485 parvo
1170 1425 1289 1484 post
1318 1422 1553 1483 tempore
1578 1428 1795 1482 poenas.

506 1509 570 1558 At
601 1521 689 1558 rex
727 1505 1002 1572 sollempni
1031 1513 1155 1557 voto
1183 1504 1544 1557 celebraverat
1566 1503 1670 1556 illic

511 1595 803 1662 Tempora,
849 1609 984 1662 quae
1031 1591 1276 1647 Christus
1319 1607 1544 1646 nascens
1590 1592 1922 1658 moriensque
1972 1605 2055 1642 sa-

1024 1687 1029 1691 ’
1762 1678 1982 1748 [cr-avit.

965 1767 1110 1820 Anno
1155 1767 1273 1820 797.
1326 1765 1516 1818 lndict.
1559 1766 1610 1818 4.

509 1859 640 1912 Cum
665 1857 884 1927 pulchro
922 1857 1156 1909 renitens
1191 1863 1311 1908 ortu
1342 1854 1660 1908 claresceret
1689 1862 1877 1906 aestas.

509 1949 590 2001 Ad
619 1961 793 2014 regem
819 1943 1143 1996 Sarracenus
1173 1941 1486 2011 cognomine
1513 1943 1673 1996 latus

508 2034 825 2094 Adveniens,
855 2047 884 2085 a
906 2046 962 2084 se
983 2046 1255 2099 pcrvasam
1289 2030 1515 2084 reddidit
1542 2030 1742 2091 urbem,

509 2123 802 2176 Barzinona
831 2121 914 2174 cui
955 2134 1145 2173 nomen
1175 2137 1186 2170 :
1222 2134 1343 2171 nam
1381 2117 1545 2172 limite
1581 2126 1782 2171 structa

509 2211 729 2263 Constat
755 2209 804 2260 in
829 2207 1078 2275 llispano,
1108 2206 1255 2258 vario
1291 2215 1616 2274 cegenteque
1641 2221 1766 2260 casu

512 2300 662 2353 Nunc
691 2296 1000 2350 Sarracenis
1033 2294 1224 2357 fuerat,
1257 2309 1396 2346 nunc
1423 2294 1631 2368 subdita
1653 2293 1893 2357 Francis,

510 2393 718 2458 Perque
744 2391 930 2444 ducem
970 2387 1182 2440 tandem
1214 2395 1562 2442 memoratum
1616 2387 1836 2449 reddita,
1879 2403 1968 2455 qui
2005 2403 2061 2441 se

513 2479 711 2547 Sponte
744 2493 838 2532 sua
874 2477 1073 2545 pariter
1101 2475 1289 2531 Carolo
1314 2477 1554 2544 permisit
1577 2485 1628 2528 et
1660 2478 1843 2531 urbem
1870 2520 1881 2538 ,

511 2565 838 2620 Francorum
868 2563 1106 2618 subiecta
1137 2562 1234 2616 fuit
1256 2563 1506 2631 posthaec
1531 2562 1736 2617 ditioni.

511 2652 636 2706 Inde
674 2667 825 2706 suum
858 2661 1095 2721 gnatum,
1119 2651 1484 2706 Hludowicum
1515 2654 1746 2734 neruine,
1781 2667 1957 2722 regem

513 2743 659 2797 Tunc
688 2743 1094 2812 Aquitanorum,
1137 2743 1328 2795 direxit
1351 2741 1418 2795 ad
1457 2742 1784 2796 obsidionem

513 2833 587 2886 Os
621 2848 682 2885 ae
707 2847 896 2884 nomen
922 2832 1078 2884 habet
1108 2831 1184 2884 sic
1210 2832 1336 2884 urbs
1363 2830 1640 2899 Hispanica
1672 2833 1920 2900 quedam.

511 2922 735 2990 Ipseque
770 2934 914 2972 more
951 2932 1046 2971 suo
1078 2932 1286 2970 rursum
1311 2919 1608 2974 Saxonibus
1633 2934 1783 2973 arma

512 3008 712 3072 Intulit,
739 3006 992 3060 auderent
1015 3005 1173 3058 duras
1200 3020 1265 3058 ne
1296 3003 1430 3060 forte
1466 3006 1639 3059 levare

513 3095 760 3151 Cervices
789 3095 998 3157 iterum,
1031 3108 1253 3161 quorum
1280 3103 1573 3148 vastaverat
1601 3110 1785 3150 omnes

515 3185 794 3238 Extremas
823 3186 980 3236 etiam
1011 3185 1160 3244 lines,
1191 3198 1325 3250 quos
1348 3184 1500 3237 Albia
1529 3185 1744 3248 claudit,

514 3276 582 3330 Et
616 3291 720 3344 qua
743 3274 931 3327 diffuso
954 3275 1176 3327 miscent
1203 3289 1259 3327 se
1287 3275 1494 3344 gurgite
1519 3276 1674 3330 salsis

515 3367 789 3419 Fluctibus
821 3365 1004 3418 oceani
1029 3363 1270 3418 Wisurae
1291 3366 1566 3433 praeclara
1601 3365 1816 3419 fluenta.

515 3461 753 3526 Cumque
790 3457 983 3510 rediret
1013 3456 1353 3524 Aquisgrani,
1383 3457 1602 3510 devotus
1631 3457 1792 3510 adivit

516 3549 678 3617 Regis
707 3547 994 3616 Abiumage
1018 3546 1321 3600 Maurorum
1352 3547 1492 3601 filius
1523 3548 1690 3610 illum,

515 3639 731 3694 Abdelle
753 3641 837 3691 cui
866 3635 1058 3689 nomen
1087 3645 1218 3696 erat,
1251 3651 1406 3703 quem
1442 3652 1532 3689 rex
1564 3639 1633 3692 ibi
1665 3639 1897 3693 clemens

516 3728 645 3782 Cum
666 3724 999 3791 suscepisset,
1028 3725 1318 3795 collegerat
1356 3725 1477 3779 inde
1507 3736 1782 3791 senatum,

518 3817 581 3868 Et
603 3831 709 3884 quo
731 3815 1017 3867 conticeret
1053 3815 1266 3866 tandem
1301 3812 1562 3868 Saxonica
1589 3816 1723 3869 bella

515 3905 806 3962 Consilium
835 3902 1070 3972 prudens
1097 3903 1233 3967 iniit,
1269 3919 1374 3972 quo
1405 3913 1640 3972 tempore
1668 3916 1776 3960 toto

516 3997 766 4050 Instantis
795 3995 1013 4048 brumae
1037 3995 1251 4063 regione
1287 4005 1524 4048 maneret
1552 3997 1602 4048 in
1636 3997 1768 4065 ipsa.

517 4084 659 4152 Ergo
683 4098 778 4136 suo
805 4097 984 4135 secum
1013 4084 1264 4134 comitatu
1298 4084 1538 4148 protinus
1560 4086 1701 4138 omni

518 4176 821 4238 Assumpzo,
850 4169 1096 4223 Wisurae
1123 4171 1308 4237 positis
1330 4171 1381 4224 in
1408 4170 1562 4225 litore
1582 4174 1774 4227 castris

519 4261 688 4323 Sedit,
723 4258 1094 4327 Heristellique
1121 4259 1291 4313 locum
1314 4261 1468 4314 iussit
1492 4263 1731 4324 vocitari,

519 4351 783 4404 Hactenus
809 4351 908 4402 hoc
931 4359 983 4402 et
1021 4351 1176 4402 habet
1221 4365 1428 4414 nomen,
1457 4359 1754 4422 terramque
1783 4368 1874 4422 per
1902 4355 2069 4422 ipsam

518 4440 784 4491 Adductos
815 4453 990 4490 secum
1022 4436 1243 4505 populos
1267 4438 1536 4502 diviserat,
1563 4451 1720 4508 atque

517 4529 796 4594 Indigenas
816 4527 938 4579 licet
960 4527 1151 4580 invitos
1172 4527 1299 4580 dare
1319 4529 1571 4595 compulit
1600 4530 1727 4597 ipsis

518 4618 780 4672 Hibernas
802 4617 954 4670 sedes
977 4617 1131 4669 simul
1158 4626 1210 4670 et
1241 4618 1500 4686 stipendia
1528 4621 1753 4674 cunctis.

519 4710 631 4762 Iluc
659 4721 721 4760 ex
750 4705 896 4759 Italia
925 4706 1070 4760 venit
1093 4705 1342 4774 Pippinus
1370 4708 1435 4762 ad
1478 4709 1680 4777 ipsum;

519 4799 766 4864 Ilispanis
786 4798 946 4850 etiam
978 4797 1186 4850 rediens
1209 4797 1546 4854 Hludowicus
1573 4802 1637 4853 ab
1666 4802 1828 4855 horis.

520 4888 792 4940 Ilunorum
824 4901 1032 4955 quoque
1055 4886 1230 4954 legati,
1261 4902 1356 4940 nec
1385 4904 1484 4940 non
1514 4889 1819 4952 Hadefonsi,

519 4976 766 5031 Asturiae
789 4976 943 5045 regis,
977 4991 1136 5043 quam
1170 4977 1401 5029 maxima
1429 4978 1566 5033 dona
1595 4979 1852 5045 ferentes,

522 5068 598 5122 Ex
633 5075 740 5119 tam
771 5065 1068 5134 longinquis
1092 5067 1338 5120 Carolum
1366 5068 1523 5122 terris
1552 5071 1813 5125 adierunt.

521 5161 656 5214 Hinc
681 5159 836 5212 estin
864 5172 1081 5226 regnum
1119 5159 1388 5226 proprium
1409 5158 1658 5214 dimissus
1678 5170 1898 5231 uterque

519 5247 734 5318 Regalis
762 5255 915 5300 natus
942 5264 954 5298 :
986 5246 1131 5298 misit
1156 5262 1363 5314 quoque
1386 5235 1506 5302 cuni
1528 5248 1836 5303 Illudowico

516 5335 633 5391 ΑΜ
672 5334 810 5396 llam,
844 5335 932 5402 qui
968 5342 1082 5403 post
1124 5335 1348 5402 patriam
1388 5336 1673 5399 deductus,
1708 5347 1760 5390 et
1799 5338 1898 5391 illis

520 5426 608 5478 Its!
639 5423 976 5486 commissus,
1007 5425 1073 5476 ad
1103 5425 1202 5476 hoc
1228 5438 1359 5490 quos
1387 5433 1511 5478 tunc
1536 5427 1767 5495 elegerat
1802 5428 1928 5496 ipse,

523 5517 584 5567 Et
607 5531 830 5582 quorum
858 5513 974 5567 fidei
1005 5529 1060 5567 se
1082 5518 1297 5568 credere
1322 5532 1423 5568 non
1448 5517 1721 5572 dubitavit.

524 5604 631 5657 lict
663 5612 835 5659 autem
865 5602 1100 5659 residens
1129 5605 1179 5658 in
1205 5604 1473 5662 Saxonum
1511 5610 1742 5675 regiona

2079 437 2128 494 Α
2155 427 2467 494 Prefatoque
2497 426 2612 479 loco
2633 427 2964 480 sanctissima
3002 426 3135 480 festa
3167 425 3387 496 peregit,

2156 517 2211 570 In
2239 517 2430 583 quibus
2460 514 2672 568 indutus
2697 515 2955 583 processit
2984 531 3205 585 corpore
3230 516 3505 578 Christus.

2158 605 2223 659 Et
2247 605 2422 674 posuit
2443 618 2656 658 carnem
2683 604 2935 668 moriens,
2963 605 3289 674 sumpsitque
3329 619 3643 674 resurgens.

2621 689 2769 744 Anna
2803 689 2924 745 798.
2960 690 3155 744 India.
3188 691 3240 744 5.

2159 781 2312 836 Veris
2340 781 2391 833 in
2419 779 2568 834 initio
2590 777 2796 834 facinus
2821 780 3159 834 commiserat
3181 789 3333 834 atrox

2159 869 2425 924 Saxonum
2446 868 2671 939 populus
2694 869 2929 938 quidam,
2969 885 3102 939 quos
3135 871 3331 925 claudit
3358 872 3426 926 ab
3451 881 3642 925 austro

2155 960 2305 1014 Albia
2329 959 2607 1014 seiunctim
2637 957 2838 1028 positos
2860 959 3120 1027 aquilonis
3145 961 3211 1013 ad
3237 975 3413 1014 axem.

2158 1047 2264 1101 Nos
2289 1046 2694 1115 Northalbingos
2718 1046 2890 1114 patrio
2913 1061 3156 1100 sermone
3180 1062 3452 1102 vocamus.

2158 1136 2289 1190 Nam
2311 1150 2407 1204 pro
2435 1134 2634 1188 iustitia
2660 1134 2814 1202 legali
2839 1149 2986 1189 more
3014 1137 3242 1205 gerenda

2158 1225 2290 1280 Cum
2319 1239 2412 1279 rex
2439 1223 2640 1292 legatos
2670 1223 2794 1278 illuc
2821 1225 3222 1289 transmitteret,
3255 1226 3394 1294 ipsos

2158 1313 2320 1381 Impia
2346 1311 2633 1381 foedifrage
2654 1311 2910 1382 iugulavit
2938 1311 3097 1367 factio
3122 1316 3310 1384 gentis.

2157 1399 2394 1469 Cumque
2418 1399 2800 1464 Godescalcus,
2829 1401 2968 1469 regis
2993 1400 3194 1471 legatus
3221 1412 3273 1456 ct
3299 1405 3428 1472 ipse,

2157 1491 2295 1545 Ante
2315 1491 2430 1545 dies
2453 1490 2648 1545 missus
2674 1505 2870 1559 paucos
2895 1492 2961 1544 ad
2989 1506 3146 1561 regna
3175 1504 3440 1548 tenentem

2160 1580 2448 1645 Danorum,
2475 1579 2758 1650 Sigifridus
2784 1590 2899 1634 erat
2923 1582 3006 1635 cui
3036 1599 3244 1648 nomen,
3276 1587 3326 1638 in
3352 1586 3470 1654 ipso

2161 1672 2420 1740 Tempore
2449 1672 2747 1739 regrediens
2774 1670 2907 1726 foret
2932 1673 3253 1741 interceptus
3273 1676 3338 1728 ab
3368 1676 3544 1728 llunis
3564 1715 3579 1738 ,

2091 1781 2137 1842 Β
2163 1762 2425 1815 Auctores
2445 1761 2600 1814 huius
2631 1760 2839 1816 fuerant
2865 1763 2954 1830 qui
2980 1764 3264 1820 seditionis.

2161 1849 2458 1902 Pertnlerat
2477 1857 2700 1902 mortem
2724 1849 2924 1916 pariter
2947 1864 3043 1916 pro
3069 1851 3289 1902 crimine
3320 1851 3482 1903 nullo.

2160 1936 2253 1991 Ilis
2278 1951 2370 1989 rex
2394 1946 2685 1990 commotus
2722 1935 2987 1991 Wisuram
3029 1941 3328 2006 properavit
3376 1942 3440 1992 ad
3480 1956 3712 2001 amnem,

2159 2027 2320 2096 Inque
2342 2027 2455 2082 loco
2483 2041 2637 2096 quem
2670 2027 2860 2081 Munda
2896 2038 3087 2082 vocant
3133 2043 3223 2082 sua
3272 2041 3446 2082 castra
3503 2031 3712 2088 IUCJVH,

2159 2119 2333 2187 Atque
2359 2119 2502 2171 necis
2530 2118 2824 2185 legatorum
2861 2119 3180 2174 iustissimus
3204 2120 3360 2174 ultor.

2159 2207 2218 2260 In
2247 2207 2544 2259 desertores
2571 2208 2681 2260 irae
2703 2206 2896 2260 laxavit
2926 2209 3187 2272 habenas,

2161 2295 2368 2348 Vastari
2395 2294 2501 2347 late
2521 2295 2718 2362 sparsis
2745 2295 3036 2362 legionibus
3065 2295 3206 2348 illam

2158 2385 2462 2453 Precipiens
2493 2394 2709 2438 terram.
2738 2385 2870 2437 Tum
2911 2399 3097 2439 saevus
3122 2388 3314 2453 ubique
3346 2386 3560 2440 furebat

2161 2472 2329 2534 Miles,
2355 2473 2548 2541 ubique
2575 2488 2733 2526 cruor
2757 2474 2884 2527 rivis
2907 2473 3256 2526 madefecerat
3285 2491 3431 2536 arva,

2159 2561 2417 2614 Omnibus
2435 2572 2592 2628 atque
2617 2560 2746 2614 locis
2775 2563 3071 2616 increverat
3101 2564 3309 2615 horrida
3341 2564 3541 2618 clades.

2163 2649 2390 2702 Vulnera
2409 2688 2421 2711 ,
2453 2664 2624 2712 mors,
2664 2652 2833 2704 luctus
2853 2690 2865 2714 ,
2900 2651 3127 2713 clamor,
3162 2651 3279 2720 fuga
3306 2694 3317 2714 ,
3353 2653 3570 2705 tlanuna
3598 2694 3610 2714 ,
3639 2670 3715 2703 ra-

3493 2742 3710 2811 [pIIiJL‘.

2161 2826 2348 2881 Omnia
2374 2827 2725 2896 complebant,
2759 2828 2924 2882 donec
2948 2831 3271 2897 compescuit
3310 2831 3433 2882 aliis

2161 2918 2316 2971 Albia
2351 2918 2647 2988 gurgitibus
2674 2919 2957 2986 procedere
2987 2920 3188 2986 longius
3214 2936 3379 2972 artua.

2163 3012 2231 3064 At
2257 3010 2625 3077 Northalbingi
2652 3010 2842 3063 missos
2862 3010 3055 3078 inpune
3082 3021 3382 3078 peremptos

2089 3114 2134 3174 (ς
2166 3100 2210 3152 Α
2243 3114 2299 3152 se
2325 3105 2604 3152 cernentes
2636 3095 2811 3150 Caroli
2854 3127 2918 3135 --
2950 3113 3071 3150 nam
3098 3100 3236 3166 regia
3262 3109 3438 3150 (inira

2166 3187 2315 3242 IIaud
2340 3186 2663 3240 traiecerunt
2690 3185 2902 3238 fluvium
2934 3189 3358 3255 ——snperaddere
3393 3206 3618 3254 magnos

2166 3277 2460 3346 Disponunt
2482 3290 2662 3338 ausus,
2694 3275 2977 3330 Abodrltos
2999 3278 3240 3346 denique,
3269 3280 3494 3333 Fl'a:.='i5

2165 3365 2265 3430 Qui
2298 3374 2422 3418 tunc
2448 3364 2667 3418 subiecti
2699 3363 2909 3418 fuerant
2937 3381 2997 3418 ac
3033 3365 3241 3420 foedere
3278 3371 3461 3428 iuncti,

2167 3454 2380 3507 Nisibns
2405 3469 2470 3507 ex
2505 3455 2630 3508 totis
2652 3469 2868 3522 coepere
2891 3455 3154 3509 lacescere
3179 3454 3331 3509 bello.

2166 3546 2264 3597 Ast
2290 3545 2393 3599 illis
2419 3546 2797 3599 Abodritorum
2826 3547 2931 3600 dux
2953 3549 3164 3600 nomine
3192 3547 3416 3610 Thasco,

2166 3634 2452 3703 Coinperto
2481 3636 2568 3687 tali
2594 3643 2759 3697 motu,
2785 3635 2906 3689 tulit
2932 3639 3086 3690 obvia
3111 3638 3276 3707 signa,

2167 3721 2530 3790 Consertaque
2561 3722 2677 3777 loco
2703 3738 2894 3792 pugna,
2921 3740 3076 3794 quem
3107 3725 3368 3781 Suentana
3394 3729 3606 3797 dicunt,

2168 3811 2432 3876 Quattuor
2466 3813 2672 3866 hostilis
2700 3818 2985 3882 prostravit
3007 3816 3147 3870 milia
3179 3829 3379 3883 coetus,

2167 3904 2242 3956 Ac
2281 3904 2448 3958 victos
2475 3904 2598 3959 fecit
2621 3907 2778 3959 nimia
2803 3923 2920 3960 cum
2944 3909 3091 3962 clade
3121 3911 3330 3964 reverti.

2169 3997 2404 4064 Cumque
2433 4013 2705 4066 regressus
2730 3998 3044 4068 Aquisgrani
3068 4017 3159 4054 rex
3181 4013 3323 4057 esset
3359 4005 3413 4057 in
3437 4006 3591 4071 aula,

2170 4084 2625 4154 Constantinopoli
2653 4089 2846 4142 missos
2872 4092 3102 4159 suscepit
3123 4094 3188 4146 ab
3211 4096 3338 4149 urbe

2174 4170 2414 4240 Legatos,
2443 4173 2678 4242 Augusta
2707 4177 2816 4230 suis
2841 4193 2936 4245 pro
2961 4178 3118 4233 rebus
3144 4181 3209 4232 ad
3235 4182 3408 4249 ipsum

2171 4259 2312 4323 Quos
2335 4261 2478 4314 misit
2500 4261 2726 4325 I'Ierena,
2756 4279 2942 4332 preces
2963 4281 3026 4319 ac
3051 4267 3184 4320 dona
3213 4268 3446 4324 ferentes

2172 4346 2302 4399 Nam
2328 4347 2707 4405 Constantinus
2733 4350 2902 4404 fuerat
2926 4355 3015 4421 qui
3037 4364 3192 4410 natus
3211 4359 3277 4410 ab
3299 4358 3404 4418 illa,

2101 4437 2148 4495 D
2173 4438 2303 4490 Cum
2328 4439 2463 4492 foret
2496 4430 2730 4494 inmensa
2761 4455 2964 4496 morum
2993 4446 3167 4513 gravis
3190 4448 3560 4516 improbitate,

2173 4533 2214 4586 A
2252 4533 2436 4586 Grecis
2455 4537 2598 4604 regni
2629 4536 2866 4590 deiectus
2896 4539 3146 4604 culmine,
3176 4555 3396 4610 magnas

2171 4623 2446 4690 Nequitiae
2468 4624 2683 4677 dederat
2704 4625 2939 4691 privatus
2960 4625 3158 4683 lumine
3178 4643 3391 4698 poenas.

2175 4712 2320 4766 Unus
2341 4724 2456 4766 erat
2479 4715 2669 4768 missus
2700 4715 2942 4779 .‘zlichael,
2973 4728 3028 4771 et
3058 4720 3320 4786 presbiter
3342 4719 3481 4772 alter

2071 4858 2088 4866 __
2171 4801 2508 4871 TheOphilns,
2539 4805 2730 4871 quibus
2763 4814 2843 4859 est
2882 4807 3094 4860 tandem
3141 4808 3482 4876 poscentibus
3530 4821 3728 4876 actum,

2177 4889 2244 4943 Ut
2269 4908 2453 4961 magna
2484 4895 2620 4962 regis
2643 4896 2836 4962 pietate
2868 4895 3148 4961 Sisinnius,
3175 4899 3304 4952 olim

2173 4982 2229 5034 ln
2256 4981 2392 5035 bello
2419 4993 2623 5051 captus,
2651 4985 2873 5051 patriam
2903 4985 3154 5041 dimissus
3174 4988 3363 5042 abiret.

2180 5072 2230 5126 ls
2255 5088 2536 5142 germanus
2559 5083 2669 5127 erat
2697 5075 2931 5143 praefate
2954 5077 3212 5144 praesulis
3230 5079 3396 5143 urbis,

2174 5163 2286 5229 Que
2309 5173 2465 5233 caput
2492 5165 2698 5233 imperii
2721 5165 3012 5222 Grecorum
3048 5169 3226 5224 nobile
3245 5168 3430 5240 fulget.

2175 5254 2268 5309 Ilis
2294 5271 2503 5325 quoque
2527 5256 2775 5320 dimissis,
2801 5257 3082 5313 Hadefonsi
3110 5260 3250 5329 regis
3273 5260 3339 5314 ab
3367 5260 3526 5316 horis

2174 5343 2418 5412 Hispanis
2441 5359 2632 5399 venere.
2661 5347 2778 5411 viri,
2811 5348 2901 5416 qui
2934 5362 3150 5402 munera
3174 5364 3364 5420 magno

2171 5433 2472 5487 Attulerant
2498 5435 2702 5497 Carolo,
2736 5435 3259 5492 renovantes'foedus
3284 5439 3517 5507 avitum,

2175 5523 2396 5592 Semper
2418 5525 2646 5578 amicitia
2675 5539 2824 5596 reges
2852 5526 2994 5594 quod
3019 5526 3265 5581 iunxerat
3291 5527 3466 5596 ipsos;

2175 5612 2360 5684 Magna
2394 5613 2584 5682 quibus
2617 5615 2830 5670 dederat
2860 5616 3116 5688 susceptis
3149 5616 3286 5672 dona
3311 5617 3574 5691 benigne,
