3886 6228
193 399 287 453 715

199 509 260 559 .\c
281 504 499 572 patriam
526 504 614 556 tali
650 504 812 556 laetos
839 503 1036 557 dimisit
1056 505 1274 558 honore.

193 593 350 649 lnsule
376 592 551 644 iuvase
571 589 810 645 Baleares
838 606 954 644 esse
994 590 1231 647 feruntur

197 685 295 736 lIoc
319 696 474 744 anno,
507 695 725 747 quarum
752 679 994 733 Maiorica
1019 681 1206 734 dicitur
1240 694 1362 741 una,

196 771 360 824 Altera
387 783 574 821 nomen
594 768 751 821 habet
771 783 1009 821 sermone
1039 768 1284 820 Minorica
1307 767 1494 836 prisco.

197 859 293 912 llas
320 857 512 912 etenim
537 857 699 909 Mauri
723 858 1058 910 devastavere
1088 864 1288 924 pyrate.

197 949 259 998 At
286 961 374 998 rex
400 943 631 1014 praefata
655 935 864 1010 tempus
891 944 1174 996 celebravit
1200 944 1251 994 in
1277 941 1413 1004 aula,

192 1034 297 1097 Quo
328 1032 471 1085 nasci
495 1031 659 1084 voluit
684 1030 812 1083 coeli
843 1039 1115 1098 terraeque
1135 1037 1358 1090 creator,

195 1126 252 1176 Et
274 1138 374 1190 quo
405 1137 546 1175 mors
572 1121 754 1174 mortis
775 1119 872 1173 fuit
897 1119 1263 1186 infernumque
1290 1115 1568 1170 momordit
1585 1153 1618 1176 ,_

195 1209 430 1263 Reddidit
459 1215 512 1261 et
535 1208 683 1261 nobis
704 1207 863 1259 vitam
892 1207 954 1260 de
980 1213 1146 1258 morte
1175 1216 1470 1272 resurgens.

645 1336 791 1389 Αηηο
828 1335 948 1388 799.
974 1334 1159 1386 Iudici.
1191 1331 1240 1384 6.

192 1467 232 1521 Ο
255 1480 408 1533 quam
438 1465 585 1519 triste
611 1463 753 1516 nefas
781 1463 1020 1516 mortalia
1045 1470 1256 1530 pectora
1282 1460 1467 1512 crebro

192 1554 511 1620 Concipiunt,
536 1567 690 1620 quam
715 1552 981 1618 praecipiti
1009 1564 1296 1603 summersa
1316 1545 1570 1614 profundo

191 1647 478 1712 Nequitiae,
507 1644 629 1695 dum
650 1657 753 1694 non
773 1640 930 1708 leges,
964 1654 1066 1690 non
1093 1639 1205 1690 iura
1232 1645 1498 1698 verentur,

192 1735 472 1790 IIorriftcos
498 1733 716 1784 nimium
740 1731 880 1784 caeci
909 1729 1154 1780 labuntur
1182 1728 1232 1778 in
1254 1735 1421 1778 actus.

192 1825 357 1878 Testis
388 1823 472 1875 hic
501 1829 579 1874 est
601 1834 785 1882 anuus,
809 1833 912 1886 quo
941 1833 1028 1870 res
1050 1816 1258 1882 indigna
1288 1813 1453 1866 relatu

191 1911 417 1966 Crimine
445 1907 752 1961 Romuleam
790 1920 946 1958 saevo
973 1902 1322 1969 maculaverat
1347 1900 1548 1952 urbem.

193 2001 312 2053 Nam
351 2013 501 2050 sacer
536 1997 772 2054 antistes,
800 1992 991 2045 mundo
1019 1987 1331 2042 venerabilis
1355 1984 1518 2046 omni,

191 2088 400 2140 Civibus
425 2101 453 2136 a
473 2081 695 2150 propriis
727 2093 919 2146 poenas
945 2078 1050 2130 Leo
1072 2077 1290 2142 sumpsit
1311 2081 1534 2126 atroces.

191 2171 514 2225 Credidimus
548 2173 803 2219 tormenta
835 2163 1042 2232 quidem
1070 2175 1302 2214 cessasse
1346 2159 1568 2226 piorum,

190 2258 491 2314 Iamdudum
513 2255 683 2308 saevis
710 2253 991 2305 tortoribus
1015 2251 1134 2318 igne
1172 2241 1405 2348 geherine

192 2348 475 2407 Damnatis,
511 2361 642 2413 quos
675 2343 879 2412 imperii
909 2342 1030 2395 dum
1066 2347 1269 2407 sceptra
1306 2342 1538 2412 tenentes

188 2439 401 2491 Fecerat
422 2435 586 2487 elatos
613 2433 845 2484 inmensa
869 2430 1098 2497 potentia
1123 2427 1266 2479 secli.
1343 2439 1346 2472 1

191 2523 503 2591 Martyribus
537 2518 670 2572 cesis
701 2516 979 2584 implerunt
1014 2513 1263 2581 sanguine
1290 2510 1506 2563 Romam

191 2609 335 2663 Nunc
365 2608 416 2659 in
445 2619 572 2673 pace
599 2603 717 2656 novi
755 2601 1028 2655 sceleratis
1057 2599 1269 2651 ausibus
1292 2595 1394 2650 orti
1424 2607 1449 2632 ι

189 2691 475 2751 Carnifices
495 2692 705 2753 ibidem,
730 2690 881 2756 longe
902 2689 1022 2740 licet
1048 2686 1322 2740 inferiores

191 2787 303 2838 Iure
329 2782 619 2851 potestatis,
647 2779 803 2831 simili
827 2777 916 2829 sed
938 2782 1110 2828 mente
1134 2773 1359 2826 feroces.

193 2872 537 2939 Temporibus
564 2878 762 2921 tantum
791 2867 960 2920 scelus
991 2865 1244 2916 admisere
1271 2859 1553 2938 modernis,

191 2965 388 3017 Indicto
420 2975 537 3015 cum
567 2958 784 3021 iustitio,
807 2970 864 3009 sc
886 2955 1091 3023 publica
1122 2961 1239 3006 vota
1415 3005 1428 3018 ,

191 3047 314 3102 Cum
331 3045 574 3114 precibus
591 3039 795 3094 solvens
827 3039 971 3106 plebs
997 3036 1255 3104 castigare
1282 3034 1446 3087 fidelis

192 3136 432 3193 Deberet,
461 3133 760 3198 pariterque
783 3120 906 3180 Suos
929 3140 1151 3194 purgare
1175 3133 1369 3177 reatus.

194 3224 323 3274 Tum
343 3220 613 3272 celebrare
640 3215 818 3267 volens
845 3213 1038 3265 Christi
1074 3212 1320 3281 mysteria
1347 3210 1547 3265 cunctis

195 3311 292 3362 Pro
321 3306 423 3362 sibi
447 3305 756 3365 commissis,
780 3301 1051 3369 sollempni
1081 3315 1226 3353 more
1249 3301 1497 3362 sacerdos

197 3400 387 3452 Vectus
423 3409 574 3462 equo,
609 3391 949 3446 Lateranensi
977 3389 1230 3456 processit
1258 3388 1323 3438 ab
1349 3387 1486 3445 aula,

198 3486 268 3537 Ad
297 3494 385 3534 tua
421 3481 669 3534 Laurenti
694 3492 916 3546 pergens
937 3491 1087 3528 sacra
1111 3475 1289 3526 limina
1317 3482 1530 3540 martyr,
1618 3524 1623 3527 ,

198 3574 304 3637 Qua
328 3571 488 3622 decus
523 3566 772 3622 ecclesiae
795 3565 958 3617 lectus
989 3565 1138 3615 modo
1175 3561 1378 3614 ferreus
1407 3567 1579 3628 auget,

200 3661 418 3713 Virtutis
441 3657 757 3710 monimenta
781 3663 899 3705 tuae
923 3652 1208 3704 clarissima
1245 3651 1515 3717 praebens,

199 3747 344 3812 Quod
369 3742 805 3814 superimpositus
830 3740 1010 3806 prunis
1049 3739 1420 3804 contempseris
1454 3737 1616 3803 ignes,

199 3834 444 3902 Corporis
472 3831 748 3883 ardescens
769 3826 966 3880 Christi
991 3825 1154 3893 magis
1176 3824 1315 3876 intus
1351 3839 1547 3876 amore.

203 3921 300 3974 Sed
333 3933 502 3985 neque
530 3915 632 3968 tale
660 3922 804 3966 tuum
833 3912 1073 3965 meritum
1103 3911 1286 3964 sedare
1315 3909 1516 3962 furores

204 4010 426 4063 llostiles
453 3993 642 4074 potuit,
673 4003 798 4071 quin
823 4003 886 4055 ad
915 4011 1002 4053 tua
1031 4001 1150 4054 dum
1184 4008 1486 4067 preperaret

202 4097 431 4149 Antistes
459 4106 695 4146 summus
716 4088 958 4157 suffragia
979 4096 1154 4141 saneta
1175 4088 1414 4154 petenda,

203 4183 423 4236 Insidias
451 4181 525 4233 illi
553 4178 708 4232 simul
735 4185 789 4230 et
815 4183 1071 4230 tormenta
1093 4182 1359 4241 pararent.

204 4272 333 4324 Cum
354 4269 608 4322 celeraret
634 4268 752 4326 iter,
783 4265 933 4316 turba
967 4263 1187 4314 vallatus
1217 4263 1412 4328 iniqua,
1460 4305 1466 4311 .

205 4359 562 4424 Crudelesque
589 4368 771 4407 manus
793 4351 1039 4412 tolerans,
1063 4350 1310 4402 amiserat
1333 4351 1499 4417 ipsum

208 4445 610 4502 Eil'ossis'oculis
637 4445 830 4506 lumen,
863 4442 1089 4510 linguam
1109 4453 1314 4506 quoque
1335 4446 1500 4491 tortor

209 4539 488 4599 Praecidit,
511 4536 807 4601 nudumque
828 4533 1013 4585 dehinc
1038 4531 1234 4598 liquere
1267 4529 1521 4580 iacentem

209 4625 640 4688 Semiuecemque
667 4617 813 4680 foris,
837 4618 1098 4688 foedatum
1127 4616 1376 4684 sanguine
1407 4615 1587 4675 multo,

208 4712 369 4779 Inque
397 4684 764 4762 monasterium
785 4684 1307 4772 posthacc'deductus
1331 4701 1566 4755 Herasmi

211 4798 458 4868 Martyris
476 4825 545 4835 —-
567 4804 806 4848 auctores
827 4792 948 4846 facti
974 4792 1050 4844 sic
1072 4806 1256 4857 nempe
1292 4792 1538 4843 iubebant
1558 4817 1624 4826 --

210 4884 442 4939 Curaudi
470 4882 644 4949 specie
666 4880 835 4933 fuerat
861 4887 1096 4933 serVatus
1125 4879 1176 4930 in
1199 4879 1327 4945 ipso.

211 4972 390 5024 Donec
417 4982 733 5037 cognoscens
763 4966 1024 5033 Wingisus
1049 4966 1075 5003 δ
1100 4980 1184 5017 res
1203 4965 1272 5016 ita
1303 4971 1493 5032 gestas,

214 5060 328 5111 Dux
357 5056 686 5124 Spoletanus,
711 5053 926 5105 Romam
953 5053 1173 5105 festinus
1208 5053 1383 5111 adivit,

215 5144 480 5210 Nocteque
505 5139 708 5192 sublato
735 5153 828 5205 per
854 5152 1056 5189 murum
1089 5137 1325 5202 praesule
1354 5151 1522 5195 sacro,

216 5229 270 5282 In
294 5245 391 5283 sua
414 5243 528 5282 cum
556 5213 704 5278 iustis
724 5226 930 5277 deduxit
955 5225 1237 5277 honoribus
1259 5225 1440 5290 ipsum.
1488 5224 1490 5226 ’

217 5317 316 5382 Qui
338 5317 623 5369 miserante
657 5313 761 5366 Deo
788 5320 1050 5364 transacto
1071 5321 1303 5380 tempore
1330 5325 1514 5376 pauco,

288 5474 314 5503 ι
370 5461 435 5515 R.
493 5459 628 5513 Orci.
674 5435 1143 5524 Interpunctionem
1194 5454 1733 5524 Reineccianainhoe

222 5526 338 5584 loeo
379 5529 641 5604 vitiosam,
681 5521 869 5604 puncto
908 5532 1022 5601 post
1068 5521 1278 5574 Romam
1313 5523 1545 5584 sublato,
1575 5521 1738 5573 altero

223 5607 338 5668 post
367 5598 556 5665 [enices
589 5598 774 5658 posito.
798 5598 1020 5644 correxi.

613 5683 864 5741 Ρηιιυι..
909 5680 1126 5740 XCIX.

489 397 730 449 AXNAL
771 395 856 448 DE
895 395 1135 449 GESTIS
1176 397 1230 446 Β.
1272 392 1511 447 CAROLI
1553 390 1734 443 MAGN

1796 391 1914 442 LIB.
1963 391 2019 442 Υ.
2061 420 2123 426 --—
2165 391 2314 442 ‘vi'l'A
2355 387 2612 442 (ληίου.
2653 417 2714 424 ν-
2750 387 2872 438 LIB.
2920 389 3000 438 III.

1731 513 1771 566 Α
1802 500 2063 552 Amissum
2093 500 2274 566 recipit
2302 499 2466 551 visum
2488 500 2788 566 pariterque
2816 499 3073 563 loquelam
3107 514 3119 549 ε

3242 391 3339 446 ’ἷΗ

1801 588 1903 640 Seu
1933 589 2053 656 quia
2074 587 2327 642 festinans
2355 594 2525 638 tortor
2553 586 2921 653 trepidansque
2948 585 3206 648 nefandis,

1801 676 1932 727 Dum
1961 682 2332 751 concurrentes
2359 674 2543 726 metuit
2561 688 2664 726 non
2693 673 2816 725 talia
2847 674 3028 728 turbas

1800 762 2069 825 Passurus,
2094 763 2184 815 sed
2207 762 2336 814 velle
2358 777 2509 814 suum
2537 759 2816 814 defendere
2845 775 3053 827 papam,

1803 851 1911 903 Non
1937 860 2188 918 quantum
2221 851 2382 903 voluit
2409 851 2638 903 crudelia
2683 850 2818 904 facta
2845 852 3081 919 peregit:

1735 1003 1749 1016 Ι
1803 936 1939 999 Seu,
1969 938 2107 1005 quod
2147 935 2461 990 credendum
2503 936 2670 1004 magis
2705 944 2821 1001 est,
2867 937 3080 1004 antiqua
3121 939 3326 993 redem-

3174 1025 3328 1097 [ptor

1801 1113 1903 1166 Per
1927 1114 2169 1167 meritum
2197 1114 2369 1181 magni
2396 1127 2654 1166 rcnovans
2674 1113 2927 1167 miracula
2954 1111 3116 1179 Petri,

1803 1201 1988 1254 Sanari
2015 1215 2370 1255 successorem
2396 1201 2682 1254 donaverat
2707 1203 2838 1255 eius.

1756 1321 1768 1342 ι
1804 1285 1942 1340 Ilaec
1963 1287 2248 1353 Winigisus
2263 1295 2321 1339 ut
2341 1287 2405 1338 ad
2425 1285 2597 1339 Caroli
2626 1287 2726 1338 dux
2767 1287 2953 1340 detulit
2981 1303 3155 1353 aures,

1803 1373 2112 1426 Admonitus
2139 1374 2396 1440 probitate
2421 1373 2519 1425 viri
2543 1387 2850 1441 summeque
2882 1372 3100 1429 colendo

1805 1457 1996 1513 Ordine
2019 1461 2154 1519 sedis
2176 1461 2512 1528 apostolicae,
2542 1456 2635 1513 rex
2660 1462 2829 1523 iussit,
2857 1470 2916 1514 ut
2945 1464 3010 1517 ad
3037 1477 3095 1516 se

1804 1546 2050 1600 Glorifico
2077 1548 2252 1614 presul
2282 1549 2534 1602 deductus
2560 1550 2754 1602 honore
2782 1550 3003 1603 veniret.

1805 1635 1920 1704 Egit
1948 1637 2048 1688 iter
2069 1645 2243 1689 tamen
2269 1637 2378 1703 ipse
2401 1653 2572 1700 suum,
2594 1637 2827 1692 decrevit
2845 1646 2902 1692 ut
2921 1647 3060 1703 ante,

1808 1721 2072 1776 Saxonum
2094 1732 2260 1777 terras
2283 1726 2480 1787 adiens,
2512 1725 2808 1793 ibidemque
2836 1728 3022 1781 locatis

1709 1871 1711 1874 η
1739 1825 1782 1882 Β
1807 1808 1884 1862 Ad
1914 1809 2326 1864 Padarbrunnon
2361 1823 2382 1849 ο
2416 1811 2578 1864 multo
2599 1827 2717 1865 cum
2741 1812 2904 1867 milite
2925 1815 3132 1876 castris,

1808 1895 2183 1963 Opperiebatur
2219 1913 2322 1951 non
2363 1913 2522 1966 parvo
2549 1906 2780 1966 tempore
2809 1901 2997 1955 summi

1808 1985 2070 2038 Praesulis
2091 1986 2386 2038 adventum.
2412 1987 2629 2040 Carolus
2650 2004 2874 2056 quoque,
2898 1991 3039 2058 regia
3065 1991 3235 2058 proles
3253 2030 3266 2055 ,

1806 2071 1850 2124 Α
1876 2082 2026 2139 patre
2056 2073 2245 2126 missus
2267 2075 2330 2127 ad
2356 2074 2589 2127 eiusdem
2608 2075 2831 2128 confinia
2862 2077 3050 2144 gentis,

1807 2160 2046 2214 Perrexit
2084 2161 2188 2214 lato
2211 2177 2313 2229 qua
2363 2160 2570 2229 proﬂuit
2607 2162 2758 2216 Albia
2805 2179 2983 2225 cursu,

1810 2251 2139 2316 Disponenda
2163 2250 2336 2304 forent
2361 2251 2484 2304 dum
2516 2252 2650 2306 forte
2673 2255 2882 2322 negotia
2911 2255 3167 2322 quaedam

1810 2339 1939 2392 Cum
1973 2339 2149 2394 Wiltis
2169 2348 2220 2392 et
2255 2340 2540 2404 Abodritis,
2561 2357 2622 2394 ae
2655 2342 2968 2408 suscipiendi

1813 2427 2047 2481 Saxones
2059 2429 2235 2495 aliqui,
2253 2431 2338 2498 qui
2368 2445 2423 2483 se
2449 2431 2510 2483 de
2534 2417 2792 2498 partibus,
2796 2431 2899 2484 illis

1811 2515 2240 2586 lam'delegcrunt
2264 2518 2384 2571 fidei
2405 2519 2732 2572 committere
2758 2521 2915 2589 regis.

1769 2661 1772 2666 _
1814 2604 1953 2658 Ilaec
1981 2606 2107 2659 satis
2129 2607 2335 2675 egregie
2360 2622 2614 2675 peragens
2638 2607 2761 2660 dum
2791 2615 2997 2668 cuncta,
3024 2617 3258 2663 moratus

1814 2689 1991 2742 Iunior
2013 2702 2153 2744 esset
2181 2693 2232 2744 in
2258 2693 2339 2745 his
2365 2691 2603 2756 Carolus,
2628 2701 2929 2766 spectatque
2952 2708 3216 2748 reversum

1815 2776 1947 2830 Dum
1980 2779 2153 2831 videat
2182 2786 2360 2832 natum
2399 2781 2566 2848 patrio
2596 2797 2685 2834 rex
2720 2767 2938 2850 magnus
2966 2798 3163 2844 amore,

1817 2864 1970 2917 Venit
1991 2866 2325 2932 apostolicus,
2363 2876 2621 2920 terrarum
2642 2884 2806 2936 poene
2834 2885 3104 2938 supremas

1816 2950 1924 3004 Iam
1946 2961 2224 3019 penetrans
2250 2955 2426 3007 horas.
2451 2954 2525 3006 Illi
2549 2956 2630 3006 via
2663 2964 2804 3008 tanta
2826 2966 3036 3024 peracta

1820 3036 1940 3088 Visa
1961 3037 2134 3090 brevis
2160 3037 2351 3100 fuerat,
2374 3041 2495 3106 quia
2527 3045 2956 3108 (ompen'saverat
2982 3059 3164 3098 omnes

1745 3126 1789 3185 ο
1817 3122 2011 3176 Intuitu
2036 3124 2206 3178 Caroli
2235 3141 2367 3193 quos
2391 3127 2603 3194 pertulit
2625 3138 2747 3182 ante
2773 3131 2997 3190 labores,

1819 3210 1863 3262 Α
1896 3227 1999 3280 quo
2027 3221 2333 3266 cunctorum
2361 3215 2610 3267 solamina
2639 3216 2792 3284 digna
2817 3217 3072 3270 malorum

1821 3298 1998 3352 Danda
2021 3300 2118 3352 sibi
2151 3301 2340 3354 merito
2367 3315 2457 3368 spe
2483 3310 2624 3354 certa
2650 3303 2873 3356 credidit
2897 3292 3040 3356 olim.

1819 3387 2052 3455 Namque
2073 3391 2507 3459 propinquantem
2534 3409 2652 3446 cum
2674 3395 2898 3462 primum
2917 3403 3152 3458 noverat,
3175 3397 3246 3449 illi

1818 3475 2015 3528 Obvius
2038 3477 2147 3542 ipse
2171 3477 2282 3529 loco
2307 3478 2371 3529 de
2396 3487 2683 3531 castrorum
2713 3489 3000 3534 memorato

1822 3564 2055 3632 Stipatus
2092 3566 2268 3619 multis
2296 3567 2600 3635 populorum
2624 3569 2834 3622 milibus
2861 3571 2985 3623 ibat.

1822 3655 2232 3723 Pontificemque
2273 3657 2440 3708 vicem
2478 3657 2647 3720 Petri,
2691 3660 2773 3710 cui
2816 3660 3059 3712 claudere
3107 3661 3280 3714 coelns

1821 3741 1886 3791 ΕΙ.
1908 3756 2141 3793 reserare
2164 3741 2284 3793 licet
2318 3742 2492 3803 verbo,
2518 3744 2794 3810 sedemque
2815 3753 3077 3797 tenentem
3333 3731 3339 3736 ”

1824 3828 2061 3895 Suscepit.
2087 3844 2204 3881 cum
2229 3829 2505 3898 magnifico
2533 3839 2830 3883 reverenter
2856 3832 3072 3885 honore.

1822 3917 2056 3984 Cumque
2080 3918 2191 3969 dies
2218 3917 2416 3986 aliquot
2447 3919 2613 3972 laetos
2644 3921 2712 3972 ibi
2739 3921 2977 3982 duceret,
3005 3925 3141 3976 idem

1737 4044 1739 4046 .
1821 4003 2094 4057 Insinuans
2120 4005 2328 4072 praesul
2350 4021 2442 4059 sua
2469 4023 2703 4075 quaeque
2731 4011 2936 4076 negotia
2962 4012 3090 4078 regi,

1822 4089 1963 4141 Illius
1983 4089 2186 4143 facilem
2220 4093 2462 4160 cognovit
2491 4093 2554 4143 ad
2580 4096 2752 4146 omnia
2780 4096 3006 4147 mentem

1824 4176 2187 4241 Concedenda,
2216 4180 2301 4244 pie
2339 4180 2499 4231 voluit
2542 4195 2878 4250 qumcumque
2922 4187 3156 4250 praecari

1825 4265 1947 4317 lude
1968 4265 2317 4317 reducendum
2338 4266 2490 4335 digne
2511 4269 2828 4335 primoribus
2851 4270 2991 4322 illum

1827 4352 2146 4405 Francorum
2167 4357 2574 4413 commendavit,
2601 4358 2687 4422 qui
2719 4359 2854 4410 iussa
2891 4361 3148 4426 replentcs

1759 4421 1809 4477 Ῐ)
1831 4438 2052 4506 lngrcssi
2076 4443 2270 4508 pariter
2289 4441 2509 4494 Romam
2538 4458 2629 4496 sua
2654 4447 2992 4499 restituerunt

1832 4525 2015 4580 Omnia
2037 4528 2265 4594 pontifici
2292 4545 2519 4591 rursum,
2543 4546 2647 4599 quo
2673 4533 2782 4585 iura
2811 4538 3065 4603 regendae

1834 4613 1985 4668 Sedis
2000 4617 2310 4681 apostolicae
2335 4618 2600 4684 iustosque
2624 4628 2821 4672 teneret
2838 4623 3080 4674 honores.

1835 4705 1896 4756 Et
1921 4713 2038 4772 post
2065 4705 2348 4758 discessum
2380 4720 2540 4772 papae
2571 4721 2662 4759 rex
2698 4707 2845 4759 duxit
2872 4709 3054 4761 eodem

1835 4790 2089 4859 Tempora
2119 4806 2279 4858 pauca
2303 4793 2435 4850 loco,
2466 4792 2636 4844 subito
2660 4807 2777 4845 cum
2806 4795 2969 4882 tristis
2993 4796 3057 4848 ad
3083 4796 3224 4850 illum

1835 4878 2064 4930 Nuncius
2086 4879 2352 4930 interitum
2381 4892 2654 4944 procerum
2676 4878 3000 4947 mortemque
3032 4882 3249 4936 duorum

1834 4965 2043 5027 Detulit,
2067 4966 2291 5032 insignes
2313 4965 2436 5020 fecit
2461 4983 2590 5034 quos
2611 4967 2835 5019 maxima
2860 4970 3044 5022 virtus.

1838 5051 1985 5104 Unus
2013 5053 2426 5104 erat'Baioariae
2447 5067 2642 5113 eomes,
2673 5052 2818 5119 isque
2849 5065 3062 5107 vocatus

1835 5138 2106 5200 Ceroldus,
2133 5139 2221 5204 qui
2246 5153 2362 5190 cum
2392 5137 2637 5204 populum
2656 5138 2930 5191 defendere
2955 5139 3147 5194 Christi

1839 5226 2089 5288 Conatus,
2115 5227 2247 5279 bello
2268 5228 2439 5280 saevis
2459 5229 2736 5280 obsisteret
2765 5228 2949 5290 Hunis,

1838 5314 2031 5366 Finivit
2055 5315 2213 5366 vitam
2236 5314 2489 5381 fragilem,
2511 5313 2831 5381 sumpsitque
2852 5329 3152 5381 perennem.

1911 5461 1935 5498 ὶι
1963 5461 2050 5522 IL,
2076 5460 2377 5527 Winigisua.

1912 5541 1930 5565 t‘
1965 5530 2051 5591 II.,
2081 5528 2504 5581 Paderbrunnon.

2870 5678 2943 5735 23
