3886 6228
495 296 598 351 ’745
1807 290 2029 344 POETA

2124 288 2371 342 AXONIS
3582 284 3658 340 7l6

500 406 660 458 ιιίιιίρί
684 416 807 454 vero
830 398 996 453 fuerat
1021 384 1331 452 dux'limitis
1356 398 1509 459 alter,
2055 399 2103 455 Α
2131 392 2235 444 Iam
2269 401 2392 445 tunc
2421 390 2741 443 Francorum
2778 390 2995 443 nimium
3030 403 3157 458 gens
3184 390 3337 443 noxia
3363 403 3553 458 regno.

501 494 696 545 Nomen
720 490 916 544 habens
944 487 1179 549 Erit-lius,
1209 488 1298 554 qui
1322 496 1441 554 post
1474 487 1607 539 bene
1638 484 1857 551 plurima
1885 491 2027 551 gesta
2130 483 2290 548 Inque
2312 481 2644 543 monasterio,
2673 476 2841 533 sancti
2869 495 2973 548 quo
2999 480 3231 533 membra
3268 482 3554 547 quiescunt

502 579 719 638 Praelia,
747 584 863 646 post
884 576 1070 629 crebro
1104 583 1339 643 sumptos
1363 590 1427 627 ex
1458 573 1608 627 hoste
1636 572 1957 639 triumphos,
2133 570 2384 632 Bicliarii,
2422 569 2705 623 celebravit
2730 584 2894 622 ovans
2917 568 3224 636 sollempnia
3256 571 3510 637 paschae.

500 668 808 735 Oppugnare
825 663 1176 717 Liburnorum
1206 662 1544 717 contenderat
1572 661 1758 713 urbem
2134 657 2364 710 Tramite
2390 665 2498 709 tum
2526 667 2677 724 cepto
2702 672 2991 726 properans
3019 658 3259 725 pervenit
3287 658 3352 711 ad
3386 660 3573 712 urbem

502 753 881 815 Tharsaticam,
912 752 1154 816 civesque
1175 748 1272 802 loci
1298 763 1453 816 quem
1474 749 1663 801 robore
1689 760 1897 815 semper
2134 743 2467 808 Turonicam,
2509 745 2733 800 Martine
2768 756 2911 798 tuam
2941 746 3272 803 sanctissime
3299 748 3558 809 tumbam,

502 843 753 895 Invictum
784 852 993 905 novere,
1026 838 1159 892 dolis
1193 851 1255 891 ac
1282 836 1463 889 fraude
1483 843 1761 889 necarunt.
2133 832 2230 895 Qui
2262 831 2529 885 confessor
2556 832 2841 899 apostolica
2864 832 3061 885 virtute
3086 832 3379 886 cboruscus

570 928 637 983 At
658 926 896 988 Carolus,
922 932 1174 993 quantum
1214 931 1417 991 tempus
1448 922 1758 991 permiserat
1786 920 1930 981 illud,
2137 922 2378 993 Effulges,
2414 924 2540 977 adiit
2565 938 2826 991 quaerens
2857 921 3103 992 suffragia
3134 922 3372 991 supplex.

504 1017 770 1071 Saxonum
800 1016 957 1068 rebus
981 1021 1130 1066 certo
1152 1010 1505 1064 moderamine
1527 1009 1731 1063 cunctis
2135 1010 2381 1081 Coniugis
2405 1014 2491 1066 hic
2518 1013 2662 1065 illum
2694 1011 2863 1065 tristis
2883 1012 3117 1064 valitudo
3142 1012 3341 1064 morari

406 1094 411 1097 ⁷
506 1100 795 1171 Dispositis,
828 1102 880 1153 in
906 1098 1219 1168 Aquisgrani
1257 1112 1311 1149 se
1333 1096 1550 1150 contulit
1577 1096 1773 1149 aulam.
2135 1098 2393 1167 Compulit
2425 1118 2435 1151 :
2462 1108 2727 1153 extremas
2757 1099 2828 1152 ibi
2856 1099 2997 1152 vitae
3025 1097 3291 1152 clauserat
3312 1098 3491 1163 horas,

504 1192 584 1244 Ad
617 1206 775 1259 quem
802 1189 958 1242 Wido
981 1201 1176 1249 comes,
1209 1185 1291 1240 cui
1332 1185 1635 1239 Brettonum
1664 1183 1902 1252 regiones
2141 1186 2370 1239 Moribus
2395 1196 2447 1238 et
2471 1188 2610 1239 vitae
2640 1186 2829 1240 merito
2858 1186 3136 1259 laudabilis
3163 1187 3329 1250 omni,

506 1257 825 1330 Commissae
864 1276 1086 1337 fuerant,
1115 1274 1284 1342 gentis
1320 1288 1476 1339 quam
1504 1286 1625 1339 sepe
1663 1269 1871 1322 rebellis
2140 1273 2235 1327 Cui
2268 1289 2457 1327 nomen
2485 1275 2794 1344 Liudgardis
2819 1284 2954 1328 erat.
2987 1257 3119 1327 Tum
3156 1274 3341 1328 funere
3362 1275 3515 1343 digne

510 1366 703 1418 Detulit
734 1378 878 1417 arma
906 1364 1115 1423 dueum,
1160 1361 1374 1430 proprio
1415 1374 1547 1427 quae
1588 1358 1799 1411 nomine
1823 1355 2042 1423 quisque
2141 1360 2248 1412 Illic
2277 1369 2480 1425 curato,
2518 1363 3030 1431 tumulique'decore
3059 1372 3297 1430 peracto,

507 1454 759 1521 luscripto
780 1452 993 1505 dederat
1017 1465 1030 1502 :
1058 1450 1263 1518 signum
1288 1448 1398 1500 fore
1421 1445 1700 1499 deditionis
2142 1452 2254 1518 Ipse
2283 1452 2665 1520 Mogontiacum
2692 1455 2863 1515 rediit,
2892 1455 3183 1523 primisque
3229 1471 3441 1510 suorum

510 1540 620 1594 Iloc
645 1548 875 1593 statuere
908 1552 1054 1599 suae,
1084 1536 1303 1589 Francis
1330 1535 1530 1587 servire
1567 1534 1753 1587 coacti.
2146 1538 2383 1606 Undique
2417 1539 2664 1602 collectis,
2694 1540 2765 1594 ibi
2795 1548 3108 1594 conventum
3139 1541 3434 1610 generalem

509 1626 641 1679 Nam
676 1626 833 1680 sociis
868 1639 1044 1678 comes
1066 1623 1152 1676 ille
1178 1623 1288 1677 suis
1313 1637 1432 1676 cum
1462 1622 1698 1690 pluribus
1724 1621 1888 1689 ipsam
2150 1627 2365 1678 Fecerat
2395 1627 2611 1696 Augusti
2640 1629 2779 1681 circa
2806 1629 3099 1696 primordia
3125 1631 3343 1682 mensis.

512 1713 621 1766 lloc
645 1728 780 1767 anno
808 1712 1017 1782 penitus
1045 1699 1242 1764 terram
1266 1709 1585 1762 lustraverat
1608 1722 1839 1770 omnem,
2087 1709 2123 1761 II
2155 1715 2301 1767 Tunc
2336 1724 2388 1766 ct
2417 1714 2468 1767 in
2493 1716 2695 1769 Italiam
2727 1718 2908 1770 multis
2931 1719 3034 1771 iter
3058 1720 3464 1787 aggrediendum

510 1802 681 1855 Corda
711 1801 931 1853 domans
956 1798 1077 1853 belli
1102 1806 1307 1852 terrore
1333 1796 1526 1851 ferocia
1550 1796 1753 1864 grandi.
2148 1800 2389 1854 Condixit
2424 1801 2646 1869 populis,
2678 1803 2801 1857 illuc
2824 1818 2957 1871 quos
2982 1818 3203 1873 pergere
3230 1819 3407 1859 secum

514 1891 578 1942 Et
604 1891 705 1943 iam
728 1895 979 1957 perpetuo
1007 1886 1284 1940 Brettones
1315 1886 1429 1938 iure
1455 1886 1656 1938 subacti
2152 1888 2405 1951 Decrevit,
2436 1890 2577 1958 quod
2597 1889 2872 1945 distulerat
2896 1908 3001 1945 non
3043 1901 3276 1961 tempore
3301 1894 3483 1962 longe;

514 1978 762 2030 Parerent
789 1975 1026 2037 Francis,
1059 1974 1103 2028 si
1132 1988 1234 2027 non
1268 1972 1529 2041 promissa
1562 1973 1820 2039 fidemque
2149 1980 2368 2048 Agmine
2395 1979 2595 2033 delecto
2618 1982 2708 2035 sed
2729 1983 2792 2034 eo
2816 1982 3099 2036 comitante
3125 1982 3413 2049 profectus,

516 2064 717 2117 Perfida
742 2062 943 2115 fallacis
968 2068 1259 2144 mutassent
1280 2069 1493 2127 pectora
1518 2059 1705 2132 plebis.
2152 2066 2353 2119 Moenia
2377 2066 2606 2119 famosae
2629 2067 2780 2133 petiit
2816 2067 3088 2135 praeclara
3117 2067 3417 2121 Ravennae.

585 2150 732 2206 Tunc
762 2165 969 2219 quoque
995 2149 1338 2212 Sarracelllls.
1364 2150 1508 2201 Azan
1535 2147 1840 2216 cognomine
1861 2146 2049 2205 diCtUS.
2152 2154 2385 2220 Cumque
2410 2155 2521 2206 dies
2544 2162 2685 2207 esset
2718 2162 2917 2223 septem
2948 2168 3051 2213 non
3078 2154 3301 2221 amplius
3329 2155 3453 2219 illic,

519 2241 723 2295 Direxit
749 2239 938 2294 Carolo
957 2240 1131 2293 claves
1156 2240 1239 2292 cui
1267 2238 1495 2306 praefuit
1532 2238 1679 2291 urbis
2152 2241 2426 2309 Pippinum
2462 2257 2636 2310 regem
2664 2243 2836 2309 gentis
2855 2258 2975 2296 cum
3002 2243 3167 2297 milite
3190 2241 3355 2296 multo

518 2330 684 2385 Oscae
707 2359 776 2369 -—
802 2330 878 2383 sic
909 2330 1053 2382 illam
1078 2329 1328 2381 vocitavit
1354 2328 1579 2380 barbara
1602 2326 1774 2394 lingua
1803 2355 1870 2363 —
2155 2331 2206 2381 lu
2238 2330 2633 2383 Beneventanae
2662 2331 2924 2385 direxerat
2946 2331 3136 2398 oppida
3160 2338 3349 2391 terrae,

517 2416 803 2484 Magnaque
839 2412 976 2468 dona
1000 2414 1152 2467 simul
1180 2414 1407 2475 mittens,
1442 2415 1577 2466 hanc
1603 2413 1810 2465 tradere
1838 2426 1953 2465 sese
2156 2419 2370 2485 Ipseque
2398 2418 2663 2473 Romanas
2690 2420 2799 2472 ibat
2824 2421 3046 2473 devotus
3066 2409 3329 2475 ad'arces.

519 2504 788 2565 Promisit,
817 2504 861 2556 si
887 2511 1095 2570 tempus
1116 2502 1181 2555 ad
1210 2502 1311 2555 hoc
1342 2504 1667 2570 contingeret
1697 2509 1894 2568 aptum.
2156 2504 2350 2560 Obvius
2377 2506 2499 2560 huic
2530 2508 2595 2559 ad
2620 2505 2936 2559 Nomentum
2962 2505 3070 2560 Leo
3093 2514 3486 2574 papmsacrams

589 2592 737 2646 Tunc
765 2592 1110 2648 Hierosolima
1138 2585 1425 2645 monachus
1457 2594 1688 2646 directus
1715 2593 1781 2645 ab
1810 2593 1962 2653 urbe,
2158 2594 2402 2653 Venerat,
2439 2600 2493 2644 et
2518 2593 2749 2660 gaudens
2776 2592 2995 2646 multum
3022 2605 3383 2660 veneransque
3408 2593 3602 2661 recepit,

517 2684 759 2738 Iumenso
782 2684 1002 2737 nimium
1034 2682 1211 2750 spacio
1234 2690 1511 2749 terraeque
1545 2682 1811 2750 marisque
2161 2682 2323 2746 Quem
2364 2680 2691 2734 defensorem
2729 2682 2897 2735 solum
2929 2683 3028 2735 sibi
3049 2690 3291 2736 senserat
3317 2682 3461 2737 olim.

519 2772 863 2831 Transcurso,
890 2770 1002 2837 regi
1029 2783 1219 2822 munus
1244 2769 1530 2836 preciosius
1557 2769 1702 2822 omni
2160 2771 2409 2823 Dulcibus
2436 2769 2677 2837 alloquiis
2709 2770 2780 2823 ibi
2801 2778 2925 2824 tunc
2949 2770 3221 2839 epulisque
3244 2771 3485 2840 peractis,

521 2858 661 2909 Auro
687 2855 961 2921 detulerat,
990 2856 1232 2908 mittente
1256 2856 1341 2922 pio
1360 2855 1661 2922 patriarcha
2160 2856 2389 2909 Antistes
2419 2871 2658 2911 summus
2677 2870 2850 2926 regem
2870 2859 3160 2926 praecessit
3182 2859 3251 2912 ad
3273 2861 3468 2913 urbem.

518 2944 741 3011 Pignera
767 2951 947 2997 sancta
979 2943 1101 3007 loci,
1132 2942 1371 2997 Christus
1399 2959 1501 3011 quo
1539 2959 1699 2997 carne
1732 2944 1968 3013 sepultus
2090 2997 2127 3014 η
2159 2943 2373 2995 Postera
2399 2959 2622 3012 cumque
2645 2945 2756 2998 dies
2780 2944 3026 3008 celebris,
3062 2944 3354 3013 festivaque
3372 2945 3606 3014 praebens

526 3030 690 3083 uerte
712 3030 1001 3083 resurrexit
1030 3031 1186 3092 victa,
1210 3044 1314 3097 quo
1344 3031 1531 3094 gaudia
1559 3032 1752 3084 mundo
2088 3028 2128 3053 υ
2160 3028 2359 3081 Gaudia
2388 3029 2661 3093 Romanis,
2687 3046 2790 3097 qua
2812 3031 3177 3097 suscipiendus
3202 3032 3268 3085 ab
3295 3030 3395 3086 illis

521 3117 750 3185 Angelus
776 3117 905 3170 haec
929 3116 1060 3171 caeli
1091 3118 1281 3170 missus
1307 3118 1538 3169 narravit
1567 3118 1631 3171 ab
1659 3131 1799 3171 arce.
2162 3118 2269 3169 Rex
2298 3126 2475 3171 tantus
2502 3116 2694 3181 fuerat,
2722 3117 2847 3171 solis
2872 3117 3188 3185 fulgesceret
3212 3127 3352 3184 ortu,

526 3208 638 3257 Itex
664 3221 870 3274 quoque
891 3206 1119 3259 natalem
1141 3207 1347 3260 Domini
1373 3206 1656 3260 celebravit
1686 3209 1737 3260 in
1773 3207 1891 3260 aula
2161 3205 2441 3258 Pontiﬁces
2464 3204 2768 3274 elerumque
2792 3221 2944 3260 suum
2974 3206 3260 3273 collegerat
3294 3220 3490 3261 omnem

524 3294 629 3345 Iam
656 3294 811 3355 dicta,
851 3293 1271 3360 monachumque
1313 3294 1499 3346 dehinc
1527 3310 1762 3348 remeare
1798 3296 2057 3348 volentem
2160 3292 2317 3360 Papa.
2349 3285 2551 3356 Quibus
2579 3307 2755 3346 secum
2784 3294 3025 3360 sumptis,
3054 3295 3119 3348 ad
3144 3283 3325 3348 limina
3348 3308 3544 3362 magnae

524 3381 779 3444 Absolvit,
807 3382 1154 3448 comitemque
1186 3380 1341 3433 simul
1362 3383 1708 3435 coniunxerat
1735 3382 1807 3435 illi
2160 3378 2380 3433 Basilice
2412 3378 2554 3432 Petri
2583 3380 2674 3447 qui
2709 3395 2947 3433 summus
2972 3381 3241 3449 apostolus
3275 3388 3413 3435 extat

528 3471 858 3532 Zachariam,
891 3469 1080 3538 regalis
1108 3478 1223 3522 erat
1248 3470 1335 3537 qui
1369 3472 1643 3539 presbyter
1679 3472 1846 3524 aulae.
2163 3468 2332 3529 Venit,
2360 3476 2413 3520 et
2446 3469 2498 3520 in
2522 3469 2769 3537 gradibus
2796 3470 2979 3538 templi
3004 3471 3454 3537 stipantesacrato

533 3558 629 3609 l’er
655 3571 809 3625 quem
838 3570 1024 3623 magna
1051 3556 1178 3609 locis
1206 3556 1350 3609 misit
1386 3557 1601 3610 donaria
1628 3560 1841 3621 sanctis,
2160 3555 2405 3607 Constitit
2431 3556 2541 3621 ipse
2566 3557 2727 3609 choro
2760 3574 2773 3608 :
2808 3556 3053 3610 Carolum
3086 3556 3163 3612 sic
3201 3557 3540 3610 advenientem

528 3662 551 3684 ω
586 3647 753 3712 Atque
778 3646 904 3699 viris
926 3646 1132 3713 inopem
1161 3645 1323 3697 vitam
1349 3644 1659 3700 ducentibus
1692 3646 1815 3709 illic,
2162 3641 2420 3709 Suscepit,
2449 3642 2660 3695 laudum
2686 3643 3041 3696 modulamina
3072 3643 3244 3698 dulcia
3270 3651 3490 3701 cantans.

530 3734 594 3785 lit
621 3732 754 3784 mala
792 3733 1053 3800 perpessis
1074 3732 1249 3785 mundi
1280 3733 1375 3785 sub
1402 3734 1610 3788 nomine
1633 3733 1848 3787 Christi.
2160 3729 2327 3795 Atque
2355 3730 2461 3784 Deo
2494 3740 2670 3798 grates
2703 3745 2768 3785 ex
2797 3738 2909 3784 toto
2937 3731 3096 3785 corde
3134 3730 3438 3801 rependens,

996 3821 1141 3872 Anno
1169 3821 1289 3874 800.
1322 3820 1509 3874 Indict.
1541 3822 1590 3873 7.
1658 3872 1661 3879 ,
2160 3818 2307 3883 Quod
2344 3819 2723 3872 moderatorem
2750 3819 3185 3888 defensoremque
3213 3822 3436 3875 dedisset

444 3972 445 3975 η
532 3913 714 3964 Martia
742 3925 860 3963 cum
892 3910 1090 3979 medios
1122 3910 1415 3977 explessent
1442 3920 1674 3980 tempora
1699 3930 1901 3975 cursus,
2161 3909 2424 3962 ECCICSiae
2456 3909 2631 3973 lalem.
2662 3911 2746 3963 ειιὶ
2773 3926 2876 3965 non
2898 3926 2959 3965 ea
2985 3920 3206 3966 ηυνετθι
3232 3923 3376 3967 aetas

532 4000 741 4053 Phebus
764 4008 815 4051 et
848 3998 1053 4051 initium
1078 3999 1254 4051 mundi
1281 4000 1442 4071 totius
1463 4010 1514 4054 et
1542 4003 1667 4053 anni
1698 4056 1701 4057 ν
2162 3996 2430 4051 Mortalem
2460 3998 2704 4061 similem,
2734 4000 2817 4052 vel
2844 4001 2922 4052 sic
2950 4001 3146 4054 virtute
3171 4004 3449 4066 valentem,

528 4086 724 4138 Arietis
746 4085 965 4147 aetherii
992 4086 1232 4151 gradiens
1253 4086 1303 4139 in
1327 4087 1472 4157 signa
1497 4097 1724 4152 tonaret,
2160 4085 2325 4138 Omne
2346 4086 2538 4138 bonum
2567 4086 2648 4138 vel
2672 4086 2857 4140 devota
2884 4088 2962 4140 sic
2985 4097 3161 4141 mente
3188 4090 3459 4144 volentem.

528 4173 854 4241 Florigerum
876 4173 1029 4225 rediit
1052 4172 1238 4227 hiemis
1270 4189 1361 4227 ver
1386 4192 1570 4243 aspera
1598 4180 1817 4245 pellens,
2161 4172 2357 4225 Τθηίυε
2383 4172 2571 4238 Ῑὶοηοΐν
2602 4172 2721 4227 talis
2745 4173 3067 4227 Francorum
3092 4175 3256 4243 gloria
3296 4190 3461 4245 regem

530 4258 825 4313 Frondibus
851 4274 1112 4313 exornans
1136 4260 1313 4324 silvas,
1340 4270 1393 4314 et
1417 4272 1566 4329 prata
1593 4267 1782 4319 virenti

2162 4260 2449 4329 Magnaque
2474 4261 2742 4314 Romanae
2769 4263 3087 4316 comitantur
3121 4264 3309 4332 gaudia
3340 4264 3513 4333 plebis,

531 4348 799 4411 Gramine,
822 4351 951 4404 dans
980 4352 1164 4405 avibus
1188 4367 1361 4415 voces,
1386 4365 1661 4422 augmenta
1690 4358 1890 4419 diebus,
2093 4339 2138 4366 υ
2162 4350 2483 4402 Αοεειεείίὶηι
2509 4348 2649 4401 pem
2676 4363 2808 4416 Ρυτο
2832 4365 2951 4403 Cum
2975 4360 3192 4417 Ρθοιονθ
3224 4339 3313 4404 ῐηέ

2162 4350 2483 4402 Aecclesiam
2509 4348 2649 4401 Petri
2676 4363 2808 4416 puro
2832 4365 2951 4403 cum
2975 4360 3192 4417 pectore
3224 4348 3401 4421 magni

2093 4309 2138 4366 Β

534 4436 663 4487 Tum
693 4437 851 4489 decus
874 4440 1139 4505 egregium
1163 4442 1362 4502 mundi,
1392 4442 1478 4495 lux
1501 4444 1641 4497 clara
1666 4446 1905 4499 moderui

1839 4449 1905 4499 'ni
2165 4438 2404 4499 latraret,
2436 4436 2571 4490 fusis
2589 4438 2821 4492 lacrimis
2846 4440 3132 4507 humilique
3160 4449 3373 4509 precatu

531 4524 823 4590 Temporis,
849 4538 913 4577 ex
939 4526 1054 4577 aula
1082 4526 1295 4579 Carolus
1320 4543 1624 4597 progressus
1643 4534 1891 4602 Aqucnsi,

1813 4537 1891 4599 ιεῖ,
2167 4524 2453 4590 lmplorans
2480 4526 2609 4577 tanti
2644 4525 2889 4595 suffragia
2917 4539 3097 4583 sancta
3118 4530 3347 4597 patroni.

531 4613 721 4663 Oceani
744 4613 883 4675 litus,
919 4629 1107 4667 nomen
1138 4616 1221 4668 cui
1250 4615 1480 4671 Gallicus
1504 4630 1665 4683 extat,

2166 4612 2270 4662 lam
2300 4628 2505 4681 quoque
2531 4615 2739 4668 solstitii
2772 4616 3007 4685 glacialis
3039 4627 3270 4687 tempore
3298 4632 3530 4673 crescens

529 4698 831 4763 Lustrabat,
862 4702 1184 4769 classemque
1217 4708 1347 4759 mari
1372 4707 1591 4774 perfeci;
1618 4712 1671 4764 in
1702 4713 1835 4780 ipso,
2167 4701 2432 4766 Asperitas
2460 4703 2676 4756 brumae
2709 4707 2920 4757 tandem
2942 4709 3178 4775 cogebat,
3210 4708 3401 4762 utillic

533 4786 777 4839 Infestum
798 4788 935 4857 quod
972 4789 1315 4845 NOrthmanni
1348 4795 1519 4851 fecere
1538 4809 1718 4868 ργηιιε
1747 4802 1793 4853 δ,
2172 4788 2418 4842 Militibus
2442 4791 2661 4845 hiberna
2686 4794 2836 4861 quies
2868 4803 3045 4861 Optata
3068 4795 3304 4851 daretur.

601 4909 625 4935 α
653 4898 725 4948 Ex
751 4898 903 4951 Einh.
938 4902 1072 4965 Vita,
1100 4918 1147 4955 c.
1175 4903 1262 4955 27.

600 4965 625 5001 δ
652 4965 855 5033 Pyrate.
877 4966 1334 5039 Glossa,ashmen;
1352 4973 1550 5028 Adamo
1568 4978 1857 5045 Bremensi,
1882 4998 1927 5036 c.
1948 4983 2070 5045 212,
2094 4988 2413 5039 dscomanni.

525 5087 531 5093 κ
574 5072 2059 5099 W

2110 5089 3644 5111 C—o——_~—_———_—____———d

539 5148 925 5234 INCIPIT
985 5153 1468 5229 LIBELLUS
1529 5160 1681 5235 [III
2532 5171 2885 5246 GESTIS
2943 5174 3299 5251 CAROLI
3372 5168 3647 5249 MAGNI

536 5398 687 5490 festa
716 5402 824 5454 dies
848 5401 1023 5465 caelis,
1054 5406 1233 5459 eadem
1270 5412 1605 5465 celeberrima
1631 5416 1804 5479 terris,
2168 5418 2290 5471 Post
2316 5402 2644 5489 octingentos
2674 5434 2737 5473 ex
2773 5437 2876 5490 quo
2901 5432 3231 5490 processerat
3255 5441 3433 5485 annos.

541 5484 761 5551 Virginei
798 5500 979 5557 partus
1012 5493 1306 5566 Christique
1332 5502 1604 5555 refulscrat
1640 5514 1819 5571 ortus,‘
2166 5507 2358 5560 Tectus
2382 5484 2585 5562 servilis
2617 5484 2867 5565 Dominus
2895 5484 3150 5568 velamine
3170 5514 3386 5571 formae.

1942 5380 2280 5392 —————-.
