1943 3114
92 203 137 228 ἾΙῚ

93 256 122 281 l-It
133 255 183 280 iam
198 253 290 279 natalis
302 253 366 278 tanti
380 252 558 277 cuinulaveral
570 259 674 277 omnem

93 298 230 325 Laelieiam
242 296 326 323 Roma
339 295 424 322 Caroli
442 296 587 329 praesentia
603 295 680 329 regis.

92 342 147 374 llic,
160 349 219 368 cum
235 341 373 368 missarum
386 347 462 366 sacro
473 340 630 373 sollempnia"
638 339 688 365 ritu

92 387 235 421 Incipienda
248 386 342 416 forent,
357 392 475 419 magnam
494 384 622 418 processit
636 385 661 409 in
677 383 774 411 aulam.

91 432 160 465 Quae
173 439 267 465 corpus
281 431 376 457 mundo
391 430 568 456 venerandum
585 429 701 455 continet
715 428 785 454 omni

91 477 170 506 Petri,
184 476 225 502 cui
244 476 330 502 claves
342 474 463 501 Christus
475 474 545 500 dedit
559 474 614 506 ipse
630 473 748 506 polorum
762 480 768 503 ;

91 521 152 547 Eius
164 520 196 546 “et
209 525 269 546 ante
283 526 371 545 sacros
385 523 457 545 artus
469 526 527 545 cum
546 522 634 544 mente
649 517 727 547 fideli,

91 566 184 592 l-Itfusis
197 565 327 599 precibus,
343 571 400 591 sese
416 571 460 590 rex
473 563 533 590 inde
548 563 654 594 levaret,

90 613 172 645 Ipsius
183 611 306 644 imposuit
320 610 400 644 capiti
413 609 466 636 Leo
482 616 548 644 papa
561 615 700 637 coronam.

90 656 241 683 Conclamat
254 655 351 688 pariter
363 653 472 688 populus
481 673 487 684 ,
502 660 584 679 sacra-
593 655 718 686 personat
730 651 807 676 ac.ch

89 699 187 733 Ingenti
200 699 290 728 iubilo,
306 705 356 724 vox
369 697 452 723 fertur
463 697 496 722 ad
512 697 619 723 aethera
632 694 715 728 plebis

90 744 223 769 Romanae
234 742 271 768 sic
290 741 413 768 concordi
426 740 502 767 simul
517 748 562 766 ore
577 739 696 766 canentis
713 747 719 763 ε

91 788 207 821 Augusto
222 785 315 812 Carolo
329 779 432 818 magno.
448 790 592 818 pacemque
606 782 709 813 ferenti,

91 830 195 864 Imperii
206 829 300 856 merito
316 829 426 855 Romani
445 832 547 861 sceptra
559 827 669 858 tenenti,

90 874 187 903 Gloria,
204 873 372 906 prosperitas,
396 879 515 906 regnum,
534 878 595 904 pax,
614 870 677 901 vila,
694 870 856 902 triumphus!

91 917 154 943 Post
168 917 257 942 laudes
269 916 348 950 igitur
358 915 450 945 dictas,
466 919 493 940 et
508 921 627 940 summus
641 913 752 940 eundem

89 960 197 987 Praesul
212 960 340 990 adoravit,
352 959 419 985 sicut
431 966 488 985 mos
501 957 604 985 debitus
616 958 678 991 olim

90 1004 258 1038 Principibus
270 1003 319 1029 fuit
332 1003 455 1037 antiquis,
471 1010 502 1029 ac
514 1003 620 1029 nomine
631 1003 736 1035 dempto

91 1048 207 1078 l‘atricri,
223 1055 274 1080 quo
283 1047 369 1073 dictus
387 1050 445 1073 erat
453 1046 536 1080 prius,
552 1046 611 1072 inde
626 1045 712 1072 vocari

89 1092 224 1125 Augustus
238 1090 334 1116 meruit
345 1090 411 1124 pius,
432 1090 535 1131 imperii
549 1097 653 1123 quoque
669 1089 800 1123 princeps.

90 1135 219 1168 Tempore
238 1141 380 1167 paucorum
394 1138 453 1168 post
471 1134 535 1160 haec
552 1134 664 1160 abeunte
674 1134 788 1164 dierum,

89 1180 148 1213 Ipse
161 1186 236 1205 suum
247 1178 356 1205 Carolus
367 1182 537 1212 praeceperat
551 1182 612 1204 ante
625 1177 740 1203 tribunal

91 1221 167 1253 Duci,
185 1221 361 1254 iudiciumque
373 1221 443 1246 viros
458 1220 541 1254 legale
555 1221 654 1251 subire,

90 1265 141 1291 Per
154 1273 219 1298 quos
230 1264 373 1297 praeterito
386 1262 471 1290 fuerat
484 1267 522 1290 tot
531 1262 648 1290 cladibus
659 1270 728 1289 anno

90 1308 209 1335 Aﬂ'ectus
221 1315 295 1334 sacer
308 1307 427 1339 antistes,
441 1307 576 1340 legemque
588 1307 731 1334 secundum

91 1351 240 1378 Romanam
253 1350 398 1378 maiestatis
410 1355 520 1386 cogente
533 1355 617 1383 reatu,

91 1396 249 1429 Dampnavit
265 1402 348 1429 poena
363 1395 457 1422 merito
471 1398 580 1422 cunctos
591 1395 705 1429 capitali.

92 1439 146 1465 Sed
162 1439 222 1465 licet
233 1439 356 1473 indignis,
370 1438 560 1466 interveniente
573 1439 687 1474 benigno

90 1482 226 1513 Praesdle,
241 1483 371 1509 concessit
383 1483 474 1514 vitam,
489 1487 574 1509 tamen
586 1488 657 1520 esset
668 1483 780 1510 inultum
795 1517 800 1520 η

91 1526 131 1552 Ne
146 1531 246 1552 tantum
261 1526 354 1557 scelus,
367 1525 446 1552 exilio
458 1518 618 1560 relegaverat
631 1534 732 1552 omnes.

91 1570 223 1603 Festaque
236 1569 361 1603 transegit
375 1573 513 1604 postquam
531 1569 664 1605 paschalia
683 1569 776 1600 Rome,

91 1613 220 1647 Egressus
234 1612 401 1645 Spoletanam
414 1613 530 1645 perrexit
541 1612 568 1638 in
581 1613 683 1639 urbem.

128 1656 261 1689 Augustus
278 1662 340 1681 vero
353 1662 406 1688 quo
418 1658 534 1688 tempore
551 1659 685 1681 manserat
696 1655 757 1685 illic,

91 1701 192 1734 Aprilis
210 1701 301 1726 horam
312 1707 372 1727 eum
387 1707 438 1725 nox
451 1703 568 1726 extrema
583 1700 724 1726 secundant

91 1745 239 1772 Obscuram
252 1744 361 1770 nimium
377 1744 492 1770 tenebris
502 1744 646 1770 involveret
657 1745 733 1775 atris,

91 1788 196 1822 Ingenti
213 1787 299 1814 subito
313 1786 388 1813 tellus
403 1787 529 1813 exterrita
543 1791 615 1813 motu

91 1831 267 1862 Contremuit,
291 1831 443 1864 sonitusque
461 1838 554 1865 graves
572 1830 650 1857 nimis
663 1835 691 1857 et
711 1832 864 1858 metuendos

92 1876 228 1906 Ediderat,
246 1875 365 1902 stabilem
381 1874 424 1901 cui
438 1874 542 1901 sustulit
557 1874 593 1900 ira
607 1875 722 1908 quietem

91 1919 232 1949 Caelestis,
247 1917 340 1952 grandi
356 1917 404 1944 sub
420 1917 489 1943 mole
500 1917 607 1943 latentia
621 1917 710 1944 mundi

94 1961 190 1986 Intima
202 1960 354 1987 concutiens
366 1960 477 1994 impulsu
492 1960 593 1993 viscera
606 1960 672 1987 diro.

92 2005 212 2038 Cumque
223 2004 382 2038 procellosus
395 2008 558 2037 penetrasset
570 2010 583 2024 ι
599 2004 675 2031 turbo
687 2012 812 2031 cavernas

92 2048 227 2080 Occultas,
241 2055 272 2074 ac
285 2055 410 2074 venarum
425 2047 482 2074 loca
495 2052 563 2074 tecta
579 2048 627 2075 sub
641 2048 695 2075 alto

92 2092 236 2118 Terrarum
250 2091 360 2125 gremio,
375 2099 432 2122 nec,
447 2099 499 2125 qua
513 2096 697 2126 prorumperet
714 2093 773 2120 inde

92 2137 144 2163 Vis
157 2137 237 2168 venti,
251 2135 353 2169 patulos
369 2143 478 2169 usquam
491 2137 618 2170 reperiret
630 2138 727 2170 hiatus,

90 2180 231 2212 Quassatis
245 2178 339 2205 ﬂuctus
357 2179 481 2219 quosdam
495 2181 630 2214 generavit
642 2181 668 2207 in
682 2181 773 2214 arvisu

91 2225 201 2258 Iamque
215 2224 284 2251 domi
303 2223 386 2250 maior
396 2231 474 2258 quam
487 2225 590 2259 gurgite
605 2229 691 2250 terror
705 2225 730 2250 in
743 2224 795 2251 ullo

91 2268 230 2303 Naufragii
247 2267 343 2300 fuerat,
358 2268 470 2294 tremulo
485 2275 531 2294 sua
545 2268 660 2295 culmine
670 2268 780 2302 quisque

91 2313 165 2338 Dum
176 2312 277 2346 fugeret
289 2312 402 2339 subitam
416 2312 565 2338 minitantia
583 2317 650 2339 tecta
665 2313 776 2338 ruinam.

92 2356 199 2383 Moenia
212 2360 306 2383 cuncta
322 2355 399 2382 simul
412 2359 480 2382 tetro
492 2363 604 2382 sonuere
618 2356 740 2388 tumultu,

91 2400 213 2427 Pendula
226 2399 479 2441 crispangmridunt
493 2404 522 2426 ut
538 2400 617 2426 lintea
631 2400 705 2431 ﬂatu,

136 2461 148 2475 ι
163 2455 237 2487 Ced.,
252 2460 426 2490 penetrans“;
442 2455 517 2483 facile
531 2456 686 2488 emendata;
703 2456 734 2482 Β.
747 2461 839 2483 contra
853 2466 858 2482 :

91 2489 378 2529 ιαῐδεριιιςιταηιφιεε
429 2523 446 2529 -
496 2524 511 2529 ..

138 2523 150 2541 ι’
162 2523 199 2549 Ex
212 2523 335 2550 Einhardi
349 2523 407 2550 Vita
427 2523 522 2554 Caroli,
543 2531 600 2557 cap.
615 2523 659 2555 ‘29,
672 2524 716 2550 sed
729 2528 754 2550 et
764 2531 795 2550 ex
810 2523 860 2551 alio

93 2557 187 2591 fonte,
199 2557 310 2591 exempli
324 2558 423 2591 gratia,
437 2557 580 2584 Annalibus
594 2557 861 2584 Laureshamensibus

93 2590 137 2616 ad
146 2590 203 2621 802,
220 2590 350 2617 ﬂuxerint.

140 2628 149 2659 ξ
163 2624 200 2659 [jx
214 2624 290 2650 Einh.
303 2624 360 2650 Vita
373 2624 467 2655 Caroli,
484 2632 542 2659 cap.
556 2625 597 2651 16.

138 2656 150 2676 τι
163 2657 227 2694 ’I‘o_ta
240 2664 409 2694 rerum_an_no
427 2656 619 2694 8037gestarum
639 2659 763 2694 narratio.
783 2663 859 2692 poeta

94 2695 178 2726 teste,
190 2691 264 2718 ﬂuxit
276 2699 308 2718 ex
324 2691 449 2719 Einhardi
466 2691 522 2719 Vita
536 2693 619 2719 Caroli
635 2700 659 2718 c.
674 2693 699 2723 7,
713 2693 757 2726 qui
772 2691 859 2719 tamen

94 2725 138 2759 de
148 2731 207 2757 pace
222 2726 323 2751 nonnisi
337 2731 394 2759 post
409 2726 605 2753 translationem
620 2725 750 2752 Saxonum
769 2733 862 2752 conve-

95 2758 173 2793 nisse
185 2762 276 2785 auctor
296 2758 345 2788 est,
359 2767 415 2793 qua:
434 2768 492 2786 cum
506 2768 574 2786 anno
588 2760 637 2786 804
651 2761 797 2793 contigerit,
813 2759 859 2785 Sa—

96 2791 187 2818 xonire
200 2791 414 2825 pacationem‘ad
436 2795 505 2820 hunc
526 2794 629 2819 demum
643 2791 737 2819 annum
757 2793 858 2824 referri,

96 2832 156 2851 nec
165 2832 194 2852 eo
207 2833 257 2859 quo
270 2831 355 2852 noster
369 2828 447 2853 trudit
465 2828 522 2854 loco
536 2827 677 2862 perfectam
689 2835 754 2859 esse,
769 2831 840 2861 patet
851 2839 857 2863 ς

243 199 363 225 ΑΝΝᾹῖιζ
385 198 426 223 DE
446 197 563 223 (II‘IS'I'IS
583 198 610 222 ll.
632 195 754 221 CAIllllJ
773 194 859 220 M.\Cl‘

920 195 959 220 lB.
982 194 1010 219 Υ.
1032 210 1063 213 ---
1084 195 1160 221 VITA
1179 196 1311 222 CARUIJ.
1333 210 1364 214 —
1384 196 1445 222 LIB.
1465 197 1507 222 IV.

871 251 894 279 Λ
906 249 958 275 Aut
971 250 1031 276 dum
1047 256 1113 283 quae
1125 251 1195 277 tenui
1209 251 1363 284 squalebant
1377 252 1483 285 pulvere
1502 252 1567 284 vela,

1622 194 1671 223 ’718

906 293 1043 327 Exagitant
1055 294 1143 320 f.nnuli
1154 296 1275 321 certatim
1294 295 1472 322 diseutientcs.

907 338 979 364 Ilaud
992 338 1069 364 aliter
1080 345 1169 365 muros
1182 346 1274 365 omnes
1289 340 1428 366 tremuisse
1441 339 1553 367 videres.

878 395 884 397 »
907 382 955 407 IIic
968 385 1053 407 tamen
1065 381 1165 407 Italiam
1181 386 1265 408 terror
1279 382 1426 416 specialiter
1438 389 1542 409 omnem

907 424 1066 456 Perculcrat,
1079 425 1154 451 cuius
1166 425 1256 459 plures
1271 426 1435 452 subverterat
1452 427 1541 458 urbes,

907 469 1068 502 Avulsosque
1080 469 1133 495 ruit
1147 473 1248 496 montes
1262 469 1396 496 radicibus
1413 470 1482 497 imis.

907 512 973 539 Tum
987 513 1086 540 Romae
1100 513 1218 541 cecidere
1233 513 1321 540 trabes
1333 514 1490 542 venerabilis
1501 515 1581 545 aedis.

908 555 1061 590 Pigneribus
1070 557 1183 590 propriis
1195 564 1273 591 quam
1284 557 1380 585 Paulus
1393 559 1526 592 apostolus
1538 564 1625 586 ornat.

908 600 989 626 Gallia
1005 608 1052 626 nec
1067 605 1153 627 tantae
1165 600 1213 627 fuit
1226 605 1271 628 aut
1288 601 1429 629 Germania
1444 603 1525 630 cladis

907 644 1042 676 Immuuis,
1061 645 1131 671 circa
1144 645 1266 673 Rhenum
1282 646 1341 673 loca
1356 647 1467 682 denique
1478 653 1550 675 motu

908 687 1023 714 Plurima
1038 688 1153 715 terrifico
1168 690 1278 716 nimium
1292 697 1420 717 concussa
1436 690 1551 718 fuerunt.

909 732 999 759 Audiri
1013 740 1117 767 quoque
1131 734 1244 768 mugitus
1254 742 1269 761 e
1281 735 1414 762 montibus
1431 735 1501 766 altis,

909 776 941 801 Et
955 776 1014 802 tetri
1029 777 1129 803 sonitus
1141 777 1215 804 reddi
1225 778 1343 812 variique
1356 779 1461 811 beatus,

909 820 1110 855 Morborumque
1123 822 1179 849 lues
1190 822 1246 849 fieri
1259 824 1422 857 permaxima
1432 824 1527 858 coepit.

942 864 977 890 At
990 864 1137 898 Spoletanis
1148 865 1258 892 Carolus
1270 874 1407 901 regressus
1420 868 1454 894 ab
1465 868 1529 899 oris,

909 909 949 935 Ad
961 909 1081 936 Ticinum
1094 910 1181 942 rediit,
1194 910 1235 936 cui
1250 919 1319 937 nunc
1331 915 1371 938 est
1384 911 1465 946 Papia
1482 920 1576 940 nomen

876 942 898 971 Β
912 953 986 979 Italic
999 953 1120 987 linquens
1131 955 1197 981 ﬁnes
1212 955 1354 989 Augustus,
1369 942 1517 990 Aquensem

912 997 1028 1031 Expetiit
1042 998 1141 1029 sedem,
1156 999 1303 1032 mansitque
1317 1000 1422 1033 quietus
1435 1001 1486 1027 hoe
1499 1008 1576 1031 anno,

912 1041 1012 1075 Perque
1023 1041 1062 1068 sui
1075 1046 1165 1075 partes
1177 1043 1249 1076 regni
1264 1042 1397 1070 direxerat
1411 1051 1503 1070 omnes
1515 1045 1528 1063 δ

912 1083 1032 1118 Legatos,
1046 1092 1130 1118 aequo
1142 1085 1228 1120 legum
1241 1085 1420 1113 moderamine
1432 1087 1559 1114 mandans

911 1127 1031 1154 Iusticias
1044 1127 1129 1155 facere
1142 1132 1169 1155 et
1186 1129 1272 1156 varias
1287 1137 1444 1164 componere
1456 1131 1526 1163 lites,

913 1171 1031 1198 Reddere
1043 1172 1084 1198 ius
1102 1172 1177 1199 civile
1192 1173 1277 1205 bonis,
1292 1177 1393 1201 terrere
1404 1175 1533 1209 malignos
1548 1183 1555 1201 :

912 1214 1018 1241 Divinas
1033 1216 1174 1249 mundique
1187 1217 1244 1250 pias
1254 1224 1285 1243 ex
1300 1217 1391 1244 ordine
1402 1218 1474 1253 leges

913 1257 986 1284 Tunc
997 1259 1113 1285 exerceri
1127 1260 1297 1286 mandaverat
1311 1265 1338 1286 et
1354 1261 1485 1288 renovari.

968 1323 972 1326 ν
1137 1302 1210 1328 Anno
1223 1302 1282 1329 80*2.
1303 1302 1397 1330 Indici.
1411 1304 1437 1330 9.

914 1345 968 1372 IIoc
981 1346 1012 1372 de
1026 1346 1175 1380 longinquis
1185 1346 1310 1381 elephans
1322 1347 1472 1381 regionibus
1483 1354 1552 1374 anno

912 1389 1037 1416 Primitus
1050 1389 1186 1421 adductus,
1200 1390 1265 1416 mira
1277 1391 1424 1424 spectacula
1442 1398 1523 1426 regno

912 1434 1091 1466 Francorum;
1104 1433 1212 1461 dederat
1225 1434 1365 1462 Persarum
1378 1435 1490 1470 denique
1502 1436 1624 1470 princeps

913 1478 987 1505 Hunc
1001 1479 1088 1505 Aaron
1102 1487 1108 1504 :
1123 1479 1201 1510 idem,
1215 1478 1301 1505 fuerat
1311 1479 1353 1506 cui
1366 1480 1484 1506 subditus
1491 1480 1565 1507 Indis
1580 1486 1589 1499 τ

913 1522 1035 1556 Exceptis
1046 1523 1134 1548 oriens
1146 1526 1225 1554 totus,
1241 1527 1379 1550 curaverat
1390 1523 1460 1550 ultro

914 1566 976 1593 Eius
988 1566 1118 1593 amicitiae
1132 1574 1161 1593 se
1173 1565 1278 1593 foedere
1291 1567 1399 1602 iungere
1412 1567 1496 1597 firmo,

913 1610 951 1636 Ac
963 1610 1069 1644 dignum
1084 1610 1157 1637 duxit
1170 1618 1216 1644 pre
1228 1611 1330 1637 cunctis
1342 1611 1447 1645 regibus
1458 1611 1542 1644 ipsum

913 1653 1049 1688 Temporis
1059 1654 1128 1681 illius
1138 1654 1234 1686 solum,
1248 1654 1290 1681 cui
1302 1661 1410 1681 munera
1425 1654 1497 1689 larga

912 1699 1046 1734 Praccipni
1059 1708 1138 1727 causa
1149 1700 1329 1727 transmittere
1342 1699 1420 1727 vellet
1432 1700 1548 1727 honoris.

912 1744 977 1770 Nam
989 1751 1114 1777 gemmas,
1127 1751 1230 1775 aurum,
1242 1748 1328 1771 vestes
1340 1748 1367 1770 et
1379 1747 1496 1770 aromata
1512 1743 1612 1774 crebro,

912 1790 948 1816 Ac
961 1789 1074 1823 reliquas
1087 1789 1196 1816 orientis
1209 1796 1272 1823 opes
1285 1789 1417 1816 direxerat
1428 1788 1473 1820 illi,

911 1833 1064 1866 Aseribique
1077 1833 1163 1860 locum
1177 1837 1296 1859 sanetum
1309 1832 1541 1860 Hierosolimorum

912 1875 1046 1903 Concessit
1059 1876 1180 1910 propriae
1191 1876 1276 1903 Caroli
1289 1883 1393 1910 semper
1405 1877 1511 1903 dicioni.

1116 1920 1129 1939 δ
1144 1920 1218 1947 Anno
1232 1920 1292 1947 805.
1308 1920 1402 1947 India.
1423 1921 1466 1947 I0.

912 1963 1011 1990 Nobilis
1024 1964 1066 1990 hic
1078 1970 1162 1990 annus
1172 1963 1242 1998 longi
1255 1964 1398 1991 certamina
1412 1964 1473 1991 belli

912 2007 1027 2033 Tandem
1041 2007 1158 2034 Suones
1169 2007 1239 2034 inter
1250 2007 1418 2041 Francosque
1430 2008 1529 2041 peracti

912 2051 1001 2077 Firmo
1015 2055 1156 2084 perpetuae
1169 2052 1298 2079 conclusit
1311 2051 1415 2078 foedere
1425 2052 1507 2085 pacis.

912 2095 1043 2129 Angustus
1056 2096 1115 2129 pius
1126 2097 1158 2122 ad
1171 2096 1259 2122 sedem
1274 2095 1337 2122 Salz
1351 2096 1456 2123 nomine
1469 2089 1566 2123 dictam

913 2139 1023 2165 Venerat
1036 2146 1043 2164 :
1062 2140 1113 2165 huc
1125 2139 1195 2165 omni
1208 2139 1341 2166 Saxonum
1355 2140 1492 2166 nobﬂitate

913 2182 1037 2215 (Iolleeta,
1051 2182 1128 2209 simul
1147 2183 1193 2222 has
1209 2184 1282 2216 pacis
1300 2183 1370 2217 leges
1384 2183 1506 2213 inierunt.

878 2236 902 2265 ι)
914 2226 948 2253 Ut
962 2231 1016 2253 toto
1032 2227 1137 2260 penitus
1148 2227 1219 2253 cultu
1232 2227 1336 2260 rituque
1350 2226 1442 2253 relicto

914 2271 1020 2302 Gentili,
1036 2278 1113 2304 quem
1126 2270 1277 2298 daemonica
1293 2271 1366 2304 prius
1377 2274 1434 2297 arte
1446 2270 1567 2297 colebant

914 2315 1030 2348 Deccpti,
1040 2319 1100 2347 post
1115 2315 1178 2341 haec
1194 2314 1252 2341 ﬂdei
1264 2322 1292 2340 se
1306 2315 1416 2341 subdere
1429 2314 1523 2341 vellem

913 2359 1072 2390 Catholicae,
1083 2359 1238 2392 Christoque
1248 2359 1301 2385 Deo
1315 2358 1413 2385 servire
1423 2365 1471 2392 per
1486 2365 1589 2384 aevum.

913 2403 946 2428 At
958 2410 1018 2429 vero
1030 2409 1137 2429 censum
1149 2401 1308 2428 Francorum
1322 2402 1427 2435 regibus
1442 2401 1523 2429 ullum

914 2456 1021 2483 Carolus
1032 2457 1101 2483 enim
1115 2465 1155 2481 an.
1169 2457 1217 2483 804
1231 2465 1243 2483 e
1261 2457 1373 2483 Saxonia
1387 2457 1518 2483 Coloniam
1530 2460 1557 2483 et
1575 2456 1674 2489 Aquas

933 2491 987 2517 rani
1002 2491 1113 2519 rediens.
1128 2491 1185 2516 Sal:
1200 2492 1323 2523 palatium
1339 2492 1432 2516 itinere
1443 2498 1491 2517 suo
1509 2497 1561 2517 non
1580 2490 1677 2523 attigit.

937 2532 967 2551 ec
980 2524 1049 2564 quod
1067 2532 1153 2564 unum.
1168 2525 1208 2563 hic
1227 2525 1312 2564 afferri
1325 2529 1421 2564 posset,
1434 2524 1531 2564 codicis
1544 2524 1678 2564 μεμεηεξι

914 2557 1049 2591 inscriptio
1060 2559 1209 2592 capitularis
1219 2559 1250 2583 ad
1264 2558 1321 2583 Salz
1337 2558 1436 2589 (Baluz.
1453 2557 1620 2592 Capitulan‘a,
1632 2558 1675 2592 ed.

913 2592 1030 2623 Chiniac,
1046 2596 1065 2618 t.
1077 2591 1099 2622 I,
1113 2600 1137 2624 p.
1153 2592 1213 2623 M5,
1233 2592 1262 2621 II,
1288 2592 1374 2625 1063.)
1390 2592 1421 2617 1η
1440 2595 1542 2626 quarto?
1553 2591 1675 2626 annoud

914 2626 976 2652 Salz
991 2627 1151 2652 contrarium
1166 2627 1286 2652 evincere
1300 2626 1404 2653 sufficit,
1417 2624 1476 2651 cum
1486 2624 1609 2651 Einhardi
1622 2624 1676 2650 An~

913 2659 1010 2686 nalium
1032 2660 1215 2686 auctoritatem
1237 2660 1286 2687 hoc
1312 2666 1366 2685 aevo
1390 2660 1531 2686 mximam
1554 2662 1581 2685 et
1606 2658 1675 2684 inter

911 2694 1053 2726 scriptores
1070 2694 1144 2727 quasi
1164 2694 1267 2720 unicam
1286 2701 1352 2724 esse,
1373 2700 1449 2720 nemo
1463 2692 1569 2719 nesciat.
1584 2691 1675 2727 Errori

913 2725 1002 2753 ansam
1016 2725 1172 2761 prmliuerit,
1185 2727 1252 2761 quod
1264 2731 1341 2760 poeta
1352 2727 1428 2753 aliam
1438 2733 1538 2761 pacem,
1553 2725 1674 2761 9991ρφ-

912 2758 1030 2793 peratore
1045 2761 1143 2787 scilicet
1162 2758 1454 2794 constantinopolitano,
1466 2767 1534 2794 anno
1551 2759 1600 2785 803
1614 2758 1674 2785 Sal:

911 2795 1061 2822 conclusam
1074 2802 1140 2826 esse,
1157 2795 1183 2821 in
1195 2793 1340 2822 Annalibus
1351 2794 1475 2821 Einhardi
1489 2793 1561 2827 legit.
