3886 6228
439 378 551 434 ’719

439 491 667 544 Solvere
700 501 795 542 nec
821 487 1027 555 penitus
1047 483 1295 539 deberent
1316 490 1469 550 atque
1497 479 1767 540 tributum,

449 579 766 633 Cunctorum
781 576 988 644 .pariter
1012 574 1192 628 statuit
1213 572 1471 627 sententia
1499 584 1738 630 concors,

452 665 560 719 Sed
579 671 779 719 tantum
803 664 1030 718 decimas
1050 662 1222 716 divina
1244 662 1356 729 lege
1388 667 1607 714 statutas

451 752 729 818 Oﬂ'errent,
755 766 821 805 ac
848 751 1143 819 presulibus
1172 762 1356 817 parcre
1389 747 1675 805 studerent,

451 843 789 910 lpsorumque
816 839 969 913 simul
996 839 1152 901 clero,
1177 838 1265 905 qui
1286 838 1528 905 dogmata
1557 849 1726 895 sacra,

450 933 653 999 Quique
673 931 825 984 ﬁdem
851 928 1070 982 Domino
1105 927 1348 995 placitam
1377 927 1641 991 vitamque
1677 923 1902 976 doceret.

451 1022 584 1075 Tum
611 1021 709 1075 sub
742 1019 998 1072 iudicibus
1021 1029 1044 1056 α
1064 1056 1079 1078 ,
1106 1029 1242 1083 quos
1273 1029 1365 1068 rex
1395 1014 1666 1081 inponerat
1693 1011 1838 1077 ipsis,

450 1107 761 1178 Legatisque
781 1106 809 1145 ιι
842 1106 968 1178 sqis,
990 1101 1233 1171 permissi
1268 1101 1466 1168 legibus
1490 1099 1566 1152 uti

451 1196 686 1248 Saxones
711 1189 966 1260 patriis’et
991 1189 1246 1244 libertatis
1279 1189 1496 1242 honore.

451 1280 560 1332 lloc
589 1286 712 1332 sunt
724 1284 992 1345 postremo
1015 1276 1197 1330 sociati
1230 1273 1437 1328 foedere
1471 1273 1706 1334 Francis,

452 1366 519 1420 Ut
539 1381 667 1432 gens
688 1373 741 1419 et
762 1365 984 1434 populus
1008 1364 1157 1418 ﬁeret
1180 1363 1511 1418 concorditer
1535 1378 1668 1416 unus
1685 1403 1698 1425 ,

449 1456 526 1508 Ac
549 1469 755 1522 semper
775 1455 886 1521 regi
908 1467 1100 1522 parens
1119 1452 1406 1520 aequaliter
1429 1453 1538 1504 uni.

451 1545 507 1597 Si
537 1553 714 1598 tamen
738 1546 840 1598 hoc
872 1543 1086 1596 dubium
1115 1544 1357 1608 cuiquam
1378 1539 1599 1593 fortasse
1622 1539 1843 1598 videtur,

452 1633 525 1686 De
548 1634 655 1686 vita
685 1632 937 1698 scriptum
962 1629 1135 1684 Caroli
1163 1630 1298 1698 legat
1335 1630 1445 1697 ipse
1483 1629 1709 1682 libellum
1727 1669 1741 1691 ,

451 1721 617 1784 Quem
639 1719 870 1773 Francos
894 1719 1032 1771 inter
1067 1719 1242 1773 clarus
1264 1732 1523 1785 veraxque
1551 1717 1746 1770 relator

456 1810 530 1862 Ac
555 1823 758 1862 summe
780 1808 1028 1876 prudens,
1059 1807 1356 1860 Einhardus
1395 1807 1622 1867 nomine,
1662 1805 1886 1871 scripsit.

457 1897 565 1952 llac
591 1897 749 1964 igitur
765 1896 912 1963 pacis
932 1896 1030 1949 sub
1050 1895 1347 1948 conditione
1367 1893 1545 1946 ﬁdeles

457 1988 526 2039 Sc
545 1979 732 2040 Garolo
755 2025 770 2048 ,
809 1985 1050 2052 natisque
1074 1985 1204 2047 'suis,
1235 1983 1488 2051 stirpique
1515 1991 1762 2049 nepotum

455 2074 646 2141 Ipsius,
687 2073 990 2126 iuraverunt
1015 2087 1110 2139 per
1135 2071 1303 2125 saecla
1331 2070 1554 2123 futuros.

456 2160 599 2225 Quos
625 2174 718 2226 per
745 2169 826 2212 ter
847 2159 1010 2212 denos
1043 2166 1097 2211 et
1124 2167 1232 2211 tres
1258 2167 1361 2209 tam
1383 2157 1582 2210 duriter
1606 2171 1768 2208 annos

459 2251 718 2317 Linquere
751 2231 1003 2317 protraeti
1040 2249 1248 2317 penitus
1267 2248 1544 2301 conamina
1573 2248 1693 2300 belli

460 2342 582 2395 Plus
608 2341 744 2409 regis
772 2341 940 2408 pietas
971 2348 1024 2394 et
1052 2339 1406 2393 muniﬁcentia
1433 2337 1583 2401 fecit,

460 2430 626 2494 Quam
650 2438 840 2482 terror.
872 2427 1000 2479 Nam
1031 2441 1086 2480 sc
1106 2426 1344 2495 quisquis
1373 2427 1705 2480 cenuniserat
1731 2442 1844 2480 eius

463 2519 718 2587 l'lgregiac
739 2517 876 2577 ﬁdei,
911 2518 1045 2570 ritus
1077 2513 1370 2584 spernendo
1393 2517 1665 2585 profanos,

466 2611 614 2662 llunc
633 2609 819 2676 opibus
846 2609 1018 2662 ditans
1036 2608 1257 2660 omahat
1276 2607 1563 2660 honoribus
1587 2608 1792 2674 amplis.

464 2697 623 2767 Copia
649 2698 969 2766 pauperibus
999 2686 1500 2765 Saxonibus'agnita
1532 2698 1759 2765 primum

465 2785 615 2838 Tunc
641 2784 812 2838 fuerat
837 2799 1031 2848 rerum,
1053 2799 1185 2852 quas
1209 2783 1374 2837 Gallia
1400 2786 1502 2838 fert
1534 2786 1796 2852 opulenta,

443 2875 687 2939 Praedia
720 2875 1056 2944 praestiterat
1089 2889 1208 2928 cum
1245 2888 1332 2927 rex
1373 2874 1735 2940 cumpluribus
1773 2874 1895 2932 illic.

468 2966 546 3018 Ex
570 2966 761 3032 quibus
788 2965 1088 3034 acciperent
1103 2965 1634 3034 prcciosae1egmina
1670 2965 1857 3018 vestis.

469 3056 685 3124 Argenti
707 3055 970 3119 cumolos,
1007 3055 1278 3122 dulcisque
1309 3055 1500 3107 fluenta
1526 3054 1658 3107 Liei.

472 3135 564 3196 llis
592 3143 677 3196 ubi
702 3143 960 3211 primores
980 3141 1131 3196 donis
1156 3142 1407 3203 illexerat,
1441 3157 1625 3195 omnes

474 3231 751 3284 Subiectos
773 3231 984 3284 sibimet
1006 3230 1234 3298 reliquos
1261 3231 1548 3284 obtriverat
1568 3230 1726 3283 armis
1749 3269 1762 3292 ,

477 3317 540 3368 Et
563 3317 742 3369 multis
765 3323 977 3382 experta
997 3317 1169 3368 modis
1197 3316 1422 3369 innotuit
1457 3319 1571 3371 eius

474 3402 605 3454 Tam
629 3401 796 3454 dulcis
815 3401 985 3469 pietas
1008 3416 1166 3468 quam
1189 3401 1533 3455 formidabilis
1562 3404 1660 3464 ira,

475 3490 775 3545 Praefatum
809 3499 1035 3545 statuere
1056 3491 1156 3545 ﬁde
1184 3507 1394 3545 servare
1419 3494 1634 3560 perenni

480 3581 702 3645 Foedus,
729 3590 782 3635 et
805 3581 1022 3634 ulterius
1049 3596 1151 3634 non
1189 3582 1238 3634 id
1264 3589 1495 3635 mutasse
1523 3584 1762 3650 probanti

916 3690 1064 3743 Anno
1089 3690 1208 3745 804.
1248 3689 1436 3743 India.
1479 3692 1561 3743 ll.

481 3796 692 3849 Praesul
722 3797 1036 3861 apostolicus
1055 3797 1221 3850 Roma
1248 3799 1478 3864 perrexit
1502 3799 1566 3849 ab
1591 3800 1739 3861 urbe,

481 3883 698 3951 Augusti
720 3883 827 3936 Leo
857 3882 1094 3951 ﬂagranti
1122 3887 1371 3938 deductus
1393 3900 1599 3947 amore,

482 3970 1006 4039 Aeeelesiaequoque
1031 3987 1128 4038 pro
1148 3975 1339 4036 causis,
1367 3975 1555 4039 quibus
1583 3974 1840 4041 imperiali

488 4057 614 4109 Esse
639 4057 844 4110 videbat
872 4073 1002 4125 Opus
1032 4061 1345 4122 munimine,
1378 4076 1560 4114 rursus
1577 4062 1722 4114 adire

490 4143 807 4196 Francorum
837 4154 1005 4198 terras
1027 4156 1268 4213 satagens
1288 4163 1382 4214 per
1406 4149 1557 4216 longa
1577 4149 1798 4217 viarum.

491 4231 583 4284 llic
606 4232 694 4284 ubi
727 4232 1236 4300 terribilesprimum
1271 4236 1663 4288 transcenderat
1699 4234 1873 4304 Alpes,

489 4320 809 4372 Adventasse
836 4321 1006 4372 virum
1029 4330 1229 4373 tantum
1258 4337 1467 4375 rumore
1487 4324 1683 4376 volucri

482 4407 664 4459 .lndicc
691 4418 1016 4475 compererat
1041 4411 1216 4462 statim
1238 4425 1397 4478 prope
1416 4411 1582 4464 Gallia
1604 4421 1740 4474 tota,

491 4494 735 4548 Protinus
759 4497 858 4548 hoc
880 4497 1036 4548 etiam
1079 4499 1244 4550 laetus
1271 4501 1528 4566 cognovit,
1557 4508 1610 4553 et
1639 4500 1712 4552 illi

494 4583 690 4637 Obvius
718 4585 984 4653 Augustus
1009 4586 1322 4639 Remensem
1345 4589 1488 4640 venit
1511 4590 1574 4641 ad
1595 4591 1774 4641 urbem
1794 4628 1810 4651 ,

445 4663 453 4672 ί
500 4671 912 4739 Susceptumque
945 4674 1072 4727 satis
1092 4673 1247 4742 digno
1276 4683 1551 4728 veneratus
1575 4677 1774 4730 honore

498 4758 728 4810 Duxerat
752 4759 818 4811 ad
847 4759 1051 4823 sedem,
1084 4762 1167 4813 cui
1191 4777 1376 4814 nomen
1401 4763 1713 4817 Carisiacus.

502 4844 696 4898 Natalis
719 4847 919 4900 Domim
965 4847 1112 4902 festis
1139 4849 1208 4902 ibi
1235 4851 1336 4903 rite
1359 4853 1608 4916 peractis,

504 4934 654 4987 Sedis
673 4933 928 5000 Aquensis
962 4936 1154 4989 abhinc
1175 4938 1435 5003 petierunt
1456 4941 1658 4991 moenia
1686 4938 1960 5005 pulchrae,

497 5021 851 5089 Gloriﬁceque
885 5023 1038 5074 simul
1059 5025 1319 5079 celebrato
1349 5035 1579 5094 tempore
1604 5038 1804 5090 saneto,

507 5113 620 5177 Quo
641 5111 788 5164 stella
815 5120 1137 5166 monstrante
1163 5114 1294 5184 Magi
1317 5130 1632 5183 cognoscere
1654 5117 1764 5169 veri

501 5191 564 5254 lu
593 5200 749 5253 terris
778 5202 884 5253 nati
911 5211 1214 5255 meruerunt
1238 5204 1448 5258 luminis
1477 5216 1668 5268 ortum,

512 5289 882 5356 Colloquioque
918 5277 1134 5353 deliine,
1177 5309 1272 5360 pro
1312 5309 1415 5360 quo
1460 5297 1668 5361 praesul
1705 5295 2030 5349 venerandus

515 5378 760 5441 Venerat,
788 5379 1010 5446 expleto,
1046 5396 1135 5433 rex
1165 5382 1373 5435 inclitus
1408 5383 1595 5437 obtulit
1623 5384 1691 5437 illi

585 5521 610 5548 α
649 5509 932 5563 Iudicibus.
975 5511 1024 5563 Μ
1051 5521 1128 5563 est
1155 5514 1445 5567 comitibus.

589 5578 614 5617 ι)
658 5577 868 5645 Lgim’s.
913 5581 1081 5633 Missis
1107 5582 1399 5636 dominicis.

1740 365 1981 421 POET£
2025 361 2308 418 SAXUNIS

1999 477 2047 532 Α
2079 451 2312 532 Munera,
2350 469 2502 534 digna
2530 464 2683 518 simul
2711 461 2852 515 danti
2883 474 2976 512 seu
3005 454 3331 524 suscipienti,

2079 561 2173 613 llic
2194 573 2310 612 cum
2340 555 2641 625 pontiﬁcum
2681 550 3024 608 clarissimus,
3049 545 3239 612 illeque
3269 555 3458 611 regum

2078 650 2351 716 Temporis
2373 647 2524 707 illius,
2553 643 2696 696 nullo
2728 641 2998 693 dubitante
3030 636 3265 688 fuissent.
3314 704 3320 707 _

2078 737 2170 790 llis
2211 715 2385 805 gestis
2407 774 2420 797 ,
2485 731 2752 800 propriam
2780 726 2990 794 praesul
3025 720 3276 776 remeavit
3304 717 3370 770 ad
3395 715 3592 770 urbem
3614 750 3636 775 ,

2078 823 2248 890 Seque
2272 822 2368 872 viri
2399 820 2752 872 seiunxeruut-
2776 815 2845 867 ibi
2878 827 3098 879 corpore
3133 809 3261 869 solo,

2079 911 2263 965 Mentis
2283 925 2460 963 amore
2483 908 2570 976 pio
2600 905 2760 958 iuncti
2785 904 2897 957 sine
2924 901 3027 955 ﬁne
3061 904 3351 953 manentes.

2534 1013 2682 1064 Anno
2708 1010 2829 1064 805.
2853 1007 3056 1060 ‘Indict.
3089 1005 3174 1057 12.

2081 1126 2232 1180 Natio
2270 1126 2578 1179 Sclavorum
2607 1123 2780 1175 studio
2809 1121 2938 1174 satis
2963 1132 3146 1186 aspera
3171 1115 3294 1170 belli
3319 1155 3334 1179 ,

2077 1217 2220 1281 Quos
2248 1215 2507 1268 Behemos
2533 1213 2785 1273 vocitant,
2813 1212 2865 1263 in
2895 1219 2950 1263 Se
2974 1208 3184 1262 levitate
3212 1203 3423 1274 procaci

2079 1303 2297 1355 lrritans
2318 1300 2570 1362 Francos,
2599 1298 2772 1351 Caroli
2802 1303 3156 1351 commoverat
3190 1294 3343 1346 iram.

2081 1394 2220 1456 Quos
2243 1399 2424 1444 contra
2454 1391 2646 1442 missus
2679 1388 2855 1440 multis
2879 1402 2998 1440 cum
3026 1385 3236 1438 milibus
3259 1383 3376 1436 eius

2083 1481 2244 1533 Natus
2276 1489 2329 1532 et
2360 1479 2697 1546 aequivocus,
2725 1477 2923 1530 bellum
2950 1475 3146 1526 virtute
3170 1470 3344 1540 sagaci

2081 1567 2354 1619 Commisit
2374 1605 2385 1627 ,
2427 1565 2586 1618 celeri
2624 1564 2792 1618 vietor
2813 1562 2952 1630 quod
2984 1561 3086 1612 fine
3109 1559 3327 1627 peregit.

2534 1673 2679 1723 Anno
2716 1668 3057 1723 806.11ndicl.
3092 1667 3193 1718 l5.’

2020 1777 2058 1833 li
2087 1779 2217 1832 Cum
2247 1777 2364 1845 pius
2384 1776 2652 1844 Augustus
2678 1777 2880 1829 Domini
2913 1773 3198 1829 munimine
3226 1771 3382 1824 ﬁtltus
3401 1810 3415 1829 .

2091 1869 2347 1937 Legitimo
2377 1877 2593 1921 cunclos
2618 1868 2746 1919 tanti
2769 1865 3121 1918 moderamine
3151 1864 3280 1914 ﬁnes

2089 1961 2306 2027 Imperii.
2321 1973 2554 2020 servans,
2584 1955 2840 2027 placidam
2874 1955 3021 2007 daret
3047 1953 3274 2020 undique
3298 1965 3488 2020 pacem
3516 1988 3535 2011 .

2094 2049 2303 2103 Sollerti
2327 2049 2678 2101 meditabatur
2700 2047 2956 2116 depellere
2979 2059 3168 2097 causas

2096 2135 2264 2188 Mente
2289 2135 2635 2197 simultatum,
2662 2135 2852 2202 populo
2881 2148 3011 2200 quas
3041 2147 3191 2200 posse
3216 2130 3355 2183 ﬁdeli

2095 2221 2352 2288 Tempore
2383 2221 2658 2274 discidium
2693 2222 2822 2274 vidit
2847 2234 3099 2287 generare
3126 2219 3318 2270 futuro.

2099 2310 2245 2364 Unde
2267 2326 2390 2364 suos
2415 2311 2553 2362 inter
2575 2317 2724 2362 natos
2745 2324 2810 2360 ne
2839 2309 3050 2376 gignere
3084 2314 3262 2373 posset

2096 2399 2221 2452 Post
2241 2399 2469 2464 aliquam
2497 2397 2641 2450 litem
2676 2397 2831 2465 patrii
2861 2394 3048 2448 divisio
3084 2394 3248 2465 regni,

2098 2489 2282 2544 Certas
2306 2492 2414 2558 ipse
2443 2490 2584 2542 dedit
2614 2464 2791 2555 partes
2817 2493 2877 2538 ut
2908 2485 3095 2552 cuique
3129 2464 3364 2536 volebat:

2103 2591 2122 2617 ε
2163 2579 2345 2632 Italico
2387 2579 2496 2645 regi
2527 2557 2821 2629 Baioari‘am
2865 2577 3017 2628 simul
3048 2589 3254 2628 omnem

2100 2667 2318 2735 Pippino
2344 2667 2643 2728 addiderat;
2675 2678 2773 2717 nec
2797 2679 2900 2717 non
2926 2663 3244 2731 Burgundia,
3274 2671 3546 2729 quantum

2045 2772 2050 2776 ’
2101 2756 2256 2808 Parte
2284 2755 2380 2808 sub
2401 2751 2827 2820 extrema’eelsas
2847 2751 3122 2803 interiacet
3150 2749 3322 2816 Alpes,

2103 2840 2231 2894 Cum
2253 2841 2435 2907 paucis
2470 2839 2885 2891 Alamannorum
2907 2851 3118 2905 quoque
3144 2837 3333 2890 ﬁnibus
3357 2835 3432 2888 illi

2104 2929 2367 2982 Traditur.
2408 2928 2476 2979 At
2511 2927 2703 2980 Carolo
2740 2927 2971 2995 reliquos
3006 2925 3207 2980 donans
3257 2924 3626 2988 Alamannos,

2107 3017 2342 3069 Saxones
2365 3031 2426 3067 ac
2451 3015 2710 3068 Fresones
2730 3015 2955 3067 subiecit
2970 3014 3136 3066 eidem
3156 3053 3169 3075 ,

2031 3096 2074 3154 C
2106 3104 2199 3156 Cui
2235 3102 2388 3155 simul
2412 3117 2475 3154 ex
2505 3117 2692 3169 magna
2713 3100 2882 3153 fertur
2901 3100 3022 3152 data
3047 3099 3210 3153 Gallia
3244 3109 3427 3167 pane,

2106 3190 2298 3245 Oceani
2322 3189 2486 3243 donec
2509 3189 2672 3242 vastis
2698 3187 3026 3241 concluditur
3051 3187 3220 3240 undis.

2106 3275 2256 3328 llunc
2282 3276 2332 3327 in
2357 3276 2680 3329 Francorum
2705 3275 2915 3327 sibimet
2943 3275 3226 3327 succedere
3245 3288 3470 3342 regnum

2109 3362 2392 3429 Disposuit,
2421 3361 2464 3413 si
2487 3377 2588 3412 non
2617 3361 2768 3413 aliter
2801 3359 3022 3412 Domino
3055 3359 3358 3426 placuisset.

2109 3451 2376 3504 Subicitur
2399 3466 2522 3502 vero
2551 3449 2772 3515 sceptris
2797 3447 3096 3516 Burgundia
3117 3462 3279 3516 paene

2107 3541 2239 3594 Tota
2262 3542 2333 3606 pii
2359 3541 2495 3608 regis
2519 3539 2826 3602 llludowici,
2850 3539 2963 3590 iure
2987 3539 3214 3590 tenentis

2110 3631 2233 3682 Post
2253 3629 2383 3681 haec
2409 3629 2705 3694 imperium,
2736 3641 2832 3678 nec
2857 3641 2961 3678 non
2989 3625 3266 3691 Aquitania
3296 3631 3509 3684 cuncta,

2109 3720 2252 3784 Quae
2276 3718 2554 3771 commissa
2577 3717 2724 3785 prius
2740 3717 2927 3775 fuerat,
2960 3730 3098 3768 nunc
3120 3716 3343 3768 traditur
3365 3715 3438 3767 illi

2109 3809 2163 3859 In
2199 3822 2413 3873 regnum
2443 3807 2742 3872 proel-ium,
2771 3803 2944 3857 stabili
2973 3804 3177 3855 dicione
3203 3803 3510 3869 regendum.

2112 3896 2244 3948 llinc
2262 3908 2444 3946 omnes
2467 3895 2781 3953 obtestatus,
2803 3891 3125 3957 multumque
3145 3900 3405 3956 precatus,

2111 3981 2395 4034 Admonuit
2421 3995 2630 4032 servare
2661 3979 2834 4041 ﬁdem,
2867 3973 3237 4044 necfspernere
3271 3992 3475 4046 pacem,

2112 4071 2187 4121 Ne
2211 4069 2424 4136 proprio
2445 4070 2720 4134 quisquam
2756 4078 3081 4134 transgresso
3117 4067 3282 4117 limite
3303 4105 3315 4125 ,
3356 4079 3556 4118 causa:

2116 4157 2368 4208 [lixarum
2403 4155 2628 4222 bellique
2663 4156 2830 4217 daret,
2867 4154 3073 4220 fusique
3100 4153 3306 4206 cruoris

2115 4243 2459 4297 Christicolae
2483 4243 2649 4310 plebis
2676 4243 2867 4295 merito
2889 4257 3012 4294 reus
3051 4249 3190 4294 esset
3213 4242 3265 4292 in
3300 4227 3512 4302 aevum,

2119 4335 2221 4386 Sed
2252 4333 2484 4387 facerent
2512 4335 2649 4385 inter
2677 4347 2811 4394 sese,
2841 4348 2944 4399 quo
2965 4331 3112 4384 ﬁrma
3141 4339 3374 4383 maneret

2049 4397 2093 4452 θ
2126 4425 2306 4476 Debita
2336 4422 2598 4475 fraternas
2621 4423 2830 4474 socians
2859 4421 3136 4473 concordia
3158 4428 3376 4472 mentes.

2075 4563 2079 4568 .
2125 4513 2237 4579 Ipse
2270 4512 2459 4563 dehinc
2486 4511 2730 4576 princeps
2761 4510 2812 4561 in
2836 4510 2957 4561 sede
2980 4507 3222 4560 manebat
3240 4508 3498 4574 Aquensi,

2128 4599 2232 4652 Nec
2267 4607 2383 4665 post
2403 4598 2621 4650 militiae
2644 4597 2824 4648 solitos
2866 4595 3097 4648 exercuit
3132 4609 3276 4658 usus,

2128 4688 2230 4739 Aut
2256 4688 2457 4753 aliquos
2489 4687 2581 4738 ivit
2609 4686 2802 4738 bellum
2823 4692 3065 4752 gesturus
3087 4685 3138 4736 in
3164 4685 3360 4737 hostes.

2132 4775 2259 4828 Nam
2295 4792 2391 4828 nec
2415 4791 2546 4842 opus
2566 4775 2753 4835 fuerat,
2777 4789 2874 4827 nec
2895 4789 3014 4826 eum
3035 4773 3339 4840 permiserat
3365 4782 3547 4839 aetas,

2131 4866 2235 4917 lam
2262 4866 2449 4931 quibus
2473 4865 2768 4916 cxsaciatus
2795 4872 2922 4922 erat,
2956 4863 3456 4928 renovarelabores,

2133 4953 2227 5005 Cui
2254 4953 2424 5020 gravis
2452 4953 2710 5017 inrepcns,
2742 4960 2795 5002 ct
2825 4966 2918 5017 per
2945 4934 3506 5004 momentaksenectus

2135 5041 2346 5108 Singula
2379 5055 2731 5101 suecreseens,
2759 5040 2954 5093 faceret
2983 5041 3282 5092 decrescere
3306 5039 3478 5093 vires.
3527 5072 3552 5080 ι

2581 5163 2724 5214 Anno
2754 5162 2872 5214 807.
2911 5160 3097 5212 Indict.
3127 5159 3208 5213 14.

2138 5287 2247 5340 [lex
2271 5287 2591 5340 Sarracenae
2621 5289 2791 5356 gentis
2817 5289 3033 5342 nimium
3063 5289 3413 5354 truculentae,

2139 5375 2306 5443 Atque
2327 5376 2499 5443 gravis
2521 5375 2622 5426 late
2644 5376 2835 5429 mundo
2864 5385 3104 5443 terraque
3124 5376 3396 5444 marique,

2216 5554 2236 5581 ε
2279 5543 2354 5595 Ex
2379 5542 2567 5596 Charta
2596 5545 2861 5598 (llVlSlOlllS
2883 5545 3105 5613 imperii.
