3886 6228
267 427 359 480 ται

271 537 571 592 Muneribus
601 545 774 589 tamen
793 539 1084 604 Augustum
1110 545 1390 590 veneratur
1417 538 1626 604 opimis.

271 624 657 678 Transmittens
692 626 848 678 ctiam
880 627 1141 684 quoddam
1181 626 1419 680 mirabile
1439 621 1629 680 donum

271 714 505 782 Denique
532 724 672 775 tunc,
705 715 840 768 inter
867 717 1089 769 tentoria
1115 716 1345 784 qualibet
1385 724 1497 768 arte

272 803 431 856 Facta
461 803 600 856 dedit
622 803 789 855 maius
812 805 1014 856 cunctis
1041 813 1094 857 et
1123 805 1353 872 pulcritts
1379 819 1560 857 unum.

272 813 431 856 Facta
461 813 600 856 dedit
622 818 789 855 manus
812 813 1014 856 cunctis
1041 813 1094 857 et
1123 813 1287 872 pulcri
1328 819 1353 856 s
1379 819 1560 857 unum.

272 887 432 942 Fama
457 890 588 943 solet
612 899 844 942 veterum
871 885 1150 958 quicquam
1174 892 1217 943 si
1243 813 1418 944 didere
1441 905 1618 943 verum
1647 931 1660 952 ,

270 980 581 1042 Mirandum,
613 980 831 1033 collecta
861 979 1032 1033 forent
1057 981 1142 1032 ubi
1169 981 1389 1033 carbasa
1423 988 1587 1042 tanta,

267 1069 570 1137 Autquihus
591 1077 704 1120 orta
736 1082 883 1135 seges
911 1067 1001 1120 lini
1027 1077 1132 1120 tam
1163 1066 1350 1120 fertilis
1376 1068 1536 1135 agris,

269 1146 513 1209 Materies
541 1158 683 1224 Operi
716 1171 851 1224 quae
877 1164 1053 1222 posset
1083 1155 1267 1208 idonea
1309 1164 1452 1209 tanto

266 1245 443 1299 AlTore
473 1265 483 1298 :
509 1262 610 1299 non
639 1247 908 1300 hominum
933 1254 1126 1297 tamtam
1159 1246 1258 1297 nisi
1283 1246 1423 1298 milia
1452 1247 1642 1299 molem

266 1337 560 1403 Erigerent.
602 1318 847 1402 Spacium
880 1336 1046 1402 campi
1081 1334 1412 1387 concluseral
1442 1334 1670 1402 amplum

265 1424 488 1476 'l‘extilis
506 1422 731 1476 excelsis
755 1423 930 1489 paries
959 1421 1190 1476 herendo
1216 1422 1497 1483 columnis,

265 1511 376 1566 Nec
401 1513 588 1565 summi
616 1512 826 1564 culmen
857 1512 980 1564 tecti
1005 1525 1256 1578 superare
1289 1510 1464 1562 volatu

264 1601 481 1654 Viribus
502 1599 760 1668 impulsae
784 1600 987 1667 magnis
1017 1607 1234 1667 potuere
1255 1598 1496 1664 sagittae.

261 1689 411 1743 Intus
438 1676 590 1742 erant
615 1688 761 1741 multi
790 1689 997 1756 generis
1020 1687 1319 1741 habitacula
1344 1686 1581 1753 pulchra,

261 1779 497 1844 Quilibet
521 1779 795 1846 egrediens
814 1785 872 1830 ut
902 1793 1005 1830 non
1033 1778 1164 1830 haec
1184 1791 1301 1830 esse
1325 1785 1534 1844 putaret

262 1869 395 1922 Vela
417 1869 673 1923 movenda
708 1868 841 1932 loco,
876 1867 966 1920 sed
999 1867 1202 1920 moenia
1223 1867 1413 1919 nobilis
1433 1866 1600 1918 aulae.

259 1960 472 2014 Interea
498 1960 979 2012 Northmannorum
1005 1957 1129 2020 dux,
1153 1955 1360 2009 Alfdeni
1396 1956 1588 2018 dictus,

259 2051 501 2118 Augusto
527 2063 715 2115 magna
751 2062 864 2099 sese
883 2046 1170 2098 comitante
1191 2053 1402 2098 caterva

262 2137 529 2202 Subdidit,
584 2145 742 2205 atque
798 2135 953 2188 ﬁdem
988 2135 1189 2188 studuit
1226 2134 1435 2187 firmare
1483 2148 1787 2202 perennem.

714 2247 859 2298 Arma
900 2244 1021 2298 808.
1051 2243 1242 2296 Indict.
1289 2242 1368 2295 l5.

259 2360 400 2414 Sunt
422 2359 596 2414 Sclavi
620 2358 832 2427 quidam
857 2356 976 2411 Lini
1009 2355 1324 2426 cognomine
1345 2354 1503 2420 dicti;

257 2448 374 2502 llos
393 2457 596 2512 contra,
627 2448 864 2516 genitore
886 2461 982 2500 suo
1006 2446 1277 2508 mittente,
1307 2444 1574 2513 profectu:

256 2540 447 2594 Iunior
468 2549 550 2594 est
575 2541 813 2605 Carolus,
847 2541 998 2595 cuius
1022 2555 1126 2592 non
1147 2539 1300 2592 Albia
1323 2540 1426 2592 lata

256 2625 643 2696 Praepediebat
671 2628 802 2693 iter,
833 2627 926 2681 sed
953 2626 1280 2681 Francorum
1314 2625 1567 2696 legiones,

257 2717 522 2771 Fluminis
548 2717 782 2772 eiusdem
811 2716 1030 2770 traiecto
1061 2715 1289 2785 gurgite,
1313 2714 1467 2769 laetis

258 2807 528 2874 Auspiciis
539 2789 696 2869 usus,
736 2815 1055 2860 memoratos
1079 2805 1228 2860 duxit
1251 2805 1305 2858 in
1331 2805 1511 2858 hostes

259 2897 535 2964 Signaque
558 2897 805 2963 gaudenti
830 2895 1009 2948 retulit
1042 2894 1283 2950 victricia
1306 2895 1463 2963 patri.

747 3008 894 3060 Anno
926 3006 1048 3062 889.
1083 3005 1274 3059 Indict.
1310 3007 1358 3059 il.

259 3115 507 3186 Undique
527 3118 824 3185 praesentis
845 3132 947 3184 pax
968 3117 1345 3172 laetificaverat
1379 3118 1501 3170 anni

258 3206 497 3260 Cunctos
525 3207 730 3275 imperii
762 3206 922 3269 fines,
953 3207 1044 3260 sed
1075 3206 1250 3259 tristia
1277 3207 1536 3274 quaedam

260 3295 443 3348 Multis
463 3296 798 3364 contigerant
823 3295 979 3349 terris
1006 3312 1018 3348 :
1047 3309 1170 3348 nam
1197 3295 1371 3349 sevior
1396 3294 1540 3348 omni

262 3386 432 3440 Hoste
459 3385 681 3441 nefanda
719 3386 833 3441 lues
876 3386 1138 3454 pecudum
1175 3401 1341 3456 genus
1373 3400 1530 3440 omne
1568 3387 1812 3455 peremit.

260 3475 397 3528 Nam
429 3491 547 3529 cum
571 3485 811 3545 pastores
830 3485 1048 3546 agerent
1069 3487 1307 3532 armenta
1335 3493 1627 3546 gregesque

261 3563 420 3617 Mane
440 3563 582 3618 foras
607 3565 770 3619 laetos
793 3567 848 3619 in
869 3575 1018 3633 prata
1041 3567 1288 3628 virentia,
1317 3582 1437 3620 sero

259 3653 438 3721 Aegra
477 3653 689 3708 domum
718 3654 874 3709 rediit
900 3655 985 3706 vix
1009 3669 1133 3724 pars
1155 3655 1496 3722 paucissima,
1532 3657 1679 3708 dirae

259 3743 428 3812 Signa
452 3757 640 3810 gerens
666 3743 831 3811 pestis
860 3744 1030 3798 macie
1050 3746 1338 3814 mortisque
1363 3747 1708 3816 propinquae.

260 3831 338 3883 At
362 3830 535 3883 maior
559 3844 809 3883 numerus
837 3832 1008 3899 campi
1034 3846 1131 3899 per
1149 3831 1304 3899 plana
1327 3831 1551 3895 iacebat,

260 3920 380 3983 Qua
403 3917 582 3972 dulces
607 3917 812 3972 animas
834 3919 1032 3973 virides
1064 3919 1259 3972 efllavit
1281 3920 1349 3974 ad
1371 3921 1581 3975 herbas.

251 4007 482 4075 Iamque
500 4007 847 4063 cadaveribus
871 4008 1140 4062 foetebant
1164 4025 1360 4078 pascua
1387 4011 1570 4064 stratis
1585 4051 1599 4074 ,

260 4097 538 4152 Extractis
557 4098 738 4162 etiam,
763 4100 1036 4166 praesepia
1063 4113 1304 4169 quaeque
1338 4094 1538 4156 labore-

260 4186 492 4257 Purgari
527 4188 691 4242 multo
726 4195 1004 4256 poterant,
1038 4196 1149 4243 tum
1178 4191 1268 4258 qui
1290 4191 1606 4246 moriturum

260 4274 560 4330 Cernentes
585 4275 778 4328 animal
799 4278 965 4344 magis
985 4278 1036 4330 id
1064 4286 1401 4345 prosternere
1427 4277 1568 4334 ferro

258 4364 555 4434 Eligerent,
583 4364 762 4418 statim
786 4365 989 4420 stillans
1013 4381 1044 4421 e
1070 4368 1286 4423 vulnere
1310 4370 1434 4424 tabo

261 4451 582 4505 Prodiderat
614 4459 727 4506 toto
753 4463 1057 4508 concretum
1085 4470 1306 4524 corpore
1331 4458 1517 4512 virus..

256 4541 491 4595 Noricus
515 4541 618 4596 ista
643 4543 793 4597 sinus
824 4543 993 4598 fertur
1021 4546 1321 4614 specialiter
1344 4561 1463 4602 esse

255 4631 552 4700 Perpessus
575 4647 694 4685 cum
719 4632 906 4687 vicinis
932 4634 1237 4702 regionibus
1270 4635 1383 4688 illi-

254 4724 546 4779 Praeterea
568 4725 774 4778 steriles
794 4725 896 4786 hoc
920 4725 1089 4779 factae
1109 4732 1344 4795 tempore
1367 4727 1532 4791 vites,

253 4816 510 4886 Impense
532 4816 745 4871 sibimet
775 4816 918 4870 nulla
961 4818 1204 4872 mercede
1230 4817 1399 4883 labori

254 4907 626 4976 Respondent,
651 4922 770 4978 spes
794 4915 878 4961 est
895 4906 1036 4960 avidi
1064 4906 1321 4962 frustrata
1343 4908 1535 4970 coloni,

253 4997 403 5052 Dum
424 4997 598 5052 vineta
626 5011 812 5054 carere
836 5013 932 5051 suo
955 4998 1204 5066 pubentia
1223 4996 1368 5053 foctu

254 5085 555 5155 Conspicit,
589 5097 643 5142 et
667 5101 802 5142 vane
823 5088 1053 5143 silvescit
1073 5088 1273 5143 inutilis
1295 5091 1472 5152 arbor,

256 5175 490 5231 Palmite
510 5175 696 5254 diﬂ'uso
718 5177 888 5232 nullas
918 5162 1042 5232 dum
1061 5180 1340 5249 pampinus
1365 5195 1493 5233 uvas

255 5264 544 5334 Contegit,
582 5275 636 5322 et
674 5265 850 5321 fmctu
882 5283 1047 5322 vacua
1077 5278 1182 5324 stat
1209 5272 1363 5325 vinea
1407 5272 1532 5325 lata.

259 5353 513 5408 Partibus
543 5355 596 5408 in
619 5355 800 5410 multis
833 5357 979 5427 regni
1014 5359 1093 5412 sic
1113 5360 1286 5414 omine
1308 5361 1447 5414 tristi

259 5439 492 5495 Bachica
517 5458 619 5497 non
645 5445 800 5499 solito
823 5446 1095 5513 perierunt
1124 5448 1308 5516 pocula
1335 5449 1544 5502 damno.

259 5529 527 5600 Tempore
561 5533 809 5588 nimirum
847 5542 994 5591 tanto
1031 5536 1154 5591 licet
1189 5546 1311 5590 ante
1338 5577 1351 5600 ,
1401 5552 1495 5605 per
1527 5539 1737 5599 orbem,

258 5619 524 5689 Augusto,
555 5621 782 5695 luctum,
810 5624 965 5679 terris
987 5625 1239 5690 abeunte,
1270 5625 1502 5680 futurum

261 5705 376 5760 lam
399 5708 706 5766 ostendebat
731 5727 884 5768 casus
907 5714 1242 5770 tristissimus
1273 5716 1388 5770 iste.

542 425 783 480 ANNAL.
827 426 908 479 DE
947 424 1182 480 GESTIS
1216 426 1272 477 Β.
1312 425 1552 477 CARULI
1585 409 1797 476 MAGNI
1835 421 2008 476 LIBRI
2046 423 2107 474 Υ.
2147 452 2212 460 --
2248 421 2400 474 VI'I'A
2437 421 2705 476 CAROLI.
2745 453 2811 461 -—
2847 421 2970 474 LIB.
3008 421 3096 473 IV.

1829 539 1878 594 A

3342 417 3449 471 793'

2353 538 2497 587 Auno
2519 533 2638 589 810.
2679 534 2868 588 Iudici.
2907 535 2960 587 2.

1907 618 2153 686 I’ippinus
2179 635 2269 674 rex
2291 620 2488 685 Italiae,
2513 622 2602 674 lux
2630 621 2806 675 inclita
2839 623 3099 690 quondam

1905 710 2228 765 Francorum
2253 751 2268 775 ,
2308 712 2476 766 nitido
2515 713 2709 766 laetum
2746 727 2866 767 cum
2904 716 3121 767 duceret
3154 727 3370 785 aevum,
3470 711 3472 713 ’

1905 801 2058 854 Flore
2080 800 2259 868 vigens
2285 800 2443 854 simul
2469 801 2660 854 aetatis
2691 802 2986 869 mentisque
3013 803 3200 857 decore
3216 842 3231 868 ,

1904 891 1998 945 Cui
2025 890 2292 957 praeclara
2319 890 2414 944 fuit
2434 891 2623 954 virtus,
2649 891 2732 943 cui
2753 892 2919 959 gloria
2945 907 3170 955 summa,

1904 977 2089 1030 Omnia
2112 977 2315 1031 fallacis
2348 980 2547 1046 pariter
2567 980 2652 1032 cui
2679 979 3138 1046 prosperamundi

1906 1065 2053 1119 Tunc
2079 1067 2318 1130 aderant,
2352 1069 2536 1121 morbo
2567 1068 2726 1120 vitam
2761 1068 2930 1121 finivit
2960 1069 3172 1123 acerbo.

1907 1155 2222 1209 lmmaturus
2248 1156 2371 1209 huic
2396 1157 2574 1210 obitus
2599 1157 2928 1225 iucundaque
2949 1159 3055 1210 vita

1907 1244 2114 1306 Extitit,
2142 1246 2278 1298 unde
2301 1259 2397 1298 suo
2422 1245 2642 1298 nimium
2673 1245 2739 1298 de
2760 1245 2943 1313 funere
2970 1246 3106 1314 patri

1907 1329 2162 1384 Omnibus
2209 1338 2263 1383 et
2316 1331 2538 1385 Francis
2573 1332 2828 1401 gemitum
2869 1333 3170 1401 luctumque
3216 1332 3446 1401 reliquit.

2379 1419 2526 1471 Anno
2548 1420 2669 1472 811.
2696 1419 2889 1473 Iudict.
2921 1422 2976 1474 5.

1912 1509 2117 1560 Rursus
2146 1515 2205 1560 ut
2237 1494 2570 1575 omnipotens
2599 1523 2752 1564 caros
2777 1510 2877 1562 sibi
2914 1525 3040 1578 sepe
3067 1508 3284 1579 ﬂagellis

1909 1597 2120 1660 Erudit,
2153 1605 2403 1651 aeternae
2436 1597 2603 1650 detut
2626 1598 2730 1651 illis
2765 1599 2954 1667 gaudia
2983 1599 3142 1662 vitae,

1910 1684 2150 1754 Augusto
2167 1684 2254 1752 vis
2273 1685 2452 1739 iudicii
2478 1687 2777 1740 veneranda
2811 1686 3022 1754 superni

1915 1772 2137 1826 Omnem
2163 1774 2436 1842 praeteriti
2467 1773 2663 1828 luctum
2687 1773 3048 1843 geminaverat
3073 1773 3217 1836 anni,

1850 1845 1888 1899 Β
1915 1859 2081 1927 Ipsius
2103 1876 2377 1915 assumens
2398 1863 2559 1914 alium
2582 1863 2650 1916 do
2669 1877 2891 1931 corpore
2916 1871 3122 1926 natum,

1914 1949 2252 2017 Mortalisque
2275 1950 2460 2004 iubens
2487 1951 2628 2004 vitae
2654 1951 2806 2004 finire
2839 1951 3112 2010 tumultus.

1914 2039 2009 2093 llic
2029 2041 2197 2109 patris
2220 2041 2506 2108 equivocus
2529 2040 2720 2104 fuerat,
2752 2055 2851 2094 uec
2880 2040 3092 2094 nomine
3117 2039 3248 2103 solo,

1912 2128 2090 2182 Indole
2111 2128 2205 2182 sed
2229 2127 2419 2182 mentis
2443 2128 2584 2185 clara
2601 2129 2967 2198 probitateque
2992 2143 3219 2190 morum,

1914 2214 2334 2295 animodaque
2361 2227 2568 2287 patrem
2589 2217 2842 2272 virtutum
2860 2219 2984 2273 dote
3010 2218 3251 2280 referret,

1914 2305 1969 2358 Si
1995 2317 2200 2360 rectore
2227 2305 2334 2359 frui
2358 2307 2641 2361 meruisset
2664 2305 2888 2363 Francia
2921 2309 3033 2363 tali.

1913 2392 2023 2446 lloc
2048 2406 2260 2460 quoque
2286 2393 2595 2446 Bernhardo
2618 2409 2841 2463 regnum
2862 2405 3197 2452 concesserat
3220 2411 3358 2452 anno

1911 2483 2149 2538 Italicum
2174 2484 2296 2552 pius
2323 2484 2622 2554 Augustus;
2662 2500 2783 2539 nam
2815 2485 2955 2539 filius
2977 2487 3114 2541 idem

1915 2571 2124 2641 Pippini
2152 2574 2342 2628 merito
2362 2575 2498 2643 patri
2520 2583 2846 2630 successerat
2868 2575 3043 2630 heres.

2362 2664 2511 2718 Anno
2548 2665 2670 2720 812.
2722 2664 2914 2719 Indict.
2953 2665 3007 2719 4.

1914 2751 2141 2804 Maxima
2163 2751 2462 2820 longinquis
2487 2759 2749 2806 terrarum
2781 2755 3014 2809 venitab
3042 2755 3209 2809 horis-

1914 2841 2203 2896 Grecorum
2237 2840 2304 2894 de
2328 2840 2656 2908 principibus
2679 2840 2874 2910 legatio
2898 2843 3083 2896 missa.

1915 2935 1956 2986 A
1982 2935 2175 3002 quibus
2199 2934 2468 3004 Augustus
2490 2951 2675 3004 pacem
2690 2936 3148 3008 donarerogatus,

1913 3023 2029 3076 lure
2066 3023 2168 3091 piis
2187 3024 2453 3092 precibus,
2480 3025 2702 3080 multum
2729 3041 2862 3095 quas
2884 3028 3030 3082 novit
3047 3030 3274 3098 utrique.

1917 3112 2187 3168 Proficuas
2215 3129 2395 3184 regno,
2426 3125 2765 3170 consenserat
2788 3117 2909 3172 ilico
2933 3120 3186 3185 clemens,

1842 3162 1885 3221 C
1918 3162 2202 3257 foedus;
2381 3162 2444 3257 se
2462 3203 2582 3258 ﬁdei
2602 3162 3136 3273 pacisque-tenenda;

1920 3290 2144 3346 Iurando
2167 3301 2345 3362 partes
2380 3292 2660 3348 ﬁrmarunt
2684 3287 2926 3363 protinus
2943 3299 3148 3352 ambae.

2381 3383 2536 3434 Anno
2552 3383 2675 3437 8ιᾶ
2702 3382 2893 3438 Indict.
2930 3385 2983 3439 5.

1921 3469 2028 3524 lam
2057 3471 2232 3540 gravis
2257 3471 2494 3541 Augusto
2519 3475 2736 3532 morbus
2759 3475 2914 3529 simul
2930 3486 3088 3546 atque
3112 3489 3356 3535 senectus

1919 3560 2152 3631 Corpore
2177 3563 2504 3617 sustulerant
2524 3564 2733 3618 solitum
2761 3576 3030 3622 marcente
3053 3569 3290 3638 vigorem
3316 3587 3329 3632 ;

1919 3649 2301 3720 Curarumque,
2333 3651 2528 3719 quibus
2546 3668 2633 3708 res
2655 3655 2861 3723 publica
2883 3663 3030 3711 tanta
3052 3659 3276 3727 regenda

1917 3740 1993 3794 Ac
2013 3741 2272 3794 servanda
2291 3741 2408 3803 fuit,
2437 3758 2541 3797 non
2568 3759 2627 3798 se
2659 3745 2877 3801 sufferre
2901 3747 3076 3802 valere

1913 3828 2257 3882 Immodicum
2278 3829 2500 3898 pondus,
2529 3831 2764 3899 placidae
2791 3836 2883 3890 sed
2907 3835 3016 3889 sola
3044 3837 3236 3904 quietis
3290 3852 3291 3856 ‘

1917 3917 2056 3981 Otia,
2085 3919 2582 3988 supremo-labentis
2603 3927 2838 3990 tempore
2871 3923 3010 3977 vitae

1812 4034 1819 4041 -
1919 4008 2061 4063 Vidit
2084 4011 2309 4065 amanda
2341 4011 2461 4075 sibi,
2483 4027 2588 4080 quo
2610 4027 2897 4080 procurare
2917 4014 3162 4083 migranti

1917 4096 2053 4151 Ilinc
2080 4097 2289 4152 animae
2315 4099 2549 4168 requiem
2577 4101 2821 4169 propriae
2866 4101 3179 4169 veniamque
3203 4105 3457 4160 studeret.

1919 4185 2070 4241 Unde
2093 4187 2255 4243 duces
2274 4203 2337 4243 ac
2364 4190 2627 4257 primores
2658 4189 3029 4260 sollempniter.
3046 4207 3230 4248 omnes

1917 4276 2092 4346 Atque
2113 4278 2454 4348 magistratus
2480 4281 2547 4333 ad
2576 4269 2856 4335 concilium
2890 4283 3136 4351 generale

1920 4364 2164 4434 Undique
2193 4365 2422 4436 collegit,
2443 4373 2671 4436 natoque
2691 4382 2786 4421 suo
2810 4367 3118 4424 Illudowico

1919 4454 2240 4510 Cunctorum
2265 4471 2386 4510 cum
2413 4457 2633 4512 consilio
2666 4457 2748 4511 ius
2771 4472 2928 4513 omne
2951 4460 3164 4528 regendi

1919 4545 2158 4600 Tradidit
2183 4545 2407 4614 imperii,
2435 4559 2899 4614 successoremque
2921 4546 3128 4615 paterni

1917 4636 2165 4706 Imposito
2189 4635 2483 4705 designavit
2513 4635 2809 4690 diademate
2836 4637 3006 4705 regni,
3031 4636 3035 4640 ’

1915 4726 2333 4794 Consortemque
2367 4725 2448 4779 sui
2469 4724 2668 4780 factum
2695 4726 2854 4779 totius
2878 4726 3097 4781 honoris

1914 4814 2208 4884 Augustum
2233 4814 2435 4884 pariter
2459 4813 2680 4868 vocitari
2707 4814 2935 4868 iusserat
2955 4817 3148 4884 ipsum.

1914 4903 2064 4969 Quod
2091 4918 2210 4958 cum
2230 4902 2511 4973 magnifico
2537 4903 2666 4959 satis
2684 4919 2938 4974 accepere
2958 4905 3140 4962 favore

1914 4995 2202 5050 Consilium
2224 4995 2421 5061 cuncti,
2457 5010 2577 5051 cum
2597 5011 2816 5066 prorsus
2845 4997 2900 5052 id
2928 4997 3059 5052 utile
3090 5013 3254 5068 regno

1914 5083 2234 5138 Multimodis
2260 5084 2642 5155 intellegerent.
2670 5084 2803 5140 Hinc
2823 5094 2978 5142 aucta
3003 5085 3210 5143 refulsit

1915 5172 2159 5225 Maiestas
2187 5170 2380 5237 Caroli,
2418 5173 2696 5229 concordia
2719 5173 2857 5230 facta
2882 5174 3076 5231 futuris

1915 5260 2047 5313 llinc
2072 5267 2156 5316 est
2179 5261 2523 5329 temporibus,
2549 5275 2667 5316 cum
2691 5271 2768 5318 tot
2795 5271 2952 5334 caput
2976 5264 3153 5319 extitit
3175 5281 3366 5330 unum,

1916 5349 2163 5405 [inanimi
2184 5349 2390 5418 populis
2416 5360 2765 5408 monstratum
2791 5361 2967 5408 mente
2988 5352 3346 5423 sequendum.

1911 5443 2046 5498 llinc
2073 5451 2244 5498 metus
2265 5443 2500 5499 externis
2528 5443 2769 5500 incussus
2794 5446 3040 5515 gentibus
3064 5444 3266 5515 ingens.

1912 5532 1994 5586 Nil
2019 5547 2233 5602 sperare
2269 5533 2421 5588 dedit
2442 5533 2616 5589 Caroli
2651 5535 2716 5589 de
2738 5545 2910 5590 morte
2932 5535 3243 5606 propinqua.

1911 5624 2024 5692 Quo
2045 5624 2213 5678 minui
2236 5633 2413 5693 posset
2439 5632 2608 5680 status
2631 5635 2686 5680 et
2706 5628 3036 5682 rectissimus
3058 5629 3188 5683 ordo

1909 5713 2076 5784 Regni
2103 5711 2444 5784 Francorum,
2476 5715 2624 5772 cuius
2647 5730 2753 5772 non
2775 5724 2897 5773 ante
2926 5717 3161 5788 reliquid
