3886 6228
489 336 588 389 723
906 311 908 314 ’
1691 353 1695 356 ~
1739 400 1741 402 ι
1789 323 2024 378 vomas
2065 315 2348 373 saxo-rus
3559 313 3665 366 res

489 445 619 498 Tum
650 442 824 495 clarus
881 439 1120 506 princeps
1177 437 1423 505 regimen,
1491 449 1645 503 quam
1696 434 1916 500 sumpsit
1961 432 2010 483 id
2040 435 2082 489 Α
2113 427 2199 480 Sic
2231 425 2432 478 mor'um
2458 426 2714 492 probitas,
2743 427 2904 480 animi
2936 429 3012 481 sic
3035 430 3261 482 maxima
3292 429 3483 488 virtus,

1767 520 1942 590 [alter,

491 621 653 682 Quem
677 616 862 670 merito
886 615 1023 683 patri
1051 614 1273 667 similem
1311 614 1377 664 vi:
1395 622 1501 666 tute
1532 619 1793 680 putarent,

489 708 530 758 Λ
551 720 654 774 quo
680 719 781 758 non
807 703 1040 765 dubium,
1077 701 1203 770 quin
1227 701 1389 753 armis
1421 714 1575 767 regna
1603 701 1818 751 subacta

488 795 686 847 Cuncta
708 791 862 846 simul
886 791 999 843 miti
1030 797 1232 859 regeret
1253 789 1567 853 moderante
1584 785 1784 852 sophia.

489 883 556 936 Ut
579 883 839 950 quondam
867 895 1085 949 magnus
1109 879 1308 947 pariter
1337 893 1424 930 rex
1450 885 1606 944 atque
1632 877 1899 943 propheta,

487 971 584 1036 Qui
630 959 1122 1038 lyrico‘modulante
1172 965 1309 1020 melo
1343 964 1586 1019 caelestia
1619 962 1800 1016 doctus

486 1059 731 1112 Carmina
760 1059 934 1112 divino
959 1055 1246 1123 completus
1269 1068 1495 1123 pangere
1517 1051 1660 1114 ﬁatu,

487 1147 634 1201 Nunc
654 1145 883 1214 cytbaris
905 1144 1067 1198 David
1091 1144 1279 1213 digitos
1301 1143 1595 1210 ﬁdibusque
1627 1140 1855 1204 canoris,

487 1234 635 1287 Nunc
663 1234 862 1304 capulis
891 1242 1070 1302 aptare
1088 1247 1275 1285 manus
1298 1230 1561 1298 armisque
1589 1229 1807 1290 solebat,

486 1325 788 1390 Innumeras
812 1333 1086 1394 postquam
1110 1330 1290 1393 gentes
1316 1321 1596 1388 hostesque
1627 1317 1904 1385 triumphis

487 1413 800 1466 Subdiderat
826 1411 1066 1480 propriis,
1101 1409 1303 1463 meritis
1325 1416 1561 1462 maturus
1583 1415 1637 1460 et
1666 1407 1832 1464 annis,

489 1501 558 1554 Se
581 1502 803 1564 vivente,
831 1516 959 1556 suus
986 1499 1138 1553 iussit
1168 1513 1271 1568 quo
1300 1496 1439 1551 ﬁlius
1475 1497 1618 1548 onini

487 1589 706 1643 Hacbrei
733 1586 978 1643 Salomon
1006 1589 1152 1657 regni
1173 1585 1434 1640 frueretur
1461 1586 1677 1638 honore.

487 1682 574 1732 Sic
595 1679 816 1734 Carolus
839 1687 1018 1733 noster
1049 1677 1234 1732 solitus
1260 1684 1486 1730 tractare
1512 1672 1742 1727 vicissim

487 1765 710 1828 Proelia,
735 1765 1068 1818 daemonicas
1092 1763 1250 1817 etiam
1281 1763 1584 1817 subvertere
1603 1760 1793 1821 cultus,

486 1855 808 1915 Catholicam
831 1855 1040 1908 ﬁrmare
1060 1853 1238 1917 ﬁdem,
1262 1851 1618 1918 damnarcque
1644 1858 1815 1902 sectas

485 1945 780 2012 Perversas,
806 1953 867 1999 ut
891 1945 1160 2000 doctrinae
1183 1942 1426 1998 coelestis
1446 1943 1640 2009 ubique

485 2034 688 2088 Cordae
712 2034 998 2088 concordes
1027 2033 1080 2086 in
1106 2031 1304 2086 Christi
1327 2031 1481 2083 laude
1503 2037 1765 2089 sonarent,

488 2121 757 2191 Magniﬁce
782 2122 930 2174 bellis
955 2135 1172 2189 regnum
1197 2119 1355 2172 nimis
1374 2117 1747 2186 ampliﬁcatum

485 2211 735 2264 l‘rudenti
759 2218 881 2263 nato
906 2223 1192 2278 pacemque
1219 2207 1428 2276 reliquit
1451 2207 1674 2270 amanti,

487 2299 689 2367 Quique
712 2298 894 2352 labore
915 2298 1080 2366 patris
1106 2299 1243 2351 bona
1271 2297 1566 2365 conquisita
1592 2297 1804 2363 quietus

487 2389 750 2452 Sumeret,
776 2402 1027 2442 exercens
1049 2388 1210 2442 divini
1233 2387 1477 2457 dogmata
1513 2387 1706 2440 cultus.
1747 2434 1754 2441 .

488 2477 627 2530 llaec
649 2476 721 2529 ita
746 2476 869 2529 dum
890 2474 1094 2538 ﬁerent,
1119 2476 1314 2542 passim
1341 2473 1598 2541 permixta
1624 2471 1829 2524 videres

485 2566 685 2618 Gaudia
711 2564 977 2618 tristitiae.
1011 2562 1140 2614 Nam
1170 2576 1256 2614 res
1275 2576 1339 2615 ex
1364 2559 1547 2614 ordine
1574 2567 1719 2629 gesta

486 2653 550 2704 lit
581 2651 781 2704 ratione
804 2651 910 2718 pia,
935 2648 1112 2702 multis
1134 2663 1253 2702 eum
1283 2649 1394 2701 iure
1420 2647 1670 2716 placeret,

428 2755 432 2759 ·
484 2741 721 2810 Amplius
743 2740 1000 2808 angebant
1021 2745 1238 2794 cunctos
1262 2746 1437 2790 tamen
1457 2737 1598 2790 intus
1623 2735 1788 2789 amari

486 2830 740 2883 Mestitiae
761 2827 978 2890 stimuli,
1003 2827 1139 2894 quod
1161 2827 1308 2880 carni
1335 2825 1542 2879 debitus
1569 2825 1712 2878 omni

485 2921 561 2974 Ex
581 2918 749 2974 oculis
770 2930 951 2972 carum
975 2915 1220 2970 Carolum
1242 2922 1485 2983 rapturus
1511 2914 1716 2968 adesset

484 3006 780 3062 Terminus.
825 3005 882 3059 ω
898 3003 1138 3059 valetudo
1163 3003 1317 3058 simul
1337 3003 1555 3072 cogebat
1583 3011 1635 3057 et
1662 3009 1826 3056 aetas.

485 3096 655 3163 Ithne
677 3094 809 3148 solet
833 3092 967 3156 ﬁeri,
998 3093 1241 3160 quotiens
1262 3092 1578 3146 ammittitur
1597 3091 1699 3144 ulla

483 3182 587 3235 lies
610 3182 920 3242 bonartunc
941 3179 1126 3233 melius
1145 3179 1287 3247 cogit
1307 3179 1458 3232 dolor
1483 3179 1592 3246 ipse
1613 3178 1802 3241 videri,

481 3269 648 3337 Ipsius
668 3267 864 3322 utilitas
887 3266 1056 3337 qualis
1081 3269 1420 3337 preciumque
1438 3266 1623 3321 fuisset
1654 3282 1667 3317 :

554 3412 578 3439 α
615 3397 827 3452 Hiatum
850 3397 1135 3453 tollendum
1163 3411 1278 3451 esse
1307 3411 1409 3450 non
1437 3395 1623 3463 liquet.
1673 3383 1684 3390 ”’

2116 515 2201 567 Sic
2224 514 2392 580 pictas
2415 512 2588 566 Caroli
2609 522 2918 567 cunctorum
2949 517 3210 569 mentibus
3233 517 3446 576 bereus.

2116 603 2155 654 Τ
2163 618 2259 654 unc
2279 610 2549 669 perspecta
2580 603 2746 671 magis
2773 602 2960 666 fuerat,
2995 620 3112 657 cum
3139 605 3375 672 principe
3402 589 3489 655 tali

2117 693 2246 748 Sese
2264 695 2549 748 cernebant
2569 695 2827 748 carituros
2848 710 2964 748 esse
2993 713 3085 764 per
3111 710 3320 748 aevum.

2118 782 2497 849 Mallorumque
2525 799 2713 852 graves
2733 786 3023 851 sapientum
3047 793 3259 853 pectora
3283 800 3443 838 curae

2118 872 2438 936 Mordebant,
2466 873 2518 925 in
2534 875 2762 927 deterius
2793 874 2895 926 iam
2929 875 3139 941 iamque
3167 875 3445 927 timentum

2115 959 2378 1026 Lapsuras
2403 975 2488 1013 res
2515 960 2859 1024 Francorum,
2893 961 3083 1014 multas
3103 975 3312 1030 quoque
3329 961 3510 1015 clades

2118 1047 2242 1098 Post
2265 1047 2466 1099 obitum
2499 1048 2628 1099 tanti
2656 1056 2904 1101 venturas
2935 1048 3186 1116 principis
3206 1062 3342 1101 esse.

2122 1135 2187 1190 Ut
2213 1136 2309 1188 sub
2334 1134 2437 1189 ﬁne
2462 1137 2599 1189 cadit
2625 1151 2743 1189 cum
2771 1137 2973 1205 longior
3000 1137 3183 1190 umbra
3206 1136 3330 1200 diei,

2117 1225 2181 1276 Et
2203 1225 2280 1278 sol
2309 1226 2490 1278 oceani
2516 1240 2804 1294 properans
2825 1243 2881 1280 se
2911 1227 3171 1296 tinguere.
3187 1226 3343 1280 ﬁuctu

2117 1314 2293 1383 Pergit
2314 1314 2367 1367 in
2391 1315 2642 1377 cubitum,
2673 1317 2801 1386 tegit
2819 1325 2872 1370 et
2899 1316 3164 1390 ferrugine
3187 1320 3387 1372 vultum

2119 1402 2456 1472 Lueigenum,
2484 1406 2648 1458 mixto
2677 1405 2896 1460 maculis
2913 1407 3112 1476 pallore
3139 1408 3360 1478 nigellis,

2059 1563 2084 1570 __
2120 1490 2276 1558 Signa
2297 1491 2586 1558 procellose
2610 1493 2700 1546 dat
2728 1493 2899 1548 noctis
2920 1493 3110 1549 abinde
3133 1498 3424 1565 sequentis,

2119 1580 2370 1644 Quamvis
2397 1581 2703 1644 succedens,
2737 1582 2861 1634 dum
2887 1584 3098 1638 tramite
3127 1584 3294 1638 fertur
3326 1589 3547 1649 eodem.

2120 1669 2257 1723 Orbe
2280 1670 2420 1724 valet
2441 1672 2595 1738 pleno
2617 1672 2934 1726 sublustrem
2961 1676 3179 1729 reddere
3205 1676 3347 1730 luna.

2056 1751 2098 1807 Β
2127 1759 2272 1813 llaud
2295 1759 2449 1812 aliter
2474 1769 2584 1812 tum
2611 1761 2896 1829 prudentes
2919 1777 3134 1818 sensere
3158 1763 3356 1818 futuras

2119 1845 2379 1900 Bellorum
2429 1853 2782 1915 tempestates,
2838 1850 3128 1918 meritoque
3166 1855 3453 1921 gemendas

2117 1934 2280 2003 Regni
2303 1935 2625 1989 Francorum
2653 1936 2842 1990 Carolo
2861 1940 3120 1994 moriente
3146 1943 3342 1995 ruinas.

2118 2024 2350 2078 Solvitur
2371 2026 2570 2080 interea
2598 2027 2775 2094 populi
2805 2037 3110 2093 conventus,
3131 2040 3186 2084 et
3209 2032 3330 2085 inde

2116 2112 2214 2178 Qui
2238 2111 2449 2166 fuerant
2473 2129 2720 2182 proceres
2740 2117 2959 2170 redituri
2981 2119 3192 2172 tramite
3219 2119 3375 2189 longo

2116 2201 2194 2254 Ad
2220 2201 2372 2255 sedes
2400 2203 2658 2270 proprias,
2681 2204 2892 2259 sibimet
2915 2206 3019 2259 iam
3043 2208 3385 2272 conicientes,

2116 2292 2238 2345 Cari
2264 2303 2605 2360 conspectum
2626 2293 2823 2346 domini
2846 2307 2868 2334 α
2894 2295 3031 2348 hunc
3059 2312 3174 2351 esse
3211 2311 3552 2365 supremum,

2117 2379 2311 2432 lnterni
2343 2381 2569 2449 gemitus
2587 2381 2840 2435 dederant
2863 2384 3130 2452 animique
3155 2385 3376 2441 dolentis

2118 2465 2335 2519 Pallenti
2361 2466 2566 2536 signum
2593 2466 2726 2522 facie
2749 2483 3057 2538 meroreque
3085 2487 3286 2539 pressa.

2117 2555 2418 2623 Composito
2439 2557 2620 2624 plures
2647 2557 2813 2622 vultu,
2841 2537 3187 2629 dumiﬁng—ere
3207 2537 3400 2616 laetos—

2119 2640 2188 2696 Se
2213 2644 2450 2710 cupiunt,
2482 2659 2585 2713 quo
2605 2653 2905 2713 suspectum
2927 2649 3184 2715 reperiret
3202 2649 3256 2703 in
3282 2649 3386 2703 illis

2119 2729 2201 2783 Nil
2228 2746 2394 2784 novus
2421 2740 2688 2802 angustus,
2719 2740 2895 2786 tamen
2923 2741 2978 2787 et
2997 2735 3171 2790 ridere
3193 2735 3466 2790 volentum

2119 2819 2222 2874 Ora
2249 2823 2460 2876 madent
2478 2823 2708 2878 lacrimis
2735 2822 2868 2878 falsa
2891 2826 3030 2878 inter
3058 2826 3246 2894 gaudia
3274 2828 3438 2882 veris.

2121 2909 2232 2963 Non
2258 2911 2430 2964 aulam
2457 2920 2582 2965 tunc
2607 2927 2756 2965 more
2777 2927 2872 2966 suo
2891 2913 3189 2980 complebat
3219 2914 3530 2982 Aquensem

2121 2999 2380 3054 Laeticiac
2406 3017 2584 3065 sonus,
2607 3002 2818 3055 auditur
2843 3018 2944 3057 vox
2973 3003 3172 3058 musica
3203 3021 3492 3072 nusquam,

2045 3071 2089 3130 C
2120 3087 2416 3156 Alloquitur
2445 3089 2644 3143 socium
2669 3090 2754 3143 vix
2781 3089 2966 3144 saltem
2985 3106 3253 3145 murmure
3275 3071 3411 3145 tristi

2121 3178 2350 3246 Quisque
2379 3195 2548 3242 suum,
2577 3181 2806 3248 prodens
2851 3181 3044 3235 tacitus
3071 3181 3195 3249 quid
3235 3190 3452 3250 pectore
3475 3191 3682 3251 gestet,

2122 3266 2252 3318 Cum
2278 3267 2427 3321 dolor
2447 3267 2668 3336 imponit
2695 3269 3020 3337 gemebunda
3047 3269 3250 3323 silentia
3276 3269 3486 3323 multis.

3348 3422 3380 3441 θ

490 3527 3676 3558 Mm

1104 3638 1632 3716 ANNALIUM
1691 3637 1820 3711 DE
1877 3633 2230 3711 GESTIS
2287 3630 2642 3708 CABOLI
2707 3628 3024 3706 MAGNI

857 3812 1036 3852 LIBER
1077 3809 1355 3860 QUARTUS
1400 3807 1724 3858 EXPLICIT;
1767 3802 1993 3846 INCIPIT
2037 3801 2299 3854 QUINTUS
2341 3800 2420 3840 DE
2464 3799 2601 3841 νιτΑ
2649 3800 2724 3841 ΕΤ
2764 3795 2948 3839 OBITU
2989 3796 3284 3839 EIUSDEM.

1731 3935 1933 3951 ψ

484 4025 702 4095 l‘angite
722 4023 825 4076 iam
850 4021 1057 4074 lacerae
1081 4032 1295 4072 carmen
1322 4017 1540 4086 lugubre
1566 4015 1812 4079 Camene,

557 4117 751 4183 Dignus
769 4111 908 4166 enim
933 4109 1110 4163 multis
1135 4121 1303 4160 annus
1331 4106 1418 4159 hic
1445 4111 1526 4159 est
1549 4104 1801 4158 lacrimis.

488 4208 623 4261 Ecce
647 4209 834 4272 quater
854 4200 1002 4254 denis
1022 4198 1289 4264 ternisque
1318 4194 1583 4262 prioribus
1613 4194 1782 4256 annis,

555 4293 689 4358 Quid
717 4289 816 4344 nisi
839 4287 1157 4359 prosperitas
1178 4285 1316 4338 dicta
1341 4283 1436 4336 fuit
1460 4282 1630 4336 Caroli
1656 4284 1679 4335 ?

486 4383 671 4436 Annua
695 4393 815 4433 cum
835 4376 992 4429 variis
1021 4375 1181 4445 ipsius
1200 4382 1344 4444 gesta
1370 4373 1646 4440 triumphis

557 4470 689 4522 Tum
715 4467 911 4537 placuit
944 4467 1078 4518 laeto
1100 4477 1479 4528 eonnunierarc
1502 4463 1640 4516 stilo.

489 4561 557 4614 At
579 4559 731 4614 modo
758 4557 994 4627 lugentes
1019 4553 1218 4608 obitum
1249 4567 1350 4606 nes
1376 4552 1623 4606 admonet
1642 4552 1773 4604 ordo

559 4652 624 4704 Et
647 4659 850 4716 tempus
879 4646 1012 4699 tanti
1039 4657 1451 4697 commemorare
1484 4642 1604 4694 viri.

493 4739 589 4792 llic
614 4737 722 4791 veri
745 4735 1004 4806 plangunt.
1021 4733 1172 4801 elegi,
1202 4730 1274 4784 nil
1299 4731 1495 4798 ﬁngere
1521 4739 1744 4783 mestnm

561 4831 652 4883 Est
671 4842 822 4895 opus,
850 4823 1070 4877 allectus
1091 4836 1176 4875 res
1198 4821 1355 4874 habet
1376 4820 1487 4888 ipsa
1514 4834 1655 4873 suos.

493 4920 621 4987 Quis
647 4915 900 4990 recolens,
925 4912 1094 4990 qualis
1116 4909 1291 4974 fuerit,
1324 4909 1476 4962 modo
1500 4907 1678 4962 defore
1702 4909 1857 4961 terris

561 5011 686 5065 Tale
714 4985 873 5064 decus
892 4985 1108 5058 nimium
1133 5017 1237 5055 non
1267 5008 1442 5071 gemat
1469 5010 1520 5052 et
1545 5000 1760 5053 doleat?

495 5101 599 5154 Sed
628 5099 748 5166 quia
770 5110 855 5149 res
881 5092 1178 5148 consolatur
1195 5092 1326 5144 haec
1354 5089 1462 5143 sola
1496 5087 1694 5152 ﬁdeles,

563 5187 725 5242 Cares
751 5199 775 5225 ι
798 5185 934 5238 forte
960 5196 1084 5236 suos
1105 5194 1247 5233 mors
1275 5179 1463 5246 quibus
1487 5177 1781 5238 abstulerit,

496 5281 597 5334 Pro
618 5275 769 5330 iustis
797 5281 856 5325 ut
880 5287 970 5326 eos
996 5269 1218 5324 feliciter
1244 5269 1444 5321 actibus
1471 5281 1585 5320 esse

565 5363 840 5419 Conﬁdant
864 5359 1008 5428 regni
1031 5357 1315 5425 participes
1337 5355 1512 5423 superi
1538 5372 1548 5406 :

498 5452 693 5505 Idcirco
721 5447 981 5507 meritum,
1016 5459 1110 5512 pro
1136 5458 1238 5510 quo
1271 5443 1423 5496 modo
1449 5441 1710 5496 credimus
1736 5441 1879 5492 illum

571 5593 590 5618 ε
633 5578 777 5629 licia.
807 5585 858 5629 ct
883 5574 1084 5639 Lrilm.,
1116 5590 1279 5627 curus.

2091 3991 2097 3997 ’
2193 4012 2379 4065 Vivere
2404 4023 2525 4064 cum
2551 4008 2779 4071 Christo,
2808 4008 2921 4060 iure
2943 4007 3070 4060 libet
3096 4021 3310 4063 canere.

2123 4103 2394 4157 Materiem
2414 4108 2612 4154 tantam
2641 4099 2796 4152 nimis
2821 4097 2989 4151 audax
3013 4099 3234 4152 barbara
3263 4103 3444 4170 lingua

2189 4193 2386 4263 Ingenii
2419 4191 2590 4246 tenuis
2615 4189 2817 4243 viribus
2841 4189 3145 4256 aggreditur
3168 4203 3183 4252 ;

2051 4312 2096 4368 η
2122 4282 2224 4336 Sed
2252 4296 2337 4336 me
2367 4294 2588 4348 magnus
2625 4293 2791 4340 amor,
2829 4276 3124 4346 praesentis
3167 4279 3424 4332 carminis
3453 4291 3680 4345 auctor,

2189 4371 2433 4439 Ignarum
2469 4367 2611 4421 fandi
2639 4383 2744 4421 non
2774 4367 2997 4421 reticere
3032 4366 3174 4420 sinit.

2121 4459 2353 4526 Denique
2381 4471 2496 4511 sum
2523 4455 2713 4510 Carolo
2733 4470 2940 4522 semper
2967 4454 3235 4523 ﬂagrantis
3264 4459 3497 4520 amoris,

2190 4547 2318 4601 Sum
2337 4559 2544 4616 quoque
2568 4545 2808 4614 perpetui
2836 4545 3040 4600 debitor
3061 4546 3299 4614 obsequii
3329 4563 3344 4608 ;

2120 4636 2167 4689 Is
2194 4643 2400 4704 gentem
2423 4642 2657 4690 nostram
2692 4631 2813 4687 ﬁdei
2841 4648 3156 4702 cognoscere
3183 4633 3352 4688 lucem

2187 4723 2427 4785 Fecerat,
2458 4721 2679 4775 abiectis
2701 4719 2955 4788 perﬁdiae
2986 4720 3233 4774 tenebris.

2120 4812 2286 4878 Quam
2308 4809 2550 4864 bellando
2581 4809 2686 4870 diu,
2716 4822 2874 4876 quam
2903 4807 3066 4877 multa
3091 4806 3322 4874 pericula
3347 4821 3582 4874 passus,

2188 4900 2354 4967 Quam
2376 4899 2566 4953 sudore
2593 4897 2758 4967 gravi,
2789 4911 2946 4964 quam
2973 4897 3146 4950 studio
3168 4895 3355 4964 vigili?

2119 4992 2292 5045 Poene
2319 4987 2662 5048 recordamur
2683 4985 2860 5054 populi
2890 4985 2992 5038 hoc
3019 4986 3274 5038 hactenus
3295 4997 3495 5038 omnes

2188 5081 2447 5147 Europae,
2472 5076 2601 5130 tanti
2630 5074 2910 5142 participes
2940 5073 3132 5142 aperis.

2123 5167 2316 5237 Nempe
2340 5166 2422 5219 sui
2445 5165 2586 5218 vires
2614 5162 2760 5231 regni
2786 5161 3071 5230 collegerat
3096 5173 3302 5226 omnes,

2193 5260 2260 5314 Ut
2282 5273 2377 5312 nos
2397 5256 2682 5312 demonicis
2700 5253 2924 5309 cultibus
2944 5253 3291 5307 abstraheret.

2123 5341 2354 5415 Denique
2380 5344 2673 5399 barbariem
2701 5343 2941 5412 quisnam
2969 5339 3172 5394 mollire
3195 5337 3434 5394 ferocem

2189 5436 2368 5490 Posset
2393 5433 2716 5489 adhortantis
2745 5431 3001 5501 dogmatis
3024 5428 3288 5498 alloquio?
