3886 6228
293 432 390 487 T25
616 429 854 484 ANNAL.
896 428 1250 484 DE’GESTIS
1286 428 1345 482 Β.
1385 400 1625 488 CAROU
1663 429 1865 482 MAGNI
1910 430 2081 482 LIBRI
2120 432 2181 484 V.
2220 426 2287 469 5—
2323 431 2472 484 VITA
2512 430 2770 485 CAROLI.
2810 462 2875 470 ———
2910 432 3029 486 LIB.
3072 434 3131 483 γ.
3333 433 3437 488 728

290 541 366 595 0b
386 542 484 594 hoc
504 550 601 607 per
624 538 868 591 Carolum
894 538 1121 590 clemens
1149 537 1286 589 Deus
1308 546 1389 589 est
1413 546 1673 604 operatus,

356 630 411 681 ιιι
440 630 579 697 quod
605 630 730 681 tunc
753 627 904 680 aliter
929 642 1032 679 non
1054 626 1223 696 potuit
1244 625 1378 679 fieri.

292 719 427 772 Usus
455 719 591 770 enim
618 718 843 785 gemina,
871 714 1135 777 Saxonum
1161 729 1320 769 saxea
1348 714 1519 779 corda,

354 808 501 870 Arte,
528 806 794 860 suadebat
806 803 1027 857 subdere
1053 818 1107 857 se
1133 803 1374 866 Domino,

288 893 437 946 Nunc
464 902 665 945 terrens
693 892 847 953 bello,
875 904 1013 943 nunc
1040 880 1193 943 donis
1215 889 1511 951 alliciendo,

356 983 462 1035 Illic
485 982 867 1051 magnanimus,
892 980 979 1033 hic
997 994 1203 1048 quoque
1228 978 1523 1031 munificus.

285 1071 393 1124 Nec
418 1071 562 1139 prius
584 1070 879 1132 abstiterat,
909 1067 1135 1121 Saxonia
1162 1082 1320 1135 quam
1344 1066 1499 1120 simul
1521 1067 1692 1120 omnis

354 1158 495 1211 Idola
517 1156 777 1226 proiciens
800 1154 939 1208 facta
974 1153 1142 1209 fidelis
1162 1162 1298 1208 erat.

282 1248 426 1311 Quas
453 1249 612 1317 igitur
638 1254 815 1314 grates
838 1245 911 1300 illi
931 1244 1085 1299 modo
1102 1257 1381 1317 possumus
1409 1261 1611 1307 omnes,

357 1338 444 1391 Vel
470 1352 602 1406 quas
619 1337 841 1405 quisque
865 1350 958 1390 suo
977 1335 1179 1390 solvere
1194 1350 1292 1409 pro
1321 1335 1531 1389 modulo
1556 1335 1577 1386 ?

256 1421 262 1424 ’
283 1424 339 1479 Si
364 1441 465 1492 qua
491 1440 661 1478 meam
685 1423 1063 1490 scripturarum
1088 1421 1367 1477 scintillula
1396 1431 1624 1475 mentem

345 1512 514 1575 Artis,
536 1521 591 1565 et
624 1511 850 1565 illustrat
872 1511 916 1563 si
941 1524 1044 1578 qua
1073 1510 1366 1574 scientiola,

279 1600 463 1653 Nonne
483 1600 628 1655 dabit
652 1600 785 1655 iuste
807 1597 992 1654 Carolo
1012 1599 1292 1667 praeconia
1316 1598 1526 1652 laudum

268 1677 274 1685 ’
348 1689 450 1741 Per
476 1703 634 1757 quem
657 1686 891 1741 nancisci
914 1685 1016 1740 tale
1040 1687 1239 1740 bonum
1255 1686 1427 1749 merui
1450 1687 1471 1738 ?

276 1776 456 1831 Nostri
481 1792 585 1831 non
616 1776 783 1829 solum
813 1774 933 1829 ﬁdei
957 1774 1269 1828 documenta
1290 1781 1553 1843 parentes,

349 1866 454 1920 Sed
481 1867 689 1934 penitus
712 1876 928 1920 cunctos
954 1864 1255 1919 nescierant
1283 1864 1459 1932 apices
1483 1880 1497 1926 ;

276 1956 380 2009 Per
408 1955 653 2010 Carolum
680 1970 845 2022 nuper
871 1954 1021 2008 nobis
1038 1965 1119 2007 cst
1143 1954 1303 2006 huius
1320 1954 1585 2014 honestas,

344 2045 422 2099 Ac
442 2045 640 2114 pariter
662 2044 803 2098 vitae
831 2057 952 2112 spes
980 2042 1102 2097 data
1118 2050 1434 2112 perpetuae.
1452 2078 1464 2141 Ti.

273 2195 416 2265 Ergo
444 2194 537 2248 tibi
558 2194 789 2264 primum
811 2193 996 2263 dignas
1023 2207 1119 2247 nos
1149 2193 1324 2248 dicere
1343 2192 1527 2247 laudes

344 2270 422 2338 Da
450 2270 920 2350 Deus,’omnimodi
946 2282 1065 2336 fons
1089 2291 1145 2336 et
1170 2284 1320 2351 origo
1355 2283 1479 2336 boni
1512 2299 1526 2345 ;

273 2376 511 2429 Muneris
532 2374 653 2428 inde
685 2373 759 2426 tui
788 2385 1176 2441 quamcumque
1195 2379 1438 2426 retexere
1465 2378 1669 2438 partem

344 2462 453 2516 Nos
482 2462 534 2515 in
560 2475 642 2525 eo,
667 2460 837 2514 nostri
866 2462 971 2514 dux
1003 2459 1188 2523 animi,
1211 2442 1404 2522 tribue,
1550 2526 1555 2531 ι

273 2554 443 2619 Quem
467 2553 551 2621 pie
571 2551 779 2605 Christe
801 2558 889 2603 tuo
912 2544 1195 2603 multorum
1219 2561 1365 2601 more
1384 2546 1542 2601 saluti

343 2638 699 2709 Prospiciens,
727 2636 886 2689 talem
904 2634 1246 2703 praestiteras
1270 2633 1402 2687 fieri.

273 2730 409 2783 Nam
438 2738 647 2781 nostrae
671 2725 930 2778 miserans
955 2728 1174 2775 naturae
1202 2721 1574 2783 conditionem,

345 2816 620 2885 Serpentis
646 2821 924 2883 postquam
949 2810 1095 2865 fraus
1120 2809 1327 2863 vitiavit
1352 2824 1497 2872 eam,

274 2904 588 2958 Contuleras
615 2902 882 2955 hominum
904 2900 1081 2969 generi
1111 2898 1513 2952 solacia'crebra

344 2993 450 3045 Per
478 2991 646 3045 claros
671 2988 913 3043 homines
940 2995 1098 3054 atque
1127 2986 1219 3039 tibi
1246 2985 1484 3055 placitos,

276 3080 524 3136 Eiliciens
552 3077 733 3141 fortes,
762 3091 855 3145 per
884 3089 1015 3143 quos
1044 3073 1255 3143 fragiles
1275 3078 1581 3141 regerentur

350 3170 559 3231 Doctos,
583 3169 671 3237 qui
704 3167 931 3235 reliquos
955 3166 1276 3219 instruerent
1303 3162 1537 3217 stolidos.

277 3258 349 3314 Ut
373 3258 465 3309 lux
497 3256 706 3309 illorum
726 3254 970 3307 tenebras
996 3252 1282 3319 depelleret
1308 3253 1519 3311 horum,

270 3388 283 3398 .
346 3345 601 3398 Errantes
628 3355 899 3405 revocans,
930 3341 1319 3407 restituensque
1344 3338 1482 3399 viae,

274 3436 494 3490 Stantes
516 3442 575 3487 ut
610 3433 874 3502 erigerent
901 3429 1094 3500 lapsos,
1135 3428 1446 3497 miserisque
1472 3424 1677 3495 piordm

344 3524 530 3578 Virtus
554 3520 963 3592 exemplo‘esset
994 3526 1049 3571 et
1070 3515 1285 3569 auxilio.

274 3611 343 3667 Et
370 3610 504 3663 tales
530 3622 737 3676 semper
766 3594 988 3660 dederas
1015 3603 1080 3656 ab
1108 3603 1314 3671 origine
1340 3600 1549 3663 mundi,

347 3699 468 3768 Apti
498 3695 874 3765 salvandisqui
902 3692 1112 3748 fuerant
1133 3691 1269 3746 aliis.

272 3789 520 3859 Inprimis
539 3786 962 3856 patriarcharum
987 3796 1137 3838 sacer
1164 3781 1315 3842 ordo,
1341 3779 1527 3834 deinde

345 3876 585 3945 Legil‘er,
611 3883 666 3928 et
689 3880 866 3926 vatum
906 3872 1098 3924 missus
1119 3872 1184 3921 ad
1204 3870 1305 3922 hoc
1328 3868 1521 3920 chorus
1550 3874 1648 3920 est.

274 3968 386 4022 Nec
416 3982 519 4019 non
550 3966 602 4017 in
630 3962 792 4017 variis
822 3959 1076 4016 imitabile
1101 3957 1345 4028 gentibus
1369 3956 1492 4011 olim

347 4054 630 4126 Exemplar
649 4053 790 4115 iusti,
822 4060 875 4105 te
898 4062 1105 4118 quoque
1122 4056 1274 4111 teste,
1302 4047 1517 4117 dabant.

199 4206 235 4219 η,
276 4146 385 4201 Sed
414 4145 531 4216 quis
555 4159 649 4213 per
672 4136 859 4198 servos
886 4140 1053 4194 servis
1082 4148 1133 4191 te
1157 4137 1481 4192 consuluisse
1535 4162 1540 4167 -

346 4235 598 4297 Miretur;
629 4232 823 4286 donum
842 4230 912 4283 sit
932 4229 1054 4283 licet
1077 4227 1370 4282 eximium?

274 4326 411 4381 Cum
447 4338 542 4393 per
564 4331 613 4377 te
634 4319 816 4375 mundi
843 4306 1083 4373 dominus
1102 4317 1219 4386 plus
1242 4316 1431 4385 egeris,
1458 4315 1620 4369 immo

347 4411 438 4465 Sis
459 4407 892 4487 passus’minimis
912 4405 1141 4459 maxima
1167 4419 1263 4473 pro
1292 4403 1522 4456 famulis.

275 4502 383 4556 Pro
408 4500 597 4568 quibus
618 4496 825 4551 iniustis
848 4495 1034 4558 iustus,
1064 4508 1161 4563 pro
1191 4493 1429 4546 sontibus
1468 4492 1668 4553 insons,

345 4589 406 4641 In
438 4595 656 4641 mortem
683 4583 950 4655 pr0priam
978 4581 1268 4636 tradideras
1296 4580 1545 4633 animam.

278 4678 449 4731 Tanta
470 4675 769 4743 redemptor
796 4680 912 4725 erat
938 4678 1153 4725 nostrae
1190 4668 1284 4722 tibi
1308 4684 1435 4722 cura
1456 4667 1670 4721 salutis.

348 4767 560 4822 Perdita
588 4781 655 4822 ne
683 4764 835 4821 ﬁeret
856 4777 1074 4834 prorsus
1093 4762 1267 4830 imago
1289 4760 1385 4813 tui.

282 4856 433 4912 Unde
463 4856 555 4910 tibi
574 4854 753 4908 laudes
780 4852 1112 4920 mpdulentur
1138 4856 1330 4904 cuncta
1359 4857 1555 4910 creata,

348 4947 520 5015 Atque
542 4960 677 5015 genu
711 4942 923 4998 ﬂectant
952 4940 1170 5003 inferus,
1200 4952 1348 5002 arva,
1377 4938 1503 5009 poli.

278 5037 415 5090 Nam
461 5048 630 5104 neque
678 5033 802 5087 dum
827 5029 1105 5099 complevit
1156 5042 1306 5099 Opus,
1334 5034 1423 5080 tua
1467 5028 1655 5096 gratia,
1706 5037 1816 5079 tau-

1024 5122 1033 5139 “
1592 5114 1743 5186 [tum,

351 5211 609 5273 Cessavit,
648 5209 762 5265 sine
797 5222 898 5277 qua
928 5206 1131 5275 deperit
1156 5206 1327 5259 omnis
1353 5205 1510 5258 homo
1537 5221 1551 5268 ;

282 5301 389 5356 Sed
411 5310 529 5369 post
549 5300 678 5352 haec
701 5297 886 5351 eadem
910 5292 1173 5348 lucrandis
1198 5294 1441 5347 omnibus
1468 5301 1617 5347 extat

351 5389 487 5442 Cura
515 5402 609 5456 per
627 5385 820 5440 electos
843 5385 1085 5454 gentibus
1106 5382 1362 5436 exhibita.

284 5479 404 5532 Oris
424 5475 691 5545 apostolici
726 5481 921 5527 terram
944 5487 1101 5525 sonus
1123 5471 1217 5523 ivit
1247 5472 1297 5523 in
1324 5483 1557 5531 omnem,

360 5568 524 5620 Verba
560 5581 653 5633 per
680 5574 943 5617 extremas
974 5564 1245 5616 intonuere
1274 5561 1476 5630 plagas,

358 5718 380 5743 ⁸·
422 5703 497 5760 Ex
523 5702 771 5756 liiuliardi
804 5701 918 5753 Vita
946 5697 1138 5761 Caroli,
1172 5712 1283 5765 cap.
1308 5697 1358 5747 ἳ.

1844 538 1890 595 Α
1918 536 2011 589 Cui
2036 537 2199 599 dedit,
2227 538 2467 591 aetbcrca
2493 539 2620 591 caeli
2646 540 2900 592 demissus
2920 541 2985 593 ab
3008 556 3146 596 arce.

1984 624 2333 678 Flammantes
2356 623 2557 694 linguas
2584 625 2808 694 Spiritus
2831 628 3181 696 omnipotens.

1916 714 1957 767 Ο
1978 729 2132 783 quam
2166 714 2447 767 multomm
2469 724 2716 784 purgatas
2744 715 2898 768 sorde
2927 723 3104 769 reatus

1983 801 2182 853 Mentes
2207 800 2452 853 ardentes
2486 799 2611 854 fecit
2637 798 2817 855 amore
2846 801 2972 853 tuo!

1915 890 2125 944 Ordinis
2142 888 2373 955 ejusdem
2402 902 2496 942 nec
2524 902 2627 941 non
2656 888 2867 943 virtutis
2885 889 3083 942 honore

1982 979 2049 1031 Et
2069 978 2239 1033 studio
2264 966 2443 1048 plures
2470 987 2589 1047 post
2616 976 2823 1031 fuerant
2852 978 3075 1043 similes,

1915 1068 2012 1133 Qui
2040 1068 2194 1121 simul
2220 1067 2474 1136 exemplis
2502 1068 2711 1122 animas.
2729 1079 2789 1122 et
2810 1068 3051 1139 dogmate
3076 1083 3227 1125 sacro

1985 1155 2175 1210 Multas
2210 1155 2428 1210 caelesti
2458 1156 2795 1210 reddiderant
2828 1156 3046 1227 patriae.

1916 1244 2050 1309 Quid
2070 1256 2379 1305 memorem,
2431 1242 2611 1309 quanti
2636 1258 2731 1311 pro
2772 1252 2823 1297 te
2863 1252 3123 1299 tormenta
3155 1260 3440 1311 necemque

1981 1331 2149 1395 Passi,
2174 1330 2365 1384 lucrati
2390 1331 2514 1385 hinc
2546 1331 2678 1383 alios
2704 1329 2935 1385 fuerint?

1916 1420 2020 1473 llos
2057 1419 2264 1473 animus
2289 1426 2555 1481 constans,
2611 1418 2727 1473 illos
2783 1419 3038 1475 miracula
3064 1423 3173 1476 visa

1981 1508 2210 1563 Credere
2234 1509 2364 1575 haec
2385 1506 2529 1561 danti
2555 1522 2924 1564 commonuere
2949 1509 3061 1563 tibi.

1920 1598 2058 1652 )lllle
2085 1597 2255 1652 modis
2282 1606 2369 1650 tua
2396 1612 2603 1667 magna,
2628 1596 2786 1661 Deus,
2814 1598 3089 1653 clementia
3115 1610 3296 1671 gentes

1983 1685 2165 1740 Salvat
2186 1699 2285 1755 per
2311 1693 2521 1739 sanctos
2546 1687 2887 1755 egregiosque
2907 1687 3065 1741 viros.

1916 1776 2022 1831 Nec
2040 1792 2192 1847 reges
2221 1776 2351 1831 facis
2383 1786 2626 1846 expertes
2649 1776 2760 1830 fore
2786 1778 3021 1833 muneris
3044 1778 3220 1841 huius,

1850 1853 1891 1911 Β
1989 1868 2126 1923 Dum
2162 1882 2257 1935 per
2293 1882 2384 1922 eos
2412 1866 2617 1920 animas
2640 1868 2863 1938 corrigis
2899 1876 3056 1936 atque
3082 1868 3273 1931 doces;

1916 1946 2261 2025 Temporibus
2288 1954 2506 2009 Carolus
2532 1969 2646 2021 rex,
2672 1964 2722 2010 te
2745 1956 3285 2021 donante,-modernis

1982 2042 2149 2109 Quam
2175 2041 2354 2097 multis
2374 2056 2611 2097 summae
2636 2056 2794 2097 causa
2814 2043 2999 2098 salutis
3025 2044 3185 2098 erat?

1915 2131 2173 2187 Credendi
2199 2130 2420 2201 pulchre
2442 2132 2779 2185 moderandis
2806 2132 3043 2186 moribus
3065 2139 3239 2202 aptus,

1981 2223 2046 2276 Et
2073 2230 2279 2277 mutare
2304 2221 2389 2290 pie
2418 2220 2620 2292 perﬁda
2645 2220 2800 2277 corda
2822 2229 3028 2292 potens.

1981 2382 2007 2410 ι
2033 2369 2192 2424 Cuius
2216 2383 2356 2424 nunc
2387 2370 2592 2440 insigne
2615 2384 2781 2439 genus
2802 2371 2847 2425 si
2874 2372 3105 2440 pandere
3127 2387 3306 2437 coner,

2047 2458 2343 2529 Compellor
2364 2473 2547 2530 regum
2577 2460 2812 2513 scribere
2838 2460 3152 2531 catalogum.

1915 2548 2019 2602 Sed
2048 2562 2153 2602 non
2172 2556 2255 2601 est
2273 2560 2441 2616 opus:
2481 2546 2748 2601 excelsum
2776 2547 2898 2615 quia
2924 2562 3025 2601 non
3048 2564 3212 2617 genus
3232 2549 3323 2613 illi,

1983 2637 2087 2692 Sed
2116 2652 2325 2691 summo
2343 2635 2519 2706 generi
2546 2636 2747 2690 addidit
2774 2636 2885 2707 ipse
2912 2635 3091 2691 decus.

1916 2727 1988 2779 De
2017 2725 2177 2779 claris
2202 2726 2411 2795 genitus
2436 2724 2583 2778 fulsit
2606 2722 2959 2793 praeclarior,
2976 2735 3151 2794 atque.

1979 2813 2223 2867 Patribus
2251 2813 2461 2866 invictis
2490 2812 2676 2866 fortior
2693 2813 2902 2866 enituit.

1914 2903 2006 2955 Est
2032 2915 2238 2970 quoque
2264 2900 2369 2955 iam
2389 2908 2590 2964 notum,
2614 2899 2848 2969 vulgaria
2878 2903 3113 2957 carmina
3140 2906 3343 2974 magnis

1978 2991 2248 3045 Laudibus
2274 2990 2389 3051 eius
2410 3004 2535 3044 avos
2555 2998 2608 3045 et
2630 3004 2857 3059 proavos
2880 2980 3148 3046 celebrant

1911 3080 2187 3149 Pippinos,
2215 3077 2454 3142 Carolos,
2490 3077 2822 3133 Illudowicos
2842 3085 2895 3131 et
2919 3077 3254 3145 Theodricos,

1840 3161 1885 3221 C
1962 3164 2047 3222 "Et
2077 3166 2457 3223 Carlomannos
2493 3165 2896 3234 Hlothariosque
2922 3176 3134 3221 canunt.

1914 3258 1982 3311 At
2007 3257 2207 3311 Tamen
2234 3256 2321 3311 hic
2344 3263 2540 3324 quanto
2564 3254 2682 3323 plus
2706 3251 2891 3308 fecerit
2916 3255 3161 3315 omnibus
3189 3256 3339 3321 illis...

1984 3349 2131 3403 Dicet
2150 3347 2440 3418 praesentis
2467 3361 2640 3401 sermo
2663 3356 2885 3415 sequens
2900 3347 3103 3415 raperis.

1920 3437 2095 3499 Unum
2114 3449 2539 3497 commemorem,
2568 3441 2715 3489 tanto
2740 3435 2805 3487 de
2831 3434 3067 3502 germine
3090 3447 3267 3502 parem

1934 3523 1948 3547 ‘
1982 3524 2146 3589 Quem
2181 3522 2419 3578 sanctum
2446 3520 2641 3577 Christi
2668 3521 2936 3590 praedicat
2962 3521 3235 3583 aecclesia,

1914 3612 2128 3669 Scilicet
2158 3610 2451 3673 Arnull'um,
2485 3609 2806 3663 Francomm
2833 3609 2923 3677 qui
2950 3606 3050 3662 fuit
3074 3608 3218 3668 olim,

1981 3700 2251 3767 Princeps,
2279 3713 2341 3753 ac
2367 3697 2545 3767 presul
2580 3698 2702 3765 post
2731 3696 2861 3750 satis
2892 3697 3153 3765 egregius.

1914 3789 2111 3845 Ductus
2138 3802 2317 3841 amore
2350 3786 2445 3841 Dei
2485 3786 2575 3860 qui
2600 3791 2865 3853 spreverat
2891 3783 3066 3838 omnia
3086 3783 3284 3845 mundi,

1983 3875 2128 3941 Quae
2162 3874 2394 3928 mulcent
2420 3872 2619 3936 oculos,
2644 3885 2849 3939 queque
2874 3871 3092 3927 trahunt
3120 3870 3343 3929 animos.

1917 3964 2113 4019 Malens
2143 3964 2345 4018 divinas
2367 3962 2547 4016 mundi
2576 3975 2736 4031 quam
2763 3962 2972 4014 tradere
2996 3960 3157 4029 leges,

1984 4056 2115 4109 Esse
2140 4054 2234 4108 Dei
2263 4039 2493 4108 famulus
2529 4066 2684 4121 quam
2710 4049 2888 4119 populi
2917 4049 3178 4105 dominus.

1916 4143 2067 4197 Nunc
2088 4150 2208 4196 ovat
2238 4142 2291 4194 in
2312 4140 2493 4203 caelis,
2517 4139 2777 4207 praebens
2802 4137 3057 4195 miracula
3082 4138 3276 4201 terris,_

1986 4230 2236 4284 Sublimis
2263 4228 2437 4283 meriti
2476 4228 2625 4298 signa
2657 4228 2844 4281 decora
2884 4227 2995 4291 sui,

1916 4321 2144 4390 Indeque
2170 4328 2472 4374 nostrorum
2503 4325 2669 4371 totam
2689 4317 2880 4370 seriem
2907 4316 3262 4380 dominorum,

1989 4409 2218 4479 Stirpem
2240 4420 2426 4476 nempe
2455 4419 2624 4469 suam,
2653 4404 2880 4473 protegit
2902 4412 3060 4472 atque
3089 4403 3251 4458 fovet.

1846 4490 1895 4550 ο
1917 4498 2051 4552 Prae
2076 4497 2279 4552 cunctis
2316 4496 2474 4564 igitur
2519 4495 2612 4549 tibi
2645 4508 2770 4548 cura
2803 4493 3077 4561 nepotibus
3112 4508 3245 4557 una,

1984 4577 2327 4659 Quaesumus,
2350 4585 2601 4640 Amulius
2628 4585 2697 4640 sit
2720 4592 2838 4639 tuus
2861 4584 3177 4645 omonimus.

1918 4682 2021 4735 Fac
2044 4688 2103 4734 ut
2137 4678 2376 4748 regnanti
2403 4678 2646 4732 Christus
2678 4674 2747 4729 sit
2785 4672 3001 4743 previns
3036 4680 3235 4735 auctor,

1986 4771 2099 4839 Quo
2123 4769 2279 4823 nimis
2308 4767 2468 4835 ipsius
2496 4765 2693 4834 indiget
2718 4763 3003 4827 aecclesia;

1917 4860 2015 4924 Qui
2043 4858 2196 4912 modo
2232 4854 2485 4909 iustiﬂcus
2522 4869 2613 4909 rex
2655 4860 2752 4914 est,
2793 4850 3037 4905 defensor
3062 4858 3115 4905 et
3143 4864 3283 4905 unus

1986 4948 2125 5000 Inter
2150 4953 2227 4998 tot
2247 4942 2441 5005 clades,
2465 4956 2615 4996 nunc.
2630 4940 2820 5008 quibus
2843 4939 3106 4992 atteritur.

1918 5037 1995 5090 Ex
2038 5036 2126 5089 illo
2156 5033 2307 5088 nobis
2331 5032 2491 5100 igitur
2524 5037 2635 5082 tam
2657 5026 2893 5096 principe
2928 5034 3113 5079 sancto

1987 5122 2248 5177 Hactenus
2275 5127 2355 5173 est
2382 5118 2654 5173 dominans
2684 5116 2863 5169 inclita
2886 5115 3167 5185 progenies
3188 5154 3201 5173 .

1920 5214 1974 5266 In
2003 5226 2159 5280 quam
2188 5208 2455 5264 descendit
2488 5206 2651 5261 sancti
2682 5204 2978 5261 benedictio
3009 5203 3162 5256 Iacob
3184 5241 3198 5264 ,

1988 5300 2154 5365 Quam
2191 5298 2345 5351 Iudae
2368 5295 2602 5364 pandens
2628 5295 2739 5361 ipse
2769 5292 2942 5355 futura
2969 5291 3130 5356 dedit,

1926 5389 1991 5445 Ut
2030 5406 2131 5441 non
2156 5388 2403 5441 deficeret
2436 5385 2499 5438 de
2536 5384 2766 5453 germine
2799 5380 3088 5451 sceptrigcr
3110 5382 3257 5444 eius,

1993 5478 2094 5532 Sed
2119 5478 2253 5531 foret
2283 5476 2402 5529 inde
2427 5489 2642 5528 manens
2674 5473 2826 5541 longa
2851 5470 3039 5531 ducum
3063 5470 3255 5527 series,

1925 5569 2010 5623 Sic
2039 5569 2200 5622 electa
2233 5567 2338 5619 Deo
2376 5566 2563 5619 mansit
2592 5565 2693 5617 iam
2729 5573 2961 5633 tempore
2997 5562 3161 5629 longe.
