3886 6228
507 369 605 420 7'27
1795 370 2046 428 ‘I‘OET.~E
2089 371 2372 426 SAXONN
3059 391 3066 400 ·
3573 368 3674 422 7'18

575 481 714 531 llaec
738 479 896 544 stirps
933 476 984 530 in
1021 493 1198 546 regno,
1238 488 1395 545 atque
1424 479 1511 531 diu
1537 488 1760 536 maneat.

508 567 580 622 Dc
602 583 705 635 qua
729 581 830 621 non
867 567 1143 636 quisquam
1176 568 1363 620 fortem
1402 569 1696 636 pietateque
1721 569 1930 636 plenum

526 649 791 733 ’,Μίκων
815 669 989 722 regem
1023 655 1355 722 progenitum
1383 654 1646 733 Carolum.

504 731 664 796 cuius
687 749 746 795 ut
767 743 998 796 exterior
1035 752 1202 796 VII'llIS
1239 744 1500 810 roburque
1530 731 1806 810 parentes,

572 833 661 885 Sic
685 831 814 885 satis
837 832 1060 884 ornabat
1092 831 1357 899 religionis
1381 845 1547 894 amor,

502 921 566 974 Et
601 934 704 988 quo
739 919 906 972 maior
933 920 1012 972 eis
1047 920 1289 987 provenit
1316 918 1480 986 gloria
1510 918 1708 981 mundi,

568 1009 714 1063 Mens
735 1008 948 1061 humilis
987 1016 1134 1061 tanto
1162 1008 1280 1075 plus
1309 1007 1405 1060 fuit
1429 1015 1550 1061 ante
1577 1009 1762 1060 Deum.

499 1095 601 1151 Sed
644 1096 767 1149 huic
792 1104 1011 1148 naturae
1054 1095 1302 1162 quicquid
1327 1097 1460 1149 bene
1497 1080 1757 1163 praestitit
1792 1103 1938 1149 ortus
1965 1108 2024 1156 ··,

566 1183 677 1237 IIoc
703 1181 954 1236 exercitio
983 1191 1201 1235 auxerat
1239 1183 1466 1246 assiduo,

495 1273 731 1326 Intentus
763 1286 969 1339 semper
1007 1273 1162 1324 rebus
1191 1281 1494 1325 constanter
1525 1271 1766 1341 agendis,
1803 1293 1806 1296 ι

564 1362 628 1414 Et
656 1361 990 1429 disponendis
1019 1360 1239 1413 consilio
1280 1361 1476 1414 stabili.

498 1449 645 1504 Unde
671 1464 768 1502 nec
809 1449 860 1520 in
895 1447 1046 1501 bellis
1069 1447 1346 1514 quisquam
1375 1448 1579 1501 felicior
1608 1449 1695 1500 illo
1713 1488 1726 1509 ,

564 1536 819 1604 Tempore
852 1549 951 1588 nec
975 1535 1118 1602 pacis
1151 1535 1269 1600 plus
1306 1536 1607 1587 moderatus
1637 1519 1783 1596 erat;

473 1624 556 1676 .I'Zt
583 1625 720 1690 quod
753 1623 984 1689 suscepit
1017 1619 1208 1674 florens
1233 1631 1286 1674 et
1321 1622 1492 1676 nobile
1528 1638 1763 1692 regnum,

561 1711 878 1764 Reddiderat
905 1709 1062 1776 duplo
1109 1707 1263 1761 latius
1301 1718 1352 1762 et
1386 1710 1591 1762 melius.

491 1801 683 1866 Sicque
714 1812 854 1860 suos,
887 1781 1009 1850 licet
1048 1796 1290 1859 invictos,
1319 1797 1507 1850 vicisse
1535 1805 1786 1882 parentes

559 1885 820 1950 Nascitur,
848 1888 947 1940 hac
968 1885 1130 1939 multo
1160 1899 1216 1938 rc
1242 1887 1408 1954 magis
1447 1889 1706 1957 egregius.

486 1978 617 2032 1\am
649 1977 828 2046 plures
863 1990 1000 2029 unus
1028 1983 1198 2028 terras
1228 1974 1547 2043 p0pulosque
1588 1975 1813 2043 subegit,

557 2066 723 2132 Quam
759 2072 899 2118 totus
929 2076 1111 2132 regum
1142 2064 1326 2118 vicerit
1361 2065 1489 2117 ordo
1520 2064 1686 2130 prior.

485 2155 792 2221 llegnabant
821 2154 958 2206 inter
985 2153 1227 2205 Rhenum
1256 2151 1597 2218 Ligercmque
1627 2150 1855 2218 priores.

551 2245 631 2296 Ad
661 2245 872 2308 boream
900 2240 1072 2294 fuerat
1097 2242 1355 2293 terminus
1377 2255 1625 2303 oceanus,

482 2330 884 2398 Australetnque
913 2331 1108 2385 dabant
1133 2329 1396 2382 Balearica
1435 2329 1592 2381 litora
1626 2329 1811 2391 finem,

551 2422 707 2488 Alpes
739 2428 792 2475 et
819 2429 985 2475 tectae
1010 2420 1276 2489 perpetuis
1312 2419 1534 2483 nivibus,

483 2511 548 2560 tit
569 2511 812 2564 .Francos
848 2509 1154 2571 orientales,
1185 2525 1280 2560 nec
1311 2505 1411 2559 non
1446 2495 1781 2568 Alamannos,
1835 2549 1841 2552 .

550 2600 626 2651 Ac
652 2599 917 2652 Baioarios
957 2599 1059 2650 iam
1097 2606 1313 2648 tenuere
1349 2597 1525 2663 prius;

478 2683 740 2739 Fresones
764 2686 939 2746 etiam,
971 2685 1124 2737 simul
1159 2693 1212 2737 ct
1246 2699 1429 2737 rexere
1455 2685 1746 2754 Thoringos
1773 2703 1784 2736 :

549 2775 615 2827 Et
641 2789 860 2842 regnum
889 2773 1062 2827 Caroli
1099 2775 1199 2827 hoc
1226 2775 1457 2827 habuere
1498 2783 1697 2842 patres.

475 2859 696 2929 Pippino
721 2869 870 2930 patre
895 2860 1163 2925 defuncto,
1187 2876 1306 2914 cum
1336 2860 1500 2914 fratre
1535 2862 1748 2928 regebat
1773 2862 1798 2899 υ

433 2940 445 2950 ’
543 2949 600 3003 Id
620 2949 1025 3011 Carolomanno,
1056 2959 1198 3002 sorte
1240 2948 1446 3003 fruente
1484 2965 1599 3003 sua.

474 3040 645 3105 Atque
671 3037 964 3090 simultates
990 3036 1135 3089 illum
1164 3037 1407 3105 rixasquc
1441 3047 1738 3090 moventem

545 3129 641 3182 llic
667 3143 876 3196 semper
898 3128 1122 3181 multum
1157 3129 1450 3196 pertulerat
1489 3130 1733 3196 pariens,

475 3219 545 3273 Ut
573 3219 765 3272 mirum
793 3218 974 3271 multis
1011 3217 1189 3280 fuerit,
1210 3217 1350 3284 quod
1376 3219 1566 3270 viderit
1593 3218 1669 3269 ira

541 3306 871 3358 Commotum
896 3305 1071 3359 causis
1094 3318 1249 3358 nemo
1271 3305 1395 3358 licet
1417 3306 1684 3373 gravibus.

470 3397 637 3450 Annis
666 3395 742 3449 sic
764 3395 986 3464 geminis
1011 3395 1306 3449 decesserat
1335 3396 1420 3449 ille
1448 3395 1697 3464 peractis,

545 3486 610 3538 Et
644 3499 862 3554 regnum
892 3485 988 3539 soli
1017 3486 1131 3538 iure
1165 3485 1319 3539 datur
1358 3485 1565 3538 Carolo.

472 3577 620 3642 Quod
661 3577 829 3644 primo
856 3577 1010 3629 victis
1030 3575 1307 3642 Aquitanis
1332 3576 1574 3643 gentibus
1605 3577 1750 3628 auxit
1773 3586 1791 3614 ε
1817 3615 1829 3638 ,

511 3663 518 3672 ’
543 3664 964 3730 Wasconumque
995 3663 1149 3716 simul
1175 3664 1438 3717 subiciens
1472 3664 1738 3732 populum.

474 3759 539 3811 Iit
563 3759 682 3824 iuga
711 3762 896 3808 cuncta
925 3751 1146 3821 Pyrenei
1177 3754 1460 3822 superavit,
1490 3753 1742 3807 Iliberum

545 3846 717 3898 Donec
757 3843 822 3896 ad
850 3841 1062 3895 fluvium
1099 3841 1336 3896 tenderet
1361 3843 1659 3911 imperium.

471 3935 779 3999 Italicasque
801 3931 989 3986 dehinc
1031 3932 1270 4000 regiones
1296 3933 1525 3985 subdidit
1559 3946 1762 3994 omnes,

547 4023 730 4076 Dicere
755 4035 886 4088 quas
925 4029 1072 4074 certo
1099 4022 1217 4088 quis
1236 4021 1406 4073 valeat
1429 4021 1684 4075 numero?

473 4113 528 4166 In
561 4113 772 4180 longum
798 4110 974 4163 decies
1007 4111 1243 4163 centenis
1276 4109 1485 4163 milibus
1526 4119 1683 4178 atque

542 4201 798 4269 Amplius,
828 4207 886 4252 ut
912 4198 1098 4262 fertur,
1128 4199 1358 4252 tenditur
1387 4198 1554 4252 Italia.

474 4297 626 4359 Tum,
655 4295 844 4363 quibus
865 4301 947 4346 est
973 4307 1037 4346 ex
1067 4307 1169 4345 non
1199 4293 1400 4346 modica
1428 4291 1708 4345 Germania
1733 4299 1881 4360 parte

546 4384 787 4445 Subdita,
819 4382 1054 4436 Saxones
1083 4382 1284 4456 alddidit
1322 4382 1559 4449 imperio.

474 4474 548 4527 Ex
577 4472 746 4526 hacin
777 4470 939 4523 latum
961 4470 1116 4537 duplo
1143 4469 1261 4538 plus
1281 4469 1504 4537 denique
1529 4466 1768 4529 Francis,

542 4561 596 4612 In
627 4560 837 4626 longum
863 4566 1068 4613 partem
1105 4572 1236 4628 pene
1258 4571 1446 4625 parem
1477 4557 1722 4608 renitent.

472 4649 770 4704 I'annonias
792 4646 952 4699 etiam
1013 4645 1160 4698 ‘ictor
1186 4645 1408 4699 subiecit
1435 4647 1689 4712 utrasque

543 4741 636 4793 Ilis
663 4754 782 4791 cum
809 4737 998 4790 vicinis
1022 4737 1240 4789 urbibus
1266 4735 1575 4788 innumeris.

472 4833 611 4886 Arva
635 4827 1010 4887 Liburnorum,
1035 4825 1114 4878 vel
1145 4839 1246 4891 que
1268 4824 1563 4877 vocitantur
1583 4824 1648 4875 ab
1676 4821 1874 4880 Ilistro,

544 4919 650 4971 Nec
689 4932 793 4977 non
821 4914 1132 4968 Dalmatiam
1159 4912 1388 4981 subdidit
1420 4920 1474 4965 et
1506 4912 1740 4965 Daciam.

477 5009 784 5062 Sclavorum
811 5003 1027 5072 populos
1055 5015 1271 5056 censum
1313 5000 1410 5053 sibi
1441 5000 1644 5054 solvere
1674 4999 1797 5053 fecit

543 5098 749 5159 Plures,
785 5109 942 5162 quam
965 5093 1242 5159 quisquam
1263 5072 1598 5145 dinumerare
1631 5100 1806 5159 queat.

475 5186 713 5240 ϐρέξαι-11.
749 5186 848 5237 ista
877 5183 1066 5250 quibus
1091 5181 1257 5242 bellis,
1304 5183 1558 5249 signando
1580 5184 1788 5250 priores

544 5276 802 5340 Quattuor
827 5272 1038 5324 annales
1067 5271 1170 5323 iam
1201 5272 1428 5324 retulere
1453 5271 1592 5325 libri.
1665 5263 1689 5274 ’

477 5365 625 5418 l\'unc
653 5363 901 5422 studimu,
931 5377 1124 5426 mores,
1152 5378 1381 5430 ususque
1405 5363 1742 5426 domesticus,
1773 5366 1893 5418 eius

547 5523 569 5549 ει
599 5509 677 5560 (1f.
712 5509 958 5578 I'Zinhardi
986 5510 1155 5562 Vitam
1182 5511 1373 5572 Caroli,
1401 5527 1514 5578 mp.
1559 5511 1638 5562 lii.
1722 5500 1724 5502 ⁷

549 5579 574 5616 ὶ·
718 5577 866 5646 ibid.,
897 5593 1011 5646 Cap.
1053 5579 1132 5630 IS.
1405 5579 1408 5582 ’

552 5657 572 5682 c
605 5645 672 5688 ω’
711 5645 816 5694 ibid
889 5662 943 5696 c-
982 5647 1060 5690 l3.

2029 4410 2095 4468 .o

2055 483 2103 539 Δ
2196 480 2445 550 Corporis
2477 490 2530 533 et
2573 482 2801 544 habitus,
2827 497 2926 549 que
2956 472 3150 537 fuerint
3173 483 3420 538 referam.

2130 569 2240 632 Que
2277 561 2588 635 quicumque
2613 569 2744 622 sciet
2775 571 2879 624 iam
2905 586 3007 624 non
3039 573 3334 636 mirabitur,
3363 573 3436 624 illi

2195 656 2302 710 Cur
2329 672 2404 710 Sic
2441 659 2751 726 contigerint
2777 661 2952 712 omnia
2994 659 3129 714 laeta
3158 660 3305 714 foris.

2128 745 2256 797 Nam
2293 747 2430 813 quod
2463 746 2598 799 scire
2635 746 2784 800 decet
2819 747 3044 802 hominis
3090 733 3497 816 meminisseque
3529 765 3665 803 cono

3416 836 3588 906 [ειοθν

2196 919 2288 972 llic
2323 935 2525 987 quoque
2553 913 2806 973 lectorem
2839 934 3200 974 commoneam
3232 922 3482 976 breviter.

2124 1009 2313 1062 Audiat
2336 1010 2434 1063 hoc
2465 1011 2635 1068 omnis
2665 1017 2856 1073 rector,
2883 1009 2963 1063 vel
2989 1010 3222 1077 praemia
3249 1012 3412 1079 gestis

2191 1097 2294 1150 Pro
2321 1098 2665 1152 laudabilibus
2693 1099 2930 1166 quisquis
2960 1099 3153 1151 habere
3186 1099 3330 1166 cupit
3362 1116 3375 1149 :

2123 1185 2345 1239 Interius
2369 1187 2514 1239 radix
2548 1202 2766 1255 operum
2811 1186 2937 1238 latet
2968 1185 3312 1249 exteriorum,

2193 1273 2336 1326 Mens
2370 1287 2648 1340 moresque
2672 1274 2773 1325 viri
2802 1272 2939 1327 facta
2981 1273 3152 1341 palam
3178 1283 3448 1341 generant.

2122 1360 2219 1424 Qui
2245 1359 2378 1414 solet
2419 1376 2534 1414 esse
2559 1362 2698 1414 domi
2737 1369 2985 1414 constans
3017 1361 3347 1429 prudensque
3384 1364 3660 1426 decenter,

2189 1451 2400 1505 Pcrlieit
2432 1453 2476 1504 is
2509 1453 2693 1504 crebro
2722 1451 2859 1504 facta
2893 1453 3083 1506 decora
3110 1452 3256 1505 foris.
3636 1448 3644 1459 ’

2120 1539 2259 1592 Intra
2284 1557 2340 1594 se
2370 1541 2506 1592 vitiis
2537 1541 2826 1602 dominans,
2861 1541 3165 1608 rationeque
3201 1540 3399 1608 pollens

2188 1629 2461 1681 Exteriora
2488 1628 2584 1680 sibi
2621 1629 2761 1680 nulla
2805 1643 2993 1682 nocere
3027 1631 3169 1691 sinit,

2121 1717 2348 1770 Fortiter
2365 1716 2417 1768 in
2439 1717 2642 1770 cunctis
2667 1715 2876 1768 facienti
2905 1730 2997 1769 seu
3019 1717 3242 1785 pacienti
3283 1728 3285 1730 '

2049 1777 2092 1834 Β
2186 1805 2288 1858 Pro
2316 1794 2517 1858 meritis
2552 1805 2710 1857 animi
2745 1805 2911 1872 gloria
2951 1807 3254 1872 proveniet:

2117 1892 2185 1942 At
2211 1891 2292 1943 cui
2324 1905 2470 1944 mens
2497 1898 2685 1958 torpet,
2717 1906 2889 1945 mores
2917 1906 3086 1959 neque
3106 1894 3320 1960 corrigit
3344 1894 3393 1945 in
3433 1908 3515 1954 se,

2186 1977 2333 2030 Illum
2364 1979 2476 2030 iure
2508 1987 2680 2030 manet
2716 1980 2943 2032 dedecus
2967 1982 3198 2034 exterius

2119 2065 2205 2117 Sic
2227 2079 2440 2132 regnum
2468 2075 2631 2118 terret
2661 2074 2874 2118 cunctos
2895 2069 3220 2121 extrinsecus
3247 2070 3444 2130 hostes,

2185 2157 2241 2209 In
2278 2171 2334 2209 se
2370 2156 2506 2224 quod
2533 2139 2713 2224 pacein
2738 2157 3103 2224 iusticiamque
3131 2166 3296 2219 tenet;

2118 2244 2183 2294 At
2212 2251 2395 2296 contra
2415 2242 2457 2295 si
2496 2243 2633 2309 quod
2658 2243 2829 2295 scelus
2854 2252 2906 2295 et
2931 2245 3192 2297 discordia
3217 2244 3407 2307 foedat,

2186 2331 2443 2399 Raptorcs
2481 2331 2660 2384 avidos
2687 2331 2834 2384 clade
2865 2347 2957 2385 sua
2987 2331 3161 2386 faciat.

2117 2420 2254 2487 l-ngo
2281 2408 2698 2471 domi'Carolum
2730 2419 2948 2472 rationis
2991 2421 3106 2472 iura
3135 2433 3371 2476 secutum

2187 2505 2278 2558 Est
2317 2506 2567 2558 comitata
2597 2505 2724 2559 foris
2749 2506 2914 2575 gloria
2947 2524 3133 2578 magna
3170 2512 3314 2564 satis.

2115 2601 2436 2652 Assuescens
2475 2599 2646 2666 potuit
2681 2599 2964 2671 virtutibus
2995 2582 3304 2669 exuperare,

2184 2686 2448 2752 Ferreque
2475 2685 2692 2737 consilio
2719 2693 2908 2737 cuncta
2936 2689 3131 2754 pericla
3155 2703 3267 2740 sua.

2115 2775 2180 2827 l-It
2205 2775 2326 2841 quia
2354 2773 2560 2826 iusticia
2582 2781 2825 2840 pacatum
2851 2775 3075 2833 reddidit
3096 2775 3253 2838 intus,

2183 2863 2426 2916 Externis
2461 2878 2679 2931 regnum
2715 2863 2952 2917 cladibus
2991 2864 3202 2932 eripuit.

2114 2951 2328 3003 Artibus
2354 2951 2466 3017 ipse
2489 2951 2699 3018 quidem
2726 2951 2929 3004 cunctis
2960 2953 3243 3005 instructus
3271 2954 3519 3008 honestis
3545 2955 3609 3026 ⁸,

2071 3091 2082 3105 ν
2186 3037 2381 3088 Ilarum
2422 3037 2664 3089 doctores
2693 3037 2967 3106 magnifice
3004 3039 3182 3092 colait.

2041 3093 2083 3147 (λ
2118 3126 2159 3176 .-\
2190 3140 2314 3177 sene
2345 3124 2498 3177 levita
2525 3125 2752 3192 quodam
2794 3128 3101 3194 cognomine
3129 3127 3284 3181 Petro

2186 3213 2402 3266 Curavit
2437 3215 2607 3280 primo
2632 3214 2836 3268 discere
2869 3217 3284 3282 grammaticam.

2118 3303 2262 3354 Artis
2302 3303 2623 3375 rethoricae,
2659 3318 2750 3355 seu
2789 3305 2873 3356 cui
2907 3303 3177 3375 dialectica
3208 3320 3419 3368 nomen,

2189 3374 2424 3465 Sumpsit
2445 3390 2511 3442 ab
2533 3391 2743 3458 Alquini
2773 3374 3013 3461 dogmate
3039 3393 3300 3446 noticiam.

2120 3482 2214 3532 llic
2241 3481 2398 3534 etiam
2428 3481 2583 3534 levita
2608 3482 2772 3550 gradu
2798 3481 3120 3550 multumque
3153 3483 3373 3552 peritus,

2185 3569 2261 3620 Ex
2288 3569 2464 3636 Anglis
2492 3570 2705 3622 veniens
2737 3567 2876 3622 Sam
2903 3570 3000 3623 fuit
3026 3586 3233 3640 genere.

2117 3657 2158 3707 Λ
2181 3672 2285 3722 quo
2321 3657 2566 3723 prccipue
2601 3656 2799 3709 studuit
2826 3657 2988 3710 totam
3025 3660 3281 3714 rationem

2185 3744 2250 3796 Et
2277 3743 2443 3811 legent
2471 3759 2656 3796 cursus
2683 3728 2901 3804 noscere
2925 3746 3114 3800 siderei
3154 3761 3196 3800 ο.

2118 3834 2172 3885 In
2195 3833 2367 3886 causis
2387 3831 2540 3886 iudex
2570 3835 2907 3899 iustissimus,
2938 3838 3104 3889 audiit
3127 3837 3265 3905 ipsas

2187 3921 2393 3990 Sepias,
2430 3930 2482 3975 ct
2528 3921 2684 3974 ﬁnem
2711 3916 2887 3976 litibus
2916 3924 3180 3993 imposuit.

2118 4013 2172 4064 In
2207 4026 2448 4064 sermone
2484 4011 2611 4064 satis
2636 4011 2824 4074 dulcis,
2852 4010 3129 4076 facundus,
3163 4009 3480 4078 abundans,’

2187 4099 2294 4152 Nec
2331 4099 2500 4168 patrio
2526 4106 2726 4151 tantum
2763 4100 2951 4152 claruit
2978 4102 3200 4169 eloquio,

2121 4186 2224 4242 Sed
2253 4189 2438 4242 solitus
2459 4189 2634 4258 lingua
2661 4203 2784 4258 sepe
2821 4198 2904 4243 est
2935 4205 2986 4243 οι
2999 4205 3088 4244 are
3116 4191 3301 4258 latina,

2187 4279 2294 4332 Nec
2322 4293 2511 4347 graece
2542 4293 2758 4346 prorsus
2783 4278 2992 4332 nescius
3015 4279 3288 4343 extiterat;

2120 4368 2378 4431 Intellexit
2403 4382 2521 4420 eam
2547 4367 2753 4430 melius,
2778 4382 2934 4434 quam
2959 4368 3306 4437 proprietates

2187 4457 2328 4512 Illius
2353 4464 2530 4524 posset
2553 4468 2678 4510 voce
2707 4470 2895 4508 sonare
2931 4471 3044 4509 sua.

2120 4545 2339 4613 Legerat
2361 4545 2599 4626 aisiduae
2621 4543 2920 4612 Scripturae
2947 4545 3086 4598 dicta
3114 4555 3332 4609 sacrate,

2188 4636 2432 4704 Quosque
2457 4637 2619 4691 libros
2646 4638 2811 4691 sancti
2845 4652 3184 4704 composuere
3213 4639 3431 4705 Patres;

2119 4725 2260 4789 Quos
2281 4725 2601 4792 Augustinus
2636 4727 2766 4779 caeli
2791 4727 2854 4779 de
2889 4727 3090 4779 civibus
3123 4725 3273 4780 almis

2189 4815 2427 4885 Scripsit,
2461 4827 2699 4871 amanter
2732 4833 2823 4871 eos
2858 4819 3095 4872 crebrius
3132 4819 3388 4873 audierat.

2122 4907 2367 4961 Scribere
2411 4907 2742 4974 temptabat:
2785 4923 2906 4959 nam
2944 4905 3282 4960 circumferre
3328 4905 3554 4966 solebat.

2190 4994 2379 5048 Secum
2401 5010 2519 5048 cum
2547 4996 2722 5062 parvis
2748 4994 3014 5050 codicibus
3052 4996 3274 5059 tabulas,

2120 5083 2194 5135 Ac
2221 5098 2420 5152 ponens
2449 5083 2586 5151 ipsas
2608 5085 2673 5136 ad
2712 5083 2984 5137 cervicalia
3014 5085 3134 5138 lecti

2187 5171 2418 5240 Regalis,
2442 5170 2871 5238 numquamfecit
2901 5175 3081 5226 abesse
3105 5174 3204 5227 sibi
3243 5191 3254 5225 :

2121 5260 2258 5314 Inter
2285 5270 2362 5313 tot
2389 5275 2560 5321 curas,
2587 5258 2821 5328 tantique
2847 5263 3052 5330 negotia
3085 5262 3254 5331 regni,

2189 5352 2298 5405 Rex
2328 5361 2640 5406 exercuerat
2683 5352 2766 5404 liis
2800 5352 3034 5405 animum
3062 5352 3266 5405 studiis.

2189 5507 2210 5543 ἀ
2241 5507 2319 5558 (If.
2351 5507 2598 5560 Einhard.
2655 5507 2816 5566 ihid.,
2865 5521 2912 5559 c.
2961 5504 3067 5567 25,
3108 5513 3160 5555 et
3214 5503 3263 5554 in
3312 5507 3690 5570 sequetttiius

2123 5593 2283 5641 usque
2317 5575 2380 5624 ad
2411 5575 2562 5626 finem
2603 5574 2718 5625 libri
2746 5576 2962 5640 passim.
3097 5602 3101 5604 ·

2197 5639 2214 5675 έ
2252 5643 2397 5702 (ἱρά,
2435 5643 2695 5705 me'es;
2727 5639 2872 5695 Rein.
2901 5640 3192 5694 emendatio
3229 5639 3542 5693 retinenda.
3613 5649 3622 5651 ”
