3886 6228
231 390 327 444 7:29
538 391 784 445 ANNAL.
826 395 910 449 DE
943 397 1179 452 GESTIS
1215 402 1272 454 Β.
1311 402 1552 457 CAROLI
1586 404 1797 458 MAGNI
1832 403 2006 459 LIBRI
2044 405 2100 459 V.
2137 435 2204 444 —
2241 407 2394 460 VITA
2429 382 2690 462 CAROLI.
2730 438 2796 448 -—
2833 409 2953 463 LIB.
2996 413 3057 463 ν.
3113 417 3140 450 ’ν
3226 394 3230 398 λ
3267 408 3372 464 750

227 503 384 556 Cuius
407 510 466 552 ut
483 501 749 570 ingenium
781 504 1010 558 multum
1025 508 1345 576 resplenduit
1381 525 1502 564 acre

293 587 380 640 Sic
401 588 573 641 omnis
608 599 781 643 motus
812 592 1008 659 optima
1047 597 1345 662 temperies.

224 675 334 728 Non
371 690 617 742 umquam
644 676 860 731 nimium
889 679 1078 746 laetus,
1105 696 1206 734 non
1236 683 1386 737 valde
1425 681 1694 746 remissius,

290 765 400 820 Non
432 767 655 820 multum
681 767 848 822 tristis
873 776 1033 836 atque
1056 785 1272 824 severus
1299 780 1443 836 erat;

223 851 332 905 Non
362 853 494 906 lenis
519 853 786 906 hominum
812 854 971 915 vitiis,
995 871 1097 909 non
1123 859 1360 912 turbidus
1386 861 1482 912 ira.

288 938 554 992 Plectebat
593 940 729 993 iusta
763 956 884 994 cum
911 943 1116 1010 ratione
1146 958 1284 998 reos.

223 1028 365 1092 Quod
393 1037 594 1081 terrore
624 1029 790 1098 magis
824 1029 936 1084 ﬁeri
959 1046 1114 1098 quam
1141 1041 1312 1087 morte
1346 1033 1571 1099 volebat,

287 1114 348 1167 Ni
370 1131 491 1168 cum
521 1117 634 1169 dira
661 1117 735 1169 rei
767 1128 979 1184 cogeret
1003 1120 1265 1188 impietas.

221 1205 261 1259 Ο
286 1208 458 1273 qualis
482 1209 715 1276 probitas
731 1247 744 1272 ,
773 1223 932 1275 quam
964 1207 1422 1261 constantissimus
1447 1208 1575 1261 ordo

286 1297 339 1348 In
363 1299 567 1350 cunctis
592 1299 705 1350 eius
736 1298 974 1372 moribus
994 1298 1182 1350 enituit
1205 1300 1217 1349 !

219 1385 255 1437 ιτ
259 1385 388 1438 ortis
413 1387 462 1438 in
487 1387 718 1444 adversis
740 1388 914 1449 rebus,
938 1397 1224 1453 cautusque
1243 1386 1508 1450 secundis,

284 1475 574 1541 Perpetuae
604 1476 773 1527 tenuit
801 1474 1102 1528 sobrietatis
1133 1476 1254 1528 iter.

219 1563 440 1615 Tantum
473 1579 593 1616 cum
616 1574 768 1616 natos
795 1564 892 1616 sibi
917 1563 1189 1631 Pippinum
1223 1561 1572 1629 Carolumque

283 1651 422 1704 Mors
443 1652 693 1716 auferret,
722 1652 913 1705 obrhoc
948 1653 1056 1720 ipse
1082 1652 1240 1705 nimis
1268 1652 1450 1705 doluit.

214 1736 320 1790 Nec
350 1754 454 1790 non
487 1737 847 1799 Rhuottrudis,
879 1738 1094 1804 reliquis
1119 1754 1252 1806 quae
1280 1738 1383 1790 lilia
1413 1745 1537 1790 natu

280 1825 443 1878 Maior
465 1835 600 1888 erat,
639 1824 781 1879 ﬂevit
808 1825 957 1879 valde
987 1841 1199 1893 gemens
1227 1826 1446 1880 obitum.

215 1915 356 1966 lianc
385 1922 440 1967 et
467 1914 755 1968 Grecorum
800 1915 1044 1968 luxerunt
1068 1915 1195 1967 ditia
1227 1929 1405 1984 regna,

278 2003 426 2067 Quod
456 2019 558 2056 non
585 2005 682 2056 hac
710 2004 798 2056 tali
825 2005 977 2072 digna
1011 1989 1182 2057 forent
1223 2005 1454 2057 domina.

214 2089 412 2158 Sponsa
462 2090 562 2144 fuit
592 2090 918 2161 Constantini
952 2107 1093 2152 nam,
1121 2100 1324 2159 sceptra
1358 2093 1585 2161 regemis

277 2179 421 2233 Illius
455 2194 664 2248 semper
689 2160 880 2234 nobilis
902 2180 1126 2249 imperii.

174 2281 175 2284 ‘
211 2269 387 2321 Inclita
414 2267 892 2338 Constantinopolis
932 2271 995 2324 de
1020 2270 1254 2336 germine
1291 2271 1456 2324 nostri

275 2356 505 2425 Optabat
525 2359 697 2411 Caroli
724 2359 945 2410 nobilior
971 2358 1104 2410 fieri.

211 2445 441 2498 Tantum
465 2447 790 2515 contigerant
819 2447 950 2499 haec
987 2445 1270 2498 infortunia
1304 2448 1428 2514 regi,

274 2533 329 2585 In
360 2533 446 2586 bis
468 2549 602 2600 quae
641 2534 817 2603 genuit
837 2534 1054 2602 pignora
1085 2533 1227 2586 clara
1253 2535 1402 2587 satis.
1457 2539 1464 2550 '

212 2623 340 2676 Tum
369 2625 712 2677 concertabat
752 2623 1045 2677 constantia
1086 2639 1207 2676 cum
1233 2625 1447 2691 pietate,

275 2713 329 2764 In
359 2712 551 2766 Carolo
579 2715 745 2766 virtus
771 2723 990 2780 utraque
1014 2729 1115 2766 non
1158 2714 1383 2767 modica.

212 2800 344 2853 Ilaec
366 2817 522 2854 casus
546 2816 728 2853 omnes
765 2801 918 2854 iussit
948 2800 1168 2857 tolerare
1193 2804 1455 2865 decenter,

277 2891 472 2958 lllaque
497 2889 716 2942 dilectae
763 2891 1085 2943 commonuit
1129 2892 1356 2954 sobolis;

212 2977 309 3028 Ista
342 2977 709 3044 magnanimus
735 2975 880 3028 fulsit
903 2977 1114 3041 virtute,
1160 2977 1250 3032 sed
1282 2978 1368 3029 illa

276 3063 385 3116 Non
417 3063 592 3115 minus
623 3063 841 3116 ardebat
865 3063 1047 3130 plenus
1069 3078 1246 3118 amore
1265 3065 1369 3132 pio.

210 3153 462 3218 Quocirca
491 3151 806 3219 vicitpietas
833 3151 884 3202 in
928 3161 1097 3204 morte
1123 3168 1359 3215 suorum,

271 3242 334 3293 Et
357 3255 533 3308 regem
575 3239 747 3308 largas
771 3240 1022 3308 compulit
1048 3241 1114 3294 ad
1142 3241 1404 3294 lacrimas.

209 3331 314 3384 Nec”
345 3345 448 3384 non
476 3329 699 3383 Romani
732 3338 954 3383 mortem
980 3331 1078 3382 sibi
1109 3329 1249 3383 flevit
1276 3331 1430 3384 amici

272 3416 560 3480 Pontiﬁcis,
592 3432 781 3470 nomen
805 3418 927 3470 huic
955 3417 1212 3471 Adrianus
1237 3426 1371 3470 erat.

210 3508 332 3561 Nam
363 3507 507 3560 velut
529 3506 580 3558 in
602 3505 820 3572 reliquis
843 3507 1020 3569 rebus,
1045 3507 1120 3559 sic
1149 3507 1376 3572 optimus
1403 3506 1516 3559 eius

276 3599 544 3650 Laudatur
571 3595 763 3648 merito
798 3609 912 3648 mos
937 3595 990 3647 in
1033 3594 1310 3658 amicitiis;

207 3687 525 3740 Admittebat
559 3698 649 3737 eas
684 3692 856 3746 caute,
887 3683 980 3737 sed
1018 3682 1245 3736 firmiter
1277 3684 1436 3738 immo

270 3776 345 3828 Ex
369 3789 428 3828 se
454 3774 682 3826 servavit
717 3771 926 3825 foedere
957 3780 1228 3840 perpetuo.

211 3869 350 3923 Unde
371 3870 530 3922 decus
555 3866 703 3935 regni
741 3865 894 3919 factis
912 3878 971 3925 et
1004 3881 1193 3920 nomen
1224 3865 1410 3918 amicis

270 3961 502 4012 Auxerat
527 3955 992 4024 externisregibus
1017 3963 1071 4008 et
1104 3955 1326 4022 populis.

208 4047 277 4100 Ex
303 4049 494 4115 quibus
518 4060 652 4098 unus
672 4054 786 4098 erat
823 4042 1148 4097 Hadefonsus
1173 4044 1381 4097 nomine
1405 4041 1594 4105 dictus,
1670 4055 1671 4064 ‘

271 4136 368 4203 Qui
398 4151 491 4190 rex
519 4133 766 4188 Astariae
791 4132 1144 4201 Galliciaeque
1168 4131 1286 4196 fuit,

209 4230 300 4296 Qui
325 4231 448 4283 dum
476 4229 676 4296 legatos
697 4233 752 4279 et
775 4240 990 4278 munera
1021 4225 1254 4276 mitteret
1285 4222 1390 4287 illi,

276 4319 550 4387 Mandabat
574 4317 677 4370 dici
710 4331 766 4369 se
793 4302 1062 4383 proprium
1099 4313 1295 4367 Caroli.

211 4409 503 4461 Scottorum
525 4419 672 4474 reges
704 4402 876 4471 ipsum
901 4402 1170 4456 dominum
1197 4399 1514 4465 vocitabant,

271 4494 347 4547 Ac
370 4508 428 4546 se
451 4491 710 4546 subiectos
735 4489 899 4556 ipsius
930 4497 982 4540 et
1010 4487 1233 4540 famulos

211 4581 315 4635 lloc
337 4582 510 4648 apices
546 4579 612 4632 ab
643 4578 722 4632 eis
747 4577 891 4630 missi
919 4584 1177 4628 testantur
1201 4577 1266 4628 ad
1295 4575 1458 4638 illum,

261 4668 502 4734 'Quorum
527 4667 696 4720 claret
729 4680 877 4726 amor
899 4664 1158 4716 maximus
1188 4663 1431 4728 alloquio.

211 4757 482 4811 Persarum
521 4756 765 4824 princeps
795 4754 868 4805 illi
898 4753 1170 4806 devinctus
1200 4768 1379 4807 amore

182 4909 190 4917 _
276 4845 524 4913 Preeipuo
555 4830 748 4907 fuerat,
790 4847 992 4895 nomen‘
1013 4842 1212 4921 habens
1237 4835 1431 4896 Aaron.

213 4933 389 4987 Gratia
411 4933 493 4986 cui
520 4931 692 4986 Caroli
720 4921 846 5000 prae
873 4931 1076 4984 cunctis
1100 4931 1309 4999 regibus
1345 4938 1504 4998 atque

277 5019 365 5073 Ilio
400 5019 720 5088 principibus
762 5027 995 5086 tempore
1028 5019 1150 5072 cara
1181 5018 1277 5071 fuit
1305 5037 1317 5070 :
1385 5039 1387 5042 ·

214 5111 452 5178 Augustis
482 5125 602 5163 cum
633 5108 916 5163 Grecorqu
947 5109 1281 5180 poscentibus
1321 5107 1458 5160 ultro

279 5197 526 5266 Dignatus
557 5180 768 5263 pactum
810 5195 956 5263 pacis
990 5195 1123 5246 inire
1149 5189 1274 5247 fuit.

217 5281 358 5335 Unde
381 5271 502 5335 suos
534 5282 599 5333 ad
630 5294 750 5333 eum
785 5280 980 5347 legatos
1010 5281 1222 5334 mittere
1255 5279 1442 5333 crebro

281 5369 534 5424 Curavere
559 5367 683 5429 Leo,
710 5367 992 5430 Niciforns,
1020 5368 1297 5422 Michahel.
1321 5435 1323 5440 η

219 5456 639 5525 Transgredimur
668 5463 884 5518 moetas,
928 5458 1051 5510 dum
1085 5457 1418 5524 designamus
1447 5459 1662 5516 amicos.

283 5545 640 5599 .llons'trandus
669 5547 834 5614 magis
860 5553 938 5598 est
973 5547 1081 5614 ipse
1119 5546 1239 5600 stilo
1269 5545 1506 5606 Carolus.

222 5629 392 5735 Iliu‘sc
422 5643 604 5687 venatu
633 5648 727 5686 nec
760 5647 859 5686 non
898 5633 1177 5702 exputando
1213 5631 1519 5700 frequenter

1694 546 1698 551 ι
1772 517 1823 572 Α
1916 509 2136 562 Fecerat
2162 511 2396 578 ignarum
2431 511 2660 564 desidiae
2687 513 2955 579 poenitus;

1848 596 1945 650 Vix
1980 595 2050 649 illi
2078 596 2300 664 glatialis
2341 597 2546 664 hiemps
2588 597 2794 650 auferre
2827 599 3032 653 valebat

1915 683 2050 737 Usus
2083 691 2376 742 castrenses
2404 693 2653 752 gestaque
2683 685 2920 739 militiae.

1841 770 2122 824 Praeterea
2163 771 2348 824 solitus
2391 770 2490 823 fuit
2514 787 2762 824 exercere
2795 779 3069 837 venatum,

1913 857 2026 922 Qua
2053 866 2174 912 tunc
2202 866 2317 912 arte
2349 859 2513 924 magis
2548 873 2702 911 nemo
2730 860 2926 926 peritus
2951 870 3095 926 erat;

1845 945 1910 996 Et
1943 945 2170 997 naturali
2211 944 2381 999 fontes
2409 945 2614 998 fervore
2643 930 2872 999 calentes

1909 1031 1987 1083 Illi
2021 1031 2359 1098 praestabant
2393 1040 2542 1100 grata
2579 1032 2789 1086 lavacra
2816 1034 2996 1089 nimis.

1846 1120 1991 1174 Unde
2028 1120 2199 1172 locum
2226 1119 2366 1174 sedis
2409 1121 2620 1174 sibimet
2644 1123 2833 1192 delegit
2861 1123 3143 1191 Aquensis,

1913 1206 2142 1258 Plurima
2170 1221 2273 1273 quo
2310 1215 2488 1259 manat
2517 1209 2664 1275 copia
2705 1209 2822 1263 talis
2860 1226 3047 1278 aquae,

1845 1297 2034 1351 Balnea
2059 1315 2162 1367 qua
2201 1299 2363 1353 multo
2395 1301 2626 1354 condens
2651 1301 2873 1356 iucunda
2914 1305 3131 1368 decore,

1799 1375 1802 1380 ’
1912 1387 2076 1440 Annis
2113 1388 2362 1440 extremis
2389 1389 2578 1441 mansit
2606 1390 2676 1442 ibi
2716 1390 2923 1457 iugiter.

1841 1475 1918 1529 Ac
1943 1490 2119 1529 secum
2153 1475 2276 1528 fecit
2303 1483 2454 1528 natos
2487 1491 2838 1544 proceresque
2871 1479 3067 1544 lavari,

1911 1547 2162 1630 Quodque
2190 1564 2267 1616 sui
2296 1572 2473 1616 custos
2495 1566 2729 1630 corporis
2755 1581 2941 1634 agmen
2960 1578 3092 1621 erat.

1809 1647 1812 1649 Α
1843 1651 2087 1706 Eiusdem
2111 1667 2228 1704 nam
2254 1653 2591 1706 commoditas
2620 1655 2842 1723 spetiosa
2867 1657 3062 1711 lavacri

1909 1741 2166 1795 Centenos
2193 1740 2431 1794 homines
2452 1741 2672 1809 plusque
2694 1743 2833 1797 valet
2859 1760 3063 1812 capere.

1766 1820 1818 1877 «Β
1843 1827 2076 1896 Corpore
2104 1829 2316 1880 robusto
2338 1828 2434 1880 fuit
2458 1829 2567 1896 ipse
2592 1830 2836 1884 decenter
2859 1840 2913 1886 et
2930 1833 3100 1902 amplo
3116 1875 3130 1898 ,

1907 1914 2118 1967 lncessu
2140 1913 2340 1977 firmus,
2363 1915 2568 1968 vividus
2586 1925 2740 1983 atque
2757 1919 2932 1993 agilis,

1839 2002 2058 2070 Egregie
2085 2016 2355 2068 procerus,
2380 2010 2434 2054 et
2461 2003 2560 2056 hoc
2585 2003 2941 2060 moderamine
2961 2009 3098 2063 iusto
3116 2049 3131 2074 ,

1909 2089 2118 2156 Septem
2145 2101 2367 2156 namque
2395 2091 2503 2143 suis
2526 2091 2710 2161 longus
2728 2101 2840 2147 erat
2861 2095 3097 2162 pedibus.

1840 2180 1951 2246 Ipse
1974 2179 2226 2233 rotundus
2255 2194 2386 2248 apex
2413 2181 2617 2248 capitis,
2641 2184 2816 2236 cervix
2839 2193 2892 2237 et
2909 2188 3092 2250 obesa,

1908 2269 2059 2321 Naris
2084 2268 2200 2336 plus
2235 2269 2388 2336 paqu
2418 2285 2572 2337 quam
2597 2272 2873 2328 mediocris
2894 2284 3042 2335 erat:

1840 2356 1967 2408 Late
1994 2356 2250 2423 fulgentes
2271 2357 2426 2420 oculi,
2451 2357 2612 2412 facies
2631 2375 2837 2428 quoque
2858 2362 2990 2416 laeta
3009 2405 3025 2428 ,

1903 2443 1971 2496 Et
1995 2458 2095 2496 vox
2132 2444 2274 2521 clara
2298 2446 2446 2510 satis,
2476 2447 2758 2516 pulcraque
2787 2451 3023 2506 canities.

1844 2533 1976 2587 Usus
2003 2535 2193 2587 vestitu
2220 2537 2411 2602 patrio,
2439 2551 2646 2605 semper
2672 2543 2999 2610 peregrinum

1907 2621 2217 2688 Ilespuerat,
2240 2621 2476 2690 quamvis
2498 2626 2716 2694 pulcher
2749 2637 2798 2682 et
2840 2630 2951 2698 ipse
2972 2631 3138 2687 "foret.

1839 2709 1925 2763 Bis
1959 2719 2160 2763 tantum
2188 2711 2405 2774 Romae,
2437 2715 2655 2768 suminis
2679 2718 3021 2787 rogitantibus
3042 2722 3209 2789 ipsum

1904 2797 2258 2862 Praesulibus,
2282 2799 2432 2868 longa
2456 2817 2582 2856 usus
2612 2813 2727 2857 erat
2763 2808 2961 2874 tunica;

1839 2887 1985 2942 Tunc
2012 2889 2168 2942 etiam
2198 2889 2434 2968 clamidis
2462 2894 2725 2962 Speciosae
2750 2897 2969 2966 sumpsit
2992 2903 3259 2967 amictum,

1908 2975 2152 3044 Moreque
2183 2977 2419 3033 Romano
2447 2983 2672 3051 tegmina
2694 2982 2829 3038 facta
2855 2987 3071 3054 pedum;

1789 3125 1808 3142 π
1840 3064 2047 3134 Regalis
2070 3060 2278 3120 habitus
2302 3075 2499 3121 tantum
2523 3072 2759 3139 gestabat
2779 3074 3028 3129 honorent
3044 3117 3059 3141 ,

1767 3133 1811 3184 (λ
1909 3151 2037 3205 Cum
2061 3153 2416 3206 celebraretur
2440 3157 2586 3210 valde
2611 3167 2816 3213 sacrata
2841 3151 2972 3227 dies,

1773 3281 1776 3284 .
1841 3240 1945 3292 Aut
1969 3243 2207 3308 quotiens
2241 3245 2457 3296 aderant
2485 3246 2629 3298 missi
2658 3249 2897 3302 mandata
2929 3251 3156 3308 ferentes

1907 3331 1981 3383 Ex
2014 3331 2164 3400 longe
2191 3333 2376 3399 positis
2411 3336 2652 3402 gentibus
2672 3346 2725 3390 et
2751 3337 2987 3392 ducibus.
3046 3337 3058 3344 ’

1840 3421 1990 3477 Tunc
2011 3437 2140 3475 auro
2162 3430 2353 3476 textam
2380 3427 2619 3478 nectebat
2645 3427 2801 3482 fibula
2828 3419 3024 3485 vestem

1908 3509 2099 3571 Aurea,
2128 3511 2367 3562 comebat
2385 3526 2595 3580 gemma
2605 3516 2764 3580 pedes
2790 3518 2952 3580 varia,

1837 3600 2146 3654 Distinctum
2169 3601 2319 3654 viridi
2343 3604 2503 3670 gessit
2532 3605 2766 3661 diadema
2789 3615 3086 3680 smaragdo,

1907 3688 2152 3742 Stellatus
2177 3690 2338 3742 radiis
2362 3690 2575 3759 iaspidis
2600 3695 2739 3749 ensis
2763 3705 2894 3750 erat.

1838 3775 2177 3844 Distabatquc
2195 3791 2379 3842 parum
2415 3778 2627 3845 reliquis
2652 3781 2702 3833 in
2729 3793 2873 3836 veste
2897 3786 3079 3843 diebus

1905 3865 1950 3916 A
1971 3866 2123 3918 solito
2150 3880 2424 3932 procerum
2447 3867 2528 3919 vel
2562 3870 2734 3937 populi
2764 3872 2963 3927 habitu.

1835 3949 1995 4003 Felici
2026 3966 2232 4018 semper
2255 3951 2539 4006 valitudine
2573 3954 2739 4010 laetus
2761 3957 2825 4009 ad
2852 3974 3018 4015 annos

1906 4038 2220 4106 Supraemos
2249 4041 2386 4107 vitae
2411 4056 2574 4110 poene
2596 4059 2721 4097 suae
2750 4043 2936 4111 fuerat,

1815 4118 1817 4120 ’
1836 4124 1966 4178 Nam
1983 4127 2209 4180 servavit
2229 4141 2346 4180 eam
2365 4117 2506 4182 victu
2540 4145 2750 4187 sumens
2774 4137 3062 4204 moderato,

1905 4213 2084 4268 Solum
2111 4215 2435 4282 quod’sensit
2465 4221 2811 4275 esse-salubre
2833 4216 2984 4278 sibi."

1836 4297 1891 4353 Si
1919 4309 2091 4354 tamen
2114 4303 2388 4356 adversum
2419 4303 2603 4358 leviter
2633 4307 2910 4376 quicquam
2935 4321 3222 4382 pateretur,

1721 4390 1723 4393 '
1762 4431 1832 4488 D-
1907 4388 2053 4453 Quod
2079 4389 2181 4441 iam
2210 4391 2465 4444 crescenti
2487 4394 2780 4463 contigerat
2806 4399 2984 4472 senio,
3073 4409 3077 4411 ‘

1837 4478 1949 4532 Non
1971 4479 2279 4558 admittebat
2301 4482 2548 4546 medicos,
2576 4485 2674 4537 sibi
2699 4501 2885 4556 nempe
2919 4505 3152 4559 perosos,

1903 4568 2027 4621 Plus
2051 4569 2304 4622 arbitratu
2329 4580 2515 4624 cuncta
2542 4587 2635 4626 suo
2657 4574 2869 4631 faciens.

1836 4658 1965 4710 Cum
1993 4656 2206 4724 reliquis
2226 4657 2366 4711 vitiis
2390 4660 2685 4727 specialiter
2703 4665 2884 4719 oderat
2911 4667 3057 4731 illud,

1904 4746 2016 4810 Quo
2037 4753 2247 4800 vertunt
2281 4749 2469 4802 mentis
2497 4751 2680 4817 pocula
2701 4754 2863 4820 multa
2883 4763 3114 4819 statum;

1833 4833 1966 4886 Ilinc
1987 4834 2161 4904 vinum
2186 4849 2340 4901 parce
2367 4843 2546 4903 potum
2581 4852 2787 4915 quoque
2813 4836 3357 4917 sumpserat—omnem,

1900 4923 2067 4991 Atque
2095 4924 2230 4977 cibis
2250 4925 2403 5003 paqu
2423 4927 2629 4994 aegrius
2649 4930 2915 4994 abstinuit.

1834 5013 1961 5066 Nam
1989 5013 2075 5065 vix
2101 5011 2237 5067 ferre
2261 5028 2411 5068 suum
2432 5023 2635 5081 poterat
2660 5019 2851 5073 ieiunia
2871 5035 3079 5090 corpus,

1902 5102 2044 5166 Quae
2079 5103 2175 5155 sibi
2197 5119 2583 5174 nonnumquam
2603 5107 2758 5181 noxia
2784 5121 2997 5178 questus
3014 5125 3149 5169 erat.

1835 5187 1963 5241 Cum
1985 5189 2203 5244 numero
2221 5193 2403 5245 solitus
2431 5193 2699 5247 hominum
2725 5196 3189 5267 conivivia‘graiitli,

1904 5277 2007 5329 Sed
2045 5284 2245 5335 tantum
2267 5277 2412 5331 festis
2437 5277 2750 5350 praecipuis,
2775 5290 2947 5350 agere.

1835 5364 1998 5418 Porro
2021 5374 2272 5434 quaterna
2300 5367 2472 5436 iugem
2500 5370 2819 5437 praebebant
2852 5355 3048 5431 fercula
3084 5372 3321 5440 caebam,

1903 5455 2117 5508 Praeter
2143 5463 2422 5508 venantum
2441 5472 2541 5524 que
2561 5456 2706 5518 labar
2725 5461 2990 5522 attulerat,
3030 5466 3032 5468 ’

1840 5541 2022 5596 Assam
2050 5542 2138 5611 qui
2167 5543 2391 5620 verubus
2413 5543 2579 5612 longis
2600 5546 2791 5600 inferre
2813 5549 3067 5612 solebant,

1908 5629 1982 5713 Illi
2014 5637 2190 5696 gratus
2215 5640 2324 5698 erat
2349 5631 2462 5698 plus
2493 5631 2609 5684 aliis
2635 5635 2777 5717 cibus
2801 5636 2904 5688 hic.
