3886 6228
549 337 644 392 ⁸151

549 443 801 497 llaeuanti
835 441 1000 495 lector
1021 443 1243 496 reeitans
1279 457 1380 495 non
1403 443 1564 496 defuit
1602 457 1871 511 umquam,

620 531 822 596 Perque
844 529 986 582 vices
1007 529 1215 598 aliquod
1249 531 1412 582 audiit
1433 544 1672 584 acroama
1704 549 1714 584 :

554 619 655 670 Res
678 618 1009 684 antiquorum
1036 627 1208 687 gestas
1233 633 1516 687 regumque
1533 620 1739 689 piorum

621 705 731 771 Ipse
758 704 854 774 legi
883 705 1090 758 sibimet
1115 704 1309 759 fecerat
1337 708 1560 766 assidue.

555 790 820 858 Indulgere
839 805 1024 857 parum
1045 806 1229 862 somno
1257 795 1565 862 permiserat
1591 795 1736 848 illum

621 875 764 929 Mens
786 892 993 946 semper
1016 861 1220 946 magnis
1250 861 1425 934 dedita
1447 882 1696 944 consiliis,

551 962 616 1016 Et
648 979 731 1018 res
767 966 1070 1034 magniﬁcas
1090 967 1278 1035 iugiter
1302 968 1570 1023 meditatio
1601 972 1816 1025 volvens

495 1046 498 1054 λ
617 1055 935 1111 Reddiderat
954 1059 1095 1113 curis
1118 1060 1435 1115 multimodis
1456 1063 1682 1131 vigilem.

548 1143 627 1198 Ob
665 1145 763 1199 hoc
785 1155 936 1200 nocte
971 1157 1158 1217 quater
1179 1149 1345 1202 fertur
1359 1151 1440 1205 vel
1479 1153 1674 1219 sepius,
1697 1153 1839 1204 omni

618 1233 812 1290 Somno
845 1237 1077 1307 depulso,
1099 1243 1333 1294 membra
1359 1241 1560 1295 levasse
1586 1252 1720 1295 toro.

546 1322 589 1376 0
610 1332 859 1390 quantum
881 1327 1023 1381 curis
1050 1329 1343 1396 respublica
1372 1339 1611 1384 creverat
1633 1331 1751 1395 illis,

615 1409 780 1474 Quam
803 1423 1167 1469 conservatum
1189 1413 1362 1470 ﬂoruit
1384 1417 1657 1485 imperium
1683 1419 1695 1470 ε

544 1495 672 1550 Nam
698 1499 830 1554 bene
850 1489 1092 1570 previdit,
1115 1518 1213 1558 nec
1231 1519 1333 1573 qua
1364 1508 1566 1560 ratione
1594 1516 1798 1573 pateret

609 1586 666 1649 ln
690 1602 904 1656 regnum
928 1591 1089 1651 variis
1113 1591 1352 1647 hostibus
1381 1595 1646 1648 introitus.

460 1683 468 1689 ‘
543 1670 736 1726 Gallica
758 1678 1191 1742 praestruxitnec
1217 1684 1319 1733 non
1355 1680 1664 1735 Germanica
1695 1681 1860 1735 classe

513 1749 520 1758 ’
611 1759 808 1825 Litora,
833 1756 933 1830 qua
961 1762 1145 1819 ﬂuvios
1167 1767 1382 1835 suscipit
1401 1782 1648 1832 oceanus,

544 1848 711 1915 Atque
734 1851 872 1918 quod
897 1851 1157 1922 Europam
1184 1857 1401 1926 pelagus
1427 1859 1651 1927 seiungit
1676 1862 1740 1914 ab
1763 1861 1978 1922 austris,

611 1936 676 1988 Et
694 1937 893 1992 dirimit
921 1927 1090 1995 terras
1117 1944 1408 2011 gurgitibus
1437 1948 1628 2010 media,

543 2020 653 2086 Qua
693 2026 902 2093 rapidos
929 2042 991 2080 ex
1012 2027 1280 2083 Gallorum
1305 2032 1602 2100 regionibus
1624 2050 1803 2088 amnes

611 2111 713 2165 Aut
733 2116 872 2182 capit
903 2131 967 2169 ex
989 2133 1208 2187 magnae
1229 2121 1468 2186 partibus
1486 2122 1679 2183 Italiae,

545 2199 724 2253 llostia
751 2218 842 2255 seu
862 2214 1065 2276 portus,
1087 2209 1269 2274 positis
1294 2209 1626 2272 stationibus,
1658 2225 1840 2263 omnes

613 2288 758 2341 Fecit
779 2291 1070 2347 inaccessos
1093 2295 1328 2351 hostibus
1349 2299 1680 2352 omnimodis.

545 2374 677 2429 llinc
703 2391 798 2430 nec
816 2393 878 2432 eo
904 2379 1064 2434 Mauri
1092 2384 1371 2453 quicquam
1400 2388 1604 2443 vivente
1629 2389 1906 2454 nocebant,

613 2463 719 2520 Nec
745 2465 1223 2524 Northmannorum
1254 2481 1375 2530 tunc
1407 2486 1575 2531 metus
1600 2480 1735 2535 ullus
1761 2490 1898 2543 erat,

543 2549 603 2603 Ni
631 2551 1012 2610 Ccntumcellae
1038 2588 1103 2596 —
1125 2559 1202 2613 sic
1225 2560 1351 2615 urbs
1379 2563 1632 2619 lletrusea
1661 2577 1876 2620 vocatur
1898 2597 1965 2605 ——

612 2639 760 2705 Quod
796 2651 968 2696 tunca
1005 2643 1200 2698 Mauris
1237 2649 1546 2716 depopulata
1572 2652 1688 2716 fuit,

496 2793 500 2797 η
543 2727 605 2779 Ει
631 2730 768 2794 (μιοὰ
797 2727 1168 2787 Northmannis
1189 2737 1532 2802 vastantibus,
1561 2740 1730 2795 insula
1755 2743 2010 2812 quaedam

611 2814 834 2868 Parvula
864 2816 1150 2874 Fresonum
1177 2823 1400 2892 dampna
1419 2829 1537 2879 tulit
1556 2831 1756 2897 gravia.

546 2902 619 2956 Ve
649 2903 758 2968 tibi,
790 2920 885 2959 vae
910 2907 997 2960 tali
1028 2911 1180 2964 modo
1206 2911 1478 2968 defensore
1510 2920 1710 2971 carenti

610 2993 844 3057 Frantia,
866 3010 1023 3062 quam
1048 2998 1210 3053 variis
1237 3000 1472 3057 cladibus
1497 3008 1847 3074 opprimcris?

517 3080 798 3168 .Gcntibus
823 3097 945 3136 ecce
971 3092 1118 3152 pates
1142 3089 1508 3156 populantibus
1546 3094 1775 3164 undique
1811 3100 2003 3161 saevis,

613 3168 677 3222 Et
698 3171 956 3237 quondam
985 3172 1108 3227 felix
1137 3191 1274 3231 nunc
1295 3180 1452 3234 nimis
1473 3197 1531 3235 es
1553 3185 1742 3238 misera
1766 3204 1780 3249 ;

545 3258 744 3327 Quippe
764 3261 866 3314 tuis
890 3261 1081 3317 hilares
1104 3267 1340 3320 exultant
1361 3266 1567 3324 ﬂetibus
1597 3274 1774 3328 hostes
1790 3315 1803 3337 ,

598 3347 963 3424 _I)itanturque
987 3351 1090 3405 tuis
1123 3353 1331 3406 assidue
1355 3357 1558 3424 spoliis,

547 3433 686 3485 Milia
716 3450 955 3490 cesorum
978 3440 1288 3510 captivaque
1309 3445 1461 3499 turba
1490 3456 1698 3502 tuorum

617 3523 852 3592 Amplior
875 3535 953 3580 est
980 3543 1216 3596 numero,
1245 3547 1402 3602 quam
1424 3536 1493 3589 sit
1516 3537 1714 3591 harena
1743 3543 1924 3595 maris.

550 3612 680 3665 Nam
707 3613 892 3669 Carolo
911 3618 1181 3685 moriente,
1209 3630 1354 3677 tuum
1374 3625 1532 3680 decus
1556 3636 1609 3682 et
1629 3610 1796 3684 honor
1813 3633 1982 3686 omnis

619 3708 693 3760 Ex
722 3707 809 3762 illo
831 3711 1025 3763 sensim
1051 3710 1183 3782 fugit
1215 3722 1270 3768 et
1296 3710 1514 3771 interiit.

551 3795 697 3857 Nunc
725 3805 898 3852 tamen
928 3798 1146 3856 Arnulfo
1174 3805 1363 3858 merito
1392 3805 1489 3859 sub
1507 3807 1744 3878 principe
1763 3810 1977 3879 gaudes,

620 3883 716 3948 Qui
741 3885 926 3941 similis
961 3893 1106 3943 tanto
1127 3892 1358 3947 moribus
1385 3897 1466 3949 est
1485 3895 1669 3960 abavo,
1753 3949 1757 3954 .

553 3971 784 4042 Denique
825 3978 1202 4044 magnanimus,
1227 3981 1477 4049 clemens,
1503 3995 1880 4056 promptusque
1907 3989 2084 4044 labore

621 4059 865 4130 Pervigili
888 4065 1088 4133 lapsum
1111 4069 1324 4137 ‘corrigit
1350 4069 1646 4139 imperium,

553 4148 979 4220 Francorumque
1004 4162 1178 4208 movet
1196 4159 1363 4212 veteri
1387 4159 1581 4214 virtute
1602 4161 1844 4227 lacertos,
1881 4190 1884 4194 -

620 4237 788 4305 Atque
808 4249 959 4293 vocat
984 4241 1182 4296 resides
1219 4259 1401 4298 rursus
1421 4246 1474 4299 in
1496 4261 1642 4314 arma
1660 4249 1822 4304 viros.

555 4326 657 4380 Sed
693 4328 853 4381 moles
874 4329 1143 4394 immensa,
1172 4333 1260 4386 diu
1288 4349 1419 4402 quae
1440 4338 1642 4390 corruit
1667 4347 1806 4404 ante,

622 4413 742 4480 Non
760 4419 1057 4470 restaurari»
1067 4433 1123 4472 se
1139 4419 1312 4473 subito
1333 4423 1547 4489 patitur.
1575 4463 1577 4466 .
1758 4483 1760 4486 τ

553 4501 630 4554 llli
662 4503 748 4556 det
777 4504 958 4568 vitam,
983 4507 1069 4574 qui
1094 4507 1343 4562 virtutem
1373 4511 1514 4565 dedit
1543 4499 1789 4583 amplam,

625 4591 689 4642 Et
724 4606 910 4660 magne
938 4593 1087 4645 nobis
1109 4608 1263 4648 causa
1283 4597 1466 4652 salutis
1485 4600 1603 4653 erit.

560 4680 661 4732 Vos
690 4695 789 4748 que
815 4677 1092 4735 de'Carolo
1114 4689 1316 4737 restant
1336 4686 1571 4752 dicenda,
1603 4689 1882 4752 Camenae,

628 4767 861 4820 Strictim
888 4769 1055 4846 veloci
1077 4773 1308 4826 carmine
1334 4775 1611 4829 concinite.

556 4860 686 4915 Cum
716 4855 875 4910 fuerit
902 4872 1060 4926 regno
1085 4868 1189 4913 tam
1214 4863 1388 4916 clarus
1406 4864 1459 4917 in
1479 4865 1862 4933 amplificando,

627 4945 858 4999 Intentus
883 4946 1038 5001 bellis
1062 4949 1328 5004 continuis
1349 4953 1544 5016 animo,

560 5036 787 5090 Ornatus
818 5053 1034 5106 operum
1067 5041 1240 5095 varios
1270 5050 1466 5107 tamen,
1492 5052 1545 5097 et
1577 5044 1737 5098 decus
1774 5045 1955 5115 ingens

629 5125 865 5190 Fecerat,
894 5134 947 5180 et
977 5128 1093 5180 visu
1121 5130 1324 5184 moenia
1358 5131 1539 5202 pulcra
1567 5132 1750 5197 nimis;

563 5211 637 5262 Ex
663 5213 850 5278 quibus
877 5213 1114 5282 inprimis
1135 5216 1322 5269 merito
1343 5217 1587 5272 laudatur
1605 5217 1864 5288 Aquepsis

634 5299 784 5360 Sedis
808 5300 1025 5355 miriﬂce
1046 5303 1255 5357 condita
1274 5303 1511 5369 basilica,

565 5391 729 5457 Quam
755 5391 838 5459 pie
865 5390 1071 5447 Christe
1095 5395 1189 5448 tibi
1214 5403 1529 5464 sanctaeque
1557 5406 1677 5451 tuae
1705 5397 1954 5468 genetrici

633 5479 711 5531 Ad
738 5479 941 5533 laudem
972 5482 1170 5535 studuit
1193 5493 1499 5553 perpetuam
1523 5483 1715 5538 facere.

569 5568 914 5637 lngylemhcm
943 5573 1112 5630 dictus
1140 5575 1284 5630 locus
1309 5584 1406 5640 est,
1431 5573 1519 5629 ubi
1546 5575 1773 5629 condidit
1799 5573 1988 5636 aulam,

1850 333 2090 388 POETzE
2129 333 2413 388 SAXONS

2105 451 2151 501 Α
2247 441 2404 495 Aetas
2430 442 2512 496 cui
2538 443 2665 496 vidit
2688 451 2865 497 nostra
2893 459 3074 512 parem
3100 444 3334 498 minime.
3364 475 3370 479 -

2173 530 2404 594 Quorum
2429 530 2764 598 Inultipliccm
2799 533 2841 584 si
2864 534 2981 598 quis
3019 525 3320 586 describere
3338 533 3546 588 laudem

2241 616 2474 681 Curabit,
2497 618 2704 688 longum
2735 628 2874 672 tcxet
2897 636 3028 689 opus
3047 621 3286 674 nimium.

2174 705 2250 756 Ad
2281 720 2414 772 quae
2437 721 2759 760 marmoreas
2778 709 3073 774 praestabat
3095 710 3260 764 Roma
3301 712 3576 765 columnas
3599 759 3610 776 ,

2241 795 2504 858 Quasdam
2529 796 2834 862 praecipuas
2862 795 3040 868 pulcra
3064 782 3312 851 Ravenna
3342 798 3506 851 dedit.

2175 881 2247 932 Dc
2270 890 2371 933 tam
2400 881 2678 949 longinqua
2699 884 2868 949 potuit
2895 885 3106 952 regione
3134 895 3366 951 potestas

2225 969 2381 1044 illius
2402 980 2646 1025 ornatum
2671 971 2895 1026 Francia
2917 972 3058 1032 ferre
3078 974 3193 1027 tibi.

2175 1045 2417 1111 Pre'terea
2441 1059 2609 1113 Rheni
2630 1063 2917 1115 constravit
2942 1071 3101 1130 ponte
3122 1061 3338 1126 ﬂuenta,

2243 1147 2524 1211 Commoda
2549 1150 2681 1202 dans
2715 1150 2830 1203 urbi
2859 1159 3002 1205 tanta
3029 1151 3372 1221 Mogontiace.

2179 1234 2267 1285 list
2287 1235 2475 1288 ibidem
2501 1232 2639 1291 latus'
2658 1240 2958 1307 quingentis
2984 1241 3226 1308 passibus
3249 1241 3439 1304 amnis,

2249 1324 2314 1376 [ἰ
2337 1326 2538 1390 pondus
2564 1328 2694 1379 tanti
2723 1327 2860 1380 scire
2887 1343 3050 1395 queas
3069 1329 3263 1396 operis.

2177 1410 2425 1478 Quodque
2454 1413 2621 1480 magis
2641 1421 2871 1481 stupeas,
2896 1415 3196 1469 ﬁrmaverat
3215 1417 3400 1470 ordine
3425 1426 3576 1472 recto

2196 1531 2201 1538 ι
2245 1493 2415 1552 Colles
2444 1487 2680 1568 ingentes
2704 1498 2949 1555 ﬂuctibus
2977 1502 3030 1555 in
3056 1503 3271 1564 mediis;

2179 1587 2460 1653 Supposuit
2487 1587 2700 1642 basibus
2719 1589 2850 1642 haec
2873 1589 3209 1645 fundamenta
3230 1591 3488 1655 locandis,

2247 1673 2311 1725 Et
2331 1689 2486 1741 supra
2514 1675 2707 1728 celsam
2742 1685 3007 1730 struxerat
3034 1677 3154 1732 inde
3177 1680 3335 1733 viam.

2110 1749 2152 1805 Β
2183 1762 2288 1814 Hoc
2307 1777 2440 1829 opus
2459 1763 2708 1816 extremis
2739 1764 2876 1818 illius
2902 1780 3069 1833 poene
3105 1767 3201 1820 sub
3228 1767 3383 1820 annis

2246 1849 2583 1917 Consumpsit
2601 1850 2772 1934 subito
2799 1851 3007 1906 ﬂamma
3029 1868 3188 1906 vorax
3216 1854 3480 1922 poenitus.

2178 1940 2324 2002 Quod
2354 1954 2601 2006 reparare
2629 1939 2825 2002 volens,
2851 1941 3001 1994 ﬁeret
3022 1957 3125 2010 quo
3149 1957 3340 1996 saxeus
3367 1941 3472 1994 illic

2248 2028 2403 2092 Pons,
2435 2027 2520 2080 ubi
2547 2037 2878 2083 constructus
2906 2029 3109 2099 ligneus
3138 2038 3260 2082 ante
3287 2028 3402 2093 fuit,

2179 2119 2280 2169 Pro
2306 2118 2454 2170 dolor
2478 2129 2558 2170 est
2585 2119 2729 2172 obitu
2751 2108 3085 2186 praeventus,
3097 2133 3334 2188 opusque
3355 2121 3618 2173 remansit

2250 2205 2356 2258 Hoc
2377 2204 2760 2272 imperfectum,
2791 2208 2865 2259 sic
2887 2199 3096 2276 quoque
3117 2223 3326 2276 semper
3349 2209 3474 2261 erit.

2184 2296 2404 2349 Virtutis
2431 2297 2751 2349 monimenta
2775 2306 2988 2351 manent
3014 2305 3187 2360 tamen
3209 2299 3323 2352 eius
3342 2299 3392 2352 in
3418 2284 3636 2362 aevum,

2245 2383 2301 2436 ln
2327 2383 2488 2437 vastis
2519 2393 2722 2438 stantes
2745 2383 3036 2453 gurgitibus
3067 2385 3272 2438 tumuli.

2179 2471 2467 2540 Congestae
2493 2471 2633 2524 saxis
2652 2471 2846 2525 etenim
2875 2471 3164 2540 tellureque
3189 2471 3356 2524 moles

2246 2558 2439 2611 Parent
2459 2558 2612 2612 elatis
2631 2558 2843 2612 ﬂumine
2867 2559 3171 2619 verticibus,

2180 2646 2574 2715 Aggeribusque
2596 2648 2706 2715 pari
2731 2646 2907 2715 spacin
2937 2646 3254 2700 distantibus
3273 2646 3404 2700 ordo

2249 2735 2461 2790 Metitur
2489 2736 2580 2788 lati
2613 2747 2756 2803 terga
2787 2736 2978 2788 decens
2999 2735 3188 2805 pelagi.

2179 2824 2421 2878 Condidit
2447 2833 2500 2878 et
2533 2823 2752 2878 Domino
2772 2825 3092 2893 perplurima
3119 2823 3309 2892 templa
3341 2823 3598 2884 dicanda,

2249 2913 2523 2966 Exornans
2547 2914 2730 2966 eadem
2759 2913 3055 2981 sumptibus
3081 2927 3146 2966 ex
3174 2912 3419 2981 propriis.

2067 3009 2088 3016 “
2115 3058 2149 3070 Α
2181 3001 2426 3069 Neglectu
2454 3001 2648 3069 dilapsa
2677 3003 2822 3070 prius
2843 3001 2925 3054 vel
2955 3007 3192 3068 tempore
3213 3000 3368 3067 longo

2108 3058 2152 3116 C

2249 3090 2303 3142 ln
2342 3104 2501 3157 regno
2527 3104 2779 3158 reparans
2806 3096 2996 3142 cuncta
3021 3102 3120 3141 suo
3155 3088 3378 3141 noviter.

2180 3178 2466 3247 Religionis
2485 3178 2624 3230 enim
2648 3187 2860 3231 sanctae
2887 3178 3152 3232 studiosus
3175 3185 3397 3239 amator,

2251 3265 2597 3333 Sectatorque
2624 3265 2722 3318 fuit
2748 3266 3040 3320 catholicae
3074 3266 3234 3324 ﬁdeir.

2183 3354 2438 3421 Tempore
2465 3361 2690 3422 namque
2724 3369 2820 3408 suo
2851 3355 3064 3410 hereses
3090 3353 3389 3409 extinxerat
3414 3361 3601 3418 ortas,

2250 3442 2397 3507 Quod
2424 3442 2528 3495 iam
2552 3443 2856 3510 praemissis
2877 3439 3247 3498 diximus'ante
3275 3442 3447 3496 libris.

2181 3531 2502 3585 Aecclesiam
2529 3532 2690 3586 certis
2716 3531 3007 3584 intraverat
3026 3535 3251 3600 impiger
3272 3529 3437 3594 boris,

2251 3618 2493 3670 Fundens
2511 3618 2729 3670 devotas
2755 3626 2908 3670 nocte
2926 3616 3115 3684 diethe
3139 3631 3346 3684 preces,

2183 3709 2310 3761 Eius
2337 3714 2390 3759 et
2406 3719 2562 3759 omne
2580 3704 2930 3758 ministerium
2958 3718 3081 3758 cum
3104 3703 3339 3758 vestibus
3366 3710 3533 3773 atque

2253 3795 2404 3847 Vasis
2423 3802 2612 3847 ornatu
2637 3793 2932 3861 composuit
2959 3793 3145 3846 nimio.
3439 3866 3443 3870 _

2185 3883 2354 3938 Verus
2383 3881 2573 3949 quippe
2592 3879 2696 3934 .Dei
2718 3879 2890 3934 cultor
2910 3887 3237 3948 praeponere
3269 3887 3453 3932 sancto

2251 3971 2376 4023 Eius
2397 3970 2469 4022 nil
2495 3983 2741 4037 umquam
2764 3967 2981 4023 servitio
2999 3967 3184 4022 Voluit.

2183 4061 2314 4114 Nam
2344 4073 2561 4128 regnum
2586 4066 2836 4112 terrestre
2857 4066 3060 4122 tenens,
3083 4058 3327 4112 caelestis
3344 4053 3550 4111 amore

2252 4147 2375 4200 Plus
2399 4147 2562 4200 multo
2587 4145 2817 4216 ﬂagrans
2840 4145 3016 4200 extitit
3036 4153 3091 4200 et
3119 4145 3356 4213 cupidus.

2184 4236 2332 4302 Quod
2351 4235 2470 4298 sibi,
2499 4250 2627 4304 prae
2653 4236 2856 4288 cunctis
2891 4235 3144 4296 clemens,
3179 4242 3233 4289 et
3261 4234 3438 4303 largus
3457 4235 3675 4305 egenis,

2253 4324 2472 4379 Curavit
2492 4325 2641 4378 donis
2667 4324 2893 4377 assiduis
2922 4335 3120 4376 emere.
3553 4339 3556 4341 ·

2185 4414 2350 4468 Nemo
2373 4413 2676 4480 peregrinos
2697 4411 2784 4463 illo
2805 4411 2920 4478 plus
2946 4410 3114 4464 fertur
3137 4421 3364 4473 amasse,

2252 4502 2416 4555 Nemo
2445 4500 2560 4569 pari
2586 4514 2713 4553 cura
2740 4498 3060 4567 suscipiebat
3082 4512 3179 4552 eos
3211 4514 3225 4550 :

2185 4593 2238 4645 ln
2264 4605 2367 4660 quo
2392 4605 2559 4658 paene
2583 4590 2794 4644 modum
2821 4589 2988 4657 pietas
3014 4593 3318 4641 excesserat
3351 4587 3489 4650 eius,

2255 4678 2310 4731 Si
2335 4679 2462 4746 Quid
2492 4679 2544 4731 in
2583 4678 2684 4731 hoc
2709 4677 2926 4728 nimium
2954 4675 3174 4744 quisque
3201 4681 3373 4744 potest
3392 4674 3604 4740 facere,

2187 4768 2313 4820 Cum
2346 4782 2447 4819 non
2473 4749 2633 4834 regali
2655 4765 2821 4818 solum
2852 4763 2987 4817 foret
3011 4766 3214 4819 advena
3243 4763 3399 4818 turba

2254 4855 2435 4918 Aulac,
2459 4856 2549 4909 sed
2579 4863 2688 4909 toto
2713 4855 2813 4907 iam
2844 4855 3019 4924 gravis
3036 4854 3274 4924 imperio,

2187 4946 2300 5014 Ipse
2336 4947 2452 5014 pius
2471 4945 2844 5012 compensabat
2861 4945 3140 5015 dispendia
3155 4960 3352 5010 rerum,

2259 5037 2511 5090 Mercedis
2539 5036 2678 5088 laeto
2703 5036 2932 5104 perpetis
2963 5036 3174 5091 intuitu.

2193 5125 2301 5178 Hac
2321 5124 2525 5178 invitati
2551 5123 2689 5177 fama
2717 5117 2834 5177 cum
2857 5125 3094 5192 partibus
3117 5125 3258 5178 orbis

2259 5216 2332 5268 De
2357 5214 2558 5268 cunctis
2582 5208 2648 5266 ad
2675 5228 2794 5267 eum
2814 5213 3136 5268 conﬂuerent
3162 5210 3361 5283 inopes,

2192 5303 2302 5357 Non
2329 5313 2503 5356 tamen
2528 5302 2582 5354 in
2610 5303 2819 5369 proprio
2847 5303 2975 5356 satis
2998 5316 3246 5357 exercere
3262 5302 3485 5372 putabat

2259 5392 2439 5461 Regno
2466 5392 2690 5459 gratuite
2713 5390 3001 5459 largitionis
3024 5406 3175 5460 opus,

2195 5481 2297 5534 Sed
2322 5495 2414 5549 per
2434 5479 2630 5548 legatos
2656 5479 2896 5532 mittebat
2919 5480 2982 5532 ad
3013 5488 3194 5534 extera
3220 5479 3376 5548 regna

2263 5567 2587 5622 Christicolis
2611 5567 2794 5622 crebro
2817 5584 3030 5624 munera
3059 5562 3404 5639 pauperibus;

2114 4365 2162 4424 D
