3886 6228
247 359 336 412 755

247 471 379 533 Quos
405 467 667 531 Aegyptus
691 460 1077 528 Alexandrique
1097 475 1157 512 ex
1177 460 1388 512 nomine
1409 457 1549 511 dicta

310 554 443 608 Urbs
462 551 644 616 inopes
665 548 864 611 habuit,
895 549 1023 601 iuvit
1046 563 1135 601 eos
1163 547 1366 615 Opibus.

248 643 414 698 Africa
449 640 751 692 munillcum
776 624 1106 706 Cartagoque
1132 645 1370 690 senserat
1396 636 1562 697 illum,

310 729 397 781 Est
423 735 637 794 experta
664 726 791 778 satis
818 724 1108 793 largifluum
1141 722 1311 791 Syria.

247 815 315 867 At]
345 813 737 866 Hierosolimam
761 827 849 865 seu
872 821 1043 865 cetera
1068 826 1200 879 quae
1231 811 1341 864 loca
1370 811 1564 865 Christi

309 898 478 951 Ccstis
499 899 764 965 corporeis
792 898 1114 950 sanctiﬁcata
1143 905 1389 958 manent,

247 987 457 1053 Saepius
482 985 707 1055 indignis
744 984 980 1038 donanda
1006 984 1245 1037 fidelibus
1274 984 1387 1035 auri
1481 1041 1487 1048 ,

310 1075 445 1127 .‘llisit
467 1083 520 1127 et
544 1075 742 1142 argenti
767 1074 1001 1141 pondera
1027 1089 1127 1126 non
1164 1076 1388 1127 modica.

246 1166 407 1217 Trans
435 1179 578 1217 mare
600 1160 829 1232 gentiles
841 1164 1041 1230 positos
1065 1164 1232 1215 solum
1253 1163 1348 1216 sibi
1378 1178 1525 1230 reges

308 1253 382 1304 Ad
404 1255 501 1305 hoc
531 1253 734 1305 firmata
760 1253 929 1306 iunxit
963 1254 1210 1316 amicitia,

242 1344 489 1408 Quatinus
520 1343 744 1409 illorum,
773 1344 858 1410 qui
883 1342 978 1395 sub
1006 1344 1201 1396 ditione
1224 1344 1403 1397 fideles

304 1434 510 1493 Essent,
540 1431 868 1499 perciperent
894 1432 1013 1485 inde
1034 1430 1386 1501 refrigerium.

243 1520 471 1586 Praeque
496 1518 621 1569 locis
646 1516 843 1570 sanctis
856 1516 991 1581 aliis,
1017 1515 1317 1592 speCialiter
1340 1519 1453 1571 eius

304 1609 458 1661 Menti
484 1607 751 1662 Romanae
779 1609 916 1662 sedis
936 1606 1161 1662 inhaesit
1184 1624 1363 1673 amor;

239 1698 362 1749 Nam
398 1707 636 1750 sanctum
663 1711 919 1751 venerans
945 1696 1180 1760 Petrum,
1211 1698 1298 1764 qui
1326 1697 1553 1765 claviger
1577 1706 1720 1751 extat

301 1789 462 1851 Caeli,
491 1789 681 1857 quique
702 1788 847 1842 chori
871 1788 1072 1855 primus
1099 1786 1389 1855 apostolici.

238 1879 354 1929 llius
384 1878 448 1929 ad
485 1876 793 1929 accclcsiam
830 1874 1047 1928 donaria
1086 1877 1315 1929 maxima
1342 1891 1464 1943 sepe

303 1966 528 2027 Mittens,
561 1966 831 2018 thesauros
858 1964 1075 2017 contulit
1104 1965 1423 2027 innumeros,

236 2054 403 2121 Atque
430 2053 509 2105 sui
538 2053 703 2121 magis
731 2053 781 2104 in
809 2060 917 2104 toto
947 2051 1018 2103 nil
1049 2058 1287 2119 tempore
1317 2050 1462 2120 regni

304 2142 537 2204 Curavit,
562 2142 729 2193 maius
758 2156 859 2194 non
887 2141 1069 2194 habuit
1092 2142 1339 2204 studium,

240 2234 406 2296 Quam
436 2232 587 2285 sedes
611 2231 845 2285 Romana
869 2245 963 2283 suo
996 2230 1283 2283 munimine
1309 2229 1459 2295 fulta,

305 2319 372 2373 Ut
395 2319 561 2371 veteri
586 2318 782 2385 pollens
812 2318 1081 2370 nobilitate
1109 2314 1275 2370 foret.

238 2410 299 2460 lit
335 2417 512 2459 tamen
547 2408 657 2475 ipse
682 2415 867 2474 quater
896 2413 1096 2458 tantum
1121 2415 1431 2474 pervenerat
1458 2407 1562 2467 illa,

306 2500 437 2551 Vota
459 2511 746 2565 precesque
772 2496 855 2564 pia
884 2496 1087 2550 solvere
1101 2504 1274 2549 mente
1298 2496 1495 2559 volens,

240 2588 461 2641 l'ltimus
484 2586 736 2640 adventus
756 2586 855 2638 hac
883 2600 1039 2657 causa
1065 2585 1281 2655 contigit
1303 2587 1435 2648 eius,

302 2676 454 2741 Quod
484 2675 721 2729 turbatus
745 2682 861 2727 erat
888 2682 1011 2728 tunc
1040 2682 1206 2747 status
1233 2675 1505 2737 ecclesiae,

239 2768 450 2820 Scilicet
470 2767 637 2820 eiecto
663 2765 815 2819 simul
851 2774 903 2818 et
933 2772 1192 2820 tormenta
1221 2765 1395 2819 Leone

302 2854 549 2907 Praesule
574 2869 822 2922 perpesso
847 2854 1047 2907 civibus
1070 2869 1097 2906 a
1136 2840 1383 2922 propriis.

239 2943 344 2996 lloc
363 2941 511 3010 quasi
541 2940 811 3010 naufragio
840 2956 1083 3009 suprema
1105 2942 1334 3009 pericula
1356 2958 1565 3009 passum

306 3034 667 3100 Vexatumque
692 3033 789 3086 loci
814 3033 1075 3087 sedicionc
1095 3041 1307 3097 statum,

237 3124 313 3177 Ad
338 3130 549 3191 portmn
574 3121 806 3191 placidae
829 3124 1013 3173 statuit
1044 3138 1290 3175 revocare
1324 3123 1533 3188 quietis,

302 3208 415 3262 lllic
436 3210 533 3276 per
554 3216 715 3261 totam
744 3223 908 3276 poene
936 3224 1151 3262 manens
1182 3209 1429 3263 hiemem.

239 3296 384 3350 Tunc
411 3296 601 3349 ibidem
624 3295 829 3349 culmen
851 3304 1155 3363 susceperat
1184 3296 1471 3365 imperiale,

304 3384 501 3440 Ordine
530 3401 634 3453 quo
670 3393 856 3452 quarto
885 3386 1109 3440 diximus
1135 3395 1253 3439 ante
1280 3387 1430 3440 libro.

239 3475 384 3537 Quod
408 3483 583 3526 tamen
612 3459 804 3539 invitus
821 3472 953 3542 papa
980 3483 1196 3541 cogente
1233 3475 1445 3541 recepit,

306 3563 370 3615 Et
399 3561 579 3615 multis
600 3555 777 3630 populi
797 3558 1037 3615 Romulei
1075 3562 1337 3630 precibus.

238 3652 333 3715 Qui
373 3653 419 3704 si
450 3651 724 3705 consilium
754 3650 1067 3718 praescisset
1091 3647 1348 3716 praesulis
1374 3657 1514 3711 ante,

305 3742 457 3794 Tunc
492 3756 548 3794 se
570 3741 903 3809 subtraheret
929 3755 1143 3808 prorsus
1177 3739 1243 3791 ab
1270 3740 1542 3799 aecclcsia,

237 3834 471 3901 Denique
505 3834 582 3886 sic
609 3832 785 3884 multis
812 3845 988 3885 coram
1024 3831 1283 3883 iuraverat
1304 3830 1433 3897 ipse,

305 3921 560 3986 Quamvis
589 3919 674 3971 illa
697 3919 808 3971 dies
828 3918 979 3970 valde
1008 3916 1142 3970 foret
1163 3917 1405 3971 celebris.

237 4012 448 4065 Videris
473 4011 572 4063 hoc
593 4008 665 4062 illi
694 4015 893 4061 tantum
929 4022 1025 4060 cur
1052 4005 1420 4074 displicuisset,

304 4100 458 4166 Quod
483 4114 594 4153 mos
617 4105 697 4151 est
719 4097 834 4151 aliis
864 4096 1074 4166 regibus
1097 4105 1361 4163 appetere.

237 4189 349 4257 ipse
379 4190 561 4241 decem
600 4186 849 4255 posthaec
874 4192 927 4237 et
954 4192 1132 4235 ternos
1158 4183 1371 4235 circiter
1396 4167 1558 4241 aimos

304 4277 546 4346 Augn‘sto
567 4276 734 4328 laetus
759 4274 888 4325 vixit
919 4274 970 4325 in
1000 4272 1237 4338 imperio.

238 4367 291 4419 ln
316 4367 511 4432 quibus
532 4364 769 4430 antiquas
797 4362 935 4430 leges
958 4361 1205 4423 correxit,
1232 4362 1283 4413 in
1306 4359 1432 4428 ipsis

306 4454 463 4507 Uniri
491 4453 743 4505 mandans
765 4452 973 4504 dissona
1008 4465 1107 4518 que
1139 4449 1363 4503 fuerant.

238 4544 453 4597 Addidit
476 4542 557 4596 his
586 4542 740 4595 etiam
758 4542 959 4594 noviter
983 4555 1115 4608 quae
1136 4556 1363 4608 congrua
1403 4540 1562 4595 duxit.

307 4632 486 4685 Pauca
516 4630 721 4698 quidem
746 4645 963 4683 numero
986 4628 1133 4682 valde
1166 4631 1255 4682 sed
1282 4628 1448 4685 utilia,

239 4722 667 4787 tiunctorumque
691 4719 769 4771 sui
796 4718 936 4785 regni
969 4716 1107 4783 leges
1140 4717 1446 4784 populorum

306 4809 550 4876 Collegit,
578 4809 755 4876 plures
784 4807 900 4859 inde
926 4807 1086 4859 libros
1115 4807 1347 4859 faciens.

243 4899 347 4953 Nec
388 4914 493 4952 non
516 4912 649 4967 quae
676 4906 911 4949 veterum
934 4895 1248 4964 depromunt
1279 4895 1474 4963 proelia
1505 4909 1707 4962 regum,

310 4989 548 5041 Barbara
576 4988 839 5040 mandavit
865 4988 1096 5040 carmina
1123 4986 1387 5039 litterulis.

240 5077 430 5145 Coepit
458 5083 509 5129 et
537 5075 727 5142 ingenii
756 5074 879 5126 totis
908 5089 1027 5126 cum
1054 5074 1252 5127 viribus
1277 5072 1413 5125 acris

308 5166 365 5218 In
393 5165 623 5232 linguam
652 5164 913 5231 propriam
944 5170 1149 5214 vertere
1179 5161 1591 5229 grammaticam.

242 5255 420 5307 Ardua
447 5251 780 5321 phylosophis
806 5251 961 5304 etiam
993 5265 1078 5303 res
1104 5251 1235 5302 haec
1263 5250 1413 5311 foret,
1445 5256 1609 5301 artem

240 5346 243 5349 '
310 5342 391 5395 Ad
421 5343 561 5395 hanc
586 5355 881 5394 sermonem
909 5353 1094 5407 cogere
1118 5338 1470 5391 barbaricum.

245 5434 467 5489 Talibus
497 5450 525 5487 a
552 5434 737 5488 studiis
764 5449 865 5486 non
895 5433 1038 5499 regni
1069 5431 1294 5485 maxima
1323 5445 1465 5489 cura,

313 5525 430 5579 Non
458 5534 605 5577 actas
632 5524 839 5591 gravior
868 5531 973 5575 tum
1006 5521 1269 5575 revocavit
1297 5533 1437 5571 cum.

249 5620 537 5688 (Iompotus
567 5617 763 5670 annalis
796 5616 955 5667 [ειμι-λι
991 5612 1293 5667 mitissimus
1330 5609 1420 5669 illi,

541 352 782 405 ANNAL.
824 353 907 404 DE
942 350 1177 404 GESTIS
1214 352 1272 403 Β.
1313 349 1713 404 εΑιιοιιοΜΑ(

1844 349 2011 403 LIBRI
2052 354 2111 404 ν.
2148 383 2211 389 -—
2251 354 2403 405 V'l'l'A
2451 354 2713 409 CAROLI.
2757 386 2821 393 —-
2857 356 2977 407 LIB.
3027 354 3082 404 V.

1772 1765 1838 1823 ,ll

3206 330 3218 347 “
3287 353 3386 406 754

1796 462 1841 517 A
1936 459 2100 521 Quem
2136 460 2423 512 rimabatur
2457 469 2631 515 mente
2668 462 2795 513 satis
2825 461 2987 527 vigili.

1868 547 2106 601 Sidereos
2135 558 2299 612 ortus,
2331 566 2533 611 cursus,
2568 552 2840 618 obitusque
2869 552 3100 613 notabat,

1934 635 2113 689 Nullus
2138 651 2255 689 eum
2282 646 2503 705 punctus
2534 640 2731 691 zodiaci
2760 639 2931 691 latuit.

1868 724 1932 775 Et
1957 727 2124 778 ventis
2149 727 2230 779 bis
2258 742 2347 779 sex
2379 727 2591 779 totidem
2623 743 2828 795 quoque
2857 730 3123 784 mensibus
3150 729 3259 797 ipse

1934 812 2255 867 Francorum
2284 814 2455 883 lingua
2486 817 2691 890 nomina
2721 818 3031 884 composuit.

1866 900 1940 952 llli
1968 918 2191 969 namque
2217 905 2362 971 prius
2393 918 2599 958 menses
2625 903 2803 958 dixere
2832 906 3007 959 latinis

1935 989 1998 1040 Et
2022 991 2214 1055 partim
2241 992 2444 1059 linguae
2471 992 2767 1046 nominibus
2790 995 3061 1060 propriae;

1866 1080 2147 1132 Ventorum
2179 1097 2303 1133 vero
2330 1083 2564 1149 proferre
2590 1084 2844 1136 vocabula
2873 1093 3075 1136 tantum

1934 1171 2131 1223 Norant
2167 1172 2372 1240 eloquio
2408 1181 2655 1239 quattuor
2688 1168 2808 1225 ante
2844 1187 2956 1227 suo.

1868 1259 2045 1312 Nonne
2071 1260 2251 1312 videns
2282 1268 2532 1327 quantum
2560 1260 2762 1312 sudarit
2788 1261 2839 1311 in
2864 1260 3065 1314 artibus
3091 1260 3225 1323 istis,

1933 1347 2133 1399 Proelia
2162 1350 2244 1399 vix
2278 1350 2342 1401 ab
2370 1364 2431 1401 eo
2460 1349 2723 1414 quaelibet
2749 1357 2863 1402 acta
2890 1350 3083 1416 putes?

1866 1438 2065 1488 l'lursus
2097 1436 2140 1487 si
2171 1451 2414 1488 numeres
2440 1436 2671 1489 eiusdem
2698 1436 2853 1500 bella,
2884 1438 3198 1505 triumphos,

1932 1525 2104 1577 Armis
2133 1533 2212 1577 tot
2240 1540 2399 1593 regna
2426 1524 2652 1587 subdita,
2683 1532 2759 1577 tot
2782 1526 3019 1593 populos,

1865 1611 1982 1665 Otia
2016 1613 2246 1672 mireris,
2276 1613 2486 1679 quando
2515 1612 2596 1665 vel
2628 1628 2785 1681 parva
2818 1614 3049 1683 legendi,

1940 1703 2031 1755 Vel
2058 1703 2181 1769 quid
2211 1702 2443 1755 discendi
2472 1702 2751 1768 contigerit
2780 1703 3055 1770 spacium?

1869 1790 1996 1843 Cum
2030 1790 2204 1856 operis
2238 1789 2414 1842 differs
2450 1790 2604 1843 huius
2641 1789 2793 1844 ﬁnire
2829 1791 3081 1854 laborem,

1936 1877 2065 1928 Dum
2091 1876 2264 1930 Caroli
2291 1878 2521 1945 tmpidas
2548 1878 2723 1931 dicere
2751 1894 2901 1932 mens
2929 1881 3151 1943 obitum,

1781 1958 1784 1962 ’
1869 1965 1950 2031 Sit
1978 1965 2099 2018 licet
2128 1966 2226 2017 hoc
2256 1967 2404 2018 nobis
2433 1974 2675 2028 mestum,
2706 1967 2775 2019 sit
2804 1966 2974 2029 triste,
3002 1969 3092 2021 sed
3116 1969 3244 2022 ordo

1936 2054 2127 2121 Exigit,
2158 2054 2309 2121 idque
2335 2054 2461 2106 nihil
2491 2070 2583 2107 nos
2612 2055 2832 2107 reticere
2858 2055 3019 2107 iuvat.

1869 2142 2002 2206 Quin
2034 2142 2206 2209 potius
2232 2142 2410 2194 dulces
2436 2141 2684 2195 lacrimae
2712 2144 3010 2211 lugentibus
3034 2158 3171 2206 esse,

1934 2230 2105 2297 Atque
2135 2230 2213 2283 sui
2248 2232 2475 2297 gemitus
2513 2230 2627 2299 ipsa
2655 2231 2868 2298 querela
2906 2231 3054 2285 solet.

1870 2319 2036 2385 ipsius
2064 2326 2120 2369 ut
2150 2319 2294 2385 regni
2324 2317 2640 2372 Hludovicus
2670 2319 2806 2372 ﬁlius
2832 2321 2985 2374 lieres
3194 2388 3195 2391 η

1939 2406 2001 2457 Et
2032 2420 2247 2459 consors
2275 2406 2463 2469 factus,
2492 2416 2651 2474 patre
2672 2409 2899 2470 iubente,
2930 2407 3026 2460 fuit
3044 2439 3111 2446 —

1873 2495 2104 2563 Namque
2132 2497 2271 2548 hunc
2296 2496 2585 2563 Augustum
2614 2506 2821 2565 sumpto
2847 2498 3136 2551 diademate
3162 2499 3261 2553 dici
3278 2537 3292 2559 ,
3372 2536 3375 2537 ν

1940 2584 2009 2637 Ut
2040 2592 2243 2651 regeret
2272 2599 2451 2637 secum
2482 2587 2706 2637 iusserat
2734 2584 3007 2653 imperium
3030 2615 3096 2623 —

1872 2670 1984 2735 Ipse
2009 2670 2197 2722 dehinc
2229 2672 2414 2723 morbo
2443 2672 2640 2736 pariter
2668 2670 2901 2725 defessus
2931 2678 2982 2723 et
3010 2686 3154 2736 aevo,

1938 2757 2167 2811 Alterius
2192 2757 2330 2810 vitae
2359 2758 2525 2810 tendit
2553 2761 2618 2812 ad
2643 2760 2935 2814 introitum.

1876 2849 2129 2901 Venatum
2156 2856 2330 2899 tamen
2357 2860 2421 2899 ex
2448 2847 2562 2899 aula
2591 2851 2822 2914 perrexit
2842 2850 3092 2917 Aquensi,

1940 2934 2186 2986 Autumni
2219 2934 2365 3001 lapso
2391 2943 2624 3002 tempore
2654 2938 2756 2991 iam
2783 2940 2972 2993 medio.

1875 3025 2005 3077 llinc
2035 3026 2087 3076 in
2114 3025 2431 3092 praedictam
2463 3027 2668 3081 rediens
2695 3044 2754 3081 se
2779 3032 2999 3084 contulit
3023 3033 3212 3096 aulam,

1801 3098 1845 3160 C
1944 3113 2231 3180 Disponens
2261 3114 2313 3166 in
2343 3128 2405 3167 eo
2438 3123 2561 3169 tunc
2590 3116 2821 3171 hiemare
2848 3119 2981 3181 loco,

1874 3202 1942 3253 At
1969 3203 2164 3254 mensis
2190 3204 2401 3256 veniens
2428 3203 2535 3257 lani
2562 3205 2625 3259 de
2654 3208 2863 3261 nomine
2890 3208 3061 3262 dictus

1944 3292 2167 3345 Acribus
2194 3292 2333 3347 hunc
2360 3296 2532 3348 subito
2558 3295 2791 3352 febribus
2822 3299 3075 3367 inplicuit.

1875 3380 2245 3448 Ahstinuitque
2272 3383 2419 3445 cibis,
2454 3386 2630 3437 statim
2662 3387 2737 3439 sic
2764 3364 2957 3455 pellere
2986 3391 3196 3444 morbos

1944 3469 2036 3520 Vel
2063 3469 2233 3521 saltim
2266 3470 2431 3523 levius
2454 3470 2593 3524 ferre
2622 3487 2742 3527 suos
2771 3474 2971 3527 solitus.

1879 3556 1980 3610 Sed
2010 3558 2157 3611 dolor
2182 3559 2436 3612 accedens
2463 3559 2660 3621 lateris,
2691 3560 2795 3613 iam
2826 3570 3032 3630 tempus
3059 3564 3243 3617 adesse

1836 3638 1837 3641 “
1944 3649 2065 3700 Eius
2093 3644 2339 3701 decessus
2365 3648 2560 3701 fecerat
2588 3651 2726 3704 haud
2749 3652 2965 3705 dubium
2994 3670 3005 3703 :

1877 3739 2109 3809 Cumque
2134 3736 2246 3790 dies
2272 3722 2425 3790 senos
2452 3738 2805 3800 decumberet,
2836 3739 2954 3792 inde
2981 3750 3190 3794 secutus

1946 3823 2209 3891 Septimus
2237 3824 2359 3877 huic
2385 3826 2522 3878 vitae
2549 3825 2763 3878 ultimus
2788 3827 3053 3880 extiterat.

1877 3916 1930 3967 ln
1962 3930 2064 3981 quo
2088 3921 2334 3981 percepto
2360 3916 2656 3967 venerando
2685 3930 2906 3983 corpore
2930 3916 3145 3982 Christi,

1943 4004 2165 4070 Adiungi
2191 4005 2382 4057 meruit
2408 4003 2609 4057 civibus
2638 4005 2916 4059 acthereis.

1878 4097 1931 4148 In
1962 4095 2154 4163 templo
2184 4095 2315 4148 situs
2345 4101 2443 4157 est,
2472 4094 2663 4147 ibidem
2692 4096 2830 4161 quod
2857 4097 3091 4150 condidit
3119 4097 3249 4166 ipse,

1946 4185 2097 4249 Quali
2127 4200 2244 4236 cum
2276 4183 2419 4237 luctu
2448 4198 2600 4235 nemo
2628 4183 2829 4236 referre
2856 4184 3011 4236 valet.

1877 4276 1999 4328 Post
2025 4276 2350 4339 octingentos
2376 4272 2573 4327 Christi
2607 4275 2868 4327 nascentis
2898 4275 2962 4327 ab
2990 4284 3111 4329 ortu

1945 4364 2040 4419 llic
2069 4379 2235 4418 annus
2261 4372 2481 4432 quartus
2508 4364 2677 4416 extitit
2707 4372 2758 4416 et
2784 4364 3047 4436 decimus;

1806 4428 1851 4482 D
1880 4454 1991 4521 ipse
2019 4454 2101 4504 die
2127 4428 2308 4519 quinta
2336 4452 2630 4505 decesserat
2660 4460 2779 4504 ante
2805 4432 3064 4507 Kalendas

1923 4565 1925 4567 ί
1952 4542 2161 4604 Mensis,
2189 4556 2292 4608 quo
2320 4540 2483 4591 Numa
2514 4555 2605 4592 rex
2632 4540 2838 4594 Februa
2868 4524 3157 4596 constituit.

1883 4630 2464 4697 Multapropinquantis
2493 4627 2697 4681 fuerant
2732 4631 2999 4697 praesagia
3030 4630 3165 4692 finis,

1948 4718 2117 4787 Atque
2148 4719 2219 4770 rei
2252 4725 2427 4770 tantae
2454 4732 2682 4785 congrua
2708 4718 2961 4787 prodigia.

1883 4809 2112 4874 Denique
2139 4806 2371 4860 defectus
2398 4807 2523 4859 solis
2552 4806 2775 4873 luneque
2800 4807 3101 4875 frequenter

1950 4897 2115 4948 Annis
2140 4894 2399 4948 continuis
2429 4893 2647 4960 contigit
2675 4902 2794 4946 ante
2820 4895 3007 4947 tribus.

1884 4984 2122 5053 Septenis
2149 4989 2263 5035 ater
2289 4981 2430 5035 color
2455 4989 2532 5034 est
2562 4982 2612 5034 in
2642 4981 2750 5034 sole
2778 4972 2961 5035 diebus

1952 5074 2105 5125 Visus
2134 5072 2422 5137 lucigenam
2450 5068 2835 5123 commaculans
2863 5068 3079 5133 faciem;

1884 5164 2121 5217 Porticus
2148 5162 2432 5213 immensae
2460 5157 2611 5211 molis
2636 5157 2881 5225 collapsa,
2910 5164 3123 5225 repente

1952 5250 2115 5303 Aulac
2145 5249 2246 5300 iam
2275 5247 2440 5300 dictae
2470 5259 2623 5298 omne
2652 5245 2808 5297 decus
2836 5244 3052 5309 minuit;

1878 5338 2143 5404 Quemque
2171 5336 2348 5388 decem
2373 5332 2543 5385 Rheni
2571 5338 2783 5397 pontem
2808 5334 3173 5387 construxerat
3200 5337 3367 5393 annis,

1948 5427 2101 5479 Horis
2130 5423 2450 5491 consumpsit
2479 5421 2688 5474 flamma
2717 5421 2886 5475 tribus
2912 5422 3155 5489 poenitus
3182 5443 3191 5475 :

1881 5517 2009 5568 Nam
2038 5514 2134 5567 nisi
2164 5528 2297 5581 quae
2326 5511 2504 5564 labens
2531 5508 2714 5561 fluvius
2742 5510 3073 5563 subtraxerat
3103 5511 3204 5579 igni
3228 5555 3239 5571 .

1955 5604 2133 5656 Astula
2166 5619 2257 5655 nec
2286 5602 2468 5654 saltem
2499 5615 2653 5666 parva
2685 5598 3026 5665 superfuerat.
