  <div class='ocr_page' id='page_1' title='image "/cluster/home/n/w/nwhite01/storage/ocr_20150623/99/uva.x000827057/373.png"; bbox 0 0 3886 6228; ppageno 0'>
   <div class='ocr_carea' id='block_1_1' title="bbox 576 319 2033 418">
    <p class='ocr_par' dir='ltr' id='par_1_1' title="bbox 576 319 2033 418">
     <span class='ocr_line' id='line_1_1' title="bbox 576 319 2033 418; baseline -0.001 0"><span class='ocrx_word' id='word_1_1' title='bbox 576 364 676 418; x_wconf 76' lang='lat'><strong>755</strong></span> <span class='ocrx_word' id='word_1_2' title='bbox 1870 319 2033 417; x_wconf 58' lang='lat' dir='ltr'><strong>PCET</strong></span> 
     </span>
    </p>
   </div>
   <div class='ocr_carea' id='block_1_2' title="bbox 2168 319 3757 418">
    <p class='ocr_par' dir='ltr' id='par_1_2' title="bbox 2168 360 3757 417">
     <span class='ocr_line' id='line_1_2' title="bbox 2168 360 3757 417; baseline 0.003 -4"><span class='ocrx_word' id='word_1_3' title='bbox 2168 362 2419 417; x_wconf 58' lang='lat' dir='ltr'><strong>.AXONlS</strong></span> <span class='ocrx_word' id='word_1_4' title='bbox 3654 360 3757 411; x_wconf 49' lang='lat'><strong>73&quot;-</strong></span> 
     </span>
    </p>
   </div>
   <div class='ocr_carea' id='block_1_3' title="bbox 2126 474 3218 535">
    <p class='ocr_par' dir='ltr' id='par_1_3' title="bbox 2126 474 3218 535">
     <span class='ocr_line' id='line_1_3' title="bbox 2126 474 3218 535; baseline -0.003 -7"><span class='ocrx_word' id='word_1_5' title='bbox 2126 481 2173 535; x_wconf 75' lang='grc' dir='ltr'><strong>Α</strong></span> <span class='ocrx_word' id='word_1_6' title='bbox 2269 474 2457 529; x_wconf 81' lang='lat' dir='ltr'><strong>Desine</strong></span> <span class='ocrx_word' id='word_1_7' title='bbox 2484 474 2665 528; x_wconf 88' lang='lat' dir='ltr'><strong>mirari</strong></span> <span class='ocrx_word' id='word_1_8' title='bbox 2691 474 2941 531; x_wconf 76' lang='lat' dir='ltr'><strong>historias</strong></span> <span class='ocrx_word' id='word_1_9' title='bbox 2963 485 3218 529; x_wconf 86' lang='lat' dir='ltr'><strong>veterum.</strong></span> 
     </span>
    </p>
   </div>
   <div class='ocr_carea' id='block_1_4' title="bbox 574 477 1855 549">
    <p class='ocr_par' dir='ltr' id='par_1_4' title="bbox 574 477 1855 549">
     <span class='ocr_line' id='line_1_4' title="bbox 574 477 1855 549; baseline 0.002 -19"><span class='ocrx_word' id='word_1_10' title='bbox 574 479 790 546; x_wconf 82' lang='lat' dir='ltr'><strong>Ipseque</strong></span> <span class='ocrx_word' id='word_1_11' title='bbox 816 477 1077 531; x_wconf 89' lang='lat' dir='ltr'><strong>Danorum</strong></span> <span class='ocrx_word' id='word_1_12' title='bbox 1105 487 1287 532; x_wconf 83' lang='lat' dir='ltr'><strong>contra</strong></span> <span class='ocrx_word' id='word_1_13' title='bbox 1316 494 1491 549; x_wconf 92' lang='lat' dir='ltr'><strong>regem</strong></span> <span class='ocrx_word' id='word_1_14' title='bbox 1518 479 1855 534; x_wconf 85' lang='lat' dir='ltr'><strong>Godefridum</strong></span> 
     </span>
    </p>
   </div>
   <div class='ocr_carea' id='block_1_5' title="bbox 482 564 1675 637">
    <p class='ocr_par' dir='ltr' id='par_1_5' title="bbox 482 564 1675 637">
     <span class='ocr_line' id='line_1_5' title="bbox 482 564 1675 637; baseline 0.003 -19"><span class='ocrx_word' id='word_1_15' title='bbox 482 620 485 623; x_wconf 58' lang='grc'><strong>,</strong></span> <span class='ocrx_word' id='word_1_16' title='bbox 648 565 836 618; x_wconf 85' lang='lat' dir='ltr'><strong>Ultima</strong></span> <span class='ocrx_word' id='word_1_17' title='bbox 866 564 1147 632; x_wconf 90' lang='lat' dir='ltr'><strong>disponens</strong></span> <span class='ocrx_word' id='word_1_18' title='bbox 1170 565 1304 618; x_wconf 88' lang='lat' dir='ltr'><strong>bella</strong></span> <span class='ocrx_word' id='word_1_19' title='bbox 1334 582 1493 621; x_wconf 80' lang='lat' dir='ltr'><strong>senex</strong></span> <span class='ocrx_word' id='word_1_20' title='bbox 1521 583 1675 637; x_wconf 85' lang='lat' dir='ltr'><strong>agere</strong></span> 
     </span>
    </p>
   </div>
   <div class='ocr_carea' id='block_1_6' title="bbox 528 652 1681 719">
    <p class='ocr_par' dir='ltr' id='par_1_6' title="bbox 528 652 1681 719">
     <span class='ocr_line' id='line_1_6' title="bbox 528 652 1681 719; baseline 0.006 -18"><span class='ocrx_word' id='word_1_21' title='bbox 528 696 529 701; x_wconf 45' lang='grc' dir='ltr'><strong>η</strong></span> <span class='ocrx_word' id='word_1_22' title='bbox 574 652 684 704; x_wconf 83' lang='lat' dir='ltr'><strong>Ibat</strong></span> <span class='ocrx_word' id='word_1_23' title='bbox 715 667 808 719; x_wconf 89' lang='lat' dir='ltr'><strong>per</strong></span> <span class='ocrx_word' id='word_1_24' title='bbox 832 652 1058 719; x_wconf 89' lang='lat' dir='ltr'><strong>patriam</strong></span> <span class='ocrx_word' id='word_1_25' title='bbox 1083 667 1201 705; x_wconf 92' lang='lat' dir='ltr'><strong>cum</strong></span> <span class='ocrx_word' id='word_1_26' title='bbox 1231 654 1397 707; x_wconf 90' lang='lat' dir='ltr'><strong>milite</strong></span> <span class='ocrx_word' id='word_1_27' title='bbox 1424 662 1681 718; x_wconf 88' lang='lat' dir='ltr'><strong>nostram,</strong></span> 
     </span>
    </p>
   </div>
   <div class='ocr_carea' id='block_1_7' title="bbox 640 740 1501 795">
    <p class='ocr_par' dir='ltr' id='par_1_7' title="bbox 640 740 1501 795">
     <span class='ocr_line' id='line_1_7' title="bbox 640 740 1501 795; baseline 0.002 -4"><span class='ocrx_word' id='word_1_28' title='bbox 640 740 780 792; x_wconf 87' lang='lat' dir='ltr'><strong>Exiit</strong></span> <span class='ocrx_word' id='word_1_29' title='bbox 806 748 859 792; x_wconf 91' lang='lat' dir='ltr'><strong>et</strong></span> <span class='ocrx_word' id='word_1_30' title='bbox 886 741 1076 793; x_wconf 76' lang='lat' dir='ltr'><strong>castris</strong></span> <span class='ocrx_word' id='word_1_31' title='bbox 1102 742 1373 794; x_wconf 84' lang='lat' dir='ltr'><strong>exoriente</strong></span> <span class='ocrx_word' id='word_1_32' title='bbox 1399 742 1501 795; x_wconf 85' lang='lat' dir='ltr'><strong>die.</strong></span> 
     </span>
    </p>
   </div>
   <div class='ocr_carea' id='block_1_8' title="bbox 572 826 1802 895">
    <p class='ocr_par' dir='ltr' id='par_1_8' title="bbox 572 826 1802 895">
     <span class='ocr_line' id='line_1_8' title="bbox 572 826 1802 895; baseline 0.002 -15"><span class='ocrx_word' id='word_1_33' title='bbox 572 826 700 880; x_wconf 86' lang='lat' dir='ltr'><strong>Nam</strong></span> <span class='ocrx_word' id='word_1_34' title='bbox 731 836 840 881; x_wconf 91' lang='lat' dir='ltr'><strong>tum</strong></span> <span class='ocrx_word' id='word_1_35' title='bbox 868 828 1083 895; x_wconf 88' lang='lat' dir='ltr'><strong>pallenti</strong></span> <span class='ocrx_word' id='word_1_36' title='bbox 1112 830 1391 895; x_wconf 81' lang='lat' dir='ltr'><strong>spargebat</strong></span> <span class='ocrx_word' id='word_1_37' title='bbox 1418 830 1534 881; x_wconf 91' lang='lat' dir='ltr'><strong>luce</strong></span> <span class='ocrx_word' id='word_1_38' title='bbox 1561 844 1802 883; x_wconf 89' lang='lat' dir='ltr'><strong>serenum</strong></span> 
     </span>
    </p>
   </div>
   <div class='ocr_carea' id='block_1_9' title="bbox 635 915 1727 984">
    <p class='ocr_par' dir='ltr' id='par_1_9' title="bbox 635 915 1727 984">
     <span class='ocr_line' id='line_1_9' title="bbox 635 915 1727 984; baseline 0 -15"><span class='ocrx_word' id='word_1_39' title='bbox 635 915 771 969; x_wconf 82' lang='lat' dir='ltr'><strong>Aéra</strong></span> <span class='ocrx_word' id='word_1_40' title='bbox 801 916 877 967; x_wconf 91' lang='lat' dir='ltr'><strong>sol</strong></span> <span class='ocrx_word' id='word_1_41' title='bbox 900 917 1103 983; x_wconf 84' lang='lat' dir='ltr'><strong>superis</strong></span> <span class='ocrx_word' id='word_1_42' title='bbox 1129 917 1369 983; x_wconf 89' lang='lat' dir='ltr'><strong>partibus</strong></span> <span class='ocrx_word' id='word_1_43' title='bbox 1394 918 1727 984; x_wconf 86' lang='lat' dir='ltr'><strong>appropians.</strong></span> 
     </span>
    </p>
   </div>
   <div class='ocr_carea' id='block_1_10' title="bbox 567 1002 1735 1072">
    <p class='ocr_par' dir='ltr' id='par_1_10' title="bbox 567 1002 1735 1072">
     <span class='ocr_line' id='line_1_10' title="bbox 567 1002 1735 1072; baseline 0.002 -16"><span class='ocrx_word' id='word_1_44' title='bbox 567 1002 814 1056; x_wconf 86' lang='lat' dir='ltr'><strong>Cernitur</strong></span> <span class='ocrx_word' id='word_1_45' title='bbox 840 1020 870 1055; x_wconf 87' lang='lat' dir='ltr'><strong>a</strong></span> <span class='ocrx_word' id='word_1_46' title='bbox 895 1004 1098 1056; x_wconf 89' lang='lat' dir='ltr'><strong>cunctis</strong></span> <span class='ocrx_word' id='word_1_47' title='bbox 1127 1004 1299 1056; x_wconf 91' lang='lat' dir='ltr'><strong>subito</strong></span> <span class='ocrx_word' id='word_1_48' title='bbox 1327 1004 1536 1072; x_wconf 90' lang='lat' dir='ltr'><strong>delapsa</strong></span> <span class='ocrx_word' id='word_1_49' title='bbox 1566 1005 1735 1058; x_wconf 88' lang='lat' dir='ltr'><strong>ruisse</strong></span> 
     </span>
    </p>
   </div>
   <div class='ocr_carea' id='block_1_11' title="bbox 637 1090 1619 1159">
    <p class='ocr_par' dir='ltr' id='par_1_11' title="bbox 637 1090 1619 1159">
     <span class='ocr_line' id='line_1_11' title="bbox 637 1090 1619 1159; baseline 0.002 -17"><span class='ocrx_word' id='word_1_50' title='bbox 637 1090 710 1143; x_wconf 91' lang='lat' dir='ltr'><strong>De</strong></span> <span class='ocrx_word' id='word_1_51' title='bbox 737 1091 882 1143; x_wconf 88' lang='lat' dir='ltr'><strong>coelo</strong></span> <span class='ocrx_word' id='word_1_52' title='bbox 911 1092 1113 1157; x_wconf 87' lang='lat' dir='ltr'><strong>species</strong></span> <span class='ocrx_word' id='word_1_53' title='bbox 1138 1092 1325 1145; x_wconf 85' lang='lat' dir='ltr'><strong>sideris</strong></span> <span class='ocrx_word' id='word_1_54' title='bbox 1351 1092 1619 1159; x_wconf 87' lang='lat' dir='ltr'><strong>ignivomi,</strong></span> 
     </span>
    </p>
   </div>
   <div class='ocr_carea' id='block_1_12' title="bbox 568 1179 1789 1248">
    <p class='ocr_par' dir='ltr' id='par_1_12' title="bbox 568 1179 1789 1248">
     <span class='ocr_line' id='line_1_12' title="bbox 568 1179 1789 1248; baseline 0.002 -17"><span class='ocrx_word' id='word_1_55' title='bbox 568 1179 939 1247; x_wconf 75' lang='lat' dir='ltr'><strong>Vibratamque</strong></span> <span class='ocrx_word' id='word_1_56' title='bbox 968 1179 1133 1232; x_wconf 86' lang='lat' dir='ltr'><strong>facem</strong></span> <span class='ocrx_word' id='word_1_57' title='bbox 1162 1180 1316 1248; x_wconf 83' lang='lat' dir='ltr'><strong>longo</strong></span> <span class='ocrx_word' id='word_1_58' title='bbox 1346 1181 1572 1234; x_wconf 77' lang='lat' dir='ltr'><strong>traxisse</strong></span> <span class='ocrx_word' id='word_1_59' title='bbox 1598 1181 1789 1242; x_wconf 88' lang='lat' dir='ltr'><strong>volatu,</strong></span> 
     </span>
    </p>
   </div>
   <div class='ocr_carea' id='block_1_13' title="bbox 633 1268 1742 1338">
    <p class='ocr_par' dir='ltr' id='par_1_13' title="bbox 633 1268 1742 1338">
     <span class='ocr_line' id='line_1_13' title="bbox 633 1268 1742 1338; baseline 0.002 -19"><span class='ocrx_word' id='word_1_60' title='bbox 633 1268 809 1321; x_wconf 90' lang='lat' dir='ltr'><strong>Donec</strong></span> <span class='ocrx_word' id='word_1_61' title='bbox 837 1269 888 1320; x_wconf 90' lang='lat' dir='ltr'><strong>in</strong></span> <span class='ocrx_word' id='word_1_62' title='bbox 917 1268 1120 1321; x_wconf 88' lang='lat' dir='ltr'><strong>laevam</strong></span> <span class='ocrx_word' id='word_1_63' title='bbox 1149 1268 1345 1320; x_wconf 83' lang='lat' dir='ltr'><strong>decidit</strong></span> <span class='ocrx_word' id='word_1_64' title='bbox 1375 1270 1484 1336; x_wconf 89' lang='lat' dir='ltr'><strong>ipsa</strong></span> <span class='ocrx_word' id='word_1_65' title='bbox 1511 1270 1742 1338; x_wconf 81' lang='lat' dir='ltr'><strong>plagam.</strong></span> 
     </span>
    </p>
   </div>
   <div class='ocr_carea' id='block_1_14' title="bbox 566 1358 1871 1424">
    <p class='ocr_par' dir='ltr' id='par_1_14' title="bbox 566 1358 1871 1424">
     <span class='ocr_line' id='line_1_14' title="bbox 566 1358 1871 1424; baseline 0.001 -15"><span class='ocrx_word' id='word_1_66' title='bbox 566 1358 673 1410; x_wconf 90' lang='lat' dir='ltr'><strong>lloc</strong></span> <span class='ocrx_word' id='word_1_67' title='bbox 700 1358 1051 1410; x_wconf 89' lang='lat' dir='ltr'><strong>admirantem</strong></span> <span class='ocrx_word' id='word_1_68' title='bbox 1083 1358 1313 1423; x_wconf 85' lang='lat' dir='ltr'><strong>sonipes,</strong></span> <span class='ocrx_word' id='word_1_69' title='bbox 1343 1372 1446 1424; x_wconf 91' lang='lat' dir='ltr'><strong>quo</strong></span> <span class='ocrx_word' id='word_1_70' title='bbox 1471 1368 1652 1412; x_wconf 88' lang='lat' dir='ltr'><strong>vectus</strong></span> <span class='ocrx_word' id='word_1_71' title='bbox 1679 1359 1871 1421; x_wconf 85' lang='lat' dir='ltr'><strong>abibat,</strong></span> 
     </span>
    </p>
   </div>
   <div class='ocr_carea' id='block_1_15' title="bbox 634 1443 1525 1512">
    <p class='ocr_par' dir='ltr' id='par_1_15' title="bbox 634 1443 1525 1512">
     <span class='ocr_line' id='line_1_15' title="bbox 634 1443 1525 1512; baseline 0 -17"><span class='ocrx_word' id='word_1_72' title='bbox 634 1443 787 1496; x_wconf 86' lang='lat' dir='ltr'><strong>Elisit</strong></span> <span class='ocrx_word' id='word_1_73' title='bbox 812 1459 933 1497; x_wconf 90' lang='lat' dir='ltr'><strong>casu</strong></span> <span class='ocrx_word' id='word_1_74' title='bbox 964 1444 1236 1511; x_wconf 86' lang='lat' dir='ltr'><strong>praecipiti</strong></span> <span class='ocrx_word' id='word_1_75' title='bbox 1268 1444 1525 1512; x_wconf 76' lang='lat' dir='ltr'><strong>graviter;</strong></span> 
     </span>
    </p>
   </div>
   <div class='ocr_carea' id='block_1_16' title="bbox 566 1532 1823 1601">
    <p class='ocr_par' dir='ltr' id='par_1_16' title="bbox 566 1532 1823 1601">
     <span class='ocr_line' id='line_1_16' title="bbox 566 1532 1823 1601; baseline 0.002 -18"><span class='ocrx_word' id='word_1_76' title='bbox 566 1532 797 1599; x_wconf 75' lang='lat' dir='ltr'><strong>Denique</strong></span> <span class='ocrx_word' id='word_1_77' title='bbox 828 1533 1021 1600; x_wconf 41' lang='lat' dir='ltr'><strong>regalis.</strong></span> <span class='ocrx_word' id='word_1_78' title='bbox 1040 1532 1279 1585; x_wconf 85' lang='lat' dir='ltr'><strong>clamidis</strong></span> <span class='ocrx_word' id='word_1_79' title='bbox 1308 1532 1429 1586; x_wconf 90' lang='lat' dir='ltr'><strong>hinc</strong></span> <span class='ocrx_word' id='word_1_80' title='bbox 1456 1532 1612 1586; x_wconf 81' lang='lat' dir='ltr'><strong>ﬁbula</strong></span> <span class='ocrx_word' id='word_1_81' title='bbox 1642 1543 1823 1601; x_wconf 85' lang='lat' dir='ltr'><strong>rupta,</strong></span> 
     </span>
    </p>
   </div>
   <div class='ocr_carea' id='block_1_17' title="bbox 632 1619 1752 1688">
    <p class='ocr_par' dir='ltr' id='par_1_17' title="bbox 632 1619 1752 1688">
     <span class='ocr_line' id='line_1_17' title="bbox 632 1619 1752 1688; baseline -0.001 -16"><span class='ocrx_word' id='word_1_82' title='bbox 632 1621 1011 1687; x_wconf 85' lang='lat' dir='ltr'><strong>Disruptusque</strong></span> <span class='ocrx_word' id='word_1_83' title='bbox 1040 1619 1196 1671; x_wconf 88' lang='lat' dir='ltr'><strong>simul</strong></span> <span class='ocrx_word' id='word_1_84' title='bbox 1225 1619 1428 1672; x_wconf 83' lang='lat' dir='ltr'><strong>balteus</strong></span> <span class='ocrx_word' id='word_1_85' title='bbox 1456 1629 1537 1672; x_wconf 90' lang='lat' dir='ltr'><strong>est</strong></span> <span class='ocrx_word' id='word_1_86' title='bbox 1564 1620 1752 1688; x_wconf 80' lang='lat' dir='ltr'><strong>gladii,</strong></span> 
     </span>
    </p>
   </div>
   <div class='ocr_carea' id='block_1_18' title="bbox 566 1706 1957 1777">
    <p class='ocr_par' dir='ltr' id='par_1_18' title="bbox 566 1706 1957 1777">
     <span class='ocr_line' id='line_1_18' title="bbox 566 1706 1957 1777; baseline -0.001 -15"><span class='ocrx_word' id='word_1_87' title='bbox 566 1712 957 1774; x_wconf 76' lang='lat' dir='ltr'><strong>Excussumquc</strong></span> <span class='ocrx_word' id='word_1_88' title='bbox 988 1722 1144 1759; x_wconf 89' lang='lat' dir='ltr'><strong>manu</strong></span> <span class='ocrx_word' id='word_1_89' title='bbox 1176 1706 1356 1770; x_wconf 92' lang='lat' dir='ltr'><strong>telum,</strong></span> <span class='ocrx_word' id='word_1_90' title='bbox 1386 1709 1523 1774; x_wconf 90' lang='lat' dir='ltr'><strong>quod</strong></span> <span class='ocrx_word' id='word_1_91' title='bbox 1551 1707 1687 1761; x_wconf 87' lang='lat' dir='ltr'><strong>forte</strong></span> <span class='ocrx_word' id='word_1_92' title='bbox 1714 1709 1957 1777; x_wconf 84' lang='lat' dir='ltr'><strong>gerebat,</strong></span> 
     </span>
    </p>
   </div>
   <div class='ocr_carea' id='block_1_19' title="bbox 630 1795 1649 1863">
    <p class='ocr_par' dir='ltr' id='par_1_19' title="bbox 630 1795 1649 1863">
     <span class='ocr_line' id='line_1_19' title="bbox 630 1795 1649 1863; baseline -0.002 -14"><span class='ocrx_word' id='word_1_93' title='bbox 630 1798 824 1849; x_wconf 86' lang='lat' dir='ltr'><strong>Invitus</strong></span> <span class='ocrx_word' id='word_1_94' title='bbox 852 1797 1062 1863; x_wconf 88' lang='lat' dir='ltr'><strong>longum</strong></span> <span class='ocrx_word' id='word_1_95' title='bbox 1092 1795 1287 1847; x_wconf 90' lang='lat' dir='ltr'><strong>iecerat</strong></span> <span class='ocrx_word' id='word_1_96' title='bbox 1314 1796 1363 1848; x_wconf 92' lang='lat' dir='ltr'><strong>in</strong></span> <span class='ocrx_word' id='word_1_97' title='bbox 1396 1797 1649 1862; x_wconf 85' lang='lat' dir='ltr'><strong>spacium.</strong></span> 
     </span>
    </p>
   </div>
   <div class='ocr_carea' id='block_1_20' title="bbox 563 1884 1919 1955">
    <p class='ocr_par' dir='ltr' id='par_1_20' title="bbox 563 1884 1919 1955">
     <span class='ocr_line' id='line_1_20' title="bbox 563 1884 1919 1955; baseline 0.001 -16"><span class='ocrx_word' id='word_1_98' title='bbox 563 1888 803 1939; x_wconf 84' lang='lat' dir='ltr'><strong>Preterea</strong></span> <span class='ocrx_word' id='word_1_99' title='bbox 835 1895 1031 1937; x_wconf 88' lang='lat' dir='ltr'><strong>tremor</strong></span> <span class='ocrx_word' id='word_1_100' title='bbox 1057 1886 1158 1938; x_wconf 90' lang='lat' dir='ltr'><strong>hoc</strong></span> <span class='ocrx_word' id='word_1_101' title='bbox 1185 1884 1333 1937; x_wconf 84' lang='lat' dir='ltr'><strong>aulae</strong></span> <span class='ocrx_word' id='word_1_102' title='bbox 1358 1886 1620 1953; x_wconf 71' lang='lat' dir='ltr'><strong>praedixit</strong></span> <span class='ocrx_word' id='word_1_103' title='bbox 1640 1888 1919 1955; x_wconf 77' lang='lat' dir='ltr'><strong>Aquensis,</strong></span> 
     </span>
    </p>
   </div>
   <div class='ocr_carea' id='block_1_21' title="bbox 631 1974 1713 2039">
    <p class='ocr_par' dir='ltr' id='par_1_21' title="bbox 631 1974 1713 2039">
     <span class='ocr_line' id='line_1_21' title="bbox 631 1974 1713 2039; baseline 0.001 -12"><span class='ocrx_word' id='word_1_104' title='bbox 631 1974 946 2027; x_wconf 85' lang='lat' dir='ltr'><strong>Terrificans</strong></span> <span class='ocrx_word' id='word_1_105' title='bbox 974 1981 1191 2027; x_wconf 90' lang='lat' dir='ltr'><strong>cunctos</strong></span> <span class='ocrx_word' id='word_1_106' title='bbox 1217 1974 1443 2028; x_wconf 87' lang='lat' dir='ltr'><strong>motibus</strong></span> <span class='ocrx_word' id='word_1_107' title='bbox 1471 1975 1713 2039; x_wconf 86' lang='lat' dir='ltr'><strong>insolitis,</strong></span> 
     </span>
    </p>
   </div>
   <div class='ocr_carea' id='block_1_22' title="bbox 561 2061 1839 2129">
    <p class='ocr_par' dir='ltr' id='par_1_22' title="bbox 561 2061 1839 2129">
     <span class='ocr_line' id='line_1_22' title="bbox 561 2061 1839 2129; baseline 0.001 -14"><span class='ocrx_word' id='word_1_108' title='bbox 561 2064 717 2129; x_wconf 84' lang='lat' dir='ltr'><strong>quue</strong></span> <span class='ocrx_word' id='word_1_109' title='bbox 745 2064 930 2115; x_wconf 89' lang='lat' dir='ltr'><strong>domus</strong></span> <span class='ocrx_word' id='word_1_110' title='bbox 957 2061 1096 2129; x_wconf 90' lang='lat' dir='ltr'><strong>regis</strong></span> <span class='ocrx_word' id='word_1_111' title='bbox 1124 2062 1329 2127; x_wconf 89' lang='lat' dir='ltr'><strong>crepitu</strong></span> <span class='ocrx_word' id='word_1_112' title='bbox 1357 2062 1623 2128; x_wconf 77' lang='lat' dir='ltr'><strong>laquearia</strong></span> <span class='ocrx_word' id='word_1_113' title='bbox 1652 2064 1839 2116; x_wconf 90' lang='lat' dir='ltr'><strong>crebro</strong></span> 
     </span>
    </p>
   </div>
   <div class='ocr_carea' id='block_1_23' title="bbox 629 2146 1665 2215">
    <p class='ocr_par' dir='ltr' id='par_1_23' title="bbox 629 2146 1665 2215">
     <span class='ocr_line' id='line_1_23' title="bbox 629 2146 1665 2215; baseline -0.001 -13"><span class='ocrx_word' id='word_1_114' title='bbox 629 2149 891 2215; x_wconf 87' lang='lat' dir='ltr'><strong>Tactaque</strong></span> <span class='ocrx_word' id='word_1_115' title='bbox 920 2148 1162 2215; x_wconf 77' lang='lat' dir='ltr'><strong>signabat</strong></span> <span class='ocrx_word' id='word_1_116' title='bbox 1187 2146 1401 2200; x_wconf 83' lang='lat' dir='ltr'><strong>fulmine</strong></span> <span class='ocrx_word' id='word_1_117' title='bbox 1430 2149 1665 2212; x_wconf 90' lang='lat' dir='ltr'><strong>basilica,</strong></span> 
     </span>
    </p>
   </div>
   <div class='ocr_carea' id='block_1_24' title="bbox 558 2235 1915 2307">
    <p class='ocr_par' dir='ltr' id='par_1_24' title="bbox 558 2235 1915 2307">
     <span class='ocr_line' id='line_1_24' title="bbox 558 2235 1915 2307; baseline -0.001 -13"><span class='ocrx_word' id='word_1_118' title='bbox 558 2241 613 2295; x_wconf 92' lang='lat' dir='ltr'><strong>ln</strong></span> <span class='ocrx_word' id='word_1_119' title='bbox 642 2254 743 2307; x_wconf 89' lang='lat' dir='ltr'><strong>qua</strong></span> <span class='ocrx_word' id='word_1_120' title='bbox 774 2254 865 2306; x_wconf 88' lang='lat' dir='ltr'><strong>per</strong></span> <span class='ocrx_word' id='word_1_121' title='bbox 892 2251 1076 2306; x_wconf 81' lang='lat' dir='ltr'><strong>gyrum</strong></span> <span class='ocrx_word' id='word_1_122' title='bbox 1106 2235 1285 2289; x_wconf 90' lang='lat' dir='ltr'><strong>lucens</strong></span> <span class='ocrx_word' id='word_1_123' title='bbox 1309 2253 1645 2306; x_wconf 84' lang='lat' dir='ltr'><strong>epygramma</strong></span> <span class='ocrx_word' id='word_1_124' title='bbox 1670 2241 1915 2302; x_wconf 89' lang='lat' dir='ltr'><strong>canebat,</strong></span> 
     </span>
    </p>
   </div>
   <div class='ocr_carea' id='block_1_25' title="bbox 627 2327 1825 2395">
    <p class='ocr_par' dir='ltr' id='par_1_25' title="bbox 627 2327 1825 2395">
     <span class='ocr_line' id='line_1_25' title="bbox 627 2327 1825 2395; baseline 0.002 -16"><span class='ocrx_word' id='word_1_125' title='bbox 627 2327 820 2380; x_wconf 81' lang='lat' dir='ltr'><strong>Aedem</strong></span> <span class='ocrx_word' id='word_1_126' title='bbox 853 2327 1196 2393; x_wconf 75' lang='lat' dir='ltr'><strong>quistantam</strong></span> <span class='ocrx_word' id='word_1_127' title='bbox 1227 2329 1519 2382; x_wconf 85' lang='lat' dir='ltr'><strong>condiderit</strong></span> <span class='ocrx_word' id='word_1_128' title='bbox 1546 2328 1785 2392; x_wconf 83' lang='lat' dir='ltr'><strong>Domino,</strong></span> <span class='ocrx_word' id='word_1_129' title='bbox 1822 2392 1825 2395; x_wconf 16' lang='grc' dir='ltr'>δ</span> 
     </span>
    </p>
   </div>
   <div class='ocr_carea' id='block_1_26' title="bbox 556 2414 1913 2484">
    <p class='ocr_par' dir='ltr' id='par_1_26' title="bbox 556 2414 1913 2484">
     <span class='ocr_line' id='line_1_26' title="bbox 556 2414 1913 2484; baseline 0.002 -15"><span class='ocrx_word' id='word_1_130' title='bbox 556 2415 753 2469; x_wconf 87' lang='lat' dir='ltr'><strong>Idcirco</strong></span> <span class='ocrx_word' id='word_1_131' title='bbox 780 2414 995 2468; x_wconf 85' lang='lat' dir='ltr'><strong>Carolus</strong></span> <span class='ocrx_word' id='word_1_132' title='bbox 1022 2417 1266 2484; x_wconf 89' lang='lat' dir='ltr'><strong>princeps</strong></span> <span class='ocrx_word' id='word_1_133' title='bbox 1293 2418 1364 2470; x_wconf 90' lang='lat' dir='ltr'><strong>ibi</strong></span> <span class='ocrx_word' id='word_1_134' title='bbox 1391 2425 1836 2472; x_wconf 83' lang='lat' dir='ltr'><strong>commemoratus</strong></span> <span class='ocrx_word' id='word_1_135' title='bbox 1909 2454 1913 2459; x_wconf 86' lang='lat'><strong><em>-</em></strong></span> 
     </span>
    </p>
   </div>
   <div class='ocr_carea' id='block_1_27' title="bbox 625 2502 1538 2567">
    <p class='ocr_par' dir='ltr' id='par_1_27' title="bbox 625 2502 1538 2567">
     <span class='ocr_line' id='line_1_27' title="bbox 625 2502 1538 2567; baseline 0.001 -13"><span class='ocrx_word' id='word_1_136' title='bbox 625 2502 859 2555; x_wconf 81' lang='lat' dir='ltr'><strong>Extremi</strong></span> <span class='ocrx_word' id='word_1_137' title='bbox 883 2517 1068 2556; x_wconf 88' lang='lat' dir='ltr'><strong>versus</strong></span> <span class='ocrx_word' id='word_1_138' title='bbox 1096 2502 1147 2554; x_wconf 88' lang='lat' dir='ltr'><strong>in</strong></span> <span class='ocrx_word' id='word_1_139' title='bbox 1174 2503 1311 2557; x_wconf 89' lang='lat' dir='ltr'><strong>serie</strong></span> <span class='ocrx_word' id='word_1_140' title='bbox 1338 2502 1538 2567; x_wconf 88' lang='lat' dir='ltr'><strong>fuerat;</strong></span> 
     </span>
    </p>
   </div>
   <div class='ocr_carea' id='block_1_28' title="bbox 559 2590 2033 2659">
    <p class='ocr_par' dir='ltr' id='par_1_28' title="bbox 559 2590 2033 2659">
     <span class='ocr_line' id='line_1_28' title="bbox 559 2590 2033 2659; baseline -0.001 -15"><span class='ocrx_word' id='word_1_141' title='bbox 559 2590 660 2645; x_wconf 88' lang='lat' dir='ltr'><strong>Sed</strong></span> <span class='ocrx_word' id='word_1_142' title='bbox 686 2593 875 2659; x_wconf 86' lang='lat' dir='ltr'><strong>quibus</strong></span> <span class='ocrx_word' id='word_1_143' title='bbox 902 2599 986 2645; x_wconf 89' lang='lat' dir='ltr'><strong>est</strong></span> <span class='ocrx_word' id='word_1_144' title='bbox 1011 2592 1285 2658; x_wconf 87' lang='lat' dir='ltr'><strong>scriptum,</strong></span> <span class='ocrx_word' id='word_1_145' title='bbox 1314 2606 1573 2653; x_wconf 63' lang='lat' dir='ltr'><strong>ramosas,</strong></span> <span class='ocrx_word' id='word_1_146' title='bbox 1604 2592 1845 2645; x_wconf 88' lang='lat' dir='ltr'><strong>mirabile</strong></span> <span class='ocrx_word' id='word_1_147' title='bbox 1869 2590 2033 2655; x_wconf 85' lang='lat' dir='ltr'><strong>dictu,</strong></span> 
     </span>
    </p>
   </div>
   <div class='ocr_carea' id='block_1_29' title="bbox 625 2678 1764 2749">
    <p class='ocr_par' dir='ltr' id='par_1_29' title="bbox 625 2678 1764 2749">
     <span class='ocr_line' id='line_1_29' title="bbox 625 2678 1764 2749; baseline 0.002 -17"><span class='ocrx_word' id='word_1_148' title='bbox 625 2678 821 2749; x_wconf 87' lang='lat' dir='ltr'><strong>Sponte</strong></span> <span class='ocrx_word' id='word_1_149' title='bbox 849 2695 942 2732; x_wconf 87' lang='lat' dir='ltr'><strong>sua</strong></span> <span class='ocrx_word' id='word_1_150' title='bbox 969 2680 1212 2748; x_wconf 81' lang='lat' dir='ltr'><strong>poenitus</strong></span> <span class='ocrx_word' id='word_1_151' title='bbox 1241 2680 1543 2748; x_wconf 87' lang='lat' dir='ltr'><strong>dispereunt</strong></span> <span class='ocrx_word' id='word_1_152' title='bbox 1568 2680 1764 2748; x_wconf 90' lang='lat' dir='ltr'><strong>apices,</strong></span> 
     </span>
    </p>
   </div>
   <div class='ocr_carea' id='block_1_30' title="bbox 558 2766 1711 2836">
    <p class='ocr_par' dir='ltr' id='par_1_30' title="bbox 558 2766 1711 2836">
     <span class='ocr_line' id='line_1_30' title="bbox 558 2766 1711 2836; baseline -0.003 -13"><span class='ocrx_word' id='word_1_153' title='bbox 558 2769 827 2836; x_wconf 85' lang='lat' dir='ltr'><strong>Deletique</strong></span> <span class='ocrx_word' id='word_1_154' title='bbox 855 2768 935 2821; x_wconf 90' lang='lat' dir='ltr'><strong>sui</strong></span> <span class='ocrx_word' id='word_1_155' title='bbox 960 2768 1176 2836; x_wconf 87' lang='lat' dir='ltr'><strong>vestigia</strong></span> <span class='ocrx_word' id='word_1_156' title='bbox 1210 2766 1349 2821; x_wconf 89' lang='lat' dir='ltr'><strong>nulla</strong></span> <span class='ocrx_word' id='word_1_157' title='bbox 1379 2768 1711 2835; x_wconf 89' lang='lat' dir='ltr'><strong>relinquunt,</strong></span> 
     </span>
    </p>
   </div>
   <div class='ocr_carea' id='block_1_31' title="bbox 625 2857 1840 2925">
    <p class='ocr_par' dir='ltr' id='par_1_31' title="bbox 625 2857 1840 2925">
     <span class='ocr_line' id='line_1_31' title="bbox 625 2857 1840 2925; baseline -0.001 -14"><span class='ocrx_word' id='word_1_158' title='bbox 625 2858 886 2912; x_wconf 82' lang='lat' dir='ltr'><strong>Mensibus</strong></span> <span class='ocrx_word' id='word_1_159' title='bbox 914 2858 1053 2911; x_wconf 88' lang='lat' dir='ltr'><strong>haud</strong></span> <span class='ocrx_word' id='word_1_160' title='bbox 1078 2857 1257 2911; x_wconf 89' lang='lat' dir='ltr'><strong>multis</strong></span> <span class='ocrx_word' id='word_1_161' title='bbox 1288 2857 1451 2925; x_wconf 89' lang='lat' dir='ltr'><strong>ipsius</strong></span> <span class='ocrx_word' id='word_1_162' title='bbox 1477 2866 1599 2910; x_wconf 88' lang='lat' dir='ltr'><strong>ante</strong></span> <span class='ocrx_word' id='word_1_163' title='bbox 1622 2858 1840 2911; x_wconf 90' lang='lat' dir='ltr'><strong>obitum.</strong></span> 
     </span>
    </p>
   </div>
   <div class='ocr_carea' id='block_1_32' title="bbox 556 2944 1925 3016">
    <p class='ocr_par' dir='ltr' id='par_1_32' title="bbox 556 2944 1925 3016">
     <span class='ocr_line' id='line_1_32' title="bbox 556 2944 1925 3016; baseline -0.002 -15"><span class='ocrx_word' id='word_1_164' title='bbox 556 2948 703 3014; x_wconf 88' lang='lat' dir='ltr'><strong>Quod</strong></span> <span class='ocrx_word' id='word_1_165' title='bbox 726 2948 847 3016; x_wconf 86' lang='lat' dir='ltr'><strong>quia</strong></span> <span class='ocrx_word' id='word_1_166' title='bbox 872 2947 952 2999; x_wconf 87' lang='lat' dir='ltr'><strong>vis</strong></span> <span class='ocrx_word' id='word_1_167' title='bbox 975 2945 1234 3012; x_wconf 85' lang='lat' dir='ltr'><strong>quaedam</strong></span> <span class='ocrx_word' id='word_1_168' title='bbox 1262 2945 1467 2998; x_wconf 89' lang='lat' dir='ltr'><strong>cunctis</strong></span> <span class='ocrx_word' id='word_1_169' title='bbox 1494 2945 1755 3014; x_wconf 88' lang='lat' dir='ltr'><strong>incognita</strong></span> <span class='ocrx_word' id='word_1_170' title='bbox 1782 2944 1925 3009; x_wconf 85' lang='lat' dir='ltr'><strong>fecit,</strong></span> 
     </span>
    </p>
   </div>
   <div class='ocr_carea' id='block_1_33' title="bbox 625 3031 1729 3088">
    <p class='ocr_par' dir='ltr' id='par_1_33' title="bbox 625 3031 1729 3088">
     <span class='ocr_line' id='line_1_33' title="bbox 625 3031 1729 3088; baseline -0.005 0"><span class='ocrx_word' id='word_1_171' title='bbox 625 3035 918 3088; x_wconf 74' lang='lat' dir='ltr'><strong>&#39;l‘risticiam</strong></span> <span class='ocrx_word' id='word_1_172' title='bbox 947 3031 1123 3085; x_wconf 91' lang='lat' dir='ltr'><strong>multis</strong></span> <span class='ocrx_word' id='word_1_173' title='bbox 1148 3046 1302 3086; x_wconf 91' lang='lat' dir='ltr'><strong>omen</strong></span> <span class='ocrx_word' id='word_1_174' title='bbox 1327 3034 1427 3086; x_wconf 90' lang='lat' dir='ltr'><strong>hoc</strong></span> <span class='ocrx_word' id='word_1_175' title='bbox 1454 3032 1729 3086; x_wconf 84' lang='lat' dir='ltr'><strong>intulerat.</strong></span> 
     </span>
    </p>
   </div>
   <div class='ocr_carea' id='block_1_34' title="bbox 554 3121 1702 3190">
    <p class='ocr_par' dir='ltr' id='par_1_34' title="bbox 554 3121 1702 3190">
     <span class='ocr_line' id='line_1_34' title="bbox 554 3121 1702 3190; baseline -0.003 -12"><span class='ocrx_word' id='word_1_176' title='bbox 554 3126 671 3178; x_wconf 89' lang='lat' dir='ltr'><strong>lure</strong></span> <span class='ocrx_word' id='word_1_177' title='bbox 697 3138 842 3177; x_wconf 86' lang='lat' dir='ltr'><strong>more</strong></span> <span class='ocrx_word' id='word_1_178' title='bbox 870 3121 1034 3174; x_wconf 88' lang='lat' dir='ltr'><strong>doluit</strong></span> <span class='ocrx_word' id='word_1_179' title='bbox 1060 3121 1223 3190; x_wconf 86' lang='lat' dir='ltr'><strong>signis</strong></span> <span class='ocrx_word' id='word_1_180' title='bbox 1249 3122 1533 3174; x_wconf 80' lang='lat' dir='ltr'><strong>exterritus</strong></span> <span class='ocrx_word' id='word_1_181' title='bbox 1559 3121 1702 3174; x_wconf 86' lang='lat' dir='ltr'><strong>orbis</strong></span> 
     </span>
    </p>
   </div>
   <div class='ocr_carea' id='block_1_35' title="bbox 534 3208 1892 3277">
    <p class='ocr_par' dir='ltr' id='par_1_35' title="bbox 534 3208 1892 3277">
     <span class='ocr_line' id='line_1_35' title="bbox 534 3208 1892 3277; baseline -0.003 -10"><span class='ocrx_word' id='word_1_182' title='bbox 534 3264 536 3267; x_wconf 84' lang='lat'><strong>.</strong></span> <span class='ocrx_word' id='word_1_183' title='bbox 624 3212 790 3274; x_wconf 85' lang='lat' dir='ltr'><strong>llunc,</strong></span> <span class='ocrx_word' id='word_1_184' title='bbox 820 3210 902 3265; x_wconf 90' lang='lat' dir='ltr'><strong>cui</strong></span> <span class='ocrx_word' id='word_1_185' title='bbox 930 3217 1050 3277; x_wconf 86' lang='lat' dir='ltr'><strong>post</strong></span> <span class='ocrx_word' id='word_1_186' title='bbox 1075 3208 1303 3263; x_wconf 87' lang='lat' dir='ltr'><strong>similem</strong></span> <span class='ocrx_word' id='word_1_187' title='bbox 1327 3224 1430 3263; x_wconf 91' lang='lat' dir='ltr'><strong>non</strong></span> <span class='ocrx_word' id='word_1_188' title='bbox 1460 3210 1738 3263; x_wconf 89' lang='lat' dir='ltr'><strong>habiturus</strong></span> <span class='ocrx_word' id='word_1_189' title='bbox 1761 3219 1892 3265; x_wconf 90' lang='lat' dir='ltr'><strong>erat.</strong></span> 
     </span>
    </p>
   </div>
   <div class='ocr_carea' id='block_1_36' title="bbox 553 3299 1833 3371">
    <p class='ocr_par' dir='ltr' id='par_1_36' title="bbox 553 3299 1833 3371">
     <span class='ocr_line' id='line_1_36' title="bbox 553 3299 1833 3371; baseline -0.002 -15"><span class='ocrx_word' id='word_1_190' title='bbox 553 3302 655 3356; x_wconf 87' lang='lat' dir='ltr'><strong>Sed</strong></span> <span class='ocrx_word' id='word_1_191' title='bbox 685 3316 783 3355; x_wconf 90' lang='lat' dir='ltr'><strong>nec</strong></span> <span class='ocrx_word' id='word_1_192' title='bbox 808 3302 859 3356; x_wconf 91' lang='lat' dir='ltr'><strong>in</strong></span> <span class='ocrx_word' id='word_1_193' title='bbox 887 3300 1116 3368; x_wconf 76' lang='lat' dir='ltr'><strong>antiquis</strong></span> <span class='ocrx_word' id='word_1_194' title='bbox 1139 3299 1359 3353; x_wconf 87' lang='lat' dir='ltr'><strong>ducibus</strong></span> <span class='ocrx_word' id='word_1_195' title='bbox 1387 3314 1478 3353; x_wconf 88' lang='lat' dir='ltr'><strong>seu</strong></span> <span class='ocrx_word' id='word_1_196' title='bbox 1505 3301 1717 3366; x_wconf 90' lang='lat' dir='ltr'><strong>regibus</strong></span> <span class='ocrx_word' id='word_1_197' title='bbox 1744 3300 1833 3371; x_wconf 86' lang='lat' dir='ltr'><strong>illo</strong></span> 
     </span>
    </p>
   </div>
   <div class='ocr_carea' id='block_1_37' title="bbox 619 3386 1720 3456">
    <p class='ocr_par' dir='ltr' id='par_1_37' title="bbox 619 3386 1720 3456">
     <span class='ocr_line' id='line_1_37' title="bbox 619 3386 1720 3456; baseline -0.003 -12"><span class='ocrx_word' id='word_1_198' title='bbox 619 3388 943 3444; x_wconf 86' lang='lat' dir='ltr'><strong>Omnimodis</strong></span> <span class='ocrx_word' id='word_1_199' title='bbox 967 3388 1245 3456; x_wconf 85' lang='lat' dir='ltr'><strong>quisquam</strong></span> <span class='ocrx_word' id='word_1_200' title='bbox 1272 3386 1466 3441; x_wconf 85' lang='lat' dir='ltr'><strong>clarior</strong></span> <span class='ocrx_word' id='word_1_201' title='bbox 1492 3389 1683 3443; x_wconf 86' lang='lat' dir='ltr'><strong>enituit</strong></span> <span class='ocrx_word' id='word_1_202' title='bbox 1708 3407 1720 3441; x_wconf 95' lang='lat'><strong>:</strong></span> 
     </span>
    </p>
   </div>
   <div class='ocr_carea' id='block_1_38' title="bbox 553 3475 1831 3544">
    <p class='ocr_par' dir='ltr' id='par_1_38' title="bbox 553 3475 1831 3544">
     <span class='ocr_line' id='line_1_38' title="bbox 553 3475 1831 3544; baseline 0.002 -14"><span class='ocrx_word' id='word_1_203' title='bbox 553 3477 772 3531; x_wconf 76' lang='lat' dir='ltr'><strong>ltomani</strong></span> <span class='ocrx_word' id='word_1_204' title='bbox 801 3475 978 3529; x_wconf 90' lang='lat' dir='ltr'><strong>multis</strong></span> <span class='ocrx_word' id='word_1_205' title='bbox 1002 3475 1222 3531; x_wconf 82' lang='lat' dir='ltr'><strong>ducibus</strong></span> <span class='ocrx_word' id='word_1_206' title='bbox 1246 3477 1530 3544; x_wconf 88' lang='lat' dir='ltr'><strong>multisque</strong></span> <span class='ocrx_word' id='word_1_207' title='bbox 1558 3479 1655 3533; x_wconf 89' lang='lat' dir='ltr'><strong>sub</strong></span> <span class='ocrx_word' id='word_1_208' title='bbox 1680 3480 1831 3533; x_wconf 84' lang='lat' dir='ltr'><strong>annis</strong></span> 
     </span>
    </p>
   </div>
   <div class='ocr_carea' id='block_1_39' title="bbox 620 3563 1664 3647">
    <p class='ocr_par' dir='ltr' id='par_1_39' title="bbox 620 3563 1664 3647">
     <span class='ocr_line' id='line_1_39' title="bbox 620 3563 1664 3647; baseline 0 -29"><span class='ocrx_word' id='word_1_209' title='bbox 620 3564 795 3618; x_wconf 89' lang='lat' dir='ltr'><strong>Italiae</strong></span> <span class='ocrx_word' id='word_1_210' title='bbox 820 3563 1037 3632; x_wconf 89' lang='lat' dir='ltr'><strong>p0pulos</strong></span> <span class='ocrx_word' id='word_1_211' title='bbox 1060 3563 1146 3616; x_wconf 88' lang='lat' dir='ltr'><strong>vix</strong></span> <span class='ocrx_word' id='word_1_212' title='bbox 1176 3565 1273 3617; x_wconf 89' lang='lat' dir='ltr'><strong>sibi</strong></span> <span class='ocrx_word' id='word_1_213' title='bbox 1303 3564 1664 3647; x_wconf 63' lang='lat' dir='ltr'><strong>subdiderant,</strong></span> 
     </span>
    </p>
   </div>
   <div class='ocr_carea' id='block_1_40' title="bbox 554 3651 1883 3721">
    <p class='ocr_par' dir='ltr' id='par_1_40' title="bbox 554 3651 1883 3721">
     <span class='ocr_line' id='line_1_40' title="bbox 554 3651 1883 3721; baseline 0.002 -14"><span class='ocrx_word' id='word_1_214' title='bbox 554 3653 698 3707; x_wconf 66' lang='lat' dir='ltr'><strong>[Tuus</strong></span> <span class='ocrx_word' id='word_1_215' title='bbox 726 3652 810 3705; x_wconf 89' lang='lat' dir='ltr'><strong>hic</strong></span> <span class='ocrx_word' id='word_1_216' title='bbox 837 3652 890 3703; x_wconf 92' lang='lat' dir='ltr'><strong>in</strong></span> <span class='ocrx_word' id='word_1_217' title='bbox 920 3651 1097 3719; x_wconf 85' lang='lat' dir='ltr'><strong>spacio</strong></span> <span class='ocrx_word' id='word_1_218' title='bbox 1122 3652 1370 3720; x_wconf 87' lang='lat' dir='ltr'><strong>perpauci</strong></span> <span class='ocrx_word' id='word_1_219' title='bbox 1400 3654 1650 3721; x_wconf 88' lang='lat' dir='ltr'><strong>temporis</strong></span> <span class='ocrx_word' id='word_1_220' title='bbox 1677 3669 1883 3709; x_wconf 88' lang='lat' dir='ltr'><strong>omnem</strong></span> 
     </span>
    </p>
   </div>
   <div class='ocr_carea' id='block_1_41' title="bbox 538 3740 1651 3815">
    <p class='ocr_par' dir='ltr' id='par_1_41' title="bbox 538 3740 1651 3815">
     <span class='ocr_line' id='line_1_41' title="bbox 538 3740 1651 3815; baseline 0.005 -24"><span class='ocrx_word' id='word_1_221' title='bbox 538 3812 539 3815; x_wconf 13' lang='grc' dir='ltr'><strong>η</strong></span> <span class='ocrx_word' id='word_1_222' title='bbox 622 3740 856 3794; x_wconf 87' lang='lat' dir='ltr'><strong>Subiecit</strong></span> <span class='ocrx_word' id='word_1_223' title='bbox 878 3740 1064 3804; x_wconf 88' lang='lat' dir='ltr'><strong>victor,</strong></span> <span class='ocrx_word' id='word_1_224' title='bbox 1093 3740 1347 3807; x_wconf 85' lang='lat' dir='ltr'><strong>disposuit</strong></span> <span class='ocrx_word' id='word_1_225' title='bbox 1370 3741 1651 3813; x_wconf 54' lang='lat' dir='ltr'><strong>dominus;</strong></span> 
     </span>
    </p>
   </div>
   <div class='ocr_carea' id='block_1_42' title="bbox 550 3828 1879 3907">
    <p class='ocr_par' dir='ltr' id='par_1_42' title="bbox 550 3828 1879 3907">
     <span class='ocr_line' id='line_1_42' title="bbox 550 3828 1879 3907; baseline 0.003 -23"><span class='ocrx_word' id='word_1_226' title='bbox 550 3830 696 3884; x_wconf 79' lang='lat' dir='ltr'><strong>Adde</strong></span> <span class='ocrx_word' id='word_1_227' title='bbox 726 3838 803 3881; x_wconf 90' lang='lat' dir='ltr'><strong>tot</strong></span> <span class='ocrx_word' id='word_1_228' title='bbox 830 3828 1067 3898; x_wconf 81' lang='lat' dir='ltr'><strong>Eumpae</strong></span> <span class='ocrx_word' id='word_1_229' title='bbox 1093 3830 1327 3897; x_wconf 88' lang='lat' dir='ltr'><strong>populos,</strong></span> <span class='ocrx_word' id='word_1_230' title='bbox 1357 3845 1490 3897; x_wconf 88' lang='lat' dir='ltr'><strong>quos</strong></span> <span class='ocrx_word' id='word_1_231' title='bbox 1513 3832 1625 3899; x_wconf 89' lang='lat' dir='ltr'><strong>ipse</strong></span> <span class='ocrx_word' id='word_1_232' title='bbox 1648 3835 1879 3907; x_wconf 77' lang='lat' dir='ltr'><strong>subegit,</strong></span> 
     </span>
    </p>
   </div>
   <div class='ocr_carea' id='block_1_43' title="bbox 619 3916 1698 3983">
    <p class='ocr_par' dir='ltr' id='par_1_43' title="bbox 619 3916 1698 3983">
     <span class='ocr_line' id='line_1_43' title="bbox 619 3916 1698 3983; baseline 0.006 -14"><span class='ocrx_word' id='word_1_233' title='bbox 619 3918 851 3983; x_wconf 90' lang='lat' dir='ltr'><strong>Quorum</strong></span> <span class='ocrx_word' id='word_1_234' title='bbox 878 3916 1097 3971; x_wconf 83' lang='lat' dir='ltr'><strong>Romani</strong></span> <span class='ocrx_word' id='word_1_235' title='bbox 1128 3917 1337 3972; x_wconf 88' lang='lat' dir='ltr'><strong>nomina</strong></span> <span class='ocrx_word' id='word_1_236' title='bbox 1367 3921 1698 3976; x_wconf 89' lang='lat' dir='ltr'><strong>nescierant:</strong></span> 
     </span>
    </p>
   </div>
   <div class='ocr_carea' id='block_1_44' title="bbox 549 4006 1752 4077">
    <p class='ocr_par' dir='ltr' id='par_1_44' title="bbox 549 4006 1752 4077">
     <span class='ocr_line' id='line_1_44' title="bbox 549 4006 1752 4077; baseline 0.002 -16"><span class='ocrx_word' id='word_1_237' title='bbox 549 4008 629 4065; x_wconf 85' lang='lat' dir='ltr'><strong>0b</strong></span> <span class='ocrx_word' id='word_1_238' title='bbox 653 4009 752 4061; x_wconf 90' lang='lat' dir='ltr'><strong>hoc</strong></span> <span class='ocrx_word' id='word_1_239' title='bbox 779 4008 1028 4061; x_wconf 82' lang='lat' dir='ltr'><strong>mirificos</strong></span> <span class='ocrx_word' id='word_1_240' title='bbox 1053 4006 1225 4060; x_wconf 89' lang='lat' dir='ltr'><strong>Caroli</strong></span> <span class='ocrx_word' id='word_1_241' title='bbox 1253 4008 1340 4075; x_wconf 88' lang='lat' dir='ltr'><strong>qui</strong></span> <span class='ocrx_word' id='word_1_242' title='bbox 1371 4006 1561 4077; x_wconf 88' lang='lat' dir='ltr'><strong>legeris</strong></span> <span class='ocrx_word' id='word_1_243' title='bbox 1584 4018 1752 4073; x_wconf 89' lang='lat' dir='ltr'><strong>actus,</strong></span> 
     </span>
    </p>
   </div>
   <div class='ocr_carea' id='block_1_45' title="bbox 621 4156 3360 4231">
    <p class='ocr_par' dir='ltr' id='par_1_45' title="bbox 621 4156 3360 4231">
     <span class='ocr_line' id='line_1_45' title="bbox 621 4156 3360 4231; baseline 0.002 -19"><span class='ocrx_word' id='word_1_244' title='bbox 621 4172 644 4201; x_wconf 78' lang='grc' dir='ltr'>ι</span> <span class='ocrx_word' id='word_1_245' title='bbox 671 4156 820 4224; x_wconf 87' lang='lat' dir='ltr'><strong>Cod.,</strong></span> <span class='ocrx_word' id='word_1_246' title='bbox 840 4157 1029 4224; x_wconf 75' lang='lat' dir='ltr'><strong>latius;</strong></span> <span class='ocrx_word' id='word_1_247' title='bbox 1056 4174 1151 4228; x_wconf 83' lang='lat' dir='ltr'><strong>que</strong></span> <span class='ocrx_word' id='word_1_248' title='bbox 1173 4158 1325 4212; x_wconf 87' lang='lat' dir='ltr'><strong>metri</strong></span> <span class='ocrx_word' id='word_1_249' title='bbox 1350 4175 1509 4215; x_wconf 90' lang='lat' dir='ltr'><strong>causa</strong></span> <span class='ocrx_word' id='word_1_250' title='bbox 1538 4160 1729 4229; x_wconf 83' lang='lat' dir='ltr'><strong>adjeci;</strong></span> <span class='ocrx_word' id='word_1_251' title='bbox 1762 4163 2049 4221; x_wconf 85' lang='lat' dir='ltr'><strong>Leibnitius</strong></span> <span class='ocrx_word' id='word_1_252' title='bbox 2085 4168 2230 4223; x_wconf 80' lang='lat' dir='ltr'><strong>liceat</strong></span> <span class='ocrx_word' id='word_1_253' title='bbox 2260 4165 2484 4220; x_wconf 82' lang='lat' dir='ltr'><strong>fortasse</strong></span> <span class='ocrx_word' id='word_1_254' title='bbox 2510 4162 2785 4231; x_wconf 78' lang='lat' dir='ltr'><strong>legendum</strong></span> <span class='ocrx_word' id='word_1_255' title='bbox 2808 4175 2925 4216; x_wconf 74' lang='lat' dir='ltr'><strong>ease</strong></span> <span class='ocrx_word' id='word_1_256' title='bbox 2947 4161 3360 4218; x_wconf 77' lang='lat' dir='ltr'><strong>existimaverat.</strong></span> 
     </span>
    </p>
   </div>
   <div class='ocr_carea' id='block_1_46' title="bbox 2200 560 3536 631">
    <p class='ocr_par' dir='ltr' id='par_1_46' title="bbox 2200 560 3536 631">
     <span class='ocr_line' id='line_1_46' title="bbox 2200 560 3536 631; baseline -0.003 -14"><span class='ocrx_word' id='word_1_257' title='bbox 2200 562 2313 617; x_wconf 86' lang='lat' dir='ltr'><strong>Non</strong></span> <span class='ocrx_word' id='word_1_258' title='bbox 2341 565 2503 627; x_wconf 89' lang='lat' dir='ltr'><strong>Decii,</strong></span> <span class='ocrx_word' id='word_1_259' title='bbox 2532 577 2635 617; x_wconf 91' lang='lat' dir='ltr'><strong>non</strong></span> <span class='ocrx_word' id='word_1_260' title='bbox 2665 562 2957 631; x_wconf 84' lang='lat' dir='ltr'><strong>Scipiadae,</strong></span> <span class='ocrx_word' id='word_1_261' title='bbox 2985 578 3089 617; x_wconf 89' lang='lat' dir='ltr'><strong>non</strong></span> <span class='ocrx_word' id='word_1_262' title='bbox 3118 564 3229 631; x_wconf 90' lang='lat' dir='ltr'><strong>ipse</strong></span> <span class='ocrx_word' id='word_1_263' title='bbox 3254 560 3536 624; x_wconf 81' lang='lat' dir='ltr'><strong>Camillus,</strong></span> 
     </span>
    </p>
   </div>
   <div class='ocr_carea' id='block_1_47' title="bbox 2268 648 3426 715">
    <p class='ocr_par' dir='ltr' id='par_1_47' title="bbox 2268 648 3426 715">
     <span class='ocr_line' id='line_1_47' title="bbox 2268 648 3426 715; baseline -0.002 -12"><span class='ocrx_word' id='word_1_264' title='bbox 2268 650 2381 703; x_wconf 83' lang='lat' dir='ltr'><strong>Non</strong></span> <span class='ocrx_word' id='word_1_265' title='bbox 2406 650 2555 715; x_wconf 87' lang='lat' dir='ltr'><strong>Cato,</strong></span> <span class='ocrx_word' id='word_1_266' title='bbox 2586 665 2692 704; x_wconf 89' lang='lat' dir='ltr'><strong>non</strong></span> <span class='ocrx_word' id='word_1_267' title='bbox 2716 650 2908 704; x_wconf 87' lang='lat' dir='ltr'><strong>Caesar</strong></span> <span class='ocrx_word' id='word_1_268' title='bbox 2931 652 3099 703; x_wconf 89' lang='lat' dir='ltr'><strong>maior</strong></span> <span class='ocrx_word' id='word_1_269' title='bbox 3125 664 3189 703; x_wconf 88' lang='lat' dir='ltr'><strong>eo</strong></span> <span class='ocrx_word' id='word_1_270' title='bbox 3216 648 3426 713; x_wconf 80' lang='lat' dir='ltr'><strong>fuerat;</strong></span> 
     </span>
    </p>
   </div>
   <div class='ocr_carea' id='block_1_48' title="bbox 2203 739 3582 809">
    <p class='ocr_par' dir='ltr' id='par_1_48' title="bbox 2203 739 3582 809">
     <span class='ocr_line' id='line_1_48' title="bbox 2203 739 3582 809; baseline -0.001 -18"><span class='ocrx_word' id='word_1_271' title='bbox 2203 740 2313 792; x_wconf 82' lang='lat' dir='ltr'><strong>Non</strong></span> <span class='ocrx_word' id='word_1_272' title='bbox 2337 740 2617 809; x_wconf 89' lang='lat' dir='ltr'><strong>Pompeius</strong></span> <span class='ocrx_word' id='word_1_273' title='bbox 2642 742 2765 795; x_wconf 92' lang='lat' dir='ltr'><strong>huic</strong></span> <span class='ocrx_word' id='word_1_274' title='bbox 2789 741 2996 804; x_wconf 89' lang='lat' dir='ltr'><strong>merito,</strong></span> <span class='ocrx_word' id='word_1_275' title='bbox 3023 740 3107 794; x_wconf 91' lang='lat' dir='ltr'><strong>vel</strong></span> <span class='ocrx_word' id='word_1_276' title='bbox 3135 755 3265 808; x_wconf 84' lang='lat' dir='ltr'><strong>gens</strong></span> <span class='ocrx_word' id='word_1_277' title='bbox 3292 739 3582 795; x_wconf 84' lang='lat' dir='ltr'><strong>Fabiorum</strong></span> 
     </span>
    </p>
   </div>
   <div class='ocr_carea' id='block_1_49' title="bbox 2266 816 3383 899">
    <p class='ocr_par' dir='ltr' id='par_1_49' title="bbox 2266 816 3383 899">
     <span class='ocr_line' id='line_1_49' title="bbox 2266 816 3383 899; baseline 0 -18"><span class='ocrx_word' id='word_1_278' title='bbox 2266 816 2582 893; x_wconf 82' lang='lat' dir='ltr'><strong>Praefertur,</strong></span> <span class='ocrx_word' id='word_1_279' title='bbox 2613 830 2811 899; x_wconf 85' lang='lat' dir='ltr'><strong>pariter</strong></span> <span class='ocrx_word' id='word_1_280' title='bbox 2839 838 3043 883; x_wconf 85' lang='lat' dir='ltr'><strong>mortua</strong></span> <span class='ocrx_word' id='word_1_281' title='bbox 3071 845 3165 899; x_wconf 89' lang='lat' dir='ltr'><strong>pro</strong></span> <span class='ocrx_word' id='word_1_282' title='bbox 3193 831 3383 897; x_wconf 85' lang='lat' dir='ltr'><strong>patria,</strong></span> 
     </span>
    </p>
   </div>
   <div class='ocr_carea' id='block_1_50' title="bbox 2200 915 3496 987">
    <p class='ocr_par' dir='ltr' id='par_1_50' title="bbox 2200 915 3496 987">
     <span class='ocr_line' id='line_1_50' title="bbox 2200 915 3496 987; baseline 0.002 -20"><span class='ocrx_word' id='word_1_283' title='bbox 2200 916 2392 969; x_wconf 87' lang='lat' dir='ltr'><strong>Terrea</strong></span> <span class='ocrx_word' id='word_1_284' title='bbox 2420 916 2594 969; x_wconf 81' lang='lat' dir='ltr'><strong>forsan</strong></span> <span class='ocrx_word' id='word_1_285' title='bbox 2621 917 2687 970; x_wconf 91' lang='lat' dir='ltr'><strong>iis</strong></span> <span class='ocrx_word' id='word_1_286' title='bbox 2714 915 2873 970; x_wconf 88' lang='lat' dir='ltr'><strong>fuerit</strong></span> <span class='ocrx_word' id='word_1_287' title='bbox 2900 931 2995 985; x_wconf 86' lang='lat' dir='ltr'><strong>par</strong></span> <span class='ocrx_word' id='word_1_288' title='bbox 3018 917 3205 987; x_wconf 82' lang='lat' dir='ltr'><strong>gloria,</strong></span> <span class='ocrx_word' id='word_1_289' title='bbox 3233 917 3325 970; x_wconf 85' lang='lat' dir='ltr'><strong>sed</strong></span> <span class='ocrx_word' id='word_1_290' title='bbox 3353 932 3496 969; x_wconf 81' lang='lat' dir='ltr'><strong>nunc</strong></span> 
     </span>
    </p>
   </div>
   <div class='ocr_carea' id='block_1_51' title="bbox 2194 1003 3438 1079">
    <p class='ocr_par' dir='ltr' id='par_1_51' title="bbox 2194 1003 3438 1079">
     <span class='ocr_line' id='line_1_51' title="bbox 2194 1003 3438 1079; baseline -0.002 -21"><span class='ocrx_word' id='word_1_291' title='bbox 2194 1072 2197 1079; x_wconf 19' lang='grc' dir='ltr'>ν</span> <span class='ocrx_word' id='word_1_292' title='bbox 2266 1003 2517 1058; x_wconf 91' lang='lat' dir='ltr'><strong>Caelestis</strong></span> <span class='ocrx_word' id='word_1_293' title='bbox 2543 1003 2762 1059; x_wconf 90' lang='lat' dir='ltr'><strong>Carolus</strong></span> <span class='ocrx_word' id='word_1_294' title='bbox 2788 1005 2995 1059; x_wconf 89' lang='lat' dir='ltr'><strong>culmen</strong></span> <span class='ocrx_word' id='word_1_295' title='bbox 3020 1005 3236 1059; x_wconf 89' lang='lat' dir='ltr'><strong>honoris</strong></span> <span class='ocrx_word' id='word_1_296' title='bbox 3263 1004 3438 1058; x_wconf 87' lang='lat' dir='ltr'><strong>habet.</strong></span> 
     </span>
    </p>
   </div>
   <div class='ocr_carea' id='block_1_52' title="bbox 2197 1092 3239 1160">
    <p class='ocr_par' dir='ltr' id='par_1_52' title="bbox 2197 1092 3239 1160">
     <span class='ocr_line' id='line_1_52' title="bbox 2197 1092 3239 1160; baseline 0.002 -17"><span class='ocrx_word' id='word_1_297' title='bbox 2197 1092 2303 1144; x_wconf 91' lang='lat' dir='ltr'><strong>lllic</strong></span> <span class='ocrx_word' id='word_1_298' title='bbox 2329 1092 2593 1145; x_wconf 89' lang='lat' dir='ltr'><strong>Daviticae</strong></span> <span class='ocrx_word' id='word_1_299' title='bbox 2622 1092 2782 1160; x_wconf 91' lang='lat' dir='ltr'><strong>pollet</strong></span> <span class='ocrx_word' id='word_1_300' title='bbox 2806 1093 3013 1145; x_wconf 87' lang='lat' dir='ltr'><strong>virtutis</strong></span> <span class='ocrx_word' id='word_1_301' title='bbox 3041 1093 3239 1145; x_wconf 87' lang='lat' dir='ltr'><strong>honore</strong></span> 
     </span>
    </p>
   </div>
   <div class='ocr_carea' id='block_1_53' title="bbox 2265 1178 3302 1246">
    <p class='ocr_par' dir='ltr' id='par_1_53' title="bbox 2265 1178 3302 1246">
     <span class='ocr_line' id='line_1_53' title="bbox 2265 1178 3302 1246; baseline 0 -15"><span class='ocrx_word' id='word_1_302' title='bbox 2265 1178 2395 1231; x_wconf 87' lang='lat' dir='ltr'><strong>Cum</strong></span> <span class='ocrx_word' id='word_1_303' title='bbox 2421 1178 2763 1232; x_wconf 89' lang='lat' dir='ltr'><strong>Constantino</strong></span> <span class='ocrx_word' id='word_1_304' title='bbox 2796 1186 2952 1246; x_wconf 89' lang='lat' dir='ltr'><strong>atque</strong></span> <span class='ocrx_word' id='word_1_305' title='bbox 2978 1179 3302 1241; x_wconf 88' lang='lat' dir='ltr'><strong>Theodosio;</strong></span> 
     </span>
    </p>
   </div>
   <div class='ocr_carea' id='block_1_54' title="bbox 2196 1268 3435 1337">
    <p class='ocr_par' dir='ltr' id='par_1_54' title="bbox 2196 1268 3435 1337">
     <span class='ocr_line' id='line_1_54' title="bbox 2196 1268 3435 1337; baseline 0.004 -17"><span class='ocrx_word' id='word_1_306' title='bbox 2196 1268 2307 1322; x_wconf 92' lang='lat' dir='ltr'><strong>lllic</strong></span> <span class='ocrx_word' id='word_1_307' title='bbox 2334 1269 2606 1336; x_wconf 88' lang='lat' dir='ltr'><strong>antiquum</strong></span> <span class='ocrx_word' id='word_1_308' title='bbox 2634 1268 2828 1337; x_wconf 85' lang='lat' dir='ltr'><strong>gaudet</strong></span> <span class='ocrx_word' id='word_1_309' title='bbox 2851 1269 2990 1336; x_wconf 89' lang='lat' dir='ltr'><strong>quod</strong></span> <span class='ocrx_word' id='word_1_310' title='bbox 3014 1270 3202 1322; x_wconf 83' lang='lat' dir='ltr'><strong>vicerit</strong></span> <span class='ocrx_word' id='word_1_311' title='bbox 3228 1272 3435 1325; x_wconf 87' lang='lat' dir='ltr'><strong>hostem</strong></span> 
     </span>
    </p>
   </div>
   <div class='ocr_carea' id='block_1_55' title="bbox 2206 1358 3235 1433">
    <p class='ocr_par' dir='ltr' id='par_1_55' title="bbox 2206 1358 3235 1433">
     <span class='ocr_line' id='line_1_55' title="bbox 2206 1358 3235 1433; baseline 0.002 -23"><span class='ocrx_word' id='word_1_312' title='bbox 2206 1414 2217 1426; x_wconf 61' lang='grc'>,</span> <span class='ocrx_word' id='word_1_313' title='bbox 2265 1358 2504 1433; x_wconf 77' lang='lat' dir='ltr'><strong>Eripiens</strong></span> <span class='ocrx_word' id='word_1_314' title='bbox 2532 1358 2723 1411; x_wconf 88' lang='lat' dir='ltr'><strong>multos</strong></span> <span class='ocrx_word' id='word_1_315' title='bbox 2750 1358 2914 1426; x_wconf 88' lang='lat' dir='ltr'><strong>ipsius</strong></span> <span class='ocrx_word' id='word_1_316' title='bbox 2940 1373 2969 1411; x_wconf 88' lang='lat' dir='ltr'><strong>a</strong></span> <span class='ocrx_word' id='word_1_317' title='bbox 2999 1358 3235 1425; x_wconf 66' lang='lat' dir='ltr'><strong>laqueis,</strong></span> 
     </span>
    </p>
   </div>
   <div class='ocr_carea' id='block_1_56' title="bbox 2197 1444 3305 1515">
    <p class='ocr_par' dir='ltr' id='par_1_56' title="bbox 2197 1444 3305 1515">
     <span class='ocr_line' id='line_1_56' title="bbox 2197 1444 3305 1515; baseline 0.002 -18"><span class='ocrx_word' id='word_1_318' title='bbox 2197 1444 2306 1497; x_wconf 91' lang='lat' dir='ltr'><strong>lllic</strong></span> <span class='ocrx_word' id='word_1_319' title='bbox 2332 1446 2662 1513; x_wconf 79' lang='lat' dir='ltr'><strong>congaudent</strong></span> <span class='ocrx_word' id='word_1_320' title='bbox 2688 1445 2760 1497; x_wconf 92' lang='lat' dir='ltr'><strong>illi</strong></span> <span class='ocrx_word' id='word_1_321' title='bbox 2790 1445 2989 1499; x_wconf 87' lang='lat' dir='ltr'><strong>salvata</strong></span> <span class='ocrx_word' id='word_1_322' title='bbox 3016 1462 3109 1514; x_wconf 87' lang='lat' dir='ltr'><strong>per</strong></span> <span class='ocrx_word' id='word_1_323' title='bbox 3135 1446 3305 1515; x_wconf 88' lang='lat' dir='ltr'><strong>ipsum</strong></span> 
     </span>
    </p>
   </div>
   <div class='ocr_carea' id='block_1_57' title="bbox 2266 1531 3327 1601">
    <p class='ocr_par' dir='ltr' id='par_1_57' title="bbox 2266 1531 3327 1601">
     <span class='ocr_line' id='line_1_57' title="bbox 2266 1531 3327 1601; baseline 0.003 -19"><span class='ocrx_word' id='word_1_324' title='bbox 2266 1531 2478 1585; x_wconf 88' lang='lat' dir='ltr'><strong>Munere</strong></span> <span class='ocrx_word' id='word_1_325' title='bbox 2502 1531 2712 1585; x_wconf 85' lang='lat' dir='ltr'><strong>Christe</strong></span> <span class='ocrx_word' id='word_1_326' title='bbox 2740 1540 2830 1586; x_wconf 91' lang='lat' dir='ltr'><strong>tuo</strong></span> <span class='ocrx_word' id='word_1_327' title='bbox 2856 1533 2997 1584; x_wconf 89' lang='lat' dir='ltr'><strong>milia</strong></span> <span class='ocrx_word' id='word_1_328' title='bbox 3027 1534 3327 1601; x_wconf 89' lang='lat' dir='ltr'><strong>spirituum.</strong></span> 
     </span>
    </p>
   </div>
   <div class='ocr_carea' id='block_1_58' title="bbox 2196 1618 3671 1687">
    <p class='ocr_par' dir='ltr' id='par_1_58' title="bbox 2196 1618 3671 1687">
     <span class='ocr_line' id='line_1_58' title="bbox 2196 1618 3671 1687; baseline 0.003 -17"><span class='ocrx_word' id='word_1_329' title='bbox 2196 1618 2324 1682; x_wconf 86' lang='lat' dir='ltr'><strong>Quis</strong></span> <span class='ocrx_word' id='word_1_330' title='bbox 2348 1628 2606 1681; x_wconf 91' lang='lat' dir='ltr'><strong>numeret,</strong></span> <span class='ocrx_word' id='word_1_331' title='bbox 2633 1628 2859 1687; x_wconf 87' lang='lat' dir='ltr'><strong>quantas</strong></span> <span class='ocrx_word' id='word_1_332' title='bbox 2885 1620 3107 1684; x_wconf 89' lang='lat' dir='ltr'><strong>animas,</strong></span> <span class='ocrx_word' id='word_1_333' title='bbox 3132 1620 3256 1674; x_wconf 91' lang='lat' dir='ltr'><strong>dum</strong></span> <span class='ocrx_word' id='word_1_334' title='bbox 3285 1622 3506 1676; x_wconf 83' lang='lat' dir='ltr'><strong>credere</strong></span> <span class='ocrx_word' id='word_1_335' title='bbox 3537 1624 3671 1675; x_wconf 80' lang='lat' dir='ltr'><strong>fecit</strong></span> 
     </span>
    </p>
   </div>
   <div class='ocr_carea' id='block_1_59' title="bbox 2267 1704 3397 1774">
    <p class='ocr_par' dir='ltr' id='par_1_59' title="bbox 2267 1704 3397 1774">
     <span class='ocr_line' id='line_1_59' title="bbox 2267 1704 3397 1774; baseline 0.002 -16"><span class='ocrx_word' id='word_1_336' title='bbox 2267 1704 2533 1758; x_wconf 77' lang='lat' dir='ltr'><strong>Saxonum</strong></span> <span class='ocrx_word' id='word_1_337' title='bbox 2558 1706 2795 1774; x_wconf 90' lang='lat' dir='ltr'><strong>populos,</strong></span> <span class='ocrx_word' id='word_1_338' title='bbox 2822 1707 3109 1761; x_wconf 86' lang='lat' dir='ltr'><strong>reddiderit</strong></span> <span class='ocrx_word' id='word_1_339' title='bbox 3135 1707 3397 1761; x_wconf 84' lang='lat' dir='ltr'><strong>Domino?</strong></span> 
     </span>
    </p>
   </div>
   <div class='ocr_carea' id='block_1_60' title="bbox 2124 1783 3592 1864">
    <p class='ocr_par' dir='ltr' id='par_1_60' title="bbox 2124 1783 3592 1864">
     <span class='ocr_line' id='line_1_60' title="bbox 2124 1783 3592 1864; baseline 0.002 -16"><span class='ocrx_word' id='word_1_340' title='bbox 2124 1783 2165 1841; x_wconf 81' lang='grc' dir='ltr'><strong><em>Β</em></strong></span> <span class='ocrx_word' id='word_1_341' title='bbox 2192 1794 2327 1859; x_wconf 85' lang='lat' dir='ltr'><strong>Quot</strong></span> <span class='ocrx_word' id='word_1_342' title='bbox 2355 1809 2493 1847; x_wconf 90' lang='lat' dir='ltr'><strong>nunc</strong></span> <span class='ocrx_word' id='word_1_343' title='bbox 2518 1795 2802 1849; x_wconf 88' lang='lat' dir='ltr'><strong>aecclesiae</strong></span> <span class='ocrx_word' id='word_1_344' title='bbox 2830 1794 3048 1864; x_wconf 86' lang='lat' dir='ltr'><strong>fulgent,</strong></span> <span class='ocrx_word' id='word_1_345' title='bbox 3078 1797 3166 1850; x_wconf 91' lang='lat' dir='ltr'><strong>ubi</strong></span> <span class='ocrx_word' id='word_1_346' title='bbox 3189 1797 3310 1850; x_wconf 88' lang='lat' dir='ltr'><strong>fana</strong></span> <span class='ocrx_word' id='word_1_347' title='bbox 3336 1798 3592 1853; x_wconf 87' lang='lat' dir='ltr'><strong>colebant</strong></span> 
     </span>
    </p>
   </div>
   <div class='ocr_carea' id='block_1_61' title="bbox 2254 1885 3407 1954">
    <p class='ocr_par' dir='ltr' id='par_1_61' title="bbox 2254 1885 3407 1954">
     <span class='ocr_line' id='line_1_61' title="bbox 2254 1885 3407 1954; baseline 0.002 -17"><span class='ocrx_word' id='word_1_348' title='bbox 2254 1885 2488 1953; x_wconf 83' lang='lat' dir='ltr'><strong>Antiqui,</strong></span> <span class='ocrx_word' id='word_1_349' title='bbox 2518 1893 2645 1954; x_wconf 92' lang='lat' dir='ltr'><strong>quot</strong></span> <span class='ocrx_word' id='word_1_350' title='bbox 2672 1894 2793 1938; x_wconf 87' lang='lat' dir='ltr'><strong>sunt</strong></span> <span class='ocrx_word' id='word_1_351' title='bbox 2818 1892 3016 1939; x_wconf 87' lang='lat' dir='ltr'><strong>structa</strong></span> <span class='ocrx_word' id='word_1_352' title='bbox 3045 1889 3407 1941; x_wconf 83' lang='lat' dir='ltr'><strong>monasteria?</strong></span> 
     </span>
    </p>
   </div>
   <div class='ocr_carea' id='block_1_62' title="bbox 2189 1972 3481 2051">
    <p class='ocr_par' dir='ltr' id='par_1_62' title="bbox 2189 1972 3481 2051">
     <span class='ocr_line' id='line_1_62' title="bbox 2189 1972 3481 2051; baseline 0.006 -29"><span class='ocrx_word' id='word_1_353' title='bbox 2189 1973 2326 2036; x_wconf 84' lang='lat' dir='ltr'><strong>Quot</strong></span> <span class='ocrx_word' id='word_1_354' title='bbox 2352 1972 2531 2025; x_wconf 88' lang='lat' dir='ltr'><strong>laudes</strong></span> <span class='ocrx_word' id='word_1_355' title='bbox 2559 1972 2612 2051; x_wconf 79' lang='lat' dir='ltr'><strong>in</strong></span> <span class='ocrx_word' id='word_1_356' title='bbox 2640 1973 2735 2034; x_wconf 90' lang='lat' dir='ltr'><strong>eis,</strong></span> <span class='ocrx_word' id='word_1_357' title='bbox 2764 1973 2847 2025; x_wconf 87' lang='lat' dir='ltr'><strong>vel</strong></span> <span class='ocrx_word' id='word_1_358' title='bbox 2872 1980 3000 2041; x_wconf 85' lang='lat' dir='ltr'><strong>quot</strong></span> <span class='ocrx_word' id='word_1_359' title='bbox 3028 1974 3119 2026; x_wconf 89' lang='lat' dir='ltr'><strong>tibi</strong></span> <span class='ocrx_word' id='word_1_360' title='bbox 3146 1983 3267 2028; x_wconf 84' lang='lat' dir='ltr'><strong>vota</strong></span> <span class='ocrx_word' id='word_1_361' title='bbox 3295 1974 3481 2030; x_wconf 84' lang='lat' dir='ltr'><strong>ﬁdeles</strong></span> 
     </span>
    </p>
   </div>
   <div class='ocr_carea' id='block_1_63' title="bbox 2258 2061 3593 2130">
    <p class='ocr_par' dir='ltr' id='par_1_63' title="bbox 2258 2061 3593 2130">
     <span class='ocr_line' id='line_1_63' title="bbox 2258 2061 3593 2130; baseline 0.004 -16"><span class='ocrx_word' id='word_1_362' title='bbox 2258 2061 2519 2125; x_wconf 80' lang='lat' dir='ltr'><strong>Reddunt,</strong></span> <span class='ocrx_word' id='word_1_363' title='bbox 2551 2070 2626 2115; x_wconf 92' lang='lat' dir='ltr'><strong>tot</strong></span> <span class='ocrx_word' id='word_1_364' title='bbox 2650 2061 2839 2115; x_wconf 89' lang='lat' dir='ltr'><strong>Carolo</strong></span> <span class='ocrx_word' id='word_1_365' title='bbox 2866 2064 3118 2130; x_wconf 87' lang='lat' dir='ltr'><strong>praemia,</strong></span> <span class='ocrx_word' id='word_1_366' title='bbox 3148 2063 3374 2129; x_wconf 86' lang='lat' dir='ltr'><strong>Christe,</strong></span> <span class='ocrx_word' id='word_1_367' title='bbox 3404 2067 3593 2127; x_wconf 82' lang='lat' dir='ltr'><strong>dabis;</strong></span> 
     </span>
    </p>
   </div>
   <div class='ocr_carea' id='block_1_64' title="bbox 2190 2151 3418 2223">
    <p class='ocr_par' dir='ltr' id='par_1_64' title="bbox 2190 2151 3418 2223">
     <span class='ocr_line' id='line_1_64' title="bbox 2190 2151 3418 2223; baseline 0.005 -20"><span class='ocrx_word' id='word_1_368' title='bbox 2190 2151 2471 2218; x_wconf 88' lang='lat' dir='ltr'><strong>ludiciique</strong></span> <span class='ocrx_word' id='word_1_369' title='bbox 2494 2151 2606 2204; x_wconf 87' lang='lat' dir='ltr'><strong>dies</strong></span> <span class='ocrx_word' id='word_1_370' title='bbox 2632 2167 2750 2204; x_wconf 92' lang='lat' dir='ltr'><strong>cum</strong></span> <span class='ocrx_word' id='word_1_371' title='bbox 2776 2153 2979 2205; x_wconf 86' lang='lat' dir='ltr'><strong>venerit</strong></span> <span class='ocrx_word' id='word_1_372' title='bbox 3003 2152 3186 2205; x_wconf 89' lang='lat' dir='ltr'><strong>ultima</strong></span> <span class='ocrx_word' id='word_1_373' title='bbox 3210 2157 3386 2223; x_wconf 81' lang='lat' dir='ltr'><strong>magni</strong></span> <span class='ocrx_word' id='word_1_374' title='bbox 3402 2195 3418 2219; x_wconf 85' lang='lat'><strong>,</strong></span> 
     </span>
    </p>
   </div>
   <div class='ocr_carea' id='block_1_65' title="bbox 2258 2237 3383 2306">
    <p class='ocr_par' dir='ltr' id='par_1_65' title="bbox 2258 2237 3383 2306">
     <span class='ocr_line' id='line_1_65' title="bbox 2258 2237 3383 2306; baseline 0.005 -16"><span class='ocrx_word' id='word_1_375' title='bbox 2258 2239 2369 2303; x_wconf 88' lang='lat' dir='ltr'><strong>Qua</strong></span> <span class='ocrx_word' id='word_1_376' title='bbox 2399 2239 2584 2293; x_wconf 88' lang='lat' dir='ltr'><strong>reddes</strong></span> <span class='ocrx_word' id='word_1_377' title='bbox 2610 2240 2752 2293; x_wconf 90' lang='lat' dir='ltr'><strong>omni</strong></span> <span class='ocrx_word' id='word_1_378' title='bbox 2777 2237 2913 2306; x_wconf 90' lang='lat' dir='ltr'><strong>quod</strong></span> <span class='ocrx_word' id='word_1_379' title='bbox 2943 2241 3135 2293; x_wconf 88' lang='lat' dir='ltr'><strong>meruit</strong></span> <span class='ocrx_word' id='word_1_380' title='bbox 3161 2243 3383 2305; x_wconf 90' lang='lat' dir='ltr'><strong>homini,</strong></span> 
     </span>
    </p>
   </div>
   <div class='ocr_carea' id='block_1_66' title="bbox 2190 2325 3530 2394">
    <p class='ocr_par' dir='ltr' id='par_1_66' title="bbox 2190 2325 3530 2394">
     <span class='ocr_line' id='line_1_66' title="bbox 2190 2325 3530 2394; baseline 0.004 -15"><span class='ocrx_word' id='word_1_381' title='bbox 2190 2325 2231 2379; x_wconf 92' lang='lat'>0</span> <span class='ocrx_word' id='word_1_382' title='bbox 2256 2340 2417 2394; x_wconf 89' lang='lat' dir='ltr'><strong>quam</strong></span> <span class='ocrx_word' id='word_1_383' title='bbox 2442 2326 2607 2379; x_wconf 90' lang='lat' dir='ltr'><strong>laetus</strong></span> <span class='ocrx_word' id='word_1_384' title='bbox 2633 2329 2754 2389; x_wconf 87' lang='lat' dir='ltr'><strong>erit,</strong></span> <span class='ocrx_word' id='word_1_385' title='bbox 2783 2327 2994 2380; x_wconf 86' lang='lat' dir='ltr'><strong>sibimet</strong></span> <span class='ocrx_word' id='word_1_386' title='bbox 3016 2330 3295 2383; x_wconf 89' lang='lat' dir='ltr'><strong>commissa</strong></span> <span class='ocrx_word' id='word_1_387' title='bbox 3329 2331 3530 2386; x_wconf 85' lang='lat' dir='ltr'><strong>talenta</strong></span> 
     </span>
    </p>
   </div>
   <div class='ocr_carea' id='block_1_67' title="bbox 2258 2412 3407 2483">
    <p class='ocr_par' dir='ltr' id='par_1_67' title="bbox 2258 2412 3407 2483">
     <span class='ocr_line' id='line_1_67' title="bbox 2258 2412 3407 2483; baseline 0.006 -18"><span class='ocrx_word' id='word_1_388' title='bbox 2258 2414 2609 2467; x_wconf 85' lang='lat' dir='ltr'><strong>Praesentans</strong></span> <span class='ocrx_word' id='word_1_389' title='bbox 2634 2412 2817 2481; x_wconf 83' lang='lat' dir='ltr'><strong>grandi</strong></span> <span class='ocrx_word' id='word_1_390' title='bbox 2846 2414 3192 2483; x_wconf 83' lang='lat' dir='ltr'><strong>multiplicata</strong></span> <span class='ocrx_word' id='word_1_391' title='bbox 3218 2417 3407 2472; x_wconf 85' lang='lat' dir='ltr'><strong>lucro?</strong></span> 
     </span>
    </p>
   </div>
   <div class='ocr_carea' id='block_1_68' title="bbox 2191 2502 3492 2574">
    <p class='ocr_par' dir='ltr' id='par_1_68' title="bbox 2191 2502 3492 2574">
     <span class='ocr_line' id='line_1_68' title="bbox 2191 2502 3492 2574; baseline 0.005 -20"><span class='ocrx_word' id='word_1_392' title='bbox 2191 2502 2370 2555; x_wconf 82' lang='lat' dir='ltr'><strong>Nullus</strong></span> <span class='ocrx_word' id='word_1_393' title='bbox 2396 2502 2696 2570; x_wconf 87' lang='lat' dir='ltr'><strong>apostolicis</strong></span> <span class='ocrx_word' id='word_1_394' title='bbox 2723 2509 2849 2556; x_wconf 91' lang='lat' dir='ltr'><strong>tunc</strong></span> <span class='ocrx_word' id='word_1_395' title='bbox 2875 2503 2989 2564; x_wconf 78' lang='lat' dir='ltr'><strong>iure</strong></span> <span class='ocrx_word' id='word_1_396' title='bbox 3017 2505 3356 2574; x_wconf 81' lang='lat' dir='ltr'><strong>pmpinquior</strong></span> <span class='ocrx_word' id='word_1_397' title='bbox 3381 2508 3492 2572; x_wconf 91' lang='lat' dir='ltr'><strong>illo,</strong></span> 
     </span>
    </p>
   </div>
   <div class='ocr_carea' id='block_1_69' title="bbox 2263 2588 3360 2656">
    <p class='ocr_par' dir='ltr' id='par_1_69' title="bbox 2263 2588 3360 2656">
     <span class='ocr_line' id='line_1_69' title="bbox 2263 2588 3360 2656; baseline 0.005 -15"><span class='ocrx_word' id='word_1_398' title='bbox 2263 2588 2327 2642; x_wconf 88' lang='lat' dir='ltr'><strong>Ut</strong></span> <span class='ocrx_word' id='word_1_399' title='bbox 2354 2603 2439 2641; x_wconf 89' lang='lat' dir='ltr'><strong>res</strong></span> <span class='ocrx_word' id='word_1_400' title='bbox 2466 2589 2576 2656; x_wconf 86' lang='lat' dir='ltr'><strong>ipsa</strong></span> <span class='ocrx_word' id='word_1_401' title='bbox 2602 2589 2772 2653; x_wconf 87' lang='lat' dir='ltr'><strong>docet,</strong></span> <span class='ocrx_word' id='word_1_402' title='bbox 2803 2592 3037 2644; x_wconf 86' lang='lat' dir='ltr'><strong>cactibus</strong></span> <span class='ocrx_word' id='word_1_403' title='bbox 3063 2607 3181 2647; x_wconf 85' lang='lat' dir='ltr'><strong>esse</strong></span> <span class='ocrx_word' id='word_1_404' title='bbox 3206 2595 3360 2646; x_wconf 89' lang='lat' dir='ltr'><strong>valet.</strong></span> 
     </span>
    </p>
   </div>
   <div class='ocr_carea' id='block_1_70' title="bbox 2190 2674 3489 2748">
    <p class='ocr_par' dir='ltr' id='par_1_70' title="bbox 2190 2674 3489 2748">
     <span class='ocr_line' id='line_1_70' title="bbox 2190 2674 3489 2748; baseline 0.008 -21"><span class='ocrx_word' id='word_1_405' title='bbox 2190 2674 2320 2727; x_wconf 74' lang='lat' dir='ltr'><strong>Nam</strong></span> <span class='ocrx_word' id='word_1_406' title='bbox 2348 2690 2466 2728; x_wconf 89' lang='lat' dir='ltr'><strong>cum</strong></span> <span class='ocrx_word' id='word_1_407' title='bbox 2495 2674 2703 2730; x_wconf 81' lang='lat' dir='ltr'><strong>Iudaico</strong></span> <span class='ocrx_word' id='word_1_408' title='bbox 2727 2679 3044 2745; x_wconf 85' lang='lat' dir='ltr'><strong>processerit</strong></span> <span class='ocrx_word' id='word_1_409' title='bbox 3068 2682 3275 2748; x_wconf 87' lang='lat' dir='ltr'><strong>agmine</strong></span> <span class='ocrx_word' id='word_1_410' title='bbox 3296 2681 3489 2738; x_wconf 81' lang='lat' dir='ltr'><strong>Petrus</strong></span> 
     </span>
    </p>
   </div>
   <div class='ocr_carea' id='block_1_71' title="bbox 2257 2764 3307 2835">
    <p class='ocr_par' dir='ltr' id='par_1_71' title="bbox 2257 2764 3307 2835">
     <span class='ocr_line' id='line_1_71' title="bbox 2257 2764 3307 2835; baseline 0.007 -17"><span class='ocrx_word' id='word_1_411' title='bbox 2257 2764 2510 2833; x_wconf 91' lang='lat' dir='ltr'><strong>Stipatus,</strong></span> <span class='ocrx_word' id='word_1_412' title='bbox 2539 2764 2687 2819; x_wconf 88' lang='lat' dir='ltr'><strong>cuius</strong></span> <span class='ocrx_word' id='word_1_413' title='bbox 2711 2766 2957 2835; x_wconf 84' lang='lat' dir='ltr'><strong>dogmate</strong></span> <span class='ocrx_word' id='word_1_414' title='bbox 2981 2769 3307 2834; x_wconf 89' lang='lat' dir='ltr'><strong>crediderat,</strong></span> 
     </span>
    </p>
   </div>
   <div class='ocr_carea' id='block_1_72' title="bbox 2184 2852 3393 2922">
    <p class='ocr_par' dir='ltr' id='par_1_72' title="bbox 2184 2852 3393 2922">
     <span class='ocr_line' id='line_1_72' title="bbox 2184 2852 3393 2922; baseline 0.009 -18"><span class='ocrx_word' id='word_1_415' title='bbox 2184 2852 2377 2906; x_wconf 86' lang='lat' dir='ltr'><strong>Paulus</strong></span> <span class='ocrx_word' id='word_1_416' title='bbox 2404 2855 2669 2922; x_wconf 90' lang='lat' dir='ltr'><strong>totiusque</strong></span> <span class='ocrx_word' id='word_1_417' title='bbox 2689 2866 2736 2921; x_wconf 80' lang='grc' dir='ltr'><strong>ι,</strong></span> <span class='ocrx_word' id='word_1_418' title='bbox 2768 2854 2889 2909; x_wconf 89' lang='lat' dir='ltr'><strong>licet</strong></span> <span class='ocrx_word' id='word_1_419' title='bbox 2918 2856 2963 2910; x_wconf 94' lang='lat' dir='ltr'><strong>si</strong></span> <span class='ocrx_word' id='word_1_420' title='bbox 2989 2858 3184 2922; x_wconf 89' lang='lat' dir='ltr'><strong>dicere,</strong></span> <span class='ocrx_word' id='word_1_421' title='bbox 3212 2861 3393 2915; x_wconf 89' lang='lat' dir='ltr'><strong>mundi</strong></span> 
     </span>
    </p>
   </div>
   <div class='ocr_carea' id='block_1_73' title="bbox 2252 2939 3216 3001">
    <p class='ocr_par' dir='ltr' id='par_1_73' title="bbox 2252 2939 3216 3001">
     <span class='ocr_line' id='line_1_73' title="bbox 2252 2939 3216 3001; baseline 0.004 -6"><span class='ocrx_word' id='word_1_422' title='bbox 2252 2939 2447 2996; x_wconf 89' lang='lat' dir='ltr'><strong>Gentes</strong></span> <span class='ocrx_word' id='word_1_423' title='bbox 2473 2941 2702 2997; x_wconf 86' lang='lat' dir='ltr'><strong>salvatas</strong></span> <span class='ocrx_word' id='word_1_424' title='bbox 2725 2943 2935 2997; x_wconf 83' lang='lat' dir='ltr'><strong>duxerit</strong></span> <span class='ocrx_word' id='word_1_425' title='bbox 2959 2960 3051 2999; x_wconf 89' lang='lat' dir='ltr'><strong>ore</strong></span> <span class='ocrx_word' id='word_1_426' title='bbox 3080 2962 3177 3001; x_wconf 89' lang='lat' dir='ltr'><strong>suo</strong></span> <span class='ocrx_word' id='word_1_427' title='bbox 3204 2964 3216 2999; x_wconf 89' lang='lat'>:</span> 
     </span>
    </p>
   </div>
   <div class='ocr_carea' id='block_1_74' title="bbox 2183 3018 3451 3101">
    <p class='ocr_par' dir='ltr' id='par_1_74' title="bbox 2183 3018 3451 3101">
     <span class='ocr_line' id='line_1_74' title="bbox 2183 3018 3451 3101; baseline 0.005 -18"><span class='ocrx_word' id='word_1_428' title='bbox 2183 3018 2416 3084; x_wconf 80' lang='lat' dir='ltr'><strong>Andreas</strong></span> <span class='ocrx_word' id='word_1_429' title='bbox 2442 3030 2659 3098; x_wconf 90' lang='lat' dir='ltr'><strong>populos</strong></span> <span class='ocrx_word' id='word_1_430' title='bbox 2687 3041 2804 3099; x_wconf 91' lang='lat' dir='ltr'><strong>post</strong></span> <span class='ocrx_word' id='word_1_431' title='bbox 2832 3047 2889 3084; x_wconf 90' lang='lat' dir='ltr'><strong>se</strong></span> <span class='ocrx_word' id='word_1_432' title='bbox 2915 3035 3170 3099; x_wconf 90' lang='lat' dir='ltr'><strong>producet</strong></span> <span class='ocrx_word' id='word_1_433' title='bbox 3195 3032 3451 3101; x_wconf 83' lang='lat' dir='ltr'><strong>Achivos,</strong></span> 
     </span>
    </p>
   </div>
   <div class='ocr_carea' id='block_1_75' title="bbox 2110 3087 3300 3187">
    <p class='ocr_par' dir='ltr' id='par_1_75' title="bbox 2110 3087 3300 3187">
     <span class='ocr_line' id='line_1_75' title="bbox 2110 3087 3300 3187; baseline 0.005 -17"><span class='ocrx_word' id='word_1_434' title='bbox 2110 3087 2155 3150; x_wconf 68' lang='grc' dir='ltr'><strong>ο</strong></span> <span class='ocrx_word' id='word_1_435' title='bbox 2251 3087 2705 3172; x_wconf 46' lang='lat' dir='ltr'><strong>Iohannes-Asiae.</strong></span> <span class='ocrx_word' id='word_1_436' title='bbox 2722 3087 2955 3187; x_wconf 73' lang='lat' dir='ltr'><strong>proferet</strong></span> <span class='ocrx_word' id='word_1_437' title='bbox 2982 3120 3300 3176; x_wconf 87' lang='lat' dir='ltr'><strong>aecclesias:</strong></span> 
     </span>
    </p>
   </div>
   <div class='ocr_carea' id='block_1_76' title="bbox 2186 3207 3494 3278">
    <p class='ocr_par' dir='ltr' id='par_1_76' title="bbox 2186 3207 3494 3278">
     <span class='ocr_line' id='line_1_76' title="bbox 2186 3207 3494 3278; baseline 0.008 -19"><span class='ocrx_word' id='word_1_438' title='bbox 2186 3207 2421 3262; x_wconf 77' lang='lat' dir='ltr'><strong>Matheus</strong></span> <span class='ocrx_word' id='word_1_439' title='bbox 2444 3207 2726 3276; x_wconf 83' lang='lat' dir='ltr'><strong>Aethiopes</strong></span> <span class='ocrx_word' id='word_1_440' title='bbox 2752 3208 2933 3262; x_wconf 83' lang='lat' dir='ltr'><strong>niveos</strong></span> <span class='ocrx_word' id='word_1_441' title='bbox 2960 3210 3273 3278; x_wconf 90' lang='lat' dir='ltr'><strong>baptismate</strong></span> <span class='ocrx_word' id='word_1_442' title='bbox 3300 3212 3494 3278; x_wconf 80' lang='lat' dir='ltr'><strong>factos,</strong></span> 
     </span>
    </p>
   </div>
   <div class='ocr_carea' id='block_1_77' title="bbox 2253 3286 3444 3371">
    <p class='ocr_par' dir='ltr' id='par_1_77' title="bbox 2253 3286 3444 3371">
     <span class='ocr_line' id='line_1_77' title="bbox 2253 3286 3444 3371; baseline 0.004 -21"><span class='ocrx_word' id='word_1_443' title='bbox 2253 3298 2498 3352; x_wconf 85' lang='lat' dir='ltr'><strong>Indorum</strong></span> <span class='ocrx_word' id='word_1_444' title='bbox 2524 3298 2751 3351; x_wconf 86' lang='lat' dir='ltr'><strong>Thomas</strong></span> <span class='ocrx_word' id='word_1_445' title='bbox 2776 3286 2932 3351; x_wconf 81' lang='lat' dir='ltr'><strong>ducet</strong></span> <span class='ocrx_word' id='word_1_446' title='bbox 2957 3300 3024 3353; x_wconf 89' lang='lat' dir='ltr'><strong>ad</strong></span> <span class='ocrx_word' id='word_1_447' title='bbox 3051 3308 3193 3354; x_wconf 88' lang='lat' dir='ltr'><strong>astra</strong></span> <span class='ocrx_word' id='word_1_448' title='bbox 3220 3317 3405 3371; x_wconf 80' lang='lat' dir='ltr'><strong>greges</strong></span> <span class='ocrx_word' id='word_1_449' title='bbox 3428 3320 3444 3355; x_wconf 89' lang='lat'>:</span> 
     </span>
    </p>
   </div>
   <div class='ocr_carea' id='block_1_78' title="bbox 2186 3383 3690 3462">
    <p class='ocr_par' dir='ltr' id='par_1_78' title="bbox 2186 3383 3690 3462">
     <span class='ocr_line' id='line_1_78' title="bbox 2186 3383 3690 3462; baseline 0.008 -22"><span class='ocrx_word' id='word_1_450' title='bbox 2186 3387 2315 3440; x_wconf 85' lang='lat' dir='ltr'><strong>Tum</strong></span> <span class='ocrx_word' id='word_1_451' title='bbox 2350 3386 2594 3441; x_wconf 90' lang='lat' dir='ltr'><strong>Carolum</strong></span> <span class='ocrx_word' id='word_1_452' title='bbox 2628 3389 2860 3454; x_wconf 85' lang='lat' dir='ltr'><strong>gaudens</strong></span> <span class='ocrx_word' id='word_1_453' title='bbox 2893 3386 3158 3443; x_wconf 85' lang='lat' dir='ltr'><strong>Saxonum</strong></span> <span class='ocrx_word' id='word_1_454' title='bbox 3193 3398 3365 3445; x_wconf 83' lang='lat' dir='ltr'><strong>turma</strong></span> <span class='ocrx_word' id='word_1_455' title='bbox 3396 3383 3690 3462; x_wconf 80' lang='lat' dir='ltr'><strong>sequetur,</strong></span> 
     </span>
    </p>
   </div>
   <div class='ocr_carea' id='block_1_79' title="bbox 2252 3477 3129 3557">
    <p class='ocr_par' dir='ltr' id='par_1_79' title="bbox 2252 3477 3129 3557">
     <span class='ocr_line' id='line_1_79' title="bbox 2252 3477 3129 3557; baseline 0.003 -26"><span class='ocrx_word' id='word_1_456' title='bbox 2252 3477 2329 3531; x_wconf 86' lang='lat' dir='ltr'><strong>Illi</strong></span> <span class='ocrx_word' id='word_1_457' title='bbox 2361 3486 2642 3546; x_wconf 89' lang='lat' dir='ltr'><strong>perpetuae</strong></span> <span class='ocrx_word' id='word_1_458' title='bbox 2674 3478 2839 3546; x_wconf 85' lang='lat' dir='ltr'><strong>gloria</strong></span> <span class='ocrx_word' id='word_1_459' title='bbox 2872 3478 3129 3557; x_wconf 49' lang='lat' dir='ltr'><strong>laetieiae,</strong></span> 
     </span>
    </p>
   </div>
   <div class='ocr_carea' id='block_1_80' title="bbox 2182 3562 3623 3639">
    <p class='ocr_par' dir='ltr' id='par_1_80' title="bbox 2182 3562 3623 3639">
     <span class='ocr_line' id='line_1_80' title="bbox 2182 3562 3623 3639; baseline 0.006 -19"><span class='ocrx_word' id='word_1_460' title='bbox 2182 3568 2224 3621; x_wconf 91' lang='grc'><strong>0</strong></span> <span class='ocrx_word' id='word_1_461' title='bbox 2252 3568 2447 3620; x_wconf 90' lang='lat' dir='ltr'><strong>utinam</strong></span> <span class='ocrx_word' id='word_1_462' title='bbox 2476 3566 2557 3619; x_wconf 87' lang='lat' dir='ltr'><strong>vel</strong></span> <span class='ocrx_word' id='word_1_463' title='bbox 2586 3574 2891 3620; x_wconf 89' lang='lat' dir='ltr'><strong>cunctorum</strong></span> <span class='ocrx_word' id='word_1_464' title='bbox 2920 3562 3355 3636; x_wconf 52' lang='lat' dir='ltr'><strong>sequ‘ar‘v&#39;ttltimus</strong></span> <span class='ocrx_word' id='word_1_465' title='bbox 3384 3572 3586 3627; x_wconf 84' lang='lat' dir='ltr'><strong>horum</strong></span> <span class='ocrx_word' id='word_1_466' title='bbox 3605 3614 3623 3639; x_wconf 86' lang='lat'><strong>,</strong></span> 
     </span>
    </p>
   </div>
   <div class='ocr_carea' id='block_1_81' title="bbox 2250 3653 3297 3724">
    <p class='ocr_par' dir='ltr' id='par_1_81' title="bbox 2250 3653 3297 3724">
     <span class='ocr_line' id='line_1_81' title="bbox 2250 3653 3297 3724; baseline 0.004 -17"><span class='ocrx_word' id='word_1_467' title='bbox 2250 3655 2350 3719; x_wconf 85' lang='lat' dir='ltr'><strong>Qui</strong></span> <span class='ocrx_word' id='word_1_468' title='bbox 2385 3654 2551 3708; x_wconf 88' lang='lat' dir='ltr'><strong>nostri</strong></span> <span class='ocrx_word' id='word_1_469' title='bbox 2585 3654 2713 3707; x_wconf 89' lang='lat' dir='ltr'><strong>salvi</strong></span> <span class='ocrx_word' id='word_1_470' title='bbox 2747 3655 2811 3707; x_wconf 92' lang='lat' dir='ltr'><strong>de</strong></span> <span class='ocrx_word' id='word_1_471' title='bbox 2845 3654 3034 3724; x_wconf 80' lang='lat' dir='ltr'><strong>p0pulo</strong></span> <span class='ocrx_word' id='word_1_472' title='bbox 3068 3653 3297 3711; x_wconf 85' lang='lat' dir='ltr'><strong>fuerint!</strong></span> 
     </span>
    </p>
   </div>
   <div class='ocr_carea' id='block_1_82' title="bbox 2181 3742 3589 3813">
    <p class='ocr_par' dir='ltr' id='par_1_82' title="bbox 2181 3742 3589 3813">
     <span class='ocr_line' id='line_1_82' title="bbox 2181 3742 3589 3813; baseline 0.003 -15"><span class='ocrx_word' id='word_1_473' title='bbox 2181 3744 2223 3798; x_wconf 93' lang='grc' dir='ltr'><strong>Ο</strong></span> <span class='ocrx_word' id='word_1_474' title='bbox 2252 3743 2295 3797; x_wconf 87' lang='lat' dir='ltr'><strong>si</strong></span> <span class='ocrx_word' id='word_1_475' title='bbox 2319 3742 2527 3795; x_wconf 87' lang='lat' dir='ltr'><strong>Christe</strong></span> <span class='ocrx_word' id='word_1_476' title='bbox 2554 3742 2680 3796; x_wconf 86' lang='lat' dir='ltr'><strong>velis</strong></span> <span class='ocrx_word' id='word_1_477' title='bbox 2709 3743 2931 3797; x_wconf 88' lang='lat' dir='ltr'><strong>hoedum</strong></span> <span class='ocrx_word' id='word_1_478' title='bbox 2962 3743 3246 3799; x_wconf 88' lang='lat' dir='ltr'><strong>transferre</strong></span> <span class='ocrx_word' id='word_1_479' title='bbox 3271 3746 3551 3802; x_wconf 88' lang='lat' dir='ltr'><strong>sinistrum</strong></span> <span class='ocrx_word' id='word_1_480' title='bbox 3572 3791 3589 3813; x_wconf 85' lang='lat'><strong>,</strong></span> 
     </span>
    </p>
   </div>
   <div class='ocr_carea' id='block_1_83' title="bbox 2250 3830 3296 3900">
    <p class='ocr_par' dir='ltr' id='par_1_83' title="bbox 2250 3830 3296 3900">
     <span class='ocr_line' id='line_1_83' title="bbox 2250 3830 3296 3900; baseline 0.001 -15"><span class='ocrx_word' id='word_1_481' title='bbox 2250 3832 2327 3885; x_wconf 79' lang='lat' dir='ltr'><strong>Me</strong></span> <span class='ocrx_word' id='word_1_482' title='bbox 2352 3832 2468 3900; x_wconf 88' lang='lat' dir='ltr'><strong>pius</strong></span> <span class='ocrx_word' id='word_1_483' title='bbox 2495 3839 2551 3884; x_wconf 90' lang='lat' dir='ltr'><strong>ut</strong></span> <span class='ocrx_word' id='word_1_484' title='bbox 2576 3832 2773 3885; x_wconf 87' lang='lat' dir='ltr'><strong>dextris</strong></span> <span class='ocrx_word' id='word_1_485' title='bbox 2798 3833 3068 3886; x_wconf 88' lang='lat' dir='ltr'><strong>consocies</strong></span> <span class='ocrx_word' id='word_1_486' title='bbox 3092 3830 3296 3897; x_wconf 64' lang='lat' dir='ltr'><strong>ovibus,</strong></span> 
     </span>
    </p>
   </div>
   <div class='ocr_carea' id='block_1_84' title="bbox 2182 3916 3507 3988">
    <p class='ocr_par' dir='ltr' id='par_1_84' title="bbox 2182 3916 3507 3988">
     <span class='ocr_line' id='line_1_84' title="bbox 2182 3916 3507 3988; baseline 0.002 -13"><span class='ocrx_word' id='word_1_487' title='bbox 2182 3922 2294 3987; x_wconf 87' lang='lat' dir='ltr'><strong>Quo</strong></span> <span class='ocrx_word' id='word_1_488' title='bbox 2322 3936 2425 3974; x_wconf 90' lang='lat' dir='ltr'><strong>non</strong></span> <span class='ocrx_word' id='word_1_489' title='bbox 2456 3920 2689 3974; x_wconf 88' lang='lat' dir='ltr'><strong>mortalis</strong></span> <span class='ocrx_word' id='word_1_490' title='bbox 2712 3916 2926 3988; x_wconf 79' lang='lat' dir='ltr'><strong>psallam</strong></span> <span class='ocrx_word' id='word_1_491' title='bbox 2954 3920 3049 3974; x_wconf 90' lang='lat' dir='ltr'><strong>tibi</strong></span> <span class='ocrx_word' id='word_1_492' title='bbox 3077 3922 3324 3975; x_wconf 82' lang='lat' dir='ltr'><strong>carminis</strong></span> <span class='ocrx_word' id='word_1_493' title='bbox 3351 3924 3507 3988; x_wconf 82' lang='lat' dir='ltr'><strong>odas,</strong></span> 
     </span>
    </p>
   </div>
   <div class='ocr_carea' id='block_1_85' title="bbox 2252 4009 3625 4079">
    <p class='ocr_par' dir='ltr' id='par_1_85' title="bbox 2252 4009 3625 4079">
     <span class='ocr_line' id='line_1_85' title="bbox 2252 4009 3625 4079; baseline 0.004 -14"><span class='ocrx_word' id='word_1_494' title='bbox 2252 4011 2355 4066; x_wconf 90' lang='lat' dir='ltr'><strong>Sed</strong></span> <span class='ocrx_word' id='word_1_495' title='bbox 2384 4011 2590 4066; x_wconf 91' lang='lat' dir='ltr'><strong>laudem</strong></span> <span class='ocrx_word' id='word_1_496' title='bbox 2616 4009 2816 4064; x_wconf 89' lang='lat' dir='ltr'><strong>valeam</strong></span> <span class='ocrx_word' id='word_1_497' title='bbox 2843 4010 3017 4065; x_wconf 89' lang='lat' dir='ltr'><strong>dicere</strong></span> <span class='ocrx_word' id='word_1_498' title='bbox 3040 4022 3345 4079; x_wconf 87' lang='lat' dir='ltr'><strong>perpetuam</strong></span> <span class='ocrx_word' id='word_1_499' title='bbox 3369 4014 3383 4067; x_wconf 87' lang='lat'><strong>!</strong></span> <span class='ocrx_word' id='word_1_500' title='bbox 3422 4013 3625 4071; x_wconf 81' lang='lat' dir='ltr'><strong>Amen.</strong></span> 
     </span>
    </p>
   </div>
   <div class='ocr_carea' id='block_1_86' title="bbox 3422 4232 3451 4246">
    <p class='ocr_par' dir='ltr' id='par_1_86' title="bbox 3422 4232 3451 4246">
     <span class='ocr_line' id='line_1_86' title="bbox 3422 4232 3451 4246; baseline 0 0"><span class='ocrx_word' id='word_1_501' title='bbox 3422 4232 3451 4246; x_wconf 61' lang='grc' dir='ltr'><strong><em>θ</em></strong></span> 
     </span>
    </p>
   </div>
  </div>
