3886 6228
155 385 258 434 ’75⁸1

805 378 860 430 S.
902 375 1231 438 SIMPERTI,
1270 374 1414 427 ABB.
1455 371 1877 428 MURBACENS.
1927 371 2317 443 REGULABIA
2355 369 2684 424 STATUTA.

3229 363 3334 416 738

157 517 3330 572 mw

1392 631 1555 700 anno
1599 657 1818 722 DQMI‘NI
1864 657 2106 698 ncccrx.

639 852 1560 995 SANCTUS
1655 851 2887 990 SIMPERTUS

1384 1127 1600 1180 ABBAS
1639 1081 2125 1182 MURBACENSIS.

563 1358 986 1445 NOTITIA
1060 1355 1589 1432 HISTOBICA
1645 1357 1751 1430 IN
1830 1355 2296 1430 SANCTUM
2354 1353 2966 1465 SIMPEBT_UM.

1136 1511 1227 1576 (Ex
1250 1511 1484 1571 Fabricio,
1509 1511 1734 1560 Biblioth.
1761 1511 1888 1558 med.
1915 1520 1964 1559 et
1985 1508 2064 1558 inf.
2088 1509 2403 1571 Latinitatis.)

1667 1643 1854 1657 _

251 1753 585 1826 Sindpertus
599 1739 1020 1826 vel_‘_Simpert.us,
1049 1747 1598 1826 abbasiiurhacensis
1621 1753 1673 1799 et
1701 1745 1995 1812 episcopus.
2028 1745 2340 1826 Espungtint
2363 1762 2481 1826 eum
2506 1747 2740 1826 ex‘serie
2757 1747 3002 1826 abbatum
3037 1745 3349 1801 Murhacen-

171 1823 324 1875 sium
353 1813 514 1874 G'abr.
551 1813 837 1872 Bucclinus'
850 1826 902 1870 et
926 1818 1047 1870 Car.
1075 1816 1122 1868 le
1144 1816 1328 1870 Cointe
1344 1815 1531 1868 Annal.
1561 1813 1911 1876 Francorum;
1947 1816 2173 1866 restituit
2193 1823 2368 1867 autem
2397 1815 2538 1868 illum
2570 1815 2911 1869 Mabillonius.

249 1890 326 1942 De
355 1889 655 1954 episcopatu
682 1887 793 1963 ejus
820 1877 1120 1963 non‘omnia
1150 1885 1250 1963 huc
1287 1897 1469 1963 usque
1490 1883 1700 1934 fuerunt
1731 1881 1892 1959 clara.
1927 1881 2251 1963 Mal‘iillonius
2278 1884 2454 1936 sedem
2491 1885 2609 1963 ipii“
2636 1883 2863 1963 ignotam
2909 1884 3053 1963 dicit.
3094 1886 3354 1963 Auctorcs

165 1948 426 2010 Historiae
451 1948 722 2008 litterariae
741 1953 940 2015 Galliae,
986 1961 1110 2005 tom.
1156 1952 1240 2013 IV,
1286 1966 1337 2018 p.
1369 1949 1490 2011 562,
1534 1965 1650 2002 eum
1684 1950 1982 2015 episcopum
2008 1948 2376 2018 Augustanumﬁ
2393 1965 2479 2002 an.
2511 1948 2613 2004 809
2649 1948 2912 2003 mortuum
2940 1955 3136 2006 dicunt.
3168 1953 3356 2003 Melius

166 2026 448 2077 Eccardus
471 2023 664 2076 Rerum
705 2022 1073 2074 Francicarum
1101 2035 1225 2082 xxv,
1254 2019 1340 2080 46,
1381 2018 1467 2078 47,
1503 2033 1568 2069 ex
1597 2018 1758 2068 variis
1790 2017 2116 2070 documentis
2160 2018 2329 2086 ipsum
2352 2017 2806 2081 Ratisbonensem,
2832 2028 2886 2071 et
2925 2035 3010 2071 an.
3043 2019 3137 2072 791
3169 2019 3352 2072 defun-

165 2103 325 2144 ctum
351 2106 486 2152 esse,
513 2091 723 2143 asserit.

257 2159 383 2224 Ejus
427 2151 728 2234 Epistolam
760 2154 1090 2234 E‘ncyclicam
1151 2153 1426 2234 admodum
1472 2154 1696 2234 brevem
1745 2151 2512 2234 ediditnhlahil‘lonius,Annal.
2560 2154 2815 2234 p._&_i__8,‘
2863 2153 2949 2234 cui
2982 2154 3203 2234 ‘accedit
3249 2153 3353 2206 alia

173 2220 516 2279 salu'tatoria.
566 2224 843 2294 Regularia
872 2220 1083 2274 statuta
1120 2221 1424 2274 monasterii
1471 2220 1829 2274 Murbacensis
1864 2220 2028 2273 edidit
2072 2220 2226 2274 Bern.
2272 2221 2396 2276 Pez.
2437 2220 2581 2276 temo
2620 2223 2663 2276 Il
2691 2223 2942 2277 Thesauri
2968 2223 3354 2276 Anecdotoruni

176 2295 487 2358 narissimi,
525 2307 578 2364 p.
610 2295 693 2345 Η.

988 2479 1636 2650 saniem
1706 2537 2568 2705 smn-:an

498 2740 1058 2864 REGULARIA
1121 2738 1584 2936 STATIITA
1663 2738 2282 2934 MﬁNASTERlI
2322 2743 2326 2747 ”
2361 2740 3072 2867 MURBACENSIS.
3117 2848 3122 2854 .

1150 2983 1308 3042 (Apud
1331 2943 1544 3044 Pezium,
1566 2983 1846 3057 The’sanrus
1867 2983 2048 3032 Anecd.
2076 2995 2203 3045 nov.,
2230 2988 2265 3032 t.
2290 2983 2376 3042 II.)

3078 3065 3097 3103 Ι

254 3205 316 3260 In
353 3200 565 3258 nomine
589 3195 1013 3254 DominLamen.’
1039 3185 1290 3248 Noverint
1320 3193 1550 3248 universi
1585 3207 1721 3260 prae—
1747 3199 1795 3253 Α
1824 3193 2153 3247 destinarunt
2179 3195 2530 3250 venerabilem
2557 3203 2608 3251 et
2637 3199 2904 3267 egregium
2942 3198 3112 3256 virum
3141 3201 3361 3262 fratrem

181 3307 314 3346 nens
354 3289 619 3358 publicum
655 3287 1078 3345 instrumentum,
1110 3281 1243 3334 infra
1291 3283 1604 3348 scriptorum
1645 3296 1726 3334 re-

183 3377 455 3447 gularium
518 3381 829 3427 statutorum
887 3378 940 3424 et
1002 3369 1429 3424 ceremoniarum
1496 3376 1728 3435 tempore

185 3462 366 3518 sancti
405 3459 649 3528 Simperti
682 3457 909 3525 episcopi
938 3456 1280 3523 Augustensis
1303 3469 1366 3508 ac
1390 3455 1591 3506 abbatis
1620 3469 1729 3507 mo-

194 3548 421 3605 nasterii
460 3544 812 3600 Murbacensis
842 3543 1284 3611 promulgatorum
1319 3543 1512 3608 pariter
1534 3550 1602 3594 et
1637 3541 1728 3593 oh-

189 3646 527 3694 servatorum
570 3633 953 3698 transumptum
999 3644 1092 3684 seu
1146 3631 1516 3696 transcriptum
1559 3630 1728 3682 conti-

189 3742 361 3788 nens,
413 3723 716 3789 inspecturi,
759 3722 901 3787 quod
943 3734 1081 3772 anno
1124 3733 1154 3770 a
1202 3719 1483 3772 Nativitate
1528 3719 1730 3772 Domini

191 3809 580 3867 lncarnationis
632 3807 904 3860 millesimo
957 3807 1395 3873 quingentesimo,
1451 3807 1731 3860 indictione

193 3900 375 3960 tertia,
416 3899 499 3952 die
522 3897 688 3964 prima
731 3895 923 3948 mensis
952 3893 1095 3955 Maii,
1133 3895 1259 3945 hora
1303 3894 1466 3960 ipsius
1512 3894 1614 3946 diei
1644 3909 1733 3946 oe-

193 3997 321 4040 tava
344 3986 424 4036 vel
450 3983 597 4051 quasi
621 3989 740 4034 ante
769 3981 1060 4041 meridiem,
1091 3981 1139 4031 in
1171 3981 1285 4032 loco
1312 3981 1586 4048 capitulari
1618 3996 1732 4034 mo-

195 4073 417 4128 nasterii
445 4069 817 4132 Murbacensis,
844 4069 1177 4121 serenissimo
1197 4069 1430 4135 principe
1453 4077 1504 4121 et
1525 4069 1734 4124 domino

195 4163 415 4218 domino
460 4160 810 4213 Maximiliano
850 4159 1205 4212 Romanorum
1248 4174 1368 4226 rege
1405 4158 1625 4212 feliciter
1654 4173 1735 4213 re-

195 4260 417 4321 gnante,
446 4250 498 4302 in
524 4249 626 4302 mei
671 4248 858 4301 notarii
885 4247 1076 4314 publici
1106 4248 1422 4315 testiumque
1447 4248 1578 4300 infra
1608 4249 1737 4300 scri-

198 4355 435 4411 ptorum,
462 4341 525 4394 ad
550 4341 650 4393 hoc
677 4337 967 4407 specialiter
995 4345 1295 4389 vocatorum
1325 4346 1378 4389 et
1414 4346 1734 4405 rogatorum,

200 4429 482 4497 praesentia
506 4426 849 4494 personaliter
896 4424 1160 4477 constituti
1197 4423 1485 4484 reverendi,
1516 4424 1736 4476 honora—

1822 3280 2075 3336 Joannem
2101 3281 2313 3352 Nahurg
2337 3299 2499 3338 saera:
2521 3286 2792 3356 theologia:
2817 3288 3164 3357 professorem
3191 3302 3244 3348 et
3269 3297 3363 3350 de-

1825 3377 2088 3422 cretorum
2123 3371 2409 3434 doctiorem,
2442 3373 2754 3428 monachum
2781 3378 3016 3444 praedicti
3054 3371 3362 3438 monasterii

1825 3467 1877 3511 et
1911 3459 2244 3525 prmpositum
2273 3461 2507 3515 ecclesim
2548 3463 2714 3516 beatae
2743 3465 2971 3534 Virginis
3002 3467 3054 3520 in
3094 3468 3360 3535 Murbaeo,

1827 3547 1914 3613 qui
1953 3548 2021 3600 ob
2062 3549 2228 3601 sancti
2279 3547 2526 3616 Simperti
2573 3560 2626 3605 et
2664 3554 2870 3608 abbatis
2908 3556 3362 3613 honoriﬁcentiam

1828 3635 1955 3688 adiit
1973 3637 2348 3691 monasterium
2373 3641 2539 3693 sancti
2563 3641 2790 3695 Udalriei
2827 3645 2879 3696 in
2904 3644 3135 3712 Augusta
3163 3650 3365 3703 ordinis

1828 3723 2080 3788 ejusdem,
2110 3731 2181 3786 et,
2212 3734 2269 3776 ut
2297 3726 2432 3778 idem
2462 3730 2748 3792 asserebat,
2789 3731 2926 3796 quod
2959 3731 3076 3785 laeta
3106 3735 3231 3789 inibi
3263 3737 3364 3790 hu-

1829 3811 2065 3864 militatis
2087 3811 2258 3880 fronte
2287 3813 2446 3867 fuerit
2471 3825 2760 3883 susceptus.
2793 3818 2934 3874 Inter
2964 3821 3363 3890 eolloquendum

1831 3901 1991 3952 abbas
2013 3902 2177 3954 sancti
2206 3903 2453 3956 Uldalriei
2472 3912 2526 3957 et
2547 3906 2780 3960 nonnulli
2803 3907 2890 3959 alii
2924 3908 3109 3963 Patres
3136 3914 3364 3980 regulari

1831 3985 2082 4050 pollentes
2110 3985 2436 4040 institutione
2458 3992 2621 4043 sancti
2648 3991 2898 4059 Simperti
2925 3995 3004 4063 (ut
3028 3995 3196 4064 decet)
3218 3999 3366 4053 debi-

1835 4081 1943 4124 tum
1968 4073 2376 4128 honoriﬁcentia:
2401 4077 2594 4130 cultum
2630 4081 2882 4146 ampliare
2912 4083 3200 4150 cupientes,
3229 4099 3363 4152 pra:-

1833 4161 1992 4214 libato
2027 4161 2226 4215 doctori
2272 4178 2334 4216 ac
2373 4167 2628 4218 monacho
2677 4167 2942 4221 humiliter
2985 4171 3361 4238 supplicarunt,

1834 4257 2088 4314 quatenus
2108 4250 2367 4317 regularia
2392 4251 2629 4304 instituta
2664 4261 2896 4321 tempore
2921 4259 3087 4310 sancti
3115 4259 3367 4328 Simperti

1833 4335 2110 4399 custodita,
2131 4345 2185 4388 et
2209 4337 2275 4389 ab
2298 4339 2480 4392 eodem
2504 4340 2827 4409 promulgata
2848 4346 3100 4398 transumi
3121 4354 3174 4399 et
3194 4356 3366 4401 trans-

1837 4421 1963 4474 ferri
1992 4422 2204 4487 faceret,
2235 4433 2288 4477 et
2313 4427 2380 4480 ah
2407 4427 2593 4481 abbate
2621 4428 2944 4484 Murbaernsi
2974 4431 3089 4486 ﬁeri
3116 4435 3363 4503 impetra-

203 4518 343 4569 biles
369 4530 429 4568 ac
456 4515 680 4582 religiosi
709 4513 808 4565 viri
832 4513 1025 4565 domini
1048 4511 1347 4565 Waltherus
1375 4511 1438 4563 de
1454 4510 1738 4579 Wiltsperg
1769 4503 1810 4560 Β
1838 4518 1939 4562 ret.

202 4605 392 4665 abbas,
409 4601 742 4655 Leonhardus
767 4600 830 4652 de
849 4598 1216 4651 Reichenstain
1247 4599 1496 4661 decanus,
1521 4606 1573 4649 et
1598 4599 1737 4665 capi-

203 4694 397 4754 tulum,
428 4707 518 4746 seu
539 4700 824 4746 conventus
847 4689 1100 4750 ecclesiae,
1133 4703 1224 4740 seu
1249 4688 1548 4740 monasterii
1574 4689 1736 4753 impe-

212 4781 366 4834 rialis
406 4779 569 4833 sancti
606 4777 912 4846 Leod‘egarii
952 4776 1005 4827 in
1042 4775 1306 4837 Murhaco,
1349 4776 1414 4826 ad
1450 4773 1738 4826 Romanam

207 4867 498 4922 Ecclesiam
543 4866 682 4918 nullo
711 4848 904 4918 κιιιεείὶίο
948 4863 1287 4932 pertinentis,
1335 4862 1532 4914 ordinis
1573 4862 1737 4914 sancti

209 4955 478 5008 Benedicti
514 4953 814 5006 Basiliensis
861 4955 909 5006 di
929 4953 1118 5013 eeesis,
1162 4962 1544 5020 proposuerunt
1569 4959 1622 5003 et
1650 4966 1737 5003 ve-

209 5056 337 5094 rum
355 5056 469 5094 esse
484 5051 832 5102 asseruerunt,
850 5042 986 5108 quod
998 5056 1134 5092 anno
1153 5040 1468 5103 indictionis,
1485 5049 1541 5092 ut
1557 5054 1731 5106 supra,

210 5129 306 5183 die
338 5129 499 5194 prima
532 5130 725 5183 mensis
757 5128 966 5195 Aprilis,
1009 5137 1220 5195 propter
1253 5128 1514 5180 evidentes
1551 5135 1603 5181 et
1644 5143 1735 5179 ur-

211 5224 402 5286 gentes
449 5217 783 5269 necessitates
828 5216 950 5269 dicti
1005 5215 1306 5267 monasterii
1353 5214 1736 5277 Murbacensis,

213 5316 318 5354 nec
346 5317 447 5354 non
475 5304 539 5356 ob
563 5312 878 5370 praeceptum
912 5301 1083 5368 regale
1109 5302 1280 5355 abbati
1305 5299 1521 5369 praefato
1545 5300 1738 5353 factum

215 5388 287 5440 ad
313 5388 502 5440 dictam
528 5389 662 5442 sacri
699 5390 901 5455 imperii
930 5388 1247 5457 principibus
1281 5390 1332 5441 in
1354 5387 1585 5456 Augusta
1610 5403 1741 5454 prce-

217 5474 401 5536 ﬁxam,
433 5479 842 5532 ministerialium
875 5479 1036 5545 ipsius
1070 5480 1369 5532 monasterii
1399 5487 1539 5532 certa
1574 5480 1740 5532 scien-

221 5562 294 5614 tia
340 5571 396 5616 et
433 5578 671 5632 expressa
720 5566 982 5619 voluntate
1024 5566 1299 5621 accedente
1351 5568 1414 5620 ad
1458 5567 1739 5634 Augustam

1904 4597 2051 4653 Unde
2078 4600 2310 4666 praedicti
2340 4603 2629 4667 reverendi,
2657 4604 2988 4660 honorabiles
3027 4621 3090 4660 ae
3132 4607 3362 4676 religiosi

1832 4687 1931 4739 viri
1975 4688 2168 4740 domini
2201 4689 2379 4753 abbas,
2430 4692 2656 4746 decanus
2689 4701 2742 4746 et
2785 4704 3072 4750 conventus
3114 4700 3361 4753 antedieti

1835 4774 2136 4830 monasterii
2161 4775 2516 4833 Murbaeensis
2540 4781 2642 4849 piis
2667 4797 2899 4837 annuere
2917 4787 3053 4839 votis
3077 4795 3131 4840 et
3160 4788 3364 4842 veritati

1834 4877 1937 4914 non
1971 4865 2171 4926 deesse,
2197 4872 2250 4917 et
2274 4867 2605 4936 magniﬁcum
2627 4871 2744 4924 vitae
2771 4887 2834 4926 ac
2859 4872 3012 4927 fatuae
3045 4875 3206 4929 decus
3239 4891 3362 4930 san-

1839 4950 1908 5001 cti
1936 4947 2181 5017 Simperti
2206 4951 2297 5004 Dei
2322 4953 2532 5018 intuitu,
2562 4956 2650 5021 qui
2683 4957 2938 5025 gloriosus
2964 4969 3044 5013 est
3083 4962 3133 5014 in
3169 4966 3363 5017 sanctis

1839 5037 1966 5098 suis,
1996 5053 2282 5107 propagare
2309 5040 2594 5106 cupientes,
2624 5051 2838 5107 statuta,
2879 5050 3215 5102 caeremonias
3246 5065 3364 5103 san-

1840 5126 1906 5182 cti
1935 5125 2201 5193 Simperti,
2228 5127 2480 5182 illibatam
2506 5131 2663 5183 vitam
2694 5133 2894 5202 piarum
2915 5137 3118 5188 aurium
3141 5137 3365 5191 aediﬁca-

1840 5214 2032 5264 tionem
2059 5215 2321 5279 docentes,
2367 5217 2422 5269 in
2462 5234 2560 5272 una
2607 5229 2808 5275 vetusta
2842 5224 3010 5277 rotula
3049 5240 3138 5278 seu
3180 5228 3362 5280 charta

1841 5313 2151 5366 pergamena
2201 5311 2432 5365 exarata,
2463 5315 2624 5370 certa,
2641 5321 2800 5370 sana,
2833 5309 3052 5379 integra,
3091 5313 3269 5377 illaesa,
3313 5314 3364 5366 in

1842 5388 2000 5441 nullis
2025 5391 2414 5445 characterihus
2440 5408 2558 5448 rasa
2588 5405 2678 5448 aut
2709 5398 2919 5459 caduca,
2965 5410 3083 5452 tunc
3111 5401 3234 5452 mihi
3267 5415 3364 5452 uo-

1843 5478 1976 5528 tario
2025 5480 2316 5555 subscripto
2368 5483 2736 5547 ostenderunt,
2788 5473 3165 5552 praesentarunt
3210 5496 3366 5555 atque

1843 5554 2314 5636 dederunt,meque
2343 5569 2392 5622 in
2419 5571 2694 5637 prmscntia
2722 5574 2929 5626 testium
2956 5554 3363 5644 subscriptorum
