3886 6228
451 329 551 383 759

1411 306 1466 356 S.
1509 299 1817 357 SIMPERTI
1855 293 2136 346 ABBATIS
2176 287 2648 344 MURBACENSIS

3519 281 3624 330 ἨΟ

446 440 619 496 debita
643 448 758 488 cum
795 427 1039 483 instantia
1085 421 1452 488 requisieruut,
1495 422 1748 480 quatenus
1793 406 1967 460 abbati
1997 414 2040 466 Α
2067 402 2514 496 praetertiiittultu',
2557 396 2737 496 quiniu
2759 395 2948 496 aliqua
2983 388 3629 496 nieditaticneicct—ioi—i‘is

447 537 499 579 et
526 520 794 578 ccnventui
829 514 998 568 sancti
1039 507 1262 563 lldalrici
1290 506 1341 558 in
1364 503 1613 569 Augusta,
1641 497 1726 550 ubi
1759 502 1970 579 sanctus

450 577 736 679 bimpertus
759 600 1046 658 tumulatus
1071 609 1184 648 esse
1205 591 1539 659 dignoscitur,
1567 585 1802 679 eamdem
1829 577 1971 656 rotu'g

451 672 893 762 lam-regularium
929 690 1241 736 statutcrum
1287 685 1338 727 et
1362 672 1786 762 caeremoniarum
1826 676 1969 761 tran-

449 754 676 838 scribere
705 785 758 831 et
781 779 832 830 in
867 771 1127 840 publicam
1163 766 1379 819 formam
1423 760 1656 826 redigere
1681 754 1883 814 vellem,
1913 754 1972 840 in

450 875 622 929 ﬁnem,
653 876 710 919 ut
736 839 930 918 eisdem
970 857 1137 926 copiis
1175 851 1486 905 authenticis
1517 856 1761 911 tanquam
1792 839 1972 894 rotula:

448 954 682 1024 originali
716 964 891 1005 coram
923 947 1321 1015 quibuscunque
1363 935 1594 1003 personis
1623 929 1973 1027 cujuscunque

446 1023 614 1098 status
638 1042 747 1094 sive
770 1037 944 1107 [Cod.,
974 1041 1139 1086 status
1172 1027 1274 1098 sui]
1320 1023 1720 1092 praeeminentia:
1761 1023 1974 1091 exstite-

448 1133 572 1190 rint.
602 1134 769 1179 stetur
793 1129 843 1175 et
871 1120 1131 1173 credatur.

514 1216 677 1280 Quam
701 1211 905 1278 quidem
945 1206 1166 1259 rctulam
1193 1203 1300 1254 sive
1338 1198 1575 1251 chartam
1611 1203 1970 1280 pergamenam

447 1276 649 1356 vetusta
675 1276 847 1352 littera
872 1301 1138 1348 exaratam
1165 1283 1479 1355 recepimus,
1505 1281 1605 1333 vidi
1638 1294 1699 1332 ac
1726 1279 1790 1330 de
1815 1276 1974 1327 verbo

447 1391 512 1441 ad
534 1389 746 1440 verbum
772 1379 1106 1448 transumpsi,
1133 1374 1456 1440 transcripsi,
1486 1378 1537 1423 et
1564 1366 1780 1434 copiari,
1802 1364 1973 1416 debita

449 1492 566 1530 cum
595 1473 866 1527 collatione
893 1483 987 1537 per
1030 1481 1113 1519 me
1139 1478 1256 1517 cum
1283 1462 1482 1514 eisdem
1513 1455 1672 1514 facta,
1700 1451 1817 1512 feci,
1849 1448 1977 1502 nihil

452 1567 628 1618 addito
673 1561 752 1614 vel
778 1567 976 1612 mutato
1003 1555 1140 1622 quod
1173 1551 1294 1603 facti
1323 1555 1489 1600 mutet
1518 1541 1858 1596 substantiam
1887 1544 1978 1589 aut

412 1697 418 1704 .
452 1653 616 1706 variet
652 1648 989 1706 intellectum,
1018 1643 1286 1708 ipsamque
1331 1639 1566 1690 chartam
1608 1632 1716 1684 sive
1754 1627 1974 1681 rotulam

2065 491 2254 542 divina:
2299 497 2529 553 tempore
2571 485 2810 538 ordinato
2852 477 3134 547 occupatus
3169 495 3276 533 non
3313 481 3416 544 sit,
3467 477 3626 527 verbi

2067 579 2264 644 gratia,
2312 584 2370 629 ut
2407 573 2732 634 scholastici,
2785 578 3059 638 postquam
3105 570 3324 643 psalmi,
3370 566 3624 624 cantica,

2068 678 2118 719 et
2143 666 2318 734 hymni
2346 663 2608 718 memoria:
2633 661 2995 715 commendata
3024 658 3235 721 fuerint,
3281 656 3471 725 regula
3502 662 3629 720 post

2069 758 2261 827 regula:
2286 765 2482 809 textum
2519 755 2797 816 committi,
2824 753 3033 830 interim
3054 766 3181 805 vero
3213 751 3506 806 historiam
3548 748 3629 801 di-

2070 845 2202 896 vinze
2224 843 2550 896 auctoritatis
2575 851 2627 894 et
2653 841 2978 909 expcsitores
3005 839 3134 907 eius,
3159 855 3258 893 nec
3280 854 3386 891 non
3426 846 3491 890 et
3517 837 3631 890 col-

2070 930 2289 982 lationes
2317 929 2530 980 Patrum
2563 936 2618 979 et
2667 927 2800 980 vitas
2837 941 3020 980 eorum
3057 925 3294 993 legendo,
3338 925 3631 994 magistris

2071 1031 2252 1068 eorum
2289 1015 2618 1069 audientibus
2661 1023 2989 1083 percurraut.
3043 1014 3323 1082 Postquam
3373 1027 3516 1064 vero
3575 1013 3635 1063 in

2072 1105 2185 1157 istis
2209 1105 2548 1173 probabiliter
2583 1104 2787 1156 educati
2827 1103 3039 1164 fuerint,
3086 1102 3150 1155 ad
3196 1112 3362 1155 artem
3409 1103 3633 1154 littera—

2071 1199 2203 1244 tura:
2228 1199 2282 1244 et
2309 1188 2570 1258 spiritales
2598 1202 2653 1240 se
2691 1188 3010 1240 transferant
3048 1188 3217 1241 ﬂores.
3249 1189 3348 1253 Qui
3387 1203 3529 1239 vero
3565 1187 3633 1238 de

2073 1282 2255 1334 habitu
2292 1266 2524 1334 saeculari
2562 1279 2797 1332 conversi
2824 1279 3007 1332 notitia
3039 1277 3328 1331 litterarum
3354 1278 3630 1345 indigent,

2073 1350 2190 1435 post
2235 1383 2413 1421 earum
2458 1367 2806 1435 cognitionem
2853 1367 3142 1420 orationem
3190 1367 3529 1419 Dcminicam
3577 1375 3634 1418 et

2073 1455 2394 1522 symbolum,
2443 1463 2496 1508 et
2537 1455 2614 1508 sic
2669 1451 2914 1522 deinceps
2960 1454 3320 1521 pcenitentium
3356 1454 3631 1520 psalmos,

2073 1550 2188 1611 post
2208 1543 2318 1595 hzec
2339 1541 2569 1609 reliquos
2599 1581 2613 1604 ,
2642 1555 2806 1609 usque
2825 1544 2946 1594 dum
2972 1542 3076 1594 vita
3100 1548 3153 1594 et
3174 1541 3340 1594 virtus
3360 1532 3630 1609 suppetit,

2077 1630 2279 1682 diSCere
2309 1645 2410 1683 non
2438 1631 2696 1682 desinant.

452 1737 712 1807 regularia
756 1741 948 1787 statuta
999 1729 1165 1783 sancti
1218 1725 1464 1792 Simperti
1513 1720 1864 1775 continentem
1921 1714 1981 1767 (lc
2015 1709 2057 1766 Β
2150 1716 2346 1807 Tertio,
2377 1724 2634 1807 mcmnes
2661 1717 2885 1771 cilicium
2914 1719 3079 1771 sancti
3109 1718 3369 1801 Benedicti
3398 1716 3628 1769 faciant.

455 1805 615 1882 verbo
638 1827 702 1879 ad
726 1825 941 1878 verbum
968 1821 1095 1873 satis
1121 1818 1244 1878 alta,
1273 1815 1412 1868 clara
1440 1820 1493 1863 et
1519 1805 1828 1874 intelligibili
1859 1817 1984 1855 voce

461 1916 678 1970 testibus
719 1910 1009 1965 astantibus
1048 1903 1278 1974 perlegi,
1321 1907 1576 1959 tenorem,
1618 1893 1706 1962 qui
1752 1891 1986 1958 sequitur

453 2001 822 2054 continentem.

457 2106 954 2175 Regularia‘decret‘a
995 2109 1237 2175 amonem
1267 2094 1457 2175 syrtng
1491 2093 1544 2142 in
1582 2087 1985 2175 [iussn

528 2153 893 2239 iis;
907 2153 1115 2239 patricii
1134 2175 1180 2217 et
1202 2153 1330 2239 regis
1353 2161 1694 2239 Romanorum
1714 2153 1984 2239 celebrato,

529 2219 617 2296 fit?
631 2219 935 2293 Eiet—116%;
950 2219 1095 2287 verba
1115 2243 1160 2284 et
1185 2219 1367 2299 scripto
1387 2219 1986 2299 prementibusfratribus

529 2246 594 2296 ad
631 2246 924 2293 memoriam
950 2246 1095 2287 verba
1115 2246 1160 2284 et
1185 2246 1367 2299 scnpto
1424 2246 1717 2280 nrsemwus
1741 2246 1986 2289 ,ruuwus

529 2307 817 2364 monasterii
863 2302 1215 2360 Murbarensis,
1253 2246 1504 2366 patefzctd
1549 2309 1638 2366 per
1683 2289 1989 2366 Simpertunt

527 2379 757 2429 abbatem
792 2374 1015 2441 ejusdem
1051 2370 1149 2421 loci
1198 2363 1261 2441 et:
1290 2363 1505 2433 episcopi
1535 2363 1878 2428 Augustensis,
1906 2363 1988 2406 cut

530 2443 722 2512 synodo
746 2434 974 2506 interfuit
1005 2434 1356 2512 personaliter.
1616 2500 1619 2502 _

529 2555 607 2606 Ad
640 2541 948 2604 memoriam
973 2554 1224 2605 vestram,
1264 2541 1456 2594 fratres
1479 2533 1797 2594 citatissimi,
1823 2545 1998 2596 -rcvc-_

457 2656 577 2695 care
616 2638 810 2704 scripto
851 2633 1176 2688 decrevimus
1204 2645 1265 2682 ea
1293 2642 1407 2696 qua:
1435 2625 1610 2678 verbis
1644 2631 1696 2674 et
1727 2619 1986 2701 capitulis,

457 2745 571 2799 qua:
592 2728 662 2781 ibi
682 2726 881 2794 digesta
902 2731 1041 2784 sunt,
1063 2720 1213 2790 quasi
1234 2713 1710 2786 recapitulaticnem
1739 2711 1989 2799 facientes

459 2797 815 2883 possibilitath
855 2817 909 2862 et
944 2807 1272 2862 necessitatis
1297 2806 1347 2861 in
1371 2805 1448 2860 eis
1473 2801 1746 2854 commoda
1775 2797 1993 2864 requisi-

459 2903 658 2960 vimus,
716 2897 838 2964 quia
885 2895 1120 2962 quadam
1166 2892 1236 2946 ibi
1286 2889 1572 2945 secundum
1625 2886 1990 2938 auctoritatem

459 2989 668 3059 regulae,
709 2983 942 3054 quaedam
982 2998 1105 3036 vero
1139 2997 1238 3035 usu
1283 2989 1333 3034 et
1373 2976 1745 3033 consuetudine
1787 2974 1984 3042 prolata
2010 2996 2055 3056 ο

461 3087 601 3139 sunt,
638 3091 752 3144 qum
780 3073 1116 3135 consuetudo,
1148 3072 1189 3124 si
1216 3071 1389 3136 aliquo
1421 3068 1549 3120 vitio
1592 3072 1835 3131 corrupta
1881 3077 1986 3114 non

463 3165 634 3226 fuerit,
654 3178 750 3229 pro
772 3162 880 3229 lege
906 3159 1127 3228 regulari
1149 3157 1406 3225 inculpate
1433 3154 1645 3208 retineri
1671 3152 1881 3220 poterit.

526 3252 705 3304 Primo
749 3249 885 3301 enim
930 3246 1156 3313 capitulo
1192 3244 1554 3297 denuntiatum
1592 3248 1694 3302 est,
1741 3248 1819 3300 ut,
1869 3252 1986 3291 cum

463 3341 695 3393 abbates'
728 3337 790 3389 ad
828 3335 1040 3403 propria
1079 3333 1191 3385 loca
1235 3337 1573 3392 remeassem,
1622 3326 1855 3395 regulam
1896 3342 1989 3393 per

417 3491 424 3498 _
462 3428 661 3496 singula
688 3424 1023 3478 discutientes
1055 3421 1345 3486 relegerent
1372 3427 1425 3472 et
1463 3417 1826 3485 adimplerent,
1850 3416 1989 3483 quod

464 3533 493 3569 a
521 3517 669 3569 nobis
709 3515 761 3566 in
787 3511 1108 3565 discussione
1135 3510 1412 3561 verborum
1446 3507 1592 3573 juxta
1620 3505 1883 3556 modulum
1911 3503 1986 3556 in-

465 3601 759 3669 telligentia:
803 3606 995 3651 nostra:
1040 3603 1211 3648 actum
1253 3601 1350 3647 est.
1397 3593 1492 3645 illa
1522 3606 1647 3644 vero
1690 3590 1989 3656 adimpletio

465 3703 566 3740 non
592 3688 643 3738 in
664 3687 831 3754 spatio
851 3683 1098 3750 temporis
1119 3682 1253 3734 sicut
1282 3681 1368 3733 illa
1406 3679 1788 3746 interpretatio,
1819 3679 1909 3730 sed
1938 3679 1989 3729 in

465 3788 620 3826 cursu
643 3773 801 3829 totius
837 3772 957 3824 vita:
981 3778 1172 3822 nostra:
1196 3769 1429 3834 ponenda
1457 3776 1536 3820 est
1564 3769 1764 3820 duobus
1801 3768 1986 3827 modis,

467 3867 556 3910 aut
597 3856 943 3924 adimplendc,
973 3855 1190 3908 Domino
1216 3853 1508 3918 adjuvante,
1536 3853 1866 3920 sponsionem
1895 3869 1988 3906 nc-

468 3955 659 4006 stram;
695 3952 782 3996 aut
804 3945 847 3996 si
870 3944 1097 4011 peccatis
1123 3943 1521 4009 surripientibus
1562 3942 1993 4008 praevaricatores

470 4039 667 4106 sancta:
707 4030 898 4097 regula:
944 4028 1214 4081 existimus
1237 4067 1251 4090 ,
1302 4027 1635 4080 emendando
1668 4029 1994 4095 regularibus

472 4115 774 4183 disciplinis.
1245 4174 1247 4176 η
1597 4119 1617 4138 ”

544 4203 802 4263 Secundo,
831 4209 906 4261 ut,
940 4201 1025 4266 qui
1051 4206 1285 4268 possunt,
1313 4199 1543 4267 regulam
1575 4201 1876 4253 memoriter
1915 4201 1993 4254 di-

2083 1800 2229 1864 Qucd
2281 1794 2563 1867 capitulum
2625 1801 2727 1852 illis
2785 1802 3166 1853 observandum
3217 1795 3482 1863 convenit,
3537 1803 3629 1867 qui

2084 1890 2335 1944 hactenus
2378 1887 2626 1944 Romana:
2670 1889 2916 1943 Ecclesia:
2961 1889 3130 1944 cilicio
3168 1892 3264 1944 sub
3309 1892 3631 1945 monachico

2083 1977 2263 2030 habitu
2289 1978 2535 2045 degentes
2562 1980 2643 2031 usi
2664 1990 2802 2032 sunt.
2835 1979 2939 2032 Nos
2963 1995 3106 2044 vero,
3132 1982 3217 2048 qui
3244 1982 3309 2032 ab
3336 1981 3464 2048 ipsis
3489 1997 3632 2048 pene

2084 2065 2354 2124 cunabulis
2389 2081 2418 2118 a
2453 2065 2735 2133 majoribus
2773 2070 2963 2121 nostris
2996 2069 3183 2122 eruditi
3219 2069 3269 2120 in
3301 2071 3486 2122 eadem
3519 2070 3631 2127 dis-

2083 2156 2341 2222 positione
2375 2157 2631 2221 viximus,
2679 2158 2930 2224 quidquid
2969 2159 3128 2211 menti
3176 2159 3439 2220 occurrit,
3479 2159 3630 2225 quod

2085 2243 2394 2312 negligentia
2419 2231 2770 2312 przetermisit,
2799 2246 3093 2298 emendatio
3121 2245 3361 2313 supplere
3388 2246 3625 2304 debebit,

2086 2333 2135 2384 id
2171 2340 2269 2395 est,
2303 2347 2482 2386 omnes
2513 2335 2654 2386 horae
2691 2334 2956 2386 canonica:
2989 2343 3093 2386 tam
3128 2335 3193 2387 ad
3230 2344 3520 2386 nocturnas
3551 2334 3624 2385 vi-

2083 2420 2252 2485 gilias,
2282 2435 2436 2487 quam
2475 2420 2538 2473 ad
2580 2419 2795 2474 diurnas
2837 2423 2994 2476 horas
3036 2429 3254 2489 excepto
3279 2422 3624 2489 ccmpletcric

2085 2506 2383 2574 antiphonis
2426 2502 2793 2562 terminentur.
2842 2509 3241 2563 llebdcmadarii
3286 2509 3524 2579 legentes
3576 2511 3628 2562 in

2087 2594 2367 2672 refectcric
2417 2596 2667 2649 lectiones
2712 2611 2808 2664 per
2854 2599 3085 2667 singulas
3138 2599 3296 2651 horas
3340 2599 3630 2653 canonicas

2085 2685 2364 2764 unicuique
2395 2686 2614 2753 tempori
2640 2693 3003 2754 congruentes,
3027 2689 3085 2739 in
3124 2687 3344 2743 ecclesia
3371 2689 3625 2750 recitavit,

2086 2789 2217 2842 quas
2243 2789 2337 2842 per
2374 2775 2612 2828 ordinem
2642 2775 2908 2828 memoriae
2940 2777 3322 2829 commendent.
3367 2777 3628 2830 Similiter

2085 2869 2138 2914 et
2166 2875 2273 2924 eas,
2302 2877 2417 2930 qua:
2445 2869 2676 2930 tempore
2703 2863 2885 2916 :estivc
2926 2879 2988 2916 ex
3018 2865 3285 2931 prophetis
3314 2866 3378 2917 ad
3409 2874 3627 2918 noctur-

2087 2965 2182 3003 nas
2227 2951 2564 3005 decantanda:
2601 2959 2742 3014 sunt,
2774 2953 3219 3019 pronuntiationes
3253 2953 3306 3004 in
3344 2955 3508 3006 choro
3531 2967 3627 3019 per

2087 3048 2194 3092 tres
2220 3041 2377 3093 horas
2402 3039 2699 3101 canonicas,
2727 3039 2776 3092 id
2810 3049 2910 3101 est,
2935 3039 2998 3092 ad
3018 3048 3320 3102 nocturnes,
3351 3041 3624 3094 matutinis

2085 3139 2139 3183 et
2162 3130 2472 3198 vespertinis
2512 3121 2856 3204 conventibus
2898 3131 3012 3184 sine
3053 3133 3436 3186 intermissione
3471 3131 3623 3184 ﬁant.

2085 3215 2277 3270 Psalmi
2298 3217 2535 3272 ordinate
2559 3219 2752 3286 absque
2780 3218 2881 3272 ulla
2919 3217 3251 3274 festinatione
3277 3220 3625 3275 divisionibus

2088 3304 2141 3356 in
2166 3305 2404 3375 versibus
2441 3305 2717 3358 custoditis
2753 3287 3072 3372 psallantur:
3115 3307 3379 3360 orationes
3424 3322 3543 3374 qua:
3591 3321 3623 3360 a

2087 3393 2356 3446 sacerdote
2387 3393 2692 3454 recitantur,
2727 3407 2891 3459 usque
2935 3394 3004 3447 ad
3041 3386 3349 3447 divisionem
3373 3411 3621 3449 versuum

2090 3480 2155 3531 ab
2178 3480 2361 3533 eodem
2387 3479 2656 3534 sacerdote
2693 3481 2955 3545 dicamus.
2980 3495 3052 3536 ac.
3067 3482 3255 3536 deinde
3300 3485 3625 3551 subsequen-

2091 3565 2161 3616 tia
2210 3567 2543 3632 congregatio
2594 3569 2920 3633 respondeat.
2980 3568 3450 3636 Quinquagesimus
3508 3573 3622 3623 sine

2089 3649 2394 3706 confusione
2436 3651 2655 3717 alicujus
2699 3655 3126 3721 praecipitationis
3153 3655 3328 3708 choris
3360 3656 3622 3709 alternan-

2090 3739 2230 3793 tibus
2277 3741 2478 3794 dicatur
2511 3756 2524 3794 :
2562 3741 2720 3815 Kyrie
2763 3743 2962 3810 eleyson
3008 3744 3061 3796 in
3096 3744 3279 3796 ordine
3320 3759 3414 3797 suo
3463 3745 3619 3797 simul

2091 3827 2284 3879 stando.
2299 3827 2537 3880 ordinate
2566 3828 2860 3881 decantent.
2893 3828 2967 3881 Ea
3004 3844 3130 3882 vero
3153 3845 3268 3897 qua:
3306 3831 3356 3884 in
3394 3832 3617 3900 regulari

2091 3914 2459 3969 distributione
2495 3916 2810 3984 psalmorum
2846 3916 2910 3969 de
2955 3931 3050 3970 usu
3089 3917 3332 3970 Romana:
3374 3918 3619 3972 Ecclesia:

2090 4004 2263 4057 addita
2296 4013 2436 4067 sunt,
2475 4016 2529 4058 et
2570 4006 2620 4057 in
2650 4006 2958 4072 quibusdam
2992 4006 3242 4059 cmncbiis
3285 4007 3341 4059 in
3385 4022 3482 4060 usu
3516 4021 3616 4059 non

2092 4093 2368 4154 habentur,
2401 4093 2569 4145 adhuc
2609 4093 2757 4144 nobis
2782 4093 3049 4144 retinenda
3091 4093 3406 4156 censuimus,
3453 4093 3620 4146 donec

2093 4180 2331 4232 consultu
2364 4179 2634 4233 meliorum
2681 4188 2770 4232 aut
2820 4179 3164 4243 dimittantur,
3208 4188 3299 4232 aut
3339 4180 3616 4232 tenendum

473 4297 698 4342 scerent.
715 4289 811 4341 Ubi
832 4265 1145 4354 jungendum
1169 4265 1480 4352 putavimus,
1509 4294 1586 4349 ut,
1606 4301 1727 4339 cum
1754 4302 1817 4340 ex
1837 4288 1990 4344 corde
2023 4298 2071 4356 ι)
2095 4265 2316 4318 certiora
2345 4266 2643 4324 τθδάίωωτ·

475 4377 738 4429 rccitanda
756 4376 965 4436 dicitur,
991 4389 1019 4425 a
1046 4374 1382 4428 dictatoribus
1405 4375 1658 4428 ordinatis
1684 4376 1994 4430 distantibus

478 4465 864 4528 interpretetur.
892 4459 1148 4523 Quosdam
1174 4475 1298 4513 vero
1314 4455 1493 4514 'tctam
1516 4476 1609 4527 per
1631 4463 1863 4516 ordinem
1892 4481 1997 4518 me-

478 4550 658 4603 moria:
685 4548 1050 4602 commendare
1066 4546 1334 4612 iussimus.
1355 4548 1446 4616 qui
1466 4548 1713 4615 descripti
1741 4551 1793 4602 in
1818 4560 1995 4624 nostro

478 4639 713 4705 catalogo
734 4638 1080 4698 continentur,
1107 4651 1326 4702 quorum
1351 4651 1597 4689 numerus
1614 4630 1789 4704 usque
1813 4641 1876 4691 ad
1905 4640 1996 4691 tri—

479 4728 621 4794 ginta
649 4739 740 4778 sex
775 4718 1046 4776 excrescit.
1076 4723 1393 4785 Quibusdam
1416 4736 1540 4776 vero
1570 4725 1794 4790 capitula
1819 4727 1996 4780 decem

482 4829 544 4866 ex
569 4814 749 4865 eadem
790 4809 964 4878 regula
1015 4808 1339 4861 denominata
1381 4809 1624 4864 discenda
1661 4811 1994 4878 injunximus,

481 4901 572 4970 qui
610 4900 764 4952 simili
794 4899 947 4953 modo
980 4899 1223 4965 descripti
1251 4893 1556 4962 noscuntur,
1593 4903 1691 4953 nisi
1716 4901 1848 4955 forte
1875 4910 2000 4956 :eta-

483 4991 549 5041 tis
570 4997 660 5041 aut
683 4988 826 5039 visus
847 4988 1266 5054 impedimentum
1287 4989 1352 5040 ad
1375 4989 1674 5042 discendum
1701 4991 1958 5043 obstiterit
1984 5008 1996 5042 :

483 5077 654 5128 saltim
680 5075 793 5128 hinc
828 5073 1004 5128 clauso
1029 5075 1207 5128 codice
1235 5087 1298 5127 ex
1325 5075 1481 5129 corde
1508 5087 1722 5143 possunt
1743 5078 1994 5145 proferre.

484 5163 582 5226 Qui
619 5177 742 5214 vero
773 5177 870 5215 nec
895 5178 960 5215 ex
995 5162 1196 5230 integro
1234 5178 1330 5216 nec
1357 5178 1421 5216 ex
1460 5172 1607 5230 parte
1650 5164 1746 5216 ista
1788 5179 1999 5231 percur-

485 5265 601 5302 rere
657 5251 981 5315 nequierint,
1036 5251 1302 5304 audiendre
1361 5253 1627 5305 sententia:
1682 5252 1998 5320 singulorum
2048 5253 2057 5256 ’

485 5343 758 5400 penetrent
785 5343 836 5389 et
878 5340 1033 5392 menti
1078 5345 1346 5404 reponant,
1395 5339 1448 5391 in
1487 5353 1683 5404 quc-se
1726 5340 2001 5405 participes

488 5422 708 5483 eteteris,
733 5424 777 5475 si
799 5438 956 5490 opere
988 5424 1160 5478 audita
1187 5427 1540 5492 probaverim,
1567 5440 1683 5478 esse
1727 5440 1826 5477 non
1854 5425 2003 5479 dubi-

491 5516 620 5559 tent.
661 5510 758 5564 Ubi
798 5512 951 5564 etiam
996 5512 1283 5566 addendum
1329 5519 1426 5581 est,
1470 5521 1524 5564 ut
1571 5511 1739 5564 nullus
1781 5511 1999 5566 fratrum

2159 4373 2372 4438 Quarto,
2423 4385 2479 4427 ut
2517 4375 2730 4426 abbates
2769 4387 3071 4426 communes
3109 4389 3224 4428 esse
3251 4376 3469 4428 debeant
3508 4375 3618 4442 eius
3655 4405 3666 4413 -

2092 4463 2360 4514 monachis
2385 4463 2435 4512 in
2466 4462 2841 4523 manducando,
2865 4463 2917 4514 in
2946 4464 3185 4522 bibendo,
3213 4463 3263 4516 in
3293 4465 3616 4528 dormiendc,

2092 4566 2184 4603 seu
2212 4550 2263 4601 in
2289 4551 2492 4602 ueteris
2517 4548 2831 4616 quibuslibet
2873 4551 3062 4603 causis.
3093 4551 3147 4602 in
3189 4551 3286 4603 hoc
3312 4549 3504 4619 quippe
3537 4559 3620 4604 net-

2093 4641 2232 4708 gctio
2264 4641 2339 4692 uti
2364 4639 2587 4708 regulari
2609 4647 2867 4705 potestate
2888 4639 3027 4701 vclc,
3065 4640 3146 4692 cui
3173 4655 3276 4692 non
3313 4639 3620 4706 prejudieat

2093 4727 2310 4794 alicujus
2368 4742 2515 4779 nova:
2567 4728 2950 4780 constitutionis
3006 4740 3245 4782 censura.
3298 4726 3420 4782 Sive
3475 4731 3618 4782 enim

2093 4816 2354 4868 communi
2379 4815 2536 4877 victu,
2568 4830 2658 4868 seu
2685 4816 2737 4867 in
2767 4815 3080 4866 abstinentia
3107 4814 3376 4884 singulari,
3399 4817 3618 4883 quilibet

2094 4919 2302 4957 rumore
2327 4904 2463 4971 vulgi
2489 4903 2716 4970 respergi
2746 4903 2956 4969 poterit,
2990 4903 3128 4969 quod
3154 4910 3208 4954 et
3236 4902 3473 4969 exemplo
3500 4902 3619 4956 Sal-

2053 5011 2057 5020 ’
2094 4992 2288 5043 vatcris
2323 4999 2375 5043 et
2399 4992 2511 5058 ejus
2534 4990 2871 5056 praecursoris
2902 4988 3092 5042 factum
3133 4990 3469 5056 dignoscitur.
3511 4990 3618 5042 Nos

2094 5091 2219 5128 vero
2244 5077 2378 5129 sicut
2402 5078 2453 5126 in
2488 5084 2741 5126 conventu
2772 5075 3348 5128 fratruminlirmitates
3381 5059 3618 5142 corporis

2096 5163 2258 5215 nostri
2303 5162 2665 5229 expcsuimus,
2713 5178 2815 5214 non
2863 5164 2915 5214 in
2968 5169 3166 5214 tantum
3210 5163 3616 5229 obtemperatum

2098 5252 2227 5318 gula:
2271 5249 2542 5312 iliceebris,
2582 5258 2830 5315 quantum
2873 5249 3186 5303 consulendo
3219 5250 3617 5306 necessitatibus

2099 5337 2348 5402 corporis,
2373 5337 2664 5388 sievictum
2691 5344 2923 5388 nostrum
2954 5320 3169 5389 Domino
3190 5335 3491 5391 moderante
3517 5340 3614 5390 dis-

2099 5438 2291 5490 ponere
2317 5424 2568 5490 cupimus,
2609 5433 2665 5475 ut
2713 5433 2765 5475 et
2801 5425 3052 5478 sustineat
3101 5422 3164 5475 ad
3211 5422 3378 5487 utilia,
3419 5434 3476 5477 et
3513 5440 3614 5478 non

2101 5523 2284 5565 noceat
2311 5513 2373 5565 ad
2408 5514 2638 5565 adversa.
