3886 6228
150 325 236 378 τιι

1343 314 1733 369 REGULARIA
1777 313 2110 367 STATUTA.

3214 318 3323 378 74?-

210 432 418 494 Ouinto,
451 438 506 481 ut
539 429 727 480 fratres
754 428 805 480 in
833 427 1077 492 coquina,
1131 427 1180 478 in
1219 426 1460 492 pistrino,
1500 433 1552 477 et
1584 439 1678 476 ea}
1707 429 1752 484 Α
1780 422 2072 475 nullatenus
2101 422 2212 476 fieri
2253 430 2424 490 potest
2454 432 2668 491 propter
2705 425 2939 480 notitiam
2984 428 3235 494 locorum,
3263 435 3313 485 in

152 523 271 576 teris
302 518 487 572 oliiciis
533 519 723 570 artium
770 514 996 583 propriis
1035 512 1275 565 manibus
1321 511 1576 574 laborent,
1625 519 1678 563 et

152 609 453 662 vestimenta
481 621 575 659 sua
603 605 803 656 lavent:
837 603 889 654 in
930 601 1187 653 lavationc
1215 599 1438 652 vestium
1466 600 1677 664 antiqua

153 694 466 751 consuetudo
491 700 742 752 teneatur,
769 698 844 754 ut,
873 689 963 758 qui
987 704 1079 756 per
1104 705 1160 741 se
1187 696 1420 754 possunt,
1447 679 1639 739 faciant
1662 701 1675 746 ;

154 786 236 854 qui
265 800 389 839 vero
422 785 567 838 senio
602 789 693 834 aut
731 781 1033 834 infirmitate
1080 779 1346 843 deficiunt,
1390 795 1513 831 cura
1537 795 1682 846 prm—

154 875 300 942 positi
335 875 401 926 ab
426 872 541 924 aliis
582 869 742 937 adjuti
768 883 950 922 eorum
993 869 1278 920 necessitas
1306 866 1598 932 expleatur.
1627 864 1681 916 In

155 960 516 1014 calceamentis
544 974 666 1011 vero
705 966 757 1010 ct
793 956 1119 1009 vestimentis
1159 954 1474 1007 consuendis
1513 953 1685 1005 adhuc

155 1049 411 1103 ordinatio
438 1056 618 1101 nostra
665 1053 918 1105 teneatur,
963 1045 1032 1096 ita
1059 1051 1117 1095 ut
1151 1042 1240 1109 qui
1267 1057 1362 1110 per
1389 1056 1446 1093 se
1484 1043 1583 1094 hoc
1610 1040 1686 1091 fa—

155 1152 268 1192 cere
294 1135 581 1203 potuerint,
621 1133 814 1187 faciant
841 1150 852 1184 :
878 1132 1066 1200 quibus
1106 1145 1229 1184 vero
1260 1145 1418 1183 causa
1449 1128 1688 1195 impossi-

155 1225 370 1278 bilitatis
396 1237 554 1292 supra
591 1221 852 1288 descripta
879 1220 1158 1279 obstiterit,
1190 1233 1315 1272 cura
1348 1215 1609 1284 prmpositi
1632 1222 1688 1267 et

155 1313 428 1367 camerarii
454 1325 636 1364 eorum
675 1308 958 1362 necessitas
1000 1313 1341 1365 sustentetur,
1370 1320 1436 1355 ne
1479 1304 1544 1354 ah
1573 1303 1688 1353 aliis

156 1403 291 1452 intus
319 1400 512 1452 forisve
534 1397 719 1452 solatio
751 1395 828 1448 eis
869 1394 934 1447 ad
975 1395 1070 1445 hoc
1095 1392 1359 1459 qumrendi
1405 1393 1690 1443 necessitas

157 1488 442 1540 incumbat.
489 1485 698 1538 Interim
742 1497 888 1544 vero,
927 1495 1031 1548 quo
1069 1481 1179 1532 haec
1225 1478 1395 1531 taliter
1419 1484 1689 1546 geruntur,

158 1574 446 1628 instruendi
469 1580 588 1627 sunt
613 1571 854 1634 fullones,
887 1579 1134 1632 sartores,
1165 1578 1369 1620 sutores
1392 1581 1494 1621 non
1528 1566 1691 1619 forin-

157 1679 304 1717 secus
345 1664 478 1716 sicut
504 1664 777 1723 hactenus,
809 1659 898 1712 sed
936 1659 1278 1719 intrinsecus,
1319 1656 1408 1724 qui
1447 1656 1544 1708 ista
1579 1653 1689 1705 fra-

1773 504 1966 579 ‘quibus
1988 523 2235 577 primunt.
2262 513 2472 564 interim
2498 528 2622 566 vero
2643 523 2848 566 actores
2869 514 2987 567 boni
3012 519 3316 582 providendi

1777 607 1916 661 sunt,
1947 602 2032 666 qui
2061 601 2308 665 pra-dicta
2337 601 2448 653 loca
2477 602 2527 653 in
2561 612 2828 668 posterum
2867 606 3190 671 provideant.

1851 687 2137 741 Undecimo
2173 707 2185 739 :
2224 698 2280 740 ut
2330 704 2482 757 poma
2518 700 2571 743 et
2611 691 2847 756 lactucae,
2894 675 3148 746 nisi.cum
3187 695 3322 748 alius

1779 773 1926 826 cibus
1972 776 2217 838 sumitur,
2271 792 2372 829 non
2426 779 2784 842 comedantur,
2823 783 2960 846 quod
3006 784 3183 836 statim
3228 784 3322 836 ad-

1780 863 2051 928 impletum
2082 875 2178 917 est.

1852 953 2166 1005 Duodecimn
2187 970 2313 1008 vero
2334 957 2563 1023 capitulo
2592 976 2603 1010 :
2627 971 2684 1012 ut
2719 969 2919 1027 tempus
2953 963 3321 1029 phlebotomia.

1783 1049 1984 1093 certum
2015 1055 2116 1093 non
2155 1043 2463 1096 terminetur
2492 1063 2504 1097 :
2534 1046 2632 1099 nisi
2675 1051 2883 1114 quando
2909 1052 3194 1106 necessitas
3233 1069 3296 1105 ex

1784 1128 1969 1194 poscit,
2002 1131 2338 1182 concedatur.
2379 1131 2476 1185 Ubi
2496 1130 2829 1202 jungendum.
2852 1147 2953 1201 est,
2983 1147 3059 1201 ut,
3090 1141 3178 1206 qui
3210 1148 3325 1192 tan-

1786 1217 2058 1268 tummodo
2101 1217 2586 1283 phlebotomantur,
2617 1223 3048 1292 quadragesimali
3094 1227 3210 1279 ciho
3240 1242 3323 1280 re-

1786 1309 2031 1353 creentur
2057 1320 2067 1353 :
2095 1304 2182 1368 qui
2209 1320 2334 1357 vero
2359 1308 2623 1373 potionem
2653 1325 2748 1376 pro
2779 1312 2938 1365 certis
2968 1322 3056 1366 aut
3097 1314 3329 1367 denomi-

1789 1388 1926 1439 natis
1957 1390 2289 1455 passionibus
2330 1393 2587 1456 biberint,
2624 1412 2714 1448 esu
2765 1399 3052 1453 volatilium
3086 1416 3328 1468 reparen-

1789 1484 1894 1528 tur.
1946 1477 2011 1528 Et
2038 1478 2154 1531 ideo
2181 1480 2441 1551 volatilia,
2472 1499 2588 1550 qure
2627 1485 2690 1538 de
2725 1489 2890 1539 curtis
2926 1489 3120 1542 nostris
3146 1490 3325 1542 venire

1791 1581 1962 1619 annuo
2010 1577 2242 1638 tempore
2290 1575 2429 1628 soliti
2481 1576 2703 1640 fuerant,
2736 1581 2798 1632 ad
2826 1581 2922 1633 hoc
2957 1591 3324 1635 reserventur:

1792 1671 1912 1722 quae
1933 1672 2059 1710 vero
2088 1673 2149 1711 ex
2177 1670 2294 1714 acto
2320 1661 2490 1732 [Cod.,
2519 1665 2721 1736 exacte]
2755 1684 2913 1722 censu
2939 1671 3005 1723 ab
3031 1670 3331 1724 hominibus

158 1755 325 1806 tribus
353 1752 713 1806 necessitatem
745 1747 1056 1801 habentibus
1084 1745 1299 1808 faciant,
1322 1759 1438 1812 qua:
1472 1742 1692 1796 inducia:
1725 1729 1767 1785 Β
1794 1747 1989 1800 nostris
2015 1757 2284 1814 venerant,
2309 1755 2634 1818 pensandum
2661 1757 2888 1823 qualiter
2917 1758 2968 1810 in
2998 1758 3214 1812 fratrum
3242 1774 3333 1812 ne-

157 1856 320 1910 usque
353 1840 613 1893 Kalendas
649 1836 983 1905 Septembres
1019 1835 1287 1902 proximas
1328 1832 1513 1886 dandae
1548 1838 1689 1884 sunt.

159 1929 207 1981 In
253 1926 570 1996 coquinandi
611 1940 736 1978 vero
764 1931 817 1978 et
852 1922 1160 1990 pistrinandi
1188 1929 1303 1974 arte
1330 1919 1380 1972 in
1418 1931 1694 1972 commune

158 2020 219 2073 ab
247 2005 498 2072 omnibus
528 2016 816 2082 adiuvetur,
847 2021 951 2065 tam
983 2025 1012 2064 a
1044 2011 1438 2078 septemanariis
1480 2017 1637 2076 quam
1664 2023 1694 2059 a

158 2109 374 2176 reliquis
406 2106 669 2167 omnibus,
695 2104 882 2171 quibus
917 2102 1103 2154 solatio
1144 2102 1250 2154 sint
1291 2098 1471 2152 novitii
1502 2106 1555 2170 et
1587 2097 1694 2166 pul-

158 2206 334 2250 santes
378 2194 542 2248 nostri
571 2192 636 2245 ad
675 2193 775 2244 hoc
821 2190 1072 2258 deputati,
1114 2190 1278 2241 donec
1307 2189 1358 2241 in
1397 2186 1697 2266 supradicto

158 2286 325 2354 spatio
369 2282 617 2351 temporis
661 2281 854 2335 fratres
893 2284 957 2334 ad
1009 2282 1109 2334 hoc
1149 2281 1426 2347 eligantur,
1465 2278 1554 2345 qui
1598 2277 1698 2331 hoc

158 2373 344 2426 annuis
373 2371 692 2439 temporibus
730 2370 966 2423 excursis
996 2368 1223 2420 vicissim
1251 2367 1518 2434 expleant,
1543 2374 1698 2419 caste-

159 2478 338 2517 rorum
368 2461 602 2514 omnium
627 2458 835 2520 solatio,
867 2458 1000 2509 sicut
1023 2457 1295 2516 hactenus.
1324 2453 1508 2520 adjuti.

224 2549 410 2613 Sexto,
448 2548 514 2602 de
545 2547 707 2601 modo
733 2546 1031 2614 vigiliarum
1074 2544 1422 2606 observando,
1467 2543 1602 2596 sicut
1646 2543 1698 2594 in

158 2641 245 2694 illo
272 2639 562 2707 capitulare
601 2638 921 2698 continetur,
968 2634 1157 2688 sullicit
1196 2635 1368 2696 nobis,
1410 2633 1463 2686 id
1502 2640 1602 2693 est,
1645 2640 1702 2684 ut

159 2743 287 2796 opus
315 2727 612 2796 vigiliarum
637 2739 846 2792 semper
869 2737 987 2776 cum
1014 2723 1097 2777 die
1141 2721 1372 2783 finiatur,
1419 2720 1520 2773 nisi
1567 2719 1700 2772 forte

161 2815 418 2868 maturius
454 2815 723 2881 contingat
751 2825 986 2879 surgere,
1014 2811 1100 2864 ubi
1131 2823 1348 2864 necesse
1390 2817 1471 2862 est
1516 2817 1575 2861 ut
1603 2809 1701 2860 im-

160 2905 414 2958 becillitas
435 2918 714 2972 corporum
733 2917 918 2957 somno
942 2899 1282 2954 refocilletur.
1653 2945 1661 2958 ,

226 2992 481 3061 Septimo,
502 3000 564 3045 nt
581 3007 611 3044 a
631 2989 932 3044 volatilibus
949 2987 1090 3041 omni
1115 2994 1347 3052 tempore
1368 2984 1436 3037 ab
1453 2981 1697 3036 omnibus

161 3083 507 3145 abstineatur,
533 3087 750 3148 excepta
785 3093 941 3134 causa
967 3075 1307 3137 infirmitatis,
1340 3073 1463 3126 licet
1493 3073 1593 3126 hoc
1617 3087 1698 3124 re-

160 3163 291 3240 gula:
327 3169 614 3223 auctoritas
641 3181 746 3220 non
774 3165 1072 3227 interdicat,
1096 3164 1187 3216 sed
1209 3163 1358 3229 quasi
1398 3163 1454 3215 in
1480 3161 1702 3215 arbitrio

161 3261 345 3315 edendi
388 3267 480 3322 aut
515 3257 808 3313 abstinendi
846 3254 1191 3321 derelinquat.
1244 3252 1597 3305 Decreverunt
1646 3252 1699 3303 in

163 3350 378 3420 praefata
405 3350 604 3418 synodo
625 3347 792 3401 sancti
820 3347 1000 3398 Patres
1029 3344 1150 3413 quia
1177 3343 1374 3412 optioni
1402 3353 1592 3397 nostrae
1619 3357 1701 3397 re-

163 3440 342 3493 lictum
380 3446 495 3502 est,
539 3436 878 3506 religiosioris
923 3435 1042 3488 vitae
1088 3448 1296 3487 sumere
1337 3432 1700 3500 disciplinam,

163 3542 361 3595 suoque
384 3532 646 3595 pmcepto
670 3524 1030 3585 ﬁrmaverunt,
1058 3528 1110 3574 ut
1139 3535 1170 3572 a
1200 3519 1290 3573 tali
1314 3519 1487 3572 edulio
1515 3533 1700 3571 mona-

165 3618 245 3670 chi
277 3616 608 3670 abstinentiae
655 3613 804 3667 freno
847 3613 992 3668 omni
1036 3620 1268 3679 tempore
1300 3611 1699 3672 cohiberentur,

166 3711 380 3771 excepta
407 3717 566 3756 causa
592 3702 920 3756 necessitatis
948 3699 1322 3765 suprascripta.

231 3791 430 3846 Octavo
468 3799 521 3844 et
560 3802 695 3844 nono
741 3789 999 3856 capitulis,
1040 3789 1093 3840 in
1132 3789 1321 3855 quibus
1357 3788 1554 3841 lavatio
1605 3802 1702 3853 pe-

167 3880 286 3930 dum
317 3878 370 3930 in
396 3876 804 3943 Quadragesima
836 3883 890 3928 et
931 3874 1091 3927 Crena
1131 3865 1344 3946 Domini
1368 3875 1702 3936 describitur,

169 3967 302 4020 facili
326 3965 510 4019 ordine
533 3964 727 4032 poterit
757 3963 1044 4025 observari,
1076 3961 1120 4015 si
1144 3961 1308 4014 abbas
1338 3976 1567 4028 przesens
1593 3959 1704 4014 fue-

170 4054 273 4105 rit:
304 4053 348 4106 si
375 4067 504 4116 non,
528 4051 859 4121 praepositus,
907 4050 995 4118 qui
1044 4050 1096 4102 in
1136 4049 1251 4104 vice
1290 4049 1402 4117 ejus
1442 4058 1544 4113 est,
1567 4050 1702 4104 sicut

169 4141 360 4202 locum,
389 4139 462 4192 ita
491 4137 723 4193 ofﬁcium
743 4137 1018 4205 compleat.

233 4245 448 4299 Decimo
471 4261 484 4295 :
510 4250 568 4297 ut
590 4243 806 4297 abhates
833 4242 1133 4310 frequenter
1165 4243 1317 4296 villas
1341 4259 1444 4298 non
1477 4245 1701 4298 circum-

1793 1836 2018 1887 ccssaria
2048 1837 2230 1890 utilius
2258 1848 2548 1895 vertantur.

1863 1921 2042 1976 Tertio
2072 1917 2276 1978 decimo
2317 1944 2329 1977 :
2382 1937 2440 1980 ut
2487 1932 2792 1985 mandatum
2823 1943 2941 2002 post
2969 1951 3175 1989 caenam
3219 1937 3330 2001 fiat,

1795 2011 1933 2078 quod
1961 2020 2014 2063 et
2040 2024 2194 2065 antea
2224 2013 2466 2068 similiter
2492 2016 2728 2072 fecimus.
2791 2055 2797 2062 ί

1865 2095 2063 2161 Quarto
2108 2098 2313 2155 decimo
2346 2119 2357 2152 :
2391 2101 2541 2167 Quod
2567 2105 2633 2158 de
2658 2122 2878 2161 numero
2903 2112 3331 2166 vestimentorum

1795 2197 1888 2242 seu
1918 2184 2393 2241 calceamentorum
2432 2189 2630 2244 dictum
2670 2204 2769 2256 est,
2798 2197 2933 2249 etde
2957 2198 3168 2252 datione
3193 2201 3336 2252 uncti

1795 2277 1849 2322 et
1890 2285 2102 2338 sapone,
2145 2274 2281 2327 sicut
2317 2277 2578 2333 hactenus
2622 2296 2650 2332 a
2691 2283 2841 2336 nobis
2871 2285 3202 2340 observatum
3234 2299 3331 2349 est,

1797 2357 1968 2412 adhuc
2017 2361 2228 2415 inantea
2255 2372 2495 2418 teneatur
2522 2385 2533 2418 :
2563 2378 2620 2420 ut
2648 2371 2996 2438 indigentibus
3026 2376 3336 2430 vestimenta

1795 2448 2158 2513 praebeantur,
2203 2454 2466 2507 veteribus
2513 2455 2566 2507 in
2608 2460 2853 2523 praesenti
2901 2462 3119 2516 redditis
3161 2482 3173 2515 :
3219 2479 3336 2532 quae

1797 2551 1923 2590 vero
1950 2539 2377 2604 superabundant
2401 2543 2567 2608 priori
2603 2545 2888 2599 reddantur
2912 2558 3123 2617 prepter
3145 2565 3338 2618 paupe-

1800 2640 1885 2678 res
1923 2626 2287 2681 consolandos.
2325 2628 2543 2682 Corium
2580 2641 2705 2685 vero
2746 2633 3042 2688 confectum
3089 2637 3338 2700 fratribus

1797 2711 1951 2764 detur
1997 2712 2063 2769 ad
2101 2728 2300 2766 annum
2351 2715 2487 2770 sicut
2545 2727 2698 2782 ante,
2748 2736 2911 2788 usque
2959 2723 3081 2775 dum
3131 2734 3338 2780 sutores
3389 2761 3399 2766 ς

1797 2799 2116 2853 nutriantur.
2158 2801 2305 2856 Tunc
2339 2803 2692 2860 calceamenta
2721 2811 3073 2875 praebeantur,
3108 2813 3243 2867 sicut
3279 2815 3334 2866 in

1797 2891 1999 2956 synodo
2021 2891 2293 2945 deﬁnitum
2323 2904 2422 2947 est.
2456 2895 2690 2951 Radendi
2722 2914 2846 2952 vero
2881 2916 3026 2965 usus,
3053 2904 3142 2970 qui
3167 2901 3339 2957 media

1797 2979 2198 3046 quadragesima
2235 2981 2437 3035 solebat
2461 2983 2595 3046 ﬁeri,
2633 2985 2686 3038 in
2722 2987 2999 3040 sabbatum
3045 2991 3210 3043 sancti
3237 2989 3339 3043 Pa-

1799 3067 1940 3121 scha:
1967 3066 2257 3121 differatur.

1870 3151 2030 3207 Sexto
2071 3153 2276 3208 decimo
2314 3169 2440 3209 vero
2493 3167 2548 3210 et
2592 3159 2796 3213 decimo
2847 3162 3070 3229 septimo
3117 3165 3344 3232 capitulo

1800 3241 1928 3294 nihil
1967 3242 2262 3296 addendum
2296 3252 2406 3308 est,
2438 3247 2559 3313 quia
2599 3247 2735 3301 sicut
2763 3259 2884 3302 ante
2919 3266 2947 3303 a
2989 3253 3139 3306 nobis
3161 3255 3344 3307 ohserc

1798 3337 1978 3384 vatum
2004 3339 2107 3395 est,
2131 3333 2208 3386 sic
2237 3331 2445 3386 inantea
2462 3335 2857 3390 "observabitur.

1873 3417 2086 3470 Decimo
2120 3427 2308 3472 octavo
2347 3422 2579 3489 capitulo
2617 3425 2670 3476 in
2710 3440 2815 3492 quo
2847 3440 3030 3480 carcer
3071 3427 3190 3482 talis
3228 3426 3341 3483 fieri

1794 3503 2026 3570 jubetur,
2055 3515 2112 3559 ut
2138 3506 2285 3562 focus
2314 3510 2364 3562 in
2394 3525 2457 3564 eo
2483 3511 2594 3564 fieri
2622 3516 2822 3580 possit;
2854 3516 2952 3569 iste
2977 3532 3132 3584 quem
3157 3519 3341 3573 hacte-

1802 3610 1901 3647 nus
1941 3596 2220 3650 habuimus
2253 3597 2496 3664 sulliciat,
2527 3615 2695 3667 usque
2735 3603 2856 3656 dum
2888 3605 3003 3672 plus
3047 3609 3340 3660 necessaria

1801 3684 2043 3747 mdilicia,
2081 3699 2200 3751 quas
2235 3685 2356 3755 igne
2380 3697 2689 3758 consumpta
2719 3698 2861 3754 sunt,
2891 3701 3270 3746 restaurentur.

1872 3771 2094 3824 Decimo.
2130 3787 2268 3825 nono
2315 3774 2555 3841 capitulo
2588 3775 2651 3828 de
2703 3777 2918 3832 Alleluia
2978 3779 3344 3834 deeautatione

1802 3860 1938 3914 sicut
1973 3862 2030 3914 in
2071 3863 2255 3915 eadem
2297 3864 2500 3930 synodo
2536 3865 2804 3928 deﬁnitum
2835 3877 2935 3930 est,
2963 3869 3212 3923 Romana:
3237 3870 3371 3925 Ec—.

1802 3949 1974 4004 clesize
2030 3950 2366 4004 concorditer
2395 3959 2452 4004 ut
2487 3951 2538 4005 in
2569 3953 2964 4023 Septuagesima
3025 3958 3338 4010 dimittatur.

1873 4037 2134 4091 Vicesimo
2189 4039 2420 4106 capitulo
2478 4041 2542 4094 de
2599 4045 2931 4110 susceptione
2992 4046 3339 4111 novitiorum,

1802 4127 1938 4180 sicut
1973 4126 2149 4194 regula
2174 4127 2347 4192 docet,
2377 4129 2446 4182 ita
2489 4138 2692 4197 agatur.
2747 4131 2984 4186 Tonsura
3009 4148 3133 4187 vero
3156 4149 3342 4187 eorum

1802 4221 1855 4267 ot
1892 4216 2113 4268 mutatio
2137 4217 2570 4270 vestimentorum
2617 4227 2896 4286 postquam
2938 4222 3340 4288 promissionem

168 4340 286 4384 eant
304 4331 406 4384 nisi
438 4346 595 4387 causa
621 4304 970 4393 necessitatis,
995 4345 1091 4384 nec
1112 4328 1362 4384 fratribus
1388 4332 1503 4384 illas
1529 4314 1704 4386 custo-
1729 4329 1784 4388 υ
1804 4320 1954 4357 suam
1997 4304 2325 4359 ﬁrmaverim
2365 4314 2569 4374 agam"
2620 4308 2694 4360 De
2721 4310 3083 4363 “cel-domus
3105 4326 3232 4364 vero
3259 4311 3341 4366 Ve.

167 4402 385 4471 diendas
424 4417 790 4470 committant:
819 4417 905 4470 ubi
934 4413 1126 4470 nostrae
1160 4417 1474 4471 visitationis
1516 4410 1704 4472 raritas

169 4506 370 4559 utinam
399 4513 601 4559 noceat.
629 4503 762 4556 Nam
797 4502 1227 4571 frequentationis
1251 4506 1545 4560 circumitio
1568 4507 1705 4560 inter

170 4587 318 4646 villas
347 4592 464 4646 ideo
490 4606 755 4659 nunquam
783 4590 840 4643 lit
881 4607 909 4644 a
950 4593 1117 4655 nobis,
1145 4595 1267 4660 quia
1309 4595 1448 4647 aliud
1487 4596 1704 4663 impedi-

171 4687 404 4732 mentum
431 4687 623 4733 nostraa
669 4678 1023 4773 ogupationis
1048 4693 1143 4732 nos
1164 4679 1375 4749 fatigat,
1403 4681 1523 4735 dum
1567 4683 1704 4735 inter

169 4781 325 4819 curas
347 4767 679 4834 episcopatus
698 4767 753 4820 et
791 4767 1048 4834 palatinas
1087 4767 1444 4823 ordinationes
1470 4770 1611 4822 milla
1637 4770 1704 4823 ad

171 4854 516 4920 providendas
541 4855 896 4921 possessiones
924 4863 1131 4909 nostras
1156 4854 1304 4909 nobis
1340 4856 1550 4911 licentia
1582 4873 1704 4926 sup-

171 4939 318 5006 petit.
359 4939 462 4995 Sed
497 4940 635 4994 Deus
672 4949 744 4994 est
778 4944 938 5005 testis,
982 4943 1071 5009 qui
1111 4944 1354 4998 conscius
1393 4953 1475 4999 est
1508 4948 1701 5009 cordis,

171 5028 309 5094 quod
333 5028 385 5080 in
409 5031 630 5084 terrenis
647 5030 1074 5098 occupationibus
1100 5047 1204 5086 non
1231 5041 1433 5101 sponte,
1451 5035 1541 5087 sed
1569 5035 1704 5087 invi-

174 5123 256 5169 tus
281 5117 535 5181 inhaereo,
570 5119 662 5186 qui
691 5119 1002 5186 quandoque
1034 5135 1063 5172 a
1106 5122 1314 5174 tributis
1343 5122 1565 5176 Caesaris
1607 5138 1704 5176 nos

174 5203 429 5268 absolyat,
478 5205 664 5271 quibus
713 5205 925 5261 obnoxii
970 5220 1168 5273 sumus,
1201 5215 1259 5260 ut
1296 5208 1551 5271 securius,
1589 5225 1704 5276 quae

174 5291 265 5344 Dei
293 5301 432 5354 sunt,
448 5293 764 5362 quandoque
786 5295 937 5358 nobis
959 5308 1113 5362 agere
1132 5294 1304 5348 liceat.
1330 5297 1540 5350 Fratres
1556 5314 1702 5362 vero,

175 5379 264 5446 qui
291 5380 346 5431 in
365 5380 585 5435 diversis
606 5381 910 5436 ministeriis
935 5383 1063 5436 foris
1083 5385 1327 5450 occupati
1349 5385 1573 5448 fuerant,
1603 5402 1704 5440 me-

175 5467 261 5520 dio
286 5466 539 5535 Augusto,
569 5484 688 5536 cum
714 5470 931 5522 mutatio
956 5469 1191 5525 facienda
1227 5472 1347 5533 erit,
1375 5473 1483 5525 sive
1513 5473 1576 5525 de
1595 5476 1705 5528 cel-

175 5552 237 5607 lis
280 5569 374 5607 seu
413 5555 477 5607 de
512 5554 646 5608 villis
691 5557 755 5610 ad
795 5557 1089 5612 cmnobium
1134 5559 1369 5622 redeant,
1402 5560 1538 5635 quod
1585 5571 1704 5614 ante

1804 4393 2132 4447 scholasticis
2164 4394 2509 4462 suscipiendis
2533 4404 2849 4464 praeceptum
2885 4399 3068 4467 synodi
3109 4403 3212 4452 non
3241 4400 3338 4452 ha-

1801 4481 2004 4544 bemus,
2037 4491 2090 4535 et
2118 4483 2235 4536 ideo
2271 4484 2534 4551 susceptio
2565 4500 2748 4540 eorum
2786 4487 3062 4556 regularis,
3086 4496 3336 4554 quantum

1802 4569 2120 4636 possibilitas
2161 4569 2324 4632 sinit,
2367 4571 2652 4635 habeatur,
2703 4588 2872 4642 usque
2910 4573 3033 4626 dum
3072 4575 3338 4628 decretum

1803 4658 2129 4712 manifestius
2158 4659 2277 4710 inde
2303 4659 2567 4711 audiatur.

1872 4768 2133 4822 Vicesimo
2173 4766 2341 4832 primo
2389 4768 2617 4835 capitulo
2661 4785 2788 4822 usus
2816 4769 2986 4823 balnei
3028 4770 3339 4825 interdictus

1802 4856 2016 4907 omnino
2053 4860 2153 4914 est,
2196 4860 2414 4922 excepto
2456 4856 2646 4922 quibus
2690 4857 2975 4909 necessitas
3017 4855 3338 4911 inﬁrmitatis
3406 4899 3407 4902 η

1805 4940 2017 4997 insistit:
2065 4944 2213 4998 Unde
2250 4959 2345 4997 nos
2380 4945 2772 4998 considerantes
2814 4944 3143 5004 infirmorum
3173 4948 3338 4999 imbe-

1802 5031 2046 5083 cillitates
2088 5045 2253 5098 usque
2295 5031 2360 5083 ad
2405 5031 2610 5083 initium
2641 5031 3062 5101 Quadragesima:
3113 5035 3336 5100 scaphas

1797 5115 2043 5169 balneum
2080 5116 2434 5169 concedimus.
2478 5116 2689 5168 Interim
2723 5130 2848 5172 vero
2878 5119 3005 5172 fiant
3041 5134 3185 5186 copa:
3227 5121 3338 5173 bal-

1804 5204 1995 5256 nearia
2016 5205 2343 5257 abundanter
2361 5207 2705 5272 przepositi'et
2729 5208 2986 5261 cellerarii
3009 5209 3340 5267 ordinatione

1806 5292 1975 5354 factae,
2005 5292 2057 5344 in
2098 5293 2288 5360 quibus
2319 5293 2509 5348 fratres
2534 5295 2857 5363 singillatim,
2887 5299 2940 5350 et
2973 5311 3076 5350 non
3105 5311 3338 5350 commu-

1805 5385 1962 5446 niter,
2007 5399 2127 5436 eum
2172 5385 2460 5437 necessitas
2507 5385 2768 5452 exposcit,
2819 5387 3180 5439 benedictione
3216 5394 3340 5440 ante

1804 5473 2261 5540 percepta,lavare
2280 5475 2500 5540 possint,
2518 5473 2739 5526 invicem
2769 5475 2869 5527 sibi
2889 5473 3073 5526 solatia
3100 5473 3339 5539 prmben-

1807 5563 1945 5615 tibus
1989 5563 2100 5614 sine
2143 5576 2354 5615 accessu
2401 5573 2788 5618 extraneorum.
2839 5563 2896 5616 ln
2943 5563 3041 5617 hac
3085 5562 3336 5617 dilatione
