3886 6228
579 362 679 415 745

1528 365 1583 417 S.
1626 363 1931 416 SIMPERTI
1971 363 2250 415 ABBATIS
2291 364 2753 419 MURBACENS-ls

3617 365 3708 417 ΖΗ

576 485 681 522 non
725 462 1148 537 pmvaricatorcs
1194 472 1395 540 synodi,
1426 472 1561 538 quod
1602 473 1756 533 absit,
1787 473 1966 533 simus,
2000 471 2090 523 sed
2118 476 2163 529 Α
2257 473 2535 527 Obviantes
2553 476 2649 527 sibi
2666 474 2900 541 juniores
2929 487 2957 525 a
2997 474 3254 539 prioribus
3283 487 3447 539 usque
3474 471 3540 524 ad
3582 488 3710 540 genu

576 557 797 611 induciis
834 556 1000 621 factis,
1027 573 1189 623 usque
1220 558 1339 610 dum
1369 559 1650 611 necessitas
1680 568 2007 626 procuretur.
2036 566 2093 609 ut

577 644 816 697 illicitmn
851 646 1054 697 cautius
1080 644 1342 697 afl‘eratur.
1944 633 1949 636 ’

646 732 903 786 Vicesimo
933 736 1157 788 secundo
1196 734 1440 801 capitulo,
1472 736 1526 786 in
1568 749 1671 801 quo
1714 735 2011 801 prtecipitur
2036 744 2095 785 ut

578 820 738 873 abbas
761 822 823 873 ad
854 831 1057 887 portam
1077 830 1192 875 eum
1219 823 1511 889 h05pitibus
1547 838 1649 874 non
1674 822 1930 882 convivet,
1955 824 2093 888 quod

579 921 675 959 nos
712 908 764 959 in
798 924 891 960 usu
916 924 1179 975 nunquam
1223 909 1517 961 habuimus.
1562 909 1615 961 In
1655 910 1909 963 auditorio
1948 924 2090 969 vero,

548 994 662 1049 .ubi
701 995 861 1047 abbas
886 996 1057 1063 legere
1090 995 1220 1047 solet
1248 1004 1299 1047 et
1327 1010 1442 1047 cum
1483 994 1731 1047 fratribus
1763 1005 1815 1047 et
1850 1010 1967 1047 cum
2002 996 2093 1047 ho—
2128 1037 2137 1045 .

576 1083 798 1147 spitibus
820 1083 1045 1136 vicissim
1072 1098 1160 1135 seu
1188 1086 1534 1137 communiter
1559 1084 1871 1151 colloquium
1900 1085 2095 1136 babere

576 1174 759 1227 solitus
787 1181 885 1237 cst,
914 1169 1182 1226 co'medere
1219 1188 1336 1225 cum
1362 1173 1652 1238 hospitibus
1678 1173 1827 1223 valde
1866 1186 1984 1223 raro
2012 1172 2093 1223 usi

575 1278 772 1316 sumus.
812 1263 973 1328 Quem
1010 1279 1182 1325 usum,
1216 1263 1314 1314 nisi
1359 1264 1552 1314 certius
1594 1261 1949 1322 interdicatur,
1998 1262 2092 1313 ha-

575 1349 700 1401 bere
723 1349 978 1401 volumus.
994 1348 1090 1411 Qui
1115 1348 1259 1399 locus
1285 1347 1334 1398 in
1364 1347 1587 1400 continio
1609 1346 1818 1423 claustri
1846 1355 1897 1397 et
1920 1344 2093 1409 janure

577 1438 876 1490 monasterii
905 1438 1034 1489 situs
1058 1432 1255 1498 est,.ita
1281 1444 1337 1487 ut
1366 1435 1553 1487 fratres
1583 1435 1694 1487 sine
1723 1434 2093 1500 impedimento

575 1527 855 1594 hospitum,
884 1536 935 1580 et
959 1525 1189 1593 hospites
1233 1524 1345 1577 sine
1386 1524 1635 1577 fratribus
1675 1524 1738 1575 ad
1778 1522 2092 1588 colloquium

578 1614 807 1680 recipere
834 1614 1015 1680 possit.

643 1704 901 1756 Vicesimo
946 1702 1102 1756 tertio
1143 1702 1406 1769 capitulo:
1445 1708 1505 1753 ut
1548 1700 1863 1767 hospitibus,
1900 1700 2089 1766 quibus

2190 559 2526 613 deﬂexionem
2551 576 2767 628 corpora
2805 562 3124 614 humiliando
3170 569 3352 627 petunt
3396 560 3710 611 benedictio.

2192 664 2329 701 nem.
2357 648 2484 703 Cum
2513 651 2564 702 in
2589 652 2797 703 domum
2818 650 3095 716 quamlibet
3122 649 3452 706 intraverint,
3481 648 3568 698 ubi
3595 662 3709 699 con—

2191 744 2375 788 ventus
2427 736 2646 789 fratrum
2694 750 2807 789 esse
2837 738 3007 795 debet,
3058 734 3327 803 genuﬂcxo
3372 742 3425 786 et
3483 733 3709 800 supplice

2190 823 2400 874 dextera
2429 832 2611 889 petunt
2632 823 3041 875 benedictionem
3070 822 3397 888 postulando.
3430 821 3487 872 ln
3520 823 3709 872 saluta-

2193 909 2329 960 tione
2352 911 2611 976 hospitmn
2639 910 2876 961 similiter
2899 918 2951 961 ct
2971 908 3339 976 genuﬂectunt,
3368 918 3423 960 et
3441 909 3708 960 dexteram

2194 1003 2483 1048 terratenus
2512 997 2795 1049 dimittunt.

2258 1081 2384 1133 Cum
2413 1091 2612 1149 tempus
2641 1084 2839 1151 legendi
2862 1092 2961 1146 est,
2988 1099 3250 1150 nunquam
3300 1085 3413 1137 sine
3466 1084 3711 1137 lcctorivo

2192 1185 2284 1223 suo
2328 1172 2555 1224 residere
2608 1174 2816 1235 audent,
2865 1174 2954 1224 sed
2995 1173 3178 1240 singuli
3207 1173 3439 1239 singulos
3466 1170 3714 1224 habentes

2192 1261 2463 1312 lectionem
2494 1275 2639 1312 suam
2687 1262 2735 1312 in
2775 1262 2851 1313 eis
2898 1276 3155 1313 mcmorcs
3184 1260 3355 1329 [ϐαίη
3407 1276 3558 1313 suam
3589 1261 3712 1313 meis

2194 1350 2461 1417 memoris]
2510 1352 2891 1412 commendant,
2944 1352 3030 1417 qui
3085 1352 3451 1418 quoquomodo
3488 1366 3518 1402 a
3610 1352 3713 1402 abis

2193 1437 2352 1487 etiam
2383 1435 2500 1487 facti
2550 1439 2690 1499 liaut,
2730 1453 2758 1489 a
2807 1437 2954 1490 nobis
2999 1438 3340 1489 ordinandum
3367 1448 3463 1489 cst.
3504 1436 3712 1488 Jurandi

2192 1538 2316 1574 usus
2342 1524 2475 1589 apud
2495 1538 2585 1576 eos
2607 1525 2811 1591 penitus
2834 1540 2930 1575 non
2947 1525 3184 1584 habetur,
3204 1526 3339 1591 quod
3359 1526 3714 1591 evangelicum

2192 1612 2494 1663 mandatum
2554 1626 2671 1663 eum
2726 1612 2965 1664 omnibus
3013 1611 3324 1664 Christianis
3385 1612 3713 1663 interdicat:

2193 1709 2387 1765 quanto
2418 1701 2579 1765 magis
2608 1700 2689 1751 his
2737 1702 2825 1766 qui
2856 1715 2971 1752 eum
3000 1701 3209 1753 nomine
3235 1699 3533 1752 Christiano
3561 1701 3713 1751 etiam

576 1790 784 1843 licentia
828 1790 1054 1843 intrandi
1094 1796 1172 1843 est
1208 1766 1269 1842 in
1312 1766 1663 1851 refectorium,
1692 1790 1845 1855 digne
1872 1788 2093 1840 admini—
2121 1766 2165 1823 Β
2192 1788 2380 1840 saeculo
2404 1788 2921 1840 abrenuntiavernnt.

575 1887 770 1930 stretur
794 1894 806 1928 :
838 1879 969 1930 abba
996 1892 1120 1939 vero
1147 1887 1418 1931 contentus
1446 1879 1514 1931 sit
1540 1879 1657 1931 cibo
1684 1876 1925 1939 fratrum,
1956 1878 2093 1943 quod

576 1967 726 2021 facile
780 1968 1157 2029 observabitur,
1192 1975 1249 2019 ut
1289 1975 1343 2021 et
1374 1969 1547 2021 abbati
1572 1967 1725 2035 digne
1762 1967 2093 2019 administre-

577 2060 661 2103 tur
686 2060 739 2105 et
769 2053 1075 2130 hospitibus.
1117 2053 1325 2105 Fratres
1351 2054 1507 2105 etiam
1538 2048 1597 2104 in
1622 2054 1845 2105 adventu
1873 2053 2092 2104 fratrum

576 2139 903 2205 aliquatenus
947 2142 1304 2207 congaudeant
1331 2149 1383 2193 et
1416 2140 1742 2193 abstinentiae
1784 2139 1927 2191 frena
1964 2140 2096 2191 rela-

550 2228 701 2282 ‘vent
2070 2234 2075 2241 ’

647 2318 903 2371 Vicesimo
943 2326 1128 2385 quarto
1154 2326 1207 2371 et
1233 2317 1413 2385 quinto
1457 2316 1717 2384 capitulis,
1750 2332 1865 2383 qua:
1910 2317 1974 2370 de
2019 2316 2094 2369 le-

576 2408 737 2459 ctoris
762 2407 877 2459 cibo
901 2416 953 2459 et
977 2407 1331 2459 ministrorum
1358 2406 1640 2459 refectione
1667 2405 1927 2471 descripta
1952 2390 2091 2468 sunt,

578 2493 755 2543 statim
788 2477 1059 2544 observata
1096 2498 1234 2543 sunt.

648 2578 839 2632 Ultima
883 2592 1006 2631 vero
1050 2578 1150 2631 duo
1193 2578 1444 2644 capitula,
1488 2592 1604 2643 quae
1643 2577 1706 2629 de
1745 2576 2096 2643 prohibitione

578 2665 739 2717 osculi
782 2663 1091 2716 feminarum
1130 2671 1183 2715 et
1220 2671 1275 2715 ut
1323 2662 1559 2716 monachi
1603 2663 1727 2714 nudi
1770 2678 1872 2714 non
1914 2664 2097 2715 verbe-

580 2760 775 2815 rentur,
804 2752 953 2804 istius
980 2752 1117 2803 modi
1142 2766 1266 2803 usus
1294 2752 1425 2819 apud
1449 2766 1543 2803 nos
1567 2764 1831 2817 nunquam
1860 2750 1973 2808 fuit,
2000 2765 2097 2803 nec

580 2839 798 2892 Domino
846 2838 1121 2905 adjuvante
1167 2840 1372 2890 inantea
1417 2839 1531 2889 erit.
1575 2838 1648 2891 De
1687 2838 2097 2904 compatratione

578 2934 631 2978 et
658 2925 1085 2978 commatratione
1108 2926 1319 2977 omnino
1345 2934 1608 2987 caveatur,
1644 2939 1709 2977 ne
1738 2928 1803 2979 ab
1839 2925 1947 2979 ullo
1979 2939 2096 2979 mo-

580 3014 864 3066 nachorum
890 3013 1056 3079 aliqua
1086 3013 1357 3064 occasione
1382 3024 1744 3079 prmsumatur,
1774 3013 1893 3079 quia
1922 3013 1975 3066 in
2005 3027 2094 3065 ve-

582 3100 733 3151 ritate
762 3113 861 3155 non
888 3098 1097 3166 expedit
1122 3098 1392 3169 animabus
1420 3112 1620 3161 eorum,
1647 3107 1697 3150 et
1732 3100 1943 3153 omnino
1972 3101 2097 3153 alie-

581 3202 705 3239 num
737 3194 818 3239 est
854 3201 883 3237 a
912 3186 1172 3252 proposito
1200 3202 1400 3239 eorum.
1433 3187 1694 3241 Hactenus
1718 3191 1978 3257 explicitis
2004 3208 2096 3245 ca-

583 3273 777 3339 pitulis,
812 3288 925 3339 qua:
950 3274 1183 3339 proxime
1213 3275 1264 3325 in
1294 3289 1385 3327 sua
1419 3276 1615 3343 synodo
1646 3285 1786 3341 gesta
1818 3274 1959 3339 sunt,
1989 3287 2041 3331 et
2070 3296 2099 3331 a

583 3361 731 3413 nobis
761 3360 1132 3428 recapitulatis,
1150 3370 1426 3428 supersunt
1454 3362 1645 3429 aliqua,
1669 3380 1783 3431 qua!
1813 3366 1897 3417 illa
1921 3367 2098 3419 schola

584 3450 955 3500 monachorum
996 3450 1047 3500 in
1093 3465 1186 3501 usu
1225 3450 1377 3502 habet
1408 3450 1555 3517 juxta
1596 3468 1815 3519 quorum
1864 3456 2099 3521 exempla
2136 3502 2137 3505 η

543 3554 551 3563 ·
588 3549 680 3587 nos
710 3534 1021 3593 informandi
1049 3550 1244 3587 sumus.
1290 3594 1293 3595 ν

654 3624 791 3674 Duas
831 3623 1019 3675 etenim
1075 3623 1267 3675 silentii
1318 3624 1521 3690 regulas
1566 3628 1901 3689 custodiunt,
1945 3644 2101 3681 unam

588 3720 915 3775 nocturnam,
954 3712 1167 3764 alteram
1212 3714 1468 3765 diurnam.
1515 3715 1603 3766 Illa
1631 3730 1747 3767 cum
1782 3727 2031 3769 nocturna
2073 3735 2101 3771 a

586 3800 861 3853 collatione
922 3800 1254 3866 vespertinali
1302 3816 1464 3869 usque
1517 3803 1581 3854 ad
1627 3818 1835 3855 versum
1892 3807 2102 3872 capituli

588 3888 939 3955 protrahitur:
967 3888 1052 3939 illa
1091 3902 1213 3941 vero
1242 3888 1425 3940 diurna
1468 3904 1496 3941 a
1523 3904 1674 3941 versu
1698 3892 1910 3958 capituli
1940 3907 2104 3960 usque

595 3975 656 4025 ad
706 3973 1052 4040 supradictam
1114 3976 1457 4039 vespertinam
1507 3975 1855 4029 collationem.
1918 3979 1970 4029 ln
2017 3978 2104 4031 illo

588 4063 725 4113 enim
772 4061 1060 4113 nocturnali
1111 4060 1314 4113 silentio
1361 4062 1566 4127 penitus
1608 4062 1847 4129 loquendi
1898 4063 2102 4116 licentia

590 4148 861 4200 interdicta
907 4155 985 4199 est
1020 4165 1030 4197 :
1072 4148 1122 4198 in
1166 4147 1386 4199 diurnali
1414 4162 1540 4200 vero
1572 4158 1689 4200 cum
1720 4149 1851 4202 alter
1884 4151 2104 4203 alterum

591 4238 941 4303 appellaverit,
967 4238 1074 4290 sive
1092 4236 1269 4302 junior
1295 4254 1323 4290 a
1351 4239 1551 4291 seniore
1573 4240 1765 4307 aliquid
1788 4243 2100 4309 requisierit,

592 4326 803 4378 silenter
825 4328 1017 4392 absque
1054 4326 1156 4377 ullo
1181 4327 1396 4393 strepitu
1418 4328 1562 4379 vocis
1588 4337 1641 4380 et
1666 4329 1875 4381 humilis
1902 4331 1959 4382 lit
1981 4346 2105 4384 con-
2132 4366 2179 4422 ο

595 4414 861 4475 fabulatio,
886 4417 1063 4479 paucis
1097 4416 1245 4467 valde
1269 4426 1320 4468 et
1348 4418 1741 4471 rationabilibus
1766 4422 1958 4481 verbis,
1984 4422 2102 4473 nul-

594 4503 743 4567 laque
770 4503 845 4553 eis
870 4508 957 4553 aut
980 4502 1132 4554 simul
1154 4504 1319 4553 standi
1350 4513 1439 4556 aut
1479 4506 1788 4557 consedendi
1818 4517 1907 4559 aut
1933 4523 2105 4561 coam-

592 4588 801 4642 bulandi
849 4590 1037 4642 sinitur
1070 4605 1233 4654 mora,
1259 4601 1474 4660 excepto
1519 4592 1748 4645 discendi
1796 4603 1883 4646 aut
1924 4611 2109 4663 coope-

596 4677 743 4728 randi
790 4677 987 4743 gratia,
1038 4678 1126 4730 sed
1172 4693 1377 4746 semper
1429 4690 1517 4733 aut
1552 4682 1602 4732 in
1652 4681 1873 4735 lectione
1919 4692 2009 4734 aut
2056 4684 2105 4735 in

594 4778 749 4828 opere
783 4778 1026 4815 manuum
1064 4779 1243 4817 omnes
1287 4766 1441 4819 horas
1468 4768 1678 4823 diurnas
1698 4780 2025 4823 consumant.

662 4848 1009 4911 intervallum,
1026 4851 1163 4915 quod
1190 4852 1323 4904 inter
1338 4867 1464 4919 Opus
1487 4854 1576 4905 Dei
1592 4863 1643 4906 et
1666 4856 1846 4908 horam
1869 4858 2110 4912 refectio-

598 4938 678 4989 nis
702 4938 996 5001 contigerit,
1036 4946 1123 4989 aut
1150 4941 1344 4990 orando
1393 4949 1482 4991 aut
1529 4941 1743 5009 legendo
1794 4946 2105 5013 transigunt,

598 5033 813 5090 excepto
843 5025 885 5075 si
912 5025 975 5076 ad
1005 5027 1364 5077 necessitatem
1414 5036 1611 5080 natura:
1646 5030 1761 5095 quis
1803 5031 1877 5081 ire
1904 5033 2106 5084 debeat.

602 5114 901 5181 Ubicunque
924 5114 1083 5181 gloria
1118 5124 1307 5167 sancta:
1334 5114 1604 5168 Trinitatis
1654 5120 1761 5170 sive
1803 5120 1852 5171 in
1880 5123 2112 5173 oratorio

601 5204 708 5255 sive
728 5203 779 5253 in
802 5205 1030 5268 quolibet
1045 5204 1157 5257 loco
1182 5204 1485 5269 insonuerit,
1510 5206 1552 5259 si
1579 5216 1777 5261 stantes
1796 5220 1931 5267 sunt,
1950 5226 2112 5277 prope

601 5303 763 5357 usque
791 5290 854 5342 ail
882 5291 1090 5343 humum
1118 5300 1515 5358 prosternuntur
1557 5311 1720 5361 usque
1770 5297 1889 5347 dum
1934 5306 2113 5350 sancta

602 5378 827 5430 Trinitas
855 5380 1164 5445 perdicatur.
1204 5380 1260 5432 Si
1296 5397 1415 5434 vero
1442 5386 1689 5447 sedi-rint,
1719 5386 1782 5437 ab
1813 5386 1971 5439 humo
1999 5404 2115 5439 sur-

601 5474 777 5532 gentes
827 5468 1038 5535 gloriam
1089 5474 1405 5539 resurgendo
1448 5485 1497 5525 et
1552 5476 1842 5528 L..-.-|inando
1877 5476 2115 5530 deferunt

601 5564 795 5608 sancta!
825 5557 1080 5613 Trinitati.

2263 1875 2419 1927 Usum
2449 1875 2747 1927 Latinitatis
2776 1876 2946 1941 potius
2989 1890 3145 1941 quam
3178 1876 3504 1927 rusticitatis.
3535 1875 3622 1941 qui
3644 1876 3719 1925 in-

2192 1972 2274 2015 ter
2301 1954 2392 2017 eos
2422 1963 2716 2015 scholastici
2762 1972 2901 2025 sunt,
2951 1972 3256 2030 sequuntur.
3312 1964 3365 2015 ln
3410 1965 3508 2016 tali
3563 1966 3716 2015 etiam

2190 2050 2605 2103 confabulatione
2621 2052 2801 2103 notitia
2817 2052 3201 2118 Scripturarum
3222 2051 3534 2118 aliquotiens
3559 2052 3718 2119 magis

2191 2152 2346 2203 quam
2376 2137 2593 2189 lectione
2615 2146 2934 2203 penetratur,
2966 2146 3016 2190 et
3042 2138 3269 2191 dictandi
3310 2153 3437 2189 usus
3482 2138 3717 2201 discitur,

2192 2235 2245 2279 et
2265 2228 2329 2278 ad
2355 2227 2653 2278 discendum
2678 2242 2861 2278 sensus
2881 2227 3101 2279 acuitur.

2263 2313 2386 2365 llaec
2410 2322 2460 2365 et
2484 2313 2584 2365 alia
2612 2313 2802 2365 similia
2830 2314 2927 2373 his,
2958 2327 3071 2379 quac
3092 2313 3251 2365 menti
3275 2329 3377 2367 non
3412 2324 3713 2373 occurrunt,

2195 2400 2245 2451 in
2318 2400 2731 2466 supradictorum
2788 2402 3165 2454 coenobitarum
3240 2404 3716 2455 conversationibus

2194 2494 2455 2551 comperta
2478 2485 2749 2547 habemus,
2773 2486 2836 2537 ad
2861 2501 3081 2552 quorum
3108 2488 3341 2554 exempla
3367 2486 3716 2540 informandos

2194 2587 2288 2638 per
2314 2575 2557 2626 universa
2584 2574 2729 2639 regni
2775 2574 2853 2625 sui
2889 2575 3128 2627 cmnobia
3169 2577 3447 2629 monachos
3495 2576 3718 2629 decrevit

2195 2660 2451 2727 imperiali
2476 2676 2715 2721 censura,
2740 2671 2798 2713 ut
2820 2676 2923 2714 uno
2964 2663 3119 2715 modo
3147 2676 3229 2721 ea,
3264 2677 3377 2729 qua:
3407 2677 3469 2715 cx
3500 2662 3721 2715 auctori-

2197 2756 2303 2801 tate
2324 2748 2534 2816 rcgulm,
2552 2763 2640 2801 seu
2664 2748 2767 2809 illa,
2790 2763 2905 2815 qua:
2938 2764 2999 2801 ex
3027 2748 3456 2801 consuetudinum
3477 2750 3722 2802 adimet)-

2200 2836 2610 2902 tione.aguntur,
2644 2836 2693 2886 in
2720 2851 2813 2887 usu
2839 2837 3145 2888 habeantur.
3195 2837 3343 2891 Unde
3370 2837 3718 2889 necessarium

2198 2936 2335 2983 reor,
2362 2922 2404 2974 si
2435 2930 2615 2974 vestra:
2654 2923 2823 2990 placet
2866 2923 3148 2985 dilectioni,
3177 2933 3234 2976 ut
3259 2926 3309 2975 in
3345 2925 3427 2977 his
3451 2934 3575 2976 ante
3595 2938 3721 2991 prx-

2200 3010 2383 3062 moniti
2412 3018 2673 3066 certamen
2698 3012 2955 3072 habeatis,
2987 3012 3040 3063 in
3064 3013 3143 3063 his
3164 3013 3410 3065 omnibus
3438 3013 3644 3072 instrui,
3669 3020 3722 3065 ut

2198 3098 2351 3150 bonis
2377 3106 2431 3149 et
2457 3098 2690 3150 honestis
2712 3098 2945 3151 moribus
2968 3098 3161 3152 exculti
3186 3114 3288 3152 non
3328 3107 3530 3151 tantum
3552 3114 3720 3153 coram

2198 3185 2307 3238 Deo
2335 3184 2641 3246 laudabiles,
2671 3186 2761 3237 sed
2788 3186 2946 3238 etiam
2971 3201 3149 3238 coram
3177 3187 3536 3239 hominibus...
3565 3187 3720 3253 possit

2199 3278 2264 3329 ad
2285 3278 2629 3330 humilitatem
2656 3285 2705 3329 et
2733 3277 3019 3343 gratiarum
3041 3278 3298 3329 actionem
3344 3286 3560 3329 cmteros
3582 3291 3719 3329 revo-

2199 3378 2339 3416 care.
2372 3363 2585 3416 Interim
2616 3363 2917 3429 providendi
2945 3374 3064 3415 sunt
3104 3378 3237 3416 unus
3279 3371 3367 3415 aut
3410 3364 3533 3426 duo,
3560 3364 3647 3431 qui
3670 3364 3717 3415 in

2200 3453 2627 3519 unumquodlibet
2664 3468 2725 3504 cx
2755 3454 2837 3506 his
2862 3454 3115 3506 emnobiis
3161 3448 3434 3505 mittantur
3458 3454 3523 3505 ad
3545 3467 3719 3520 specu-

2200 3539 2407 3592 landam
2428 3541 2585 3591 vitam
2606 3550 2657 3592 et
2678 3542 2908 3593 habitum
2927 3542 3153 3605 illorum,
3169 3542 3258 3609 qui
3281 3556 3373 3593 nos
3395 3541 3444 3593 in
3461 3542 3714 3599 omnibus,

2200 3629 2257 3702 in
2280 3629 2467 3694 quibus
2494 3628 2713 3681 fortasse
2758 3630 3063 3691 titubamus,
3093 3632 3344 3683 certiores
3372 3630 3602 3689 reddant,
3635 3629 3715 3695 qui

2200 3723 2252 3767 et
2283 3714 2382 3766 illis
2409 3715 2528 3766 boni
2557 3717 2778 3782 exempli
2808 3717 2972 3770 forma
2998 3719 3103 3771 sint
3141 3719 3204 3771 ad
3230 3733 3359 3785 quos
3398 3718 3716 3776 intraverint,

2200 3811 2251 3855 et
2276 3804 2425 3855 nobis
2452 3804 2562 3855 sine
2584 3804 2800 3857 zizaniis
2840 3807 3059 3859 mixtum
3104 3809 3332 3859 triticum
3375 3808 3715 3873 reponendum

2202 3892 2252 3944 in
2284 3892 2471 3945 horrea
2498 3901 2784 3957 reportant.

2264 3980 2435 4055 Super
2471 3981 2660 4049 quibus
2684 3981 2924 4035 omnibus
2948 3987 3001 4033 et
3045 3981 3261 4049 singulis
3289 3981 3409 4033 dum
3434 3979 3713 4039 revereudi.

2204 4069 2529 4123 honorabile5
2576 4086 2637 4123 ac
2680 4070 2906 4137 religiosi
2957 4072 3054 4121 viri
3099 4071 3292 4122 domini
3345 4070 3640 4124 Walthcrus
3659 4072 3717 4122 de

2203 4155 2482 4223 Wiltsperg
2502 4158 2679 4219 abbas,
2698 4156 2995 4209 Leonardus
3011 4158 3073 4210 de
3093 4157 3457 4210 Reicbenstain
3477 4160 3713 4217 decanos,

2202 4243 2481 4309 capitulum
2507 4258 2595 4294 seu
2638 4252 2922 4296 conventus
2950 4244 3233 4311 imperialis
3265 4245 3569 4298 monasterii
3589 4245 3718 4297 Iur-

2203 4330 2443 4383 bacensis
2461 4332 2558 4383 sibi
2577 4346 2604 4383 a
2621 4346 2701 4382 me
2724 4340 2781 4383 ut
2801 4332 3008 4399 publico
3032 4332 3235 4384 notario
3260 4332 3555 4398 subscripta
3569 4347 3715 4404 unum

2203 4417 2282 4468 vel
2329 4417 2477 4483 plura
2521 4417 2783 4498 publicum
2833 4433 2924 4470 seu
2969 4417 3173 4484 publica
3204 4418 3315 4471 fieri
3344 4419 3607 4486 petierunt
3630 4425 3714 4475 tot.

2204 4514 2329 4571 quot
2380 4504 2572 4557 fuerint
2611 4506 2921 4567 necessaria,
2975 4507 3375 4561 instrumentum
3422 4506 3505 4559 vel
3532 4508 3717 4560 instru-

2206 4600 2402 4645 menta.

2274 4699 2400 4751 Acta
2426 4706 2547 4751 sunt
2573 4699 2680 4750 hac
2707 4714 2863 4760 anno,
2894 4698 3193 4760 indictione,
3244 4699 3346 4760 die,
3393 4710 3578 4751 mersae
3606 4694 3717 4750 dicti

2206 4786 2539 4841 Maximiliani
2565 4785 2915 4839 Romanorum
2938 4788 3076 4854 regis
3103 4795 3352 4853 tempore,
3379 4785 3494 4839 loco
3522 4792 3578 4840 et
3600 4785 3717 4839 hora

2207 4868 2396 4939 quibus
2418 4888 2591 4939 supra,
2609 4874 2951 4939 praesentibus
2972 4873 3160 4924 ibidem
3186 4872 3471 4925 honorabili
3496 4871 3715 4933 domino.

2209 4966 2259 5009 et
2286 4959 2525 5010 discretis
2554 4959 2681 5010 viris
2706 4957 2904 5009 Joanne
2949 4959 3064 5011 Ortt
3110 4960 3415 5027 presbytero
3465 4958 3715 5028 capellam

2211 5045 2552 5107 Murbacensi,
2598 5054 2649 5096 et
2698 5044 2961 5098 Ricbardo
3013 5046 3204 5114 Muling
3242 5055 3400 5113 atque
3442 5045 3717 5101 Joannede

2211 5134 2498 5187 Werthcim
2520 5134 2749 5200 ejusdem
2778 5136 2872 5187 loci
2905 5137 3087 5189 incolis
3116 5138 3258 5188 laicis
3305 5137 3551 5191 liuentis
3592 5137 3718 5190 Basi-

2210 5222 2388 5275 liensis
2409 5223 2667 5285 dimccsis,
2693 5224 2912 5276 testibus
2938 5228 3001 5277 ad
3030 5225 3296 5291 prannissa
3316 5227 3517 5279 vocatis
3540 5222 3718 5293 specia-
3800 5270 3801 5285 ξ

2211 5308 2328 5360 liter
2354 5317 2407 5360 et
2438 5310 2647 5374 rogatis.

2281 5398 2342 5447 Et
2368 5411 2463 5461 ego
2487 5394 2795 5448 Willielmus
2828 5397 2890 5448 de
2916 5396 3240 5461 llohenbem,
3268 5408 3395 5459 ctc.,
3425 5398 3591 5453 laicus
3606 5411 3715 5453 con-

2208 5485 2436 5551 jugatus,
2467 5484 2881 5537 Constantiensis
2906 5485 3085 5538 doctor
3111 5487 3348 5553 publicus
3394 5500 3544 5545 sacra
3568 5487 3715 5553 impe-

2218 5573 2327 5624 riali
2354 5570 2659 5624 auctoritate
2683 5570 2936 5634 notarius,
2966 5573 3085 5637 quia
3126 5571 3275 5626 dicta:
3318 5575 3502 5629 rotula
3553 5585 3717 5641 pelta“
