3886 6228
144 444 248 497 7:15
964 448 1271 501 SANCTUS
1306 445 1679 513 LUDGERIJS.
1717 474 1784 482 —
1821 442 2087 495 NOTITIA
2126 438 2488 492 HISTORICA.
3208 436 3307 489 7-36

145 552 339 603 minem
399 561 620 605 vetusta:
669 567 759 605 seu
807 554 1001 605 charte
1045 554 1367 605 Statutorum
1410 566 1471 603 ac
1528 565 1685 602 caerc-
1712 562 1757 616 Α
1784 547 2087 614 subscripsi,
2116 543 2392 612 publicavi,
2417 551 2470 595 et
2509 543 2559 597 in
2601 542 2733 594 hanc
2778 540 3036 607 publicam
3089 542 3303 595 fortnam

146 641 457 691 moniarum
530 636 842 706 regularium
913 647 1143 703 tempore
1215 639 1382 691 sancti
1441 634 1687 702 Simperti
1789 636 1984 702 redegi,
2013 634 2261 701 signoque
2280 640 2332 685 et
2360 632 2567 683 nomine
2604 630 2735 681 meis
2774 630 2941 682 solitis
2970 638 3023 682 et
3046 632 3306 684 consuetis

144 727 494 785 usitatorum,
536 726 939 793 pnesentationi,
998 727 1301 792 receptioni,
1340 724 1684 792 requisitioni,
1788 724 1990 791 signavi
2018 730 2227 787 rogatus
2246 721 2443 786 pariter
2460 728 2513 772 et
2534 719 2811 785 requisitus
2835 720 2885 771 in
2905 718 3057 771 fidem
3080 729 3133 773 et
3162 723 3305 773 testi-

145 814 571 880 transumptioni
618 829 679 864 ac
715 814 1081 866 auscultationi
1126 816 1468 881 omnibusque
1497 814 1612 866 aliis
1638 822 1689 865 et

143 898 373 964 singulis
428 901 731 965 praemissis,
773 901 915 963 dum,
953 902 1088 954 sicut
1130 902 1479 967 prmmittitur,
1507 900 1689 953 fierent

140 993 197 1035 et
240 995 558 1051 agerentur,
591 1002 689 1038 una
732 1002 850 1039 cum
886 987 1273 1055 prrenominatis
1313 988 1533 1040 testibus
1558 1003 1688 1054 pra:-

139 1086 267 1125 sens
298 1072 545 1134 interfui,
573 1089 735 1138 caque
759 1074 932 1127 omnia
956 1083 1009 1127 et
1032 1074 1233 1141 singula
1257 1072 1331 1125 sic
1366 1072 1476 1125 fieri
1508 1073 1611 1125 vidi
1639 1080 1692 1125 et

140 1161 345 1211 audivi.
380 1161 587 1214 Idcirco
615 1178 845 1229 praisens
874 1163 1137 1230 publicum
1164 1162 1473 1228 transumpti
1494 1162 1688 1213 instru-

141 1256 384 1302 mentum
443 1266 542 1318 per
582 1264 663 1302 me
710 1250 931 1304 ﬁdeliter
971 1251 1221 1317 scriptum
1248 1251 1435 1303 exinde
1468 1248 1688 1311 confeci,

726 1492 811 1569 S.
873 1491 1402 1570 SIMPERTI
1462 1488 2001 1568 EPISTULA
2060 1484 2712 1585 ENCYCLICA.

1789 809 2022 863 monium
2049 808 2276 860 omnium
2302 816 2355 858 et
2375 806 2715 873 singulorum.
2762 806 3002 857 Attamen
3026 813 3083 857 ut
3115 807 3307 859 veritas

1789 898 1957 964 magis
1980 897 2258 957 elucescat,
2284 902 2336 946 et
2366 894 2492 945 fides
2536 894 2683 959 plena
2714 894 3039 957 adhibeatur,
3070 908 3307 946 reveren-

1787 988 1891 1038 dus
1910 998 2114 1051 semper
2138 998 2199 1036 ac
2219 981 2466 1036 Colendus
2492 982 2711 1034 domnus
2742 982 3039 1036 Waltherus
3072 998 3209 1051 δαιρο
3229 982 3306 1034 di-

1788 1080 1908 1125 ctus
1932 1072 2091 1123 abbas
2112 1070 2461 1122 Murbacensis
2478 1082 2705 1135 prmsens
2718 1069 2976 1135 publicum
2997 1068 3306 1138 transumpti

1786 1163 2191 1215 instrumentum
2235 1159 2392 1227 sigilli
2437 1159 2598 1225 ipsius
2641 1160 2952 1228 appensione
2997 1156 3307 1211 communiri

1790 1248 1915 1302 fecit
1942 1264 2005 1301 ac
2022 1247 2193 1314 jussit.

2496 1388 2557 1396 ~—

1250 1755 1401 1814 (Apud
1431 1753 1775 1809 Mabillonium,
1798 1752 2032 1810 Analect,
2051 1764 2097 1810 p.
2120 1750 2248 1810 H8.)

210 1929 681 1983 Reverentissimae
706 1930 1071 1997 matrifamilize
1100 1930 1175 1982 ill.
1197 1928 1521 1983 Sindbertus.
1553 1930 1688 1980 dono
1719 1935 1763 1992 Β
1788 1926 2031 1994 migravit
2056 1924 2134 1994 (ut
2152 1923 2429 1995 credimus)
2455 1923 2518 1976 ad
2539 1922 2821 1985 Christum,
2845 1937 2945 1989 qua
2966 1936 3028 1976 ex
3048 1936 3105 1975 re
3125 1922 3311 1975 obnixe

144 2018 233 2069 Dei
254 2026 487 2071 vocatus
509 2018 783 2085 episcopus
804 2026 959 2085 atque
980 2018 1111 2070 abba
1133 2018 1196 2069 de
1216 2018 1532 2068 monasterio
1557 2012 1695 2065 Mor-

144 2107 258 2167 lmc,
287 2108 342 2157 in
372 2107 603 2159 Domino
623 2116 873 2159 aeternam
896 2092 1135 2159 salutem.

212 2193 284 2247 De
309 2205 517 2247 caetero
544 2195 835 2261 comperiat
862 2194 1104 2247 mellillua
1147 2195 1377 2247 charitas
1423 2200 1599 2245 vestra
1625 2205 1691 2244 co

144 2282 282 2343 Quod
314 2280 491 2335 frater
520 2291 696 2335 vester
720 2283 930 2335 nomine
952 2281 1037 2334 ille
1061 2280 1141 2334 vel
1168 2280 1276 2341 ille,
1321 2281 1383 2332 de
1432 2280 1533 2331 hac
1577 2278 1693 2330 luce

1791 2013 2131 2066 obsecramus
2155 2012 2438 2064 almitatcm
2463 2011 2712 2073 vestram,
2752 2019 2811 2061 ut
2834 2024 2928 2076 pro
2955 2010 3115 2075 ipsius
3138 2010 3308 2062 anima

1791 2100 1868 2153 sic
1888 2099 2141 2165 jubemini
2177 2098 2289 2168 (sic)
2321 2112 2474 2166 agere
2506 2098 2569 2151 de
2595 2098 2807 2165 psalmis
2836 2112 2925 2149 seu
2954 2097 3127 2148 missis
3156 2106 3311 2163 atqtie

1792 2188 2003 2256 vigiliis,
2022 2202 2115 2240 ceu
2141 2187 2323 2254 ingens
2350 2185 2554 2238 bonitas
2576 2192 2746 2237 vestra
2758 2184 3044 2237 consuevit.
3062 2182 3311 2251 Optamus

1792 2291 1885 2330 vos
1911 2278 2043 2330 bene
2065 2275 2259 2327 valere.

1026 2514 1367 2571 EIUSDEM
1411 2511 1813 2571 INDICULUS
1856 2514 1961 2570 AD
2004 2514 2447 2573 EPISCOPUM.

1546 2704 1764 2762 (Mahill.,
1793 2704 1930 2763 ibid.)

211 2900 442 2955 Domino
500 2903 916 2955 reverentissimo
961 2905 1201 2971 episcopo
1226 2904 1297 2954 ill.
1347 2903 1676 2966 Sindbertus,

1784 2902 1860 2953 rio
1889 2903 2113 2964 Morbac,
2144 2919 2245 2955 una
2271 2920 2388 2955 cum
2426 2904 2691 2969 fratribus,
2721 2915 2971 2977 aeternam
3006 2908 3057 2959 in
3102 2904 3309 2961 Christo

148 2990 315 3056 gratia
341 2989 437 3042 Dei
466 2999 678 3043 vocatus
700 2990 972 3058 episcopus
1000 3000 1153 3057 atque
1176 2992 1307 3043 abba
1331 2990 1394 3042 tle
1425 3001 1685 3044 monaste-
1712 2972 1756 3032 Ο
1785 2993 1907 3047 Jesu
1934 2996 2151 3049 Domino
2173 3004 2352 3062 nostro
2380 2997 2619 3059 salutem,
2645 3004 2767 3059 etc.,
2795 3005 2845 3048 ut
2874 2974 3046 3065 supra.

160 3119 3310 3149 Μ

1380 3237 1543 3280 ANNO
1582 3238 1801 3281 DOMINI
1847 3240 2089 3281 DCCCIX.

526 3373 1566 3622 SANCTUS
1696 3376 2952 3533 LUDGERUS

1160 3631 1907 3686 MIMIGARDEFORDENSIS
1947 3632 2321 3687 EPISCOPUS

558 3842 978 3920 NOTITIA
1040 3838 1571 3916 HISTORIGA
1650 3842 1747 3913 IN
1812 3839 2278 3915 SANCTUM
2337 3840 2911 3915 LUDGERUM.

1143 3994 1221 4051 (ΔΙ
1240 3994 1301 4039 ud
1328 3992 1525 4050 Mabil|.,
1550 3993 1652 4041 Art.
1678 3991 1792 4040 0rd.
1818 3994 1866 4038 ς.
1890 3994 2094 4053 Bened.,
2114 4005 2227 4041 sec.
2252 3991 2338 4051 iv.)

208 4161 255 4209 l.
272 4154 565 4221 Liudgerus
580 4165 667 4221 seu
684 4150 972 4221 Ludgerus,
990 4150 1103 4221 aliis
1118 4149 1433 4221 Lnidgerus,
1443 4150 1684 4221 Luidige-

162 4240 333 4286 rusve,
382 4216 584 4289 primus
608 4216 1195 4289 Mimigardcfordcnsis,
1233 4216 1390 4289 nunc
1420 4216 1680 4273 Monaste-

165 4294 369 4351 riensis,
387 4286 646 4343 'Ecclesire
671 4288 942 4354 episcopus
968 4288 1103 4351 apud
1125 4286 1454 4351 Westplialos
1478 4302 1565 4339 seu
1596 4304 1683 4339 oc-

164 4359 446 4414 cidentales
478 4353 729 4415 Saxones,
757 4356 843 4420 qui
877 4353 1055 4405 Frisiis
1082 4364 1133 4405 et
1163 4354 1376 4406 Francis
1421 4355 1684 4421 Ripuariis

167 4429 366 4480 finitimi
398 4433 519 4478 sunt
549 4464 563 4485 ,
599 4440 628 4476 a
660 4423 838 4475 multis
874 4422 1215 4489 scriptoribus
1245 4423 1536 4475 celebratus
1581 4434 1679 4476 est.

166 4497 371 4549 Primus
400 4494 480 4561 (ut
507 4490 951 4561 puto)rAltfridus_,
980 4490 1222 4561 Liudgeri
1251 4490 1682 4561 postGerfridum

167 4554 1195 4639 successgi‘,.is'quiannofiw.“vivere
1251 4554 1421 4619 desiit,
1475 4554 1683 4639 de_Vita

168 4634 330 4685 sancti
363 4630 531 4683 Patris
558 4627 801 4694 Liudgeri
827 4627 1020 4693 aliquid
1063 4641 1303 4693 agressus
1325 4637 1403 4679 est
1434 4629 1682 4687 scribere.

175 4720 189 4748 ι
225 4708 482 4779 quatenus
510 4706 619 4749 tam
656 4696 949 4779 vetuerand‘a
976 4695 1111 4747 illius
1140 4696 1376 4779 exempla
1416 4697 1591 4749 multis
1621 4698 1684 4776 ad

170 4763 562 4821 aedificationem
619 4763 931 4832 proficerent
972 4783 990 4814 ι
1016 4803 1029 4824 ,
1078 4763 1225 4832 nefas
1272 4773 1460 4831 putans
1502 4783 1519 4812 ι
1557 4766 1684 4817 tanti

172 4836 267 4888 viri
290 4835 451 4888 latere
490 4830 712 4887 virtutes
741 4851 784 4886 ι.
815 4831 940 4895 Qua:
986 4830 1185 4899 prologi
1214 4831 1326 4897 ejus
1371 4834 1527 4885 verba
1558 4835 1686 4885 satis

173 4904 415 4964 indicant,
452 4902 709 4956 neminem
740 4910 859 4953 ante
895 4915 1013 4953 eum
1044 4900 1093 4952 id
1122 4902 1443 4967 prmstitisse.
1478 4900 1686 4954 Altfridi

174 4972 460 5026 lucubratio
486 4971 688 5023 duobus
716 4969 862 5022 libris
889 4976 1151 5037 contenta,
1190 4970 1241 5021 in
1270 4968 1455 5021 Martio
1483 4970 1685 5021 Bollan-

174 5041 325 5092 diano
352 5039 486 5091 edita
508 5038 735 5105 primum
766 5046 845 5090 est
872 5053 992 5090 cum
1022 5038 1240 5091 eruditis
1275 5040 1682 5091 commentariis.

175 5107 310 5160 idem
340 5113 695 5173 argumentum
740 5106 939 5158 duobus
971 5106 1151 5158 itidem
1203 5106 1348 5158 libris
1386 5108 1687 5159 retractavit

176 5189 461 5242 anonymus
487 5173 769 5242 monachus
785 5173 1187 5242 Werthineusis,
1210 5173 1445 5239 quaadam
1470 5175 1687 5229 subinde

179 5240 463 5310 admiscens
484 5240 717 5295 nonnihil
750 5242 814 5293 ab
839 5241 1045 5295 Altfridi
1069 5244 1368 5295 narratione
1390 5242 1689 5310 discrepan-

181 5311 247 5362 tia
273 5328 287 5362 :
309 5308 455 5377 cujus
474 5310 702 5377 auctoris
724 5309 1057 5375 scriptionem
1080 5324 1143 5362 ex
1166 5310 1510 5377 Fuldensibus
1530 5308 1690 5365 niem—

182 5378 358 5447 branis
388 5377 526 5447 eruit
552 5376 956 5447 Christopliorus
976 5378 1271 5447 Browcrus.
1303 5380 1389 5446 qui
1422 5376 1687 5447 Olllelgl'i-

182 5459 319 5513 mum
334 5445 576 5513 Liudgcri
597 5444 793 5497 socium
809 5446 921 5513 ejus
938 5446 1259 5500 conditorem
1282 5444 1396 5500 esse
1414 5444 1685 5501 exiSIima-

184 5514 271 5583 vit.
304 5512 493 5567 Verum
525 5520 708 5583 auctor
719 5512 847 5583 pejus
888 5514 1014 5568 Vitze
1057 5516 1317 5583 scribebat
1343 5525 1460 5583 post
1492 5532 1684 5569 annum

182 5578 297 5643 86‘,
334 5590 389 5632 ut
420 5588 559 5647 patet
578 5595 641 5634 ex
678 5578 769 5632 lib.
809 5597 865 5644 ιι,
892 5596 1006 5649 cap.
1038 5582 1124 5634 26.
1155 5578 1381 5637 Tertiam
1411 5586 1578 5638 Vitam
1611 5587 1688 5638 bi-

188 5652 262 5702 nis
307 5649 462 5701 etiam
491 5649 671 5703 libellis
697 5658 1041 5715 constantem,
1088 5667 1204 5719 qua:
1235 5667 1297 5705 ex
1326 5656 1525 5708 duobus
1548 5656 1686 5721 prio-

454 5739 704 5796 PA'I‘ROL.
742 5738 962 5800 XCIX.

1785 4152 1930 4223 ribus
1961 4148 2182 4223 conflata
2212 4156 2309 4223 est,
2336 4151 2471 4223 typis
2498 4151 2726 4223 vulgavit
2749 4151 2931 4223 Surius
2950 4153 3003 4207 in
3038 4155 3206 4223 prima
3229 4161 3310 4215 sui

1785 4220 1958 4286 operis
1984 4220 2211 4271 editione
2230 4219 2381 4337 gnam
2407 4218 2791 4272 Browerianam
2816 4221 2931 4275 loco
2976 4218 3085 4288 ejus
3120 4228 3315 4280 substi-

1785 4291 1997 4337 tuernnt
2024 4288 2161 4337 tertii
2197 4301 2226 4333 e
2266 4287 2425 4337 itores
2462 4288 2780 4337 collectionis
2809 4288 3081 4337 Surianml.
3119 4292 3313 4337 nimi-is

1785 4291 1997 4340 tucrunt
2024 4288 2161 4338 tertii
2197 4288 2425 4339 editores
2462 4288 2780 4356 collectionis
2809 4288 3081 4356 Surianze).
3119 4292 3314 4355 Quarta

1716 4381 1757 4435 ε)
1788 4356 2077 4435 [ιγιγιζιηξὶςίι
2102 4362 2200 4435 est,
2218 4371 2245 4406 ι
2263 4356 2529 4435 monachis
2544 4355 2996 4435 Werthineusihus
3023 4358 3077 4409 in
3104 4363 3313 4435 modum

1787 4422 2130 4489 litanitejussn
2147 4423 2608 4491 Bernardiabbatis
2620 4424 2824 4477 condita
2841 4426 2936 4476 sub
2949 4440 3140 4478 annum
3159 4429 3179 4479 l
3197 4430 3310 4491 MO,

1785 4483 2264 4559 partim'inlllartio
2290 4483 2626 4543 Bollandiano
2672 4492 2830 4543 edita.
2867 4492 3142 4557 Browerus
3171 4483 3315 4551 addit

1787 4558 1941 4612 aliam
1958 4562 2021 4611 ab
2036 4558 2234 4627 Ullingo
2250 4560 2504 4611 monacho
2522 4560 2861 4627 compositam
2879 4562 2975 4613 sub
2990 4562 3193 4615 initium
3209 4581 3309 4619 sa:-

1785 4630 1886 4681 culi
1912 4646 1961 4687 x,
1991 4642 2103 4692 qua:
2124 4626 2298 4696 forsan
2326 4642 2424 4678 non
2444 4627 2542 4679 alia
2574 4626 2654 4680 est
2682 4644 2836 4696 quam
2864 4630 3136 4682 metricum
3155 4632 3311 4685 Lind-

1786 4698 1891 4765 geri
1908 4697 2129 4762 elogium
2146 4711 2173 4747 a
2187 4694 2533 4765 Bollandianis
2551 4694 2728 4749 itidem
2744 4696 3027 4764 vulgatum.
3044 4699 3129 4762 qui
3151 4700 3309 4753 etiam

1786 4764 1941 4817 aliam
1974 4764 2282 4818 reccntioris
2312 4765 2540 4817 auctoris
2580 4778 2636 4816 se
2666 4765 2849 4830 legisse
2876 4774 3154 4818 testantur.
3193 4766 3311 4821 Pri-

1786 4848 1922 4885 mam
1948 4846 2009 4885 ex
2040 4833 2120 4884 his
2143 4842 2195 4885 et
2216 4832 2492 4884 secundam
2520 4832 2604 4884 hic
2624 4834 2871 4885 exhibere
2890 4834 3057 4887 visum
3082 4844 3178 4897 est,
3198 4844 3308 4888 tum

1786 4903 1906 4968 quia
1940 4908 2161 4969 utraque
2190 4900 2415 4969 auctoris
2458 4908 2539 4953 est
2582 4900 2692 4955 fere
2734 4902 2951 4969 aequalis
2980 4942 2993 4964 ,
3028 4910 3134 4955 tum
3185 4903 3307 4969 quia

1786 4967 2116 5022 Broweriana
2181 4967 2425 5020 nonnulla
2488 4977 2720 5023 continet
2766 4967 2881 5036 qua:
2926 4970 2977 5022 in
3041 4967 3309 5025 Altfridia-

1787 5054 1851 5089 na
1872 5037 2290 5108 non__leguntur._
2342 5036 2545 5108 Primos
2592 5038 2720 5108 Vitae
2764 5037 3123 5108 Liudgeriana:
3147 5041 3310 5108 scrip-

1786 5114 1927 5159 torcs
1942 5104 2324 5157 Werthineusis
2349 5104 2542 5158 litanize
2554 5106 2791 5158 conditor
2812 5107 2887 5158 ait
2910 5104 3071 5161 fuisse
3096 5126 3112 5155 ι
3132 5104 3307 5161 Othél-

1786 5174 2008 5241 grimum
2034 5173 2340 5240 discipulum
2366 5171 2495 5238 ejus,
2538 5172 2813 5227 Altfridum
2846 5175 3303 5227 Monasteriensem

1785 5243 2103 5309 episcopum.
2136 5250 2190 5294 et
2210 5241 2464 5307 Uilingum
2490 5242 2798 5295 caanobitam
2822 5242 3257 5296 Werthinensem.
3284 5261 3302 5293 ι

1786 5310 2108 5379 Othelgrimo
2136 5320 2380 5376 tanquam
2402 5310 2651 5376 primario
2678 5309 3143 5379 auctorirtrilsuisse
3168 5310 3308 5363 vidc-

1789 5388 1873 5431 tur
1900 5379 2177 5432 secundam
2201 5379 2390 5447 Vitam.
2418 5393 2533 5444 qua:
2564 5388 2741 5447 tamen
2776 5378 2930 5447 paulo
2958 5378 3125 5432 serius
3163 5380 3302 5431 edita

1787 5458 1866 5500 est
1890 5462 2046 5515 quam
2068 5445 2372 5512 Othelgrimi
2395 5454 2523 5499 mtas
2554 5446 2702 5500 ferat.

1854 5516 1903 5567 2.
1934 5516 2130 5567 Practer
2150 5516 2243 5566 hos
2271 5524 2513 5567 auctores
2543 5515 2627 5566 alii
2654 5531 2752 5567 non
2777 5514 2926 5580 pauci
2954 5515 3015 5567 dc
3040 5529 3101 5564 eo
3127 5520 3307 5581 agunt,

1786 5583 2573 5650 Ditbmarus,Merselzurgcnsis
2615 5598 2889 5650 ep-scopus
2931 5584 2983 5650 in
3028 5581 3309 5645 Chronico,

1784 5652 2011 5706 Joannes
2039 5667 2065 5703 a
2096 5650 2271 5705 Leidis
2296 5652 2348 5703 in
2378 5648 2889 5721 Chronico’Belgico,
2920 5648 3145 5704 Joannes
3170 5650 3309 5704 Beka

2811 5742 2887 5799 2h
