3886 6228
212 385 309 441 753

1300 394 1449 449 \"ITA
1491 397 1546 451 S.
1589 345 1903 451 GllEGOiill
1940 393 2239 449 ABBATIS.

3262 394 3364 448 754

214 501 406 552 abbate
433 506 488 553 et
509 476 829 568 praeceptore
859 516 974 555 meo
996 500 1061 554 ab
1088 501 1301 555 infantia
1322 522 1334 554 :
1353 505 1440 570 qui
1477 505 1539 556 de
1567 504 1724 556 nubili
1754 508 1801 564 Α
1827 506 2075 559 athletam
2108 507 2194 559 Dei
2225 507 2555 577 peregrinum
2585 515 2638 561 et
2675 514 2945 575 egentem,
2976 506 3357 576 gratulabunda

209 585 377 654 stirpe
420 584 745 641 Francorum
802 600 827 627 ι
857 591 1181 657 progenitus,
1225 592 1497 645 nobilitate
1532 606 1736 644 morum

208 683 263 753 et
285 674 560 742 sapientia
598 676 924 730 documentis
965 676 1285 730 nobilitatem
1327 679 1503 731 saeculi
1534 678 1740 731 ornavit

210 779 273 818 ac
312 766 598 831 superavit.
642 764 806 829 Quam
846 766 1025 833 utique
1046 766 1369 834 spiritualem
1413 767 1737 821 nobilitatem

206 861 263 907 et
286 854 614 922 prudentiam
652 864 928 909 assecutus
954 863 1037 909 est
1072 871 1100 908 a
1124 864 1307 910 sancto
1334 864 1561 925 martyre
1585 856 1739 909 Boni-

138 955 151 971 κ
208 942 345 996 facio
379 943 771 1011 archiepiscopo
808 952 862 997 et
894 943 1146 1011 magistro
1168 959 1299 998 suo:
1334 945 1423 1011 qui
1459 946 1511 997 in
1556 946 1739 998 diebus
1772 953 1776 955 ‘

206 1028 521 1081 nobilissimi
567 1028 817 1097 principis
851 1030 1182 1082 Francorum
1201 1031 1340 1097 regis
1364 1030 1501 1085 Carli
1536 1031 1599 1083 de
1628 1030 1739 1082 Bri-

208 1116 391 1168 tannia
440 1122 492 1168 et
528 1122 680 1185 gente
735 1108 1020 1184 Anglorum
1070 1115 1418 1168 clarissimum
1479 1117 1739 1182 quoddam

206 1204 357 1256 sidus
405 1203 675 1258 Franciam
716 1205 930 1259 veniens
956 1244 970 1268 ,
1015 1205 1114 1257 sub
1175 1205 1385 1272 regibus
1428 1203 1741 1257 Carlmanno

209 1298 260 1342 et
294 1287 515 1358 Pippino
540 1289 775 1357 ejusdem
815 1292 953 1360 regis
983 1289 1121 1343 Carli
1152 1290 1545 1359 gloriosissimis
1575 1290 1697 1342 filiis
1722 1329 1736 1349 ,

208 1375 359 1440 quasi
388 1376 463 1429 sol
491 1376 709 1429 rntilans
737 1377 787 1428 in
821 1377 1119 1437 sanctitate,
1151 1376 1399 1444 expandit
1435 1376 1608 1429 radios
1636 1375 1738 1427 vir-

206 1464 337 1517 tutis
387 1478 495 1517 sna
529 1473 582 1517 et
608 1465 994 1532 pradicationis
1024 1505 1038 1527 ,
1080 1468 1360 1531 omniaque
1394 1480 1557 1533 prope
1582 1479 1741 1533 regna

208 1555 391 1608 vivens
421 1554 471 1607 in
500 1568 719 1622 corpore
760 1554 1071 1623 largissimis
1099 1554 1319 1621 dapibus
1343 1554 1591 1607 doctrina:
1634 1568 1743 1607 sua

204 1640 520 1703 reficiens,et
545 1641 645 1695 fide
666 1641 956 1695 melioravit
982 1649 1036 1696 et
1059 1643 1185 1695 vita.
1217 1640 1390 1708 Atque
1412 1649 1531 1709 post
1556 1650 1739 1694 trans-

206 1728 334 1781 itum
387 1743 536 1781 suum
577 1730 640 1782 de
679 1730 777 1783 hoc
800 1730 993 1782 mundo
1016 1744 1111 1796 per
1141 1737 1380 1782 sanctum
1410 1729 1738 1797 martyrium,

1835 596 2063 663 suscepit
2087 586 2205 649 eum
2234 598 2284 648 in
2311 599 2588 665 nospitiutn
2612 612 2783 659 suum,
2802 597 3020 663 implens
3036 598 3358 650 Dominieant

1835 684 2253 737 adhortationem
2303 702 2315 737 :
2366 683 2561 754 Hospes
2624 702 2762 738 eram
2790 726 2804 749 ,
2860 696 2905 738 et
2960 685 3228 754 collegistis
3290 705 3368 740 me

1836 770 2043 839 (Matth.
2080 772 2222 838 xxv).
2255 772 2490 839 Cumque
2536 773 2621 825 ille
2662 788 2814 825 sacer
2838 783 3051 826 sanctus
3074 774 3243 825 viator
3271 775 3367 827 lio-

1836 858 2057 909 nifacins
2108 860 2393 911 secundum
2443 860 2648 912 solitum
2687 874 2883 912 morem
2911 876 3060 913 suum
3091 862 3365 925 missarum

1836 943 2083 1008 mysteria
2112 945 2430 1011 peregisset,
2457 954 2514 997 ιιι
2535 946 2906 1013 propemodum
2930 946 3070 999 omni
3100 948 3183 999 die
3212 963 3366 1015 agere

1835 1032 2103 1082 consuevit
2132 1069 2144 1093 ,
2184 1032 2432 1085 sederant
2455 1034 2519 1085 ad
2546 1048 2802 1096 mensam,
2835 1034 2943 1101 ipse
2971 1035 3170 1088 scilicet
3195 1044 3248 1087 et
3274 1052 3367 1088 an--
3451 1070 3457 1074 -

1836 1116 1952 1169 cilla
1983 1116 2073 1169 Dei
2101 1116 2300 1170 Addula
2335 1117 2599 1171 abbatissa
2639 1135 2757 1172 cum
2804 1118 3000 1172 familia
3042 1137 3154 1173 sua.
3186 1120 3366 1188 Carpe-

1838 1212 1959 1257 rnnt
1996 1190 2170 1256 autem
2193 1205 2257 1257 ad
2286 1206 2452 1273 ipsum
2483 1215 2720 1259 sanctum
2750 1208 3047 1259 convivium
3074 1209 3189 1275 plus
3208 1224 3363 1277 quam

1835 1289 2016 1355 epulas
2043 1328 2057 1351 ,
2104 1291 2347 1342 solatium
2394 1300 2587 1344 sancta
2633 1291 2919 1361 Scriptura
2951 1303 3197 1362 expetere
3219 1335 3233 1357 ,
3265 1302 3368 1363 quo

1836 1373 1986 1427 fieret
2018 1375 2146 1430 fides
2170 1378 2489 1431 audientium
2516 1394 2735 1432 accensa
2759 1421 2771 1442 ,
2798 1396 3020 1448 spesque
3049 1390 3103 1434 et
3137 1383 3370 1437 charitas

1838 1471 2085 1515 renovata
2128 1464 2179 1515 in
2226 1465 2411 1529 Deum,
2442 1468 2529 1534 qui
2574 1468 2682 1520 vult
2719 1483 2901 1521 omnes
2929 1469 3167 1521 homines
3197 1470 3367 1523 salvos

1838 1550 1971 1612 fieri,
2010 1559 2063 1619 et
2090 1550 2154 1603 ad
2184 1552 2500 1619 agnitionem
2545 1555 2782 1607 veritatis
2823 1570 3018 1607 venire.
3059 1556 3203 1609 Tunc
3229 1572 3370 1624 quae-

1838 1638 1969 1690 sitn‘s
1997 1646 2076 1690 est
2103 1637 2267 1695 lector
2297 1677 2310 1700 ,
2358 1648 2411 1690 et
2446 1638 2596 1705 juxta
2645 1641 2732 1694 Dei
2784 1643 3101 1695 voluntatem
3128 1644 3369 1699 inventus

1800 1728 1811 1732 '
1839 1731 1919 1775 est
1968 1723 2165 1777 electus
2210 1739 2337 1792 puer
2367 1722 2648 1792 Gregorius
2679 1764 2692 1787 ,
2748 1727 2836 1793 qui
2877 1742 2971 1795 per
3000 1728 3136 1780 idem
3166 1737 3370 1795 tempus

207 1815 388 1869 eadem
419 1815 737 1869 Francorum
768 1831 923 1884 regna
951 1830 1045 1884 per
1070 1816 1233 1870 electa
1256 1831 1417 1888 grana
1456 1816 1736 1884 discipulo-
1770 1813 1809 1869 Β
1836 1827 2001 1878 nuper
2039 1827 2068 1863 a
2107 1811 2282 1865 schola
2312 1819 2365 1864 ct
2402 1812 2593 1880 palatio
2622 1828 2880 1876 reversus,
2912 1814 3170 1868 sub'laico
3196 1817 3367 1869 adhuc

209 1918 322 1955 rum
350 1918 587 1965 suorum,
619 1902 672 1955 in
707 1904 999 1970 exemplum
1038 1903 1291 1957 Dominici
1318 1905 1535 1958 seminis
1556 1903 1743 1957 fructi-

206 1991 369 2046 tleare
398 1991 524 2047 fecit
545 2032 559 2056 ,
595 2000 644 2046 el
673 1992 928 2060 proficere
967 2008 1132 2061 usque
1167 1994 1217 2046 in
1242 1995 1554 2048 hodiernum
1582 1995 1737 2047 diem.

208 2080 348 2135 Inter
395 2098 525 2149 quos
568 2084 751 2136 beatus
782 2082 1067 2150 Gregorius
1103 2086 1343 2138 columna
1373 2086 1619 2139 Ecclesiae
1651 2088 1741 2140 Dei

206 2168 450 2221 inventus
480 2174 561 2220 est
590 2169 712 2236 :qui
735 2168 787 2221 in
810 2168 995 2231 diebus
1033 2169 1407 2238 religiosissimi
1443 2172 1584 2239 regis
1618 2171 1741 2239 Pip-

206 2254 313 2321 pini
354 2253 642 2308 succedens
681 2254 931 2323 magistro
959 2294 974 2319 ,
1014 2257 1154 2324 genti
1198 2256 1488 2311 Fresonum
1552 2260 1743 2313 missus

209 2346 286 2394 est
309 2341 622 2409 praedicator
661 2355 675 2393 :
706 2342 789 2394 cui
834 2344 1082 2412 magistro
1117 2352 1172 2397 et
1213 2344 1479 2399 Bonifacio
1522 2350 1741 2415 martyri

212 2429 396 2483 l-eatus
445 2426 729 2496 Gregorius
770 2428 869 2482 hoc
905 2431 1060 2483 modo
1089 2431 1357 2485 adbarere
1393 2434 1561 2500 coepit
1588 2441 1641 2486 et
1669 2435 1743 2487 di-

209 2514 525 2581 scipulatnm
549 2514 663 2582 ejus
686 2514 883 2567 subire.

274 2599 325 2652 5.
356 2597 487 2652 Cum
514 2599 622 2667 ipse
645 2599 844 2654 electus
891 2601 984 2653 Dei
1024 2601 1321 2657 Bonifacius
1374 2611 1574 2671 martyr
1619 2613 1740 2671 post

212 2683 464 2742 tredecim
494 2689 521 2727 δ
547 2704 714 2743 annos
742 2698 967 2759 peracta
984 2690 1035 2743 in
1058 2690 1305 2745 Fresonia
1330 2693 1736 2758 pradication’s,

211 2780 399 2846 quibus
429 2780 480 2831 in
508 2780 723 2832 australi
745 2788 893 2848 parte
919 2782 1017 2835 laci
1039 2781 1235 2835 Almari
1265 2792 1285 2820 α
1304 2796 1501 2851 pauper
1518 2798 1741 2851 evange—

212 2866 341 2919 lieus
381 2874 434 2920 et
463 2866 835 2934 propemodum
877 2870 1143 2922 solitarius
1185 2880 1417 2924 sanetam
1448 2871 1738 2923 sessionem

213 2966 357 3012 suam
406 2952 573 3005 tribus
605 2953 658 3005 in
700 2952 843 3005 lucis
873 2955 1188 3023 peregisset,
1230 2970 1452 3022 quorum
1490 2948 1739 3009 voeabula

211 3041 440 3093 lucomm
466 3049 587 3093 sunt
606 3041 749 3094 hac:
778 3040 983 3094 Primus
1005 3050 1223 3094 vocatur
1246 3041 1441 3111 \Vyrda
1462 3040 1507 3099 ά.
1540 3043 1591 3095 in
1628 3043 1740 3111 ripa
1771 3090 1778 3101 ,

1842 1900 2021 1952 habitu
2048 1900 2198 1966 quasi
2226 1909 2471 1967 quartum
2508 1901 2770 1971 decimum
2804 1908 2894 1953 aut
2923 1902 3179 1955 decimum
3220 1905 3371 1972 quin-

1841 1999 1951 2042 tum
1999 2004 2160 2059 agens
2201 1989 2375 2042 atatis
2407 2005 2617 2042 annum
2644 2029 2657 2052 ,
2719 1990 2812 2043 Dei
2857 1991 3105 2045 instinctu
3132 1992 3277 2045 venit
3304 1993 3370 2047 ad

1840 2080 2011 2131 aviam
2033 2092 2205 2139 suam,
2226 2078 2283 2131 id
2310 2086 2391 2130 est
2415 2077 2481 2131 ad
2507 2086 2729 2130 matrem
2758 2079 2923 2145 patris
2948 2080 3027 2131 sui
3065 2078 3259 2132 Albrici
3287 2095 3370 2133 su.

1837 2168 2130 2235 pradietam
2175 2166 2493 2220 abbatissam
2535 2165 2699 2219 Deum
2749 2166 3015 2219 timentem
3067 2166 3368 2221 Addulam:

1838 2253 2094 2321 datusque
2122 2265 2205 2307 est
2248 2255 2295 2306 ei
2341 2254 2492 2307 liber.
2534 2254 2667 2318 Qui,
2716 2262 2932 2322 accepta
2959 2254 3323 2309 benedictione
3352 2296 3367 2320 ,

1838 2342 1998 2409 capit
2023 2342 2197 2411 legere
2222 2381 2235 2404 ,
2267 2351 2321 2394 et
2342 2342 2492 2409 juxta
2523 2343 2732 2395 modum
2757 2344 2929 2396 atatis
2954 2359 3061 2397 sua
3087 2345 3220 2396 bene
3246 2360 3367 2413 per-

1839 2433 2028 2500 legere.
2073 2430 2371 2499 lntclligens
2415 2445 2539 2482 vero
2589 2431 2839 2497 magister
2873 2446 3113 2498 sagacem
3143 2440 3367 2485 mentem

1838 2520 1986 2587 pueri
2039 2522 2334 2587 bonamque
2382 2506 2607 2572 indolem
2630 2559 2643 2581 ,
2675 2520 2836 2588 capit
2860 2535 2979 2573 eum
3006 2531 3371 2577 consummata

1836 2607 2059 2660 lectione
2088 2607 2170 2660 his
2197 2607 2371 2660 verbis
2394 2607 2663 2661 moderate
2685 2607 2900 2660 laudare
2925 2615 2979 2661 et
2998 2608 3172 2662 dicere
3196 2626 3207 2661 :
3231 2609 3371 2664 Bene

1836 2694 1987 2763 legis,
2018 2694 2108 2757 fili,
2139 2696 2181 2747 si
2211 2696 2454 2765 intelligis
2482 2711 2597 2764 qua
2638 2694 2787 2765 legis.
2842 2696 2957 2764 Ipse
3000 2705 3172 2751 autem
3200 2697 3370 2749 adhuc

1840 2779 2091 2846 temporis
2115 2779 2324 2846 sapiens
2349 2787 2405 2832 ut
2429 2779 2697 2846 parvulus,
2720 2789 2772 2833 ct
2792 2780 3009 2848 loquens
3022 2791 3080 2834 ut
3104 2783 3367 2850 parvulus,

1839 2881 1895 2919 se
1916 2866 2050 2919 seire
2076 2865 2342 2934 professus
2369 2874 2450 2919 est
2477 2880 2591 2933 qua
2629 2866 2849 2935 legebat.
2885 2868 2975 2919 Dic
3005 2869 3157 2930 mihi,
3178 2870 3367 2936 inquit.

1840 2955 2100 3021 quomodo
2123 2955 2365 3023 intelligis
2392 2969 2505 3021 qua
2533 2954 2693 3023 legis?
2721 2954 2831 3022 Ipse
2860 2971 2987 3008 vero
3018 2958 3283 3024 repetebat
3304 2958 3370 3008 ab

1841 3043 2059 3095 exordio
2080 3042 2356 3096 lectionem
2385 3057 2532 3095 suam
2559 3082 2573 3105 ,
2604 3042 2783 3096 volens
2826 3043 2995 3111 legere
3033 3046 3167 3099 sicut
3206 3045 3367 3111 ptius.

213 3123 543 3179 ﬂuvii’Rhcni
570 3165 585 3189 ,
625 3126 711 3178 ubi
753 3135 949 3193 septem
992 3128 1145 3181 annis
1164 3129 1438 3181 habitavit.
1469 3127 1742 3183 Secundus
1772 3122 1812 3181 C
1844 3131 2139 3198 Praceptor
2167 3139 2338 3183 autem
2380 3139 2592 3184 sanctus
2620 3131 2819 3183 distulit
2844 3146 2961 3182 eum
3008 3132 3294 3199 paululum,
3319 3145 3374 3187 et

214 3218 427 3264 vocatur
468 3212 800 3279 A‘ttlngohem
827 3213 974 3281 juxta
1003 3229 1208 3269 amnem
1227 3216 1400 3269 ‘Fehta
1432 3230 1455 3255 ο
1478 3257 1491 3279 ,
1532 3218 1621 3270 ubi
1650 3219 1743 3270 ha-

213 3299 399 3354 bitavit
425 3302 578 3357 annis
602 3301 771 3357 tribus
802 3321 814 3356 :
843 3318 945 3371 quo
977 3305 1027 3358 in
1056 3305 1171 3359 loco
1212 3308 1440 3374 primum
1466 3307 1625 3374 capit
1649 3308 1744 3359 ba-

216 3387 337 3441 bere
365 3388 674 3459 discipulum
708 3390 916 3443 nomine
943 3390 1299 3445 Gembertnm.
1347 3393 1556 3447 Tertius
1598 3393 1743 3446 locus

216 3473 505 3542 appellatur
538 3472 752 3537 Felisa',
792 3478 877 3542 qui
908 3478 1120 3544 propior
1143 3486 1261 3531 erat
1287 3480 1527 3546 gentibus
1567 3487 1619 3532 et
1650 3495 1744 3547 pa-

216 3562 383 3628 ganis,
415 3560 505 3614 ubi
531 3560 697 3614 tribus
725 3562 965 3615 similiter
1014 3566 1166 3618 annis
1193 3566 1402 3618 mansit.
1433 3567 1559 3619 Post
1598 3570 1693 3621 hos
1725 3608 1739 3630 ,

216 3647 446 3713 inquam,
480 3647 730 3701 tredecim
779 3664 943 3701 annos
990 3650 1113 3703 dum
1158 3652 1457 3706 admonitus
1482 3670 1512 3706 a
1542 3654 1648 3708 Deo
1673 3655 1739 3708 ad

216 3730 410 3785 “assos
433 3741 488 3785 et
510 3732 797 3803 Turingeos
821 3736 1101 3791 orientales
1141 3739 1377 3806 regiones
1419 3740 1741 3794 Francorum

217 3819 315 3871 iter
365 3833 521 3887 agere
565 3821 809 3887 capisset
856 3822 1225 3875 lucrandorum
1278 3824 1384 3876 Deo
1436 3827 1743 3893 pepulerum

215 3921 391 3969 causa,
422 3907 659 3973 pervenit
700 3907 764 3959 ad
791 3906 1098 3960 Palatiolum
1135 3908 1151 3945 τ
1187 3912 1559 3963 monasterium
1587 3914 1746 3981 virgi-

217 4007 335 4044 num
378 4006 540 4060 prope
569 3992 812 4047 Treveris
839 3994 1100 4047 civitatem
1126 4034 1139 4057 ,
1167 3997 1216 4047 in
1245 3997 1354 4064 ripa
1384 3996 1609 4052 fluminis
1639 4000 1744 4053 Μο-

216 4081 349 4135 sella
376 4120 391 4144 ,
444 4082 530 4136 cui
571 4089 693 4135 tunc
728 4094 951 4150 praerat
976 4083 1236 4136 abbatissa
1266 4086 1473 4136 nomine
1500 4085 1699 4139 Addula
1727 4128 1740 4150 ,

222 4168 461 4238 religiosa
495 4167 644 4221 valde
680 4174 734 4220 et
780 4168 967 4222 timens
995 4169 1176 4223 Deum.
1210 4170 1334 4235 Qua
1360 4187 1481 4225 cum
1530 4173 1745 4227 vidisset

282 4330 307 4357 ι
336 4317 609 4370 Trevirum
631 4315 790 4369 fuisse
810 4317 972 4369 aiunt.
986 4316 1195 4370 Patrem
1215 4318 1398 4371 habuit
1418 4320 1739 4383 Albericnm,

218 4384 987 4473 inffavnumhdmemoratum,
1018 4386 1105 4452 qui
1136 4386 1186 4473 in
1218 4394 1532 4473 testamento.
1567 4389 1740 4473 Adela
1770 4416 1814 4473 D

218 4452 494 4505 abbatissa
522 4451 760 4504 Palatioli
805 4451 1046 4509 superius
1084 4454 1148 4503 ad
1196 4468 1389 4506 annum
1440 4455 1540 4507 754
1574 4456 1738 4509 relato

220 4516 549 4597 (ξαινοιρρὶῳ
586 4526 712 4571 tom.
741 4516 1048 4597 nBXEXVIl)
1069 4559 1082 4580 ,
1108 4520 1275 4597 ipsius
1299 4520 1472 4597 Adela
1500 4522 1633 4597 filius
1662 4525 1739 4575 di-

218 4585 382 4654 citur;
405 4583 572 4654 Adela
589 4600 713 4654 vero
738 4583 840 4654 filia
864 4583 1144 4654 Dagoberti
1163 4590 1317 4654 regis,
1348 4589 1735 4641 Austrasiornm

220 4652 460 4714 scilicet,
505 4653 579 4704 uti
617 4652 975 4719 Henscbenius
1010 4652 1398 4719 interpretatur.
1441 4654 1594 4708 Certe
1632 4657 1737 4708 Ad-

222 4720 334 4791 tlula
364 4719 454 4791 hic
478 4734 619 4772 num.
645 4721 676 4772 5
699 4718 1092 4791 Αιῠςξᾳ-ἰηηιίιιειν
1114 4758 1127 4781 ,
1150 4718 1391 4791 Gregorii
1418 4723 1533 4791 avia
1550 4726 1733 4791 appel-

222 4786 373 4836 latur.
421 4785 582 4838 Porro
625 4787 757 4851 apud
804 4786 1118 4838 Willelmum
1180 4785 1373 4839 "etiam
1421 4790 1469 4841 in
1509 4785 1734 4844 Historia

224 4851 543 4919 Trajectensi
572 4851 864 4919 Gregorius
881 4863 1099 4905 matrem
1130 4855 1371 4907 habuisse
1414 4856 1578 4908 fertur
1621 4874 1737 4909 san-

223 4927 355 4969 etam
393 4917 716 4971 Wastradem
740 4956 755 4979 ,
810 4920 873 4968 in
898 4920 1115 4973 ecclesia
1156 4922 1450 4974 Susterensi
1499 4924 1739 4976 iliacesis

224 4984 551 5051 Leodicensis
580 4990 903 5051 humatam,
928 4986 1073 5051 cujus
1118 4988 1304 5041 festum
1342 4990 1635 5043 celebratur
1665 5008 1736 5043 tut

224 5050 435 5172 ξὶἒὶειιά.
479 5053 718 5121 Augusti.
763 5052 835 5105 Dc
876 5050 1111 5120 Gregorii
1153 5054 1402 5110 fratribus
1427 5058 1559 5110 infra
1591 5074 1733 5111 num.

288 5184 451 5255 l[Nisi
481 5186 766 5255 hosannos
802 5196 1068 5255 computes
1096 5203 1124 5239 a
1153 5189 1341 5255 prima.
1371 5192 1535 5243 sancti
1582 5192 1735 5244 Boni-

225 5250 341 5304 facii
379 5251 699 5319 profectione
740 5254 792 5305 in
829 5250 1069 5313 Frisiam.
1110 5250 1194 5308 hic
1222 5267 1736 5311 numerusconstare

226 5332 324 5369 non
354 5319 580 5393 poterit_;
633 5320 909 5387 siquidem.
936 5322 986 5373 in
1017 5323 1599 5393 secunda__profectione
1644 5343 1737 5393 per

229 5393 329 5437 tres
348 5400 511 5438 annos
533 5388 786 5440 duntaxat
807 5397 1039 5441 moratus
1059 5392 1208 5441 estin
1233 5388 1395 5443 Frisia
1418 5388 1734 5451 Bonifacius,

144 5474 153 5480 -
229 5452 581 5572 ςιιιιρίιιιὲηἶβη
607 5454 909 5523 Turingiam
944 5470 998 5507 se
1028 5456 1291 5509 conferret
1317 5496 1329 5519 ,
1364 5467 1419 5510 ut
1446 5468 1647 5511 constat
1673 5475 1736 5511 ex

230 5532 384 5572 tostus
453 5534 481 5572 c
507 5534 570 5572 is.

306 5529 384 5572 ius
409 5529 570 5573 Actis.

230 5532 315 5621 me
346 5586 449 5640 liae
477 5596 578 5654 est,
607 5588 750 5661 sinus
775 5590 935 5643 maris
959 5589 1251 5644 Germanici
1283 5590 1416 5644 inter
1440 5594 1660 5647 Batavos
1686 5603 1737 5647 et

1840 3219 1974 3271 dixit
2001 3235 2012 3268 :
2045 3217 2155 3269 Non
2184 3217 2273 3278 ita,
2306 3216 2399 3280 fili,
2421 3232 2598 3284 quaro
2636 3227 2694 3270 ut
2739 3219 2886 3271 dicas
2920 3204 3047 3273 mihi
3098 3219 3369 3271 lectionem

1844 3316 2003 3369 tttam,
2036 3306 2127 3359 sed
2156 3306 2441 3372 secundum
2491 3307 2863 3374 proprietatem
2904 3306 3104 3375 lingua
3144 3315 3243 3359 ture
3269 3345 3284 3369 ,
3318 3314 3381 3360 ct.

1841 3393 2125 3446 secundum
2172 3392 2463 3444 naturalem
2514 3402 2789 3460 parentum
2847 3402 3051 3446 tuorum
3107 3392 3365 3459 loquelam

1841 3482 2070 3533 edissere
2096 3480 2222 3531 mihi
2249 3494 2363 3545 qua:
2392 3479 2538 3548 legis.
2584 3479 2693 3531 llac
2733 3479 2817 3532 ille
2847 3480 3045 3532 ratione
3074 3479 3364 3543 convictus,

1841 3567 2110 3621 confessus
2129 3568 2352 3634 estquia
2388 3581 2491 3620 non
2533 3575 2707 3635 posset
2757 3566 2948 3620 facere.
2992 3565 3216 3621 Sanctus
3242 3583 3367 3624 vero

1842 3654 1913 3705 ait
1941 3652 2236 3705 Bonifacius
2268 3669 2279 3703 :
2313 3652 2425 3715 Vis,
2455 3651 2525 3704 fili
2552 3691 2566 3714 ,
2597 3659 2654 3704 ut
2682 3666 2777 3719 ego
2807 3652 2898 3705 tibi
2941 3653 3151 3705 dicant?
3201 3654 3327 3706 Volo
3352 3693 3367 3716 ,

1842 3741 2026 3807 inquit.
2075 3741 2233 3793 Tunc
2268 3738 2453 3792 beatus
2504 3739 2802 3792 Bonifacius
2844 3757 2854 3790 :
2888 3741 3082 3808 Repete
3108 3781 3121 3803 ,
3152 3742 3258 3804 ait,
3302 3744 3369 3795 ab

1841 3830 2055 3883 exordio
2080 3828 2354 3881 lectionem
2383 3836 2543 3887 tuam,
2576 3836 2629 3878 et
2652 3827 2876 3879 discrete
2903 3827 3032 3895 lege.
3070 3826 3217 3890 Quod
3244 3829 3365 3879 dum

1844 3916 2055 3977 faceret,
2081 3930 2300 3967 exorsus
2325 3926 2406 3966 est
2432 3900 2920 3981 sancttts'ntagislcr
2942 3954 2954 3975 ,
2988 3923 3040 3966 et
3065 3914 3205 3967 clara
3242 3929 3371 3967 voce

1840 4003 1993 4069 C(Bpil
2026 3999 2308 4067 praedicare
2336 4008 2386 4050 et
2416 3999 2569 4051 matri
2597 4007 2649 4050 et
2676 3999 2817 4050 omni
2845 3998 3071 4052 familia.

1908 4089 1956 4139 .i.
1990 4086 2113 4151 Qua
2139 4085 2438 4152 pradicatio
2463 4100 2525 4137 ex
2546 4100 2648 4152 quo
2670 4084 2808 4137 fonte
2827 4086 3168 4153 proceSserit,
3199 4087 3368 4140 claret

1842 4176 1892 4225 in
1922 4173 2262 4226 conversione
2294 4170 2530 4239 Gregorii
2574 4171 3085 4238 ingeniosi-pueriet
3125 4172 3327 4239 sagacis
3352 4213 3365 4233 .

1840 4318 2036 4370 Frisios
2069 4318 2381 4377 bodiernos,
2414 4318 2463 4369 in
2489 4330 2645 4383 quem
2670 4316 2839 4369 Rheni
2884 4316 3066 4370 alveus
3098 4318 3371 4371 orientalis

1840 4402 1958 4439 cum
2002 4385 2129 4437 ls'ala
2172 4384 2306 4453 apud
2344 4385 2658 4453 Gampenam
2685 4385 2866 4453 urbem
2900 4384 3085 4447 influit,
3114 4399 3268 4451 quem
3298 4386 3369 4437 la-

1841 4468 1957 4506 cum
1990 4453 2178 4505 accola
2206 4451 2351 4504 inare
2378 4452 2618 4504 Australe
2652 4451 2928 4517 appellant.

1907 4520 1931 4558 ά
1963 4520 2448 4597 κνθτιίίιηορρίιιυιη,
2474 4534 2610 4597 nunc
2636 4519 2856 4597 Ciesaris
2886 4518 3104 4597 insulaun
3123 4520 3365 4597 adHRhe-

1840 4602 1961 4639 num
1982 4626 1995 4647 ,
2044 4584 2234 4639 medio'
2255 4584 2448 4637 itinere
2489 4586 2625 4637 inter
2660 4584 2926 4637 Coloniam
2956 4595 3009 4638 et
3042 4586 3319 4638 Wasaliam
3348 4629 3359 4649 ,

1841 4655 2073 4720 reliquiis
2098 4655 2262 4706 sancti
2298 4653 2558 4705 Suidberti
2581 4654 2809 4719 episcopi
2828 4652 3155 4710 decoratum.
3182 4654 3364 4705 distin‘

1839 4724 2095 4789 guentinm
2139 4738 2166 4772 a
2219 4721 2386 4772 Vorda
2422 4720 2611 4787 oppido
2632 4721 2941 4772 Batavorum
3001 4721 3066 4771 ad
3125 4720 3364 4773 llhenutn

1840 4792 2016 4842 itialem
2042 4791 2217 4843 situm.

1911 4872 1932 4893 σε
1982 4856 2140 4906 Fi-itta
2183 4855 2350 4906 amnis
2394 4870 2495 4905 non
2558 4856 2739 4921 procul
2782 4854 3121 4907 Vullenhovio
3170 4854 3364 4920 oppido

1837 4925 2005 4975 influit
2035 4924 2082 4973 in
2130 4922 2542 4975 Flevantlacutn
2571 4962 2583 4985 ,
2621 4925 2708 4989 qui
2748 4924 2942 4974 Frisios
2976 4936 3002 4972 a
3033 4922 3242 4973 Batavis
3288 4924 3363 4974 tli-

1838 4991 1997 5043 rituit.

1914 5059 1931 5093 ί
1962 5058 2015 5108 ln
2053 5057 2370 5123 pralaudato
2422 5065 2729 5109 testamento
2784 5057 2943 5111 Adela
2989 5058 3183 5111 dicitur
3214 5070 3364 5109 acce-

1840 5126 1976 5192 pisse
1998 5124 2165 5192 locum
2177 5123 2491 5192 ‘Palatiolum
2518 5140 2546 5175 a
2576 5124 2793 5192 Pippino
2820 5126 3015 5191 majore
3043 5126 3227 5177 domus
3246 5138 3363 5189 per-

1842 5190 2125 5243 mutatione
2170 5190 2304 5242 facta
2332 5230 2344 5249 ,
2378 5192 2549 5257 ibique
2578 5190 2869 5243 condidisse
2908 5190 3280 5243 monasterium
3309 5192 3361 5243 in

1838 5261 2085 5325 honorem
2116 5267 2307 5325 sancta
2332 5258 2503 5310 Maria:
2522 5258 2741 5322 virginis
2768 5270 2820 5310 et
2848 5258 3202 5325 apostolorum
3223 5259 3362 5311 Petri

1835 5334 1889 5377 et
1914 5324 2077 5392 Pauli,
2110 5324 2159 5375 in
2197 5340 2299 5392 quo
2338 5343 2355 5373 ι
2390 5325 2758 5377 monacharum
2780 5324 3280 5392 coetum-disciplina
3306 5334 3359 5376 et

1838 5391 2014 5459 regula
2046 5394 2218 5459 sancti
2248 5391 2511 5443 Benedicti
2540 5392 2823 5444 viventium
2854 5391 3170 5459 aggregavit.
3211 5412 3227 5441 ι
3256 5391 3357 5459 iste

1836 5456 1981 5512 locus
2020 5458 2083 5509 ab
2111 5458 2237 5510 urbe
2276 5460 2474 5511 distans
2519 5473 2765 5525 passuum
2800 5456 3036 5512 circiter'
3058 5460 3153 5509 tria
3196 5456 3361 5525 millia

1840 5530 1890 5579 in
1922 5527 2345 5591 septentrionem,
2404 5543 2540 5579 nunc
2591 5526 2850 5581 moenibus
2893 5535 3094 5589 auctus,
3146 5524 3367 5579 canonis

1840 5608 2019 5647 cornnt
2047 5592 2260 5659 collegio
2286 5594 2463 5647 cessit.
