3886 6228
545 311 635 341 δέω

1265 289 1320 343 S.
1355 287 1715 344 LUDGERUS
1754 284 2494 339 MllillGARDEFORDENSlS
2531 285 2912 341 EPISCOPUS.

3585 289 3690 343 τεῦ

538 403 660 468 quia
689 415 792 452 non
832 400 897 452 ab
927 401 1151 452 humana
1203 398 1446 451 facundia
1478 437 1492 462 ,
1523 412 1639 464 quae
1666 394 1965 463 frequenter
1991 393 2054 445 ad
2082 395 2129 452 Α
2155 394 2284 445 nihil
2312 403 2428 446 erat
2452 395 2503 446 in
2531 409 2687 446 causa
2715 412 2727 444 :
2757 395 2847 446 sed
2874 397 2971 448 hoc
3003 395 3124 448 fecit
3167 395 3362 449 artifex
3411 413 3645 452 summus
3664 437 3684 460 .

537 499 745 556 tempus
778 487 1001 548 deludit,
1029 485 1119 539 sed
1147 499 1210 539 ex
1253 485 1483 552 Spiritus
1527 483 1694 536 sancti
1745 481 1942 550 gratia,
1974 494 2054 532 se-

538 575 761 628 cundum
804 575 1116 641 promissum
1156 570 1456 638 Evangelii,
1501 571 1552 620 in
1593 569 1802 621 modum
1828 566 2054 618 ﬂuminis

540 678 687 730 aqua:
713 662 840 714 vivae
868 660 933 712 de
967 667 1149 712 ventre
1183 656 1329 709 fluxit
1356 657 1584 709 doctoris
1627 654 1800 724 (Joan.
1846 655 1938 719 vn)
1965 668 1978 704 :
2003 660 2057 703 et

539 765 633 803 cor
654 748 882 817 prudens
909 761 971 798 ac
995 746 1158 799 docile
1185 747 1330 813 pueri
1355 743 1589 811 Gregorii
1621 751 1764 793 tanta
1790 741 1978 791 virtute
2005 746 2058 790 et

518 836 812 889 velocitate
845 835 1181 900 penetravit,
1199 841 1257 884 ut
1285 831 1350 882 ad
1379 845 1533 881 unam
1571 827 1815 894 incogniti
1843 835 2059 877 eatenus

542 922 775 989 magistri
801 921 1215 973 exhortationem
1257 926 1310 970 et
1335 916 1748 984 praedicationem
1788 912 2056 964 oblivisce-

541 1022 684 1064 retur
718 1021 772 1065 et
797 1020 1072 1079 parentum
1102 1019 1157 1062 et
1180 1007 1360 1076 patria:
1411 1023 1424 1057 :
1470 1007 1683 1072 ipsaque
1719 1004 1844 1054 hora
1875 1039 1892 1062 ,
1935 1001 2057 1052 dum

538 1099 848 1165 complesset
891 1097 1138 1164 magister
1184 1102 1395 1146 sanctus
1431 1092 1850 1160 praedicationem
1889 1102 2055 1147 suam,

541 1190 723 1241 nolens
749 1187 816 1238 ab
840 1201 902 1238 eo
921 1186 1055 1237 ultra
1083 1182 1328 1252 disjungi,
1359 1183 1450 1233 ivit
1476 1182 1539 1232 ad
1562 1180 1728 1231 aviam
1754 1192 1900 1229 suam
1930 1190 2060 1242 prm-
2095 1191 2110 1199 ·

541 1277 733 1329 dictam
773 1276 1087 1328 abbatissam
1133 1271 1481 1324 venerabilem
1526 1267 1808 1327 Addulam,
1843 1265 2020 1317 dicens
2044 1301 2057 1325 ,

539 1382 595 1420 se
620 1365 752 1418 velle
774 1379 892 1417 cum
915 1362 1123 1414 homine
1147 1373 1384 1428 pergere,
1400 1367 1453 1410 et
1474 1357 1535 1409 ad
1562 1354 1834 1408 discendos
1861 1352 2062 1405 divinos
2123 1359 2126 1362 '

541 1455 702 1505 libros
745 1449 1105 1516 discipulatum
1133 1449 1246 1514 ejus
1273 1447 1468 1497 subire.
1494 1445 1560 1494 At
1586 1444 1717 1508 ipsa,
1747 1439 1944 1492 carnali
1980 1436 2060 1488 af-

541 1539 678 1594 fectu
721 1537 1038 1598 constricta,
1082 1535 1219 1586 illico
1265 1532 1456 1599 repulit
1493 1545 1641 1590 eum,
1673 1539 1724 1580 et
1751 1523 2066 1578 omnimodis

542 1627 640 1678 hoc
665 1624 777 1678 fieri
803 1637 954 1690 posse
981 1622 1171 1682 renuit,
1199 1621 1319 1685 quia
1347 1620 1525 1684 utique
1565 1631 1666 1668 non
1693 1621 1869 1666 nosset
1896 1611 2063 1664 bomi-

2152 495 2284 532 unus
2305 490 2459 546 atque
2485 480 2620 533 idem
2657 481 2871 547 spiritus
2910 482 3017 543 Dei,
3044 483 3131 548 qui
3158 484 3338 566 or‘nnia
3363 497 3611 551 operatur
3632 489 3681 538 in

2151 569 2412 630 omnibus,
2440 569 2673 621 dividens
2696 569 2911 636 singulis
2931 580 3085 636 prout
3101 572 3229 623 vult.

2221 657 2270 708 5.
2317 656 2462 710 Tune
2501 657 2652 710 electi
2704 658 2797 710 Dei
2836 659 2936 711 iter
2979 660 3332 714 desideratum
3377 674 3688 728 peragentes

2152 751 2406 794 venerunt
2459 742 2823 810 Thuringiam.
2867 743 3032 797 Porro
3079 746 3146 796 ad
3190 759 3530 814 augmentum
3561 753 3686 803 boni

2155 832 2258 893 sui,
2287 841 2338 884 et
2366 833 2428 884 ad
2451 833 2886 898 comprobandam
2910 834 3100 886 mentis
3124 849 3309 887 eorum
3334 842 3685 892 constantiam

2154 928 2208 978 et
2249 919 2714 986 longanimitatem,
2758 921 2810 973 in
2854 929 2997 974 tanta
3039 933 3347 992 paupertate
3379 929 3690 984 invenerunt

2155 1007 2398 1074 populum
2427 1008 2590 1070 illum,
2613 1017 2670 1059 ut
2696 1009 2782 1060 vix
2810 1009 2880 1062 ibi
2907 1011 3042 1065 ullus
3066 1015 3287 1068 haberet
3309 1017 3444 1070 unde
3464 1020 3685 1081 viveret,

2158 1094 2255 1146 nisi
2281 1095 2343 1148 de
2367 1094 2644 1163 longinquo
2668 1112 2852 1164 parum
2882 1100 3006 1166 quid
3033 1101 3304 1170 oiliigeret
3327 1143 3340 1166 ,
3378 1114 3436 1158 ut
3462 1107 3529 1160 ad
3575 1123 3688 1161 mo-

2156 1183 2330 1235 dicum
2378 1192 2585 1250 tempus
2631 1192 2952 1239 sustentaret
3016 1177 3292 1254 penuriam
3337 1207 3504 1245 suam.
3557 1193 3691 1247 ﬁam

2161 1281 2264 1323 tota
2289 1272 2377 1323 illa
2403 1273 2564 1339 regio,
2595 1272 2645 1324 in
2675 1273 2900 1326 conﬁnio
2941 1291 3262 1342 paganorum
3294 1282 3565 1334 rebellium
3592 1299 3686 1350 po-

2160 1358 2284 1420 sita,
2317 1358 2403 1410 illo
2431 1366 2663 1425 tempore
2691 1361 2900 1414 incensa
2927 1374 3044 1416 erat
3069 1374 3122 1416 et
3151 1367 3327 1420 hostili
3373 1385 3526 1421 manu
3569 1388 3687 1424 vas-

2162 1454 2289 1498 tata.
2321 1446 2446 1510 Quae
2493 1458 2666 1499 tamen
2713 1452 2931 1516 penuria
2971 1466 3304 1520 nequaquam
3351 1464 3552 1508 terrere
3593 1474 3687 1525 po-

2161 1541 2301 1586 terat
2327 1535 2596 1588 ministros
2631 1535 2847 1599 Christi,
2903 1547 2961 1590 ut
3010 1541 3076 1592 ob
3128 1540 3179 1592 id
3229 1543 3689 1611 subter-fugerent,

2163 1636 2268 1690 quo
2310 1622 2483 1674 minus
2532 1625 2908 1677 annuntiarent
2938 1627 3015 1678 eis
3043 1641 3196 1680 omne
3233 1631 3505 1683 consilium
3557 1633 3688 1685 Dei:

542 1728 688 1774 netu,
713 1725 880 1777 neque
906 1723 1010 1776 quo
1031 1709 1148 1760 iret.
1178 1705 1281 1758 Sed
1313 1705 1447 1756 sicut
1475 1704 1726 1769 scriptum
1754 1709 1834 1753 est
1865 1717 1876 1750 :
1905 1699 2060 1766 Aqua:

2174 1709 2250 1761 sed
2270 1707 2421 1773 juxta
2452 1710 2745 1777 exemplum
2786 1713 3124 1778 apostolicum
3171 1714 3238 1783 (Ι
3269 1714 3387 1767 Cor.
3414 1718 3492 1785 tv)
3520 1735 3688 1786 cmpe-

543 1800 716 1853 multw
745 1814 844 1850 non
871 1805 1140 1864 potuerunt
1181 1794 1496 1859 exstinguere
1541 1789 1833 1840 charitatem
1887 1783 2057 1853 (Cant.

543 1887 658 1954 vin)
685 1903 699 1948 ;
725 1874 858 1954 puer
881 1883 1164 1951 Gregorius
1190 1882 1240 1932 in
1270 1879 1532 1948 prOposito
1558 1891 1649 1930 suo
1676 1873 1980 1943 permansit,
2009 1878 2063 1922 et

543 1975 673 2028 dixit
701 1975 764 2026 ad
789 1958 1046 2025 Addulam
1075 1969 1242 2020 aviam
1274 1981 1420 2019 suam
1452 1982 1466 2016 :
1497 1963 1670 2016 Sinon
1692 1961 1772 2012 vis
1791 1959 1917 2010 mihi
1937 1957 2062 2009 dare

543 2079 734 2131 equum
762 2073 821 2114 ut
844 2061 1081 2128 equitare
1107 2058 1300 2126 possim
1330 2069 1453 2108 cum
1475 2067 1537 2105 eo
1562 2090 1576 2113 ,
1621 2049 1840 2117 pedibus
1884 2044 2065 2096 ambu-

545 2153 702 2206 lando
741 2152 936 2215 absque
970 2147 1124 2199 dubio
1148 2145 1337 2197 vadam
1355 2155 1481 2201 eum
1507 2139 1619 2191 illo.
1647 2137 1734 2190 Sic
1764 2149 1887 2202 ergo
1909 2133 2065 2186 alter-

547 2239 713 2294 cando
737 2238 800 2290 de
825 2239 998 2303 ignoto
1020 2234 1206 2286 itinere
1233 2231 1428 2282 diutius
1449 2226 1805 2295 diseeptabant
1829 2224 1894 2276 ad
1937 2223 2066 2274 invi-

551 2338 708 2386 cem:
747 2323 839 2375 sed
883 2320 1088 2372 tandem
1127 2317 1395 2386 praevaluit
1439 2314 1668 2368 charitas
1711 2309 1864 2364 electi
1918 2306 2066 2375 pueri

550 2411 809 2480 Gregorii,
837 2417 986 2473 et,.ut
1010 2409 1219 2477 dignum
1241 2400 1378 2468 erat,
1400 2403 1664 2459 carnalem
1687 2414 1921 2454 amorem
1943 2398 2068 2449 vicit

552 2501 759 2554 dilectio
799 2497 1063 2566 spiritalis.
1103 2495 1296 2554 Videris
1321 2508 1444 2561 ergo
1471 2491 1662 2543 famula
1691 2489 1782 2540 Dei
1825 2484 2021 2538 A-ddula
2052 2523 2066 2546 ,

550 2589 672 2656 quia
698 2588 924 2656 prudens
944 2593 1059 2636 erat
1075 2582 1285 2643 femina,
1304 2581 1534 2633 animum
1554 2574 1882 2630 inﬂexibilem
1897 2572 2066 2642 pueri,

551 2677 693 2729 dedit
725 2675 798 2727 illi
835 2688 1023 2741 pueros
1057 2679 1110 2723 et
1135 2685 1314 2736 equos,
1346 2675 1398 2721 et
1425 2667 1620 2720 dimisit
1648 2680 1768 2718 eum
1802 2665 1877 2715 ire
1904 2674 1926 2700 ιι
1949 2676 2070 2714 cum

551 2771 733 2815 sancto
771 2761 1018 2828 magistro
1055 2760 1106 2811 in
1133 2774 1263 2825 opus
1306 2757 1444 2825 quod
1487 2754 1877 2822 compleverunt
1919 2748 2070 2801 simul

551 2866 714 2920 usque
741 2851 812 2902 ad
848 2857 1085 2902 sanctum
1111 2847 1420 2914 martyrium
1447 2844 1576 2910 ejus.
1615 2840 1882 2907 intelligis,
1907 2839 2073 2890 lector

551 2942 676 3008 pius
689 2947 740 2990 et
761 2938 1007 3006 prudens,
1035 2951 1188 3002 quem
1218 2943 1426 2987 secutus
1466 2932 1534 2984 sit
1572 2931 1767 2982 electus
1793 2942 1921 2996 puer
1944 2926 2073 2979 Gre-

553 3027 729 3093 gorius
765 3025 816 3076 in
846 3024 945 3076 hoc
966 3022 1122 3084 facto,
1147 3029 1204 3072 ut
1237 3018 1542 3072 inconsultis
1567 3015 1870 3084 parentibus
1907 3013 2074 3066 omni-

555 3114 756 3178 busque
795 3110 1118 3178 propinquis,
1153 3115 1203 3160 et
1236 3107 1345 3173 ipsa
1377 3120 1490 3172 qum
1519 3117 1748 3171 praesens
1770 3107 1885 3152 erat
1921 3099 2078 3151 resis-

555 3207 698 3250 tente
720 3197 856 3256 avia,
878 3204 984 3245 tam
1003 3194 1175 3246 subito
1206 3200 1512 3244 mutaretur.
1543 3190 1682 3242 idem
1707 3189 1843 3239 enim
1867 3187 2080 3254 spiritus

556 3286 760 3338 videtur
795 3283 922 3335 mihi
952 3282 1002 3333 in
1043 3282 1143 3332 hoc
1165 3288 1287 3331 tunc
1314 3277 1520 3344 operari
1546 3288 1729 3342 puero,
1759 3273 1845 3340 qui
1874 3279 2080 3338 aposto-

557 3373 636 3424 los
661 3370 854 3422 Christi
882 3379 936 3420 et
955 3368 1343 3434 dispensatores
1369 3361 1734 3430 mysteriorum
1758 3359 1848 3411 Dei
1872 3358 1934 3409 ad
1957 3357 2081 3409 illud

563 3456 906 3510 inﬂammavit
933 3463 988 3506 ut
1018 3455 1080 3505 ad
1107 3468 1267 3504 unam
1293 3466 1472 3503 vocem
1501 3449 1702 3501 Domini
1734 3487 1747 3509 ,
1779 3447 1977 3498 relictis
2000 3460 2081 3496 rc-

562 3545 699 3597 tibus
711 3552 763 3595 et
785 3550 951 3608 patre,
966 3548 1307 3606 sequerentur
1328 3537 1747 3602 Redemptorem.
1761 3534 2082 3598 Contemptis

562 3633 720 3701 igitur
745 3629 1048 3696 parentibus
1071 3635 1124 3679 et
1150 3626 1334 3694 patria,
1351 3624 1693 3690 on‘mibusque
1724 3628 1863 3672 retro
1891 3618 2082 3670 relictis

565 3734 680 3785 qua:
706 3717 988 3768 carnaliter
1016 3713 1236 3766 blandiri
1266 3719 1508 3778 poterant
1531 3710 1690 3762 menti
1722 3707 2082 3767 adolescentis,

564 3805 848 3858 secundum
874 3801 1163 3853 Psalmistze
1193 3799 1357 3866 (Psal.
1401 3798 1507 3865 xvi)
1536 3798 1729 3848 dictum
1755 3796 1937 3847 beatus
1957 3809 2084 3860 puer

566 3894 848 3960 Gregorius
880 3898 1091 3957 propter
1137 3887 1296 3940 verba
1346 3883 1728 3960 labiorumDei
1770 3889 1976 3933 secutus
2006 3888 2086 3932 est

566 3983 679 4034 vias
706 3982 879 4032 duras.
910 3979 1105 4034 Durum
1145 3990 1369 4040 namque
1401 3981 1516 4024 erat
1543 3952 1767 4024 et'valde
1795 3981 2036 4036 asperum
2070 4005 2084 4029 ,

570 4077 628 4121 ut
658 4068 744 4135 qui
769 4067 819 4118 in
848 4063 1012 4131 patris
1037 4063 1191 4116 domo
1212 4061 1426 4112 multum
1452 4058 1628 4110 divitis
1658 4058 1710 4108 in
1738 4057 1872 4123 jocis
1909 4063 1957 4106 et
1993 4055 2084 4105 de-

568 4157 702 4212 liciis
726 4163 844 4207 erat
865 4152 1091 4204 nutritus
1111 4191 1125 4213 ,
1168 4164 1326 4201 unum
1374 4147 1700 4214 peregrinum
1730 4153 1782 4196 et
1810 4156 2086 4211 pauperem

2165 1804 2287 1848 runt
2311 1795 2554 1849 laborare
2582 1797 2823 1850 manibus
2848 1800 2957 1851 suis
2981 1814 3094 1866 quae
3122 1816 3253 1868 opus
3295 1814 3448 1855 erant
3492 1806 3592 1856 sibi
3641 1816 3690 1858 et

2166 1885 2242 1935 eis
2271 1885 2358 1950 qui
2387 1899 2504 1937 cum
2534 1886 2634 1940 illis
2656 1895 2825 1949 erant,
2855 1899 3011 1956 atque
3036 1906 3154 1942 cum
3178 1891 3264 1943 illo
3289 1893 3473 1963 populo
3499 1895 3550 1946 in
3583 1904 3688 1948 ten-

2169 1969 2450 2025 tati‘onibus
2476 1974 2584 2027 suis
2609 1973 2830 2028 ﬁrmiter
2854 1991 3178 2044 permanere,
3206 1987 3257 2031 et
3284 1980 3690 2050 circumquaque

2167 2061 2496 2128 praedicando
2522 2062 2745 2116 invitare
2771 2065 2836 2116 ad
2869 2065 3102 2119 caelestia
3153 2081 3334 2135 regna.
3373 2068 3427 2119 ln
3459 2069 3544 2122 his
3568 2084 3690 2139 ergo

2169 2147 2355 2200 studiis
2381 2158 2778 2215 perseverantes
2803 2190 2818 2213 ,
2854 2153 3138 2205 secundum
3169 2153 3388 2206 formam
3414 2156 3692 2222 primitivz

2170 2233 2418 2285 Ecclesia:
2445 2242 2561 2285 erat
2583 2234 2661 2287 eis
2688 2250 2781 2287 cor
2807 2251 2967 2288 unum
2995 2243 3048 2288 et
3074 2238 3247 2289 anima
3282 2254 3381 2291 una
3412 2242 3542 2306 (Act.
3578 2242 3647 2308 tv)
3670 2259 3686 2304 ;

2172 2329 2225 2372 et
2240 2322 2464 2388 augebat
2489 2321 2626 2374 Deus
2652 2323 2884 2389 quotidie
2905 2323 3176 2392 multiplici
3198 2340 3432 2391 numero,
3456 2330 3540 2394 qui
3563 2329 3690 2382 salvi

2174 2406 2360 2459 ﬁerent
2388 2409 2440 2459 in
2469 2409 2713 2476 idipsum.

2241 2495 2291 2548 6.
2326 2497 2472 2549 Tunc
2503 2497 2643 2549 fama
2678 2500 2844 2552 sancti
2875 2501 3111 2568 magistri
3157 2509 3209 2553 et
3255 2500 3414 2554 futuri
3448 2507 3687 2571 martyris

2141 2582 2425 2635 -Bonifacii
2471 2584 2631 2650 ccepit
2665 2584 2871 2637 dilatari
2914 2601 3008 2652 per
3033 2589 3207 2639 omnia
3243 2589 3506 2640 orientalia
3533 2605 3686 2659 regna

2175 2668 2517 2720 Francorum.
2581 2668 2749 2737 Cmpit
2801 2685 3008 2737 quoque
3052 2680 3104 2723 et
3149 2673 3348 2726 electus
3397 2673 3689 2728 adolescens

2177 2755 2460 2822 Gregorius
2505 2757 2556 2807 in
2602 2756 2913 2823 discipulatu
2959 2755 3074 2822 ejus
3116 2759 3375 2825 prolicere
3437 2770 3588 2814 atate
3637 2773 3689 2814 et

2177 2842 2449 2910 sapientia,
2478 2852 2530 2896 et
2565 2844 2614 2895 in
2645 2852 2845 2896 tantum
2883 2846 3125 2898 amabilis
3155 2847 3266 2898 fieri
3299 2849 3542 2916 magistro
3571 2889 3586 2911 ,
3637 2857 3688 2900 ut

2179 2933 2326 2999 quasi
2373 2933 2582 2985 unicum
2631 2932 2791 2984 ﬁlium
2815 2947 2936 2985 eum
2973 2934 3246 3002 diligeret,
3278 2933 3382 2999 iam
3412 2935 3684 3000 adjutorem

2174 3019 2378 3072 ﬁdelem
2403 3019 2544 3070 illum
2567 3020 2768 3071 habens
2794 3021 2843 3071 in
2870 3022 3008 3072 omni
3032 3037 3191 3088 opere
3216 3022 3372 3074 bono.
3407 3023 3498 3075 llic
3520 3032 3689 3076 autem

2177 3115 2348 3159 tantus
2365 3105 2626 3174 profectus
2661 3106 2942 3160 electorum
2975 3109 3063 3160 Dei
3095 3123 3194 3161 non
3229 3119 3311 3162 est
3341 3111 3567 3163 initiatus
3593 3125 3682 3178 per

2173 3193 2490 3260 Opulcntiam
2519 3201 2573 3246 et
2597 3195 2888 3246 mundanas
2915 3195 3152 3256 delicias,
3183 3211 3352 3262 neque
3380 3213 3470 3264 per
3497 3199 3682 3248 securi-

2175 3291 2336 3334 tatem
2381 3290 2433 3334 et
2467 3283 2868 3348 prosperitatem
2898 3283 3016 3332 vitm
3045 3282 3300 3343 mortalis,
3334 3284 3420 3335 sed
3447 3285 3493 3334 in
3521 3283 3648 3336 fame
3667 3323 3681 3343 ,

2176 3379 2229 3422 et
2252 3372 2506 3432 nuditate,
2530 3378 2582 3422 et
2607 3370 2872 3421 laboribus
2915 3371 3110 3422 multis.
3150 3371 3202 3421 ln
3241 3368 3687 3436 quiius'omnibus

2177 3469 2228 3511 et
2251 3475 2408 3526 opere
2436 3457 2679 3511 niaitttum
2709 3458 2883 3510 vivere
2909 3459 3246 3526 cogebantur,
3265 3469 3317 3510 ct
3332 3474 3686 3525 nonnunquam

2177 3545 2402 3596 vicinam
2430 3560 2746 3613 paganorum
2769 3546 3182 3611 persecutionem
3209 3547 3276 3598 ob
3301 3557 3488 3597 metum
3513 3547 3683 3598 mortis

2179 3648 2295 3683 cum
2325 3633 2511 3698 popqu
2537 3631 2688 3684 simul
2711 3631 2760 3683 in
2781 3633 3046 3684 civitatem
3078 3631 3280 3701 fugere,
3307 3634 3477 3700 ibique
3504 3635 3552 3685 in
3574 3643 3686 3686 arto

2181 3732 2313 3784 pane
2342 3726 2393 3768 et
2420 3717 2673 3783 angustiis
2717 3731 2810 3783 per
2856 3717 2966 3769 dies
3007 3717 3184 3784 plures
3216 3718 3452 3771 habitare
3475 3759 3488 3780 ,
3531 3719 3680 3771 donec

2181 3804 2394 3857 collecta
2447 3804 2776 3858 multitudine
2819 3819 2941 3856 snas
2974 3806 3113 3858 cives
3144 3821 3300 3858 manu
3339 3807 3577 3859 validiore
3599 3821 3686 3859 eos

2182 3893 2370 3944 iterum
2398 3890 2852 3959 effugarent.-=-lioc
2889 3906 3018 3959 ergo
3038 3903 3304 3944 certamen
3338 3895 3574 3960 quoniam
3595 3909 3684 3962 per

2183 3980 2482 4031 innumeros
2531 3979 2672 4029 vicos
2709 3978 2844 4029 inter
2869 3993 3099 4044 paganos
3127 3987 3180 4030 et
3201 3978 3524 4033 Christianos
3545 3995 3676 4048 gerr-

2183 4065 2357 4126 batur,
2387 4065 2581 4116 idcirco
2607 4063 2727 4115 hinc
2753 4071 2805 4114 et
2838 4065 2954 4116 inde
2977 4079 3162 4132 magna
3193 4081 3318 4133 pars
3347 4067 3596 4133 regionum
3620 4065 3677 4115 il-

2185 4149 2351 4200 larum
2400 4150 2608 4200 redacta
2645 4159 2759 4200 erat
2806 4149 2857 4201 in
2908 4150 3258 4203 solitudinem.
3317 4153 3368 4204 In
3423 4162 3523 4204 tam
3569 4151 3677 4204 forti

573 4245 834 4298 hominem
863 4237 1444 4306 sequeretur,nesciens
1459 4235 1710 4314 quo'iret;
1734 4241 1784 4284 et
1809 4232 1858 4283 in
1891 4239 2086 4282 tantum
2118 4259 2164 4314 ο
2187 4245 2361 4287 autem
2389 4244 2442 4287 et
2462 4235 2750 4302 periculosa
2779 4236 2831 4287 in
2863 4237 3042 4289 diebus
3079 4237 3180 4288 illis
3204 4238 3550 4292 decertatione
3573 4279 3586 4298 ,
3629 4239 3675 4291 in

577 4333 624 4385 ei
655 4331 889 4382 ohediret
908 4367 922 4390 ,
951 4335 1007 4379 ut
1034 4340 1216 4378 omnes
1247 4324 1375 4375 alios
1396 4324 1629 4374 homines
1652 4330 1706 4372 et
1737 4328 1972 4383 potentes
1998 4333 2088 4370 sa!-
2192 4331 2330 4373 tanta
2376 4338 2544 4390 pugna
2571 4332 2621 4375 et
2649 4324 3038 4389 perturbatione
3083 4324 3440 4377 dimicantium
3475 4326 3676 4394 populo-

575 4418 677 4471 culi
706 4425 760 4469 et
785 4415 1020 4482 pr0prios
1059 4419 1300 4480 parentes
1330 4418 1574 4476 tanquam
1598 4408 1789 4460 surdus
1819 4421 1916 4458 non
1946 4406 2089 4456 audi-

576 4512 675 4565 ret,
703 4501 982 4556 dummodo
1004 4500 1141 4552 illius
1161 4498 1429 4565 prmeeptis
1450 4496 1893 4549 obsecundaretur
1915 4494 1964 4545 in
1986 4508 2091 4544 om.

575 4589 746 4642 nibus.
790 4587 994 4652 Quanta
1021 4585 1159 4638 enim
1185 4585 1467 4636 auctoritas
1505 4583 1709 4634 lucebat
1742 4583 1846 4648 jam
1882 4589 2002 4632 tunc
2038 4580 2088 4631 in

578 4676 754 4728 futuro
782 4683 1012 4740 martyre
1047 4670 1314 4724 Bonifacio
1337 4710 1350 4732 ,
1402 4666 1685 4722 azstimare‘
1707 4669 1822 4734 quis
1869 4669 2095 4734 poterit,

577 4778 693 4830 quae
720 4776 810 4815 cor
832 4761 980 4828 pueri
1005 4768 1111 4811 tam
1137 4760 1306 4812 subita
1331 4757 1689 4810 immutatione
1710 4756 1979 4808 incitavit?
2005 4765 2092 4806 aut

580 4852 696 4915 quis
719 4849 873 4900 ardor
897 4846 1167 4899 charitatis
1194 4846 1258 4897 ad
1285 4845 1626 4897 obedieudum
1653 4844 1825 4909 ignoto
1850 4843 2096 4909 magistro

581 4945 807 4990 mentem
847 4934 1052 5001 juvenis
1091 4933 1446 4992 inﬂammavit,
1477 4940 1532 4981 ut
1557 4931 1724 4981 subito
1758 4929 1945 4980 oblitus
1978 4930 2093 4989 sui,

581 5031 790 5077 secutus
813 5023 880 5074 sit
901 5019 1091 5072 Christi
1121 5034 1398 5086 pauperem
1425 5059 1439 5081 ,
1471 5019 1639 5072 omnis
1669 5018 1937 5070 mutnlanze
1971 5020 2093 5069 sub-

583 5112 788 5164 stantia:
813 5109 1058 5176 inOpem?
1084 5108 1196 5160 Non
1226 5108 1324 5160 hoc
1345 5107 1469 5160 fecit
1489 5122 1635 5160 amor
1659 5108 1771 5159 auri
1801 5116 1852 5158 et
1875 5108 2095 5173 argenti,

586 5213 688 5251 non
711 5196 897 5263 cupido
919 5195 1229 5263 praediorum
1250 5205 1302 5247 et
1324 5196 1545 5263 superba
1566 5193 1836 5259 jactantia,
1880 5209 2098 5260 quorum

655 5351 679 5378 ι
709 5335 764 5389 ld
789 5337 1003 5399 contigit
1030 5351 1163 5386 anno
1188 5334 1380 5388 Christi
1407 5337 1509 5389 722
1536 5377 1549 5399 ,
1596 5353 1712 5390 cum
1762 5338 2095 5399 Bonifacius,

590 5405 800 5456 dimisso
837 5404 888 5455 in
918 5403 1085 5454 Frisia
1119 5403 1468 5465 Willibrordo,
1495 5406 1558 5456 ad
1585 5405 1774 5457 [lassos
1803 5415 1854 5457 et
1882 5407 2100 5458 Thurin-

593 5485 685 5538 gos
704 5485 760 5522 se
786 5471 1037 5523 convertit
1062 5510 1074 5532 ,
1101 5471 1348 5539 Gregorio
1373 5471 1480 5537 jam
1512 5487 1702 5524 annuat
1733 5483 1971 5540 quartum
2016 5476 2098 5525 de-

2189 4428 2332 4472 rum,
2383 4413 2580 4464 clectus
2621 4422 2800 4491 pastor
2847 4413 3145 4468 Bonifacius
3196 4430 3458 4483 nunquam
3495 4429 3679 4468 cessare

2187 4501 2355 4568 potuit
2390 4517 2418 4552 a
2448 4501 2680 4580 custodia
2709 4511 2761 4554 et
2790 4501 3128 4554 instructione
3172 4503 3448 4570 gregissui
3479 4519 3491 4554 :
3519 4517 3677 4554 ventur

2191 4596 2336 4640 tanto
2381 4587 2476 4639 fuit
2515 4577 2837 4640 constantior
2881 4599 2934 4640 et
2974 4589 3206 4655 paratior
3243 4604 3340 4656 pro
3381 4589 3553 4642 ovibus
3582 4588 3681 4640 suis

2191 4675 2416 4724 animam
2447 4687 2594 4725 suam
2622 4686 2816 4740 ponere
2842 4714 2857 4735 ,
2902 4683 3096 4740 quanto
3121 4675 3316 4726 rabiem
3343 4675 3562 4743 luporum
3587 4673 3677 4726 fre-

2191 4764 2432 4828 quentius
2458 4764 2589 4817 vidit
2615 4773 2670 4816 et
2711 4766 2938 4818 atrocius
2977 4765 3267 4816 imminere.
3301 4763 3540 4816 Similiter
3556 4769 3602 4814 et
3627 4761 3676 4812 ii-

2192 4851 2320 4903 delis
2345 4852 2626 4918 discipulus
2669 4852 2782 4917 ejus
2825 4851 3105 4917 Gregorius
3142 4849 3348 4917 adjutor
3375 4847 3676 4916 infatigabilis

2194 4941 2244 4990 in
2273 4953 2428 5004 opere
2456 4938 2548 4990 Dei
2576 4954 2691 4990 cum
2720 4938 2967 5005 magistro
3009 4937 3296 5003 permansit
3320 4925 3608 4988 in'custodia
3631 4943 3694 4990 et,

2194 5024 2497 5083 educatione
2523 5023 2692 5090 gregis
2725 5021 2935 5083 Christi,
2968 5021 3133 5073 factus
3161 5021 3415 5073 secundus
3437 5027 3614 5086 pastor.

2263 5109 2311 5158 Ἰ.
2344 5109 2417 5160 Eo
2445 5123 2606 5173 usque
2634 5116 2808 5160 autem
2837 5109 2948 5160 haec
2976 5108 3045 5158 ita
3069 5107 3403 5173 gerebantur,
3428 5110 3574 5157 donec
3591 5114 3674 5168 per

2197 5197 2416 5264 gratiam
2440 5195 2633 5248 Christi
2664 5194 3010 5260 triumpharet
3043 5191 3341 5246 Christiana
3377 5201 3550 5244 manus
3573 5224 3586 5250 ,
3626 5193 3674 5240 et

2198 5350 2385 5402 cimum
2413 5353 2786 5414 praetervecto,
2832 5346 2916 5411 qui
2969 5341 3184 5411 proinde
3227 5355 3362 5393 anno
3387 5335 3563 5393 Christi
3587 5332 3675 5385 ’ωε

2199 5427 2348 5469 natus
2372 5425 2467 5467 ρει.
