3886 6228
174 441 282 497 7·δῖ

1278 442 1429 495 VITA
1467 441 1524 496 S.
1565 441 1879 496 GRECURII
1921 444 2222 497 ABBATIS.

3224 446 3323 500 7.38

171 565 282 616 pax
315 550 465 618 plena
496 550 584 602 Dei
622 551 867 604 Ecclesiis
902 552 1222 604 redderetur.
1256 550 1320 603 Et
1349 560 1500 603 erant
1544 550 1710 617 magis
1739 557 1782 609 Α
1814 554 2062 620 magistro
2090 554 2139 606 in
2170 554 2310 607 omni
2334 567 2549 621 operum
2574 552 2762 606 virtute
2782 561 2835 606 et
2862 554 3051 609 decore
3074 555 3341 622 sapientia

172 655 237 692 ac
265 639 437 708 magis
463 650 758 693 crescentes
777 655 837 693 ac
860 641 1191 708 proﬁcientes
1220 641 1270 692 in
1295 655 1453 707 Opere
1480 638 1705 699 Domini,

172 725 322 777 sicut
378 726 827 793 inprmseutiarum
852 727 1089 779 cernitur
1112 765 1127 789 ,
1152 725 1605 779 considerantibus
1628 739 1709 778 re-

168 813 365 879 giones
390 813 526 866 illas.
552 814 654 867 Sed
682 814 804 881 quid
836 829 931 866 nos
957 814 1133 867 miseri
1162 852 1175 875 ,
1209 813 1343 881 pigri
1383 820 1437 865 et
1472 813 1669 865 inertes
1696 850 1710 873 ,

169 911 224 951 tn
253 914 389 967 pace
416 901 661 955 Ecclesiae
700 902 790 954 Dei
817 901 1003 954 dicturi
1031 914 1232 962 sumus,
1270 901 1357 967 qui
1405 914 1505 951 non
1542 899 1713 966 gregis

168 987 348 1050 lucra,
386 990 473 1042 sed
498 989 773 1043 commoda
802 998 980 1041 nostra
1013 1003 1219 1054 semper
1246 996 1539 1054 quaerentes
1562 1025 1575 1049 ,
1623 986 1728 1057 vix.

166 1090 409 1142 unquam
446 1076 499 1127 in
530 1077 762 1129 custodia
790 1076 963 1127 ovium
1006 1084 1187 1127 contra
1234 1075 1431 1127 rabiem
1472 1072 1713 1139 luporum

167 1162 253 1213 vel
284 1179 447 1215 unum
470 1163 718 1215 latratum
745 1163 943 1215 minimi
979 1162 1234 1215 sermonis
1252 1160 1579 1213 emittimus?
1603 1158 1710 1226 qui,

166 1252 316 1303 sicut
344 1252 449 1305 dixi
474 1292 487 1313 ,
533 1254 584 1305 in
624 1268 752 1321 pace
792 1252 1037 1305 Ecclesiae
1061 1252 1193 1319 pigri
1220 1266 1399 1304 sumus
1428 1260 1481 1301 et
1505 1262 1714 1302 somno-

169 1339 304 1390 lenti
358 1341 409 1392 in
455 1340 688 1393 custodia
730 1340 920 1407 gregis,
961 1340 1012 1390 in
1056 1337 1217 1391 lueris
1255 1352 1378 1390 vero
1415 1335 1716 1390 carnalibus

166 1424 398 1476 nimium
445 1427 642 1478 strenui
679 1434 731 1478 et
761 1425 1055 1493 pervigiles.
1090 1424 1177 1477 lsti
1221 1412 1395 1477 autem
1434 1424 1497 1475 de
1530 1422 1717 1489 quibus

169 1512 449 1575 loquimur
473 1550 486 1571 ,
518 1511 569 1563 in
602 1520 742 1564 tanta
768 1512 1163 1579 perturbatione
1191 1519 1245 1564 et
1270 1510 1525 1563 bellorum
1548 1516 1718 1561 certa-

167 1600 341 1661 mine,
371 1616 476 1653 non
521 1602 687 1654 solum
736 1602 788 1653 in
839 1602 920 1653 sui
963 1600 1147 1652 intima
1193 1609 1247 1652 et
1291 1607 1437 1652 casta
1481 1598 1716 1651 custodia

168 1691 390 1743 mundis
438 1689 685 1743 cordibus
722 1697 1141 1756 permanserunt,
1175 1687 1266 1741 sed
1293 1687 1452 1739 etiam
1490 1686 1543 1738 in
1571 1684 1719 1737 lucro

168 1779 352 1846 gregis
372 1788 428 1831 et
447 1777 818 1846 discipulorum
841 1776 1167 1831 documentis
1188 1782 1332 1827 tanta
1358 1772 1719 1827 benedictione

1808 641 2014 707 divinae,
2029 643 2314 695 secundum
2343 642 2562 694 formam
2595 643 2849 709 magistri,
2882 659 2909 696 a
2940 659 3043 711 quo
3069 644 3338 699 didicerat.

1808 726 1873 778 Et
1897 728 1973 780 sic
1998 727 2050 780 in
2074 728 2156 781 bis
2194 729 2437 780 omnibus
2456 772 2471 793 ,
2502 730 2787 787 secundum
2815 730 3104 789 Psalmistte
3146 732 3341 786 dictum

1811 812 1978 881 (I’sal.
2008 814 2249 885 unm),
2281 816 2370 883 qui
2396 816 2578 869 electis
2604 816 2694 870 Dei
2725 817 2890 885 legem
2914 820 3056 873 dedit
3076 820 3125 873 in
3146 814 3343 874 virtute

1808 918 2043 970 operum,
2075 905 2216 957 dedit
2254 914 2309 958 et
2349 904 2765 967 benedictionem
2814 908 2865 960 in
2908 908 3342 977 multiplicatione

1808 998 1862 1041 et
1893 988 2127 1055 profectu
2154 990 2525 1056 discipulorum
2554 1008 2567 1041 :
2596 999 2645 1043 et
2675 993 2748 1044 sic
2778 993 2921 1045 ibant
2960 994 3023 1046 de
3056 996 3250 1048 virtute
3288 997 3347 1049 in

1810 1076 2074 1136 virtutem,
2106 1078 2337 1142 quoti.lie
2366 1078 2416 1128 in
2446 1077 2631 1131 melius
2656 1080 2988 1145 proficientes
3021 1090 3072 1134 et
3102 1096 3345 1137 crescen-

1813 1170 1891 1213 tes
1922 1162 1971 1213 in
1998 1164 2137 1214 omni
2166 1178 2324 1231 Opere
2350 1164 2508 1217 bono.

1879 1249 1931 1302 9.
1973 1249 2191 1312 Interea,
2234 1252 2355 1303 dum
2394 1250 2505 1304 lucc
2535 1252 2602 1304 ita
2632 1262 2883 1321 geruntur
2932 1255 2996 1307 ab
3042 1256 3224 1310 electis
3254 1258 3347 1312 Dei

1812 1336 2079 1390 Bonifacio
2106 1347 2155 1390 et
2188 1338 2456 1406 discipulis
2498 1338 2630 1406 ejus,
2673 1352 3040 1395 successerunt
3084 1344 3134 1396 in
3184 1361 3343 1413 regno

1813 1424 1948 1491 patri
1983 1423 2169 1476 Carolo
2198 1426 2422 1493 religiosi
2464 1428 2553 1480 filii
2594 1428 2941 1483 Carlmannns
2984 1440 3035 1484 et
3075 1431 3345 1501 Pippinus,
3388 1440 3389 1443 “

1814 1521 1963 1577 patre
1990 1513 2219 1565 debitum
2250 1516 2506 1567 universa:
2544 1518 2717 1569 carnis
2746 1518 3071 1582 persolvente
3098 1528 3151 1572 et
3181 1529 3351 1574 trans—

1815 1611 1970 1653 eunte
1993 1602 2056 1654 de
2081 1602 2179 1655 boc
2206 1604 2417 1656 mundo.
2446 1604 2590 1657 Tunc
2620 1606 2689 1670 pii
2719 1605 2809 1656 filii
2838 1607 2974 1672 patri
3003 1607 3365 1663 succedentes.

1817 1688 1869 1739 in
1918 1703 2155 1755 regnum,
2198 1690 2317 1756 quia
2358 1690 2434 1743 eis
2480 1692 2707 1757 undique
2752 1706 2844 1759 per
2886 1693 3108 1761 gratiam
3155 1692 3350 1747 Christi

1819 1775 1986 1842 major
2006 1776 2151 1843 quies
2174 1785 2283 1830 erat
2309 1778 2491 1846 largita
2521 1780 2773 1832 bellorum
2804 1796 2958 1847 quam
2986 1780 3171 1834 fuisset
3192 1763 3358 1848 patri,

169 1864 266 1918 Dei
295 1865 503 1918 dilatati
531 1871 668 1925 sunt,
701 1873 755 1917 et
780 1863 991 1933 propria
1020 1862 1291 1931 vigilantia
1321 1876 1416 1929 per
1456 1860 1547 1912 Dei
1575 1859 1721 1926 adju-
1754 1846 1793 1903 Β
1821 1873 2092 1929 cmperunt
2125 1866 2177 1916 in
2210 1880 2370 1933 regno
2414 1880 2527 1927 suo,
2581 1846 2866 1933 inspirante
2912 1865 3038 1929 Deo,
3088 1846 3352 1934 religionis

170 1956 375 2008 torium
405 1953 753 2021 multiplicati.
1130 1962 1137 1969 ‘
1528 2002 1541 2008 ,

243 2046 299 2100 8.
332 2045 483 2097 Tunc
524 2045 727 2111 priores
754 2051 809 2096 et
832 2042 1197 2111 prudentiores
1242 2038 1592 2099 Francorum,
1624 2038 1714 2104 qui

170 2132 406 2185 electum
427 2132 519 2184 Dei
544 2138 827 2199 martyrem
856 2128 1181 2182 Bonifacium
1209 2124 1717 2194 ejusquediscipulos

181 2219 545 2274 venerabilem
574 2216 881 2285 Gregorium
902 2225 957 2270 et
975 2216 1145 2270 socios
1164 2213 1276 2284 ejus
1292 2216 1344 2267 in
1367 2222 1513 2267 tanta
1527 2214 1718 2265 virtute

178 2325 409 2378 operum
434 2317 487 2363 et
509 2308 811 2361 fortitudine
832 2306 1141 2360 constantiae
1165 2319 1320 2358 nosse
1344 2311 1400 2357 et
1428 2301 1719 2369 intelligere

177 2390 500 2465 potuerunt,
540 2401 813 2462 cmperunt
861 2393 938 2445 eis
964 2400 1017 2445 et
1052 2407 1145 2445 sua
1179 2390 1368 2462 oll'erre
1420 2386 1716 2457 diligentius

174 2486 241 2538 de
298 2484 389 2536 die
445 2483 497 2534 in
551 2481 688 2535 diem
713 2520 726 2543 ,
765 2487 823 2547 et
842 2478 1048 2532 laudem
1088 2484 1245 2530 tantae
1285 2474 1624 2530 beatitudinis
1667 2478 1721 2525 et

175 2572 406 2625 unitatis
432 2570 569 2637 apud
608 2583 783 2637 regem
827 2568 1146 2621 Francorum
1192 2566 1450 2619 seniorem
1503 2562 1716 2617 Carlum

178 2675 283 2712 non
316 2659 511 2711 celare.
555 2656 828 2726 Cmpitque
855 2664 910 2709 et
936 2656 1046 2723 ipse
1080 2669 1169 2707 rex
1196 2654 1367 2706 virum
1393 2651 1485 2705 Dei
1510 2648 1720 2705 Bonifa-

176 2748 323 2800 cium
353 2746 489 2801 velle
514 2746 694 2800 videre
717 2784 731 2809 ,
756 2744 1011 2813 iussitque
1038 2758 1155 2797 eum
1183 2743 1360 2796 venire
1406 2742 1472 2794 ad
1512 2755 1588 2794 se.
1621 2738 1721 2804 Qui

178 2851 303 2888 cum
344 2836 611 2897 venisset,
652 2849 756 2887 non
780 2834 958 2888 statim
988 2833 1039 2885 in
1064 2832 1212 2885 initio
1240 2832 1435 2883 honore
1460 2828 1559 2881 sibi
1594 2841 1727 2881 con-

181 2926 345 2994 digno
392 2933 635 2991 receptus
670 2931 751 2975 est
776 2937 803 2973 a
851 2936 993 2990 rege,
1025 2920 1116 2974 sed
1151 2920 1225 2973 sic
1264 2925 1618 2986 competenter
1647 2915 1725 2968 di-

184 3021 323 3067 .stus
354 3032 367 3065 :
402 3012 523 3081 quia
553 3010 763 3065 fuerant
792 3009 1003 3078 quidam
1029 3007 1488 3076 pseudo-doctores
1509 3012 1563 3057 et
1595 3002 1723 3056 adu—

182 3102 407 3165 latores,
442 3101 520 3169 iui
550 3098 742 3153 famam
773 3096 938 3152 sancti
973 3096 1069 3149 viri
1108 3102 1162 3149 et
1196 3092 1561 3161 discipulorum
1606 3088 1719 3155 ejus

183 3192 470 3247 ebfuscare
496 3196 549 3242 et
569 3186 822 3255 impedire
841 3185 1014 3239 conati
1041 3191 1162 3237 sunt
1187 3182 1321 3250 apud
1350 3194 1525 3248 regem
1548 3191 1592 3230 ι.
1619 3178 1719 3231 Ve-

184 3288 489 3333 rumtamen
515 3292 580 3329 ex
607 3276 694 3328 illo
722 3276 805 3329 die
843 3274 1009 3327 erevit
1052 3287 1203 3325 amor
1228 3280 1282 3325 et
1304 3272 1471 3323 honor
1495 3269 1724 3321 hominis

184 3366 276 3420 Dei
304 3374 362 3419 et
391 3362 768 3431 discipulorum
796 3360 910 3429 ejus
931 3359 1066 3427 apud
1094 3371 1297 3420 omnes,
1318 3356 1406 3423 qui
1433 3355 1585 3408 fidem
1613 3354 1725 3407 illo—

186 3469 303 3507 rum
331 3462 391 3507 et
418 3453 581 3505 vitam
608 3450 744 3505 scire
769 3456 824 3503 et
862 3446 1177 3513 investigare
1217 3444 1436 3497 interius
1469 3444 1725 3495 desidera-

184 3544 314 3596 bant
340 3556 357 3594 :
381 3549 438 3594 et
457 3539 609 3607 juxta
650 3537 846 3591 dictum
888 3533 1186 3601 Evangelii,
1210 3530 1494 3597 justilicata
1528 3536 1609 3582 est
1644 3544 1728 3583 sa-

183 3630 387 3698 pientia
418 3642 449 3681 a
491 3626 613 3680 filiis
642 3626 752 3679 suis
778 3622 929 3694 (Luc.
963 3620 1073 3691 ru).
1111 3620 1396 3672 Redierunt
1434 3619 1586 3671 electi
1631 3618 1723 3669 Dei

186 3719 383 3771 iterum
425 3714 489 3768 ad
518 3730 611 3768 sua
632 3753 647 3778 ,
671 3721 725 3767 et
759 3712 812 3765 in
852 3720 1024 3779 empto
1052 3723 1211 3777 opere
1244 3708 1356 3760 sine
1381 3706 1485 3759 ulla
1521 3706 1728 3759 haesita-

189 3807 330 3859 tione
361 3809 730 3873 permanenws
776 3800 830 3853 in
872 3796 1154 3864 Thuringis
1194 3804 1248 3848 et
1296 3794 1347 3846 in
1396 3792 1575 3845 [lassis
1596 3831 1637 3865 ι,
1639 3791 1726 3844 ubi

187 3906 313 3947 tunc
363 3892 617 3959 temporis
666 3890 892 3942 maxime
918 3901 1049 3954 Opus
1078 3894 1193 3937 erat
1240 3882 1475 3935 doctrina
1522 3880 1738 3962 illorum,

187 3983 255 4035 ob
283 3980 611 4034 vicinitatem
640 3989 962 4045 paganorum
998 3980 1050 4024 ct
1088 3972 1348 4023 indoctam
1377 3968 1596 4037 plebem.
1628 3967 1729 4019 lbi-

188 4086 289 4138 que
318 4074 597 4137 coeperunt
639 4066 705 4119 ab
743 4062 1083 4118 offerentibus
1122 4066 1335 4129 propter
1370 4072 1602 4110 amorem
1638 4057 1728 4109 Dei

190 4168 242 4213 et
288 4157 520 4210 salutem
568 4153 861 4206 animarum
906 4164 1120 4203 suarum
1155 4149 1355 4201 modica
1383 4148 1496 4199 loca
1526 4147 1731 4200 territo-

194 4246 382 4313 riaque
424 4241 691 4309 suscipere
714 4278 731 4304 ,
762 4247 816 4293 et
841 4240 893 4291 in
921 4238 999 4290 eis
1028 4236 1279 4289 ecclesias
1303 4244 1636 4297 construere,
1678 4243 1733 4287 et

194 4334 245 4387 In
276 4333 385 4386 hoc
420 4343 630 4399 quoque
662 4341 818 4396 opere
844 4366 859 4390 ,
888 4326 1023 4379 sicut
1050 4333 1101 4377 et
1129 4325 1180 4376 in
1207 4324 1574 4391 prnedicatione
1598 4336 1690 4375 sua
1713 4361 1727 4385 ,

1818 1952 1883 2001 02-2
1907 1950 1986 2002 cia
2024 1950 2273 2003 intentius
2300 1966 2535 2018 qurerere
2572 1961 2624 2004 et
2654 1953 2947 2005 meliorare.
2979 1953 3148 2019 Coepit
3176 1954 3352 2021 ethoc

1818 2040 2001 2091 audire
2028 2040 2212 2093 beatus
2236 2039 2536 2093 Bonifacius
2560 2041 2768 2094 futurus
2792 2053 2991 2111 martyr
3019 2052 3073 2095 et
3111 2042 3351 2113 discipuli

1817 2126 1947 2193 ejus,
1981 2136 2351 2195 coeperuntque
2384 2128 2706 2195 frequentius
2752 2130 3117 2197 approximare
3160 2129 3353 2195 palatio

1819 2228 1975 2279 quam
2015 2211 2279 2279 fecissent,
2319 2222 2371 2268 et
2416 2216 2556 2283 loqui
2586 2233 2704 2270 cum
2732 2219 2961 2286 regibus,
2990 2226 3042 2269 et
3070 2218 3354 2284 praedicare

1820 2302 2104 2354 secundum
2132 2303 2303 2355 datam
2336 2305 2435 2357 sibi
2466 2320 2494 2356 a
2527 2304 2634 2358 Deo
2659 2308 2879 2375 gratiam
2909 2307 3154 2374 populum
3184 2306 3273 2359 Dei
3302 2308 3354 2360 in

1820 2388 1933 2454 ipso
1976 2387 2187 2454 palatio.
2222 2388 2286 2440 Et
2322 2390 2371 2441 in
2405 2397 2600 2441 tantam
2647 2394 2868 2459 gratiam
2916 2403 3170 2446 venerunt
3219 2393 3354 2461 apud

1821 2488 1972 2542 reges
1996 2474 2325 2541 supradictas
2350 2484 2403 2529 et
2430 2491 2636 2530 omnem
2660 2479 2903 2545 populum
2931 2479 3275 2543 Francorum,
3300 2488 3358 2532 ut

1823 2578 2008 2616 omnes
2045 2578 2147 2616 una
2165 2578 2302 2617 a'oce
2337 2565 2571 2618 dicerent
2614 2574 2667 2619 et
2711 2564 3106 2631 concordarent,
3145 2569 3354 2621 beatum
3423 2630 3427 2634 η

1823 2651 2144 2705 Bonifacium
2200 2654 2562 2722 dignissimum
2609 2671 2724 2710 esse
2768 2658 3068 2726 episcopatu
3112 2668 3163 2711 et
3212 2661 3355 2711 omni

1824 2740 2043 2803 honore,
2073 2742 2307 2809 exceptis
2336 2743 2436 2797 illis
2464 2744 2989 2811 pseudo-doctoribus
3027 2745 3052 2783 ι’
3085 2752 3137 2797 et
3180 2744 3357 2798 adula-

1828 2830 2044 2895 toribus,
2088 2846 2220 2899 quos
2264 2834 2503 2900 superius
2544 2835 2649 2887 dixi
2675 2852 2687 2886 :
2710 2837 2802 2907 qui
2833 2845 2880 2887 et
2913 2851 3031 2889 eum
3062 2835 3358 2889 interficere

1826 2921 2108 2987 aliquando
2153 2922 2319 2974 moliti
2364 2933 2512 2986 sunt;
2564 2924 2653 2977 sed
2683 2939 2784 2977 non
2811 2924 3007 2976 dimisit
3031 2938 3149 2976 eum
3180 2923 3359 2975 Domi-
3429 2942 3435 2947 υ

1827 3024 1926 3061 nus
1950 3018 2215 3077 protector
2236 3010 2346 3077 ejus
2368 3012 2545 3065 venire
2568 3012 2619 3065 in
2643 3013 2921 3066 malevolas
2950 3027 3135 3079 manus
3153 3025 3351 3071 eorum,
3398 3017 3411 3028 '

1830 3098 1992 3151 donec
2050 3102 2405 3163 annuntiaret,
2469 3102 2752 3155 secundum
2817 3101 3015 3154 dictum
3068 3099 3357 3152 Psalmistte

1830 3170 1996 3253 (Pul.
2026 3186 2167 3256 Lxx),
2206 3187 2479 3240 brachium
2508 3194 2561 3240 et
2601 3188 2885 3256 potentiam
2918 3187 3007 3239 Dei
3037 3186 3357 3253 generationi

1820 3280 1943 3338 qua:
1982 3282 2201 3325 ventura
2242 3280 2377 3325 erat.
2414 3272 2578 3341 Igitur
2600 3272 2697 3343 ipsi
2729 3274 2823 3326 soli
2853 3282 3121 3340 coeperunt
3151 3280 3360 3324 contra-

1826 3358 1999 3412 dicere
2028 3368 2080 3413 et
2102 3374 2222 3413 eum
2246 3360 2611 3428 blasphemare
2647 3369 2896 3428 quantum
2936 3368 3236 3427 potuerunt,
3275 3367 3355 3408 at-

1828 3460 1929 3512 que
1976 3445 2251 3509 affirmare,
2301 3462 2403 3500 non
2451 3461 2567 3501 esse
2608 3462 2725 3500 eum
2776 3448 2986 3515 dignum
3035 3446 3352 3513 episcopatu.

1826 3533 1961 3601 quod
1984 3534 2291 3601 peregrinus
2318 3542 2449 3587 erat.
2486 3534 2541 3586 ln
2584 3543 2783 3587 tantum
2810 3541 2961 3586 erant
2987 3539 3107 3591 tunc
3134 3532 3357 3585 sanioris

1825 3623 2029 3676 consilii
2058 3623 2176 3676 laici
2217 3638 2374 3690 quam
2417 3622 2613 3686 clerici,
2660 3623 2895 3676 videntes
2933 3623 3234 3689 sapientiam
3263 3621 3359 3674 Dei

1825 3719 1879 3763 ct
1906 3711 2127 3779 gratiam
2159 3725 2273 3764 esse
2305 3711 2360 3763 in
2397 3710 2607 3763 homine
2636 3710 2744 3771 illo,
2770 3718 2827 3761 ut
2854 3724 2955 3777 quo
2983 3708 3201 3775 amplius
3232 3721 3352 3775 per-

1825 3800 2108 3851 versissimi
2154 3798 2262 3860 illi,
2308 3813 2412 3850 non
2466 3798 2575 3851 dico
2624 3798 2868 3865 episcopi,
2920 3797 3107 3863 quibus
3156 3810 3345 3849 nomen

1827 3887 1956 3939 illud
2002 3887 2180 3938 datum
2222 3893 2305 3939 est
2345 3886 2629 3949 immerito,
2669 3899 2787 3937 eum
2834 3886 3129 3953 vituperare
3176 3886 3350 3939 conati

1827 3982 1970 4037 sunt,
1998 3980 2140 4025 tanto
2166 3972 2388 4040 amplius
2413 3972 2713 4040 diligeretur
2738 3973 2803 4024 ab
2828 3972 3088 4034 omnibus,
3118 3980 3169 4024 et
3195 3971 3365 4023 laudis

1826 4062 1924 4113 bus
1949 4059 2239 4121 efferretur,
2277 4060 2611 4127 quoadusque
2633 4060 2685 4111 in
2714 4067 2976 4112 certamen
3001 4059 3237 4110 venirent
3266 4073 3359 4111 co-

1829 4163 1939 4200 ram
1964 4147 2172 4215 regibus
2194 4154 2246 4198 et
2266 4160 2441 4199 coram
2473 4146 2718 4199 universo
2756 4156 2938 4200 senatu
2977 4147 3152 4213 populi
3193 4146 3351 4198 Fran-

1828 4252 2031 4290 corum.
2063 4235 2164 4289 Sed
2196 4226 2321 4302 quid
2359 4249 2490 4301 opus
2533 4243 2614 4287 est
2656 4234 2829 4286 dicere
2872 4235 2936 4286 de
2982 4233 3067 4285 illa
3100 4234 3355 4299 dicepta-

1830 4328 1970 4379 tione
2005 4338 2159 4392 quam
2203 4324 2495 4401 habuerunt
2527 4330 2647 4374 tunc
2682 4322 2748 4375 ad
2777 4322 3016 4385 invicem,
3059 4322 3128 4373 illi
3158 4321 3358 4374 scilicet

195 4433 315 4471 eum
342 4414 710 4471 benedictione
750 4412 841 4466 Dei
869 4412 1105 4465 'mnltum
1134 4409 1387 4479 proficere
1412 4430 1423 4460 ;
1454 4409 1516 4461 de
1545 4408 1731 4475 quibus
1754 4441 1807 4499 Β
1830 4414 2229 4483 perversissimi,
2261 4427 2390 4480 quos
2410 4412 2681 4465 nominare
2713 4412 2852 4475 nolo,
2879 4425 2943 4463 ex
2970 4427 3070 4463 una
3100 4419 3277 4478 parte;
3306 4421 3359 4462 et

197 4504 326 4558 locis
355 4511 443 4557 est
469 4516 605 4555 unus
628 4502 681 4554 in
710 4500 995 4566 Thuringia
1026 4538 1041 4561 ,
1090 4498 1301 4551 nomine
1326 4495 1605 4564 Erpesford
1628 4536 1643 4559 ,
1676 4503 1731 4549 et

170 4591 331 4645 alius
368 4590 422 4643 in
454 4588 669 4651 Hassis,
698 4585 1023 4648 Fridesblar,
1051 4600 1169 4638 cum
1202 4585 1405 4638 caeteris
1448 4583 1728 4646 nonnullis,

198 4693 330 4745 quos
359 4676 700 4730 initiaverunt
739 4673 893 4727 electi
942 4672 1069 4735 Dei,
1100 4679 1153 4724 et
1184 4670 1459 4723 excoluere
1487 4670 1627 4721 cultu
1649 4658 1729 4722 'di-

200 4773 320 4824 vino
375 4768 526 4823 Tunc
554 4774 831 4821 creverunt
859 4764 971 4817 loca
1001 4763 1228 4823 divitiis,
1257 4762 1524 4829 crevitque
1553 4773 1730 4812 nume-

204 4872 291 4911 rus
324 4854 739 4922 discipulorum;
789 4867 851 4907 ac
904 4851 1095 4903 virtute
1148 4864 1361 4917 operum
1406 4846 1727 4915 proficiebat.

199 4947 381 5017 Crevit
426 4944 585 4997 etiam
622 4944 808 4997 beatus
846 4942 1149 4995 adolescens
1176 4937 1455 5006 Gregorius
1485 4952 1602 4989 cum
1637 4953 1733 4990 suo

262 5086 285 5111 ιι
318 5072 385 5124 Et
416 5079 589 5123 tamen
615 5068 858 5123 Carolum
887 5066 1126 5117 Tuditem
1156 5063 1343 5116 favisse
1370 5062 1656 5125 Bonifacio,
1682 5071 1733 5116 et

205 5156 323 5192 cum
371 5140 423 5190 in
454 5146 788 5205 conspectum
831 5134 1143 5205 admisisseJ
1177 5140 1382 5205 constat
1409 5147 1472 5183 ex
1498 5131 1730 5205 _epistol_a

208 5210 370 5275 ipsius
397 5199 611 5275 Caroli;
660 5220 774 5271 qua:
819 5202 1067 5275 estinter
1108 5199 1467 5275 Bonifacianas
1497 5199 1734 5275 32,.epi-

209 5267 408 5340 scopis,
458 5267 705 5340 ducibus,
754 5268 1060 5329 comitibus,
1100 5268 1346 5340 vicariis,
1397 5267 1731 5340 domesticis,

210 5334 431 5408 aliisque
478 5340 621 5406 regni
670 5338 1002 5408 Francorum
1030 5334 1364 5408 Optimatibus
1390 5334 1585 5408 directa
1616 5348 1731 5408 cum

210 5412 310 5463 boc
346 5401 610 5461 exordio:
648 5424 665 5454 ‹
696 5404 1035 5473 Cognoscatis
1060 5401 1280 5471 qualiter
1315 5401 1626 5473 apostolicus
1654 5402 1735 5473 vir

184 5470 264 5530 “in
286 5474 500 5530 Christo
522 5475 676 5527 Pater
704 5470 1000 5525 Bonifacius
1038 5470 1312 5539 episcopus
1337 5470 1411 5539 ad
1435 5484 1529 5539 nos
1556 5471 1731 5539 venit,

215 5552 268 5598 et
292 5544 445 5599 nobis
472 5542 725 5610 suggessit
745 5541 880 5608 quod
909 5541 1002 5610 sub
1026 5536 1227 5610 nostro
1256 5536 1630 5610 mundeburgio
1656 5538 1735 5589 vel

218 5611 518 5702 scierim
540 5606 658 5702 sic]
686 5606 937 5702 rediere.
956 5609 1472 5702 “ﬁliiﬁlli‘iﬂif‘ii
1495 5606 1731 5702 me:

223 5693 336 5733 men
356 5681 515 5735 etiam
537 5672 968 5731 commendatitiis
989 5675 1219 5745 Grcgorii
1242 5689 1386 5741 papce
1411 5674 1473 5726 ad
1495 5672 1735 5727 Carolum

1830 4510 2041 4554 sanctus
2067 4498 2364 4553 Bonifacius
2382 4512 2447 4552 ex
2472 4499 2634 4552 altera
2660 4515 2775 4553 cum
2804 4499 3069 4565 discipulis
3096 4500 3205 4551 suis
3229 4497 3359 4552 Gre-

1828 4593 1975 4660 gorio
2017 4597 2070 4643 et
2111 4590 2267 4643 sociis
2311 4589 2456 4655 ejus;
2512 4590 2632 4642 dum
2665 4588 2883 4650 confusi,
2932 4596 2995 4641 et~
3031 4587 3240 4641 refutati
3292 4590 3359 4639 ab

1827 4681 1968 4733 omni
2010 4688 2191 4733 senatu
2216 4686 2269 4731 et
2305 4679 2370 4730 ab
2417 4679 2545 4746 ipsis
2595 4678 2821 4745 regibus,
2868 4678 2987 4730 inde
3030 4677 3355 4729 discederent

1830 4770 2132 4829 adversarii,
2168 4775 2219 4820 et
2246 4776 2457 4821 sanctus
2485 4766 2779 4820 Bonifacius
2809 4766 3010 4819 futurus
3065 4774 3258 4834 martyr
3290 4758 3381 4819 ad'

1830 4858 1929 4910 hoc
1956 4857 2267 4924 perveniret,
2294 4863 2351 4907 ut
2376 4856 2571 4923 absque
2604 4855 2757 4929 ullius
2791 4855 3222 4915 contradictione,
3252 4869 3351 4905 una

1829 4946 2060 5000 omnium
2101 4958 2227 4997 voce
2263 4943 2543 5011 eligeretur
2589 4943 2641 4995 in
2687 4944 3014 5010 episcopatus
3053 4943 3357 4995 sublimissi-

1832 5072 2023 5124 litteris
2051 5070 2379 5123 tribuendum
2404 5077 2501 5122 est.

1902 5140 1926 5176 ιι
1967 5138 2186 5191 Fortcan
2216 5138 2481 5189 Clemente
2503 5145 2554 5189 et
2576 5134 2875 5198 Aldeberto,
2914 5137 3153 5198 pessimis
3190 5137 3364 5187 inere-

1834 5207 1969 5267 ticis,
2000 5208 2062 5257 de
2088 5206 2275 5271 quibus
2302 5207 2350 5255 in
2381 5204 2524 5257 Actis
2570 5206 2731 5257 sancti
2777 5204 3049 5265 Bonifacii,
3085 5204 3180 5255 nisi
3219 5206 3356 5270 quod

1833 5284 2014 5326 auctor
2038 5275 2193 5323 etiam
2228 5274 2498 5340 episc0pos
2538 5282 2682 5325 notat
2728 5271 2899 5335 infra;
2942 5287 3005 5324 an
3050 5271 3358 5338 Virgilium?

1832 5357 1987 5409 quem
2036 5340 2333 5392 Bonifacius
2372 5342 2507 5409 apud
2542 5340 2848 5409 zachariam
2888 5340 3157 5409 accusavit
3191 5340 3356 5392 invasi

1832 5407 2179 5477 cpiscOpatus,
2206 5409 2386 5477 cxlib.
2408 5407 2452 5459 ill
2480 5407 2712 5477 Othlﬁoni,
2735 5423 2851 5477 cap.
2878 5408 2925 5477 fl,
2956 5416 3009 5458 et
3035 5407 3275 5463 Clemens
3301 5422 3357 5459 se

1833 5474 2131 5545 episcopum
2162 5476 2478 5531 venditabat,
2505 5475 2629 5527 ibid.
2802 5474 2853 5524 ι.
2880 5474 2991 5526 lluc
3014 5484 3213 5542 spectat
3231 5488 3354 5527 con-

1835 5546 2009 5593 cilium
2044 5543 2332 5593 Romanum
2372 5542 2589 5593 ibidem:
2634 5550 2687 5593 et
2760 5544 3092 5593 uessionense
3166 5544 3214 5593 in
3251 5554 3354 5593 uno

1835 5542 2026 5597 cilium'
2044 5543 2332 5612 Romanum
2372 5542 2589 5605 ibidem;
2634 5550 2687 5595 et
2719 5542 3092 5612 Suessionense
3166 5544 3214 5594 in
3251 5554 3357 5612 quo

1834 5614 2147 5667 Aldebertus
2172 5619 2220 5663 et
2247 5610 2485 5664 Clemens
2515 5610 2743 5664 damnati
2772 5624 2906 5664 anno
2936 5609 3057 5663 ul.
