3886 6228
569 295 672 350 759

1313 297 1367 350 s.
1407 296 1768 352 concauus
1805 258 2547 350 nmmAnnsronnmsxs
2588 294 2964 348 EPISCOPL’S.

3621 291 3704 344 7ρο

570 417 711 455 mum
763 402 995 470 gradum,
1032 409 1084 455 et
1114 401 1376 470 Maguutia
1422 404 1816 472 metropolitana
1852 403 2080 456 Ecclesia
2111 411 2152 460 Α
2180 411 2232 454 et
2257 412 2488 455 sanctum
2521 418 2709 468 corpus
2738 402 2850 468 ejus
2878 403 3268 470 martyrizatum
3293 402 3346 454 in
3385 402 3572 454 eodem
3602 416 3701 452 sas-

567 492 616 544 ei
643 493 854 544 daretur
877 505 906 543 a
941 492 1148 558 regibus
1175 491 1492 557 providenda
1516 500 1567 545 et
1590 492 1814 559 regenda
1840 503 1884 541 ο.
1919 491 1994 543 Ex
2024 506 2087 544 eo

547 578 653 631 die
697 569 946 646 quantum
986 578 1234 630 claruerit
1261 578 1512 645 sapientia
1551 579 1712 644 ipsius
1750 579 1890 630 omni
1930 592 2088 644 regno

570 666 909 728 Francorum,
956 672 1280 732 quantasque
1322 665 1545 734 synodos
1581 680 1698 717 eum
1727 664 1978 732 religiosis
2007 677 2084 713 re-

505 756 508 759 ’
569 751 722 820 gibus
741 752 805 807 ad
829 753 1203 806 correctionem
1229 752 1401 819 populi
1423 760 1598 818 postea
1631 751 1953 811 instituisset,
1987 765 2087 800 non

572 840 626 890 in
648 839 749 893 isto
772 839 1019 906 opusculo
1047 839 1201 891 modo
1225 838 1498 891 dicendum
1525 846 1624 898 est,
1655 839 1774 889 dum
1802 837 1854 888 in
1880 836 2087 888 modum

571 925 696 977 solis
716 924 967 977 effulserit
996 925 1047 975 in
1075 923 1269 990 templo
1299 923 1408 985 Dei,
1442 937 1500 975 ac
1523 923 1892 990 pnedicatione
1917 937 2008 974 sua
2036 930 2088 972 et

568 1013 820 1079 exemplis
844 1025 1025 1064 omnes
1053 1010 1266 1064 nebulas
1293 1009 1531 1078 effugarit
1560 1009 1877 1062 infidelitatis
1907 1015 1960 1059 et
1985 1007 2086 1058 ha:-

553 1099 745 1151 ‘retiae
780 1099 1080 1166 pravitatis:
1109 1097 1351 1164 quoniam
1393 1105 1446 1149 et
1486 1097 1583 1149 ista
1628 1094 1797 1147 omnia
1831 1095 1881 1146 in
1911 1092 2082 1145 libello

571 1187 635 1238 de
675 1187 914 1252 passione
961 1185 1127 1253 ipsius
1165 1185 1360 1250 scripto
1400 1183 1548 1249 plene
1573 1189 1626 1235 et
1649 1181 1819 1234 lucide
1851 1181 2081 1252 manife-

570 1282 740 1326 stantu
749 1291 795 1325 ι’.

639 1360 723 1411 10.
760 1359 839 1412 Ad
865 1359 976 1412 inec
1009 1366 1180 1411 autem
1218 1359 1457 1411 universa
1494 1371 1594 1410 non
1638 1356 1837 1408 modice
1881 1355 2088 1419 adjutus

569 1458 650 1503 est
681 1451 747 1503 ab
773 1449 951 1502 electis
983 1447 1248 1516 discipulis
1274 1447 1400 1509 suis,
1430 1455 1546 1512 post
1576 1445 1879 1512 magistrum
1908 1442 2086 1494 claris-

571 1537 716 1588 simis
739 1535 1164 1602 praedicatoribus
1186 1542 1238 1586 et
1261 1534 1512 1586 columnis
1540 1531 1781 1584 Ecclesia:
1805 1530 1893 1582 Dei
1924 1547 1934 1579 :
1964 1543 2087 1595 quo-

570 1639 685 1676 rum
722 1622 1076 1689 unusquisque
1110 1621 1370 1673 civitatem
1396 1626 1447 1671 et
1471 1619 1732 1685 regionem
1757 1631 1922 1676 suam,
1953 1615 2088 1667 sicut

2183 491 2355 555 cipere
2380 507 2391 539 ε
2417 498 2468 541 et
2506 490 2555 541 in
2592 497 2787 542 tantum
2824 492 3106 557 provehere
3136 498 3190 542 et
3234 489 3537 557 gloriﬁcare
3566 503 3700 540 eum-

2185 577 2301 629 dem
2346 576 2532 638 locum,
2566 585 2624 628 ut
2657 585 2777 630 ante
2807 579 3005 630 obitum
3047 592 3198 630 suum
3241 577 3306 628 de
3349 576 3448 627 hoc
3498 575 3697 626 mundo.

2185 663 2682 730 quadringentorum
2737 664 2950 715 circiter
3003 662 3417 723 monachorum,
3480 661 3704 726 exceptis

2183 753 2552 818 pulsantibusd
2587 761 2640 804 et
2683 753 2797 804 aliis
2841 753 3127 805 minoribus
3173 753 3436 819 personis,
3488 766 3698 818 quorum

2187 856 2433 892 numerus
2477 841 2742 907 multiplex
2785 850 2897 894 erat
2937 841 3084 893 valde
3124 841 3176 894 in
3214 843 3326 908 ipso
3365 850 3696 901 monasteno,

2185 926 2515 992 positojnxta
2545 927 2752 980 ﬂuvium
2800 929 2980 992 Fulda,
3013 929 3168 982 Pater
3195 931 3452 982 exstiterit
3493 937 3549 981 et
3582 943 3699 994 pra:-

2186 1026 2380 1081 ccptor.
2411 1017 2521 1069 Duo
2543 1027 2713 1070 autem
2749 1033 2813 1070 ex
2847 1019 2947 1072 illis
2970 1019 3150 1072 electis
3175 1020 3282 1080 Dei,
3321 1019 3625 1086 Wighertns
3655 1029 3699 1070 et

2173 1101 2540 1168 ,Burghardus,
2563 1113 2683 1157 ante
2705 1106 3010 1171 magistrum
3031 1108 3364 1174 migrarunta
3381 1108 3593 1159 saeculo.
3609 1107 3699 1159 Sed

2185 1202 2286 1240 non
2312 1197 2431 1240 sunt
2457 1190 2526 1240 illi
2570 1191 2766 1257 absque
2805 1191 2974 1256 palma
3003 1191 3273 1244 electionis
3314 1207 3436 1253 sute,
3483 1194 3607 1244 dum
3641 1194 3696 1245 ad

2190 1290 2342 1338 regna
2372 1277 2602 1330 caelestia
2637 1280 2941 1346 magistrum
2977 1279 3271 1345 praecedere
3308 1287 3630 1338 meruerunt,
3655 1292 3699 1331 et

2190 1364 2240 1415 in
2277 1364 2571 1432 regionibus
2595 1366 2702 1418 suis
2720 1380 2814 1432 pro
2841 1367 3040 1421 sanctis
3057 1367 3147 1419 Dei
3173 1368 3430 1420 habentur
3454 1377 3510 1420 et
3533 1367 3698 1419 colun-

2192 1456 2274 1502 tur
2298 1453 2362 1504 ab
2389 1453 2629 1505 omnibus
2669 1434 2757 1519 q'ui
2799 1454 2958 1505 vitam
2997 1453 3200 1506 illorum
3230 1462 3284 1506 et
3305 1455 3551 1507 virtutem
3593 1469 3697 1506 cum

2190 1537 2296 1590 Deo
2334 1553 2485 1592 nosse
2509 1547 2808 1604 potuerunt.
2837 1539 3038 1601 Cernis,
3076 1555 3109 1592 ο
3143 1539 3308 1591 lector
3334 1539 3624 1604 intelligens
3655 1552 3698 1592 ct

2185 1628 2419 1696 diligens,
2452 1636 2646 1694 quanta
2672 1629 2987 1680 charismata
3017 1627 3068 1678 in
3097 1641 3201 1678 uno
3244 1627 3454 1679 homine
3487 1625 3696 1679 fuerint;

570 1707 779 1760 Lucifer
819 1721 970 1760 mane
1010 1707 1183 1759 oriens
1206 1746 1218 1766 ,
1269 1706 1577 1758 illuminavit
1613 1704 1878 1770 exemplis.
1909 1703 1971 1754 Et
1997 1704 2087 1754 do—
2120 1709 2159 1764 Β
2187 1724 2238 1769 ει
2277 1717 2400 1782 quid
2446 1731 2638 1782 pauper
2675 1715 2779 1777 me,
2820 1717 2906 1781 qui
2933 1715 3199 1768 εοιίιειι-ίυε
3226 1715 3417 1768 dudum
3444 1715 3494 1767 ίη
3523 1715 3696 1769 Freso.

571 1798 737 1849 ctrina
784 1811 876 1848 sua
919 1798 1101 1850 beatus
1146 1796 1433 1862 Gregorius
1475 1795 1769 1863 Trajectnm
1816 1790 2085 1861 [Utrecht],

570 1886 836 1952 antiquam
857 1869 1137 1944 civitatem,
1162 1891 1214 1935 et
1239 1884 1402 1934 vicum
1427 1880 1680 1932 famosum
1705 1879 1920 1930 Dorstaal
1936 1878 1958 1912 ιι
1974 1890 2091 1926 cum

571 1973 660 2025 iila
713 1972 980 2025 iri-adiuvit
1019 1978 1166 2037 parte
1208 1969 1486 2029 Fresoniaa‘,
1532 1982 1646 2032 qua:
1684 1975 1803 2017 tunc
1846 1963 2093 2028 temporis

570 2064 977 2118 Christianitatis
1020 2063 1227 2115 nomine
1270 2060 1596 2112 censebatur.
1649 2057 1784 2108 idem
1835 2066 1999 2120 usque
2040 2053 2090 2102 in

573 2153 739 2218 ripam
781 2150 1153 2203 occidentalem
1192 2148 1419 2200 ﬂuminis
1444 2147 1579 2213 quod
1617 2145 1806 2197 dicitur
1844 2141 2088 2209 Lugbelsi,

572 2239 658 2290 ubi
705 2237 984 2290 confinium
1012 2245 1125 2289 erat
1151 2236 1563 2289 Christianorum
1606 2233 1888 2285 Fresonum
1918 2245 1979 2281 ac
2005 2245 2093 2294 pa-

575 2341 846 2394 ganorum,
875 2326 1078 2380 cunctis
1114 2326 1295 2378 diebus
1325 2324 1526 2391 Pippini
1566 2322 1720 2390 regis.
1763 2320 1940 2372 Lullus
1983 2317 2090 2368 Illa-

575 2417 805 2486 guntiam
859 2415 1308 2482 metropolitanum
1373 2414 1636 2466 civitatem
1697 2427 1815 2466 cum
1869 2413 2093 2463 maxima

573 2513 720 2572 parte
746 2504 1163 2558 Christianorum
1201 2502 1506 2561 Fresonum,
1545 2501 1629 2568 qui
1663 2502 1712 2552 in
1742 2501 1984 2567 parochia
2010 2516 2095 2551 nr-

574 2593 654 2644 bis
681 2591 817 2643 illius
851 2589 1212 2650 constiterunt,
1241 2589 1472 2642 incoluit.
1501 2580 1848 2656 Megidgodus,
1882 2602 2094 2639 venera-

576 2680 694 2730 bilis
726 2685 873 2744 pater
897 2684 950 2729 et
983 2684 1160 2744 pastor
1197 2677 1368 2745 gregis
1393 2676 1486 2727 sibi
1518 2675 1798 2752 commissi,
1829 2675 2094 2727 civitatem

577 2767 862 2833 Virzeburg
902 2781 1020 2819 cum
1063 2766 1173 2819 suis
1216 2765 1521 2831 adjacentiis
1564 2765 1614 2817 in
1660 2779 1753 2816 sua
1802 2771 1940 2814 sorte
1991 2764 2095 2814 sale

562 2845 843 2920 'sapientia:
888 2861 943 2905 et
985 2852 1232 2908 doctrina:
1287 2867 1392 2904 sna:
1436 2852 1663 2904 condivit
1707 2858 1758 2901 et
1797 2851 2091 2902 custodivit.

577 2937 920 2999 Willibaldus,
958 2937 1154 2989 electus
1185 2936 1274 2989 Dei
1305 2937 1541 2998 antistes,
1574 2935 1924 3002 episcopatum
1957 2937 2092 3001 quod

579 3019 904 3092 nuncupatur
943 3025 998 3075 in
1039 3023 1286 3076 Hebstedi
1336 3033 1379 3084 ο,
1413 3023 1463 3074 in
1498 3028 1643 3088 parte
1678 3023 1910 3087 proxima
1946 3022 2094 3072 nobis

579 3118 977 3185 Baguariorum;
1004 3114 1141 3167 idem
1171 3114 1220 3166 in
1255 3113 1490 3181 Nordgc-e
1515 3112 1667 3164 simili
1697 3112 1868 3172 modo,
1903 3119 1958 3162 ut
1980 3111 2096 3175 pius

580 3203 735 3256 Pater
755 3217 783 3253 a
810 3201 1156 3253 fundamentis
1178 3199 1300 3252 illud
1321 3199 1524 3266 erigens
1545 3198 1834 3250 melioravit
1856 3204 1908 3248 et
1930 3206 2097 3247 custo-

581 3293 724 3345 divit.
753 3291 960 3343 Necnon
988 3297 1040 3343 et
1081 3303 1356 3358 germanus
1391 3287 1624 3354 pnediCIi
1675 3285 1972 3343 Willibalzli,
2007 3300 2098 3335 no-

581 3379 718 3431 mine
739 3377 1119 3436 Winnibaldus,
1164 3377 1450 3443 presbyter,
1499 3375 1746 3440 magistro
1790 3388 1905 3424 meo
1947 3372 2098 3423 beato

582 3465 831 3532 Gregorio
870 3463 1017 3515 valde
1056 3464 1263 3522 Charus,
1309 3470 1359 3512 et
1404 3462 1512 3526 ipse
1560 3462 1724 3512 locum
1753 3467 1804 3509 ct
1839 3460 2097 3525 regionem

585 3568 733 3605 suam
775 3558 954 3604 sancte
985 3557 1039 3602 et
1064 3549 1282 3600 feliciter
1314 3547 1622 3599 illustravit:
1655 3549 1737 3611 qui
1761 3554 1875 3611 post
1903 3546 2098 3595 obitum

589 3657 737 3694 suum
778 3641 902 3707 quid
936 3639 1116 3691 vivens
1151 3638 1349 3699 fecerit,
1380 3638 1542 3705 magis
1570 3637 1830 3688 miraculis
1856 3637 2095 3687 ostendit.

589 3729 784 3781 Sturmi
817 3741 938 3779 vero
963 3725 1273 3778 venerabilis
1303 3726 1481 3785 abbas,
1520 3740 1652 3775 unus
1680 3739 1741 3774 cx
1776 3722 1988 3774 numero
2015 3722 2102 3773 illo

593 3817 879 3868 electorum
921 3814 1032 3875 Dei,
1080 3821 1328 3880 quantum
1371 3801 1646 3878 profecerit
1690 3811 1739 3861 in
1790 3824 1963 3861 eremo
2009 3825 2100 3860 sua

589 3911 705 3967 post
749 3901 1054 3967 martyrium
1099 3899 1266 3951 sancti
1312 3899 1563 3964 magistri,
1611 3898 1862 3967 Bocauna
1888 3896 2015 3947 silva
2051 3897 2100 3947 in

591 3965 992 4043 testimonio‘est
1019 4005 1030 4038 :
1059 4003 1174 4054 qua:
1213 3986 1356 4052 prius
1402 3986 1715 4037 omnimodis
1761 3965 1952 4036 inculta
1993 3991 2105 4035 erat

592 4092 651 4127 ac
679 4077 956 4137 desertum,
987 4089 1122 4126 nunc
1158 4082 1329 4125 autem
1355 4073 1419 4124 ab
1460 4065 1659 4124 oriente
1696 4085 1856 4136 usque
1883 4071 1944 4121 ad
1971 4070 2106 4122 occi-

595 4165 821 4223 dentem,
867 4162 1214 4229 septentrione
1253 4174 1413 4227 usque
1448 4160 1514 4212 ad
1549 4159 1838 4222 meridiem,
1874 4158 2107 4211 ecclesiis

2193 1809 2291 1860 nia:
2331 1809 2566 1875 partibus
2603 1807 2793 1870 fuerat,
2821 1823 2913 1876 per
2938 1817 3142 1875 tempus
3164 1809 3480 1862 ostensionis
3505 1824 3609 1861 suae
3634 1809 3691 1860 fc-

2192 1881 2321 1948 cc‘rit
2356 1895 2419 1948 ad
2449 1894 2670 1948 fructum
2698 1895 2943 1948 Ecclesize
2969 1895 3079 1948 Dei.
3117 1895 3232 1948 Non
3259 1907 3431 1948 autem
3460 1897 3567 1962 ipse
3600 1896 3697 1947 haec

2190 1996 2283 2047 per
2309 1997 2365 2034 se
2390 1983 2576 2049 potuit,
2624 1983 2712 2033 sed
2749 1982 3032 2039 secundum
3071 1981 3393 2049 Apostolum,
3419 1984 3581 2050 gratia
3613 1979 3697 2032 De:

2190 2088 2302 2123 cum
2336 2087 2392 2123 eo
2436 2071 2550 2136 fecit
2588 2071 2693 2120 Iure
2732 2070 2962 2121 universa
3006 2081 3054 2120 et
3101 2068 3340 2122 stabilivit
3386 2069 3439 2138 (Ι
3460 2067 3572 2121 Cor.
3596 2069 3695 2136 xv).

2188 2161 2349 2230 igitur
2402 2159 2522 2224 quia
2574 2155 2835 2224 paululum
2881 2163 3093 2223 propter
3141 2170 3466 2209 communem
3511 2155 3698 2207 laudem

2192 2246 2558 2313 discipulorum
2602 2245 2768 2297 sancti
2810 2244 3045 2312 magistri
3085 2243 3337 2296 Bonifacii
3378 2259 3405 2294 a
3450 2244 3698 2310 proposito

2193 2334 2377 2385 itinere
2418 2332 2738 2384 narrationis
2782 2331 2987 2398 elapsus
3026 2346 3163 2391 sum,
3192 2345 3329 2383 nunc
3359 2331 3542 2382 iterum
3568 2331 3694 2382 adid

2195 2422 2404 2474 redeam
2431 2421 2567 2473 unde
2595 2421 2862 2486 digressus
2887 2435 3020 2472 sum.

2263 2509 2345 2558 Η.
2385 2507 2531 2560 Tunc
2565 2507 2749 2558 beatus
2785 2504 3083 2558 Bonifacius
3127 2513 3326 2571 martyr
3369 2503 3581 2564 futurus,
3623 2502 3667 2553 lu

2193 2596 2432 2649 bentibus
2476 2595 2732 2664 religiosis
2781 2596 3028 2662 regibus,
3080 2607 3200 2644 eum
3246 2605 3498 2644 consensu
3538 2588 3695 2643 omnis

2194 2691 2404 2736 senatus
2434 2683 2607 2748 populi
2640 2681 2980 2741 Francorum,
3019 2678 3208 2731 missus
3229 2687 3311 2731 est
3338 2679 3545 2730 Romam
3569 2673 3693 2729 ordi-

2195 2770 2396 2822 nandus
2427 2770 2478 2820 in
2507 2769 2835 2836 episcopatus
2865 2766 3080 2834 gradtun
3107 2766 3171 2816 ad
3195 2765 3496 2832 Gregorium
3527 2776 3693 2829 papam

2197 2858 2406 2909 tertium
2436 2869 2456 2893 υ
2477 2871 2504 2906 a
2532 2855 2700 2922 primo
2723 2871 2736 2905 :
2770 2854 2943 2919 ibique
2964 2853 3011 2904 ei
3040 2867 3226 2904 nomen
3252 2867 3402 2902 suum
3430 2851 3574 2902 modo
3596 2865 3693 2900 oni-

2197 2946 2350 2996 nibus
2381 2952 2557 2994 notum
2583 2952 2634 2994 et
2663 2941 2998 3006 divulgatum,
3033 2939 3184 2991 simul
3215 2955 3334 2990 cum
3365 2939 3694 2991 benedictione

2193 3042 2245 3084 et
2289 3031 2452 3099 gradu
2494 3030 2838 3095 episcopatus,
2872 3028 2938 3079 ob
2981 3026 3273 3079 facundiam
3319 3026 3498 3094 linguae
3521 3036 3692 3093 etgra-

2195 3121 2319 3172 tiam
2351 3118 2602 3169 labiorum
2642 3132 2668 3166 a
2714 3115 2817 3167 Deo
2843 3115 2937 3166 sibi
2981 3115 3248 3175 donatam,
3297 3113 3509 3164 inditutn
3536 3120 3610 3164 est
3637 3113 3692 3161 ab

2193 3205 2475 3274 apostolico
2519 3202 2762 3269 pontifice
2808 3201 3123 3261 Bonifacius,
3160 3200 3247 3265 qui
3286 3208 3436 3250 antea
3475 3197 3692 3248 Winfridi

2195 3293 2446 3345 vocabulo
2472 3294 2800 3343 censebatur.
2847 3289 3036 3356 Sicque
3072 3299 3285 3342 Sanctus
3331 3291 3424 3348 vir,
3464 3300 3512 3342 et
3549 3290 3690 3355 gradu

2197 3379 2470 3434 decoratus
2509 3387 2560 3429 et
2598 3377 2825 3435 nomine,
2866 3392 3041 3428 coram
3079 3378 3219 3427 omni
3261 3375 3401 3428 clero
3435 3387 3482 3426 et
3521 3374 3692 3426 familia

2198 3467 2334 3520 beati
2363 3456 2501 3517 Petri
2537 3465 2784 3532 principis
2809 3463 3157 3528 apostolorum
3183 3471 3236 3533 ct
3262 3478 3436 3514 coram
3464 3463 3565 3527 ipso
3581 3459 3694 3511 Gre-

2197 3555 2341 3620 gorio
2365 3569 2492 3620 papa
2520 3551 2802 3617 prostravit
2829 3567 2903 3609 se,
2930 3559 2980 3600 et
3010 3549 3198 3607 oravit,
3238 3557 3294 3598 ut
3321 3556 3522 3614 propter
3552 3547 3691 3598 Deum

2199 3649 2249 3690 et
2277 3654 2505 3690 amorem
2531 3638 2693 3689 sancti
2729 3637 2863 3686 Petri
2904 3635 3092 3687 ibidem
3125 3634 3262 3686 illico
3290 3635 3338 3684 in
3369 3635 3472 3699 ipsa
3501 3631 3692 3683 eet-lesia

2200 3744 2243 3777 Cl
2269 3742 2316 3776 tn
2354 3717 2872 3792 supplici‘devotione
2903 3736 2996 3790 pro
3025 3738 3080 3774 se
3109 3723 3340 3775 ﬂecteret
3365 3736 3521 3787 genua
3547 3718 3693 3770 omnis

2201 3814 2369 3865 clerus
2391 3812 2476 3877 qui
2502 3826 2729 3877 praesens
2763 3810 2962 3872 aderat,
2992 3817 3042 3861 et
3072 3809 3388 3860 unanimiter
3405 3821 3573 3859 omnes
3593 3819 3692 3856 ora-

2202 3908 2316 3952 rent
2359 3899 2664 3956 Dominum,
2716 3897 3030 3963 beatumque
3067 3896 3279 3947 Petrum
3331 3896 3688 3946 intercessorem

2204 3988 2446 4039 invitaret
2472 3994 2524 4036 et
2553 3985 2910 4036 auxiliatorem
2942 3983 3194 4035 orationis
3220 3999 3345 4043 sum,
3378 3991 3431 4033 ut
3457 3981 3580 4033 bono
3605 3978 3691 4028 line

2204 4079 2255 4124 et
2294 4073 2398 4122 Deo
2439 4070 2674 4137 placabili
2721 4070 3000 4120 terminare
3025 4071 3315 4120 mereretur
3341 4076 3393 4118 et
3418 4064 3690 4118 concludere

2205 4159 2313 4210 dies
2342 4171 2479 4210 suos.
2508 4155 2602 4219 Qui
2627 4156 2780 4206 etiam
2811 4169 3009 4216 omnes,
3058 4154 3344 4220 inspirante
3378 4153 3495 4214 Deo,
3530 4147 3688 4202 unani-

594 4251 683 4303 Dei
712 4258 763 4301 et
794 4249 974 4302 eiectis
1013 4246 1312 4315 palmitibus
1351 4247 1720 4299 monachorum
1769 4245 1962 4311 repleta
2005 4253 2102 4297 est.
2135 4246 2360 4340 Dmiter
2399 4258 2516 4294 cum
2559 4257 2760 4294 summa
2802 4241 3075 4292 devotione
3114 4239 3425 4290 inclinantes
3464 4251 3516 4288 se
3538 4248 3688 4287 coram

596 4337 692 4400 Qui
733 4336 889 4387 etiam
934 4335 1129 4387 Sturmi
1164 4334 1324 4386 abbas
1357 4334 1456 4385 hoc
1499 4334 1686 4385 meruit
1717 4332 2041 4399 privilegium
2078 4347 2104 4383 a

597 4424 702 4475 Deo
741 4430 794 4474 et
839 4430 1021 4472 sancto
1066 4420 1312 4487 magistro
1354 4435 1460 4487 pra)
1496 4421 1860 4486 condiscipulis
1888 4421 2012 4479 suis,
2056 4427 2112 4470 ut

597 4514 762 4577 ipsum
793 4509 959 4562 locum
988 4521 1141 4575 quem
1175 4508 1419 4574 magister
1444 4515 1655 4559 sanctus
1675 4506 1828 4574 elegit
1857 4505 1920 4557 ad
1945 4505 2113 4570 sepul-

600 4607 766 4650 turam
809 4595 1012 4664 corpori
1051 4609 1164 4656 suo,
1201 4594 1462 4661 possidere
1495 4601 1779 4645 mereretur
1805 4601 1857 4644 et
1888 4594 2108 4652 initiare,

669 4774 689 4798 α
727 4761 780 4813 ld
824 4759 1017 4813 factum
1060 4772 1174 4812 esse
1216 4772 1350 4810 anno
1387 4755 1484 4808 745
1520 4767 1608 4808 aut
1648 4757 1954 4823 insequenti,
1995 4771 2114 4823 pro—

599 4810 833 4942 bavinéus
869 4810 1083 4879 iit—Vita.
1105 4810 1276 4878 sancti
1311 4823 1580 4886 Bonifacii,
1610 4826 1672 4876 ad
1702 4810 1790 4876 lib:
1821 4840 1856 4874 lt
1886 4810 2113 4886 Otbloni,

602 4911 716 4942 C110.
779 4931 794 4942 .

602 4913 661 4948 ea
703 4931 716 4943 .
754 4911 794 4945 ι.

666 4911 698 5000 ἒ
735 4959 881 5011 Nunc
923 4961 1168 5026 oppidum
1217 4960 1372 5010 situm
1421 4961 1482 5010 ad
1533 4958 1693 5010 Rheni
1735 4959 1916 5024 ripam,
1962 4975 2024 5010 eo
2064 4960 2112 5026 in

606 5034 715 5080 loco
739 5026 822 5079 ubi
847 5041 877 5079 e
898 5025 1058 5078 veteri
1090 5027 1270 5080 Rheno
1299 5026 1504 5092 profluit
1530 5026 1712 5084 Lecca,
1765 5028 1848 5078 hic
1891 5025 2113 5092 Lagheki

606 5097 790 5147 dictus.
835 5094 1003 5147 Beech
1050 5094 1186 5145 enim
1240 5095 1318 5145 vel
1365 5092 1521 5150 Bach,
1559 5093 1855 5145 Teutonicis
1905 5094 2113 5150 flumen,

623 5176 896 5213 iraenomen
941 5162 1156 5213 Leccam
1197 5161 1274 5211 vel
1316 5161 1540 5227 Leggam
1579 5160 1832 5220 admittit,
1880 5169 1935 5212 ut
1978 5169 2117 5211 recte

651 5239 878 5280 I‘OWCPUS
907 5239 1098 5279 11101181..

677 5308 697 5332 ε
739 5294 838 5346 Alii
887 5295 1082 5346 Eicstat
1122 5293 1394 5361 appellant.
1434 5294 1564 5359 Lege
1599 5294 1725 5345 Acta
1759 5297 1921 5346 sancti
1953 5295 2119 5346 \Villi-

608 5361 745 5414 baldi
768 5369 817 5412 et
844 5361 1058 5414 aliorum
1085 5363 1167 5414 hic
1187 5362 1568 5414 nominatorum
1597 5362 1704 5411 suis
1732 5361 1875 5412 locis.

677 5429 700 5464 ιι
752 5428 803 5479 ld
847 5437 926 5480 est
969 5429 1191 5480 novitiis.
1249 5429 1382 5494 Lege
1431 5428 1733 5478 llacl'tenunt
1791 5429 1840 5478 in
1897 5428 1984 5478 lib.
2039 5444 2118 5486 tv,

616 5502 766 5548 tract.
819 5496 888 5559 ‘2,
937 5495 1192 5563 disquisit.
1248 5495 1310 5559 l,
1353 5497 1401 5546 in
1451 5495 1696 5562 Regulam
1752 5496 1911 5547 sancti
1959 5496 2119 5548 Bene-

2209 4331 2441 4396 reliquiis
2469 4331 2605 4380 beati
2635 4329 2773 4380 Petri
2803 4327 3050 4394 principis
3091 4326 3458 4393 apostolorum,
3492 4320 3682 4390 comple-

2209 4427 2394 4470 verunt
2427 4417 2728 4484 petitionem
2757 4414 2882 4480 ejus,
2914 4429 3058 4467 sacra
3083 4414 3319 4466 oratione
3344 4422 3397 4464 et
3425 4410 3628 4479 pastoris
3647 4415 3690 4460 et

2212 4510 2381 4578 gregis
2407 4508 2522 4561 fusa
2556 4508 2618 4558 ad
2658 4508 2840 4559 Deum.
2871 4509 2996 4568 Qum
3022 4505 3190 4557 oratio
3215 4519 3333 4556 cum
3359 4501 3542 4556 sanctis
3561 4496 3690 4552 meri-

2215 4597 2279 4646 tis
2317 4597 2478 4662 ipsius
2515 4595 2824 4647 conveniens
2859 4601 3107 4658 quantum
3147 4591 3369 4667 valuerit
3400 4588 3530 4656 apud
3551 4585 3687 4640 Deum

2211 4765 2354 4816 dicti.
2381 4765 2684 4829 Quanquam
2720 4763 3007 4816 Adelardus
3043 4763 3203 4816 abbas
3229 4760 3550 4829 Corbeiensis
3567 4758 3689 4812 cleri-

2212 4848 2294 4882 cos
2325 4827 2588 4883 canonicos
2624 4832 2912 4882 monasterii
2936 4829 3193 4897 pulsantes
3223 4838 3377 4882 vocat
3411 4830 3461 4880 in
3491 4827 3687 4880 Statilio-

2217 4915 2328 4950 rutn
2351 4899 2442 4966 lib.
2475 4915 2510 4958 I,
2537 4914 2653 4966 cap.
2671 4898 2721 4948 3.

2287 4977 2308 5003 ο
2349 4965 2442 5016 l-lic
2487 4962 2670 5030 duplei
2716 4967 2916 5016 menda.
2956 4965 3130 5030 Neque
3175 4965 3314 5015 enim
3361 4962 3638 5030 Bonifacius
3668 4973 3689 5006 τι

2213 5033 2463 5099 Gregorio
2513 5025 2685 5091 tertio,
2731 5033 2818 5083 sed
2863 5034 2926 5083 ab
2962 5025 3073 5096 ejus
3120 5032 3391 5083 decessore
3431 5025 3691 5099 cegnogninc
3723 5033 3734 5038 “

2215 5094 2482 5151 ordinatus
2507 5108 2587 5150 est
2611 5101 2909 5164 episcopus;
2960 5094 3127 5164 neque
3165 5099 3390 5164 primum
3437 5094 3692 5164 iii—epimf

2218 5166 2316 5231 pali
2370 5158 2694 5218 ordinatione
2745 5158 2932 5215 nomen
2981 5158 3179 5231 accepit
3229 5162 3522 5216 Bonifacius
3544 5158 3690 5231 {quod

2220 5226 2495 5298 utrumque
2533 5249 2589 5283 ex
2639 5231 2798 5281 sancti
2841 5226 3273 5284 liouifaeii'Actis
3319 5236 3530 5282 constat.

2220 5301 2316 5350 alia
2340 5287 2573 5364 quaedam
2599 5299 2730 5347 facta
2758 5308 3068 5364 pr:epostcre
3091 5305 3270 5348 narrat
3295 5305 3488 5357 auctor,
3510 5303 3560 5348 ut
3576 5287 3693 5364 refe

2221 5361 2949 5429 latio_pseuilo—sacerdotum,
2988 5378 3141 5481 sulpra
3174 5378 3315 5414 num.
3355 5365 3406 5427 9,
3445 5377 3553 5431 qua:
3576 5361 3692 5424 longe

2221 5443 2334 5481 post
2362 5431 2607 5481 Bonifucii
2630 5433 3007 5481 ordinationem
3065 5438 3178 5481 acta
3205 5439 3285 5481 est

2221 5443 2334 5498 post
2362 5431 2607 5485 Bonifacii
2630 5433 3007 5484 ordinationem
3045 5431 3178 5482 facta
3205 5439 3285 5483 est
