3886 6228
237 384 322 442 7t}!
1325 391 1473 444 V'lTA
1515 390 1569 442 S.
1612 388 1927 441 GREGORII
1966 388 2263 442 ABBATIS.

3256 384 3431 438 762,

227 502 633 565 onmipotcntem
660 540 673 559 ,
726 508 942 551 testatur
987 513 1221 552 sanctum
1279 501 1586 568 martyrium
1635 501 1747 567 ejus
1777 505 1819 556 Α
1846 514 2004 566 opere
2022 502 2189 563 bono;
2224 502 2469 553 docentes
2506 508 2557 555 et
2596 501 2911 555 instruentes
2934 502 2986 554 in
3012 502 3096 555 via
3120 500 3235 564 Dei,
3260 514 3361 567 qua

226 599 489 655 peractum
516 592 566 641 in
593 590 772 641 diebus
797 591 1095 649 senectutis,
1123 591 1280 640 etiam
1316 599 1435 639 tunc
1463 589 1631 639 nimia:
1660 588 1750 637 im-

228 677 521 729 becillitatis
564 677 796 743 corporis
824 677 919 735 sui,
954 676 1074 728 dum
1104 677 1152 727 iu
1180 676 1439 741 decrepita
1481 683 1633 727 aetate
1660 689 1749 739 po-

229 766 377 827 situs,
410 766 583 816 vivere
604 765 655 815 in
681 766 778 817 hoc
805 764 997 816 mundo
1024 779 1123 815 non
1154 764 1351 814 valeret
1374 763 1582 813 diutius.
1616 760 1748 812 Ecce

226 852 487 917 quomodo
512 853 718 918 sapiens
748 853 1065 903 architectus
1095 859 1144 903 et
1178 852 1374 902 electus
1400 850 1489 901 Dei
1519 848 1749 915 pontifex

228 938 542 999 Bonifacius,
572 954 673 991 non
706 955 859 1006 super
882 938 1089 990 ﬂuidam
1120 953 1331 990 arenam
1376 937 1585 988 humani
1622 952 1749 988 con-

228 1025 326 1076 silii
359 1034 412 1077 et
445 1025 681 1090 superba:
710 1027 1067 1087 contumacia},
1106 1027 1196 1077 sed
1234 1040 1394 1092 super
1437 1026 1749 1077 tutissimam

226 1121 426 1178 petram
466 1113 623 1165 divini
664 1113 865 1165 consilii
900 1122 952 1165 et
977 1114 1272 1178 apostolicIe
1296 1112 1600 1163 humilitatis
1623 1112 1749 1163 aedi-

227 1200 401 1252 ﬁcavit
425 1200 635 1252 domum
661 1215 825 1251 suam.
871 1200 933 1251 Et
974 1200 1188 1262 idcirco,
1229 1200 1351 1253 dum
1382 1199 1615 1251 venirent
1653 1196 1749 1250 ﬁu-

226 1286 363 1339 mina
395 1287 633 1345 humana:
660 1287 989 1339 adversitatis
1012 1301 1073 1339 ae
1095 1287 1519 1353 perturbationis,
1546 1285 1754 1337 ﬂarent-

226 1389 326 1440 q-ie
376 1376 516 1426 venti
569 1375 837 1427 diabolica:
891 1376 1196 1428 tentationis
1231 1384 1282 1428 et
1320 1356 1649 1445 calliditatis,
1702 1385 1753 1427 et

223 1464 574 1529 impingerent
618 1463 670 1514 in
714 1463 923 1515 domum
972 1463 1103 1529 ejus,
1158 1479 1259 1516 non
1310 1472 1588 1531 potuerunt
1637 1480 1753 1516 eam

226 1565 477 1603 movere:
511 1552 631 1616 quia
682 1552 965 1604 secundum
1015 1552 1218 1603 Domini
1262 1549 1486 1613 dictum,
1541 1551 1752 1602 fundata

223 1645 336 1688 erat
366 1653 526 1704 super
556 1639 756 1689 ﬁrmam
785 1646 1007 1704 petram,
1038 1652 1154 1704 quae
1180 1647 1323 1705 petra
1355 1646 1466 1690 erat
1492 1638 1750 1690 Christus.

224 1724 414 1777 Noster
473 1727 624 1781 modo
675 1727 989 1778 intercessor
1027 1734 1078 1778 et
1125 1726 1449 1779 certissimus
1502 1736 1755 1793 patronus

1848 589 1946 655 ipsi
1978 591 2140 651 ibant,
2186 605 2288 641 non
2327 589 2493 643 solum
2528 589 2774 656 populum
2800 597 2852 642 et
2877 604 3119 657 proceres
3140 587 3367 640 Franco-

1849 691 1962 727 rum
1991 695 2001 726 :
2032 677 2121 728 sed
2145 677 2300 729 etiam
2332 676 2471 742 ipsos
2506 692 2654 745 reges
2676 677 2954 746 religiosos
2971 677 3081 729 sale
3102 675 3367 744 sapientia:

1850 764 2036 816 divina:
2077 778 2178 815 non
2218 764 2551 816 mediocriter
2589 754 2913 817 condierunt.
2949 763 3014 816 Et
3047 760 3126 815 sic
3158 762 3210 815 in
3241 776 3367 815 con—

1848 866 2003 904 sensu
2043 860 2094 902 et
2137 852 2479 903 unanimitate
2507 866 2709 921 regum,
2758 860 2810 903 et
2853 850 3027 905 cuncti
3070 850 3245 917 populi
3280 863 3371 916 per

1849 954 2002 992 omne
2038 954 2254 1007 regnum
2288 939 2606 993 Francorum
2634 946 2902 1005 eruperunt
2928 938 3159 1006 quotidie
3202 936 3372 1002 magis

1850 1029 2119 1095 magisque
2151 1029 2479 1103 ‘detrimenta
2514 1027 2626 1080 ﬁeri
2660 1027 2895 1103 diabolo,
2945 1034 2997 1079 et
3048 1027 3369 1079 incrementa

1851 1113 2095 1166 Ecclesiae
2125 1101 2246 1177 Dei;
2285 1116 2543 1168 hmretiea:
2572 1101 2855 1183 pravitates
2886 1130 2985 1166 non
3017 1125 3285 1180 apparere,
3321 1117 3374 1160 et

1850 1203 2105 1256 catholica
2137 1203 2264 1255 ﬁdes
2286 1204 2336 1254 in
2360 1204 2602 1256 omnibus
2626 1203 2861 1266 rutilare,
2888 1216 2949 1255 ac
2976 1200 3157 1270 religio
3181 1198 3371 1252 munda

1850 1301 1902 1344 et
1932 1293 2261 1345 immaculata
2290 1293 2440 1361 longe
2470 1292 2673 1359 lateque
2700 1292 3008 1344 clarescere.

1919 1382 2000 1433 15.
2042 1380 2142 1433 Sed
2169 1382 2289 1449 quia
2315 1382 2485 1434 adhuc
2510 1397 2673 1448 usque
2702 1379 3046 1433 communiter
3070 1387 3123 1432 et
3148 1378 3374 1439 mixtim,

1851 1483 1990 1520 nunc
2013 1467 2078 1519 de
2102 1477 2283 1521 saneto
2316 1470 2564 1536 magistro
2587 1474 2641 1520 et
2665 1475 2897 1535 martyre
2927 1464 3211 1527 Bonifacio,
3239 1480 3377 1516 nunc

1819 1570 1827 1575 '
1851 1556 1915 1608 de
1940 1557 2092 1609 beato
2119 1555 2370 1624 Gregorio
2402 1556 2567 1609 electo
2595 1556 2848 1623 discipulo
2875 1552 3004 1620 ejus,
3033 1554 3232 1607 modica
3262 1568 3377 1618 qua:

1851 1647 1993 1713 potui
2033 1661 2097 1699 ex
2132 1648 2351 1715 magnis,
2387 1648 2452 1700 de
2478 1654 2657 1699 sancta
2687 1660 2866 1698 eorum
2891 1634 3285 1698 conversatione
3309 1644 3376 1694 ob

1854 1735 2133 1787 utilitatem
2163 1736 2482 1787 audientium
2519 1744 2571 1789 et
2598 1734 2890 1803 exemplum
2917 1734 3207 1787 futurorum
3236 1733 3375 1785 litte-

221 1815 355 1879 iltmd
392 1814 550 1865 Deum
578 1812 924 1865 COHSidemVil
951 1813 1294 1879 perpendens.
1326 1814 1376 1864 ἱιι
1401 1820 1593 1879 quanto
1619 1814 1754 1879 Peri—
1789 1796 1826 1852 Β
1857 1822 1927 1872 ris
1962 1823 2329 1874 commendare
2375 1823 2580 1883 curavi;
2625 1796 2869 1889 deinceps
2909 1821 3201 1890 specialiter
3240 1820 3377 1872 beati

222 1900 339 1952 culo
378 1909 431 1951 et
472 1899 699 1960 miseria,
748 1899 972 1952 humana
1018 1900 1301 1952 constituta
1348 1901 1417 1951 sit
1459 1900 1752 1952 infirmitas.

222 1986 332 2039 Non
381 1988 430 2038 in
468 1989 748 2053 semetipso
782 1988 955 2053 posuit
992 1987 1232 2041 ﬁduciam
1270 2002 1434 2047 suam,
1468 1988 1616 2055 juxta
1648 2003 1757 2040 mo-

221 2091 334 2127 rem
373 2076 715 2140 superborum
760 2076 925 2141 partis
964 2074 1195 2127 adversae
1223 2089 1236 2124 :
1271 2076 1359 2126 sed
1392 2075 1456 2125 ad
1487 2074 1754 2126 humilita-

224 2175 326 2218 tem
355 2165 693 2230 apostolicam
723 2172 775 2215 et
806 2163 1029 2215 ﬁliorum
1059 2162 1149 2214 Dei
1177 2162 1418 2223 recurrit,
1462 2163 1511 2213 in
1549 2162 1758 2228 largita-

222 2262 325 2304 tem
356 2253 547 2303 divina:
580 2250 953 2303 misericordia:
981 2258 1032 2302 et
1060 2250 1296 2301 devotam
1327 2248 1756 2314 supplicationem

224 2338 475 2391 Ecclesiz'e
503 2338 592 2390 Dei
624 2338 867 2390 solidavit
899 2352 1043 2405 spem
1078 2352 1245 2389 suam.
1279 2336 1366 2389 Sic
1396 2336 1531 2388 enim
1559 2344 1611 2388 et
1636 2351 1760 2402 apo-

223 2428 342 2478 stoli
370 2426 591 2486 Christi,
618 2440 903 2490 eorumque
928 2439 1260 2476 successores
1288 2432 1339 2476 et
1372 2425 1669 2475 coluerech
1708 2416 1758 2475 in

226 2530 387 2580 regno
428 2515 542 2575 Dei,
584 2515 635 2566 in
665 2514 804 2566 omni
851 2512 1027 2565 labore
1053 2520 1105 2564 et
1130 2511 1469 2563 tribulatione
1499 2525 1613 2572 sua,
1643 2525 1761 2562 ora-

225 2606 367 2656 tione
396 2603 645 2657 Eeclesire
673 2603 763 2655 Dei
791 2602 904 2654 sine
945 2600 1336 2653 intermissione
1371 2600 1556 2666 azljuti,
1584 2599 1759 2652 omnia

223 2700 515 2758 potuerunt
556 2690 775 2757 implere
818 2704 934 2756 qua:
979 2688 1057 2742 eis
1101 2696 1360 2757 praecepta
1393 2696 1545 2741 erant
1584 2704 1613 2740 a
1661 2688 1761 2740 Do-

226 2782 389 2832 mino.
434 2779 804 2849 Eia‘prmsules
838 2786 890 2831 et
929 2779 1301 2846 prmdicatores
1331 2776 1503 2844 populi
1531 2776 1643 2837 Dei,
1675 2790 1760 2829 eo—

224 2871 340 2919 dem
388 2866 585 2917 honore
623 2871 676 2916 et
716 2864 829 2932 pari
872 2866 1032 2932 gradu
1070 2864 1122 2916 in
1160 2864 1259 2916 hoc
1292 2862 1482 2915 saeculo
1509 2862 1759 2923 decorati,

223 2956 443 3023 aspicite
487 2963 540 3008 et
590 2954 892 3021 intelligite,
938 2960 990 3005 et
1035 2952 1286 3005 assumite
1314 2951 1608 3018 exemplum
1631 2950 1760 3015 justi

228 3043 459 3097 hominis
487 3059 499 3092 :
528 3049 585 3093 ut
620 3056 737 3094 cum
782 3040 955 3093 vocati
984 3053 1013 3090 a
1044 3039 1148 3091 Deo
1181 3044 1233 3090 et
1258 3038 1409 3090 electi
1436 3038 1501 3088 ab
1530 3036 1760 3089 Ecclesia

228 3130 343 3190 Dei,
376 3144 480 3181 non
510 3129 817 3181 muneribus
853 3127 1120 3187 obcaecati,
1158 3126 1221 3177 ad
1249 3124 1468 3192 gradum
1492 3124 1759 3191 episcopa-

227 3230 309 3272 tus
330 3228 384 3271 et
408 3220 471 3271 ad
495 3219 725 3285 regimen
746 3225 981 3270 sanctum
1003 3215 1346 3274 accesseritis,
1362 3212 1510 3278 juxta
1535 3212 1757 3265 formam

224 3306 340 3371 ejus
368 3321 464 3358 vos
493 3305 790 3367 instituere,
814 3302 1144 3368 fructumque
1191 3299 1377 3353 afferre
1406 3299 1621 3351 valeatis
1646 3312 1759 3365 per-

226 3408 535 3446 mansurum
563 3392 615 3444 in
636 3392 795 3445 vitam
828 3398 1102 3443 aeternam.

297 3482 384 3532 l2.
427 3472 490 3533 Et
520 3481 573 3532 in
599 3480 688 3533 illo
721 3494 928 3547 quoque
963 3480 1167 3540 itinere,
1219 3482 1343 3529 dum
1381 3484 1591 3529 sanctus
1622 3490 1761 3526 mar-

229 3580 313 3636 tyr
342 3567 647 3622 Bonifacius
696 3567 906 3629 Romre,
954 3566 1087 3619 sicut
1131 3566 1367 3633 superius
1410 3566 1605 3616 dictum
1648 3572 1758 3626 est,

229 3674 382 3711 sacro
411 3657 573 3724 gradu
606 3656 914 3709 sublimatus
952 3662 1062 3716 est,
1100 3655 1283 3706 beatus
1319 3652 1599 3720 Gregorius
1628 3667 1761 3718 pia:-

228 3754 414 3813 eeptor
465 3760 626 3805 meus,
679 3744 843 3796 electo
892 3744 1142 3810 magistro
1198 3741 1532 3809 infatigabilis
1587 3755 1762 3792 comes

228 3832 549 3899 permansit;
582 3832 803 3891 intrans,
834 3838 885 3882 et
913 3829 1201 3895 egrediens,
1230 3836 1283 3879 et
1309 3843 1529 3895 pergens
1563 3828 1625 3879 ad
1662 3827 1756 3877 im-

229 3925 435 3991 perium
480 3920 612 3986 ejus,
659 3920 792 3971 sicut
832 3932 1037 3984 semper
1087 3918 1284 3970 solebat
1325 3917 1374 3967 in
1421 3917 1559 3967 ornni
1607 3929 1763 3981 opere

229 4013 388 4063 bono.
423 4009 486 4061 Et
509 4024 611 4062 non
642 4007 809 4061 solum
842 4006 892 4058 in
917 4007 1015 4058 hoe
1050 4005 1231 4058 eodem
1268 4004 1472 4065 itinere,
1520 4004 1759 4055 meritum

231 4097 549 4151 humilitatis
594 4104 647 4148 et
696 4095 1005 4148 obedientize
1042 4108 1147 4146 sua:
1186 4092 1403 4159 peregit,
1452 4099 1507 4141 ut
1550 4091 1760 4157 dignum

230 4193 310 4237 est
340 4182 583 4249 juniores
620 4182 769 4233 subdi
817 4180 1111 4232 senioribus
1154 4187 1207 4231 et
1247 4178 1532 4245 majoribus
1571 4178 1679 4228 suis
1709 4178 1761 4227 in

230 4271 507 4333 omnibus;
543 4268 632 4321 sed
654 4268 811 4320 etiam
842 4267 989 4334 plura
1014 4266 1272 4317 volumina
1303 4273 1598 4317 sanctarum
1623 4263 1763 4315 Seri-

1855 1907 2091 1977 Gregorii
2119 1908 2252 1962 facta
2280 1918 2332 1961 et
2352 1912 2595 1973 virtutes,
2616 1918 2669 1962 et
2693 1909 2970 1963 salutiferae
2994 1900 3380 1976 prmdicationis

1854 1997 2185 2057 documenta,
2236 1997 2426 2063 quibus
2469 1996 2664 2048 erudiri
2699 1996 2818 2048 licet
2844 1990 3102 2063 indignus,
3138 2004 3190 2046 et
3220 1996 3379 2046 inter-

1855 2099 1970 2138 esse
1998 2086 2162 2137 merui
2188 2085 2253 2136 ab
2284 2085 2518 2145 infantia,
2540 2084 2721 2150 paucis
2742 2084 2943 2150 aperire
2968 2098 3071 2150 non
3097 2083 3375 2150 negligam.

1856 2170 1919 2222 Et
1947 2172 2135 2236 primo,
2176 2172 2387 2238 dignum
2431 2180 2484 2223 et
2528 2169 2864 2222 memorabile
2890 2145 3019 2236 opu’s
3045 2168 3110 2220 ab
3135 2182 3197 2220 eo
3223 2182 3379 2220 evan-

1854 2259 2017 2326 geliee
2049 2269 2332 2325 peractum,
2373 2259 2715 2311 intimandum
2744 2258 3005 2317 existimo,
3042 2257 3180 2324 quod
3210 2256 3271 2309 de
3300 2270 3382 2309 re-

1855 2347 2102 2399 missione
2128 2356 2180 2400 et
2210 2348 2527 2415 indulgentia
2572 2348 2900 2401 inimicorum
2944 2347 3167 2399 mirabili
3209 2345 3379 2399 chari-

1859 2446 1963 2489 tate
1984 2446 2036 2489 et
2060 2437 2284 2503 posteris
2312 2435 2584 2503 profuturo
2614 2436 2852 2503 exemplo
2874 2435 3125 2503 implevit.
3152 2434 3382 2487 Fuerunt

1856 2524 1902 2574 ei
1930 2522 2120 2575 fratres
2147 2524 2344 2576 nobiles
2374 2530 2426 2575 et
2455 2523 2632 2575 eximii
2674 2524 2739 2575 de
2776 2530 2922 2590 patre
2957 2522 3208 2589 generati,
3233 2532 3284 2575 et
3318 2521 3383 2573 de

1859 2624 2025 2667 matre
2069 2613 2180 2680 ejus
2206 2614 2312 2665 nati
2356 2613 2443 2665 alii
2485 2611 2693 2674 fratres,
2739 2620 2790 2664 et
2839 2619 3069 2678 tempore
3106 2618 3160 2662 et
3187 2610 3385 2661 viribus

1858 2701 2139 2755 secundum
2184 2702 2361 2753 saeculi
2397 2702 2702 2769 dignitatem
2748 2700 3025 2753 minores:
3066 2697 3254 2764 quibus
3295 2711 3384 2747 ne-

1858 2804 2003 2843 cesse
2045 2798 2157 2840 erat
2192 2790 2243 2840 in
2279 2790 2528 2856 obsequio
2565 2804 2680 2841 esse
2722 2787 2996 2853 majorum.
3048 2786 3262 2839 Factum
3304 2794 3385 2837 est

1859 2884 2052 2937 autem,
2088 2884 2143 2927 ut
2176 2876 2334 2941 aliqui
2374 2890 2435 2927 ex
2480 2873 2763 2940 majoribus
2799 2873 3049 2926 fratribus
3083 2872 3319 2924 honorati
3351 2888 3379 2923 a

1860 2982 2004 3034 rege,
2046 2967 2382 3019 mitterentur
2406 2966 2456 3017 in
2483 2965 2847 3033 longinquiora
2879 2978 3036 3031 regna
3063 2961 3381 3021 Galliarum;

1862 3052 1984 3104 illuc
2008 3060 2061 3103 et
2088 3051 2356 3117 subsequi,
2394 3060 2445 3104 et
2475 3051 2729 3103 inhzerere
2773 3064 2986 3103 necesse
3022 3057 3135 3102 erat
3164 3047 3382 3114 juniori-

1859 3142 1971 3193 bus.
2018 3140 2145 3192 Dum
2176 3154 2300 3192 vero
2350 3147 2467 3205 post
2512 3141 2736 3204 spatium
2782 3140 3032 3205 temporis
3076 3138 3290 3204 peracti,
3331 3144 3383 3188 et

1857 3237 2104 3295 parentes
2130 3226 2344 3279 visitare
2367 3226 2595 3294 placeret
2628 3235 2679 3277 et
2704 3226 2956 3291 patriam;
2985 3232 3195 3291 accepta
3224 3223 3381 3275 licen-

1858 3317 1927 3368 tia
1952 3332 1977 3366 a
2006 3315 2297 3368 senioribus
2329 3314 2454 3373 suis,
2495 3316 2596 3367 duo
2621 3314 2808 3367 uterini
2841 3312 3029 3366 fratres
3052 3311 3385 3379 praeceptoris

1859 3402 1961 3454 mei
2008 3400 2246 3467 Gregorii
2301 3409 2573 3466 coeperunt
2618 3400 2726 3461 ire,
2792 3408 2843 3450 et
2900 3399 3217 3464 propositam
3266 3412 3383 3450 car-

1860 3504 1981 3556 pere
2009 3489 2168 3547 viam,
2206 3496 2260 3537 nt
2289 3488 2355 3538 ad
2384 3486 2680 3547 Franciam,
2722 3486 2770 3537 id
2811 3495 2889 3537 est
2932 3485 3167 3536 naturale
3192 3484 3372 3543 solum,

1860 3578 2132 3645 pervenire
2169 3577 2477 3642 potuissent.
2507 3577 2603 3641 Qui
2634 3576 2757 3628 dum
2791 3578 2926 3628 irent
2961 3576 3012 3627 in
3038 3576 3140 3637 via,
3164 3574 3379 3641 juvenili

1790 3706 1799 3714 .
1861 3662 2074 3715 audacia
2112 3662 2331 3728 amplius
2369 3663 2536 3713 securi
2566 3676 2719 3728 quam
2759 3669 3041 3729 Oporteret,
3071 3662 3121 3712 in
3158 3660 3382 3728 quadam

1859 3751 1987 3802 silva
2036 3750 2298 3801 latronum
2345 3749 2543 3801 crudeli
2597 3764 2751 3801 manu
2791 3750 3096 3802 circumdati
3138 3758 3191 3801 et
3226 3748 3383 3801 occisi

1860 3846 1997 3890 sunt.
2057 3836 2203 3901 Quod
2248 3836 2424 3889 statim
2473 3848 2577 3889 tam
2624 3838 2842 3903 lugubre
2876 3838 3113 3889 nuntium
3151 3836 3386 3889 dominos

1861 3941 2040 3979 eorum
2064 3925 2220 3977 celari
2250 3925 2575 3991 non-potuit,
2598 3925 2684 3990 qui
2717 3925 2767 3975 in
2794 3924 2895 3975 illis
2916 3923 3097 3976 diebus
3124 3924 3384 3990 principa-

1861 4021 1970 4065 tum
2006 4027 2106 4063 non
2135 4012 2395 4064 modicum
2431 4011 2555 4077 ipsis
2582 4010 2631 4062 in
2662 4011 2786 4063 locis
2816 4012 3125 4062 habuerunt.
3159 4009 3305 4074 Quod
3330 4017 3385 4061 ut

1860 4098 2157 4157 audierunt,
2202 4086 2458 4149 miserunt
2501 4098 2905 4163 circumquaque
2952 4096 3197 4148 satellites
3240 4111 3382 4153 suos.

1859 4188 1946 4254 qui
1968 4187 2179 4239 eosdem
2203 4186 2428 4238 latrones
2449 4192 2500 4237 et
2523 4185 2795 4257 carniﬁces
2820 4185 3152 4251 exquirerent
3172 4192 3223 4236 et
3244 4198 3384 4236 com-

1860 4275 2264 4341 prchenderent.
2290 4273 2385 4337 Qui
2414 4280 2467 4324 et
2493 4272 2686 4323 inventi
2728 4280 2780 4323 et
2822 4273 3203 4340 comprehensi,
3241 4258 3295 4324 et
3321 4272 3383 4327 li—

231 4368 534 4427 pturarum,
576 4357 827 4426 largiente
873 4355 1110 4414 Domino,
1154 4354 1257 4405 illic
1284 4352 1581 4419 acquisivit,
1608 4359 1662 4403 et
1684 4367 1760 4403 se-
1788 4380 1834 4438 υ
1861 4360 1968 4429 gati
2009 4361 2186 4413 statim
2230 4359 2437 4411 adducti
2467 4366 2604 4410 sunt.
2635 4358 2700 4410 Et
2736 4358 2859 4411 licet
2892 4361 3031 4426 digni
3072 4359 3386 4414 haberentur

231 4461 352 4498 cum
395 4442 518 4497 inde
552 4445 616 4497 ad
645 4442 933 4510 profectum
975 4444 1242 4509 proprium
1285 4442 1759 4508 discipulorumque

232 4545 453 4585 suorum
483 4544 582 4582 non
609 4530 813 4581 modico
843 4529 1020 4582 labore
1060 4531 1267 4582 advexit
1312 4531 1541 4583 domum.
1576 4532 1683 4583 Sed
1709 4538 1759 4583 et

233 4632 432 4687 pueros
458 4617 587 4669 duos
615 4631 731 4670 cum
766 4630 1024 4668 consensu
1060 4618 1292 4685 magistri
1321 4618 1369 4668 in
1399 4618 1759 4684 diseipulatum

234 4722 409 4767 suum,
462 4702 832 4755 Marcbelmum
870 4714 897 4739 ι
932 4702 1172 4755 videlicet
1214 4712 1266 4756 et
1306 4704 1658 4756 Marcuvinum
1698 4706 1760 4757 de

234 4800 391 4860 gente
430 4789 733 4863 Angloru/m,
766 4802 939 4842 secum
984 4788 1102 4840 inde
1147 4789 1377 4840 adduxit.
1427 4790 1497 4840 De
1540 4804 1760 4854 quorum

237 4878 449 4931 seniore
499 4875 813 4926 Marehelmo
852 4874 1237 4941 religiosissime
1286 4881 1341 4925 et
1390 4885 1569 4927 sancto
1616 4876 1761 4937 viro,

239 4970 299 5014 ut
318 4961 534 5028 dignum
562 4966 660 5021 est,
691 4959 915 5011 donante
940 4960 1063 5021 Deo,
1092 4975 1187 5011 suo
1212 4957 1326 5011 loco
1348 4958 1537 5025 aliquid
1562 4960 1765 5026 plenius

242 5048 436 5100 dicam.
498 5047 641 5099 Tunc
702 5043 822 5096 felix
870 5046 1182 5109 comitatus,
1233 5048 1479 5113 magister
1528 5048 1768 5099 videlicet

182 5120 189 5122 ἡ
242 5144 460 5188 sanctus
491 5142 542 5186 et
578 5132 812 5199 discipuli
850 5136 961 5196 ejus
1002 5132 1170 5191 electi,
1219 5141 1271 5185 et
1306 5134 1529 5200 propriis
1568 5136 1767 5187 meritis

243 5232 293 5285 et
323 5220 697 5274 intercessione
720 5220 888 5271 omnis
917 5219 1042 5270 clcri
1082 5233 1143 5269 ae
1182 5218 1388 5271 familiae
1430 5221 1591 5271 sancti
1624 5222 1762 5272 Petri

245 5308 592 5365 commendati
633 5308 747 5359 Deo
766 5317 818 5359 et
855 5309 1049 5360 sanctis
1084 5306 1223 5371 ejus,
1268 5308 1461 5359 reversi
1507 5309 1762 5360 sunt'do-

246 5409 410 5455 mum,
444 5402 737 5446 crescentes
776 5402 828 5443 et
864 5394 1191 5459 proﬁcientes
1226 5408 1287 5443 ex
1319 5392 1405 5443 illo
1434 5394 1516 5444 die
1541 5393 1595 5446 in
1623 5394 1763 5445 omni

1860 4448 2000 4498 omni
2050 4460 2219 4512 poena,
2254 4452 2307 4497 et
2330 4445 2689 4499 crudelissima
2726 4453 2895 4497 morte
2934 4446 3183 4510 interﬁci;
3214 4456 3383 4500 tamen

1861 4533 1926 4584 ob
1951 4532 2294 4583 reverentiam
2325 4540 2376 4583 et
2403 4545 2635 4583 amorem
2656 4526 2835 4582 fratris
2860 4545 3041 4583 eorum
3067 4533 3239 4585 domui
3260 4532 3388 4584 Gre-
3420 4570 3427 4574 -

1861 4619 2015 4687 gorii,
2045 4620 2362 4687 cogitabant,
2392 4626 2447 4669 ut
2481 4632 2597 4669 eum
2628 4618 2820 4685 aliquid
2850 4619 2899 4670 in
2926 4620 3022 4672 hoc
3052 4620 3381 4671 consolaren-

1865 4716 1949 4757 tur
1972 4714 2088 4773 post
2111 4713 2330 4755 mortem
2363 4704 2663 4765 charorum,
2684 4706 2727 4756 si
2757 4706 2895 4772 ipsos
2922 4706 3206 4757 homicidas
3228 4713 3281 4757 et
3310 4706 3386 4756 in-

1864 4792 2167 4843 terfectores
2211 4804 2390 4840 eorum
2418 4789 2482 4840 ad
2508 4789 2619 4855 ejus
2652 4791 2934 4842 dominium
2973 4800 3025 4841 et
3057 4798 3384 4859 pra-sentiam

1863 4878 2136 4943 pervenire
2168 4875 2416 4944 facerent,
2460 4884 2515 4927 ut
2557 4877 2621 4928 ad
2664 4877 3071 4931 satisfactionem
3099 4890 3151 4932 et
3185 4884 3387 4952 mitiga-

1864 4965 2057 5015 tionem
2092 4962 2284 5015 doloris
2316 4964 2417 5025 sui,
2447 4964 2583 5030 quali
2617 4963 2765 5015 vellet
2795 4974 2959 5017 morte
2988 4968 3093 5033 ipse
3117 4971 3386 5022 eosinter-

1866 5052 1948 5102 ﬁci
1977 5050 2198 5117 juberet.
2232 5053 2379 5114 Quod
2407 5061 2457 5103 et
2486 5050 2747 5115 fecerunt;
2799 5054 2927 5106 duos
2954 5071 3017 5107 ex
3042 5056 3140 5107 illis
3164 5072 3389 5123 pnesen-

1868 5138 1965 5187 tari
1987 5136 2250 5216 jubentes.
2279 5138 2557 5189 carnaliter
2599 5139 2852 5190 duntaxat
2888 5144 3174 5208 c0gitantes
3201 5159 3384 5197 secun—

1869 5223 1988 5275 dum
2028 5224 2236 5275 stultam
2277 5224 2602 5289 sapientiam
2626 5228 2797 5278 saeculi
2826 5227 2994 5292 hujus,
3022 5244 3135 5293 qua:
3163 5230 3323 5283 inimii
3343 5232 3385 5282 is

1870 5309 1949 5375 pie
1975 5324 2189 5375 parcere
2218 5324 2316 5360 non
2348 5311 2505 5361 novit.
2538 5311 2651 5378 Ipse
2679 5328 2821 5371 vero,
2854 5321 2909 5363 ut
2934 5322 3048 5367 erat
3071 5294 3153 5368 vir
3174 5316 3383 5382 spirita-

1871 5395 1953 5457 lis,
1986 5397 2167 5448 doctus
2192 5411 2219 5446 a
2243 5397 2461 5449 Domino
2486 5397 2607 5449 Jesu
2634 5398 2840 5450 Christo
2872 5408 2925 5453 et
2951 5409 3129 5454 saneto
3154 5402 3386 5470 Evange-

316 5533 341 5560 ι
381 5521 481 5572 Hic
522 5530 600 5574 est
629 5520 979 5593 Ablarchelmus
1029 5520 1189 5593 sancti
1234 5517 1764 5593 S_t.1idbe_rti_episcopi
1805 5532 1976 5570 eomes
2013 5536 2069 5571 ar
2106 5519 2407 5585 discipulus,
2445 5522 2523 5571 cui
2556 5525 2729 5588 spuria
2782 5525 2846 5577 de
2902 5533 3081 5593 saneto
3112 5525 3388 5579 Suidberto

251 5596 546 5645 Commenta
574 5590 868 5641 tribuuntur
899 5588 991 5637 sub
1020 5588 1222 5636 uoutine
1252 5586 1547 5636 Marcellini.
