3886 6228
497 399 599 451 763
1166 448 1167 453 η
1250 400 1306 455 S.
1345 401 1712 458 LUDGERUS
1749 401 2153 455 MlMlGARDEl‘
2171 403 2498 460 URDENSIS
2535 407 2917 473 EPlSCOPUS.
3564 421 3667 475 761

492 510 564 573 lio
582 507 715 575 ejus,
748 510 797 562 in
824 524 929 578 quo
950 511 1205 565 didicerat
1228 515 1522 581 scriptum:
1552 513 1757 582 Diligite
1790 514 2020 567 inimicos
2049 517 2093 572 Α
2125 516 2226 567 Deo
2249 514 2297 568 ei
2325 518 2501 571 datum
2547 519 2727 583 fuisse,
2762 525 2849 591 qui
2891 522 3122 599 ejusdem
3149 529 3303 583 electi
3336 533 3435 583 viri
3465 542 3517 586 et
3545 533 3667 590 vita

491 608 715 662 vostros;
756 596 1031 666 benefacite
1064 599 1144 652 Iu‘s
1172 601 1259 669 qui
1293 601 1507 655 oderunt
1540 618 1644 659 nos.
1686 612 1740 654 ut
1782 604 1894 654 sitis
1924 602 2021 669 ﬁlii
2122 607 2366 658 meritum
2391 622 2612 673 pensare
2635 611 2878 674 voluerit,
2911 623 2965 665 et
2986 596 3432 683 pretiosissimum
3458 625 3665 690 sapient.

492 680 669 739 Patris
692 687 840 739 vestri
878 688 963 756 qui
1004 688 1062 740 in
1094 688 1232 741 caelis
1271 698 1343 740 est
1380 688 1589 759 (Matth.
1615 688 1693 759 v),
1719 690 2023 757 spiritaliter
2122 693 2207 744 tia:
2235 692 2349 758 ejus
2394 696 2695 751 thesaurum
2743 680 3077 770 investigare.
3131 704 3418 773 Propterea
3464 680 3532 762 et.
3560 712 3665 765 hoc

488 784 583 827 eos
613 780 668 826 et
692 780 961 841 gratanter
998 770 1258 841 suscepit;
1296 776 1534 843 cogitans
1575 776 1841 843 utrinque,
1876 775 2021 828 etde
2121 779 2330 865 dignum
2377 796 2493 836 esse
2539 788 2791 838 memoria
2823 788 3059 853 videtur,
3110 770 3341 859 qualiter
3377 794 3660 864 discipulos

488 871 582 911 sua
612 860 781 914 salute
807 861 1145 931 sempiterna,
1176 870 1230 914 et
1260 863 1325 915 de
1366 862 1589 915 fratrum
1626 862 2016 915 interfectorum
2118 882 2240 920 suos
2262 860 2421 921 simul
2448 886 2568 923 cum
2592 874 2669 926 eis
2709 878 2975 930 communi
3014 878 3125 931 vita
3165 860 3548 947 conversando,
3601 896 3660 940 ut

487 946 1218 1017 absolutionezexemploque
1237 950 1463 1015 posteris
1482 948 1775 1016 profuturo,
1798 958 1851 1003 et
1864 948 2021 1015 jussit
2116 961 2267 1020 pater
2308 954 2443 1009 ﬁlios
2486 959 2723 1013 educarit
2766 970 2818 1015 et
2844 964 3106 1029 dilexerit,
3153 968 3475 1038 singulisque
3512 981 3660 1027 tanto

485 1049 577 1089 eos
612 1036 833 1100 absolvi,
871 1045 925 1091 et
955 1036 1211 1099 balneari,
1244 1038 1478 1090 vestibus
1504 1038 1643 1091 indui
1677 1040 1902 1101 mundis,
1941 1048 2019 1091 at-
2116 1041 2388 1095 charitatis
2434 1045 2634 1112 glutino
2671 1046 3018 1118 jungeretur,
3064 1062 3121 1106 ut
3147 1036 3495 1122 apostolicum
3534 1059 3663 1112 illud

480 1138 583 1193 que
609 1124 741 1178 cibis
770 1124 930 1178 reﬁci.
961 1126 1108 1178 Tunc
1143 1125 1209 1177 ad
1248 1140 1303 1179 se
1329 1125 1498 1179 ductis
1523 1128 1771 1195 praecepit
1796 1129 1975 1181 dicens
2002 1146 2013 1179 :

482 1211 556 1265 Ite
600 1212 653 1265 in
689 1228 852 1280 pace;
882 1220 936 1266 et
960 1222 1161 1276 cavete,
1193 1222 1249 1267 ut
1286 1226 1389 1267 non
1426 1214 1643 1268 ulterius
1683 1216 1785 1268 tale
1819 1216 2014 1268 malum

479 1302 816 1369 perpetretis,
853 1309 928 1355 ne
946 1303 1177 1355 deterius
1201 1303 1351 1356 vobis
1386 1303 1584 1371 aliquid
1621 1298 1910 1372 contingat.
1953 1304 2017 1356 Et

472 1390 632 1458 jussit
674 1391 724 1443 in
759 1406 887 1458 pace
922 1392 1128 1455 deduci,
1175 1392 1464 1445 admonens
1492 1402 1708 1461 paterna
1733 1394 2014 1457 charitate,

477 1488 538 1532 ut
570 1494 598 1531 a
628 1480 833 1533 caeteris
868 1482 1176 1548 propinquis
1222 1482 1331 1535 suis
1372 1479 1527 1536 caute
1566 1496 1622 1535 se
1664 1481 2009 1534 custodirent.

475 1565 608 1631 Quid
635 1583 732 1621 nos
764 1569 951 1622 modici
970 1577 1024 1622 et
1045 1569 1240 1622 infirmi
1261 1571 1325 1623 ad
1354 1571 1467 1623 haec
1485 1569 1673 1623 dicturi
1699 1584 1899 1631 sumus,
1924 1571 2011 1637 qui

474 1670 571 1709 nec
598 1657 798 1709 minimi
820 1659 964 1719 verbi
990 1658 1257 1711 lzesionem
1298 1660 1494 1725 absque
1530 1658 1750 1723 ultione,
1796 1660 1885 1711 ubi
1935 1658 2011 1711 fa-

2114 1138 2352 1183 sanctum
2392 1141 2446 1185 et
2473 1134 2781 1201 praeclarum
2824 1140 3180 1194 testimonium
3212 1158 3313 1195 non
3360 1154 3567 1199 tantum
3596 1163 3661 1201 ex

2111 1223 2205 1267 ore
2233 1217 2495 1309 proferret
2516 1222 2580 1309 ad
2604 1222 3000 1309 aedificationem
3022 1229 3365 1292 audientium,
3388 1233 3477 1284 sed
3501 1248 3662 1301 opere

2112 1312 2165 1353 et
2201 1305 2423 1359 veritate
2466 1308 2532 1360 ad
2558 1305 2869 1363 imitandum
2896 1316 3100 1367 cunctis
3142 1317 3463 1380 ostenderet,
3520 1322 3662 1387 quod

2113 1392 2175 1444 de
2202 1394 2474 1448 vocatione
2500 1406 2553 1449 et
2568 1398 2823 1453 electione
2850 1402 3083 1455 omnium
3108 1405 3339 1471 gentium
3366 1422 3397 1459 a
3413 1407 3473 1458 Β.
3502 1407 3660 1463 Petro

2112 1482 2345 1547 apostolo
2360 1484 2557 1538 dictum
2583 1496 2826 1541 constat:
2853 1474 3118 1552 Quomodo
3144 1492 3199 1544 in
3221 1494 3358 1545 omni
3382 1505 3550 1563 geste,
3573 1498 3662 1564 qui

2109 1568 2249 1621 timet
2286 1569 2465 1632 Deum,
2514 1582 2561 1625 et
2591 1584 2831 1643 operatur
2854 1576 3145 1644 justitiam,
3193 1592 3429 1651 acceptus
3469 1594 3545 1636 est
3582 1583 3663 1636 illi

2110 1655 2243 1729 (Act.
2273 1659 2348 1726 ι).
2398 1658 2509 1713 Non
2533 1662 2674 1714 enim
2701 1677 2765 1715 ex
2789 1679 2890 1732 una
2922 1666 3158 1733 qualibet
3180 1681 3335 1739 gente
3366 1673 3482 1740 ejus
3508 1684 3665 1729 erant

472 1744 642 1798 cultas
680 1745 927 1814 suppetit,
971 1744 1112 1798 ferre
1160 1746 1436 1799 valemus?
1465 1747 1595 1799 Dum
1644 1748 1709 1800 de
1757 1747 2007 1815 perfectis
2106 1744 2347 1809 discipuli
2381 1750 2716 1817 congregati,
2756 1752 2847 1806 sed
2877 1768 2941 1805 ex
2978 1756 3210 1833 omnium
3236 1759 3533 1814 vicinarum
3559 1777 3660 1813 na-

472 1834 598 1886 talia
630 1833 1014 1902 cognoscimus,
1053 1847 1351 1901 pensemus,
1391 1836 1480 1887 ubi
1518 1842 1695 1887 nostra
1735 1834 2013 1888 infirmitas
2045 1828 2082 1882 Β
2112 1832 2312 1885 tionum
2361 1832 2576 1889 ﬂoribus
2617 1838 2869 1899 adunati;
2915 1850 2965 1894 et
3013 1832 3157 1896 tanta
3207 1845 3569 1902 familiaritate
3603 1858 3661 1903 et

470 1930 734 1990 prostrata
775 1920 991 1989 jaceat,
1042 1937 1159 1991 quae
1207 1938 1475 1991 nunquam
1530 1924 1633 1977 tale
1679 1925 1874 1992 aliquid
1930 1926 2012 1979 vel

473 2016 648 2064 mente
673 2011 946 2079 concepit:
972 2019 1031 2065 ut
1064 2010 1189 2065 ﬂere
1223 2013 1391 2081 magis
1418 2013 1600 2077 libeat,
1631 2030 1789 2082 quam
1816 2015 2012 2081 aliquid

470 2098 664 2153 dicere.
701 2098 944 2153 Forsitan
981 2099 1295 2153 obtinebunt
1336 2101 1486 2153 nobis
1529 2102 1732 2154 veniam
1769 2102 2013 2169 lacryinze

470 2186 609 2254 apud
646 2187 789 2255 pium
832 2186 1067 2255 jndicem
1103 2188 1287 2251 Deum,
1328 2189 1416 2254 qui
1449 2188 1501 2241 in
1531 2191 1734 2243 meritis
1767 2190 2009 2244 ﬁduciam

469 2272 666 2327 bal-ere
690 2289 795 2329 non
823 2289 1121 2343 possumus.

537 2360 622 2413 ll.
648 2360 751 2413 Sed
777 2369 830 2413 et
858 2361 957 2414 boc
979 2360 1186 2415 silentio
1206 2362 1421 2415 minime
1446 2364 1723 2431 tegendum
1746 2373 1847 2428 est,
1872 2366 2009 2432 quod

470 2447 789 2503 Marchelmo
835 2449 1120 2502 venerabili
1168 2451 1580 2505 vironarrante
1624 2453 1815 2517 didici,
1862 2456 2011 2522 cujus

465 2536 711 2605 superius
751 2537 1058 2591 memoriam
1099 2537 1235 2591 feci:
1266 2539 1387 2605 quia
1413 2547 1533 2607 post
1554 2542 1861 2610 martyrium
1891 2556 2011 2593 san-

463 2623 536 2677 cti
566 2624 821 2694 magistri,
860 2639 889 2676 a
914 2639 1018 2692 quo
1042 2639 1137 2691 per
1175 2627 1397 2695 gratiam
1428 2625 1622 2680 Christi
1668 2636 1720 2681 et
1761 2629 2009 2682 meritum

464 2712 758 2765 sanctitatis
800 2711 914 2778 ejus
945 2727 1130 2765 omnes
1168 2713 1400 2766 contines
1430 2714 1666 2768 nationes
1705 2716 2011 2769 illuininatae

463 2809 605 2864 sunt,
636 2802 747 2868 ipse
773 2814 981 2868 quoque
1010 2800 1070 2853 Β.
1102 2801 1386 2871 Gregorius
1426 2818 1455 2854 a
1495 2802 1759 2872 Stephano
1798 2814 2008 2871 aposto-

406 2874 411 2881 “
464 2892 578 2945 lica:
621 2893 761 2946 sedis
798 2892 1025 2961 prmsule
1074 2903 1128 2945 et
1175 2895 1240 2948 ab
1288 2892 1477 2947 illustri
1521 2894 1856 2964 echligioso
1888 2911 2007 2964 rege

467 2984 685 3053 Pippino
750 2986 979 3053 suscepit
1027 2989 1397 3041 auctoritatem
1449 2991 1739 3043 seminandi
1789 2992 2007 3045 verbum

465 3074 557 3127 Dei
586 3074 637 3126 in
660 3073 909 3129 Fresonia
929 3090 943 3127 :
964 3076 1015 3128 in
1031 3082 1131 3144 qua
1160 3078 1359 3146 primus
1382 3089 1592 3133 sanctus
1615 3080 2002 3147 Willibrordus,

464 3172 813 3231 cognomento
850 3162 1307 3234 archiepiscopus,
1358 3168 1409 3220 in
1450 3170 1789 3223 conversione
1834 3172 2005 3239 gentis

464 3251 604 3306 illius
630 3254 855 3306 initiavit
882 3254 1179 3307 rudimenta
1216 3254 1526 3309 Christiana:
1553 3256 1672 3309 fidei
1701 3272 1817 3310 cum
1849 3260 2003 3313 disci-

467 3341 605 3410 pulis
632 3341 758 3394 suis.
807 3339 1004 3393 Deinde
1050 3350 1355 3394 senescente
1387 3357 1450 3394 eo
1495 3343 1545 3394 in
1592 3357 1749 3409 opere
1794 3344 1903 3407 Dei,
1952 3356 2005 3399 et

468 3428 700 3483 stabilito
740 3429 1041 3497 episcopatu
1075 3431 1125 3481 in
1164 3429 1277 3482 loco
1320 3431 1407 3497 qui
1455 3438 1784 3498 nuncupatur
1828 3433 2005 3500 Traje-

464 3526 604 3572 ctum
633 3528 685 3573 et
709 3518 811 3571 alio
835 3520 1044 3572 nomine
1086 3519 1399 3589 Wiltahurg,
1449 3529 1501 3574 et
1528 3522 1787 3589 migrante
1815 3523 1879 3576 ad
1906 3524 2007 3577 Do-

465 3605 665 3660 minum
712 3607 777 3660 de
812 3608 914 3660 hac
957 3606 1090 3671 luce,
1145 3608 1401 3661 successit
1446 3617 1659 3663 sanctus
1706 3602 2005 3667 Bonifacius

464 3692 604 3747 idem
653 3695 1077 3761 archiepiscopus
1120 3702 1174 3748 et
1202 3704 1432 3765 martyr,
1479 3711 1636 3763 quem
1664 3700 1832 3753 oculis
1875 3702 2006 3755 meis

447 3782 577 3853 ipse
620 3783 726 3835 vidi
767 3784 1045 3835 candidum
1074 3784 1266 3837 canitie
1288 3793 1343 3837 et
1367 3785 1687 3853 decrepitum
1717 3797 2001 3853 senectute,

463 3870 674 3937 plenum
708 3870 989 3924 virtutibus
1027 3880 1081 3925 et
1114 3872 1234 3925 vita:
1275 3873 1495 3926 meritis.
1537 3872 1650 3939 Quo
1681 3883 1912 3944 tempore
1952 3879 2003 3930 in

463 3955 576 4024 ejus
602 3957 933 4025 discipulatu,
964 3958 1103 4012 sicut
1124 3960 1364 4028 superius
1389 3962 1693 4026 memoravi,
1722 3962 1782 4015 B.
1811 3962 2006 4033 Grego-

464 4046 576 4101 rius
597 4054 891 4115 prmceptor
916 4062 1063 4101 meus
1091 4047 1157 4100 ab
1188 4048 1400 4101 ineunte
1431 4058 1586 4102 :etate
1614 4049 1785 4103 fuerat
1804 4053 2003 4104 enutri-

462 4145 569 4199 tus,
608 4136 694 4188 cui
736 4143 789 4188 et
828 4138 1083 4189 successit
1117 4148 1141 4175 ι
1174 4138 1293 4203 pius
1340 4138 1511 4191 hzeres
1554 4139 1786 4205 ejusdem
1835 4142 2005 4209 gentis

464 4222 753 4275 Fresonum
781 4232 963 4289 pastor
993 4230 1046 4275 et
1081 4223 1396 4291 praedicator
1421 4226 1692 4279 ordinatus
1720 4242 1749 4279 a
1783 4228 2005 4281 Domino

460 4322 515 4365 et
541 4327 569 4363 a
594 4312 917 4379 principibus
942 4312 1257 4380 supradictis
1286 4313 1531 4368 Ecclesiae
1562 4316 1673 4368 Dei.
1704 4316 2004 4385 Eademque

462 4400 717 4453 charitate
739 4440 752 4463 ,
783 4401 920 4453 sicut
946 4411 997 4453 et
1022 4401 1141 4455 fidei
1172 4402 1435 4468 firmitate,
1469 4420 1568 4473 qua
1594 4407 2004 4473 przedecessores

462 4490 574 4553 sui,
615 4499 827 4544 sanctus
880 4491 1122 4545 videlicet
1174 4491 1539 4547 Willibrordus
1579 4496 2001 4565 archiepisc0pus

461 4587 513 4632 et
549 4577 817 4631 confessor
861 4588 913 4630 et
964 4579 1260 4635 Bonifacius
1294 4591 1493 4650 martyr
1549 4592 1705 4651 atque
1744 4586 2002 4653 archiepi-

462 4681 670 4735 scopus,
715 4666 857 4733 larga
887 4676 939 4719 et
976 4667 1219 4722 mellillua
1267 4671 1559 4726 eruditione
1589 4674 1836 4740 populum
1864 4676 1999 4727 irra-

464 4758 625 4811 diavit
662 4756 815 4810 simul
845 4772 962 4809 cum
994 4758 1367 4825 chorepiscepo
1406 4769 1459 4812 et
1490 4761 1723 4829 adjutore
1757 4778 1851 4816 suo
1877 4764 2001 4815 Alu-

464 4847 613 4899 berto
640 4846 692 4908 δ,
720 4846 807 4913 qui
838 4846 901 4898 de
929 4846 1197 4899 Britannia
1225 4856 1278 4899 et
1318 4858 1470 4915 gente
1496 4850 1781 4921 Anglorum
1822 4855 1997 4907 venie-

465 4936 574 4996 bat,
617 4934 821 5000 magnis
848 4934 967 4986 vita:
997 4933 1199 4987 meritis
1228 4934 1466 5001 pollens:
1515 4947 1567 4991 et
1614 4941 1796 4993 eadem
1839 4943 1998 4993 bene-

465 5022 688 5076 volentia
709 5020 856 5088 juxta
896 5025 1035 5078 vires
1064 5025 1283 5080 Domino
1308 5030 1507 5081 studuit
1530 5032 1821 5085 animarum
1854 5033 1995 5085 lucra

467 5107 759 5180 acquirere.

539 5202 618 5252 l5.
650 5200 797 5265 Quod
822 5204 979 5255 eiiam
1022 5210 1074 5254 et
1110 5204 1161 5255 in
1197 5204 1567 5272 discipulorum
1603 5208 1872 5277 multiplici
1906 5211 1995 5261 be-

468 5289 760 5342 nedictione
788 5290 981 5344 ditatus
1014 5298 1094 5343 est
1121 5291 1177 5342 Β.
1207 5292 1509 5361 Gregorius,
1558 5309 1711 5348 nemo
1740 5298 1942 5350 dubitat
1968 5314 1995 5349 a

538 5457 699 5533 {Non
726 5466 899 5533 tamen
928 5459 1198 5533 ordinatus
1224 5461 1517 5533 episcopus,
1548 5474 1607 5517 ut
1634 5474 1773 5533 patet
1802 5473 1908 5518 tum
1937 5483 2000 5519 ex

470 5524 613 5577 Actis
639 5525 693 5579 ὃ.
725 5525 974 5580 Bonifacii
996 5568 1011 5592 ,
1050 5537 1160 5582 tum
1188 5524 1269 5583 εί
1296 5524 1758 5588 Οδδὶετνέιιὶοηῖὺυε
1790 5536 2000 5601 praeviis

471 5592 536 5644 ad
562 5594 693 5647 lianc
732 5596 914 5647 Vitam.

542 5659 569 5697 ι’
603 5660 675 5713 De
706 5664 953 5719 Aluberto
980 5662 1215 5735 Gregorii
1245 5668 1617 5736 chorepiscopo
1645 5672 1695 5725 in
1721 5673 1998 5726 commissa

2111 1920 2510 1976 mansuetddine
2552 1922 2837 1992 laetitiaque
2868 1928 3088 1995 spiritali
3116 1931 3394 1986 illuminati
3425 1946 3568 1995 sunt,
3602 1947 3661 1990 ut

2083 2022 2087 2031 ’
2110 2009 2225 2063 luce
2251 2010 2441 2064 clarius
2469 2012 2683 2066 daretur
2710 2016 2940 2083 agnosci,
2974 2018 3094 2084 quia
3122 2020 3185 2075 de
3213 2036 3317 2074 uno
3334 2032 3484 2088 patre
3503 2026 3663 2093 spiri-

2111 2098 2199 2150 tali
2228 2108 2283 2151 et
2305 2099 2368 2152 de
2401 2108 2571 2154 matre
2598 2102 2831 2155 omnium
2872 2105 3129 2159 charitate
3171 2111 3408 2175 generati
3437 2123 3563 2165 sunt
3605 2122 3660 2167 et

2110 2184 2406 2238 coadunati.
2436 2186 2655 2252 Quidam
2682 2190 2821 2243 enim
2844 2206 3026 2245 eorum
3051 2205 3201 2248 erant
3221 2196 3284 2250 de
3308 2199 3471 2252 nobili
3495 2202 3659 2270 stirpe

2108 2272 2450 2340 Francorum,
2484 2277 2695 2344 quidam
2725 2288 2779 2331 et
2803 2280 2867 2333 de
2896 2281 3139 2349 religiosa
3166 2286 3652 2356 genteAnglorum;

2108 2362 2318 2428 quidam
2361 2378 2484 2417 vero
2528 2372 2582 2416 et
2610 2365 2675 2418 de
2715 2368 2919 2421 novella
2965 2370 3056 2422 Dei
3082 2370 3423 2439 ‘planlatioue
3472 2376 3658 2430 diebus

2108 2451 2303 2505 nostris
2350 2452 2591 2505 inchoata
2637 2453 2926 2508 Fresonum
2972 2465 3027 2509 et
3080 2457 3387 2525 Saxonum;
3438 2464 3655 2530 quidam

2109 2550 2282 2593 autem
2303 2548 2356 2593 et
2380 2542 2444 2595 de
2469 2542 2760 2612 Baguariis,
2804 2554 2857 2598 et
2896 2545 3100 2610 Suevis,
3130 2549 3210 2601 vel
3241 2551 3304 2603 de
3341 2566 3659 2621 quacunque

2111 2629 2321 2682 natione
2336 2641 2389 2684 et
2410 2640 2567 2700 gente
2582 2632 2814 2686 misisset
2832 2649 2923 2687 eos
2950 2635 3089 2689 Deus
3112 2653 3125 2687 :
3151 2652 3377 2703 quorum
3402 2641 3659 2695 minimus

2109 2731 2207 2785 ego
2230 2733 2365 2781 sum,
2381 2720 2616 2772 modicus
2636 2728 2689 2772 et
2708 2720 2948 2775 infirmus
2970 2722 3231 2777 alumnus.
3258 2724 3655 2793 Quibusomui-

2111 2805 2207 2857 bus
2229 2806 2591 2872 undecunque,
2636 2809 2786 2874 quasi
2808 2810 2873 2861 ad
2898 2826 3060 2865 unum
3091 2814 3226 2866 ovile
3250 2816 3505 2880 collectis.
3532 2821 3657 2889 pius

2108 2893 2265 2946 Pater
2284 2902 2335 2947 et
2356 2905 2536 2962 pastor
2554 2894 2837 2966 Gregorius
2859 2910 2911 2954 et
2940 2902 3192 2970 spiritalia
3214 2908 3538 2973 nutrimenta
3564 2910 3659 2966 do—

2110 2982 2395 3034 ctrinarum
2422 2991 2475 3036 et
2493 2984 2818 3053 eloquiorum
2847 2990 2958 3054 Dei,
3004 3000 3056 3045 et
3081 2996 3374 3064 corporalia
3404 2999 3655 3062 alimenta

2107 3069 2290 3121 eadem
2320 3069 2594 3126 devotione
2616 3079 2920 3141 procuravit
2944 3087 2997 3132 et
3026 3081 3237 3141 donavit
3265 3101 3278 3137 :
3314 3094 3369 3139 et
3391 3088 3469 3145 ita
3492 3090 3659 3159 inspi-

2109 3164 2253 3211 ratus
2276 3174 2306 3210 a
2331 3158 2438 3213 Deo
2461 3162 2659 3215 exarsit
2700 3165 2753 3216 in
2789 3179 2970 3221 amore
2992 3178 3046 3222 et
3073 3170 3397 3229 institutione
3425 3158 3656 3245 discipu-

2106 3248 2304 3311 lorum,
2359 3258 2414 3303 ut
2457 3252 2631 3307 nullus
2682 3270 2818 3323 pene
2863 3261 3159 3325 preteriret
3201 3264 3347 3327 dies,
3400 3281 3506 3334 quo
3545 3283 3654 3325 non

2106 3340 2276 3407 primo
2317 3356 2469 3395 mane
2504 3352 2723 3410 paterna
2749 3346 3098 3403 sollicitudine
3127 3353 3440 3417 eonsedens,
3472 3355 3654 3427 s'mgu-

2108 3430 2171 3481 lis
2205 3430 2498 3497 quihusque
2536 3434 2883 3499 venientibus,
2930 3446 3090 3503 prout
3126 3440 3349 3507 quisque
3380 3444 3649 3510 quasivit.

2106 3517 2346 3583 poculum
2381 3520 2502 3573 vitae
2524 3521 2843 3589 propinaret.
2878 3533 2931 3579 et
2958 3526 3204 3597 irrigaret
3225 3530 3437 3598 eloquia
3463 3531 3579 3586 Dei.

2173 3605 2256 3659 16.
2280 3607 2513 3675 Ipsorum
2540 3625 2747 3678 quoque
2774 3613 3148 3681 discipulorum
3175 3616 3289 3683 ejus
3307 3618 3517 3685 plurimi
3541 3630 3654 3676 tam

2106 3694 2305 3747 nobiles
2332 3706 2497 3756 erant,
2548 3706 2795 3765 tantoque
2819 3702 3024 3767 praediti
3068 3704 3278 3773 ingenio
3314 3714 3369 3758 et
3410 3708 3654 3763 doctrina

2105 3782 2218 3847 Dei,
2264 3792 2320 3835 ut
2347 3787 2409 3837 ad
2450 3800 2626 3838 arcem
2661 3788 2989 3857 episcopatus
3024 3802 3047 3830 ε
3080 3801 3136 3846 et
3165 3794 3355 3849 merito
3391 3811 3653 3852 vocaren-

2106 3880 2205 3931 tur,
2232 3881 2284 3923 et
2306 3872 2545 3925 venirent
2568 3890 2582 3936 ;
2608 3874 2817 3944 plurimi
2846 3892 2970 3933 vero
2993 3892 3199 3946 eorum,
3220 3885 3498 3952 aqu’aliter
3523 3888 3654 3942 edo-

2104 3963 2172 4014 cti
2212 3963 2635 4032 etdisciplinati,
2686 3969 2782 4020 etsi
2829 3984 2931 4022 non
2978 3978 3125 4025 tanto
3168 3975 3334 4044 gradu
3378 3976 3653 4033 sublimati

2104 4063 2242 4114 sunt,
2270 4055 2471 4105 meritis
2497 4062 2669 4108 tamen
2698 4072 2799 4109 non
2825 4062 3197 4129 erant~exigui,
3229 4064 3320 4117 sed
3342 4066 3567 4120 scientia
3597 4077 3657 4123 et

2104 4141 2361 4194 clnaritate
2387 4144 2478 4196 Dei
2507 4146 2704 4197 eximii.
2754 4146 2938 4213 Opera:
2965 4151 3190 4215 pretium
3214 4162 3267 4207 et
3290 4155 3504 4224 dignum
3530 4173 3658 4214 esse

2104 4230 2327 4294 videtur,
2358 4241 2415 4283 ut
2441 4248 2649 4301 quoquo
2692 4237 2845 4289 modo
2885 4238 3106 4305 valeam,
3137 4242 3459 4310 singulorum
3499 4248 3658 4302 testi-

2105 4319 2297 4380 monia,
2327 4320 2434 4377 suis
2463 4322 2515 4373 iu
2543 4322 2691 4386 locis,
2734 4333 2785 4376 et
2809 4325 2957 4393 signa
2983 4328 3262 4385 charitatis
3286 4347 3390 4386 non
3422 4335 3656 4391 abscon-

2105 4409 2242 4461 dam.
2274 4410 2484 4463 Interim
2514 4420 2688 4466 tamen
2716 4415 2779 4467 de
2802 4415 2859 4467 B.
2894 4415 3170 4484 Gregorio,
3214 4433 3330 4487 quze
3356 4436 3655 4491 ceperam,

2104 4512 2270 4564 pauca
2294 4498 2357 4549 de
2386 4499 2562 4553 multis
2580 4540 2593 4563 ,
2641 4502 2706 4553 ad
2726 4501 3016 4568 profectum
3043 4506 3366 4563 audientium
3406 4511 3657 4579 proferas

2104 4589 2373 4640 conabor:
2412 4590 2658 4655 quoniam
2702 4593 2902 4657 peccati
2946 4608 3067 4653 reus
3093 4608 3210 4650 esse
3233 4599 3569 4666 pertimesco,
3601 4604 3654 4658 si

2104 4675 2165 4728 de
2207 4676 2461 4742 cognitis,
2511 4684 2565 4729 et
2604 4686 2709 4729 tam
2750 4679 3034 4747 profuturis
3062 4684 3243 4747 bonis,
3293 4687 3374 4741 vel
3404 4699 3655 4745 extrema

2103 4763 2338 4829 quaedam
2368 4778 2584 4819 narrare
2606 4782 2708 4819 non
2737 4769 3004 4835 incipiant.

2174 4851 2255 4902 17.
2286 4850 2411 4903 Erat
2436 4853 2575 4905 enim
2612 4853 2695 4906 vir
2718 4855 2803 4908 ille
2830 4856 3173 4920 venerabilis,
3219 4860 3504 4916 secundum
3541 4860 3658 4919 Sa-

2103 4941 2311 5007 pientiae
2340 4942 2560 5007 dictum,
2600 4945 2690 5012 qui
2719 4954 2835 5012 post
2864 4961 3051 4999 aurum
3080 4963 3182 5002 non
3212 4950 3363 5015 abiit,
3401 4965 3498 5005 nec
3523 4966 3661 5021 spo-

2105 5032 2237 5081 ravit
2260 5032 2309 5083 in
2343 5032 2606 5086 thesauris
2631 5035 2865 5101 pecunia;
2896 5048 2911 5086 :
2944 5034 3312 5090 ideo‘stabiiita
3337 5048 3458 5091 sunt
3502 5040 3657 5095 bona

2105 5119 2241 5171 illius
2270 5120 2319 5171 in
2352 5120 2457 5171 Deo
2479 5159 2493 5185 ,
2534 5128 2587 5172 et
2615 5120 2974 5190 eleemosynas
2999 5122 3113 5190 ejus
3139 5124 3373 5193 divulgat
3408 5125 3655 5181 Ecclesia

2103 5218 2419 5261 sanctorum.
2449 5209 2675 5263 Noverat
2699 5212 2881 5279 utique
2908 5214 3158 5281 scriptum
3183 5230 3197 5275 ;
3229 5223 3282 5266 et
3306 5230 3462 5282 opere
3483 5231 3658 5271 nove~

2103 5305 2181 5347 rat
2217 5307 2267 5348 et
2292 5298 2528 5362 veritate,
2575 5314 2677 5352 non
2708 5315 2947 5357 sermone
2983 5317 3170 5356 casso:
3214 5306 3334 5373 quia
3378 5305 3529 5359 radiat
3565 5317 3657 5361 est

3421 5406 3447 5421 κ

2103 5467 2514 5587 Τιτιλοςίοέιείυιη
2542 5486 2686 5537 cura,
2720 5476 2865 5541 plura
2894 5475 3031 5542 leges
3062 5478 3110 5529 in
3140 5478 3284 5531 Actis
3308 5448 3474 5530 sancti
3503 5477 3659 5536 Lud-
3688 5538 3707 5543 μ

2103 5550 2232 5587 201⁸1.
2280 5554 2329 5587 tn
2363 5556 2433 5587 ra.

2103 5552 2634 5684 gtf-l’ldgnmteslatur
2678 5610 2932 5665 Altfridus
2957 5614 3007 5684 in
3036 5614 3152 5684 Vita
3195 5614 3359 5684 sancti
3386 5613 3654 5684 Ludgel‘i.

2102 5688 2243 5727 num,
2276 5676 2325 5737 8,
2358 5692 2487 5742 quos
2524 5678 2657 5730 inter
2685 5682 3034 5735 numerandus
3068 5681 3177 5749 ipse
3205 5682 3492 5752 Ludgerus.
