3886 6228
250 386 353 440 763

1340 384 1489 436 \‘lTA
1525 383 1578 435 S.
1619 382 1939 436 GREGORII
1974 386 2273 442 ABBATIS.

3298 403 3403 458 766

244 502 466 552 omnium
513 498 764 550 malorum
808 498 1057 564 cupiditas
1084 496 1135 563 (1
1167 495 1295 548 Tim.
1333 497 1445 563 vi);
1484 504 1537 548 et
1568 495 1759 547 ideirco
1790 501 1831 554 Α
1859 497 2037 549 sedulo
2063 500 2113 550 in
2145 501 2342 552 caelesti
2377 503 2747 567 praedicatione
2772 520 2865 557 sua
2896 507 2993 561 hoc
3033 524 3153 561 usus
3176 526 3257 567 est
3278 528 3399 571 οη-

242 601 360 639 eam
382 586 530 651 quasi
550 586 785 637 immane
812 584 1149 651 pracipitium
1177 592 1227 637 et
1251 584 1437 636 inferni
1460 584 1661 637 foveam
1687 598 1773 635 ex-

245 676 463 735 horruit,
502 681 555 727 et
586 674 910 741 prmeavebat
939 674 989 725 in
1034 673 1295 725 omnibus.
1344 671 1489 725 Sicut
1514 672 1652 727 enim
1682 686 1773 724 cu-

240 763 347 829 pidi
378 764 735 830 pecuniarum,
776 769 828 814 et
857 761 999 813 avari
1038 762 1125 827 qui
1171 762 1398 813 animam
1425 774 1573 813 suam
1614 774 1769 812 vena-

240 848 342 902 lem
373 850 583 911 habent,
611 850 794 901 timent
833 865 896 901 ne
923 850 1145 915 prodant
1171 856 1223 900 et
1248 849 1467 915 perdant
1493 843 1634 900 lucra
1661 856 1769 899 ter-

238 951 405 998 rena;
450 938 527 989 sic
550 937 733 989 metuit
771 937 853 988 vir
876 936 959 989 ille
988 944 1234 997 sanctus,
1275 948 1340 986 ne
1380 934 1521 987 t'orte'
1551 934 1768 997 abscon-

238 1024 407 1077 dendo
430 1038 492 1076 ea
513 1032 565 1076 et
590 1025 926 1078 custodiendo
946 1024 1186 1090 perderet
1206 1022 1456 1075 ccelestia.
1486 1022 1550 1074 Et
1572 1021 1765 1073 idcirco

235 1112 650 1179 quotiescunque
682 1112 795 1164 auri
818 1120 869 1164 et
894 1111 1093 1179 argenti
1118 1112 1167 1162 in
1192 1118 1503 1176 potestatem
1542 1108 1654 1175 ejus
1677 1108 1766 1160 ali-

233 1200 360 1266 quid
385 1199 695 1261 devenerat,
738 1201 914 1252 statim
940 1200 1232 1265 expendere
1259 1199 1459 1251 curavit
1496 1207 1548 1250 et
1571 1212 1765 1265 paupe-

235 1288 381 1340 ribus
430 1290 782 1352 distribuere,
840 1298 898 1341 ut
960 1290 1040 1341 vir
1092 1289 1421 1357 evangelicus
1480 1288 1763 1341 secundum

232 1376 500 1443 Evangelii
554 1380 854 1430 mandatum
900 1378 1097 1431 faceret
1147 1386 1199 1430 et
1244 1378 1627 1431 thesaurizaret
1664 1376 1763 1429 sibi

232 1469 506 1520 thesauros
532 1468 583 1519 in
613 1468 763 1529 emlo,
797 1468 881 1520 ubi
910 1483 1004 1521 nec
1041 1483 1216 1535 :enngo
1244 1483 1338 1520 nec
1376 1467 1513 1519 tinea
1550 1466 1763 1519 demoli-

229 1562 335 1614 tur,
368 1562 420 1606 et
445 1552 586 1605 fures
620 1569 721 1605 non
746 1553 995 1605 etlodiunt
1032 1568 1126 1605 nee
1165 1553 1405 1604 furantur
1431 1551 1636 1620 (Matth.
1664 1551 1757 1619 vi).

229 1639 291 1691 Et
318 1640 565 1707 quoniam
595 1646 756 1693 totam
785 1654 928 1707 spem
958 1655 1105 1692 suam
1149 1647 1255 1691 tam
1287 1639 1507 1691 firmiter
1532 1646 1584 1691 et
1607 1653 1763 1705 expe-

228 1728 333 1782 dite
360 1728 632 1781 collocavit
661 1730 712 1781 in
740 1729 1060 1791 caelestibus,
1088 1728 1221 1779 nihil
1239 1743 1357 1779 cum
1389 1740 1574 1779 nocere
1595 1725 1762 1793 potuit

1869 582 1987 635 culo
2018 590 2072 637 et
2098 586 2431 640 hortamento
2454 589 2721 643 virtutum.

1938 672 2021 727 £8.
2051 672 2117 725 Et
2159 678 2405 741 quoniam
2436 680 2673 745 superius
2718 698 2821 735 uno
2864 687 3037 751 operis
3079 690 3399 758 testimonio,

1866 760 2004 828 quod
2046 770 2151 813 tam
2191 761 2430 830 religiose
2456 766 2537 815 vir
2558 765 2647 818 Dei
2678 766 2958 837 Gregorius
2982 774 3263 826 secundum
3300 775 3402 830 Do-

1864 850 2110 901 minicam
2132 849 2422 902 orationem
2446 851 2508 904 de
2529 853 2834 908 remissione
2857 857 3104 925 implevit,
3129 861 3286 912 multi
3310 863 3402 914 bo-

1864 952 2049 991 norum
2070 953 2287 1006 operum
2314 940 2534 1009 insignia
2560 942 3019 1011 demonstrantur;
3054 949 3179 1001 libet
3202 957 3255 1002 et
3278 950 3399 1003 illud

1862 1025 2083 1089 referre,
2128 1027 2354 1094 qualiter
2398 1028 2520 1081 fecit
2552 1030 2604 1081 in
2647 1032 2949 1097 quotidiana
2999 1040 3399 1091 conversatione

1861 1127 1955 1164 sua
1978 1112 2041 1165 de
2062 1113 2304 1167 omnibus
2322 1114 2759 1169 obtrectatoribus
2779 1120 2907 1182 suis,
2934 1122 3020 1187 qui
3047 1122 3095 1174 ei
3117 1122 3398 1191 aliquando

1860 1200 2183 1268 derogabant
2208 1204 2431 1269 prepriis
2454 1205 2596 1257 vitiis
2615 1206 2878 1275 instigati:
2926 1210 3152 1277 qualiter
3174 1227 3264 1265 eos
3290 1227 3393 1269 non

1860 1289 2008 1354 quasi
2057 1302 2153 1354 pro
2213 1288 2595 1344 detractoribus
2642 1295 2922 1348 exhorruit
2962 1307 3016 1349 et
3058 1300 3258 1362 odivit,
3306 1300 3398 1353 sed

1860 1376 2009 1443 quasi
2037 1378 2233 1430 amicos
2252 1387 2305 1430 et
2330 1379 2593 1447 adjutores
2621 1397 2827 1450 semper
2853 1388 3049 1439 amavit
3075 1396 3127 1441 et
3148 1390 3310 1451 adiit;
3346 1398 3400 1442 et

1860 1464 2146 1515 secundum
2185 1464 2474 1521 Psalmistte
2520 1469 2713 1522 dictum
2758 1472 2941 1541 (Psal.
2982 1485 3194 1542 xxxvi.)
3220 1518 3234 1538 ,
3286 1486 3397 1530 tan—

1861 1565 2015 1616 quam
2045 1552 2236 1604 surdus
2260 1568 2349 1605 eos
2391 1569 2491 1607 non
2522 1560 2769 1621 audiens,
2806 1570 2859 1613 et
2901 1564 3050 1630 quasi
3090 1576 3263 1618 uultus
3290 1582 3397 1619 non

1861 1640 2101 1706 aperiens
2125 1655 2185 1692 os
2205 1656 2353 1693 suum
2373 1682 2390 1705 ,
2430 1644 2651 1713 benigne
2676 1663 2794 1699 eum
2822 1649 3018 1701 eisdem
3058 1662 3402 1706 conversatus

1860 1736 1962 1787 est,
1998 1726 2230 1801 nihilque
2258 1729 2333 1780 eis
2365 1732 2591 1797 negavit,
2621 1748 2736 1799 qua:
2776 1735 2958 1786 amicis
2987 1736 3286 1802 impendere
3309 1739 3405 1791 de-

227 1834 322 1872 nec
350 1819 578 1879 irretire,
625 1819 763 1886 quod
793 1819 857 1869 de
894 1819 1115 1870 terrenis
1140 1826 1192 1869 et
1218 1817 1427 1869 caducis
1454 1814 1759 1867 delectabile
1792 1801 1834 1857 Β
1862 1814 1992 1865 buit.
2026 1814 2168 1868 Unde
2196 1818 2293 1869 hoc
2318 1817 2389 1877 ei,
2415 1818 2513 1870 nisi
2542 1821 2707 1886 gratia
2738 1837 2960 1888 superna
2991 1801 3261 1892 largiente,
3288 1842 3397 1893 pra:

225 1920 341 1958 esse
380 1906 657 1958 videbatur
698 1906 750 1958 in
792 1906 1002 1958 mundo.
1044 1903 1086 1957 Ο
1124 1906 1291 1956 virum
1321 1904 1668 1957 venerabilem
1708 1909 1761 1955 et

224 1990 469 2055 electum,
513 2001 839 2045 mansuetum
864 2001 915 2045 et
938 1993 1099 2059 pium,
1130 1991 1428 2044 coelestibus
1451 2006 1658 2058 semper
1683 1992 1762 2043 in-

225 2089 448 2143 tentum,
492 2088 545 2134 et
572 2080 638 2133 de
662 2082 873 2133 caducis
907 2090 961 2133 et
986 2082 1208 2133 terrenis
1246 2081 1416 2133 minus
1443 2088 1714 2134 curantem
1744 2098 1759 2131 :

224 2168 361 2235 quod
391 2175 445 2220 et
471 2167 649 2220 habitu
670 2169 994 2221 monstrabat
1016 2176 1067 2221 et
1096 2178 1215 2221 actu
1240 2171 1255 2218 ἓ
1285 2168 1493 2221 Nullum
1520 2170 1571 2221 in
1601 2182 1663 2221 eo
1686 2160 1773 2221 lo\

224 2268 338 2306 cum
388 2254 585 2305 invenit
628 2254 928 2321 superstitio
978 2255 1201 2307 vestium
1246 2263 1300 2307 et
1345 2255 1611 2315 ciborum,
1655 2269 1758 2307 non

224 2343 495 2408 iactantia,
531 2353 585 2397 et
630 2344 921 2397 detractio:
968 2344 1057 2397 sed
1104 2360 1208 2397 uno
1249 2343 1535 2411 eodemque
1572 2343 1759 2411 aequali

223 2448 340 2486 eum
386 2432 591 2484 eazteris
631 2434 943 2485 vestimento
970 2441 1022 2486 et
1067 2432 1207 2484 victu
1235 2446 1440 2499 semper
1485 2438 1761 2483 contentus

223 2529 373 2574 erat:
426 2527 477 2571 et
501 2534 562 2571 ex
609 2520 709 2571 bac
734 2518 921 2587 linguae
951 2528 1004 2572 et
1028 2520 1148 2570 vitae
1177 2519 1427 2593 munditia
1458 2517 1584 2570 foris
1610 2518 1761 2570 inno-

227 2611 343 2673 tuit,
394 2606 603 2677 quanta:
648 2610 890 2676 puritatis
929 2608 1205 2661 dilectione
1254 2623 1344 2660 cor
1383 2608 1495 2675 ejus
1540 2609 1759 2661 interius

227 2700 434 2767 plenum
477 2707 610 2752 erat.
656 2698 732 2751 Ex
775 2698 995 2766 simplici
1023 2713 1149 2750 vero
1185 2698 1611 2750 vestimentorum
1660 2710 1759 2749 usu

229 2785 668 2853 stqueeiborum,
696 2785 1007 2838 monstravit
1026 2784 1263 2850 exemplo
1278 2783 1601 2836 auditoribus
1628 2783 1756 2844 suis,

225 2875 361 2941 quod
384 2888 627 2927 sermone
666 2873 843 2926 docuit
866 2888 931 2926 ex
956 2872 1229 2940 praeceptis
1256 2871 1348 2924 Dei
1374 2878 1425 2923 et
1459 2878 1758 2922 sanctorum

229 2962 359 3030 ejus.
387 2960 519 3014 Nam
547 2961 745 3028 legerat
768 2960 1019 3025 scriptum
1055 2958 1210 3011 beato
1233 2957 1389 3009 Petro
1408 2955 1642 3022 apostolo
1670 2955 1758 3007 ad-

232 3058 475 3105 monente
500 3066 513 3103 :
556 3048 674 3101 Non
695 3049 750 3100 in
783 3056 912 3100 ueste
938 3046 1155 3113 pretiosa
1185 3043 1236 3112 (1
1259 3043 1399 3095 Petr.
1430 3042 1511 3111 ιιι)
1538 3057 1551 3094 :
1592 3050 1643 3094 et
1670 3058 1759 3095 co-

229 3138 461 3207 apostolo
486 3135 599 3203 ejus
642 3136 803 3189 Paulo
826 3112 1134 3188 adhortante
1177 3133 1429 3187 didicerat
1456 3172 1471 3196 ,
1508 3131 1754 3199 quoniam
1781 3112 1823 3169 (ἶ

230 3241 337 3277 rsca
361 3234 407 3275 et
434 3234 579 3290 potus
608 3240 709 3274 non
741 3232 812 3274 est
848 3237 1055 3289 regnum
1084 3221 1176 3275 Dei
1200 3237 1217 3281 ;
1261 3221 1347 3273 sed
1382 3220 1605 3288 justitia,
1633 3236 1755 3287 pax,

227 3314 565 3381 gaudiumque
604 3313 657 3362 in
688 3310 889 3377 Spiritu
931 3319 1105 3361 sancto
1151 3308 1322 3376 (Rom.
1368 3308 1495 3376 xxv).
1535 3309 1606 3360 De
1633 3317 1755 3374 potu

230 3417 352 3455 vero
375 3402 492 3470 ejus
516 3400 639 3468 quid
662 3398 873 3452 dicam?
911 3400 961 3451 in
989 3413 1092 3467 quo
1113 3399 1158 3451 ei
1192 3406 1392 3450 tantum
1415 3404 1529 3449 erat
1558 3404 1754 3464 tempe-

230 3499 541 3549 ramentum,
586 3497 642 3540 ut
682 3490 767 3541 vix
810 3504 1069 3556 unquam,
1115 3488 1395 3541 secundum
1422 3486 1653 3553 Apostoli
1682 3486 1760 3538 di-

228 3586 386 3638 ctum,
416 3575 621 3627 modico
647 3575 770 3626 vino
804 3582 979 3625 utetur
1007 3572 1053 3639 (Ι
1072 3573 1206 3624 Tim.
1234 3572 1308 3639 v),
1334 3572 1469 3639 quod
1493 3586 1595 3623 non
1622 3580 1759 3623 esset

228 3680 359 3733 aqua
413 3664 653 3715 mixtum.
708 3661 772 3714 Et
816 3676 921 3714 non
976 3668 1176 3713 tantum
1229 3661 1278 3711 in
1330 3660 1608 3725 semetipso
1658 3658 1757 3713 hoc

229 3750 526 3817 sdimplevit
566 3742 907 3815 apostolicum
949 3747 1176 3809 dictum;
1220 3747 1309 3799 sed
1346 3755 1399 3798 et
1435 3760 1617 3799 omnes
1658 3744 1756 3798 sibi

231 3838 487 3904 subjectos
511 3836 847 3888 vehementer
875 3848 1081 3901 semper
1097 3834 1381 3901 admonuit,
1412 3842 1468 3884 ut
1489 3848 1754 3899 nunquam

230 3922 496 3977 ebrietatis
530 3921 722 3972 malum
766 3921 1114 3980 incurrerent,
1164 3920 1253 3970 sed
1279 3919 1419 3971 velut
1460 3918 1647 3971 inferni
1680 3919 1758 3970 fo-

230 4024 375 4063 veam
419 4013 776 4076 praecaverent
808 4012 964 4072 atque
1005 4005 1251 4057 vitarent.
1303 4004 1367 4056 Et
1411 4005 1472 4056 de
1509 4005 1755 4056 vitiorum

230 4097 455 4149 omnium
483 4094 833 4146 destructione
853 4092 1205 4157 virtutumque
1224 4088 1562 4141 aediﬁcatione
1591 4090 1640 4140 in
1663 4105 1754 4141 sua

232 4182 591 4251 praedicatione
633 4179 993 4246 propheticum
1044 4177 1166 4228 illud
1195 4176 1491 4243 frequenter
1524 4175 1756 4242 proferre

234 4267 423 4320 solebat
450 4283 463 4318 :
494 4266 649 4317 Posui
672 4275 718 4315 te
747 4275 797 4314 ut
825 4262 1005 4314 evellas
1043 4275 1087 4314 et
1112 4263 1362 4321 destruas,
1410 4273 1455 4312 et
1494 4262 1755 4328 disperdus

234 4362 276 4405 et
314 4353 543 4418 dissipes,
590 4359 634 4401 et
666 4348 883 4413 a’diﬁces
925 4356 970 4398 et
998 4346 1191 4413 pluntes
1222 4346 1427 4415 (Jerem.
1460 4346 1497 4413 ι)
1526 4362 1539 4407 ;
1579 4347 1755 4398 volens

1856 1904 2108 1956 munditia
2158 1907 2349 1957 mentis
2391 1908 2613 1974 egregia:
2649 1910 2828 1962 venire
2875 1912 3064 1976 potuit,
3103 1916 3239 1979 quod
3284 1923 3397 1966 tan-

1856 2004 2011 2057 quam
2038 1992 2284 2057 parvulus
2305 2000 2409 2044 tam
2439 1994 2721 2047 obliviosos
2747 1996 3074 2064 injuriarum,
3107 2008 3210 2051 tam
3242 2010 3397 2054 tenax

1857 2078 2106 2129 virtutum
2136 2077 2246 2131 ﬁeri
2279 2079 2477 2131 valuit?
2506 2080 2704 2149 Sagitta
2736 2084 2875 2135 enim
2905 2084 3163 2137 sermonis
3190 2085 3393 2139 Domini

1856 2182 1958 2220 non
2006 2176 2205 2219 tantum
2255 2168 2368 2237 ejus
2414 2171 2651 2237 corporis
2678 2186 2832 2224 aures
2881 2172 3079 2240 tetigit,
3115 2174 3204 2225 sed
3235 2175 3395 2227 etiam

1858 2258 2032 2310 cordis
2072 2272 2229 2311 aures
2274 2259 2531 2313 veraciter
2573 2261 2904 2328 penetravit,
2953 2270 3006 2313 et
3044 2258 3393 2315 illuminavit:

1856 2345 1943 2397 ubi
1974 2346 2025 2397 in
2052 2346 2353 2413 Evangelio,
2384 2348 2601 2414 parvulo
2622 2348 2687 2401 ad
2713 2363 2770 2402 se
2797 2352 2982 2402 vocato
3000 2389 3014 2411 ,
3046 2349 3213 2402 adhuc
3238 2350 3399 2403 rudes

1857 2435 2120 2502 apostolos
2146 2450 2289 2497 suos,
2332 2443 2385 2488 et
2421 2450 2539 2489 eum
2584 2437 2711 2505 ipsis
2740 2437 2893 2490 simul
2933 2452 3088 2491 omne
3128 2438 3393 2490 hominum

1856 2537 2018 2591 genus
2043 2523 2180 2574 viam
2226 2523 2368 2590 regni
2398 2524 2649 2576 caelorum
2694 2525 2920 2591 qualiter
2947 2526 3148 2579 intrare
3171 2524 3397 2579 debeant

1856 2609 2141 2671 admonuit,
2172 2610 2351 2663 dicens
2376 2624 2389 2661 :
2416 2611 2572 2661 Amen
2598 2611 2711 2661 dico
2738 2612 2895 2673 vobis,
2920 2611 3015 2663 nisi
3040 2614 3263 2663 conuersi
3282 2612 3396 2678 [ue-

1856 2696 1966 2746 ritis
2006 2704 2050 2747 et
2086 2696 2369 2763 eﬂiciamini
2397 2697 2522 2748 sicut
2547 2696 2766 2764 parvuli,
2799 2713 2898 2748 non
2922 2696 3176 2748 intrabitis
3205 2698 3257 2748 in
3284 2713 3395 2764 reg-

1856 2796 1976 2831 num
2001 2781 2241 2833 caelorum
2272 2782 2479 2851 (llattlt.
2510 2783 2682 2851 xvm).
2734 2783 2841 2835 Hoc
2866 2799 2990 2852 ergo
3018 2794 3210 2836 etcum
3239 2782 3391 2839 fami-

1855 2868 2073 2922 liaribus
2110 2880 2164 2921 et
2198 2884 2316 2923 cum
2354 2873 2623 2923 extraneis
2661 2887 2763 2923 non
2794 2872 2953 2925 semel
2994 2872 3252 2934 exercuit,
3300 2872 3389 2925 sed

1857 2960 2083 3022 assidue,
2128 2960 2227 3012 nisi
2251 2959 2339 3011 ubi
2374 2958 2627 3012 districtio
2664 2958 2946 3026 disciplina:
2972 2967 3026 3011 et
3051 2958 3390 3011 correctioni-

1857 3049 1939 3101 nis
1969 3050 2104 3100 inter
2131 3047 2392 3112 subjectos
2418 3048 2553 3101 aliud
2590 3048 2847 3117 exigebat.
2896 3047 3003 3100 Sed
3026 3048 3147 3099 dum
3174 3048 3254 3099 vir
3285 3048 3385 3100 iste

1856 3143 1964 3185 tam
2004 3133 2216 3186 humilis
2241 3142 2293 3185 et
2317 3136 2520 3201 patiens
2538 3174 2553 3196 ,
2594 3149 2691 3202 pro
2726 3150 2904 3188 amore
2928 3134 3103 3187 divino
3132 3143 3237 3187 tam
3265 3148 3387 3187 eou-

1855 3221 2159 3287 temptibilia
2187 3229 2240 3272 et
2277 3236 2383 3274 sua:
2425 3236 2661 3289 personae
2699 3222 2907 3289 indigna
2949 3231 3002 3275 et
3047 3221 3189 3275 ferre
3228 3220 3390 3275 voluit
3480 3254 3484 3261 -

1855 3310 2246 3376 aequanimiter,
2276 3319 2329 3362 et
2352 3312 2519 3377 potuit
2546 3327 2559 3373 ;
2597 3297 2771 3363 evenit
2793 3310 2912 3373 hoc,
2941 3312 3077 3378 quod
3112 3312 3163 3363 in
3206 3311 3387 3363 diebus

1855 3396 1965 3463 ejus
2011 3412 2141 3464 pene
2180 3398 2422 3451 omnibus
2466 3400 2555 3465 qui
2600 3414 2719 3451 eum
2768 3409 3022 3451 noverant
3068 3399 3385 3467 incognitum

1856 3499 1956 3536 non
1984 3492 2097 3535 erat
2136 3502 2147 3534 :
2192 3485 2311 3550 quia
2343 3499 2473 3551 pene
2500 3498 2681 3537 omnes
2705 3486 2755 3536 hi
2786 3486 2877 3552 qui
2916 3494 3058 3538 tanto
3086 3487 3199 3539 viro
3227 3487 3387 3537 hono-

1855 3585 1965 3622 rem
1986 3570 2224 3643 debitum
2271 3571 2570 3636 impendere
2611 3572 2925 3634 noluerunt,
2974 3572 3167 3624 ultione
3211 3572 3384 3625 divina

1854 3657 2086 3722 percussi
2114 3665 2255 3718 sunt,
2294 3665 2348 3710 et
2386 3658 2449 3709 ad
2479 3658 2827 3724 cognitionem
2857 3660 2956 3720 sui,
3000 3658 3119 3711 licet
3140 3658 3305 3711 coacti
3332 3666 3386 3711 ct

1854 3746 2021 3807 inviti,
2051 3746 2249 3798 reducti
2286 3753 2342 3797 ut
2368 3745 2539 3812 palam
2567 3746 2782 3798 daretur
2807 3746 3021 3827 intelligi
3048 3746 3184 3798 scire
3210 3745 3384 3797 volen-

1812 3876 1815 3879 ,
1854 3832 2013 3894 tibus,
2052 3832 2172 3899 quia
2199 3832 2295 3883 sub
2333 3833 2505 3884 divina
2530 3833 2765 3885 custodia
2796 3832 3003 3884 fortiter
3037 3833 3176 3885 intus
3210 3841 3384 3901 prote-

1854 3918 2091 3986 gebatur,
2136 3918 2373 3984 quamvis
2417 3918 2677 3970 interdum
2724 3926 2845 3971 ante
2888 3918 3065 3970 oculos
3113 3919 3382 3971 hominum

1853 4006 2192 4072 superborum
2222 4004 2359 4057 ferre
2396 4006 2662 4057 videretur
2704 4006 2911 4074 indigna
2935 4007 3231 4073 Oppi-ebria.
3278 4006 3380 4060 Sed

1854 4094 1939 4160 qui
1958 4095 2069 4145 hoc
2095 4094 2359 4146 attendere
2376 4094 2597 4146 voluerit
2621 4103 2673 4147 et
2690 4095 2901 4154 imitari,
2932 4110 3032 4147 non
3052 4098 3382 4149 mediocriter

1854 4182 1901 4233 ei
1928 4181 2164 4247 proﬁciet
2182 4182 2245 4233 ad
2272 4182 2538 4234 introitum
2562 4182 2705 4249 regni
2733 4184 2994 4235 caelestis:
3024 4184 3142 4234 dum
3174 4198 3380 4247 omnes,

1853 4269 1940 4334 qui
1979 4269 2217 4320 eamdem
2267 4269 2404 4319 viam
2439 4277 2838 4334 praecesserunt,
2888 4268 3007 4319 talia
3052 4278 3378 4336 paterentur,

1854 4354 2134 4404 secundum
2161 4353 2351 4404 dictum
2382 4361 2435 4405 et
2470 4351 2691 4404 formam
2726 4353 3095 4420 apostolorum,
3126 4354 3211 4419 qui
3236 4353 3381 4407 ibant

235 4414 490 4489 auditores
526 4451 649 4488 suos
690 4448 874 4487 omnes
912 4434 1103 4486 dictum
1154 4435 1251 4485 hoc
1278 4433 1583 4500 intelligere,
1635 4436 1753 4499 quia
1787 4414 1829 4470 ι)
1855 4442 2091 4509 ιιδςριιειιξ
2118 4458 2146 4494 a
2177 4450 2453 4508 conspectu
2486 4442 2688 4495 consilii
2728 4414 3013 4509 gaudentes
3046 4449 3099 4492 et
3126 4414 3377 4505 dicentes,

237 4540 492 4592 nunquam
518 4518 787 4575 ‘virtutum
834 4522 992 4574 decor
1026 4531 1079 4573 et
1116 4522 1365 4572 honorum
1394 4536 1609 4585 operum
1639 4521 1759 4573 tedi-

238 4612 402 4666 ticium
432 4611 617 4677 surgit,
644 4610 741 4661 uisi
785 4610 1029 4661 vitiorum
1060 4610 1204 4660 Iabes
1239 4618 1290 4661 et
1319 4610 1645 4661 immunditia
1670 4610 1759 4662 de-

238 4708 479 4753 struatur.
514 4698 617 4752 Sed
644 4706 696 4749 et
716 4696 1054 4764 apostolicum
1081 4696 1204 4747 illud
1231 4697 1508 4763 gloriosum
1541 4705 1593 4747 et
1614 4699 1755 4749 omni

239 4790 381 4841 laude
411 4790 617 4856 dignum
666 4785 1015 4839 testimonium
1044 4823 1057 4843 ,
1107 4793 1320 4850 propter
1362 4785 1751 4837 incitamentum

239 4875 503 4927 cbaritatis
521 4874 610 4924 Dei
642 4872 938 4941 (ξλιντοιίιηὶ
960 4880 1113 4937 atque
1140 4871 1449 4922 desiderium
1482 4874 1621 4938 regni
1649 4888 1755 4925 ca:-

242 4961 413 5023 lestis,
456 4959 871 5025 frequentissime
910 4960 961 5010 in
1002 4958 1329 5009 conclusione
1373 4958 1755 5024 praedicationis

242 5061 341 5098 sua:
363 5047 559 5100 solebat
583 5054 760 5113 aptare
784 5062 795 5094 :
834 5044 981 5106 Quod
1007 5043 1180 5094 oculus
1205 5061 1303 5095 non
1329 5046 1466 5107 vidit,
1502 5062 1588 5095 nec
1613 5049 1753 5097 auris

244 5133 445 5195 audivit,
473 5151 629 5202 neque
656 5135 707 5184 in
741 5148 827 5183 cor
870 5132 1083 5183 hominis
1123 5134 1341 5183 ascendit
1361 5150 1472 5199 qua?
1495 5150 1753 5200 pra'para—

245 5221 304 5272 sit
335 5220 464 5272 Deus
483 5220 800 5287 diligentibus
819 5236 869 5270 se
899 5217 951 5285 (1
975 5218 1091 5270 Cor.
1122 5220 1200 5284 ιι).
1232 5220 1413 5271 Sciens
1440 5222 1597 5285 igitur
1625 5236 1755 5287 ιιι-ξιι-

184 5336 203 5351 ο
246 5306 434 5358 dicatur
455 5307 570 5374 pius
590 5307 672 5359 his
694 5306 894 5359 duobus
922 5306 1248 5367 testimoniis,
1288 5307 1587 5373 prephetieo
1614 5308 1746 5359 scili-

247 5399 323 5444 cet
348 5402 399 5446 et
429 5394 726 5462 apostolico,
753 5395 983 5446 intentis
1026 5393 1349 5445 auditoribus
1379 5395 1595 5445 multum
1623 5410 1749 5446 con-

250 5476 368 5533 !erri
386 5495 476 5547 per
504 5484 761 5535 charisma
788 5482 1141 5535 absconditum
1161 5480 1385 5548 Spiritus
1410 5484 1594 5545 sancti,
1618 5484 1753 5550 quod

250 5573 301 5617 et
329 5570 625 5636 prophetam
666 5572 893 5638 implevit
916 5579 965 5622 et
991 5571 1307 5637 apostolum;
1340 5581 1391 5623 et
1422 5573 1611 5623 idcirco
1651 5582 1751 5623 tam

1852 4532 1972 4597 quia
2004 4546 2096 4598 per
2124 4530 2312 4581 multas
2349 4529 2706 4581 tribulationes
2743 4535 2947 4594 oportet
2971 4543 3065 4581 nos
3102 4529 3297 4582 intrare
3326 4530 3378 4580 in

1854 4632 2066 4685 regnum
2095 4618 2345 4669 etelorum
2367 4616 2384 4681 (
2390 4616 2497 4666 Act.
2528 4614 2599 4683 v).

1922 4704 2003 4753 l9.
2036 4702 2223 4753 Verum
2250 4699 2369 4766 quia
2399 4700 2535 4750 inter
2558 4701 2777 4752 virtutes
2804 4701 3056 4751 maximas
3082 4714 3210 4766 opus
3236 4700 3371 4753 elec-

1851 4802 2181 4855 mosynarum
2226 4786 2290 4837 ab
2336 4786 2447 4853 ipso
2492 4786 2708 4838 Domino
2735 4794 2786 4836 et
2814 4785 3156 4852 Iledemptore
3198 4795 3377 4840 nostro

1848 4886 1927 4930 est
1966 4878 2293 4935 ordinatum,
2356 4883 2409 4927 et
2438 4869 2632 4925 omnes
2685 4874 2963 4940 Scriptura:
3009 4882 3200 4925 sancta:
3245 4872 3375 4925 Novi

1853 4964 2169 5018 Testamenti
2206 4971 2259 5014 et
2284 4962 2488 5014 Veteris
2516 4962 2614 5014 hoe
2640 4977 2770 5027 Opus
2812 4958 3131 5013 salutiferum
3162 4960 3371 5010 laudant

1851 5062 1902 5105 et
1940 5051 2265 5117 gloriﬁcant;
2317 5050 2380 5102 de
2406 5050 2637 5117 largiﬂua
2682 5049 3122 5116 cleemosynarum
3166 5049 3374 5100 datione

1853 5143 1907 5192 ll.
1941 5138 2176 5205 Gregorii
2203 5137 2265 5188 ad
2311 5136 2615 5188 memoriam
2640 5136 2961 5201 posteritatis
2987 5142 3040 5185 et
3067 5133 3373 5185 imitationis

1854 5224 2144 5290 exemplum
2188 5237 2351 5289 pauca
2387 5229 2506 5273 sunt
2528 5221 2855 5287 proferenda.
2902 5219 3097 5271 Floruit
3124 5219 3260 5271 enim
3295 5220 3372 5270 vir

1855 5311 1937 5361 ille
1983 5310 2261 5361 virtutibus
2306 5309 2420 5360 aliis
2449 5308 2645 5369 multis,
2688 5309 2777 5360 sed
2824 5307 3045 5358 tuaxime
3072 5307 3121 5359 in
3150 5306 3369 5359 eleemoo

1854 5411 2097 5463 synarum
2122 5409 2270 5447 saera
2299 5394 2656 5459 puriﬁcatione
2680 5393 2776 5443 fuit
2802 5408 3006 5460 semper
3036 5394 3279 5451 intentus,
3316 5391 3366 5441 in

1858 5489 2057 5533 tantum
2096 5488 2154 5531 ut
2180 5480 2305 5531 nihil
2334 5479 2429 5531 sibi
2466 5479 2599 5541 auri,
2648 5478 2775 5530 nihil
2805 5479 3002 5547 argenti
3046 5485 3233 5545 praeter
3276 5476 3369 5528 Ec-

1859 5570 2025 5621 etesia:
2071 5554 2361 5621 necessaria
2411 5566 2693 5619 ministeria
2734 5581 2960 5632 unquam
2990 5578 3255 5617 reservare
3282 5580 3368 5616 vo-
