3886 6228
486 368 588 421 7G7

1353 362 1406 415 S.
1448 356 1820 415 LUDGERUS.
1861 352 2009 407 VlTA
2050 351 2106 403 S.
2140 345 2453 402 GliEGORll
2490 342 2781 398 ABBATIS.
3008 330 3040 358 “

3511 336 3607 388 768

487 477 685 530 luisset.
715 474 817 528 Sed
840 482 892 526 et
911 474 975 526 de
996 473 1094 524 alia
1121 470 1409 524 substantia
1434 466 1743 529 sua,eadem
1762 462 1996 529 benigni-
2025 451 2065 499 Α
2095 456 2283 507 fectum
2331 454 2593 521 proprium
2632 463 2685 503 et
2727 450 3043 502 subditorum
3085 461 3295 500 suorum
3322 484 3335 505 ,
3381 453 3437 496 et
3471 444 3610 509 loqui

490 574 597 617 tate
636 564 807 630 largus
842 561 1127 613 habebatur
1169 566 1221 612 et
1262 557 1539 619 dilatatus,
1588 551 2001 621 pauperibusque

489 650 680 705 Christi
731 663 935 716 semper
968 645 1229 715 proficuus
1270 652 1323 696 et
1363 644 1513 710 pius:
1556 641 1784 706 nihilque
1812 637 1908 691 sibi
1935 651 2000 688 ex

490 726 572 798 ea,
600 745 812 803 excepto
839 736 975 793 victu
1003 732 1301 800 quotidiana
1329 738 1381 783 et
1418 730 1603 781 vestitu
1630 724 1870 793 simplici,
1914 736 2003 774 vo-

491 823 583 873 luit
614 835 898 880 reservare,
943 832 1139 885 ponens
1182 829 1324 882 Spem
1367 829 1515 867 suam
1554 820 1714 864 totam
1755 809 1918 876 magis
1950 809 2002 859 in

490 906 744 962 tremendi
785 904 1163 959 examinatione
1189 890 1389 969 judicii,
1417 914 1571 966 quam
1598 898 1647 949 in
1673 894 1910 965 praesenti
1933 893 2005 946 lo-

491 995 836 1062 cupletatione
863 994 1219 1045 thesaurorum
1242 997 1296 1041 et
1320 987 1612 1041 divitiarum
1640 984 1833 1036 mundi.
1864 982 2007 1034 ldeo—

492 1095 592 1149 que
632 1088 737 1133 tam
767 1078 917 1132 facile
942 1092 1038 1145 pro
1094 1090 1253 1127 .more
1279 1073 1469 1127 Christi
1496 1071 1670 1125 omnia
1700 1069 1878 1137 largiri
1917 1080 2008 1134 po-

492 1168 592 1220 tuit
612 1181 728 1234 qua:
770 1164 1031 1224 habebat,
1073 1175 1136 1213 ex
1165 1161 1310 1228 cujus
1350 1173 1439 1210 ore
1480 1164 1533 1211 et
1568 1154 1803 1221 exemplo
1828 1153 2007 1205 eadem

494 1255 748 1307 didicerat
797 1266 912 1320 qua:
958 1249 1215 1303 faciebat:
1267 1245 1413 1309 Quod
1453 1252 1675 1311 superest
1718 1241 1852 1294 vobis
1893 1240 2010 1290 date

494 1344 855 1409 elemosynam
878 1356 895 1402 ;
922 1347 966 1390 et
990 1353 1099 1390 ecce
1125 1337 1293 1388 omnia
1336 1332 1523 1385 munda
1544 1339 1660 1382 sunt
1700 1329 1833 1380 vobis
1862 1326 2003 1395 (Luc.

495 1429 591 1495 ιι).
631 1426 986 1481 Consideravit
1010 1424 1188 1476 eadem
1218 1420 1315 1473 fide
1337 1428 1389 1471 et
1412 1418 1663 1472 charitate
1689 1423 1893 1467 sanctos
1916 1412 2010 1464 Pa-

498 1526 604 1571 tres
631 1516 681 1567 in
709 1513 884 1567 Veteri
913 1512 1242 1564 Testamento
1270 1524 1297 1560 a
1326 1507 1429 1559 Deo
1454 1506 1691 1564 donatos,
1722 1501 1900 1553 eadem
1918 1513 2011 1565 spe

502 1600 931 1656 remunerationis
971 1598 1297 1663 sempiternae
1335 1595 1397 1646 de
1425 1592 1863 1655 elecmosynarum
1891 1599 2014 1650 ope-

503 1693 643 1749 ribus
667 1688 942 1744 fructuosis
983 1696 1187 1749 semper
1228 1678 1385 1731 fuisse
1411 1675 1671 1729 sollicitos.
1724 1672 1865 1725 Unde
1887 1670 2013 1722 etin

499 1776 699 1844 psalmo
725 1781 936 1825 sanctus
957 1762 1212 1834 Propheta
1238 1777 1333 1832 pro
1364 1760 1695 1814 beatitudinis
1724 1755 2015 1809 testimonio

504 1842 656 1930 hujus
682 1842 852 1928 operis
880 1858 1199 1911 devotionem
1226 1852 1396 1919 posuit
1424 1850 1599 1902 dicens
1642 1865 1653 1898 :
1702 1846 1883 1896 Beatus
1929 1843 2014 1910 qui

503 1949 730 2016 intelligit
757 1962 906 2014 super
931 1958 1136 2012 egenum
1162 1950 1208 1992 et
1232 1953 1527 2007 pauperem:
1558 1938 1607 1987 in
1634 1936 1714 1986 die
1736 1932 1872 1985 mala
1898 1931 2017 1983 libe-

507 2036 634 2087 rabit
655 2050 766 2085 eum
792 2032 1032 2083 Dominus
1062 2026 1227 2090 (Psal.
1268 2025 1369 2093 XL).
1402 2023 1503 2075 Sed
1533 2030 1585 2074 et
1610 2022 1742 2073 alius
1767 2019 2018 2087 propheta

506 2124 569 2176 de
614 2121 794 2174 eodem
830 2131 987 2185 opere
1028 2121 1208 2168 sancto
1234 2110 1561 2163 laudaliliter
1602 2107 1744 2159 canit
1768 2114 1820 2157 et
1856 2103 2017 2156 dicit:

510 2206 653 2265 Sicut
679 2225 811 2276 aqua
831 2205 1098 2272 exstinguit
1124 2204 1309 2270 ignem,
1334 2201 1405 2249 ita
1420 2197 1728 2262 eleemosgna
1754 2195 2022 2262 exstinguit

509 2307 764 2367 peccatum
792 2292 979 2361 (Eccle.
1027 2290 1128 2357 ιιι).
1159 2288 1407 2341 Dominus
1436 2298 1637 2353 quoque
1666 2284 1775 2350 ipso
1802 2297 1895 2351 pro
1922 2284 2023 2336 hoc

509 2397 665 2452 opere
694 2382 745 2433 in
766 2381 847 2432 die
873 2376 1137 2430 tremendo
1171 2382 1377 2426 sanctos
1400 2386 1521 2424 suos
1548 2370 1712 2438 gratia
1738 2382 1829 2421 sua
1857 2377 1908 2422 et
1933 2368 2024 2421 be-

512 2471 799 2525 nedictione
835 2466 1144 2533 sempiterna
1183 2462 1331 2515 effert
1357 2469 1409 2513 et
1437 2459 1636 2512 extollit
1680 2459 1886 2523 dicens:
1926 2455 2024 2509 Ve-

514 2561 633 2621 nite,
657 2557 894 2611 benedicti
922 2554 1091 2606 Patris
1115 2552 1235 2625 mei,
1256 2551 1486 2619 percipite
1509 2564 1713 2614 regnum
1739 2546 1871 2613 quod
1891 2545 2027 2597 vobis

513 2654 741 2699 auratum
765 2652 837 2695 est
868 2641 929 2693 ab
960 2640 1148 2706 origine
1172 2636 1345 2689 mundi
1386 2650 1403 2687 :
1430 2634 1548 2702 quia
1574 2634 1777 2694 esuriri,
1818 2641 1862 2683 et
1887 2630 2029 2683 dedi-

512 2733 601 2786 stis
626 2731 747 2783 mihi
782 2726 1126 2785 manducare;
1168 2720 1319 2785 sitivi',
1347 2730 1394 2773 et
1434 2718 1638 2771 dedistis
1664 2718 1785 2769 mihi
1822 2716 1984 2768 bibere
2008 2732 2025 2777 ;

516 2820 683 2871 nudus
705 2815 799 2882 fui,
828 2822 871 2865 et
895 2811 1158 2879 aperuistis
1180 2824 1278 2871 me,
1317 2816 1420 2861 etc.
1460 2805 1662 2874 (Matth.
1692 2804 1836 2871 xxv).
1885 2801 2028 2855 Talia

517 2907 574 2961 Β.
605 2904 883 2972 Gregorius
907 2902 966 2956 de
1004 2907 1224 2966 utroque
1249 2897 1599 2955 Testamento,
1639 2894 1691 2944 in
1729 2891 1915 2958 quibus
1940 2890 2031 2942 do—

2094 559 2207 611 quze
2231 542 2695 595 admdiflcationem
2715 538 3057 607 pertinebant.
3086 536 3232 600 Quod
3252 538 3432 601 utique
3457 548 3615 601 agere

2096 646 2197 682 non
2220 638 2298 681 cst
2338 628 2561 689 oblitus;
2607 628 2695 680 sed
2723 628 2858 679 sicut
2898 640 3102 691 semper
3141 622 3357 681 solebat,
3407 628 3615 673 tratere

2096 731 2197 767 non
2237 716 2431 767 destitit
2470 714 2791 766 auditoribrs
2818 713 2926 765 suis
2974 711 3136 764 libros
3171 711 3358 762 divinae
3403 709 3529 775 legis
3561 718 3617 760 et

2098 804 2290 855 monita
2333 803 2515 855 salutis
2541 811 2766 854 teternte.
2813 798 2942 851 Nam
2968 807 3020 851 et
3044 798 3409 865 condiscipulis
3437 797 3618 849 melio—

2101 891 2361 959 ribusque'
2387 889 2517 940 meis
2577 887 2628 938 in
2676 887 2853 939 eadem
2904 886 3139 938 molestia
3184 885 3357 952 plures
3403 885 3622 937 tradidit

2100 976 2259 1027 libros
2283 991 2296 1036 ;
2325 983 2377 1026 et
2406 976 2528 1026 mihi
2551 974 2751 1026 modico
2778 973 3012 1041 Ludgero
3034 973 3217 1024 librum
3246 973 3409 1024 sancti
3441 971 3614 1036 Augu-

2101 1063 2222 1113 stini
2245 1062 2470 1122 tradidit,
2493 1073 2643 1128 quem
2671 1060 3023 1113 Enehiridion.
3052 1059 3100 1112 id
3123 1069 3201 1111 est
3221 1057 3474 1118 Manuale,
3509 1060 3622 1123 ipse

2105 1146 2439 1213 nuncupavit.
2892 1136 2897 1139 ’

2169 1234 2253 1286 21.
2286 1233 2405 1285 llaec
2426 1234 2497 1286 ita
2517 1232 2715 1301 agendo
2737 1233 2920 1287 beatus
2943 1234 3097 1286 homo
3116 1232 3412 1300 Gregorius,
3438 1248 3465 1283 τι
3492 1249 3623 1299 prn-

2106 1320 2239 1373 fectu
2282 1319 2625 1386 spiritualium
2665 1320 3048 1373 successionum
3074 1320 3123 1370 in
3166 1320 3273 1385 ipsa
3311 1321 3626 1387 aegritudine

2106 1423 2197 1460 sua
2250 1421 2510 1473 nunquam
2558 1406 2874 1469 desinendo,
2923 1408 3066 1458 auxit
3105 1421 3196 1473 per
3240 1407 3467 1474 singulos
3511 1409 3630 1459 dies

2107 1508 2244 1545 sanre
2269 1494 2457 1545 mentis
2476 1494 2746 1560 sapientia,
2768 1493 2890 1546 licet
2918 1493 3159 1546 imbecilli
3195 1508 3432 1560 corpore,
3480 1496 3627 1560 quod

2109 1580 2205 1632 sibi
2233 1581 2441 1646 suisque
2464 1580 2528 1632 ad
2562 1581 2847 1647 ingressum
2874 1579 3015 1648 regni
3043 1580 3268 1633 caelestis
3294 1590 3346 1633 et
3374 1583 3627 1648 gaudium

2111 1668 2385 1734 proliceret
2437 1669 2824 1735 sempiternum.
2879 1667 3053 1720 Tertio
3105 1666 3307 1720 tandem
3356 1682 3494 1721 anno
3546 1669 3629 1719 in-

2112 1742 2311 1811 cboatze
2335 1758 2670 1827 aegritudinis,
2699 1759 2844 1825 quasi
2871 1758 2985 1810 auri
3011 1771 3155 1824 more
3177 1757 3313 1825 quod
3334 1772 3428 1824 per
3453 1759 3628 1826 ignem

2114 1846 2334 1905 transiit,
2356 1847 2590 1913 corporis
2611 1845 2909 1918 fatigatione
2934 1854 3180 1913 purgatus
3207 1846 3269 1897 ad
3294 1846 3345 1897 id
3366 1848 3630 1913 pervenit,

2114 1940 2173 1985 ut
2209 1934 2503 2000 ubicunque
2538 1947 2667 2001 opus
2698 1942 2839 1995 erat,
2887 1935 3022 1986 inter
3048 1934 3415 2001 discipulorum
3444 1949 3637 1986 manus

2117 2026 2324 2086 portare
2343 2033 2554 2072 necesse
2578 2026 2733 2073 esset.
2779 2020 2843 2073 Et
2866 2034 2962 2074 nec
2988 2028 3111 2073 tunc
3129 2021 3336 2088 quidem
3368 2022 3448 2074 vir
3469 2036 3634 2074 vene-

2118 2106 2295 2159 rabilis
2320 2107 2384 2159 ab
2403 2120 2558 2173 apere
2591 2108 2679 2161 Dei
2706 2123 2932 2177 unquam
2954 2111 3216 2163 cessavit:
3247 2110 3337 2163 sed
3375 2119 3467 2162 aut
3496 2110 3637 2162 divi-

2118 2209 2214 2247 nos
2240 2194 2399 2248 libros
2439 2196 2609 2263 legere
2634 2211 2811 2250 coram
2850 2212 2923 2259 se,
2968 2206 3057 2250 aut
3095 2213 3188 2264 pro
3226 2200 3406 2251 eadem
3442 2200 3639 2253 mentis

2119 2294 2226 2333 suae
2259 2280 2629 2334 exercitatione
2653 2283 2717 2333 ad
2742 2282 2974 2337 coelestia
3005 2284 3231 2350 psalmos
3258 2287 3471 2340 cantare
3499 2288 3637 2339 assi-

2120 2367 2221 2420 due
2273 2364 2428 2419 fecit:
2480 2366 2657 2434 sicque
2702 2368 2767 2421 ad
2806 2376 3038 2423 extrema
3084 2373 3346 2442 perducto.
3378 2375 3637 2427 imbecilla

2122 2451 2351 2504 membra
2375 2454 2625 2520 corporis,
2646 2470 2761 2523 qua:
2775 2456 2883 2524 jam
2907 2465 3027 2511 tunc
3052 2458 3185 2512 lecto
3212 2475 3415 2528 semper
3436 2474 3650 2516 susten-

2123 2545 2234 2591 tare
2260 2553 2473 2592 necesse
2498 2548 2610 2591 erat
2632 2579 2647 2601 ,
2691 2541 2909 2595 candida
2950 2541 3085 2596 facta
3127 2552 3248 2597 sunt
3273 2560 3335 2598 ac
3373 2547 3534 2599 nitida
3575 2550 3644 2599 ad

2124 2629 2288 2680 instar
2308 2627 2459 2681 lactis
2484 2628 2565 2680 vel
2600 2628 2731 2681 lanae
2756 2630 2884 2683 albae
2908 2669 2921 2693 ,
2962 2639 3023 2683 ut
3046 2631 3394 2686 innotesceret
3418 2635 3645 2687 videnti-

2122 2716 2220 2769 bus
2244 2715 2294 2767 in
2318 2723 2509 2781 quanta
2535 2716 2784 2768 munditia
2825 2716 3038 2784 spiritus
3072 2717 3214 2771 intus
3238 2720 3524 2772 haberetur
3549 2735 3643 2773 eo—

2124 2816 2235 2854 ram
2262 2802 2425 2855 oculis
2451 2802 2561 2855 Dei.
2606 2801 2750 2858 Tunc
2773 2814 3040 2872 eruperunt
3082 2808 3329 2877 conqueri
3366 2818 3421 2862 et
3441 2810 3646 2862 contri-

2124 2890 2252 2941 stari
2272 2890 2572 2956 quinidem
2595 2890 2869 2945 adfuerunt
2888 2894 3155 2961 utriusque
3179 2910 3335 2949 sexus
3359 2899 3643 2950 necessarii

516 2994 778 3048 ctissimus
800 2996 934 3049 erat,
979 2984 1307 3051 intelligendo
1331 2988 1385 3033 et
1411 2979 1731 3049 penetrando
1771 2986 2027 3045 praecepta
2056 3010 2100 3070 Ο
2127 2976 2299 3038 amici,
2332 2985 2435 3029 tam
2472 2978 2539 3044 de,
2559 2976 2673 3070 ejus
2709 2979 2925 3031 transitu
2953 2980 3110 3033 citius
3134 2977 3451 3044 imminente,
3482 2997 3645 3048 quam

517 3088 571 3131 et
597 3077 821 3130 divinam
862 3072 1204 3139 Scripturam,
1253 3067 1414 3135 legem
1452 3066 1608 3117 vertit
1650 3065 1701 3116 in
1740 3076 1935 3130 opera:
1979 3071 2031 3114 et

521 3180 621 3218 non
658 3163 863 3215 auditor
886 3160 1162 3213 obliviosos
1204 3156 1389 3215 factus,
1438 3154 1526 3207 sed
1556 3153 1722 3204 factor
1748 3152 1946 3218 operis,
1978 3151 2029 3202 in

522 3257 631 3322 lege
650 3252 744 3303 Dei
783 3264 985 3315 semper
1006 3255 1139 3299 erat.
1184 3247 1276 3297 Eia
1317 3242 1753 3301 inilitesthristi,
1785 3242 1956 3293 audite
1979 3249 2032 3292 et

522 3338 808 3406 intelligite,
840 3344 891 3388 et
919 3335 1163 3389 assumite
1197 3333 1428 3400 exempla
1456 3332 1626 3384 Patris
1664 3329 1816 3395 hujus
1855 3329 2033 3381 rectis-

522 3429 652 3478 sima
694 3433 745 3477 et
768 3422 1032 3492 prmclara,
1067 3429 1127 3473 ut
1164 3420 1310 3472 vobis
1346 3421 1502 3471 etiam
1532 3419 1695 3470 adhuc
1724 3417 1775 3469 in
1817 3429 2033 3481 corpore

522 3512 831 3572 viventibus,
880 3518 933 3561 et
958 3508 1274 3561 intuentibus
1314 3521 1374 3558 ac
1419 3504 1747 3572 diligentibus
1786 3517 1868 3563 ea,
1918 3502 2034 3552 inde

524 3604 729 3651 crescat
750 3596 911 3663 gratia
939 3594 1029 3645 Dei
1053 3630 1066 3653 ,
1096 3591 1319 3658 largiens
1340 3589 1611 3642 vulnerum
1640 3596 1931 3640 nostrorum
1956 3600 2036 3637 re-

530 3685 721 3744 media,
754 3683 887 3733 unde
912 3679 981 3731 illi
1008 3684 1285 3731 creverunt
1310 3683 1568 3727 tantarum
1595 3674 1841 3725 virtutum
1884 3686 2035 3724 orna-

526 3778 719 3823 menta.

592 3856 676 3907 20.
709 3853 916 3905 Talibus
948 3848 1273 3904 successibus
1297 3854 1352 3901 et
1374 3848 1492 3899 vita:
1518 3846 1715 3898 meritis
1742 3845 1921 3897 beatus
1947 3842 2034 3896 ab-

526 3945 620 3996 bas
664 3955 808 3993 mens
843 3948 895 3991 et
919 3946 1205 4005 praeceptor
1247 3934 1555 4001 Gregorius,
1604 3932 1724 3984 dum
1754 3945 1958 3998 semper
1986 3932 2037 3982 in

529 4029 713 4081 melius
741 4023 1024 4078 crescendo
1046 4021 1334 4088 proficeret,
1360 4028 1413 4071 et
1437 4033 1595 4085 prope
1615 4018 1721 4083 jam
1750 4017 1813 4068 ad
1840 4024 2038 4081 septua-

528 4117 667 4182 ginta
684 4126 945 4165 annorum
965 4118 1171 4163 :etatem
1186 4116 1290 4160 tam
1313 4108 1503 4159 charus
1527 4107 1631 4158 Deo
1658 4120 1812 4173 quam
1833 4104 2036 4157 cunctis

530 4203 823 4257 hominibus
859 4197 1187 4265 perveniret;
1233 4194 1396 4247 adfuit
1437 4196 1546 4247 dies
1568 4232 1584 4255 ,
1621 4194 1671 4245 in
1693 4207 1797 4258 qua
1825 4192 2035 4244 militem

2128 3064 2190 3114 de
2219 3063 2507 3114 tardatione
2548 3056 2699 3117 electi
2742 3064 2831 3117 lilii
2863 3065 2977 3131 ejus
3000 3066 3193 3120 Albrici
3214 3107 3228 3131 ,
3277 3070 3327 3121 in
3351 3084 3455 3136 quo
3484 3071 3649 3124 totius

2125 3149 2306 3202 domus
2328 3162 2351 3187 ιι
2380 3163 2499 3216 spes
2527 3165 2707 3219 magna
2735 3152 2995 3206 incubuit:
3034 3155 3121 3221 qui
3164 3163 3287 3209 tunc
3316 3159 3566 3224 temporis
3592 3160 3645 3211 in

2122 3234 2271 3288 italia
2298 3245 2411 3288 erat
2448 3238 2605 3303 regali
2644 3240 2853 3293 servitio
2890 3250 3206 3308 occupatus;
3236 3252 3290 3297 et
3317 3245 3507 3297 nemini
3549 3261 3648 3299 no—

2128 3329 2234 3372 tum
2269 3322 2474 3387 quando
2509 3332 2648 3376 esset
2668 3333 2933 3379 venturus.
2978 3325 3097 3379 llaec
3119 3329 3334 3382 audiens
3359 3328 3512 3383 Pater
3537 3332 3649 3385 Deo

2125 3405 2344 3459 dilectus
2366 3407 2666 3477 Gregorius,
2703 3412 2861 3477 cmpit
2883 3413 3157 3466 condolere
3192 3416 3552 3479 maerentibus,
3582 3418 3648 3470 de

2127 3494 2293 3558 seipse
2319 3508 2549 3556 securus,
2596 3504 2643 3547 et
2687 3496 2749 3549 de
2774 3498 2879 3549 filio
2921 3498 3209 3551 sollicitus:
3254 3508 3306 3552 et
3344 3489 3648 3555 consolatus

2126 3594 2215 3632 eos
2240 3582 2415 3645 carpit,
2440 3582 2589 3647 Asicut
2612 3581 2910 3649 frequenter
2933 3601 3089 3638 sanus
3128 3602 3345 3651 corpore
3371 3596 3492 3639 ante
3509 3589 3648 3641 sole—

2128 3669 2217 3720 bat
2242 3668 2374 3719 inter
2391 3670 2682 3721 communia
2703 3672 2972 3751 colloquia,
3002 3674 3357 3751 propheticum
3374 3675 3497 3729 illud
3521 3691 3648 3744 pro-

2130 3753 2264 3807 ferre
2292 3770 2353 3807 ac
2380 3755 2549 3809 dicere
2576 3773 2589 3807 :
2618 3742 2783 3809 Nolite
2811 3758 3009 3818 timere,
3046 3774 3146 3811 non
3170 3742 3420 3823 transibo,
3451 3742 3645 3829 inquit.

2129 3846 2403 3905 antequam
2439 3840 2547 3905 ipse
2576 3842 2765 3912 veniat.
2811 3840 2954 3905 Quod
2981 3858 3136 3909 quam
3168 3846 3419 3900 veraciter
3454 3847 3647 3913 spiritu

2131 3938 2513 3993 praenosceret,
2544 3928 2615 3979 rei
2642 3927 2879 3995 probavit
2914 3938 3148 3984 eventus.
3192 3930 3322 3985 Nam
3362 3932 3536 3986 triduo
3566 3934 3651 3986 vel

2131 4015 2406 4079 quatriduo
2433 4022 2553 4066 ante
2582 4014 2850 4067 transitum
2883 4015 3015 4082 ejus,
3061 4016 3203 4069 venit
3235 4017 3322 4069 diu
3355 4028 3570 4084 optatus
3594 4028 3651 4074 ct

2133 4102 2327 4154 electus
2348 4101 2485 4153 filius
2504 4101 2616 4167 ejus
2628 4100 2865 4154 Albricus
2886 4103 3168 4170 inopinate,
3196 4106 3394 4158 cunctis
3411 4108 3655 4160 nescien-

2135 4192 2271 4243 tibus
2298 4230 2311 4252 ,
2358 4198 2575 4258 excepto
2608 4190 2760 4243 Patre
2794 4191 3031 4258 spiritali,
3086 4194 3172 4259 qui
3217 4192 3328 4259 ejus
3364 4195 3652 4249 adventum

528 4302 679 4343 suum
701 4287 947 4338 Dominus
970 4284 1136 4336 adhuc
1157 4282 1471 4335 meliorando
1496 4281 1781 4334 subvehere
1803 4279 1954 4331 vellet
1975 4282 2037 4331 ad
2071 4298 2117 4355 ι)
2138 4280 2286 4347 longe
2323 4287 2441 4331 ante
2470 4280 2721 4347 praedixit.

529 4379 851 4437 sublimiora,
881 4382 934 4428 et
960 4371 1388 4440 remunerationis
1408 4372 1453 4423 ei
1477 4370 1683 4435 praemia
1707 4369 1903 4435 largiri,
1931 4382 2044 4433 quae

532 4465 731 4519 meritis
758 4462 867 4527 ejus
894 4461 1221 4512 debebantur
1248 4462 1300 4508 et
1327 4456 1568 4521 operibus
1606 4452 1898 4505 fructuosis.
1947 4452 2044 4503 Ta-

532 4561 648 4607 ctus
672 4552 842 4617 itaque
881 4554 960 4600 est
1000 4562 1060 4599 ea
1099 4546 1330 4596 molestia
1372 4540 1625 4609 corporali
1657 4541 1705 4591 in
1734 4541 1942 4592 sinistro
1972 4539 2043 4589 la—

442 4636 449 4643 ’
536 4648 666 4701 tere,
705 4650 859 4703 quam
896 4631 1154 4700 paralysin
1197 4629 1379 4681 medici
1419 4634 1641 4680 vocant:
1681 4634 1734 4677 et
1778 4635 2044 4677 crescente

536 4725 715 4777 eadem
731 4720 965 4773 molestia
979 4724 1030 4768 et
1054 4718 1441 4783 ingravescente
1454 4727 1548 4778 per
1569 4712 1677 4762 dies
1697 4710 1941 4777 singulos,
1965 4723 2044 4761 se-

536 4808 757 4859 cundum
808 4804 1089 4869 Scriptura:
1153 4797 1540 4857 testimonium,
1598 4795 1868 4861 flagellavit
1909 4797 2043 4849 Deus

540 4892 699 4944 tilium
729 4904 873 4941 suum
898 4889 947 4939 in
976 4888 1073 4939 hac
1099 4885 1508 4952 peregrinatione
1538 4880 1711 4950 (Hebr.
1746 4880 1863 4945 χιι),
1892 4895 2041 4945 quem

539 4993 569 5030 c
588 4977 756 5029 vicino
783 4983 895 5025 erat
928 4981 1224 5036 recepturus
1252 4969 1315 5020 ad
1345 4969 1559 5035 patriam
1589 4967 1872 5019 caelestium
1900 4982 2043 5017 man-

540 5065 774 5122 sionum;
809 5059 973 5109 tribus
1004 5056 1137 5106 enim
1167 5056 1314 5105 annis
1335 5061 1451 5105 ante
1475 5052 1669 5103 obitum
1693 5068 1862 5113 suum,
1897 5066 2042 5102 arre-

541 5155 659 5215 ptus
678 5152 755 5197 est
778 5144 860 5194 illa
883 5141 1193 5194 infirmitate.
1224 5139 1322 5189 Sed
1352 5146 1465 5191 erat
1490 5136 1703 5201 languor
1732 5137 1865 5195 talis,
1909 5144 1962 5187 ut
1992 5137 2040 5187 in

542 5229 723 5299 primis
748 5220 831 5280 vix
854 5226 1117 5279 ambulare
1138 5231 1329 5291 posset,
1353 5223 1431 5273 vel
1456 5237 1609 5273 manu
1632 5220 1811 5273 deduci
1838 5222 1902 5273 ad
1925 5236 2043 5287 pro—

612 5390 634 5414 ει
661 5376 850 5441 Nempe
899 5375 1068 5441 stirpis
1107 5388 1166 5425 ac
1206 5371 1411 5441 generis
1449 5371 1525 5441 sui
1550 5409 1562 5432 ,
1610 5384 1671 5420 ex
1714 5384 1815 5436 quo
1850 5371 2043 5441 prodiit

546 5437 852 5495 Alhrieus'in
881 5437 1150 5493 commissa
1176 5437 1573 5502 Trajectensium
1616 5451 1737 5487 enra
1766 5446 1876 5503 post
1910 5438 2037 5489 Gre—

547 5510 743 5577 gorium
793 5523 1073 5569 successor,
1112 5515 1160 5558 at
1194 5506 1494 5572 cpiscopus,
1534 5512 1587 5553 ut
1613 5518 1673 5554 ex
1710 5503 1847 5556 Actis
1877 5505 2037 5558 sancti

2204 4367 2289 4417 22.
2322 4366 2465 4418 Tunc
2506 4366 2775 4418 continuos
2804 4365 2919 4418 illos
2962 4376 3068 4418 tres
3096 4366 3206 4419 dies
3230 4377 3319 4420 aut
3339 4375 3567 4435 quatuor
3595 4371 3650 4423 in

2137 4452 2395 4503 communi
2425 4451 2647 4503 utilitate
2685 4459 2738 4503 et
2772 4451 2930 4503 totius
2972 4451 3176 4505 familia:
3214 4452 3406 4507 salubri
3434 4456 3653 4522 negotio

2138 4536 2256 4588 dum
2287 4538 2559 4597 ducerent,
2603 4550 2729 4587 sano
2758 4550 2909 4588 sensu
2938 4552 3255 4604 quaecunque
3279 4538 3654 4593 desiderabant

2139 4624 2355 4676 invicem
2380 4623 2736 4686 conferentes;
2780 4624 2918 4677 venit
2954 4627 3002 4677 ei
3030 4627 3139 4679 dies
3160 4634 3421 4678 extremus
3448 4636 3653 4679 morta-

2138 4708 2298 4762 litatis
2324 4708 2491 4774 hujus,
2540 4709 2603 4760 ad
2642 4710 2927 4776 ingressum
2954 4712 3096 4779 regni
3123 4721 3176 4763 et
3208 4718 3469 4778 perpetua:
3489 4711 3652 4766 saluti

2138 4798 2545 4865 prtedestinatus.
2586 4797 3051 4851 Circumsteterunt
3092 4810 3209 4849 eum
3237 4798 3470 4866 discipuli
3509 4798 3651 4865 ejus,

2138 4886 2489 4938 desiderantes
2515 4887 2683 4939 adhuc
2723 4885 2957 4951 quamvis
2993 4885 3251 4938 infirmum
3294 4886 3501 4939 Patrem
3529 4887 3654 4942 diu-

2141 4975 2240 5024 tius
2264 4988 2439 5024 secum
2467 4974 2677 5045 habere,
2706 4980 2760 5024 et
2784 4973 2847 5023 de
2878 4986 2942 5024 eo
2965 4974 3186 5038 optando
3211 4973 3383 5025 dicere
3413 4959 3651 5028 adinvi-

2140 5072 2249 5115 eem
2275 5074 2287 5107 :
2318 5056 2429 5109 Non
2466 5057 2683 5108 moritur
2717 5057 2888 5119 hodie,
2929 5073 3031 5110 non
3067 5058 3287 5109 moritur
3308 5057 3477 5110 hodie.
3528 5057 3652 5125 Ipse

2140 5160 2281 5205 vero,
2312 5145 2505 5196 viribus
2527 5146 2819 5210 assumptis,
2836 5144 3021 5210 quibus
3045 5142 3226 5193 valuit:
3256 5142 3432 5204 Hodie,
3450 5143 3645 5210 inquit,

2139 5229 2252 5281 volo
2278 5230 2536 5282 licentiam
2563 5230 2769 5281 habere.
2817 5229 2882 5280 Et
2918 5229 2999 5280 his
3039 5228 3208 5291 dictis,
3246 5229 3399 5296 jussit
3432 5242 3493 5282 se
3519 5240 3649 5285 ante

2139 5373 2359 5491 lanigeri
2396 5382 2631 5433 constat,
2679 5374 2764 5426 ubi
2790 5371 3023 5425 Albrieus
3062 5371 3293 5440 Gregorii
3319 5382 3469 5443 nepos
3513 5370 3685 5435 dictv»,

2164 5456 2239 5491 ur.

2164 5456 2239 5492 Ul‘.
