3886 6228
262 394 359 445 76'.)

834 396 924 447 AD
960 395 1015 448 s.
1055 396 1343 450 LUDGElll
1386 362 1659 451 solum
1699 400 2044 452 APPENDlX.
2080 430 2147 437 —
2192 401 2360 454 ACTA
2403 402 2456 453 s.
2500 402 2807 457 LUDCERI.

3287 406 3387 458 77D

256 504 541 552 oratorium
571 501 736 553 sancti
769 500 1053 555 Salvatoris
1094 517 1122 554 a
1166 503 1432 569 discipulis
1460 507 1674 571 portari,
1721 515 1773 558 et
1803 526 1842 576 Α
1872 507 2143 559 Dominum
2188 508 2417 573 perrexit
2467 522 2491 548 ι
2518 548 2531 572 ,
2577 510 2659 561 cui
2714 519 2859 563 tanto
2913 521 3141 578 tempore
3188 514 3385 566 sincera

253 590 448 641 ostium
483 588 711 656 aperiri:
768 589 941 657 ibique
982 590 1218 643 oratione
1262 589 1399 643 facta
1446 599 1501 643 et
1545 605 1773 644 commu-

254 675 410 726 nione
448 675 581 726 sacri
627 674 863 741 corporis
890 682 942 726 et
984 676 1251 743 sanguinis
1293 676 1496 727 Domini
1541 686 1771 744 accepta,

251 762 513 827 aspiciens
550 762 615 813 ad
657 760 841 823 altare,
892 762 1063 813 mente
1089 761 1388 814 caelestibus
1415 762 1672 825 intentus,
1708 765 1773 816 ad

321 893 531 977 animo
550 891 943 977 sci‘lieetgtatis
976 896 1210 974 75.(nam
1239 900 1666 977 septuagenarius
1688 916 1778 968 pa-

251 959 428 1031 ralysi
438 968 728 1031 correptus,
756 959 1091 1031 tribusiannis'
1111 959 1373 1031 snpersies
1398 959 1525 1019 vixit
1544 984 1607 1020 ex
1632 959 1772 1021 num.

244 1027 360 1100 29),
392 1026 584 1079 Christi
617 1042 735 1100 \‘CIP
766 1028 880 1100 7_8‘l.
902 1026 1189 1100 Siquidem
1211 1049 1403 1085 antrum
1424 1036 1662 1100 quintum
1690 1037 1778 1089 de-

246 1094 443 1168 cimum
483 1109 667 1168 agens,
688 1094 950 1168 Bonifacio
965 1094 1233 1168 adhaerere
1254 1102 1411 1168 cwpit
1441 1094 1577 1154 anno
1603 1102 1701 1155 722
1713 1121 1777 1159 ex

247 1161 446 1231 notatis
470 1177 611 1231 num.
642 1161 693 1213 4.
720 1162 865 1231 Diem
897 1164 1067 1231 signat
1091 1161 1403 1220 Molanus'in
1416 1170 1777 1226 Additionibus

246 1228 313 1301 ad
358 1227 647 1301 [_Jsuardum
693 1227 1041 1301 v_t_r_t__AKale'nd.
1092 1232 1354 1301 Septemb.
1401 1238 1454 1289 ln
1494 1239 1777 1292 Annalibus

247 1293 657 1383 geodicensibus
672 1311 701 1348 a
715 1295 972 1383 Willelmo
988 1300 1141 1383 iledz‘i‘
1149 1293 1572 1383 veitatissepullt‘us
1585 1307 1775 1383 dicitur

246 1360 535 1424 Cregut‘ius
556 1378 672 1415 cum
706 1374 873 1418 matre
892 1375 1070 1419 saneta
1099 1369 1367 1424 Wastrade
1402 1360 1454 1424 in
1482 1374 1776 1425 Susterensi
1809 1370 1851 1424 Β

492 1507 805 1516 --ι-,υις-

1872 601 2044 645 mente
2066 595 2297 655 servivit,
2327 605 2607 661 praestante
2625 599 2803 649 eodem
2831 598 3046 651 Domino
3068 610 3244 655 nostro
3268 600 3390 653 Jesu

1871 679 2108 741 Christo,
2156 682 2387 746 quicum
2434 682 2586 736 Patre
2630 693 2684 736 et
2727 684 2918 752 Spiritu
2960 698 3138 741 sancto
3182 689 3310 741 vivit
3339 696 3395 743 et

1872 776 2053 834 regnat
2076 768 2211 820 Deus
2238 784 2332 835 per
2350 770 2522 822 omnia
2552 772 2737 824 saecula
2764 774 3087 827 surculorum.
3115 774 3301 829 Amen.

1875 906 2114 978 egenobio
2140 909 2389 963 nobilium
2424 909 2684 978 virginum
2728 908 3177 978 Benedictinarum
3202 908 3392 978 dioece-

1874 973 1949 1045 sis
1968 974 2320 1030 Leodicensis.
2363 973 2635 1045 Repugnat
2658 976 2881 1045 Joannes
2910 974 2973 1045 de
2994 975 3132 1045 ‘Beka
3161 976 3211 1027 in
3238 976 3392 1045 Albe-

1875 1042 2002 1119 rico,
2025 1057 2180 1111 quem
2209 1045 2261 1119 i_n
2289 1046 2399 1119 aede
2422 1040 2571 1119 sacra
2601 1045 2655 1119 S_.
2683 1042 2964 1119 Salvatoris
2984 1040 3122 1119 (qua;
3150 1054 3252 1094 tum
3281 1044 3391 1119 pri-

1875 1110 2180 1164 maria’erat
2209 1112 2432 1178 Trajecti
2457 1111 2675 1164 ecclesia
2715 1127 2775 1164 ex
2806 1110 3043 1178 dictisin
3066 1110 3397 1178 Observatio-

1874 1178 2025 1248 nibus
2046 1176 2378 1248 ad_VitamS.
2407 1178 2747 1248 Willibrordi)
2769 1177 3017 1248 Gregqrio
3036 1176 3390 1248 consepultnm

1873 1242 2033 1298 fuisse
2060 1245 2300 1299 afﬁrmat.
2338 1246 2475 1299 Sane
2502 1247 2554 1298 in
2576 1242 2803 1299 oratorio
2832 1242 2897 1297 Si
2918 1242 3203 1297 Salvatoris
3223 1257 3396 1297 extre-

1876 1326 2016 1364 mum
2041 1313 2281 1381 spiritum
2305 1314 2593 1367 reddidisse
2610 1314 2908 1382 perhibetur
2932 1326 3107 1377 supra.

1427 1641 2260 1746 APPENDIX.

504 1937 897 2064 ACTA
959 1937 1247 2064 SEU
1334 1938 1714 2067 VITA
1832 1939 2382 2067 SANCTI
2472 1942 3143 2068 LUDGEBI

889 2135 1250 2207 Aucronn
1288 2145 1682 2208 ALTFRIDO
1717 2146 2086 2210 EPISCOPO
2126 2147 2769 2210 MONASTERIENSI.

1256 2325 1427 2406 IApud
1448 2343 1682 2405 Leibnitz,
1706 2348 1884 2406 Script.
1907 2359 2070 2396 rerum
2093 2347 2383 2404 Brunswic.)

667 2564 910 2624 INDEX
934 2586 937 2587 '
964 2562 1330 2626 CAPI'I‘UM.

301 2698 378 2761 pe
404 2699 1011 2761 persecutionegVursingi.

299 2757 379 2806 De
406 2757 688 2818 expulsione
713 2758 834 2816 eius.

297 2820 546 2874 Uumnodo
572 2818 757 2865 ltadbod
781 2818 977 2866 tentavit
998 2829 1225 2867 revocare
1249 2818 1395 2866 illum.

299 2876 375 2926 De
401 2880 534 2924 obitu
560 2877 757 2935 Pippinl.
1311 2878 1315 2881 ‘

297 2937 375 2985 De
401 2938 528 2983 obitu
559 2938 641 2983 ναι
654 2937 793 2995 singi.

299 2997 374 3044 De
402 2998 641 3043 nativitate
667 2995 937 3051 Liamttrge.

296 3056 553 3124 Quomodo
570 3053 839 3124 Liafburge_
852 3056 914 3102 de
937 3056 1150 3124 periculo
1169 3057 1332 3103 mortis
1350 3059 1515 3116 erepta
1540 3063 1620 3105 sit.

294 3115 373 3162 De
399 3115 640 3162 nativitate
667 3115 715 3162 S.
742 3113 967 3172 Ludgeri.

297 3175 373 3222 De
402 3172 769 3280 lndustriaAeIus.
839 3233 847 3243 ι
1049 3227 1051 3229 ι

298 3236 373 3280 De
407 3234 606 3280 adventu
692 3234 885 3280 uberu.
928 3236 980 3280 et
1022 3246 1050 3280 (ι

298 3236 373 3283 De
407 3234 606 3280 adventu
631 3232 885 3290 Aluberti,
928 3236 980 3282 et
1022 3232 1225 3292 qualiter
1254 3246 1345 3282 una
1390 3246 1497 3282 cum
1542 3232 1769 3294 Ludsero

235 3303 369 3344 trans
406 3304 536 3339 mare
562 3294 722 3341 rediit.
999 3335 1003 3337 _

294 3354 546 3408 Quomodo
569 3352 744 3413 iterum
768 3352 817 3399 S.
842 3348 1092 3411 Ludgerus
1127 3354 1432 3399 transmarina
1457 3357 1615 3413 petiit.

294 3414 547 3470 Quomodo
569 3411 622 3459 S.
648 3413 896 3472 Ludgerus
917 3413 975 3458 ad
1001 3413 1198 3472 patriam
1223 3413 1376 3461 rediit.

294 3472 370 3520 De
400 3472 601 3519 adventu
625 3473 676 3520 8.
705 3469 953 3518 uafuviui.

296 3533 372 3581 De
412 3532 540 3577 obitu
565 3531 612 3577 S.
640 3530 883 3577 Liafuvini.

298 3590 548 3650 Quomodo
569 3589 619 3635 S.
644 3588 894 3650 Ludgerus
915 3590 959 3635 in
986 3588 1146 3650 Fresia
1169 3587 1291 3635 idola
1309 3587 1561 3637 destruxit.

297 3646 372 3699 De
397 3650 699 3708 ordinatione
720 3646 892 3696 Alnrici
914 3657 962 3696 et
980 3650 1033 3698 S.
1056 3646 1283 3708 Ludgeri.
1343 3706 1353 3708 ῃ
1444 3692 1446 3694 τ

298 3707 517 3768 Qualiter
569 3707 620 3755 8.
670 3708 889 3770 Ludgero
931 3706 1253 3768 gubernacula
1310 3706 1519 3767 plebium
1554 3708 1767 3755 revelata

236 3773 351 3820 sint.

298 3827 519 3888 Quali'er
530 3827 587 3888 _S.
608 3826 912 3888 Ludgerusin
926 3824 1132 3888 _EtTresia
1155 3825 1412 3888 docuisset.

298 3880 487 3937 Versus
522 3880 796 3947 Josepb'ad
831 3885 882 3934 S.
924 3884 1099 3933 Lud....
1147 3885 1354 3945 (Canem
1407 3882 1550 3942 huius
1588 3880 1768 3933 inditis

631 4151 987 4208 PROLOGUS
1022 4150 1375 4207 AUCTORIS.

307 4279 360 4332 Ι.
392 4276 647 4332 Altfridus
673 4277 765 4330 Dei
792 4276 959 4345 gratia
998 4277 1272 4344 episcopus
1293 4275 1495 4329 dilectis
1518 4275 1767 4328 fratribus

1871 2566 2063 2642 torium
2090 2567 2143 2619 in
2172 2565 2425 2634 exemplis
2450 2564 2682 2618 Palmm.
2699 2562 2948 2631 Exempla
2970 2564 3129 2617 etiam
3165 2572 3219 2617 et
3246 2576 3399 2620 actus

1870 2654 2049 2706 sancti
2076 2652 2301 2722 Ludgeri
2355 2654 2473 2706 ideo
2513 2652 2664 2721 plene
2701 2652 3147 2718 comprehendere
3175 2668 3394 2720 nequeo,

1868 2742 1988 2810 quia
2018 2757 2120 2793 non
2145 2758 2205 2793 ea
2226 2742 2357 2803 risu,
2384 2741 2473 2792 sed
2496 2741 2675 2792 auditu
2695 2740 2871 2801 didici,
2899 2741 3002 2792 illis
3024 2742 3398 2803 attestantibus,

1868 2829 1957 2896 qui
1982 2827 2043 2879 ab
2071 2827 2290 2895 infantia
2333 2826 2477 2879 illum
2530 2836 2812 2880 noverant.
2851 2826 3159 2895 lli/digrimo
3210 2829 3398 2881 scilicet

1870 2916 2099 2983 episcopo
2124 2972 2131 2979 ί
2140 2915 2299 2981 fratre
2325 2916 2453 2982 ejus,
2477 2925 2522 2967 et
2546 2912 2787 2981 Gerfrido
2810 2917 3036 2983 episcopo
3066 2926 3239 2985 nepote
3263 2922 3399 2986 ejus,

1794 3011 1838 3069 ε
1867 3002 1956 3053 sed
1982 3010 2027 3052 et
2060 3000 2435 3054 sanctimoniali
2474 3001 2664 3066 femina
2700 3000 2970 3069 Herburga
2997 3018 3240 3070 germana
3263 3004 3397 3072 ejus,

1869 3105 1965 3143 nec
1996 3104 2097 3142 non
2123 3098 2177 3142 et
2198 3089 2583 3143 venerabilibus
2617 3088 2728 3156 ejus
2764 3092 3082 3159 presbyteris
3105 3091 3356 3146 Aluberto
3380 3132 3396 3156 ,

1868 3180 2062 3248 Atingo
2091 3188 2143 3232 et
2172 3178 2499 3233 Thiatbaldo.
2526 3176 2823 3242 Virtutibus
2851 3174 3015 3247 igitur
3042 3178 3216 3233 multis
3240 3188 3397 3246 atque

1868 3272 2055 3338 signis,
2084 3285 2200 3337 quae
2222 3284 2317 3337 per
2337 3269 2478 3321 illum
2504 3263 2767 3323 Dominus
2783 3278 3029 3337 operatus
3058 3277 3156 3322 est.
3183 3283 3276 3337 per
3302 3282 3397 3321 ne-

1867 3361 2166 3430 gligentiam
2192 3358 2576 3427 praetermissis,
2606 3373 2668 3411 ea
2703 3358 2812 3411 sola
2837 3358 2956 3411 huic
2977 3358 3149 3412 libello
3176 3357 3391 3411 inscribi

1866 3448 1963 3501 feci
1989 3487 2005 3511 ,
2050 3461 2167 3513 quae
2193 3460 2295 3499 una
2320 3447 2588 3500 vobiscum
2631 3453 2720 3498 aut
2746 3446 2863 3499 visu
2891 3446 3207 3515 deprehendi
3235 3483 3252 3511 ,
3301 3456 3396 3499 aut

1864 3535 2002 3590 facta
2033 3543 2176 3589 certe
2202 3535 2440 3602 cognovi.

2268 3677 2652 3753 INCIPIT
2706 3678 2971 3753 VITA.

1930 3825 1982 3878 2.
2020 3827 2191 3880 Vitam
2228 3826 2393 3879 sancti
2435 3826 2662 3895 Ludgerj
2692 3826 3000 3893 scripturus,
3049 3834 3219 3877 ratum
3266 3826 3391 3879 duxi

1863 3912 2020 3965 altius
2047 3912 2375 3978 repetendam
2394 3950 2408 3974 ,
2445 3920 2501 3963 ut
2528 3913 2718 3978 quibus
2766 3913 2817 3963 in
2860 3911 2958 3964 hoc
2985 3910 3172 3963 saeculo
3196 3912 3265 3963 sit
3289 3927 3385 3978 pa-

1864 4002 2101 4054 rentibus
2147 4000 2350 4063 editus,
2383 4001 2636 4053 evolvam.
2686 4000 2805 4054 Fuit
2852 4000 2903 4053 in
2932 4000 3112 4053 diebus
3154 4000 3390 4055 Radbodi

1865 4089 2003 4155 regis
2026 4086 2345 4140 Fredsonum
2368 4089 2447 4140 vir
2468 4089 2680 4155 quidam
2706 4088 2896 4141 nolilis
2925 4088 2973 4139 in
3000 4102 3059 4141 ea
3080 4095 3232 4155 gente
3262 4089 3392 4140 νυτ-

1864 4177 2043 4243 singus
2086 4176 2296 4227 nomine
2319 4213 2333 4237 ,
2382 4184 2727 4242 cognomento
2756 4173 2898 4236 Ado;
2931 4174 3020 4240 qui
3058 4174 3296 4240 quamvis
3326 4173 3389 4226 ii:-

1863 4262 1982 4314 dem
2031 4270 2225 4315 sancta:
2252 4262 2523 4314 Trinitatis
2553 4261 2780 4314 nondum
2809 4261 3005 4326 sciret,
3054 4268 3169 4313 erat
3218 4268 3390 4314 tamen

237 4375 291 4421 et
336 4365 612 4419 monachis
653 4365 706 4417 in
753 4342 992 4418 cdenobio
1018 4342 1073 4417 S.
1115 4342 1401 4417 salvatoris
1430 4373 1483 4417 et
1510 4362 1565 4416 S.
1596 4364 1767 4415 Patris

1867 4349 2074 4416 adjutor
2098 4364 2402 4418 pauperum,
2431 4349 2678 4403 defensor
2697 4364 3086 4419 oppressorum,
3116 4349 3165 4401 in
3188 4349 3391 4415 judicio

236 4442 467 4524 Ludgeri
494 4455 716 4509 Domino
742 4454 1085 4509 servientibus
1112 4454 1161 4519 in
1184 4454 1407 4507 Christo.

308 4540 557 4594 Petitioni
580 4540 982 4592 vestrmidcirco
1020 4554 1333 4592 consensum
1371 4539 1566 4607 praebui
1594 4578 1608 4601 ,
1647 4539 1768 4605 quia

238 4629 388 4683 chari
398 4629 487 4682 tati
510 4636 697 4682 vestra:
711 4628 837 4680 nihil
852 4629 1106 4695 denegare
1118 4629 1281 4693 potui.
1295 4627 1600 4680 Postulastis
1613 4628 1770 4694 igitur

238 4717 447 4771 crebris
488 4715 763 4793 precibus,
809 4723 869 4768 ut
912 4715 975 4768 de
1002 4715 1118 4768 Vita
1147 4716 1203 4767 S.
1231 4715 1403 4768 Patris
1433 4715 1653 4783 Ludgeri
1677 4714 1768 4766 ali-

218 4806 366 4872 quid
404 4803 636 4859 scribere
662 4804 924 4858 studerem
952 4844 965 4867 ,
1012 4812 1269 4871 quatenus
1318 4794 1427 4855 tam
1473 4804 1765 4857 veneranda

238 4891 384 4945 illius
417 4890 655 4958 exempla
696 4890 872 4945 multis
912 4892 977 4945 ad
1006 4891 1400 4945 ardiiicationem
1432 4890 1763 4957 proficerent.

238 4980 319 5034 Ad
341 4979 483 5048 quod
507 4980 793 5034 studiosum
821 4994 951 5048 opus
992 4982 1340 5049 peragendum
1367 5019 1381 5043 ,
1408 4981 1645 5047 quamvis
1670 4982 1767 5032 im-

238 5083 424 5137 parem
454 5083 535 5121 me
570 5078 786 5137 esse,,et
809 5070 1026 5122 scientia
1055 5058 1106 5123 et
1130 5072 1364 5123 doctrina
1402 5071 1621 5124 debilem
1660 5072 1765 5123 sci-

154 5162 158 5167 ’
240 5172 351 5212 rem
378 5195 395 5220 ,
442 5167 614 5210 tamen
663 5157 917 5211 cbaritate
944 5166 1159 5226 cogente
1190 5168 1254 5210 aa
1284 5158 1409 5211 illud
1436 5159 1765 5211 scribendum

241 5247 476 5300 animum
504 5246 702 5313 appuli,
728 5246 848 5313 quia
878 5244 1025 5298 nefas
1051 5246 1296 5313 putabam
1327 5245 1455 5298 tanti
1480 5246 1577 5297 viri
1605 5246 1767 5299 latere

241 5334 485 5386 virtutes.
516 5331 646 5386 Cum
678 5334 818 5386 beati
844 5332 1077 5402 Gregorii
1114 5334 1177 5385 ad
1209 5334 1592 5402 indagationem
1630 5334 1765 5387 sacri

244 5418 394 5474 verbi
440 5433 600 5473 sonus
638 5420 777 5473 dicat
805 5436 818 5471 :
858 5419 990 5472 Sunt
1014 5420 1261 5479 nonnulli,
1290 5435 1421 5487 quos
1443 5420 1505 5473 ad
1534 5435 1764 5473 amorem

242 5508 473 5563 caelestis
499 5507 679 5574 patria:
709 5508 827 5575 plus
875 5508 1111 5575 exempla
1154 5522 1308 5575 quam
1366 5508 1764 5574 praedicamenta

246 5597 545 5652 incendunt.
580 5595 664 5648 Fit
697 5612 819 5650 vero
861 5595 1163 5663 plerumque
1197 5597 1369 5650 animo
1408 5596 1594 5663 duplex
1621 5594 1765 5661 adju-

1865 4456 2072 4508 quoque
2094 4440 2285 4506 justus.
2313 4440 2378 4492 Et
2407 4441 2527 4507 quia
2551 4454 2676 4506 gens
2705 4438 2791 4491 illa
2826 4452 2889 4491 eo
2910 4504 2913 4513 Δ
2936 4447 3166 4505 tempore
3212 4439 3263 4490 in
3303 4452 3390 4491 er-

1866 4544 1985 4583 rore
2015 4528 2336 4581 inﬁdelitatis
2362 4535 2475 4579 erat
2500 4537 2779 4589 excaecata,
2823 4526 2973 4579 multi
3007 4526 3170 4578 multa
3200 4524 3388 4591 iniusta

1866 4631 1895 4668 a
1919 4631 2040 4682 rege
2062 4623 2113 4666 et
2135 4616 2199 4665 ab
2220 4612 2332 4678 ejus
2368 4613 2621 4667 ministris
2657 4621 2776 4665 sunt
2798 4612 3048 4679 perpessi.
3076 4611 3221 4663 Alios
3247 4613 3388 4663 enim

1864 4719 1956 4756 rex
1985 4704 2117 4755 idem
2143 4702 2435 4754 insidiando
2460 4707 2759 4761 necaverat,
2774 4708 2825 4751 et
2849 4698 3183 4751 hatredilates
3204 4712 3389 4750 eorum

1863 4791 2165 4861 possidebat
2192 4831 2205 4854 ,
2254 4798 2306 4843 et
2348 4790 2685 4842 nihilominus
2711 4788 2811 4842 sibi
2852 4787 3182 4841 baereditates
3208 4802 3389 4840 eorum

1862 4880 2179 4953 vindicabat.
2220 4877 2320 4931 Sed
2346 4877 2426 4929 vir
2446 4877 2689 4946 praefatus
2710 4892 2767 4931 se
2792 4876 3005 4953 minime
3037 4874 3349 4928 subtrahens
3370 4912 3386 4937 ,

1863 4948 2439 5038 quoniirtus'veritatem
2468 4981 2643 5021 coram
2682 4979 2803 5029 rege
2830 4948 2884 5017 et
2921 4964 3033 5032 ejus
3066 4964 3388 5032 principibus

1864 5060 2185 5121 defenderet,
2211 5057 2401 5109 nullius
2432 5069 2708 5125 personam
2736 5055 2787 5106 in
2809 5052 3090 5119 iudicando
3124 5050 3265 5117 juste
3286 5089 3301 5113 ,
3333 5057 3387 5102 et

1863 5148 2223 5216 amplectendo
2266 5148 2539 5200 veritatem
2576 5146 2908 5213 respiciebat.
2938 5142 3045 5207 Qua
3075 5142 3139 5195 de
3173 5154 3230 5193 re
3262 5155 3387 5193 con-

1862 5239 2002 5308 tigit,
2023 5248 2080 5291 ut
2101 5244 2317 5306 magnas
2342 5253 2370 5289 a
2399 5250 2519 5304 rege
2541 5234 2737 5288 crudeli
2763 5234 2979 5286 insidias
3002 5238 3288 5297 pateretur,
3312 5232 3383 5282 ita

1862 5338 1923 5383 ut
1963 5329 2173 5396 juberet
2220 5330 2363 5381 illum
2410 5328 2593 5381 callide
2622 5324 2864 5385 interﬁci,
2888 5332 2941 5376 et
2967 5322 3237 5375 facultates
3264 5335 3387 5373 suas

1863 5422 1991 5474 tolli.
2024 5421 2172 5485 Quod
2213 5418 2400 5471 lethale
2426 5418 2699 5472 consilium
2746 5415 2817 5467 illi
2852 5414 3097 5468 continuo
3143 5422 3276 5463 unus
3319 5423 3382 5460 ex

1862 5508 2173 5563 consiliariis
2214 5507 2351 5575 regis
2384 5508 2623 5560 nuntiare
2666 5504 2899 5575 curavit,
2940 5518 3003 5556 eo
3044 5500 3180 5569 quod
3206 5513 3236 5552 a
3273 5496 3387 5569 plu-

1865 5600 2008 5675 ribus
2035 5598 2368 5666 diligeretur.
